3812 6338
429 342 502 399 79

1381 328 1729 394 "VE’I‘EIlUM
1769 326 2186 390 TES‘I‘IMUNIA
2220 328 2361 387 PRO
2398 326 2709 389 EUSEBIO.

3589 330 3658 389 80

430 471 646 532 ptorum
698 457 801 512 lide
847 455 1201 527 dignissimus
1250 453 1517 509 Eusebius
1582 452 1870 524 Pamphili,
1898 451 1992 523 qui

2109 451 2202 504 τῶν
2224 450 2465 523 ἀρχαίων
2488 448 2952 521 ὲκκλησιαστικῶν
2980 448 3339 518 συγγραφέων
3361 447 3663 513 ἀξιοπιστό-

432 546 848 623 quamplurimis
882 553 1177 617 martyrum
1228 544 1621 600 certaminibus
1673 542 1997 613 conquisitis

434 651 597 714 atque
623 640 983 711 investigatis,
1013 652 1078 692 ex
1110 637 1178 692 iis
1207 653 1328 709 qum
1353 636 1587 708 simplici
1615 650 1679 691 ac
1703 636 1824 690 rudi
1854 635 2003 706 stylo’

434 736 638 805 scripta
667 733 881 788 fuerant
924 732 1130 804 eligens
1164 743 1326 804 atque
1372 744 1692 799 excerpens,
1729 726 1995 781 Ecclesia-

431 825 619 880 sticam
672 822 950 875 historiam
1003 823 1189 877 decem
1250 819 1475 875 omnino
1540 816 1695 872 libris
1744 823 1998 872 accurate

431 910 797 983 conscriptam
855 911 1011 965 nobis
1048 909 1291 980 reliquit,
1340 908 1606 978 incipiens
1659 906 1875 977 quidem
1928 905 1996 959 ab

432 1005 667 1061 adventu
700 1002 934 1066 Domini,
975 1016 1299 1074 progressus
1344 1014 1493 1056 vero.
1520 999 1590 1055 ad
1630 1012 1695 1053 ea
1735 1012 1857 1068 quae
1884 996 1996 1053 dixi

430 1103 703 1168 tempora,
732 1111 843 1151 non
873 1095 990 1149 sine
1037 1093 1243 1165 ingenti
1288 1092 1493 1148 labore.
1540 1089 1824 1156 Quomodo
1852 1088 1996 1143 enim

434 1191 590 1248 aliter
617 1190 732 1246 fieri
765 1188 939 1261 potuit
965 1187 1034 1242 ab
1063 1201 1150 1251 eo,
1181 1185 1274 1256 qui
1319 1192 1526 1239 tantam
1576 1197 1763 1238 curam
1809 1196 1999 1237 susce-

432 1286 534 1357 pit,
583 1290 643 1338 ut
690 1279 1005 1351 hujusmodi
1055 1276 1396 1333 collectionis
1443 1274 1782 1330 harmoniam
1836 1272 1997 1329 nobis

432 1371 822 1432 conservaret?
866 1373 977 1427 imo
1015 1385 1146 1426 vero
1173 1382 1467 1431 summum,
1489 1367 1701 1430 utdixi,
1734 1366 1994 1433 studium,

431 1475 488 1525 et
507 1465 876 1523 incredibilem
908 1461 1112 1518 laboris
1142 1459 1351 1529 00piam
1376 1458 1443 1515 ad
1473 1458 1529 1513 id
1555 1459 1804 1514 contulit.
1829 1457 1998 1518 Nemo

430 1573 596 1629 porro
622 1555 895 1613 existimet
931 1568 995 1608 ex
1024 1551 1094 1608 iis
1123 1564 1244 1621 quae
1288 1548 1357 1604 de
1384 1549 1478 1603 illo
1515 1549 1993 1612 circumferuntur,

433 1652 612 1705 virum
636 1649 782 1703 hunc
813 1647 867 1701 in
896 1644 1013 1698 Arii
1056 1641 1387 1712 impietatem
1420 1655 1659 1711 unquam
1689 1639 1997 1696 concessis-

434 1757 496 1799 se
528 1760 543 1797 :
580 1741 675 1796 sed
710 1737 916 1801 credat,
949 1735 997 1791 si
1045 1732 1314 1804 quapiam
1356 1731 1582 1803 protulit
1622 1739 1717 1787 aut
1749 1731 1991 1802 scripsit,

432 1798 555 1893 Arii,
582 1834 780 1904 dogma
807 1798 1082 1886 tantillum
1110 1798 1435 1889 subolentia,
1470 1839 1533 1880 ea
1570 1839 1681 1878 non
1709 1839 1774 1880 ex
1824 1798 1992 1894 impio
2026 1798 2070 1856 Β

433 1926 581 1981 illius
617 1939 782 1980 sensu
816 1921 1110 1993 protulisse
1144 1932 1382 1990 unquam
1421 1923 1514 1970 aut
1549 1913 1861 1984 scripsisse,
1894 1914 1991 1969 sed

432 2031 499 2072 ex
527 2015 712 2071 minus
743 2012 961 2068 curiosa
991 2025 1293 2083 parumque
1337 2006 1571 2062 sollicita
1620 2004 1991 2076 simplicitate,

435 2114 496 2161 ut
528 2106 646 2177 ipse
687 2106 743 2159 in
778 2104 917 2159 libro
960 2102 1292 2175 Apologetico
1332 2115 1491 2171 quem
1541 2096 1611 2152 ad
1656 2096 1993 2155 orthodoxos
2070 2132 2071 2135 η

433 2213 625 2255 omnes
647 2197 934 2267 episcopos
967 2194 1151 2260 misit,
1186 2192 1399 2265 plenius
1430 2188 1771 2263 approbavit.

2098 562 2256 610 τατος
2303 545 2556 609 Εὐσέϐιος
2597 546 2628 597 6
2678 544 2771 598 τοῦ
2818 543 3125 615 Παμφίλου,
3185 542 3468 606 πλείστους
3508 544 3664 609 ὅσους

2100 637 2315 706 ἀγῶνας
2344 637 2566 709 θέμενος
2592 637 2689 690 καὶ
2713 636 3212 708 διερευνησάμενος,
3254 636 3319 689 ὲκ
3343 634 3451 688 τῶν
3479 635 3665 699 ἁπλῶς

2098 730 2329 802 ἐχόντων
2357 730 2455 802 τὴν
2493 727 2758 800 ἀναλογὴν
2807 729 3190 800 ποιησάμενος,
3228 728 3289 782 ὲν
3320 727 3451 781 δέκα
3478 728 3666 799 τόμοις

2099 821 2238 885 ὅλοις
2260 821 2327 875 τὰ
2340 824 2438 893 τῆς
2453 819 2990 889 Ἐκκλησιαστικῆς
3001 820 3134 892 ἡμῖν
3147 824 3411 893 ἱστορίας
3426 819 3669 890 ἀκριϐῶς

2099 913 2519 968 καταλέλοιπεν·
2561 911 2863 984 ἀρξάμενος
2900 911 2997 982 μὲν
3037 910 3147 965 ἀπὸ
3184 910 3286 981 τῆς
3327 910 3423 965 τοῦ
3460 911 3668 982 Κυρίου

2100 1006 2422 1081 παρουσίας,
2448 1002 2739 1076 πληρώσας
2764 1002 2819 1057 δὲ
2844 1004 2924 1067 είς
2949 1001 3135 1059 τούσδε
3167 1002 3294 1068 τοὺς
3317 1002 3542 1075 χρόνους
3566 1004 3671 1058 οὐκ

2097 1098 2336 1163 ἀπόνωςο
2370 1098 2488 1161 πῶς
2517 1097 2626 1168 γὰρ
2649 1092 2763 1150 οἷόν
2790 1112 2853 1148 τε
2874 1090 2948 1166 ἦν
2976 1094 3241 1168 τοσαύτην
3275 1095 3673 1167 ἀναδεξάμενον
3710 1129 3714 1132 ~

2098 1187 2354 1258 φροντίδα
2382 1186 2475 1241 τοῦ
2502 1183 2868 1241 διασώσασθαι
2894 1184 2992 1255 τῆς
3030 1184 3242 1240 τοιᾶσδε
3274 1184 3535 1258 συλλογῆς
3571 1184 3675 1256 τὴν

2099 1278 2399 1353 ἁρμονίαν;
2436 1277 2551 1333 ἀλλ’
2586 1277 2662 1342 ὡς
2692 1277 2893 1349 ἀρτίως
2930 1276 3085 1348 ἔφην,
3127 1275 3324 1350 πολλὴν
3355 1278 3673 1347 είσενεγκά-

2102 1386 2262 1441 μενος
2286 1368 2385 1441 τὴν
2408 1369 2644 1441 σπουδὴν
2672 1371 2766 1423 καὶ
2799 1368 3026 1423 πλοῦτον
3054 1369 3257 1437 ἄφατον
3284 1369 3465 1424 πόνου.
3508 1369 3675 1423 Ἀλλά

2100 1461 2289 1533 μηδεὶς
2302 1460 2498 1515 οίέσθω
2521 1461 2611 1515 τὸν
2636 1461 2805 1533 ἄνδρα
2828 1462 2893 1517 ὲκ
2910 1459 3018 1514 τῶν
3044 1449 3169 1533 περὶ
3197 1462 3361 1516 αὐτοῦ
3394 1465 3675 1536 ἐπιπεφη-

2101 1553 2398 1625 μισμένων,
2442 1553 2519 1617 ὡς
2556 1554 2654 1625 τῆς
2690 1555 2895 1626 Ἀρείου
2937 1553 3280 1625 βλασφημίας
3306 1558 3435 1610 ποτέ
3466 1574 3521 1611 τι
3571 1574 3675 1610 πε-

2098 1644 2358 1716 φρονήκει
2376 1660 2391 1674 ο
2418 1643 2554 1698 άλλά
2571 1644 2865 1710 πεπείσθω,
2889 1647 2964 1710 ὡς
2978 1649 3027 1702 εί
3052 1648 3146 1702 καί
3171 1649 3271 1703 τιν’
3296 1648 3362 1702 ἂν
3384 1634 3678 1721 ἐλάλησεν,

2099 1734 2132 1807 ἢ
2164 1733 2368 1806 ἔγραψε
2401 1734 2593 1807 μικρόν
2621 1753 2673 1790 τι
2703 1736 2772 1814 τὰ
2809 1737 3014 1810 Ἀρείου
3048 1738 3439 1810 ὐπονοούμενα,
3465 1740 3528 1793 οὐ
3566 1742 3680 1813 μὴν

2097 1827 2238 1881 κατὰ
2264 1827 2364 1900 τὴν
2394 1828 2567 1900 ἀσεϐῆ
2609 1830 2814 1883 ἐκείνου
2844 1830 3069 1895 ἔννοιαν,
3098 1831 3212 1884 ἀλλ’
3251 1831 3309 1900 ἐξ
3338 1816 3679 1905 ἀπεριέργου

2099 1917 2420 1989 ἁπλότητος,
2448 1918 2630 1983 καθὼς
2672 1920 2766 1973 καὶ
2806 1920 2967 1984 αὐτὸς
3004 1922 3059 1974 έν
3104 1920 3182 1991 τῷ
3221 1921 3678 1993 Ἀπολογητικῷ,

2100 2001 2145 2076 ᾧ
2166 2009 2500 2081 διεπέμψατο
2528 2010 2662 2083 πρὸς
2692 2012 2752 2065 τὸ
2780 2011 2887 2065 τῶν
2907 2012 3200 2083 ὁρθοδὸξων
3224 2014 3539 2069 ἐπισκόπων
3561 2031 3683 2069 κοι-

2102 2101 2225 2167 νὸν,
2240 2101 2653 2175 μαρτυράμενος
2682 2101 2855 2159 ταῦτα
2877 2103 3303 2178 ὲπληροφόρησε.

1470 2328 1669 2383 Auctor
1698 2324 1955 2383 Chronic!
1983 2324 2357 2390 Alexandrini,
2385 2339 2507 2397 pag.
2540 2325 2664 2381 582.

505 2464 774 2521 Eusebius
800 2479 929 2520 vero
953 2461 1221 2533 Pamphili
1266 2470 1321 2516 et
1365 2461 1483 2532 ipse
1535 2458 1997 2529 prudentissimus

432 2557 667 2628 scriptor
692 2557 747 2611 in
788 2556 931 2610 hunc
987 2554 1207 2608 modum
1244 2559 1431 2607 narrat
1469 2550 1781 2618 :Quoniam
1823 2549 1994 2605 Judaai

404 2644 710 2703 Christum
761 2644 849 2703 die
904 2644 1043 2701 festo
1094 2643 1148 2697 in
1198 2657 1415 2699 crucem
1461 2648 1721 2714 egerunt,
1753 2641 1992 2696 vicissim

404 2740 407 2745 '
435 2736 540 2809 ipsi
565 2737 752 2794 eodem
778 2737 864 2793 die
884 2735 1111 2808 periere.

2182 2457 2240 2512 '0
2282 2458 2341 2511 δὲ
2377 2457 2684 2529 σοφώτατος
2718 2459 2972 2523 Εὐσέϐιος
3009 2463 3038 2514 6
3078 2460 3362 2531 Παμφίλου
3408 2460 3689 2537 συνεγράο

2100 2549 2238 2620 ψατο
2263 2549 2436 2615 οὕτως
2455 2568 2468 2581 ·
2496 2552 2616 2604 Ὅτι
2645 2552 2702 2605 ὲν
2729 2553 2794 2622 τῇ
2829 2552 2988 2623 ἑορτῇ
3019 2551 3109 2606 τὸν
3142 2552 3376 2625 Χριστὸν
3399 2554 3693 2629 ἐσταύρω-

2102 2659 2200 2697 σαν
2248 2642 2296 2695 oi
2341 2638 2599 2707 Ἰουδαῖοι,
2644 2642 2701 2694 έν
2741 2642 2806 2713 τῇ
2854 2640 3032 2696 αὐτῶν
3093 2642 3250 2715 ἑορτῇ
3302 2643 3508 2708 πάντες
3573 2648 3692 2700 ἀπ-

2095 2733 2309 2789 ώλοντο.

1426 2869 1755 2941 Nicephorus
1783 2870 1837 2923 in
1866 2867 2000 2925 libro
2031 2884 2081 2924 vl
2130 2869 2403 2940 Historia,
2422 2826 2561 2944 cap.
2585 2873 2674 2931 57.

505 3010 704 3066 Eodem
733 3017 998 3080 tempore,
1022 3008 1326 3065 eruditione
1341 3009 1497 3077 juxta
1524 3015 1579 3064 et
1600 3008 1723 3062 vita:
1747 3008 1997 3064 instituto

2186 3012 2300 3082 Ἐφ’
2324 3004 2385 3066 οὗ
2410 3012 2551 3084 λόγῳ
2582 3012 2676 3067 καὶ
2706 3011 2976 3084 φιλοσόφῳ
3014 3010 3114 3085 βίῳ
3150 3011 3440 3077 διαζῶντα,
3464 3015 3568 3068 καὶ
3590 3015 3699 3069 τοῦ

435 3099 819 3173 philosophum
861 3096 1256 3165 Christianum,
1286 3107 1341 3153 et
1390 3097 1693 3169 presbyteri
1735 3098 1999 3169 dignitate

2109 3104 2289 3158 αὐτόθι
2343 3104 2633 3175 πρεσϐείου
2684 3103 3007 3176 ἠξιωμένον,
3059 3104 3148 3158 τὸν
3204 3104 3345 3158 θεῖον
3393 3105 3706 3177 Πάμφιλον

437 3198 678 3256 auctum,
708 3190 950 3246 divinum
979 3188 1320 3260 Pamphilum
1348 3188 1596 3244 floruisse
1638 3189 1861 3246 scimus.
1891 3190 2004 3245 Cu-

430 3283 524 3354 jus
546 3285 714 3339 vitam
740 3289 794 3339 et
823 3289 979 3338 actus
1006 3296 1217 3346 omnes,
1248 3282 1516 3336 celebrem
1541 3281 1705 3337 etiam
1736 3296 1898 3352 quam
1926 3282 2001 3337 ibi

432 3375 674 3432 instituit
710 3372 953 3447 profana:
993 3373 1299 3444 divinaeque
1345 3372 1700 3444 philosophiae
1734 3373 1999 3440 scholam,

434 3477 696 3539 praeterea
748 3472 1091 3521 constantem
1172 3465 1228 3520 in
1294 3465 1459 3522 variis
1527 3465 2003 3536 persecutionibus

436 3557 864 3622 confessionem,
894 3563 948 3611 et
982 3558 1283 3612 certamina
1310 3556 1696 3628 egregiumque
1720 3572 1819 3627 pro
1844 3557 2003 3613 Chri-

435 3650 509 3706 sti
536 3649 757 3706 nomine
785 3650 1128 3722 martyrium,
1151 3648 1420 3707 Eusebius
1446 3652 1651 3707 sororis
1679 3650 1799 3720 ejus
1836 3650 2000 3715 illius,

434 3740 725 3814 eidemque
769 3741 911 3798 adeo
941 3741 1147 3797 charus
1173 3749 1234 3797 ut
1254 3742 1325 3798 ab
1346 3757 1415 3798 eo
1438 3754 1740 3814 cognomen
1771 3756 2009 3819 accepe-_

435 3832 531 3899 rit,
568 3831 830 3903 peculiari
878 3832 1086 3902 scripto
1131 3832 1353 3902 copiose
1390 3838 1476 3887 est
1525 3836 1855 3901 prosecutus
1888 3847 1903 3883 :
1935 3828 2003 3884 ad

436 3939 600 3997 quem
632 3940 727 3981 eos
746 3923 841 3995 qui
872 3923 1185 3979 accuratius
1210 3923 1325 3979 haec
1348 3937 1685 3995 cognoscere
1708 3921 2001 3988 voluerint,

434 4014 741 4084 rejicimus.
792 4012 1064 4069 Eusebius
1108 4013 1212 4070 iste
1254 4012 1561 4083 disciplinis
1589 4012 1843 4068 omnibus
1877 4024 2006 4080 per-

437 4106 634 4177 ceptis,
669 4120 947 4162 sacrarum
991 4106 1224 4160 maxime
1255 4106 1557 4160 litterarum
1611 4104 1838 4160 scientia
1885 4102 2005 4159 eni-

437 4199 566 4263 tuit,
599 4206 654 4253 et
680 4197 748 4252 ad
777 4196 1080 4254 Constantii
1115 4213 1291 4268 usque
1320 4204 1565 4269 tempora
1597 4196 1750 4253 vixit.
1783 4195 1850 4251 Et
1878 4210 2003 4251 cum

437 4289 764 4347 Christiana:
792 4288 1153 4361 professionis
1180 4289 1623 4347 studiosissimus
1651 4298 1817 4351 esset,
1849 4303 2006 4360 egre-

437 4383 691 4454 giamque
713 4397 813 4453 pro
839 4380 1043 4439 Christi
1079 4382 1287 4438 honore
1317 4382 1717 4438 aemulationem
1743 4378 2001 4450 spiraret,

2103 3194 2376 3268 ἔγνωμεν·
2415 3189 2476 3250 οὗ
2500 3194 2589 3249 τὸν
2624 3188 2737 3267 βίον
2764 3198 2859 3251 καὶ
2894 3195 2966 3251 τὰ
2997 3196 3118 3250 καθ’
3140 3197 3369 3251 ἕκαστον
3393 3196 3553 3269 αὐτῷ
3588 3216 3702 3253 πε-

2103 3288 2412 3359 πραγμένα,
2453 3288 2534 3341 έτι
2570 3288 2627 3342 δὲ
2670 3289 2766 3343 καὶ
2814 3289 2942 3360 περὶ
2980 3284 3050 3360 ἧς
3095 3290 3456 3362 συνεστήσατο
3502 3292 3705 3345 ὲκεῐσε

2101 3379 2276 3450 λόγων
2306 3379 2465 3434 θείων
2499 3380 2595 3435 καὶ
2628 3380 2931 3451 φιλοσόφων
2963 3379 3269 3452 διατριϐῆς,
3294 3381 3433 3452 πρὸς
3465 3370 3539 3453 δὴ
3566 3382 3710 3436 τού-

2101 3488 2217 3536 τοις
2258 3471 2351 3525 καὶ
2406 3470 2506 3542 τὴν
2558 3471 2698 3542 ὑπὲρ
2743 3471 3022 3535 εὐσεϐείας
3072 3472 3262 3525 τούτου
3307 3474 3365 3525 έν
3402 3472 3715 3547 διαφόροις

2102 3563 2360 3634 διωγμοῖς
2390 3562 2705 3634 ὁμολογίαν·
2742 3562 2869 3629 τούς
2915 3582 2974 3618 τε
3017 3562 3236 3635 ἀγῶνας
3276 3564 3462 3629 αὐτοῦ,
3500 3566 3608 3619 καὶ
3642 3565 3714 3620 τὺ

2103 3656 2409 3710 τελευταῖον
2445 3656 2521 3720 ὡς
2551 3656 2642 3709 τὸν
2682 3656 2776 3711 τοῦ
2810 3657 3105 3729 μαρτυρίου
3147 3656 3443 3728 ἀνεδήσατο
3479 3658 3716 3727 στέφα-

2104 3762 2212 3811 νον,
2266 3744 2526 3810 Εὐσέϐιος
2570 3747 2600 3798 6
2643 3745 2833 3799 τούτου
2888 3745 3220 3815 ἀδελφιδοῦς,
3275 3746 3369 3799 καὶ
3428 3746 3717 3801 τοσοῦτον

2105 3833 2297 3904 ἐκείνῳ
2329 3832 2668 3905 φιλούμενος,
2708 3834 2786 3899 ὡς
2822 3835 2918 3889 καὶ
2952 3834 3051 3907 τὴν
3088 3834 3294 3889 ἐκείνου
3334 3835 3535 3907 κλῆσιν
3569 3838 3719 3891 ἐπί-

2107 3924 2258 3979 θετον
2280 3926 2445 3995 σχεῖν,
2475 3927 2553 3989 είς
2574 3924 2766 3978 λεπτὸν
2783 3926 2842 3979 ὲν
2870 3926 2984 3997 ἰδίῳ
3004 3926 3339 3998 συντάγματι
3363 3927 3719 3999 περιέλαϐε·

2106 4016 2201 4070 καὶ
2235 4018 2361 4081 τοὺς
2405 4016 2647 4090 ἀκριϐῶς
2687 4017 3039 4090 βουλομένους
3084 4018 3152 4073 τὰ
3198 4020 3409 4074 ἐκείνου
3459 4022 3724 4087 εἰδέναι,

2104 4106 2252 4178 αὐτῷ
2279 4106 2737 4179 παραπέμπομεν.
2771 4110 2865 4172 Ὃς
2889 4109 3021 4181 δῆτα
3054 4111 3309 4176 Εὐσέϐιος
3337 4111 3428 4166 διὰ
3465 4115 3728 4172 πάντων

2104 4195 2296 4262 ἐλθὼν,
2334 4196 2564 4269 μάλιστα
2594 4202 2660 4270 τῇ
2705 4198 2927 4270 περὶτὰ
2958 4199 3074 4254 θεῖα
3114 4202 3314 4273 σπουδῇ
3356 4204 3726 4276 ὲνακμάζει.

2110 4289 2272 4359 ’Ἄχρι
2300 4288 2357 4341 δὲ
2392 4290 2486 4344 καὶ
2514 4289 2890 4344 Κωνσταντίου
2919 4290 3011 4345 τὸν
3041 4293 3139 4363 τῆς
3166 4292 3312 4364 ζωῆς
3344 4297 3730 4366 παρείλκυσε

2104 4379 2316 4451 χρόνον.
2348 4381 2674 4452 Χριστιανὸς
2704 4382 2762 4435 δὲ
2784 4381 2853 4436 τὰ
2878 4382 3109 4455 μάλιστα
3146 4382 3242 4449 ὢν,
3275 4385 3367 4439 καὶ
3395 4387 3590 4445 πολὺν
3624 4393 3734 4447 ’τὸν

435 4472 747 4545 quindecim
774 4474 934 4530 tomis
951 4472 1322 4544 Evangelicam
1350 4472 1810 4542 praeparationem,
1829 4476 1883 4524 et
1911 4468 2000 4524 de-

2111 4466 2271 4538 ζῆλον
2304 4468 2444 4541 ὑπὲρ
2469 4468 2706 4542 Χριστοῦ
2733 4471 2929 4536 πνέων,
2960 4472 3017 4526 ὲν
3059 4472 3354 4526 δεκαπέντε
3376 4474 3591 4546 τόμοις
3614 4481 3737 4553 τὴν

435 4580 555 4622 cem
587 4566 709 4623 aliis
740 4565 1110 4639 Evangelicam
1163 4566 1666 4621 demonstrationem
1720 4568 1804 4618 est
1848 4577 2002 4617 com-

436 4658 649 4733 plexus.
679 4656 745 4710 Et
772 4658 981 4728 primus
1012 4657 1129 4728 ipse
1154 4672 1375 4728 manum
1406 4654 1661 4727 praesenti
1684 4659 2006 4723 argumento

436 4749 698 4813 admovit,
713 4749 1031 4820 primusque
1060 4749 1227 4803 libros
1258 4762 1354 4803 eos
1384 4744 1817 4801 Ecclesiasticam
1839 4742 2006 4796 histo~

436 4843 576 4895 riam
603 4841 911 4912 appellavit,
947 4841 1243 4910 decemque
1265 4853 1385 4893 eam
1431 4836 1596 4891 tomis
1627 4834 1880 4891 absolvit.
1909 4834 2006 4888 Est

437 4937 493 4984 et
529 4930 676 4985 aliud
714 4929 834 5000 ejus
878 4931 1154 4994 volumen,
1203 4929 1257 4983 in
1295 4943 1403 4997 quo
1447 4934 1753 4995 temporum
1803 4933 2005 4980 certam

439 5032 858 5094 accuratamque
881 5024 1146 5077 rationem
1186 5018 1435 5090 digessit,
1468 5018 1522 5072 et
1538 5031 1697 5085 quem
1737 5014 2005 5070 Cononem

437 5113 749 5183 appellavit.
781 5111 1014 5183 Scripsit
1043 5124 1260 5181 quoque
1293 5108 1368 5163 De
1421 5105 1759 5162 Constantini
1799 5109 1909 5164 vita
1939 5106 2005 5159 li-

435 5206 567 5265 bros
600 5208 861 5279 quinque.
914 5206 1094 5260 Edidit
1126 5213 1181 5259 et
1214 5204 1379 5257 alium
1425 5200 1493 5256 ad
1541 5201 1791 5256 eumdem
1840 5215 2004 5270 quem

440 5299 802 5356 Tricennalem
832 5298 1129 5370 inscripsit.
1161 5296 1240 5352 Ad
1288 5295 1621 5365 Stephanum
1650 5294 1779 5348 item
1815 5293 2002 5361 alium,

437 5389 506 5445 de
528 5391 597 5447 iis
622 5406 743 5462 quae
774 5394 830 5448 in
870 5388 1182 5459 Evangeliis
1216 5388 1274 5442 in
1301 5386 1526 5442 dubium
1560 5400 1657 5441 seu
1677 5384 2007 5456 disputatio-

440 5496 563 5537 nem
591 5488 876 5538 vocantur.
918 5478 1023 5534 Sed
1064 5485 1119 5534 et
1161 5479 1268 5533 alia
1321 5478 1471 5531 varia
1509 5475 1732 5546 reliquit
1782 5476 2006 5545 scripta,

437 5585 562 5641 qua:
613 5571 843 5625 multum
893 5569 1150 5624 Ecclesia:
1208 5567 1443 5623 afferunt
1480 5567 1755 5622 utilitatis.
1802 5564 2005 5622 Verum

437 5663 718 5716 enimvero
741 5659 957 5716 etiamsi
987 5660 1113 5714 talis
1147 5660 1311 5716 fuerit
1330 5701 1345 5726 ,
1372 5660 1427 5714 in
1457 5659 1645 5714 multis
1678 5662 1865 5714 tamen
1906 5671 2004 5731 ap-

443 5757 623 5833 paret,
640 5766 764 5810 eum
794 5749 907 5805 Arii
938 5752 1263 5808 sententiam
1291 5751 1698 5822 comprobasse,
1720 5757 1827 5806 etc.
1853 5826 1858 5830 .

2106 4557 2520 4629 Εὐαγγελικὴν
2563 4559 2866 4631 συγγράφει
2912 4561 3451 4631 προπαρασκευὴν,
3498 4569 3625 4623 καὶ
3667 4570 3740 4623 ἐν

2105 4649 2236 4703 δέκα
2264 4650 2423 4705 πάλιν
2461 4652 2562 4724 τὴν
2590 4654 3004 4724 Εὐαγγελικὴν
3033 4654 3361 4719 ἀπόδειξιν.
3395 4657 3516 4710 Καὶ
3555 4662 3746 4733 πρῶ-

2104 4759 2196 4807 τος
2222 4734 2376 4807 οὗτος
2415 4745 2484 4816 τῇ
2530 4744 2668 4816 μετά
2696 4750 2885 4820 χεῖρας
2926 4748 3177 4802 ὑποθέσει
3226 4747 3529 4815 ἐπέϐαλεν,
3586 4754 3744 4813 Ἐκ-

2106 4834 2554 4904 κλησιαστικὴν
2590 4839 2859 4907 ἱστορίαν
2892 4839 3104 4911 πρῶτος
3150 4840 3425 4911 ὀνομάσας
3460 4842 3591 4916 τὴν
3644 4847 3746 4918 βί-

2107 4924 2231 4977 ϐλον
2250 4942 2265 4956 ·
2287 4924 2421 4980 δέκα
2446 4926 2492 4979 δ’
2518 4929 2575 4981 έν
2596 4928 2784 5000 τὸμοις
2815 4930 2973 4983 τοῦτο
3002 4931 3062 4983 τὸ
3087 4930 3371 5000 σύνταγμα
3403 4938 3750 5005 περικλεί-

2106 5028 2243 5068 εται.
2273 5014 2384 5068 Καὶ⁸
2419 5015 2549 5088 ἄλλη
2593 5017 2649 5071 δὲ
2696 5017 2860 5071 αὐτοῦ
2901 5017 3078 5088 βίϐλος
3116 5020 3433 5090 ἐμφέρεται,
3475 5025 3566 5094 ἣν
3606 5033 3753 5085 Κα-

2106 5106 2257 5159 νόνα
2286 5107 2586 5196 ἐπέγραψε,
2617 5107 2717 5174 τὰς
2755 5111 2864 5164 τῶν
2898 5111 3105 5183 χρόνων
3144 5111 3539 5188 ἁκριϐουμένη
3585 5137 3759 5196 γρα-

2109 5196 2234 5264 φάς.
2250 5200 2357 5254 Καὶ
2372 5201 2465 5263 Εἰς
2481 5195 2749 5262 τὸνβίον
2759 5198 3288 5255 δὲ’Κωνονταντίνου
3304 5203 3472 5257 πέντε
3509 5195 3761 5282 λόγους

2106 5287 2364 5352 ἐξέδωκε·
2402 5291 2496 5344 καὶ
2530 5291 2716 5364 ἕτερον
2754 5292 2811 5344 δὲ
2850 5293 2986 5364 πρὸς
3022 5293 3203 5360 αὐτὸν,
3233 5292 3292 5346 ὃν
3339 5298 3762 5363 Τριάκοντα-

2105 5380 2380 5471 emptde
2409 5382 2732 5454 ἐπιγράφει·
2761 5384 2855 5437 καὶ
2891 5385 3149 5456 Στεφάνῳ
3176 5385 3306 5457 περὶ
3334 5386 3450 5441 τῶν
3497 5392 3580 5449 ὲν
3622 5406 3762 5471 τοῖς

2108 5470 2276 5541 ἱεροῖς
2321 5473 2673 5543 Εὐαγγελίοις
2702 5475 3089 5547 ἀπορουμένων
3126 5476 3315 5547 ἕτερον
3362 5479 3762 5562 ἀνατίθησι·

2106 5562 2200 5661 ἕαὶ
2226 5562 2358 5619 ἄλλα
2383 5565 2616 5661 διάφορα
2644 5568 3048 5661 συγγράμματα
3066 5569 3455 5640 καταλέλοιπε,
3502 5584 3762 5661 πολλὴν

2105 5654 2303 5753 δνησιν-
2330 5661 2394 5730 τῇ
2430 5659 2725 5731 Ἐκκλησία
2748 5661 3099 5753 εἰσφέροντα.
3139 5662 3286 5735 Πλὴν
3310 5665 3604 5740 τοιοῦτος
3644 5654 3762 5753 an},

2107 5747 2163 5801 ὲν
2191 5750 2401 5816 πολλοῖς
2426 5752 2671 5822 φαίνεται
2702 5752 2771 5807 τὰ
2812 5753 3019 5825 Ἀρείου
3047 5755 3386 5826 πρεσϐεύων,
3415 5775 3484 5820 κ.
3517 5784 3590 5822 τ.
3611 5772 3642 5825 >
3678 5825 3685 5831 ι
