3812 6320
147 354 187 407 tl
1131 357 1478 428 lVETEBUM
1516 357 1933 419 TESTIMONIA
1970 361 2108 419 PRO
2139 364 2449 423 EUSEBIO.
3346 358 3417 414 82

1146 455 1225 510 Ex
1248 457 1392 511 Actis
1424 458 1799 525 manuscriptis
1833 460 2003 512 sancti
2029 458 2270 517 Silvestri
2299 478 2466 534 papae.

184 597 401 665 εὖσέὄιος
424 602 452 655 ὁ
476 599 849 673 Παμφίλου,
887 608 1021 681 τὴν
1056 609 1586 680 Ἑκκλησιαστικὴν
1627 628 1689 665 συ

1926 608 2410 681 Historiographus
2430 614 2617 663 noster
2644 594 2912 662 Eusebius
2940 600 3292 665 Caesariensis
3318 604 3413 661 Pa-

142 696 313 763 τρὰφων
348 693 674 761 Ἱστορίαν,
697 700 1060 770 παρέλιπε
1081 702 1200 774 περὶ
1229 704 1453 758 ἑκάστου
1484 705 1653 759 ταῦτα
1676 708 1754 759 ei-

138 784 238 845 πεῖν,
250 784 445 854 ἄπερὲν
460 783 653 849 ἄλλοις
674 789 1133 860 συντάγμασιν
1145 792 1206 863 ἐφ
1214 809 1390 861 ρασεν·
1406 796 1757 868 ὲνέθεικεν(α)

138 876 215 945 γὰρ
236 876 411 929 ἕνδεκα
433 876 627 944 λόγοις
650 878 746 933 τὰ
780 882 1135 955 παθήματα
1164 885 1339 955 σχεδὸν
1356 887 1463 941 τῶν
1482 890 1539 941 ὲν
1556 889 1754 953 πάσαις

136 969 223 1030 π
242 968 516 1039 ἐπαρχίαις
558 970 721 1045 ἀθλη
734 975 1016 1030 σάντων
1067 978 1348 1050 μαρτύρων
1394 981 1490 1034 καὶ
1535 981 1751 1035 ἐπισκὸ⁶

137 1076 236 1121 των,
272 1062 358 1113 καὶ
390 1063 847 1135 ‹5ι.ι.ολογ·τγεὢν⁵
905 1069 982 1122 οὐ
1033 1069 1134 1141 μὴν
1172 1070 1306 1124 ἀλλὰ
1347 1072 1619 1140 γυναικῶν
1660 1074 1753 1127 καὶ

135 1150 379 1222 πάδων,
403 1153 530 1207 ὅσαι
558 1157 862 1231 ἀνδρείῳ
915 1162 1226 1233 φρονήματι
1254 1163 1339 1217 διὰ
1363 1163 1455 1217 τὸν
1473 1163 1753 1234 Δεσπότην

133 1244 407 1311 ἡγωνξσαντο
448 1247 754 1319 Χριστὸν,
818 1253 1213 1325 ἀνεγράψατο.
1247 1255 1355 1308 Καὶ
1395 1247 1550 1319 οὗτος
1594 1256 1752 1327 μόνος

139 1334 213 1387 τῶν
240 1335 547 1392 ἐπισκόπων
588 1341 726 1395 ἀπὸ
770 1343 900 1397 τοῦ
952 1345 1247 1400 ἀποστόλου
1270 1346 1498 1419 Πέτρου,
1524 1348 1618 1401 καὶ
1646 1364 1748 1403 κα-

132 1425 263 1495 θεξῆς,
290 1428 355 1481 τὰ
394 1429 739 1503 παθήματα.
792 1434 971 1489 κατά
1005 1435 1157 1500 τάξιν
1192 1437 1507 1509 ἐξηγήσατο.
1534 1438 1754 1493 Τούτων

130 1514 169 1569 ἓ
186 1517 277 1569 τῶν
303 1520 510 1574 πόλεων
538 1524 646 1576 καὶ
668 1525 1115 1580 ἀτωστολικῶν
1138 1528 1340 1599 θρόνων
1363 1530 1461 1601 τὴν
1486 1530 1754 1602 ἀρχιερωα

131 1609 252 1679 simu
274 1613 665 1681 ἐπεσπάσατο,
694 1618 1006 1671 τουτέστι
1040 1618 1136 1690 τῆς
1158 1620 1393 1691 μεγάλης
1415 1620 1523 1675 τῶν
1545 1620 1753 1676 πόλεων

1854 702 2078 758 laestinae
2108 700 2263 756 urbis
2286 701 2592 770 episcopus,
2615 714 2740 754 cum
2780 697 3072 752 Historiam
3098 697 3417 753 ecclesiasti-

1852 809 1969 848 cam
2007 793 2288 856 scriberet,
2325 792 2668 863 praetermisit
2715 805 2779 845 ea
2830 804 2954 860 qua:
3004 797 3136 845 sunt
3191 795 3248 844 in
3296 790 3418 845 aliis

1854 884 2157 955 opusculis,
2187 884 2271 940 vel
2303 898 2426 956 qua
2460 901 2519 941 se
2556 882 2800 939 meminit
2843 881 3120 939 retulisse.
3157 880 3293 936 Nam
3333 882 3419 937 vi-

1853 977 1988 1049 ginti
2045 977 2235 1041 libros,
2263 976 2318 1031 id
2360 984 2446 1033 est
2496 976 2634 1032 duas
2685 975 2942 1038 decedas,
2998 974 3244 1030 omnium
3277 989 3418 1045 pene

1854 1068 2260 1140 provinciarum
2288 1070 2570 1138 passiones
2591 1077 2891 1139 martyrum
2913 1104 2929 1130 .
2958 1067 3340 1137 episcoporum
3363 1073 3421 1122 et

1850 1160 2232 1220 confessorum
2270 1167 2325 1215 et
2367 1174 2644 1217 sacrarum
2682 1158 2972 1214 mulierum
3029 1172 3095 1213 ac
3144 1156 3435 1227 virginum.

1852 1252 2139 1307 continere
2168 1250 2314 1306 fecit.
2361 1248 2564 1306 Deinde
2595 1260 2817 1307 secutus
2854 1258 2908 1306 et
2940 1250 3010 1306 ab
3038 1249 3289 1320 apostolo
3312 1247 3418 1304 Pe-

1853 1351 1963 1408 tro,
1993 1342 2237 1397 omnium
2285 1341 2667 1413 episcoporum
2702 1343 2922 1399 nomina
2969 1349 3023 1396 et
3072 1348 3225 1411 gesta
3282 1354 3419 1396 con-

1852 1434 2076 1505 scripsit
2113 1451 2125 1487 :
2162 1440 2216 1489 et
2237 1447 2425 1487 earum
2457 1433 2671 1487 urbium
2700 1447 2820 1502 quae
2856 1446 3036 1486 arcem
3067 1429 3419 1501 pontiﬁcatus

1852 1542 1949 1598 per
1970 1526 2298 1596 apostolicas
2319 1523 2473 1580 sedes
2496 1532 2679 1579 tenere
2705 1528 3030 1589 noscuntur,
3063 1520 3195 1577 urbs
3219 1518 3416 1585 Roma,

1850 1620 2162 1686 Antiochia,
2197 1618 2596 1689 Hierosolyma,
2635 1615 2905 1688 Ephesus,
2934 1614 3282 1679 Alexandria,
3319 1612 3420 1667 ha-

136 1700 327 1771 Ῥὼμῃς,
362 1704 842 1780 ’Δλεξανδρειας
883 1726 955 1761 τε
991 1710 1090 1763 καὶ
1129 1711 1472 1783 Ἀντιοχείας,
1504 1712 1605 1783 τῆς
1634 1730 1641 1764 1

1912 1727 1973 1766 xm
2024 1710 2244 1766 urbium
2292 1713 2672 1780 episcoporum
2727 1708 2970 1763 omnium
3020 1705 3417 1777 praeteritorum

126 1793 195 1861 νῆς
216 1792 386 1847 ἕνεκεν
416 1797 754 1866 ὠφελείας-
802 1800 921 1853 Ἐκ
955 1799 1058 1853 τοῦ
1084 1800 1312 1872 ἀριθμοῦ
1345 1803 1524 1856 τοίνυν
1548 1802 1631 1856 τοῦ

1910 1818 2025 1874 sque
2055 1803 2127 1858 ad
2150 1813 2363 1873 tempus
2389 1816 2549 1857 suum
2571 1799 2759 1856 Grch
2785 1814 3038 1857 sermone
3065 1795 3415 1866 conscripsit.

127 1876 181 1936 ὃν
213 1886 355 1958 μέχρι
400 1890 497 1943 τοῦ
540 1891 737 1964 δεῦρο
796 1892 1026 1964 χρόνου
1050 1894 1079 1946 ὁ
1111 1891 1437 1964 προῤῥηθεὶς
1463 1896 1529 1965 τῇ
1563 1893 1632 1946 Ἐἰ

1914 1914 1930 1950 ι
1950 1910 2182 1967 quorum
2200 1909 2429 1950 numero
2446 1907 2615 1949 unum
2632 1892 3014 1964 episcoporum
3034 1889 3186 1946 urbis
3209 1888 3419 1952 Romae,

124 1979 213 2047 ν’-κῇ
234 1983 622 2053 συνεγράψτο
646 1988 867 2056 φωνῇ,
895 1984 1103 2038 τούτου
1121 1985 1211 2038 τὸν
1230 1984 1344 2055 βίον
1356 1986 1455 2039 οὐκ
1466 1985 1629 2056 ὲξεσχι

1916 1997 2103 2043 nctum
2162 1985 2487 2043 Silvestrum
2547 1999 2637 2041 me
2679 1984 2749 2041 de
2793 1983 2982 2041 Graeco
3048 1983 3105 2038 in
3164 1980 3419 2041 Latinum

127 2073 443 2141 μεταφράσαι,
471 2077 773 2133 τουτέστι
828 2076 943 2131 τοῦ
967 2076 1127 2146 ἁγίου
1145 2077 1463 2151 Σιλϐἐστρου
1480 2119 1499 2145 ,
1540 2096 1595 2133 κ.
1620 2097 1632 2131 τ

1001 2076 1127 2146 ιγιου
1145 2077 1499 2151 Σιλϐέστρου,
1540 2096 1595 2133 κ.
1620 2097 1675 2135 τ.
1694 2078 1744 2135 λ.
1851 2077 2150 2137 transferre
2178 2078 2506 2150 praecepisti.

131 2178 251 2237 Vetas
285 2197 478 2243 auctor
525 2191 591 2244 in
624 2189 954 2247 Passione
1006 2194 1186 2252 sancti
1219 2193 1516 2261 Valeriani,
1539 2209 1662 2317 quia;
1705 2203 1783 2277 est
1824 2193 2026 2277 decimo
2057 2191 2186 2247 Kal.
2233 2192 2506 2257 Januarii,
2533 2200 2591 2247 ut
2638 2190 2857 2247 habetur
2906 2193 2961 2246 in
3007 2191 3163 2246 veteri
3243 2189 3420 2245 codice

1665 2281 1975 2317 οδειαεεηδι.

1665 2281 1975 2319 οδειαεεηδι.

172 2343 624 2407 Beatissimorum
654 2360 1018 2425 martyrum
1044 2354 1282 2424 gloriosa
1314 2354 1635 2420 conamina,
1668 2355 1738 2409 ob
1766 2354 2028 2411 honorem
2054 2352 2257 2410 Christi
2288 2351 2501 2409 Domini
2560 2368 2624 2409 ac
2652 2352 2745 2408 Dei
2775 2351 2948 2409 nostri
2983 2350 3221 2408 assiduis
3250 2349 3417 2405 culti-

126 2431 202 2489 bis
224 2439 683 2498 etsolemnitate
742 2456 964 2499 annua
1011 2445 1381 2509 celebrantur,
1415 2452 1477 2500 ut
1507 2445 1637 2501 dum
1686 2444 1847 2500 ﬁdem
1882 2452 2183 2517 martyrum
2220 2445 2377 2515 plebs
2408 2444 2603 2501 devota
2652 2445 2933 2516 cognoscit
2964 2451 3019 2499 et
3070 2443 3195 2498 illos
3224 2442 3418 2497 trium-

127 2527 283 2596 phasse
306 2532 589 2602 gaudeat,
624 2542 695 2591 et
737 2551 814 2591 se
852 2535 1178 2605 patrocinio
1207 2551 1394 2592 eorum
1427 2536 1817 2610 protegendum
1852 2551 1976 2592 esse
2007 2536 2267 2592 conﬁdat.
2290 2535 2519 2592 Celebre
2545 2538 2689 2592 enim
2720 2537 2970 2603 habetur,
3003 2547 3206 2593 sanctae
3231 2550 3417 2591 recor-

125 2619 316 2677 dationis
346 2622 694 2681 Eusebium
739 2626 1126 2692 historicum,
1153 2627 1507 2688 Cmsariensis
1536 2629 1692 2685 urbis
1718 2629 2060 2700 episcopum,
2088 2628 2319 2699 egregiae
2355 2629 2479 2683 vita:
2514 2629 2888 2685 beatissimum
2933 2630 3290 2693 sacerdotem,
3322 2641 3414 2680 ec-

122 2709 384 2773 desiastica
414 2733 680 2791 quoque
718 2717 1110 2784 institutione
1137 2719 1516 2777 doctissimum
1548 2729 1603 2777 et
1636 2719 1914 2793 praecipua
1938 2717 2313 2773 sollicitudine
2332 2718 2722 2784 venerandum,
2752 2734 2847 2790 per
2874 2734 3091 2775 omnem
3120 2718 3329 2784 orbem,
3352 2716 3415 2772 in

122 2816 339 2873 quantum
367 2810 586 2866 divino
622 2812 1047 2869 annuntiante
1075 2813 1303 2885 Spiritu,
1339 2824 1399 2870 ut
1419 2821 1631 2886 gestum
1662 2821 1768 2876 est,
1799 2812 1878 2867 rei
1900 2812 2102 2867 veritas
2141 2811 2373 2868 decursa
2405 2810 2575 2866 valuit
2607 2811 2854 2881 reperiri,
2883 2819 3045 2881 prout
3069 2809 3408 2880 singularum

120 2900 495 2967 provinciarum
530 2906 767 2973 urbes,
804 2907 943 2962 loca
985 2908 1072 2963 vel
1101 2908 1298 2980 oppida
1358 2903 1625 2964 illustrari
1657 2906 1947 2977 triumphis
1979 2914 2280 2977 martyrum
2316 2904 2633 2960 c'celestibus
2682 2910 3034 2970 meruerunt,
3070 2915 3413 2973 quorumque

122 2993 385 3064 principum
413 3006 712 3071 tempore
727 2998 1021 3055 ordinata
1045 2999 1344 3057 ciliciorum
1374 2998 1635 3057 instantia
1665 2999 1968 3053 innumera:
2011 2997 2421 3068 persecutiones
2451 2995 2608 3052 facta}
2640 2994 2876 3059 fuerant,
2910 2994 3243 3051 declarasse.
3276 2992 3404 3060 Qui,

118 3085 196 3141 etsi
237 3097 561 3162 martyrum
610 3090 1014 3163 singulorum
1065 3093 1305 3164 integras
1347 3108 1457 3148 non
1503 3091 1763 3162 explicuit
1791 3090 2099 3162 passiones,
2130 3098 2312 3145 tamen
2342 3089 2670 3147 Christianis
2701 3090 2912 3145 devotis
2942 3097 3105 3160 atque
3137 3088 3408 3153 ﬁdelibus,

117 3179 499 3238 Wdescribi
524 3183 636 3237 vel
672 3183 987 3239 celebrari
1021 3183 1252 3239 debeant
1280 3184 1549 3240 veraciter
1570 3183 1863 3239 intimavit.
1894 3182 1991 3238 Dei
2025 3183 2209 3252 itaque
2242 3182 2471 3253 gratiam
2498 3190 2613 3238 toto
2644 3183 2778 3238 orbe
2811 3181 3064 3238 diffusam
3093 3180 3267 3237 ﬁdelis
3294 3180 3412 3235 cul-

117 3274 458 3339 torexcoluit,
499 3274 664 3329 dum
717 3274 899 3330 velut
933 3273 1129 3346 exiguo
1160 3277 1326 3332 tritici
1355 3275 1566 3332 semine
1595 3275 1835 3348 copiosa:
1883 3291 2093 3332 messes
2125 3275 2241 3346 agri
2290 3273 2571 3331 fertilitate
2618 3274 2936 3345 gignuntur,
2968 3280 3022 3328 et
3050 3271 3412 3337 multiplicata

116 3362 319 3420 allatae
338 3368 711 3437 proﬁciunt.
751 3367 845 3422 Ita
870 3382 976 3438 per
1009 3369 1311 3438 supradicti
1344 3369 1447 3427 viri
1476 3371 1798 3427 relationem
1826 3370 1897 3425 ab
1936 3369 2101 3425 unius
2128 3367 2342 3424 codicis
2387 3367 2538 3427 fonte
2565 3368 2850 3435 diffusam,
2886 3366 3108 3438 scriptis
3131 3371 3410 3422 mananti-

113 3449 193 3509 ius
215 3452 480 3525 ﬁdelium,
521 3466 737 3513 totum
773 3455 989 3511 orbem
1017 3456 1353 3514 celebrandae
1382 3458 1669 3533 passiones
1695 3467 1997 3530 martyrum
2030 3458 2365 3531 rigaverunt.
2713 3444 2719 3449 ’

1398 3579 1678 3637 Usum-dus
1713 3579 1769 3636 in
1812 3578 2219 3651 Martyrologio.

161 3683 323 3745 Dieﬂl
355 3692 608 3750 mensis
634 3681 839 3749 Junii.
884 3689 1206 3760 Palaestina,
1238 3694 1416 3749 sancti
1448 3693 1670 3750 Eusebii
1701 3693 1945 3765 episcopi
1977 3700 2032 3749 et
2077 3691 2435 3757 confessoris,
2486 3692 2591 3749 viri
2644 3690 3088 3749 excellentissimi
3118 3688 3318 3761 ingenii
3352 3691 3411 3741 et

109 3775 542 3858 historiographi.
1410 3856 1449 3858 _,
1778 3857 1783 3858 γ
1807 3857 1815 3858 ,
2112 3857 2117 3858 κ
2172 3818 2184 3832 ⁸

1397 3856 1453 3911 Ν
1456 3858 1661 3913 otkerus
1684 3858 1740 3913 in
1772 3857 2180 3929 Martyrologio.

162 3942 321 4002 Dite
356 3948 607 4005 mensis
639 3946 841 4004 Junii.
878 3944 939 4001 In
961 3944 1205 4004 Caesarea
1238 3948 1506 4020 depositio
1531 3949 1706 4005 sancti
1727 3947 1947 4006 Eusebii
1979 3948 2240 4020 episcopi.

110 4048 469 4115 laudarim
506 4060 578 4115 in
615 4058 878 4128 epistola
919 4058 990 4113 ad
1010 4057 1327 4116 Ceraunium
1343 4061 1743 4134 ‘Parisiensentg
1766 4063 2093 4134 episcopum,
2122 4077 2280 4134 quam
2323 4060 2554 4134 pra'ﬁxit
2579 4059 2830 4117 Passioni
2852 4068 3162 4117 sanctorum
3196 4050 3410 4123 ἀιδην-ο

1187 4147 1308 4186 rum
1335 4131 1647 4203 Speusippi,
1685 4131 2010 4204 Elasippi'et
2047 4131 2383 4202 Meleusippi.

162 4212 457 4289 Prmeipuis
480 4219 996 4281 beatissimorum
1016 4221 1395 4294 episcoporum
1414 4225 1663 4294 personis
1686 4225 1907 4295 assidue
1934 4225 2207 4298 coaequari
2231 4224 2442 4280 meritis
2468 4238 2579 4278 non
2614 4221 2907 4286 desistens,
2935 4222 2994 4277 in
3009 4220 3154 4281 anni
3177 4230 3407 4273 conver-

105 4308 289 4365 satione
313 4312 700 4376 sacerdotii,
753 4320 956 4367 sancta
1001 4314 1245 4383 quotidie
1268 4317 1525 4372 exornari
1552 4317 1815 4389 religione
1871 4318 2163 4381 festinans,
2195 4315 2502 4370 divinarum
2535 4312 2943 4383 Scripturarum
2980 4308 3189 4381 legendi
3222 4306 3407 4362 studio

108 4400 337 4459 universa
378 4405 697 4476 dogmata
730 4405 1067 4479 peragrasti.
1097 4403 1253 4462 Nunc
1290 4414 1607 4464 sanctorum
1631 4418 1928 4480 martyrum
1957 4416 2110 4480 gesta
2142 4407 2210 4462 ad
2243 4405 2421 4460 laudis
2451 4411 2557 4459 tua:
2602 4403 2879 4458 cumulum
2906 4415 3005 4471 pro
3052 4413 3237 4454 amore
3272 4397 3402 4451 reli-

106 4492 683 4569 είοῠίςωηεῐοεετε
716 4496 777 4551 in
811 4497 956 4551 urbe
992 4495 1270 4555 Parisiaca
1308 4500 1542 4557 devotus
1568 4502 1828 4558 intendis.
1869 4500 2027 4557 Unde
2059 4505 2252 4556 sancto
2290 4495 2527 4551 Eusebio
2584 4493 2905 4552 Caesariensi
2949 4493 3004 4547 in
3039 4489 3403 4546 aemulationis

108 4587 266 4643 audio
293 4590 738 4664 coaequandus
775 4605 868 4655 es,
903 4595 959 4644 et
1004 4591 1122 4660 pari
1153 4592 1341 4662 gloriae
1386 4594 1532 4649 dono
1559 4595 1949 4665 perpetualiter
1973 4589 2379 4651 memorandus.

916 4701 1003 4754 Ea:
1038 4703 1194 4757 ceteri
1222 4703 1495 4759 Breviario
1530 4708 1890 4777 manuscripto
1924 4704 2176 4760 Ecclesia:
2222 4698 2628 4757 Lcmoviccnsis.

1241 4794 1428 4852 Sancti
1448 4796 1667 4854 Eusebii
1694 4799 1936 4871 episcopi
1968 4796 2320 4855 confessoris.

158 4882 362 4942 Lscrro
388 4887 451 4941 1.
488 4881 813 4939 Eusebius
845 4880 1112 4940 Caesarea:
1132 4885 1432 4945 Palaestina:
1459 4892 1749 4964 episcopus
1776 4893 1848 4950 ob
1877 4890 2416 4964 Pamphilimartyris
2454 4887 2749 4944 amicitiam
2784 4880 3050 4953 Pamphili
3079 4894 3276 4941 nomen
3305 4891 3400 4955 ac:

106 4975 248 5043 ωρὶι,
278 4994 353 5033 eo
389 4977 578 5050 quod
613 4990 757 5031 cum
781 4976 980 5031 eodem
1012 4975 1293 5049 Pamphilo
1320 4982 1518 5038 divinae
1538 4983 1892 5041 Bibliotheca?
1909 4985 2265 5058 investigator
2283 4982 2740 5056 diligentissimus
2759 4977 3051 5034 exstiterit.
3075 4972 3168 5029 Vir
3179 4970 3397 5044 quidem

103 5074 201 5119 erat
226 5076 587 5125 memoratu
620 5063 1002 5135 dignissimus
1035 5081 1130 5135 per
1155 5069 1269 5124 haec
1301 5079 1566 5143 tempora,
1605 5082 1719 5128 tum
1744 5076 2039 5131 multarum
2070 5091 2255 5131 rerum
2282 5075 2501 5146 peritia,
2529 5082 2643 5127 tum
2662 5070 2881 5142 ingenio
2906 5066 3225 5123 mirabili.ct
3254 5061 3420 5132 apud-

103 5159 312 5223 gcutiles
330 5171 395 5217 et
434 5159 619 5230 apud
635 5158 1023 5222 Christianos,
1058 5161 1197 5218 inter
1224 5164 1578 5236 philosophos
1600 5168 1908 5239 praecipuus
1942 5177 1997 5225 et
2030 5169 2407 5225 nobilissimus
2433 5167 2657 5223 habitus
2686 5175 2789 5220 est.
2815 5162 2915 5216 Hic
2951 5174 3078 5214 cum
3104 5152 3400 5224 aliquando

104 5246 287 5306 Ariaua
314 5252 562 5308 lare-si
606 5248 961 5313 laborasset,
992 5248 1060 5304 ad
1101 5254 1368 5322 synodum
1418 5255 1695 5314 Nicmnam
1746 5259 2033 5327 accedens,
2077 5258 2504 5330 Spiritusancto
2538 5256 2867 5327 inspiratus,
2904 5251 3127 5307 Patrum
3180 5261 3396 5305 semen-

104 5340 216 5398 tim
266 5354 541 5400 secutus
575 5350 692 5407 est,
731 5355 802 5395 ac
832 5340 1093 5415 deinceps
1122 5362 1294 5418 usque
1332 5349 1400 5404 ad
1436 5358 1667 5407 mortem
1702 5353 2052 5408 sanctissime
2083 5368 2209 5407 cum
2252 5353 2554 5407 orthodoxa
2578 5351 2687 5406 ﬁde
2714 5348 2870 5404 vixit.

156 5435 370 5495 Lectio
400 5440 471 5493 2.
512 5434 663 5490 Fuit
693 5442 893 5488 autem
926 5432 984 5488 in
1022 5436 1220 5493 divinis
1274 5438 1573 5511 Scripturis
1627 5440 2066 5499 studiosissimus
2095 5481 2111 5507 ,
2177 5456 2241 5497 ac
2294 5441 2640 5497 Bibliotheca:
2687 5438 2881 5492 divina:
2935 5450 3060 5489 cum
3112 5434 3396 5505 Pamphilo

105 5538 325 5601 πιπτει-ε
358 5526 895 5612 diligentissimus
926 5527 1297 5602 investigator.
1335 5530 1502 5587 Multa
1549 5531 1756 5589 eisdem
1779 5534 2117 5605 temporibus
2140 5533 2384 5603 scripsit,
2415 5532 2649 5587 maxime
2677 5543 2804 5584 vero
2833 5529 3002 5584 libros
3067 5526 3390 5598 Evangetica:

144 5742 216 5815 (α)
253 5741 665 5799 Ὲνέθεικεν.
704 5727 1033 5804 Legendum
1068 5734 1278 5793 videtur
1309 5734 1563 5807 ἐνέθηκεν
1590 5750 1649 5794 ve

922 5727 1033 5788 lum
1068 5734 1278 5793 videtur
1309 5734 1563 5807 ἐνέθηκεν
1590 5737 1675 5794 vel
1701 5738 2025 5798 ἐντέθεικεν.
2072 5743 2228 5801 Eon.
2257 5744 2427 5799 Pun.
