3812 6330
435 377 504 433 8'5
1263 381 1594 440 VETERUM
1633 378 2055 438 resrmom
2093 380 2372 437 comas
2410 360 2782 442 EUS'EmUM.
3573 373 3639 429 84

417 491 844 558 prwparationis,
878 489 1265 548 Ecclesiasticre
1321 494 1617 558 Historice;
1656 493 1718 546 In
1786 493 2157 564 Porphyrium,
2212 495 2642 553 Christianorum
2683 498 2896 554 basiem
2951 491 3280 548 acerrimum
3315 509 3328 545 :
3365 488 3641 560 Apologia:

420 584 547 637 item
575 599 668 638 sex
697 601 790 652 pro
823 584 1045 656 Origene
1078 589 1418 657 composuit;
1455 590 1527 641 De
1549 588 1655 641 vita
1688 586 1961 656 Pamphili
1987 593 2258 662 martyris,
2291 607 2436 662 aquo
2453 593 2522 648 ob
2535 605 2777 648 amorem
2791 596 3208 662 cognomentum
3226 591 3462 652 accepit.
3480 581 3645 635 libros

407 692 528 738 tres
557 700 568 734 :
594 680 722 735 Item
757 681 1174 737 Commentarios
1199 682 1600 737 eruditissimos
1661 682 1716 734 in
1747 692 1952 735 centum
1979 692 2028 738 et
2051 685 2427 756 quinquaginta
2467 684 2734 739 Psalmos.

487 769 688 826 Lucrio
717 771 770 826 5.
796 770 1090 836 Przeterea,
1122 781 1179 825 ut
1211 772 1426 841 legitur,
1469 770 1712 824 omnium
1747 771 2152 838 provinciarum
2186 789 2310 828 cum
2345 775 2640 828 multorum
2665 778 2977 826 sanctorum
3011 776 3309 840 martyrum
3363 769 3649 838 passiones

413 867 468 914 et
498 862 875 918 confessorem
907 863 1072 916 vitam
1123 878 1188 916 ac
1213 861 1482 931 virginum
1515 863 1880 930 cognovisset,
1913 863 2102 932 viginti
2129 866 2298 920 libros
2329 865 2396 920 de
2428 865 2631 922 eisdem
2658 864 2862 920 sanctis
2887 861 3246 932 scriptitavit;
3277 860 3349 915 ob
3373 862 3472 916 hos
3528 859 3650 914 ideo

411 963 467 1010 et
495 957 766 1026 praecipue
796 956 1160 1026 Evangeticam
1186 955 1648 1024 prmparationem,
1676 971 1800 1010 cum
1834 956 1978 1026 apud
2013 965 2199 1028 gentes
2223 959 2526 1029 praecipuus
2569 958 2878 1020 haberetur,
2914 964 3192 1026 paternam
3254 954 3480 1008 deorum
3521 953 3653 1010 reli-

413 1049 630 1117 gionem
655 1051 726 1106 ob
750 1051 995 1106 veritatis
1025 1065 1262 1104 amorem
1289 1051 1636 1118 contempsit.
1668 1048 1897 1120 Scripsit
1926 1069 2142 1123 quoque
2169 1052 2544 1107 Chronicorum
2570 1052 2847 1105 historiam
2875 1065 2905 1103 a
2935 1050 3108 1121 primo
3138 1065 3283 1105 anno
3307 1048 3541 1104 Abrahae
3557 1061 3653 1102 us-

412 1157 518 1210 que
554 1143 622 1197 ad
660 1159 860 1198 annum
885 1141 1321 1197 trecentesimum
1347 1180 1362 1204 ,
1397 1155 1560 1212 quam
1588 1139 1651 1194 D.
1681 1138 2044 1214 Hieronymus
2074 1152 2398 1214 prosecutus
2443 1153 2548 1200 est.
2606 1145 2730 1201 Fuit
2770 1146 3001 1215 denique
3052 1143 3322 1202 Eusebius
3369 1145 3459 1201 bic
3523 1157 3644 1215 p051

412 1234 818 1291 conversionem
844 1235 1190 1291 Constantini
1226 1233 1425 1304 Magni,
1459 1235 1634 1290 eidem
1664 1236 1842 1304 quoad
1871 1237 2026 1300 vixit,
2062 1241 2230 1294 multa
2259 1239 2635 1296 benevolentia
2669 1238 3016 1308 conjunetus.

413 1349 478 1403 In
527 1349 794 1402 Breriario
832 1348 1218 1403 Lemovicensis
1255 1348 1528 1412 Ecclesiw,
1561 1349 1700 1402 edito
1727 1366 1887 1472 annz.
1912 1353 2078 1477 ΗΞῗῦ
2111 1370 2202 1435 per
2238 1352 2508 1422 Hugonem
2537 1352 2771 1418 Barbou,
2811 1352 3031 1407 habetur
3052 1353 3161 1407 hwc
3199 1352 3441 1419 collecta,
3465 1355 3650 1411 eodem

1871 1439 1917 1476 ie
2089 1441 2218 1477 uim.

1871 1439 1917 1476 ιε
1949 1439 2009 1477 ’ΖΙ
2046 1439 2075 1476 J
2089 1441 2218 1477 uim.

478 1511 859 1582 Omnipotens,
892 1512 1221 1582 sempiterne
1253 1511 1415 1574 Deus,
1461 1509 1554 1579 qui
1581 1525 1681 1565 nos
1711 1510 1970 1565 concedis
2000 1510 2174 1565 sancti
2203 1509 2421 1566 Eusebii
2448 1510 2780 1566 confessoris
2834 1512 2908 1566 tui
2947 1521 3108 1583 atque
3167 1512 3439 1583 pontiﬁcis
3486 1529 3650 1584 agere

410 1603 776 1669 festivitatem,
808 1606 984 1661 deduc
1016 1624 1136 1671 nos,
1170 1621 1504 1676 qumsumus,
1536 1607 1656 1676 ejus
1682 1606 1937 1676 precibus
1974 1604 2042 1658 ad
2075 1603 2380 1660 cmlestium
2403 1604 2718 1674 gaudiorum
2751 1605 3084 1661 societatem.
3111 1605 3213 1662 Per
3231 1606 3516 1663 Dominum
3550 1623 3650 1661 no-

409 1706 580 1750 strum
614 1695 798 1754 Jesum
830 1697 1129 1760 Christum,
1161 1706 1267 1755 etc.

479 1787 548 1842 In
570 1791 785 1858 antiquo
815 1789 1027 1844 Missali
1057 1791 1287 1860 ejusdem
1319 1787 1588 1854 Ecclesiw,
1618 1791 1757 1843 edito
1788 1807 1926 1844 anno
1968 1787 2126 1850 1485,
2162 1786 2412 1850 Parisiis,
2442 1789 2517 1841 sic
2546 1788 2767 1842 habetur
2801 1806 2818 1842 :
2849 1786 2964 1843 Sub
2994 1789 3182 1844 eodem
3212 1789 3301 1844 die
3333 1789 3509 1844 sancti
3537 1786 3652 1842 Eu-

407 1881 543 1935 sebii
572 1883 815 1953 episcopi
846 1881 1096 1937 cilicium.
1135 1881 1332 1935 Statuit
1355 1880 1427 1946 ei,
1453 1893 1552 1935 etc.
1592 1881 1800 1937 Oratio.
1841 1881 1945 1946 Da,
1979 1895 2314 1951 quaesumus.
2352 1879 2614 1952 Epistola.
2642 1879 2930 1936 Testiﬁcor
2986 1897 3169 1936 coram
3225 1882 3356 1937 Deo.
3403 1882 3650 1952 Evange-

400 1985 553 2038 tium.
589 1983 836 2053 Vigilate.
875 1982 1008 2045 Quae
1036 1981 1213 2034 omnia
1240 1980 1296 2032 in
1325 1979 1591 2032 communi
1622 1976 1938 2048 confessoris
1965 1978 2212 2046 episcopi.
2242 1973 2311 2029 Et
2344 1973 2557 2030 dicatur
2607 1979 2894 2046 residuum,
2924 1991 2982 2033 ut
3008 1984 3163 2037 unius
3185 1986 3433 2055 episcopi.

875 2089 938 2142 In
979 2091 1133 2144 reteri
1158 2088 1483 2146 Kalendario
1515 2093 1872 2162 manuscripto
1897 2091 2130 2162 ejusdem
2155 2090 2403 2148 Ecclesia:
2435 2092 2654 2148 habetur
2679 2095 2732 2148 in
2756 2112 2928 2150 mense
2955 2094 2988 2148 .1
2996 2097 3140 2151 unio.

472 2221 522 2257 χι
558 2203 780 2259 Kalend.
825 2203 975 2259 Julii.
1001 2203 1217 2259 Eusebii
1254 2206 1675 2276 archiepiscopi.

397 2295 573 2352 Codex
601 2315 698 2353 ms.
733 2299 1046 2354 Parisiensis
1079 2297 1322 2355 Ecclesia’
1351 2311 1470 2354 ante
1500 2302 1824 2374 octingentos
1843 2302 2006 2355 annos
2035 2313 2307 2364 exoratus,
2331 2302 2599 2357 continens
2619 2301 2831 2359 Eusebii
2858 2305 3151 2362 Historiam
3182 2309 3638 2374 ecclesiasticam,

1592 2371 1783 2440 Ruﬁno
1809 2373 2105 2440 interprete,
2138 2376 2216 2428 sic
2235 2375 2453 2442 incipit:

463 2466 522 2521 ln
554 2468 773 2522 nomine
801 2469 894 2523 Dei
922 2471 1140 2534 summi,
1166 2469 1354 2539 incipit
1393 2469 1630 2524 llistoria
1659 2471 1830 2525 sancti
1870 2469 2085 2525 Eusebii
2115 2471 2469 2527 Cicsariensis
2501 2471 2764 2543 episcopi,
2808 2471 2862 2525 id
2889 2479 2972 2527 cst
3001 2471 3124 2527 libri
3156 2488 3385 2528 numero
3415 2491 3490 2529 ιι.

465 2586 552 2642 Ea:
609 2587 742 2640 libro
776 2587 850 2642 De
902 2587 1266 2643 luminaribus
1329 2589 1610 2654 Ecclesiae,
1669 2590 1757 2659 qui
1813 2589 2030 2659 trahetur
2069 2589 2123 2641 in
2155 2589 2484 2643 collectaneis
2538 2587 2716 2654 Bedw,
2765 2599 2813 2643 et
2873 2591 3010 2643 inter
3055 2605 3212 2658 opera
3251 2591 3437 2659 spuria
3497 2591 3565 2644 Β.

1858 2658 2189 2728 Hieronymi.

460 2746 728 2806 Eusebius
753 2748 1132 2820 Caesariensis,
1165 2752 1334 2818 clavis
1361 2750 1792 2823 Scripturarum,
1825 2761 2120 2822 custosque
2151 2751 2284 2806 Novi
2312 2751 2670 2818 Testamenti,
2702 2752 2887 2808 multis
2946 2753 3120 2824 major
3175 2757 3228 2812 in
3278 2753 3647 2824 conscriptio-

388 2841 551 2896 nibus
583 2857 705 2896 esse
737 2843 1144 2911 comprobatur.
1191 2843 1319 2897 Tria
1360 2854 1487 2911 sunt
1517 2845 1798 2916 praeclara,
1823 2861 1944 2914 qua:
1967 2845 2148 2899 hocin
2184 2845 2440 2914 operibus
2471 2844 2591 2913 ejus
2619 2860 2744 2900 vere
2769 2851 3045 2899 testantur
3073 2865 3084 2900 :
3119 2844 3354 2898 (Iunones
3407 2855 3646 2914 quatuor

389 2930 820 3002 Evangeliorum,
850 2934 941 3002 qui
982 2932 1188 2988 Novum
1223 2934 1626 2989 Testamentum
1658 2943 1883 2988 narrant
1915 2946 2078 3004 atque
2117 2935 2452 2996 custodiunt,
2495 2935 2682 2990 decem
2717 2936 2840 2990 libri
2909 2933 3162 2990 Historia:
3219 2936 3640 3000 Ecclesiastica’,

386 3033 443 3076 ct
470 3021 788 3086 Chronicon,
837 3023 888 3075 id
923 3033 1025 3087 est,
1063 3035 1366 3095 temporum
1405 3026 1751 3081 breviarium.
1783 3025 1847 3078 Et
1871 3041 1972 3080 nos
2003 3027 2187 3079 Olt‘ﬂla
2207 3026 2326 3094 ejus
2358 3026 2584 3095 vestigia
2628 3025 2720 3095 qui
2757 3025 2959 3081 imitari
3018 3027 3302 3096 potuisset,
3350 3041 3643 3096 nunquam

388 3127 712 3181 reperimus.

387 3224 471 3279 Ea:
520 3226 876 3282 Misceltaneis
922 3243 1019 3282 ms.
1059 3227 1316 3303 Theodori
1361 3226 1680 3303 Metire/ritca,
1730 3245 1794 3283 ea:
1855 3247 1892 3282 Ct

2144 3230 2247 3303 iusé
2275 3230 2460 3303 titulus
2514 3240 2593 3303 est
2640 3251 2656 3285 :
2704 3233 2823 3284 ’Ότι
2869 3229 3069 3292 πάντες
3117 3230 3228 3283 ὅσοι
3272 3231 3328 3282 ὲν
3374 3230 3649 3303 Αἰγύπτῳ

1299 3299 1772 3368 ἐνεπαιδεύθησαν,
1805 3298 2137 3371 τραχύτερον
2181 3298 2258 3369 τῷ
2283 3300 2460 3368 λέγειν
2489 3300 2746 3371 χρῶνται.

459 3392 727 3448 Eusebius
757 3393 886 3447 item
938 3391 1228 3462 Pamphili,
1283 3407 1348 3446 ex
1404 3391 1691 3447 Palrestina
1752 3395 1964 3465 quidem

2144 3395 2249 3447 Καὶ
2280 3396 2306 3446 ὁ
2326 3394 2417 3447 τοῦ
2451 3395 2734 3466 Παμφίλου
2764 3393 3020 3457 Εὒσέὁιος
3048 3395 3111 3447 ὲκ
3140 3394 3507 3464 Παλαιστίνης
3541 3395 3649 3466 μὲν

385 3484 654 3540 oriundus
686 3484 805 3548 fuit,
833 3485 928 3539 sed
961 3485 1013 3537 in
1052 3484 1309 3554 Aigypto,
1340 3494 1396 3537 ut
1435 3485 1549 3555 ipsc
1581 3485 1791 3550 scribit,
1836 3487 1890 3541 di

2176 3488 2350 3552 γένος,
2388 3487 2500 3540 ἀλλ’
2548 3489 2622 3550 ὡς
2672 3487 2839 3550 αὑτός·
2892 3503 3044 3556 φησι,
3086 3489 3196 3550 τοῖς
3237 3485 3323 3539 ἐπ’
3355 3484 3649 3554 Αἰγύπτου

387 3576 599 3631 tissime
639 3585 885 3630 versatus
950 3594 962 3628 :
1017 3576 1101 3629 vir
1151 3576 1511 3643 undecunque
1581 3577 1892 3633 doctissimu

2145 3595 2203 3631 νυ
2237 3597 2285 3632 τι
2315 3570 2542 3649 χρονίως
2578 3579 2960 3649 συνεφοίτησε⁸
3004 3575 3319 3648 πολυμαθὴς
3345 3576 3508 3648 ἀνὴρ,
3545 3577 3650 3630 καὶ

386 3666 843 3737 quemadmodum
905 3674 1129 3737 apparet
1180 3683 1248 3722 ex
1289 3669 1540 3738 plurimis
1597 3686 1736 3740 quos
1788 3671 1891 3726 edit

2146 3670 2218 3733 ιός
2256 3685 2318 3737 γε
2347 3667 2545 3732 πολλὰς
2571 3668 2807 3732 ἐκδόσεις
2834 3665 3208 3741 προενεγκὼν,,
3231 3666 3322 3720 καὶ
3353 3665 3651 3738 χρώμενος

386 3759 564 3822 libris,
612 3759 850 3814 dictione
902 3767 1082 3814 tamen
1127 3768 1307 3824 utens,
1353 3770 1411 3814 ιιι
1475 3762 1609 3826 dixi,
1640 3763 1846 3818 .scabra

1058 3775 1082 3812 rt
1127 3768 1307 3824 utens,
1353 3770 1411 3814 ut
1475 3762 1609 3826 dixi,
1640 3763 1846 3818 .scabra
1903 3770 1957 3818 et
2063 3763 2202 3817 οὕτω
2231 3765 2296 3835 τῇ
2328 3763 2563 3838 γλώττῃ.

385 3861 598 3918 aSpera.

389 4048 3635 4072 ~——————————————.—_———————————————-—-—

669 4213 1243 4305 VETERUM
1319 4215 2060 4308 TESTIMONIA
2133 4215 2604 4308 CONTRA
2676 4209 3326 4303 EUSEBIUM.

1352 4481 1438 4536 Ex
1467 4483 1604 4539 libro
1638 4483 1878 4538 .llarcelti
1916 4486 2186 4557 Ancyrani
2213 4493 2397 4538 contra
2418 4482 2672 4535 Arianos.

452 4594 621 4650 lucidi
647 4597 939 4666 aliquando
966 4598 1018 4650 in
1041 4597 1322 4667 epistolam
1348 4615 1378 4653 a
1397 4600 1653 4657 Narcisso
1669 4601 1949 4671 scriptam,

2160 4595 2408 4667 Εντυχὼν
2439 4593 2749 4664 Ναρκίσσου
2777 4589 2870 4642 τοῦ
2917 4588 3254 4662 Νερωνιάδος
3289 4587 3665 4657 προεστῶτος

383 4684 708 4744 Neroniadis
731 4691 1009 4760 episcopo,
1031 4707 1192 4760 quam
1225 4692 1291 4745 ad
1322 4691 1613 4748 Chrestum
1661 4693 1888 4762 qucmda

2162 4689 2334 4759 στολῇ,
2375 4688 2441 4756 ἢν
2469 4685 2714 4755 γέγραφε
2754 4684 2891 4755 πρὸς
2935 4683 3182 4755 Χρηστόν
3217 4697 3359 4745 τινα,
3395 4682 3492 4734 καὶ
3532 4682 3667 4737 Εὑ-

381 4786 437 4833 et
465 4778 835 4849 Euphronium
857 4790 910 4837 et
930 4781 1222 4837 Eusebium
1248 4783 1465 4846 direxit,
1491 4785 1648 4854 quasi
1673 4785 1886 4854 proposi

2160 4784 2298 4844 Lvrov,
2355 4779 2446 4832 καὶ
2491 4777 2769 4839 Εὑσέϐιον,
2824 4777 2900 4841 ὡς
2960 4777 3135 4830 ὐσὶου
3184 4773 3278 4827 τοῦ
3327 4773 3665 4830 ἐπισκόπου

383 4870 570 4939 ipsiab
586 4870 752 4926 Hosio
779 4874 1038 4943 episcopo
1063 4876 1380 4944 quaestione,
1416 4884 1596 4929 utrum
1629 4875 1766 4944 ipse,
1784 4875 1888 4930 velt

2165 4874 2436 4943 ιτήσαντος
2480 4869 2662 4930 αὐτὸν,
2716 4871 2785 4930 εἰ,
2817 4868 3004 4938 ὥσπερ
3044 4866 3301 4929 Εὐσέϐιος
3328 4868 3356 4919 ὁ
3393 4867 3498 4936 τῆς
3525 4867 3670 4922 Πα-

383 4959 651 5017 Eusebius
696 4963 1041 5028 Paltestinus,
1093 4966 1230 5021 duas
1285 4966 1619 5022 substantias
1666 4965 1888 5020 fateretu

2168 4964 2352 5032 ῖτίνης,
2382 4962 2475 5014 δύο
2509 4961 2691 5023 οὐσίας
2748 4955 2885 5012 εἶναί
2945 4975 3126 5029 φησιν,
3155 4956 3298 5009 οὕτω
3343 4957 3441 5009 καὶ
3471 4957 3673 5023 αὐτὸς

384 5051 533 5108 llanc
565 5055 658 5108 ubi
701 5056 975 5128 legissem,
1011 5057 1369 5113 animadverti
1409 5065 1464 5112 et
1515 5058 1690 5127 ipsum
1742 5057 1888 5127 scrip

2172 5073 2201 5106 ›ι
2224 5073 2235 5084 ·
2269 5055 2436 5122 ἔγνων
2494 5052 2652 5105 αὐτὸν
2679 5051 2785 5104 ἀπὸ
2811 5050 2918 5103 τῶν
2952 5049 3292 5120 γραφέντων,
3317 5049 3467 5117 τρεῖς
3497 5043 3677 5105 εἶναι

380 5143 477 5197 illo
512 5161 614 5199 suo
638 5155 748 5203 tres
783 5149 1118 5204 substantias
1147 5149 1369 5204 omnino
1399 5148 1666 5204 conﬁteri.

1510 5148 1666 5204 ﬁteri.
2059 5145 2334 5198 πιστεύειν
2359 5143 2543 5206 οὐσίας
2571 5141 3015 5212 ἀποκρινόμενον.

383 5259 469 5315 Ea:
506 5263 727 5330 epistola
755 5263 1008 5334 synodica
1029 5265 1387 5334 episcoporum
1421 5261 1636 5334 (Egypti
1658 5271 2091 5334 congregatarum
2110 5262 2170 5334 in
2205 5259 2329 5334 urbe
2353 5257 2706 5334 Alexandria,
2740 5256 2806 5309 ad
2843 5273 3018 5334 omnes
3061 5254 3312 5310 Ecclesia
3357 5252 3680 5314 catholica:

834 5326 1127 5404 episcopos,
1163 5326 1320 5404 quam
1353 5326 1867 5402 referi'AtItanasius
1900 5334 1956 5385 in
1988 5331 2340 5401 Apologetieo
2367 5328 2609 5384 secundo
2642 5329 2904 5381 adversus
2927 5326 3178 5380 Arianos.

439 5443 600 5511 Quod
627 5445 769 5499 enim
810 5446 1101 5501 concilium
1125 5444 1529 5514 episcoporum,
1564 5452 1658 5497 aut
1691 5443 1782 5512 qui
1817 5459 1944 5496 eun-

2178 5441 2264 5493 οία
2305 5441 2413 5512 γὰρ
2449 5441 2543 5495 καὶ
2584 5440 2800 5503 σύνοδος
2841 5439 3152 5492 ὲπισκὸπιιιν
3188 5434 3257 5510 ἦν
3289 5439 3444 5504 τότες
3481 5446 3681 5502 ποῖον

371 5555 552 5592 εεδςιιε
592 5541 704 5593 veri
745 5541 1025 5595 studiosus
1050 5540 1160 5592 illic
1192 5538 1330 5591 fuit?
1363 5536 1551 5592 Nonne
1596 5539 1840 5607 plerique

2173 5533 2326 5604 ἱδριον
2364 5534 2618 5605 ἀληθείας
2665 5533 2954 5602 ὲχόμενον;
2991 5532 3087 5596 Τίς
3128 5531 3236 5614 τῷν
3275 5531 3555 5587 πλειόνων
3601 5541 3678 5595 ἐν

377 5631 552 5684 losum
591 5633 798 5688 inimici
830 5633 991 5687 nobis
1045 5629 1300 5685 fuerunt?
1348 5627 1540 5684 Nonne
1580 5629 1882 5684 Eusebium

2174 5629 2237 5688 ii;
2270 5627 2368 5678 οὐκ
2399 5625 2588 5696 ἐχθρὸς
2620 5623 2887 5694 ἡμέτερος
2927 5618 3027 5693 ἦν;
3052 5623 3127 5676 Οὐ
3160 5621 3247 5675 διὰ
3275 5618 3373 5692 τὴν
3419 5623 3679 5691 Ἀρείου

376 5721 494 5776 Arii
522 5722 788 5779 insaniam
843 5725 1106 5778 adversus
1137 5737 1234 5776 nos
1290 5721 1471 5784 irruit,
1506 5729 1558 5774 et
1607 5721 1744 5775 alios
1804 5718 1881 5774 ide

2178 5736 2250 5771 Law
2276 5722 2324 5772 οἱ
2362 5718 2488 5788 περὶ
2541 5715 2814 5768 Ἐυσέὅιον
2863 5714 2984 5768 καθ’
3026 5714 3183 5769 ἡμῶν
3224 5713 3547 5785 ὦρμησανς
3601 5725 3683 5776 οὺ

378 5833 505 5874 cum
534 5816 652 5887 ipso
697 5817 996 5873 sentientes
1029 5814 1293 5871 adduxit?
1322 5814 1512 5872 Nonne
1563 5813 1782 5873 assidue
1814 5828 1878 5867 eo

2233 5811 2422 5873 ἄλλους
2472 5805 2914 5878 συμφρονοῦντας
2953 5807 3134 5869 αὐτοῖς
3176 5809 3482 5877 sisqq/aveo;
3530 5811 3686 5870 Οὐκ
