3812 6318
448 354 518 409 8'1
1016 332 1049 337 ”
1251 346 1582 410 veranum
1619 342 2041 406 resrnioms
2076 336 2358 404 CONTRA
2394 334 2759 404 EUSEBIUM.
3591 334 3667 391 ss

1304 460 1450 526 Idem
1482 470 1538 523 in
1568 476 1799 523 tractatu
1822 465 1897 524 De
1927 467 2150 539 synodis
2178 466 2409 522 Arimini
2434 474 2488 522 et
2515 461 2794 520 Seleucia.

513 582 789 664 Praecipue
817 599 994 648 autem
1015 590 1271 657 Aeacius,
1301 590 1431 663 quid
1456 589 1690 646 Eusebio
1740 589 2000 661 magistro

2166 587 2417 643 Μάλιστα
2455 585 2513 639 δὲ
2553 582 2802 645 Ἀκάκιος
2832 579 2885 632 τί
2936 573 3003 631 ἂν
3043 573 3187 629 εἴποι
3232 572 3366 644 πρὸς
3404 566 3668 664 Εὐσέϐιον

443 696 545 741 suo
567 661 929 755 responsurus
949 685 1068 741 est?
1105 684 1208 751 Qui
1234 661 1346 739 non
1388 683 1561 739 solum
1585 683 1795 755 synodo
1824 676 1948 738 Nica

2163 698 2185 734 ν
2219 675 2412 735 ἑαυτοῦ
2452 675 2800 738 διδάσκαλον;
2834 674 2929 734 Ὃς
2970 670 3029 723 οὐ
3069 668 3225 740 μόνον
3265 662 3577 755 ὑπέγραψεν
3600 661 3668 755 εν

441 788 526 828 me
554 751 899 844 subscripsit,
922 773 1017 829 sed
1041 781 1097 829 et
1146 788 1243 844 per
1292 770 1578 841 epistolam
1619 751 1836 843 populis
1880 787 1944 828 su

2206 769 2348 824 κατὰ
2396 768 2628 822 Νίκαιαν
2672 762 2905 833 συνόδῳ,
2947 760 3082 815 ἀλλὰ
3129 758 3220 812 καὶ
3272 756 3338 809 δι’
3377 751 3667 822 ἐπιστολῆς

441 863 765 935 signiﬁcavit
791 903 808 930 ,
875 880 995 920 eam
1074 878 1210 924 esse.
1257 880 1437 920 veram
1482 864 1641 920 ﬁdem
1683 879 1803 936 qua:
1853 878 1946 934 apu

2165 862 2329 935 ἡλωσε
2378 862 2488 922 τοῖς
2518 859 2608 912 ὑπ’
2649 853 2813 911 αὑτὸν
2840 854 2987 918 λαοῖς
3006 892 3021 916 ,
3059 850 3262 922 ταύτην
3300 845 3440 902 εἶναι
3480 846 3670 898 πίστιν

438 952 673 1012 Nicaeam
724 971 791 1013 ex
838 953 1115 1012 communi
1152 969 1422 1012 consensu
1472 956 1671 1011 tradita
1728 963 1832 1011 est.
1883 954 1943 1009 Et

2161 952 2290 1024 ηθῆ,
2323 952 2422 1021 τὴν
2460 947 2877 1021 ὁμολογηθεῖσαν
2904 948 2961 1000 ἐν
2998 947 3065 1015 τῇ
3099 943 3239 997 κατὰ
3274 940 3506 995 Νίκαιαν
3534 952 3666 991 συν-

437 1048 581 1103 enim
615 1062 681 1107 eo
726 1064 833 1119 quo
870 1049 955 1104 vol
983 1051 1043 1100 .it
1097 1047 1279 1114 modo,
1305 1049 1584 1105 excusavit
1614 1063 1675 1103 se
1723 1063 1818 1119 per
1851 1047 1940 1102 illa

2161 1063 2202 1117 ῳ
2224 1064 2237 1076 ·
2274 1047 2323 1100 εί
2351 1043 2460 1116 γὰρ
2479 1044 2573 1096 καὶ
2607 1041 2684 1105 ὡς
2717 1038 2979 1112 ἠθέλησεν
3025 1036 3396 1107 ἀπελογήσατο
3431 1032 3519 1085 διὰ
3562 1029 3666 1098 τῆς

437 1138 755 1209 Epistolam,
779 1155 938 1196 vocs
965 1149 1146 1195 tamen
1170 1139 1362 1213 synodi
1380 1155 1490 1195 non
1523 1137 1849 1209 repudiavit.
1883 1138 1942 1193 In

2165 1137 2408 1207 ειστολῆς,
2449 1135 2585 1189 ἀλλά
2622 1150 2686 1203 γε
2719 1133 2816 1197 τὰς
2856 1131 3027 1198 λέξεις
3062 1130 3161 1183 οὐκ
3188 1128 3489 1199 ἠρνήσατο·
3524 1121 3670 1177 ἀλλὰ

437 1226 671 1282 Arianos
709 1228 1001 1294 accusavit,
1055 1228 1199 1299 quod
1234 1245 1361 1285 cum
1400 1229 1686 1287 dicerent:
1717 1227 1837 1284 Non
1877 1245 1942 1284 er;

2163 1231 2192 1283 :l.
2223 1229 2568 1300 κατηγόρησε
2597 1226 2704 1280 τῶν
2745 1224 3065 1297 Ἀρειανῶν,
3097 1224 3179 1277 ὅτι
3228 1221 3503 1289 λέγοντες,
3546 1217 3668 1269 Οὐκ

437 1315 608 1374 Filius
628 1327 914 1391 antequam
940 1321 1252 1393 gigneretur
1274 1365 1290 1389 ,
1321 1337 1441 1379 eum
1491 1337 1560 1377 ne
1611 1326 1737 1376 ante
1779 1329 1935 1392 partu

2163 1346 2165 1366 ι
2201 1324 2329 1397 πρὶν
2361 1322 2653 1395 γενηθῆναι
2700 1323 2729 1376 6
2761 1320 2921 1385 Υἱὸς,
2952 1318 3071 1374 οὐδὲ
3102 1317 3207 1389 πρὸ
3252 1315 3469 1387 Μαρίας
3499 1312 3668 1368 αὑτὸν

437 1409 655 1479 quidem
687 1409 869 1467 Marize
894 1415 1170 1470 exstitisse
1207 1413 1559 1468 afﬁrmarent.

969 1415 1170 1470 stitisse
1207 1413 1559 1468 afﬁrmarent.
2097 1414 2286 1486 ἤθελον
2316 1410 2474 1468 εἶναι.

1470 1507 1617 1563 Idem
1643 1509 1698 1565 in
1727 1507 1950 1579 θρὶδιοία
1986 1508 2055 1563 ad
2082 1510 2352 1581 episcopos
2388 1509 2607 1579 Africaz.

492 1621 685 1697 rteque
710 1624 831 1697 ejus
859 1627 938 1682 rei
970 1626 1194 1699 ignarus
1237 1634 1358 1684 erat
1386 1625 1652 1684 Eusebius
1702 1622 1992 1698 episcopus

2166 1629 2278 1684 Καὶ
2324 1628 2481 1684 τοῦτο
2526 1627 2817 1696 ἐγίνωσκεν
2854 1623 3107 1688 Εὐσέϐιος
3135 1623 3164 1676 6
3206 1619 3492 1691 γενόμενος
3540 1615 3666 1669 ἐπί-

424 1714 806 1775 Casariensis.
833 1718 941 1786 Qui
971 1734 1095 1776 cum
1123 1720 1277 1791 prius
1318 1719 1707 1791 sull‘ragaretur
1726 1721 1929 1776 Arianit

2156 1738 2298 1786 tono;
2331 1721 2433 1791 τῆς
2462 1720 2816 1792 Καισαρείας,
2848 1717 3108 1789 πρότερον
3137 1714 3232 1788 μὲν
3267 1710 3569 1783 συντρέχων
3592 1711 3661 1777 τῇ

424 1816 617 1877 secta),
638 1818 829 1880 postea
856 1820 1039 1868 tamen
1058 1811 1259 1869 Nicaeni
1306 1815 1523 1869 concilii
1579 1813 1814 1869 decretis
1864 1830 1927 1869 su

2155 1814 2418 1885 ipatavutﬁ
2462 1811 2689 1882 αἱρέσει,
2726 1808 2949 1879 ὕστερον
2974 1807 3031 1861 δὲ
3071 1803 3389 1877 ὑπογράψας
3420 1804 3476 1855 ὲν
3518 1801 3660 1873 αὐτῇ

430 1900 675 1973 scripsit,
703 1910 761 1958 et
780 1905 924 1974 apud
952 1920 1085 1961 suos
1116 1905 1352 1978 idipsum
1378 1906 1624 1978 propriis
1677 1906 1876 1962 litteris
1921 1921 1935 1959 ε

2160 1928 2165 1976 ι
2196 1906 2253 1957 ὲν
2274 1903 2479 1974 Νικαία
2517 1900 2735 1971 συνόδῳ,
2772 1898 2976 1971 ἔγραψε
3006 1900 3118 1960 τοῖς
3151 1896 3297 1959 ἰδίοις
3327 1890 3665 1946 διαϐεϐαιού-

424 1989 686 2058 ﬁrmavit,
716 1994 875 2064 cujus
902 1995 1016 2052 haec
1053 1998 1216 2053 verba
1252 2007 1380 2057 sunt
1413 1997 1713 2055 :Novimus
1732 1998 1929 2069 quosda

2162 2011 2281 2059 ινος,
2305 1994 2387 2047 ὅτι
2416 1991 2509 2046 καὶ
2536 1989 2643 2043 τῶν
2668 1988 2911 2042 παλαιῶν
2933 1987 3082 2051 τινὰς
3106 1983 3316 2052 λογίους
3346 1982 3438 2036 καὶ
3463 1981 3667 2049 ἐπιφα-

428 2100 497 2140 ex
527 2086 727 2155 priscis
751 2088 995 2145 eruditos
1028 2096 1083 2145 et
1110 2092 1402 2161 praeclaros
1433 2093 1724 2157 antistites,
1753 2092 1933 2161 aliosql

2161 2089 2207 2151 ἰς
2239 2085 2566 2148 ἐπισκόπους
2616 2083 2710 2136 καὶ
2760 2079 3107 2152 συγγραφέας
3153 2076 3392 2146 ἔγνωμεν
3435 2073 3525 2125 ἐπὶ
3563 2072 3666 2143 τῆς

424 2177 750 2247 scriptores,
784 2195 909 2237 cum
936 2182 1004 2238 de
1035 2184 1214 2240 Patris
1236 2194 1290 2241 et
1319 2183 1442 2241 Filii
1467 2183 1677 2242 Deitate
1705 2184 1929 2255 loquere

2161 2178 2189 2232 ὖ
2215 2177 2425 2249 Πατρός
2454 2175 2547 2230 καὶ
2566 2172 2698 2229 Υίοῦ
2727 2174 2977 2244 θεότητος
2999 2169 3076 2241 τῷ
3105 2168 3197 2222 τοῦ
3223 2163 3504 2239 ὁμοουσίου
3529 2180 3666 2234 χρη-

428 2272 547 2332 tur,
561 2282 695 2324 voce
720 2272 1307 2331 consubstantialitatis
1328 2289 1460 2331 usos
1481 2289 1623 2331 esse.

1119 2275 1307 2331 tlitatis
1328 2289 1460 2331 usos
1481 2289 1623 2331 esse.
2100 2267 2362 2339 σαμὲνους
2383 2266 2624 2337 ὀνόματι.

500 2464 504 2473 ἱ
1267 2393 1414 2449 Idem
1445 2395 1500 2448 in
1530 2401 1763 2447 tractatu
1792 2391 1867 2448 De
1891 2388 2125 2463 Synodis
2167 2385 2399 2445 Arimini
2430 2392 2485 2440 et
2513 2383 2790 2440 Seleucia}.

493 2493 762 2557 Eusebius
789 2504 1005 2576 qucque
1027 2522 1093 2562 ex
1124 2507 1368 2564 Caesarea
1399 2507 1709 2574 Palestinee,
1750 2509 1807 2564 in
1859 2509 1995 2563 litte-

2180 2503 2240 2557 '0
2268 2501 2326 2555 δὲ
2365 2501 2476 2556 ἀπὸ
2505 2496 2839 2570 Καισαρείας
2866 2496 2967 2567 τῆς
2996 2492 3355 2561 Παλαιστίνης
3385 2485 3662 2551 Εὐσέϐιος,

426 2589 501 2646 ris
531 2592 599 2648 ad
628 2588 1049 2667 Euphrationem
1086 2601 1399 2672 episcopum
1424 2617 1533 2657 non
1553 2602 1758 2657 veritus
1785 2609 1868 2659 est
1893 2616 1928 2671 p

2156 2596 2325 2665 >άφων
2351 2593 2488 2665 πρὸς
2512 2589 2870 2663 Εὐφρατίωνα
2894 2589 2984 2642 τὸν
3009 2587 3320 2646 ἐπίσκοπον,
3345 2582 3444 2634 οὐκ
3463 2577 3661 2672 ἐφοϐή-

422 2681 531 2738 lam
552 2682 755 2756 dicere,
785 2687 1063 2749 Christum
1086 2708 1198 2749 non
1228 2707 1351 2750 esse
1373 2708 1558 2749 verum
1588 2692 1779 2750 Deum.

2161 2721 2163 2756 ι
2198 2683 2447 2756 φανερῶς
2475 2684 2647 2737 εἰπεῖν
2677 2683 2758 2737 ὅτι
2790 2684 2820 2735 6
2858 2680 3090 2752 Χριστὸς
3121 2678 3218 2733 οὐκ
3244 2676 3388 2730 ἔστιν
3413 2670 3666 2744 ἀληθινὸς

2094 2777 2245 2841 Θεός.

422 2946 427 2951 ι
940 2902 941 2905 η
1129 2873 1485 2945 Hieronymus
1519 2874 1575 2929 in
1608 2874 1832 2944 epistola
1860 2873 1930 2927 ad
1946 2871 2329 2943 Ctesiphontem
2357 2870 2607 2927 adversus
2631 2868 2973 2940 Pelagianos.

494 2959 720 3016 Fecerat
744 2963 849 3019 hoc
880 2973 935 3021 et
964 2965 1019 3021 in
1039 2969 1216 3024 sancti
1243 2967 1510 3040 Pamphili
1535 2968 1795 3041 martyris
1822 2968 2061 3034 nomine,
2090 2978 2150 3023 ut
2168 2969 2373 3025 librum
2417 2968 2654 3039 primum
2699 2981 2797 3022 sex
2852 2964 3117 3021 librorum
3164 2957 3498 3017 defensionis
3534 2955 3664 3015 Ori-

423 3056 579 3127 genis
604 3056 824 3116 Eusebii
851 3059 1226 3134 Caesariensis,
1256 3081 1420 3138 quem
1468 3065 1640 3122 fuisse
1691 3065 1979 3130 Arianum,
2018 3062 2203 3122 nemo
2242 3072 2329 3122 est
2375 3066 2470 3138 qui
2526 3064 2754 3133 nesciat,
2810 3060 3032 3118 nomine
3084 3055 3353 3128 Pamphili
3402 3052 3665 3127 martyris

422 3161 768 3224 praenotata.

1417 3252 1568 3309 Idem
1594 3253 1649 3307 in
1679 3251 1813 3307 libro
1839 3252 2065 3308 secundo
2090 3251 2371 3310 Adversus
2391 3250 2667 3309 Ruﬁnum.

494 3342 687 3398 Statim
711 3342 779 3401 de
807 3348 966 3416 portu
993 3347 1301 3418 egrediens,
1346 3363 1537 3403 navem
1573 3345 1819 3418 impegit.
1854 3342 2117 3402 Referens
2154 3347 2303 3402 enim
2326 3345 2393 3403 de
2420 3343 2682 3417 Apologia
2716 3339 2988 3412 Pamphili
3032 3337 3309 3411 martyris,
3338 3349 3504 3408 quam
3552 3348 3663 3393 nos

423 3436 644 3517 Eusebii
665 3439 992 3497 Arianorum
1014 3440 1303 3511 principis,
1330 3439 1707 3511 probavimus,
1733 3444 1841 3495 etc.

1426 3529 1576 3585 Idem
1605 3531 1659 3585 in
1690 3529 1823 3584 libro
1842 3531 2017 3601 primo
2038 3532 2316 3587 Adversus
2348 3527 2626 3585 Ruﬁnum.

492 3616 758 3677 Eusebius
781 3618 1137 3677 Caesariensis
1165 3621 1477 3694 episcopus,
1496 3622 1662 3693 cujus
1677 3638 1843 3693 supra
1866 3624 2109 3689 memini,
2133 3624 2189 3679 in
2220 3630 2376 3679 sexto
2404 3622 2547 3678 libro
2571 3621 2673 3693 τῆς
2699 3620 3051 3690 Ἀπολογίας
3077 3617 3347 3688 Origenis,
3384 3616 3491 3674 hoc
3512 3618 3657 3674 idem

410 3707 609 3776 objicit
631 3708 901 3765 Methodio
928 3711 1189 3783 episcopo
1214 3720 1267 3769 et
1290 3714 1537 3785 martyri,
1568 3714 1715 3785 quod
1747 3722 1807 3769 tu
1839 3715 1897 3769 in
1936 3715 2074 3770 meis
2123 3714 2380 3771 laudibus
2430 3713 2783 3780 criminaris;
2815 3723 2869 3769 et
2897 3711 3028 3767 dicit
3060 3730 3072 3766 :
3102 3731 3121 3762 ι
3153 3709 3438 3777 Quomodo
3480 3726 3655 3766 ausus

418 3807 505 3856 est
537 3799 842 3858 Methodius
864 3817 1011 3857 nunc
1034 3812 1231 3860 contra
1262 3803 1551 3876 Origenem
1590 3807 1854 3873 scribere,
1875 3806 1969 3877 qui
2008 3806 2123 3861 hare
2153 3813 2209 3863 et
2239 3806 2355 3862 haec
2400 3805 2469 3862 de
2511 3803 2761 3876 Origenis
2816 3805 3032 3858 locutus
3081 3811 3166 3859 est
3204 3802 3549 3874 dogmatibus
3580 3804 3603 3855 ?
3633 3822 3651 3854 ι

417 3892 539 3949 Non
558 3902 644 3950 est
665 3894 828 3965 hujus
856 3895 962 3952 loci
995 3912 1095 3967 pro
1124 3906 1361 3969 martyre
1378 3897 1547 3969 loqui.
1573 3896 1760 3969 Neque
1788 3898 1939 3955 enim
1956 3898 2137 3954 omnia
2161 3898 2215 3954 in
2243 3897 2381 3977 locis
2403 3897 2658 3953 omnibus
2690 3896 3007 3954 disserenda
3052 3902 3200 3951 sunt.
3249 3892 3408 3949 Nunc
3453 3894 3663 3964 tetigis-

418 4001 481 4043 se
504 3987 758 4055 suﬁiciat,
793 3988 897 4045 hoc
927 3990 997 4046 ab
1023 3989 1233 4046 Ariano
1257 3992 1478 4050 homine
1506 3991 1671 4063 obiici
1696 3992 2008 4049 clarissimo
2027 4002 2081 4049 et
2101 3991 2552 4065 eloquentissimo
2572 3993 2824 4062 martyri,
2857 3988 3004 4063 quod
3037 3996 3094 4045 tu
3121 3989 3179 4044 in
3217 4003 3304 4043 me
3358 3995 3413 4043 et
3446 3990 3660 4043 amicus

407 4081 633 4149 laudas,
681 4090 735 4139 et
759 4082 997 4142 otl'ensus
1024 4100 1276 4145 accusas.

1326 4203 1599 4270 Socrates,
1625 4203 1765 4260 ωλι
1794 4200 2050 4258 Historiae
2074 4202 2479 4268 ecclesiasticae,
2509 4216 2625 4271 cap.
2654 4199 2746 4257 9.5.

487 4311 754 4371 Eusebius
801 4314 1018 4385 quidem
1066 4315 1332 4388 Pamphili
1375 4318 1588 4386 scribit,
1644 4320 1829 4375 statim
1860 4324 1985 4389 post

2173 4317 2415 4380 Εὐσέϐιος
2447 4316 2543 4387 μὲν
2575 4312 2669 4369 οὖν
2698 4316 2727 4366 ό
2778 4312 3060 4386 Παμφίλου
3108 4312 3273 4386 φησὶν
3315 4312 3478 4375 εὐθὺς
3518 4310 3677 4383 μετὰ

414 4404 680 4475 synodum
710 4405 996 4478 Egyptios
1029 4408 1171 4463 inter
1194 4424 1255 4465 se
1294 4411 1654 4465 tumultuatos
1680 4424 1825 4475 esse,
1846 4423 1919 4463 cal

2160 4427 2183 4462 ν
2224 4407 2457 4472 σύνοδον,
2505 4407 2641 4479 πρὸς
2661 4406 2857 4478 ἑαυτὴν
2898 4405 3203 4472 στασιάζειν
3238 4404 3334 4476 τὴν
3358 4404 3665 4472 Αἴγυπτον,

413 4510 528 4550 sum
553 4499 818 4555 tumultus
851 4515 961 4555 non
1007 4500 1231 4558 addens.
1262 4501 1382 4568 Quo
1414 4501 1473 4556 ﬁt
1522 4511 1583 4557 ut
1627 4503 1682 4557 in
1725 4501 1918 4575 biiingu

2162 4516 2187 4552 ν
2212 4498 2389 4552 αἰτίαν
2415 4498 2489 4570 μὴ
2513 4497 2820 4571 προστιθείς
2836 4515 2850 4528 ο
2878 4497 2936 4563 ἐξ
2955 4492 3029 4551 ὧν
3056 4498 3149 4552 καὶ
3172 4494 3474 4565 διγλὼσσου
3500 4495 3667 4562 δόξαν

410 4590 780 4659 suspicionem
808 4593 1042 4660 venerit,
1071 4602 1359 4663 propterea
1406 4594 1554 4665 quod
1599 4594 1730 4649 dum
1782 4607 1915 4648 caus

2173 4593 2387 4665 τήσατο,
2420 4594 2521 4657 ὅτι,
2555 4591 2655 4654 τὰς
2685 4590 2861 4656 αἰτίας
2887 4589 3066 4660 λέγειν
3100 4590 3383 4655 ἐκκλίνων,
3420 4588 3499 4661 μὴ
3532 4606 3678 4643 συν-

412 4695 637 4737 narrare
662 4683 1009 4756 subterfugit,
1046 4687 1291 4741 indicare
1338 4687 1557 4741 videtur
1602 4701 1662 4742 se
1716 4687 1804 4741 his
1861 4700 1914 4755 qi

1602 4701 1662 4742 se
1716 4687 1804 4741 his
1861 4698 1982 4755 quae
2086 4685 2326 4740 ευδοκεῖν
2351 4689 2465 4749 τοῖς
2496 4688 2553 4739 ὲν
2583 4683 2787 4756 Νικαίᾳ
2818 4684 3085 4739 συνέθετο.

411 4772 553 4842 apud
579 4772 813 4828 Nicaeam
841 4776 1055 4830 decreta
1087 4761 1321 4842 fuerant,
1368 4779 1592 4833 minime
1627 4776 1905 4832 assentiri.

673 4888 1019 4946 Theodoritus
1041 4892 1096 4945 in
1126 4892 1552 4962 interpretatione
1588 4892 1840 4961 Epistola:
1864 4887 2023 4944 Pauli
2052 4887 2121 4941 ad
2147 4887 2418 4951 Hebrtros,
2448 4887 2514 4943 de
2548 4887 2765 4943 Arionis
2808 4889 3040 4959 loquens,
3068 4886 3144 4941 ita
3168 4885 3353 4941 scribit
3388 4899 3409 4940 :

482 5002 642 5071 Quod
664 5005 797 5062 sine
813 5006 920 5062 hoc
942 5007 1162 5078 quidem
1197 5008 1402 5064 sufﬁcit
1446 5009 1516 5065 ad
1544 5010 1623 5065 eis
1653 5008 1980 5080 persuaden-

2163 5007 2216 5059 Εἰ
2240 5006 2296 5058 δὲ
2338 5005 2474 5077 μηδὲ
2521 5005 2677 5060 τοῦτο
2710 5004 2890 5062 ίκανδν
2923 5008 3103 5058 πεῖσαι
3154 5006 3383 5068 αὐτοὺς,
3410 5003 3668 5075 Εὐσεϐίῳ

410 5094 565 5160 dum,
594 5096 828 5155 Eusebio
857 5107 1004 5155 certe
1028 5098 1320 5155 Palaestino
1363 5101 1582 5156 credere
1610 5116 1704 5157 eos
1730 5110 1915 5172 Oporlc

2162 5096 2213 5151 ἓν
2240 5098 2405 5169 ἐχρῆν
2430 5097 2718 5169 πεισθῆναι
2739 5099 2816 5169 τῷ
2843 5095 3197 5167 Παλαιστινῷ,
3227 5096 3286 5149 ὃν
3308 5096 3416 5151 τῶν
3439 5093 3667 5149 οἰκείων

409 5202 570 5257 quem
601 5194 890 5258 patronum
917 5202 1143 5243 suorum
1166 5188 1479 5258 dogmatum
1507 5188 1800 5259 appellant.

1566 5188 1800 5259 ipellant.
2080 5187 2364 5259 δογμάτων
2395 5188 2728 5269 ἀποκαλοῦσι
2758 5190 3071 5260 συνήγορον.

634 5303 912 5371 Antipater
940 5302 1255 5359 Bostromm
1279 5306 1548 5375 episcopus
1581 5305 1639 5359 in
1666 5304 1801 5360 libro
1829 5306 1999 5375 primo
2037 5305 2315 5361 Adversus
2359 5300 2579 5359 Eusebii
2610 5301 3022 5374 Apologeticum
3042 5314 3146 5372 pro
3174 5298 3432 5387 Origene.

479 5417 630 5487 Nego
674 5421 857 5471 tamen
901 5431 1025 5471 eum
1069 5417 1138 5471 ad
1189 5425 1435 5473 exactam
1479 5416 1977 5473 ecclesiastieorum

2163 5414 2263 5468 ῧὺκ
2317 5412 2487 5468 ἔτιδὲ
2538 5413 2674 5484 πρὸς
2719 5413 2823 5484 τὴν
2867 5411 2975 5464 τῶν
3029 5411 3315 5483 δογμάτων
3364 5410 3668 5483 ἀκρίϐειαν

407 5509 721 5580 dogmatum
751 5508 1118 5580 cognitionem
1150 5510 1484 5581 pervenisse.
1536 5509 1805 5576 Quocirca
1852 5525 1912 5579 pr

2162 5506 2281 5560 itcrat
2311 5507 2452 5576 φημὶ
2475 5506 2566 5559 τὸν
2598 5504 2765 5575 ἄνδρα
2783 5520 2797 5534 ·
2825 5502 2947 5557 ὅθεν
2973 5502 3307 5573 πολυμαθίας
3343 5502 3447 5573 μὲν
3471 5521 3667 5575 παρα·-

407 5598 631 5655 ῐιιὶεειιω
654 5600 872 5671 quidem
904 5601 1167 5657 doctrina:
1193 5610 1356 5673 atque
1380 5602 1704 5659 eruditionis
1748 5603 1912 5672 gloria

2163 5597 2350 5668 ρητέον
2397 5596 2568 5666 αὐτῷ,
2600 5595 2885 5665 δογμάτων
2919 5595 2976 5648 δὲ
3013 5595 3211 5663 γνῶσιν
3248 5594 3456 5649 οὐκέτι.
3494 5595 3668 5650 Ἀλλὰ

407 5691 458 5746 ei
489 5693 711 5747 omnino
740 5678 1143 5752 concedimus:
1190 5695 1501 5765 dogmatum
1532 5710 1661 5750 vero
1702 5695 1912 5750 notitiai

2160 5690 2345 5744 ιπάνυ
2398 5689 2622 5745 κατόπιν
2680 5688 2868 5743 τοῦτον
2916 5688 3011 5758 τῆς
3057 5685 3310 5757 τοιαύτης
3364 5686 3665 5757 ἀκριϐείας

410 5798 517 5837 non
560 5785 708 5841 item.
743 5784 884 5852 Quin
923 5787 1106 5858 potius
1136 5786 1203 5844 ab
1243 5793 1498 5843 accurata
1539 5786 1754 5844 illorum
1787 5802 1915 5859 cogn

2160 5783 2366 5854 ιόμενον
2396 5780 2752 5851 ἐπιστάμεθα.
2793 5787 2841 5838 Κ
2857 5782 2893 5837 tl
2919 5780 3066 5852 μετὰ
3088 5778 3326 5848 βραχέα
3348 5795 3361 5810 ·
3397 5780 3569 5837 Ὥστε
3596 5779 3665 5849 δὴ
