3812 6336
102 386 152 443 89
931 380 1294 442 VETERUM
1332 374 1751 441 TESTIHONIA
1785 373 2473 437 CONTRA‘EUSEBIUM.
2542 388 2545 391 ’
3292 381 3363 436 90

100 499 475 573 θιμὴδΰξωμεν
519 496 983 571 ἐπεμϐαίνειν
1014 502 1100 575 τῷ
1140 502 1314 574 ἀνδρὶ,
1349 502 1475 574 περὶ
1512 493 1575 555 οὗ

1852 513 1942 554 one
1972 511 2095 554 eum
2113 498 2304 567 procul
2323 493 2588 563 abfuisse,
2620 499 2955 565 compertum
2985 491 3266 549 habemus.
3290 493 3357 549 Et

98 596 308 669 πρϐιεεται
338 592 471 663 ἡμῖν
498 590 599 644 ἐπὶ
632 592 752 646 τοῦ
810 596 1137 666 παρόντος
1173 593 1364 661 λέγειν,
1394 594 1500 659 ἵνα,
1532 592 1603 663 βαι

1852 590 1950 645 mlo
1976 598 2094 659 post
2125 604 2145 642 :
2183 586 2369 656 Itaque
2411 602 2481 643 ne
2509 586 2717 642 homini
2749 586 3012 641 insultare
3055 584 3357 650 videamur,

98 691 265 752 νίζοντες
303 683 435 755 πρὸς
473 682 821 755 ἀκρίϐειαν
866 687 1005 759 τὴν
1050 687 1338 758 γενομένην
1357 684 1602 755 Ἀπολογί

1857 700 1864 733 ξ
1915 695 2024 750 quo
2056 694 2203 734 nunc
2231 678 2414 733 dicere
2456 678 2615 734 nobis
2646 676 2981 747 propositum
3010 692 3120 732 non
3156 686 3268 744 est,
3301 687 3362 733 ut

95 777 329 851 ιὲρξτικοὺς
356 768 774 846 ἀποδείξωμεν
838 779 1012 841 τοὺς
1046 775 1401 848 ἀμφοτέρους,
1439 774 1599 828 αὐτόν

1855 773 2201 842 pologeticum
2241 777 2498 826 accurate
2535 768 2929 836 cxaminantcs,
2964 775 3259 839 utrumque
3284 769 3360 823 si-

94 866 495 936 Δπλοπσάμενον
534 866 644 919 καὶ
689 866 825 919 τὸν
889 866 1062 938 ὑπὲρ
1103 867 1218 919 ὅτου
1260 864 1357 935 τὴν
1401 863 1599 931 ἀπολογ

1855 867 1908 919 ul
1936 865 2250 920 haeretieum
2277 879 2400 920 esse
2426 863 2812 931 ostendamus,
2841 871 2954 918 tum
2979 864 3125 917 hunc
3157 861 3248 931 qui
3273 861 3360 916 de—

96 956 298 1023 ευνέταᾷ.
326 957 433 1010 Καὶ
452 959 592 1026 μεθ’
615 958 878 1026 ἕτερα·
913 954 1007 1012 Τὸ
1028 957 1135 1029 γὰρ
1157 955 1419 1010 δεικνύναι
1445 954 1601 1008 σπεύε

1851 958 2096 1012 nsionem
2145 955 2401 1025 scripsit,
2439 962 2555 1009 tum
2591 955 2742 1009 illum
2778 953 2938 1023 cujus
2979 959 3064 1009 est
3104 957 3356 1021 suscepta

89 1056 154 1124 τὴν
168 1050 240 1105 τοῦ
256 1050 374 1103 rio?)
403 1050 549 1122 πρὸς
578 1050 688 1104 τὸν
728 1051 1024 1124 Πατέρα
1046 1049 1301 1104 ὑπόϐασιν
1321 1047 1521 1119 ὁμοίως
1543 1047 1594 1101 at

1850 1046 2058 1104 tfensio.
2107 1046 2175 1101 Et
2202 1047 2382 1115 paucis
2426 1045 2753 1114 interiectis:
2793 1042 2949 1110 Quod
2993 1043 3138 1099 enim
3171 1048 3355 1097 osten-

224 1142 535 1215 εερηκὸτςις,
585 1142 872 1215 πρῶτον
944 1144 1053 1211 μὲν
1094 1143 1152 1195 οὐ
1199 1139 1553 1211 ξενισϐὦμέν·

1852 1152 1921 1193 πθ
1951 1138 2188 1203 conaris,
2213 1136 2604 1205 subjectionem
2635 1132 2758 1189 Filii
2788 1149 2919 1205 erga
2952 1131 3166 1187 Patrem
3196 1144 3357 1199 quos-

88 1241 162 1307 τᾰρ
192 1238 266 1290 καὶ
296 1235 407 1290 τῶν
460 1235 607 1307 περὶ
664 1238 745 1290 σὲ
794 1239 843 1308 ἡ
918 1235 1152 1307 τοιαύτη
1183 1235 1339 1301 δόξα·
1395 1232 1517 1287 ὅθεν
1560 1250 1593 1285 ’π

1848 1246 1915 1285 un
1944 1229 2170 1301 perinde
2202 1245 2267 1284 ac
2318 1227 2604 1299 Origenem
2627 1228 2850 1291 dixisse,
2874 1227 3112 1296 primum
3134 1223 3353 1294 quidem

89 1329 222 1382 τούτου
245 1327 328 1380 ἐπὶ
368 1326 468 1379 τοῦ
504 1327 843 1400 παρόντος
866 1327 1064 1395 ’λόγος
1106 1327 1232 1397 ἡμῖν
1279 1325 1450 1389 οὐδεὶς
1467 1364 1482 1389 ,
1519 1324 1594 1379 πά

1849 1322 2012 1377 inime
2058 1322 2340 1376 miramur.
2393 1319 2517 1375 Haec
2551 1320 2695 1375 enini
2740 1326 2833 1374 tua
2862 1318 3049 1387 tuique
3090 1315 3352 1372 similium

90 1424 157 1492 μὲν
174 1422 496 1492 οὶκωμενικῆ
522 1419 810 1493 ζητήσει
845 1418 1267 1490 ὑτεοὸληθέντος
1297 1418 1389 1472 καὶ
1406 1417 1595 1488 ἀποκηι

1848 1412 1978 1467 iinio
2006 1419 2110 1468 est.
2158 1411 2316 1468 Unde
2343 1428 2508 1483 super
2542 1412 2644 1467 hoc
2676 1412 2927 1484 dogmate
2966 1409 3353 1481 impraesentia-

87 1515 255 1583 χθέντος.
1788 1521 1911 1560 rum
1950 1506 2135 1561 nullus
2167 1505 2327 1562 nobis
2366 1515 2451 1563 est
2476 1520 2679 1573 sermo,
2713 1519 2837 1560 cum
2879 1500 3178 1575 praesertim
3208 1500 3353 1571 jam-

85 1610 231 1679 pridem
251 1607 589 1665 universalis
614 1607 871 1680 synodi
907 1607 1272 1678 inquisitione
1293 1605 1593 1677 projectum
1613 1603 1684 1659 sit
1715 1610 1879 1673 atque
1905 1600 2238 1657 damnatum.

1014 1719 1097 1774 Ea:
1136 1720 1333 1792 synodo
1377 1721 1599 1789 septima
1644 1716 1983 1780 meumenica,
2022 1718 2229 1771 actione
2288 1725 2459 1770 sexta.

126 1814 317 1887 Τξτᾶρ
363 1813 469 1867 οὐκ
511 1812 683 1883 ἔγνω
730 1812 874 1867 τῶν
928 1812 1145 1867 πιστῶν
1198 1810 1547 1883 Ἐκκλησίας,
1591 1830 1631 1865 κη

1857 1806 1991 1873 Quis
2018 1809 2163 1861 enim
2202 1807 2441 1862 ﬁdelium
2475 1805 2733 1861 Ecclesia:
2760 1814 2813 1861 et
2842 1819 3029 1861 eorum
3060 1804 3156 1874 qui
3193 1820 3347 1860 vero-

81 1902 222 1971 ῃύπν
245 1901 550 1973 εἰληφότων
582 1903 926 1975 ἀληθινῶν
972 1901 1277 1972 δογμάτων,
1310 1901 1391 1953 ὅτι
1424 1899 1586 1952 Εὑσέε

1841 1913 1906 1951 Im
1930 1897 2243 1968 dogmatum
2267 1899 2548 1955 scientiam
2575 1905 2953 1970 perceperunt,
2974 1898 3186 1970 ignorat
3203 1898 3346 1967 quod

77 1998 368 2068 ὁῐίιμφίλου,
395 1998 486 2060 εἰς
522 1995 848 2068 ἀδόκιμον
886 1993 1030 2047 νοῦν
1065 1992 1405 2065 παραδοθεὶς,
1427 1992 1582 2063 ὁμόδο

1841 1992 2055 2046 usebius
2091 1986 2361 2061 Pamphili
2400 1992 2454 2045 in
2502 1990 2793 2061 reprobum
2836 2005 3058 2045 sensum
3091 1985 3346 2052 traditus,

78 2090 140 2141 ui
176 2088 413 2160 ςὺμφρων
465 2088 700 2159 γέγονε
760 2089 902 2150 τοῖς
962 2085 1039 2140 τὰ
1094 2084 1299 2156 Ἀρείου
1348 2082 1583 2156 θρησκεύ

1841 2082 2026 2138 usdem
2067 2084 2342 2154 opinionis
2402 2092 2457 2139 et
2513 2098 2709 2140 sensus
2748 2081 2911 2137 fuerit
2957 2097 3081 2136 cum
3135 2080 3220 2136 his
3255 2081 3346 2152 qui

74 2180 354 2247 ςτνςιτλ.
1781 2176 1897 2231 Arii
1945 2176 2276 2247 impietatem
2336 2178 2510 2232 secuti
2558 2178 2719 2231 sunt?
2766 2177 2823 2231 lu
2861 2177 3118 2232 omnibus
3149 2173 3350 2244 quippe

310 2272 430 2328 suis
466 2271 660 2327 libris
687 2278 1055 2326 creaturam
1112 2265 1307 2320 Filium
1336 2274 1390 2321 et
1435 2263 1671 2322 Verbum
1699 2264 1791 2321 Dei
1827 2276 2006 2334 vocat,
2037 2279 2092 2324 et
2121 2269 2434 2324 ministrum
2468 2278 2523 2324 et
2553 2268 2853 2325 secundum
2888 2268 3247 2322 adorabilem.
3280 2264 3343 2322 Si

73 2377 158 2417 rae
179 2362 383 2433 quidam
416 2362 594 2420 hunc
646 2358 1067 2417 defendentes
1098 2355 1308 2421 dicunt,
1343 2358 1740 2429 subscripsisse
1770 2359 1829 2414 in
1873 2359 2115 2431 synodo;
2145 2361 2514 2419 concedamus
2546 2362 2621 2416 ita
2656 2359 2847 2417 fuisse.
2901 2359 3009 2415 Sed
3040 2359 3199 2416 labiis
3231 2357 3347 2415 suis

73 2460 283 2512 veritam
320 2456 684 2523 honoravit,
741 2474 861 2515 cor
897 2468 1095 2516 autem
1132 2461 1287 2532 longe
1316 2460 1416 2517 fuit
1466 2462 1535 2517 ab
1571 2477 1659 2527 ea,
1696 2470 1757 2516 ut
1785 2464 2085 2519 ostendunt
2116 2464 2242 2519 libri
2272 2463 2394 2533 ejus
2425 2472 2480 2519 et
2511 2462 2756 2534 epistola
2798 2476 3013 2518 omnes.
3048 2459 3188 2516 Cum
3217 2473 3348 2529 ergo

70 2550 346 2623 uitantque
377 2552 565 2608 aliter
599 2552 972 2609 secundum
1012 2562 1227 2625 tempus
1251 2561 1304 2610 et
1333 2570 1531 2611 causas
1560 2570 1894 2627 conspersus
1923 2557 1994 2613 sit
2026 2567 2188 2627 atque
2214 2566 2453 2614 mutatus
2480 2597 2497 2621 ,
2533 2555 2829 2627 aliquando
2859 2555 3093 2611 laudans
3121 2570 3185 2613 ea
3224 2569 3348 2623 qua:

71 2652 156 2696 snt
180 2645 277 2699 Arii
299 2646 669 2713 sentientes,
705 2646 1054 2717 aliquando
1080 2640 1206 2703 vero
1230 2649 1513 2703 veritatem
1540 2648 1805 2704 simulans
1827 2688 1841 2711 ,
1876 2658 2102 2719 apparet
2137 2664 2260 2703 eum
2293 2648 2465 2705 fuisse
2491 2649 2672 2703 virum
2699 2649 2905 2719 duplici
2936 2647 3142 2711 animo,
3176 2653 3235 2702 ut
3266 2646 3346 2700 ait

66 2735 236 2794 iambus
260 2736 435 2794 frater
464 2736 764 2804 Domini,
806 2737 1146 2793 instabilem
1174 2739 1229 2793 in
1253 2739 1506 2795 omnibus
1535 2739 1639 2794 viis
1665 2739 1802 2795 suis.
1830 2738 1940 2793 Nec
1968 2739 2240 2809 quispiam
2266 2740 2541 2796 existimet
2566 2741 2715 2795 illum
2749 2747 3101 2810 accepturum
3134 2738 3344 2809 aliquid

68 2827 303 2883 abomino.
340 2827 405 2883 Si
439 2829 622 2885 enim
664 2828 871 2882 corde
916 2827 1245 2884 credidisset
1281 2829 1348 2884 ad
1377 2830 1671 2900 justitiam,
1699 2835 1754 2884 et
1794 2843 1889 2883 ore
1930 2828 2217 2886 confessus
2247 2839 2395 2887 esset
2426 2832 2482 2885 in
2513 2832 2745 2887 salutem
2787 2848 2973 2888 verum
3004 2846 3337 2894 sermonem,

66 2921 193 2991 dique
218 2937 311 2992 pro
348 2922 613 2993 scriptis
640 2922 789 2977 suis
825 2921 1061 2976 veniam
1088 2924 1437 2992 postulasset,
1475 2923 1673 2979 horum
1707 2922 2107 2978 correctionem
2137 2924 2345 2981 faciens
2374 2944 2389 2993 ;
2423 2934 2476 2983 et
2500 2941 2598 2998 pro
2631 2926 2879 2997 epistolis
2932 2928 3048 2983 suis
3082 2925 3329 2997 profecto

66 3013 372 3071 satisfecisset.
419 3014 550 3072 Sed
603 3016 736 3069 hoc
786 3013 1131 3070 nullatenus
1160 3013 1308 3071 fecit.
1342 3014 1541 3071 Mansit
1569 3015 1715 3071 enim
1760 3017 1905 3070 sicut
1942 3015 2196 3087 [Ethiops
2227 3033 2335 3072 non
2371 3025 2577 3073 mutata
2614 3019 2772 3089 pelle.
2808 3017 3053 3091 Denique
3097 3035 3221 3075 cum
3255 3020 3343 3075 in-

69 3116 402 3176 terpretaretur
465 3108 660 3162 Dixit
698 3105 1004 3161 Dominus
1044 3106 1265 3160 Domino
1293 3147 1309 3171 ,
1345 3107 1487 3162 Deus
1522 3124 1669 3162 meus
1701 3124 1754 3162 es
1788 3116 1867 3172 tu,
1900 3117 2055 3164 extra
2084 3124 2333 3165 veracem
2365 3126 2584 3167 sensum
2600 3111 2869 3169 excedens
2897 3112 2977 3168 sic
3008 3111 3084 3166 ait
3120 3130 3141 3167 ε,
3171 3129 3191 3162 ι
3230 3110 3333 3169 Lc-

60 3199 170 3266 ὡδί
187 3209 409 3267 naturae,
448 3200 678 3255 omnis
716 3197 839 3252 ﬁlii
881 3205 1065 3268 pater,
1098 3198 1352 3254 dominus
1377 3208 1462 3255 est
1488 3200 1676 3271 utique
1711 3200 1862 3269 ejusf;
1901 3207 1958 3256 et
1990 3200 2197 3256 idcirco
2227 3203 2494 3273 unigeniti
2539 3202 2667 3259 Filii
2692 3202 2787 3259 Dei
2830 3203 2947 3273 ipse
2995 3204 3089 3274 qui
3134 3205 3324 3275 genuit

57 3307 144 3346 eam
165 3290 304 3360 Deus,
334 3294 528 3352 simul
570 3300 644 3348 et
686 3292 864 3348 Deus
897 3299 958 3347 et
986 3290 1250 3350 Dominus
1278 3301 1331 3349 et
1359 3292 1523 3349 Pater
1549 3303 1685 3351 est.»
1725 3295 1987 3352 Similiter
2009 3302 2063 3352 et
2088 3296 2145 3352 in
2184 3297 2413 3368 epistola
2441 3298 2510 3352 ad
2535 3307 2786 3354 sanctum
2806 3296 3175 3354 Alexandrum
3204 3314 3332 3368 pra:-

57 3395 265 3453 reptorem
291 3390 494 3462 magni
529 3387 892 3443 Athanasii
916 3385 1154 3451 directa,
1187 3387 1344 3458 cujus
1373 3388 1591 3446 initium
1619 3399 1704 3448 est
1736 3410 1749 3446 :
1777 3411 1797 3444 ‹
1838 3392 1974 3448 Cum
2002 3400 2205 3464 quanta
2225 3391 2594 3448 sollicitudine
2613 3401 2667 3446 et
2692 3390 3016 3461 aegritudine
3040 3390 3209 3444 animi
3236 3390 3338 3444 has

57 3479 208 3537 litteras
230 3483 490 3540 scribere
526 3495 891 3555 aggressus
925 3479 1050 3543 sim,
1090 3486 1246 3546 ietc.,
1278 3482 1521 3552 apertius
1547 3483 1935 3555 blaSphemans
1956 3486 2037 3542 sic
2066 3485 2142 3539 ait
2169 3486 2237 3540 de
2258 3483 2391 3538 Ario
2418 3490 2474 3540 et
2500 3483 2623 3554 ejus
2646 3483 2873 3540 asseclis
2906 3501 2950 3537 ει
2978 3481 3342 3537 Calumnian-

54 3580 113 3625 tat
131 3575 428 3631 eoslittera:
459 3586 625 3641 tuae,
668 3587 971 3645 tanquam
999 3571 1261 3639 dicentes,
1293 3575 1421 3645 quia
1434 3574 1605 3631 Filius
1630 3592 1697 3633 ex
1725 3593 1832 3632 non
1859 3578 2253 3634 exsistentibus
2284 3576 2465 3631 tactus
2494 3583 2598 3641 est,
2624 3575 2767 3630 sicut
2788 3587 2934 3629 unus
2962 3587 3031 3628 ex
3056 3572 3337 3629 omnibus.

53 3663 98 3716 .tt
120 3663 178 3719 illi
203 3669 590 3738 protulerunt
625 3664 964 3737 epistolam
979 3677 1140 3733 quam
1168 3665 1235 3719 ad
1266 3674 1319 3721 te
1350 3664 1595 3721 fecerant
1622 3684 1635 3720 :
1666 3666 1720 3721 in
1741 3683 1850 3737 qua
1889 3666 2051 3722 ﬁdem
2086 3682 2242 3723 suam
2267 3671 2624 3736 exponentes,
2651 3664 2787 3734 ipsis
2829 3661 3013 3719 verbis
3052 3661 3169 3718 haec
3197 3676 3334 3718 con-

52 3756 322 3815 liniantur:
354 3760 545 3833 Legis
576 3757 893 3814 videlicet
924 3771 990 3810 ac
1011 3753 1408 3827 Prophetarum
1459 3765 1515 3814 et
1546 3757 1680 3814 Novi
1716 3759 2052 3816 'l'estamenti
2094 3759 2261 3815 Deum
2296 3759 2554 3830 genuisse
2581 3756 2776 3812 Filium
2827 3755 3168 3827 unigenitum
3211 3760 3338 3809 ante

51 3856 235 3917 tespor:
254 3860 505 3915 anei-na,
542 3865 671 3921 per
699 3861 892 3920 quem
922 3854 979 3901 et
1003 3846 1184 3900 omnia
1206 3855 1260 3902 et
1299 3848 1497 3904 saecula
1527 3848 1655 3905 fecit
1687 3869 1700 3906 :
1734 3852 1992 3922 genuisse
2013 3860 2192 3907 autem
2216 3866 2344 3907 eum
2381 3866 2490 3906 non
2515 3850 2756 3921 putative
2786 3848 2880 3904 sed
2910 3862 3060 3913 vere,
3118 3861 3184 3902 ac
3210 3860 3339 3903 con-

50 3946 235 4001 stituisse
286 3948 553 4018 propria
621 3945 968 4006 voluntate,
1015 3939 1483 3998 inconvertibilcm
1512 3984 1528 4011 ,
1578 3953 1885 4000 creaturam
1916 3945 2010 4002 Dei
2044 3944 2367 4016 perfectam,
2417 3945 2512 4000 sed
2552 3959 2663 3999 non
2701 3944 2851 3998 sicut
2888 3956 3052 3996 uuam
3080 3954 3148 3994 ex
3181 3952 3336 3996 crea-

54 4036 171 4091 turis.
206 4037 261 4092 Si
311 4055 461 4111 ergo
495 4038 747 4092 litterae
790 4034 1051 4104 ipsorum
1080 4032 1366 4089 veritatem
1396 4032 1612 4097 dicunt,
1646 4035 1838 4104 utique
1865 4035 2005 4105 apud
2044 4043 2096 4089 te
2123 4034 2393 4089 habentur
2425 4052 2438 4088 :
2468 4033 2522 4088 in
2556 4031 2757 4103 quibus
2782 4029 3111 4085 conﬁtentur
3133 4025 3335 4081 Filium

49 4127 239 4187 Mante
268 4140 556 4204 tempora
598 4140 860 4192 aeterna,
888 4141 988 4196 per
1016 4141 1178 4196 quem
1210 4126 1338 4182 fecit
1368 4136 1422 4182 et
1452 4129 1802 4194 saacula,esse
1831 4129 2301 4202 inconvertibilem
2330 4135 2384 4183 et
2417 4126 2915 4183 incommutabilem
2944 4132 2999 4179 et
3025 4130 3333 4179 creaturam

50 4218 114 4275 Dei
137 4224 461 4294 perlectam,
500 4224 633 4282 sed
674 4238 795 4280 non
826 4221 979 4278 sicut
1014 4236 1179 4276 unam
1206 4238 1273 4277 ex
1296 4226 1591 4280 creaturis.
1626 4223 1799 4280 Porro
1818 4226 2048 4298 epistola
2083 4233 2175 4279 tua
2207 4225 2576 4280 calumniatur
2603 4238 2698 4285 eos
2718 4263 2732 4291 ,
2776 4229 3036 4290 tanquam
3081 4219 3332 4274 dicentes

47 4316 137 4379 quia
158 4315 323 4375 Filius
346 4318 567 4373 factus
610 4321 717 4372 est
742 4313 900 4369 sicut
926 4328 1070 4367 unus
1096 4328 1162 4368 ex
1190 4315 1467 4371 omnibus.
1504 4314 1641 4372 Vide
1666 4332 1797 4387 ergo
1839 4334 1906 4373 ne
1929 4318 2011 4374 eis
2039 4316 2223 4372 statim
2261 4317 2479 4375 occasio
2520 4315 2679 4369 detur
2711 4304 3141 4383 reprehendendi
3170 4309 3332 4382 quid-

48 4405 139 4471 εξεξᾶ
158 4409 456 4467 voluerint.
488 4409 747 4462 Iterum
781 4402 1090 4472 objiciebas
1126 4419 1221 4459 eos
1246 4405 1455 4461 dixisse
1488 4424 1501 4460 :
1532 4407 1635 4474 Qui
1656 4416 1756 4473 est,
1789 4424 1905 4462 eum
1928 4407 2017 4479 qui
2044 4424 2146 4460 non
2164 4417 2300 4473 erat,
2320 4407 2517 4476 genuit.
2546 4403 2711 4460 Miror
2732 4412 2911 4458 autem
2938 4403 2982 4458 si
3004 4402 3176 4472 possit
3201 4400 3328 4473 quis

48 4500 163 4552 nitet
185 4503 371 4558 dicere
395 4521 413 4555 :
477 4501 541 4557 si
594 4497 774 4554 enim
814 4511 963 4550 unus
993 4505 1077 4552 est
1106 4498 1332 4568 quiest,
1367 4499 1613 4569 profecto
1654 4517 1723 4556 ex
1772 4505 1891 4572 ipso
1920 4501 2121 4555 factum
2151 4510 2235 4556 cst
2283 4516 2443 4555 omne
2473 4500 2617 4569 quod
2663 4496 2747 4553 est
2774 4512 2897 4551 cum
2927 4496 3064 4566 ipso.
3100 4495 3159 4548 Si
3198 4509 3329 4550 vero

50 4604 123 4641 his
142 4593 281 4649 solus
306 4595 441 4664 ipse
467 4599 582 4650 est
627 4609 646 4645 :
687 4588 790 4644 sed
823 4593 881 4643 et
905 4586 1077 4644 Filius
1112 4598 1227 4644 erat
1254 4592 1348 4661 qui
1379 4601 1494 4657 est,
1529 4584 1951 4671 quomodogeum
1978 4592 2072 4663 qui
2117 4600 2235 4647 erat
2265 4592 2516 4663 gignebat
2540 4591 2630 4661 qui
2662 4587 2782 4645 est?
2805 4588 2894 4642 Sic
2920 4587 3065 4642 enim
3105 4588 3213 4642 duo
3242 4601 3329 4641 ρει

47 4696 132 4737 teat
155 4690 243 4757 qui
276 4696 448 4744 sunt.
491 4705 518 4740 ι
562 4684 653 4739 Et
684 4683 811 4737 haec
835 4680 1061 4752 quidem
1094 4680 1364 4740 Eusebius
1385 4685 1452 4739 ad
1490 4686 1882 4741 Alexandrum.
1909 4684 2015 4742 Sed
2045 4693 2101 4741 et
2129 4676 2247 4740 aliae
2276 4685 2411 4761 ejus
2432 4684 2676 4759 epistolae
2721 4683 2789 4738 ad
2818 4682 3066 4757 eumdem
3090 4690 3331 4746 exstant,

49 4775 85 4827 in
120 4781 307 4849 quibus
360 4775 995 4836 inveniuntur-mariue
1042 4775 1411 4846 blasphemim.
1447 4776 1555 4833 Sed
1603 4787 1657 4835 et
1696 4762 1787 4851 ad‘
1814 4779 2240 4851 Euphrationem
2272 4766 2599 4849 episc0pum
2628 4777 2899 4841 scribens,
2935 4762 3329 4845 apertiushlas-

47 4870 241 4932 thema.
297 4876 506 4946 Cujus
539 4869 829 4943 cpistola:
860 4869 1080 4923 initium
1104 4880 1225 4925 est:
1257 4891 1275 4923 ε
1312 4871 1545 4929 Domino
1566 4890 1688 4929 meo
1712 4890 1808 4945 per
1838 4877 2016 4931 omnia
2044 4875 2248 4948 gratias
2277 4889 2397 4945 ago.
2432 4891 2455 4951 ι¹
2477 4871 2546 4925 Et
2568 4872 2727 4943 paulo
2760 4879 2877 4951 post
2904 4885 2922 4923 :
2979 4891 2998 4920 ι
3035 4854 3339 4949 Νοῃζρῐιίμιι.
3420 4858 3435 4875 “

44 4963 165 5019 simul
192 4984 320 5023 cum
368 4966 579 5021 Patre
623 4961 843 5017 Filium
893 4960 1066 5015 fuisse
1107 4959 1362 5029 fatemur,
1404 4965 1499 5021 sed
1529 4965 1744 5021 Patrem
1776 4974 1903 5021 ante
1933 4964 2130 5020 Filium
2159 4963 2462 5020 exstitisse.
2508 4960 2667 5018 Certe
2707 4962 2823 5034 ipse
2870 4958 3043 5043 Filius
3087 4956 3329 5039 Dci,‘qui

42 5064 174 5131 mgis
192 5066 389 5119 omnia
420 5061 687 5133 liquido
716 5057 903 5120 novit,
937 5056 1101 5110 alium
1126 5074 1185 5114 se
1207 5073 1239 5112 a
1267 5058 1431 5116 Patre
1451 5069 1506 5117 et
1534 5063 1805 5118 minorem
1833 5071 1997 5139 atque
2020 5060 2337 5117 inferiorem
2364 5060 2569 5131 sciens,
2590 5060 2886 5138 admodum
2920 5058 3005 5127 pie
3034 5058 3138 5112 hoc
3163 5057 3339 5127 etiam,

45 5166 117 5206 Ias
135 5156 291 5212 docet
318 5160 565 5213 dicens
606 5174 622 5209 :
662 5152 845 5207 Pater
874 5151 966 5220 qui
994 5153 1137 5206 misit
1170 5170 1269 5219 me,
1301 5156 1476 5226 major
1498 5172 1576 5212 me
1604 5167 1682 5213 est
1704 5159 1786 5212 “.i
1810 5157 1876 5213 Et
1892 5166 2009 5227 post
2028 5157 2139 5229 alia
2160 5172 2179 5211 :
2198 5176 2216 5210 ι
2244 5155 2380 5215 Nam
2402 5163 2456 5213 et
2482 5152 2600 5229 ipse
2621 5155 2837 5228 quidem
2856 5153 3026 5210 Filius
3056 5152 3200 5209 Deus
3222 5157 3326 5219 est,

42 5248 112 5298 Qui
142 5267 247 5305 non
268 5267 474 5308 πει-ηε
517 5250 691 5303 Deus
721 5265 775 5298 ,ι
820 5244 906 5298 Ex
939 5246 1025 5301 his
1051 5262 1179 5318 ergo
1225 5250 1447 5322 scriptis
1479 5251 1598 5321 ejus
1624 5250 1953 5321 ostenditur,
2000 5249 2115 5304 Arii
2140 5257 2194 5304 et
2223 5250 2563 5320 comparium
2592 5250 2711 5321 ejus
2735 5250 2995 5319 dogmata
3009 5230 3325 5319 pra‘alicare.

46 5335 91 5386 £1
110 5344 255 5404 mlo
284 5353 423 5413 post
441 5361 462 5396 :
489 5358 513 5387 ι
536 5339 744 5409 Hujus
777 5353 916 5407 ergo
940 5336 1190 5399 factionis
1220 5344 1386 5398 etiam
1419 5342 1689 5398 Eusebius
1737 5346 2008 5403 exsistens
2030 5381 2048 5407 ,
2082 5341 2226 5407 sicut
2267 5342 2705 5413 demonstratum
2736 5350 2819 5399 est
2849 5351 2961 5409 tam
2990 5357 3058 5399 ex
3079 5341 3339 5413 epistolis,

42 5443 168 5494 tum
192 5453 264 5492 ex
294 5420 648 5493 historicis
678 5430 815 5501 ejus
839 5432 1196 5502 conscriptis,
1232 5435 1526 5506 imaginem
1550 5435 1754 5491 Christi
1790 5444 2050 5507 tanquam
2079 5435 2525 5506 TheOpassianus
2552 5435 2906 5506 abjicit,ietc.
2932 5498 2935 5501 λ

940 5544 1159 5603 Photius
1188 5551 1241 5605 in
1269 5552 1493 5621 epistola
1523 5553 1645 5620 LM,
1675 5553 1744 5607 ad
1771 5554 2174 5610 Constantinum
2196 5554 2499 5623 patricium.
2732 5590 2735 5593 -
2832 5592 2835 5595 λ

90 5636 360 5706 Εὐσέόως,
398 5641 441 5693 ὁ
473 5635 595 5691 τοῦ
625 5634 943 5707 Παμφίλου
981 5636 1087 5691 εἴτε
1124 5638 1327 5706 δοῦλος,
1357 5642 1469 5698 εἴτε
1499 5661 1595 5705 συν

1840 5646 2107 5703 Eusebius
2138 5646 2247 5711 ille,
2271 5645 2547 5715 Pamphili
2569 5644 2682 5699 sive
2706 5657 2927 5709 servus,
2949 5643 3063 5699 sive
3093 5642 3334 5707 amicus,

48 5719 133 5791 53;,
154 5729 237 5781 ὅτι
273 5731 393 5800 μὲν
436 5724 865 5799 Ἀρειανισμῷ
892 5724 1049 5796 ἑάλω,
1083 5730 1242 5801 βοῶσι
1283 5733 1384 5807 μὲν
1404 5735 1553 5792 αὐτοί

1825 5736 2079 5793 rianismo
2126 5735 2360 5793 inlectus
2406 5735 2541 5791 fuit.
2586 5731 2851 5789 llo¢lihri
2895 5734 2964 5790 ab
2994 5733 3088 5788 illo
3131 5729 3330 5803 δοτῆρα

130 5846 147 5873 ⁸
174 5843 344 5903 Icari.
387 5861 539 5914 XIV,
574 5842 673 5899 28.
