3812 6318
516 353 583 413 9!
1333 350 1673 411 VETERUM
1711 350 2134 410 TESTIMONIA
2172 349 2452 407 CONTRA
2489 348 2858 407 EUSEBlUM.
3687 350 3751 408 ιε

517 474 774 535 clamant.
813 472 973 530 Hunc
1015 472 1265 529 morbum
1309 472 1526 528 tandem
1578 473 1778 530 invitus
1813 473 1929 544 ipse
1962 488 2075 529 coni

2197 470 2371 542 βιϐλία
2390 486 2403 501 ’
2432 470 2526 524 καὶ
2552 470 2713 533 αὐτὸς
2739 469 2796 523 δὲ
2826 466 3262 539 μεταμελόμενος
3284 466 3444 540 δῆθεν
3470 468 3564 521 καὶ
3589 470 3751 538 ἄκων,

518 572 698 629 fessus
726 576 847 633 est,
896 566 991 622 sed
1028 565 1258 635 ipsamet
1280 566 1651 634 resipiscentia
1686 579 1784 619 sua
1831 565 2003 635 magis
2034 581 2093 622 se

516 661 771 732 patefecit
815 674 921 712 non
966 657 1281 727 resipuisse.
1317 654 1427 711 Nec
1454 654 1598 710 enim
1632 670 1728 725 per
1764 656 2089 726 apologiam,

452 784 459 791 ο
517 759 575 807 ut
606 749 778 805 videri
829 749 1024 814 voluit,
1062 748 1355 818 persuadet
1402 762 1461 802 se
1501 761 1533 800 a
1573 746 1743 816 priori
1784 747 1975 802 haeresi
2007 764 2092 804 re-

517 841 776 902 cessisse,
814 847 907 893 aut
939 848 1143 893 sancta:
1192 844 1246 892 et
1282 835 1578 890 universali
1613 836 1821 907 synodo
1864 851 2091 891 consen-

516 930 621 985 tire
653 928 789 985 :sed
832 929 1144 998 prodigiose
1173 925 1630 991 comminiscitur,
1681 926 1974 980 homoousii
2001 942 2089 983 se-

517 1028 757 1076 ctatores
787 1020 840 1075 in
867 1020 1042 1090 ipsius
1068 1035 1289 1075 sensum
1316 1020 1623 1081 transiisse,
1650 1026 1703 1072 et
1746 1019 1800 1072 in
1833 1032 1932 1072 sua
1958 1033 2088 1073 sen-

520 1112 688 1167 tentia
726 1111 890 1167 simul
923 1111 1285 1181 acquievisse.
1329 1109 1443 1164 Hoc
1484 1109 1560 1163 ita
1592 1123 1715 1164 esse
1762 1122 1884 1161 cum
1919 1108 2087 1162 multa

518 1202 624 1256 alia
664 1201 1127 1263 contirmant,tum
1159 1216 1322 1270 quam
1358 1200 1580 1269 scripsit
1626 1199 1693 1253 ad
1741 1213 1872 1253 suos
1905 1198 2088 1255 Caesa-

516 1292 728 1347 rienses
756 1293 1008 1364 epistola.
1036 1290 1141 1347 Sed
1165 1291 1310 1362 quod
1332 1298 1390 1346 ut
1410 1291 1479 1345 ab
1504 1290 1661 1345 initio
1690 1289 1805 1343 Arii
1837 1289 2087 1360 dogmata

518 1383 670 1448 fovit,
700 1386 774 1438 ita
808 1384 873 1437 ad
906 1384 1064 1438 tinem
1108 1385 1232 1439 vitae
1261 1399 1324 1439 ea
1361 1382 1615 1453 amplecti
1657 1396 1765 1438 non
1795 1382 2084 1446 destiterit,

516 1474 762 1545 plerique
802 1475 1130 1544 intelligunt,
1160 1484 1214 1530 et
1242 1475 1412 1529 multa
1446 1484 1577 1529 sunt
1619 1489 1739 1545 qua:
1769 1473 1926 1528 tacile
1959 1488 2083 1542 per-

514 1569 768 1621 suadent.
798 1564 952 1631 Quod
985 1581 1114 1620 vero
1146 1564 1396 1635 Origenis
1428 1564 1617 1618 morbo
1648 1570 1904 1633 praeterea
1934 1562 2085 1616 labo-

513 1659 655 1713 ravit
695 1673 805 1728 quo
859 1658 948 1712 ille
995 1658 1301 1720 tenebatur,
1335 1657 1545 1712 scilicet
1596 1664 1787 1710 contra
1840 1654 2082 1708 omnium

514 1748 753 1803 futuram
803 1748 1109 1818 generalem
1164 1749 1660 1812 resurrectionem,
1712 1754 1766 1803 et
1817 1749 2081 1817 plurimos

2192 562 2291 633 τὴν
2317 561 2470 615 νόσον
2503 560 2848 632 ἀνομολογεῖ·
2885 558 2989 612 κᾶν
3018 561 3084 630 τῇ
3120 556 3446 629 μεταμελείᾳ
3472 556 3528 610 δὲ
3565 559 3750 629 μᾶλλον

2194 652 2380 706 ἑαυτὸν
2407 652 2673 707 δείκνυσιν
2725 649 3156 721 ἀμεταμέλητον.
3192 650 3265 703 Οὐ
3300 648 3408 721 γάρ
3438 651 3627 704 ἑαυτὸν
3670 653 3751 706 ὲκ-

2194 747 2381 817 στῆναι
2407 747 2506 817 τῆς
2532 745 2803 817 προτέρας
2830 742 3164 809 κακοδοξίας,
3195 741 3260 795 δι’
3293 735 3369 795 ὧν
3396 740 3539 808 ἔδοξε
3564 742 3750 798 ἀπολο-

2191 835 2422 903 γεῖσθαι,
2449 836 2789 905 συνίστησιν,
2843 835 2964 888 οὐδὲ
2994 836 3059 905 τῇ
3107 834 3237 905 ἁγία
3271 833 3365 887 καὶ
3413 835 3747 906 οἱκουμενικῇ

2193 927 2550 998 συμφωνῆσαι
2583 926 2781 997 συνόδῳ
2800 943 2813 956 ·
2847 925 2981 979 ἀλλά
3011 928 3137 989 τοὺς
3158 924 3250 977 τοῦ
3266 921 3592 994 ὁμοουσίου
3612 941 3746 997 πρε-

2191 1018 2442 1085 σϐευτὰς,
2478 1018 2642 1072 αὑτοῦ
2685 1018 2955 1071 συνελθεῖν
2987 1017 3065 1089 τῷ
3098 1019 3402 1090 φρονήματι
3427 1019 3521 1072 καὶ
3551 1017 3751 1074 συνδια-

2189 1108 2409 1179 τεθῆναι
2450 1112 2519 1180 τῇ
2552 1108 2743 1180 γνώμῃ
2768 1148 2783 1172 ,
2835 1108 3217 1178 τερατεύεται·
3258 1110 3351 1162 κα)⁵
3382 1107 3539 1162 τοῦτο
3574 1107 3749 1177 σαφῶς

2188 1200 2321 1256 ἄλλα
2353 1218 2412 1255 τε
2450 1201 2668 1255 πλείονα
2702 1202 3028 1272 περιστῶσι,
3062 1202 3155 1256 καὶ
3187 1203 3220 1272 ἡ
3249 1204 3360 1265 τοῖς
3394 1199 3749 1272 Καισαρεῦσιν

2189 1290 2337 1363 αὑτῴ
2364 1295 2633 1365 γραφεῖσα
2657 1292 2931 1363 ἐπιστολή.
2982 1292 3118 1345 Ἀλλ’
3147 1294 3228 1347 ὅτι
3255 1293 3353 1365 μὲν
3379 1292 3635 1365 ἀπαρχῆς
3661 1291 3750 1355 τὰς

2202 1385 2540 1455 Ἀρειανικάς
2571 1384 2727 1451 δόξας
2773 1383 3086 1447 ὑπέθαλπε,
3131 1386 3225 1438 καὶ
3269 1384 3431 1457 μέχρι
3469 1384 3658 1448 τέλους
3693 1385 3747 1437 ού

2186 1475 2391 1529 διέλιπε
2452 1476 2727 1547 περιέπων
2755 1517 2769 1541 ,
2820 1475 3002 1530 πολλοί
3059 1494 3117 1529 τε
3162 1477 3614 1539 συνεπίστανται,
3666 1478 3750 1530 κα)⁸

2189 1568 2318 1639 ῥᾷόν
2350 1569 2466 1621 ἐστι
2499 1567 2684 1622 λαϐεῖν
2716 1569 3043 1640 πολλαχόθεν
3063 1587 3078 1600 ·
3105 1570 3186 1622 ὅτι
3212 1570 3267 1623 δὲ
3300 1571 3393 1623 καὶ
3420 1570 3521 1640 τῆς
3556 1569 3752 1641 Ὠριγέ-

2185 1676 2312 1723 νους
2341 1659 2498 1713 νόσου
2536 1660 2814 1730 μετέσχεν,
2833 1662 2898 1731 ἣν
2934 1662 3073 1715 κατά
3104 1662 3202 1732 τῆς
3240 1661 3425 1732 κοινῆς
3451 1659 3607 1733 ἡμῶν
3631 1662 3752 1715 ἐκεῖ·

2187 1766 2275 1814 νος
2302 1752 2558 1822 ἐνόσησεν
2584 1752 2950 1816 ἀναστάσεως,
2987 1755 3035 1806 εί
3084 1754 3176 1807 καὶ
3207 1753 3333 1817 τοὺς
3365 1752 3593 1815 πολλοὺς
3626 1753 3751 1805 ὑπο-

513 1840 647 1897 latet
696 1860 709 1896 :
748 1848 803 1895 tu
853 1851 1034 1897 tamen
1064 1880 1080 1905 ,
1131 1842 1177 1897 si
1224 1842 1522 1900 scrutando
1591 1842 1888 1912 perlegeris
1938 1841 2075 1896 illius

2186 1839 2453 1906 λανθάνει,
2488 1841 2623 1895 ἀλλά
2661 1839 2753 1896 οὖν
2799 1844 2979 1908 αὐτὸς,
3018 1845 3114 1897 σὺν
3147 1843 3341 1917 ἐρεύνῃ
3386 1843 3510 1908 τοὺς
3554 1843 3752 1896 ἐκείνου

512 1933 739 2002 scripta,
786 1949 893 1987 non
927 1934 1109 1989 minus
1164 1949 1285 1988 eum
1308 1932 1585 1988 mortifera
1617 1934 1717 1987 hac
1739 1933 2080 2002 aegritudine,

510 2039 674 2094 quam
715 2024 1042 2081 Arianorum
1070 2026 1281 2081 insania
1311 2026 1645 2081 laborantem
1686 2024 2079 2096 deprehendes.

2188 1932 2377 2001 λόγους
2428 1934 2857 2005 ἀναλεγόμενος,
2904 1935 3052 1988 οὐδὲν
3088 1933 3305 1988 ἔλαττον
3338 1934 3501 1988 αὐτὸν
3534 1932 3610 2004 τῷ
3644 1932 3751 1984 όλε-

2189 2022 2324 2095 θρίῳ
2346 2025 2517 2096 τούτῳ
2542 2026 2931 2099 ἀρῤωστήματι
2955 2026 2994 2096 ἦ
3014 2030 3129 2091 ταῖς
3154 2028 3513 2098 ’Δρειανικαῖς
3542 2026 3752 2099 μανίαις

2190 2115 2598 2187 κεκρατημένον
2622 2115 2749 2190 ὄψῃ.

1532 2227 1682 2283 Idem
1717 2225 1941 2281 Plautius
1987 2226 2043 2279 in
2084 2225 2418 2284 Bibliotheca
2441 2269 2456 2294 ,
2493 2245 2611 2299 cap.
2658 2230 2743 2285 15.

580 2343 728 2400 Lecti
778 2355 906 2401 sunt
945 2346 1166 2403 Eusebii
1220 2347 1347 2403 libri
1391 2345 1521 2411 duo,
1564 2346 1656 2417 qui
1703 2344 2082 2401 inscribuntur

510 2433 822 2505 Confutatio
854 2446 907 2493 et
934 2439 1212 2509 Apologia.
1242 2437 1372 2494 Item
1403 2437 1560 2493 alteri
1589 2436 1718 2499 duo,
1761 2436 1855 2508 qui
1900 2450 2023 2490 cum
2048 2451 2077 2490 δ

507 2528 785 2599 prioribus
812 2528 1028 2585 duobus
1056 2530 1311 2585 differant
1357 2531 1413 2585 in
1455 2530 1782 2600 quibusdam
1823 2530 1977 2592 locis,
2021 2530 2075 2583 in

506 2616 753 2687 reliquis,
783 2633 879 2673 seu
909 2619 1071 2674 verba
1100 2636 1196 2674 seu
1224 2634 1444 2675 sensum
1472 2628 1707 2690 spectes,
1735 2619 1897 2673 iidem
1926 2629 2076 2675 sunt.

504 2706 673 2764 Aﬂert
700 2724 828 2765 vero
861 2710 1198 2780 objectiones
1219 2711 1485 2781 quasdam
1513 2710 1780 2765 adversus
1808 2708 2077 2765 sinceram

504 2809 750 2858 nostram
781 2804 1129 2874 religionem,
1191 2804 1339 2859 velut
1396 2804 1464 2859 ab
1493 2803 1727 2860 ethnicis
1781 2802 2076 2872 profectas,

502 2907 706 2963 easque
727 2903 874 2950 recte
902 2896 1087 2957 solvit,
1113 2896 1238 2950 licet
1267 2912 1373 2950 non
1409 2911 1505 2965 per
1533 2896 1740 2951 omnia.
1773 2894 2075 2951 Dietionem

503 2991 720 3061 quidem
748 2992 890 3062 quod
926 2993 1139 3055 attinet,
1172 3008 1276 3047 nec
1302 2994 1578 3063 jurundus
1605 3000 1690 3048 est
1720 3009 1819 3048 nec
1838 2991 2080 3063 splendi-

503 3083 630 3140 dus.
682 3083 967 3155 Multiplici
998 3096 1177 3141 tamen
1215 3084 1465 3140 doctrina
1521 3087 1778 3157 praeditus
1817 3094 1921 3153 est,
1953 3087 2078 3141 licet

2262 2336 2619 2409 Ἀνεγνώσθη,
2665 2338 2924 2391 Εύσεϐίου
2960 2336 3241 2407 Ἑλέγχου
3283 2338 3376 2391 καὶ
3415 2337 3752 2406 Ἀπολογίας

2189 2424 2335 2496 λόγοι
2359 2428 2472 2481 δύο’
2500 2430 2591 2482 καὶ
2610 2428 2785 2501 ἕτεροι
2810 2428 2923 2492 δύο,
2945 2429 3140 2492 οἵτινες
3158 2428 3295 2501 πρὸς
3315 2429 3439 2493 τοὺς
3464 2428 3752 2499 προτέρους

2182 2525 2295 2590 δύο,
2324 2526 2381 2581 έν
2409 2544 2517 2580 τισι
2543 2530 2725 2597 ῥητοῖς
2755 2526 3243 2598 παραλλάσσοντες,
3275 2525 3332 2577 ὲν
3357 2526 3468 2589 τοῖς
3494 2523 3676 2588 ἄλλοις
3693 2529 3752 2595 τῇ

2182 2633 2242 2669 τε
2269 2615 2409 2682 λέξει
2441 2618 2535 2672 καὶ
2553 2620 2620 2688 τῇ
2651 2616 2856 2688 διανοίᾳ
2878 2618 2925 2669 οἱ
2962 2615 3112 2668 αύτοί
3148 2616 3298 2667 εἰσιν.
3339 2612 3563 2681 Είσάγει
3600 2613 3658 2667 δὲ
3686 2613 3752 2677 ὡς

2181 2707 2290 2760 ἀπὸ
2327 2708 2436 2762 τῶν
2494 2708 2759 2779 Ἐλλήνων
2810 2706 2962 2771 τινάς
3003 2704 3233 2777 ἀπορίας
3265 2704 3409 2758 κατὰ
3450 2702 3552 2775 τῆς
3606 2705 3752 2775 ἀμω-

2186 2800 2356 2871 μήτου
2401 2799 2696 2872 θρησκείας
2722 2798 2896 2871 ἡμῶν.
2934 2797 3045 2852 Καὶ
3072 2797 3276 2861 ταύτας
3307 2795 3487 2860 καλῶς
3509 2836 3524 2860 ,
3576 2798 3623 2849 εί
3669 2797 3752 2849 καὶ

2186 2890 2260 2962 μὴ
2304 2892 2361 2944 ὲν
2391 2892 2575 2953 πᾶσιν,
2629 2890 2923 2945 ἀπολύεται
2947 2906 2959 2919 ·
3010 2888 3111 2960 τὴν
3144 2888 3199 2941 δὲ
3235 2888 3430 2961 φράσιν
3466 2887 3570 2941 οὐκ
3618 2886 3752 2940 ἐστιν

2186 2980 2422 3052 οὐδαμοῦ
2452 2981 2576 3035 οῦτε
2609 2982 2739 3053 ἡδὺς
2769 2980 2895 3034 οὔτε
2939 2980 3284 3051 λαμπρότητι
3324 2977 3551 3049 χαίρων.
3588 2976 3752 3030 Πολυ-

2187 3073 2362 3146 μαθὴς
2385 3074 2442 3128 δέ
2471 3077 2616 3128 ἐστιν
2648 3076 2677 3127 ό
2702 3073 2860 3144 ἀνὴρ,
2904 3074 2952 3124 εί
2990 3071 3084 3124 καὶ
3122 3069 3217 3142 τὴν
3248 3070 3526 3140 ἀγχίνοιαν
3570 3069 3666 3123 καὶ
3700 3066 3752 3119 τὺ

503 3176 793 3248 prudentia
837 3185 892 3233 et
923 3178 1089 3232 animi
1119 3179 1430 3233 constantia
1471 3186 1525 3234 et
1555 3179 1870 3250 dogmatum
1901 3179 2075 3235 since-

2184 3166 2452 3238 σταθηρὺν
2479 3165 2573 3219 τοῦ
2596 3165 2778 3237 ἦθους,
2807 3163 2882 3228 ὼς
2916 3163 3066 3234 παρά
3099 3164 3199 3234 τὴν
3247 3161 3529 3233 ἀκρίϐειαν
3571 3160 3670 3230 τὴν
3702 3161 3750 3212 ὲν

501 3270 668 3326 ritate
697 3270 880 3325 minus
906 3271 1127 3341 polleat.
1155 3269 1288 3324 Nam
1315 3271 1369 3325 in
1393 3271 1480 3327 his
1502 3272 1664 3325 etiam
1690 3270 1848 3326 libris
1878 3271 2075 3342 stepius

2184 3261 2294 3323 τοῖς
2318 3258 2611 3329 δόγμασιν,
2644 3256 3002 3326 ἐνδεέστερος.
3036 3255 3146 3309 Καὶ
3184 3253 3291 3325 γάρ
3327 3252 3425 3307 κᾶν
3454 3250 3668 3314 τούτοις
3703 3252 3750 3303 ἐν

504 3360 770 3417 adversus
813 3360 1010 3416 Filium
1055 3361 1149 3419 Dei
1188 3363 1570 3440 blasphemare
1627 3362 2074 3433 deprehenditur,

503 3466 741 3522 eumque
809 3453 1105 3509 secundam
1140 3469 1363 3510 causam
1403 3469 1620 3521 vocare,
1673 3463 1729 3510 et
1770 3453 2076 3526 Principem

505 3542 718 3598 militia:
744 3543 1007 3611 ccelestis,
1040 3547 1257 3617 aliaque
1292 3546 1561 3615 ejusmodi
1596 3562 1717 3617 quze
1744 3547 2074 3603 Arianorum

507 3633 735 3690 insania:
794 3638 1013 3707 propria
1067 3646 1214 3692 sunt.
1278 3637 1505 3693 Constat
1561 3654 1685 3693 eum
1729 3639 2078 3695 Constantini

507 3723 685 3796 Magni
718 3728 1054 3797 temporibus
1086 3728 1358 3793 ﬂoruisse,
1392 3738 1445 3785 et
1467 3729 1608 3785 sacri
1646 3732 1903 3802 martyris
1925 3730 2080 3784 Pam-

506 3816 639 3886 phili
672 3816 1118 3875 ardentissimum
1157 3829 1456 3876 amatorem
1485 3821 1678 3877 fuisse.
1716 3819 1871 3876 Unde
1898 3830 1952 3876 et
1983 3837 2079 3876 co-

504 3915 854 3975 gnomentum
880 3908 1147 3979 Pamphili
1168 3910 1396 3981 adeptus
1420 3927 1541 3968 esse
1562 3912 1764 3968 dicitur
1790 3929 1818 3968 a
1849 3913 2077 3982 quibus-

502 3997 649 4054 dam.

2185 3347 2398 3411 πολλοῖς
2444 3346 2590 3401 ἐστιν
2630 3346 2791 3400 αὐτὸν
2827 3345 2952 3399 ίδεῖν
2997 3346 3089 3398 τὸν
3135 3344 3262 3397 Υἱὺν
3315 3342 3750 3414 βλασφημοῦντα,

2183 3443 2277 3496 καὶ
2300 3441 2548 3513 δεύτερον
2581 3438 2751 3494 αἴτιον
2793 3438 3093 3503 καλοῦντα,
3151 3438 3243 3493 καὶ
3286 3437 3750 3509 ἀρχιστράτηγον,

2184 3534 2278 3587 καὶ
2309 3532 2443 3587 ἄλλα
2469 3530 2588 3585 τινὰ
2620 3530 2718 3600 τῆς
2766 3530 3104 3601 Ἀρειανικῆς
3146 3530 3349 3601 λύσσης
3383 3528 3748 3601 βλαστήματα.

2183 3626 2352 3695 Δῆλον
2392 3626 2447 3678 δὲ
2487 3625 2561 3688 ὼς
2606 3626 2697 3677 ἐπὶ
2741 3623 3149 3678 Κωνσταντίνου
3204 3622 3297 3676 τοῦ
3336 3621 3576 3691 μεγάλου
3610 3614 3748 3682 οὗτος

2182 3718 2409 3790 ἤνθησε·
2454 3718 2643 3786 γέγονε
2682 3716 2738 3769 δὲ
2774 3716 2867 3770 καὶ
2904 3716 3003 3786 τῆς
3040 3715 3321 3785 Παμφίλου
3367 3714 3460 3768 τοῦ
3503 3714 3748 3786 ίερομάρ-

2183 3825 2345 3881 τυρος
2370 3808 2573 3880 ἀρετῆς
2606 3807 2867 3878 διάπυρος
2898 3806 3163 3876 ἐραστής·
3202 3804 3268 3859 δι’
3302 3806 3367 3876 ἣν
3401 3803 3585 3858 αἰτίαν
3632 3808 3748 3872 φασι

2183 3915 2324 3962 τινες
2370 3898 2530 3952 αὐτὸν
2562 3899 2651 3952 καὶ
2687 3897 2786 3967 τῆς
2816 3895 2911 3950 τοῦ
2968 3895 3252 3967 Παμφίλου
3288 3893 3606 3964 ἐπωνυμίας
3637 3910 3746 3964 μετ·

2183 3990 2493 4063 εσχηκέναι.

1719 4125 1867 4181 Idem
1908 4125 2124 4179 Photius
2156 4125 2207 4179 in
2238 4127 2406 4196 capite
2438 4124 2559 4179 127.

574 4222 723 4281 Lecti
755 4236 883 4283 sunt
916 4230 1136 4290 Eusebii
1164 4234 1432 4310 Pamphili
1455 4240 1576 4296 libri
1592 4249 1827 4312 quatuor
1858 4240 1934 4296 De
1953 4242 2072 4295 lau-

500 4313 655 4371 dibus
687 4318 811 4388 imp.
835 4319 1192 4382 Constantini.
1216 4328 1511 4387 Continent
1542 4341 1720 4388 autem
1753 4332 1873 4402 ejus
1903 4333 2069 4385 vitam

501 4421 717 4465 omnem
746 4411 857 4482 jam
893 4415 1018 4473 inde
1045 4433 1075 4471 a
1108 4421 1364 4489 pueritia.
1399 4431 1453 4479 et
1498 4440 1838 4495 quaecunque
1869 4426 1938 4479 ab
1976 4424 2070 4479 illo

500 4511 651 4571 gesta
686 4513 814 4560 sunt
858 4508 924 4562 ad
966 4511 1390 4568 ecclesiasticam
1456 4514 1741 4571 historiam
1790 4517 2068 4587 pertinen-

499 4596 595 4658 tia,
630 4612 803 4669 usque
829 4600 893 4656 ad
927 4602 1130 4658 exitum
1159 4605 1305 4671 vitaz,
1340 4606 1395 4661 id
1427 4617 1511 4662 est
1554 4607 1622 4662 ad
1656 4624 1859 4663 annum
1888 4610 2067 4666 aetatis

497 4695 755 4753 quartum
798 4697 854 4744 et
890 4693 1312 4764 sexagesimum.
1351 4694 1449 4750 Est
1497 4706 1680 4752 autem
1711 4696 1981 4756 Eusebius
2011 4701 2066 4755 in

498 4767 605 4826 hoc
641 4776 804 4829 etiam
845 4793 1009 4849 opere
1039 4781 1197 4851 plane
1226 4783 1311 4839 sui
1332 4784 1528 4841 similis
1568 4785 1624 4840 in
1650 4786 1882 4843 dicendo
1910 4809 1924 4844 :
1957 4790 2065 4846 nisi

497 4863 644 4935 quod
670 4869 916 4924 nonnihil
947 4870 1015 4925 ad
1052 4873 1396 4944 splendorem
1446 4878 1686 4948 assurgit
1714 4878 1835 4948 ejus
1869 4881 2065 4949 oratio,

495 4964 553 5016 et
580 4962 762 5017 verbis
793 4963 1065 5019 interdum
1098 4967 1527 5037 elegantioribus
1575 4971 1765 5027 utitur.
1796 4970 2069 5030 Venusta-

495 5050 568 5106 tis
599 5052 818 5122 quidem
846 5060 899 5109 et
930 5054 1117 5126 gratiae
1146 5072 1257 5111 non
1311 5057 1539 5113 multum
1592 5070 1815 5133 apparet
1860 5065 1913 5119 in
1965 5065 2069 5121 hoc

496 5157 681 5213 opere,
709 5147 855 5201 sicut
885 5162 985 5202 nec
1011 5146 1066 5200 in
1094 5148 1306 5204 caeteris
1334 5150 1456 5219 ejus
1488 5152 1663 5209 libris.
1696 5153 1869 5211 Porro
1896 5158 1951 5212 in
1980 5158 2067 5214 bis

492 5241 731 5303 quatuor
759 5236 915 5293 libris
942 5237 1175 5307 plurima
1213 5239 1330 5295 loca
1373 5240 1564 5298 inserit
1591 5260 1655 5299 ex
1689 5244 2067 5303 Ecclesiastica

493 5322 668 5393 ipsius
698 5325 926 5380 historia
975 5328 1263 5384 translata.
1295 5327 1361 5382 Et
1396 5331 1814 5389 Constantinum
1845 5337 2065 5408 quidem

492 5414 747 5487 Magnum
794 5416 1123 5474 Nicomediae
1168 5420 1498 5491 baptizatum
1536 5440 1658 5497 esse
1708 5427 1881 5497 dicit,
1938 5446 2064 5486 cum

492 5503 561 5559 ad
603 5504 655 5559 id
678 5522 851 5576 usque
880 5512 1141 5579 temporis
1172 5489 1501 5582 baptismum
1523 5489 1879 5587 distulisset;
1898 5532 1958 5576 ut
2010 5522 2064 5576 in

488 5591 751 5661 Jordane,
790 5600 1248 5667 quemadmodum
1281 5604 1335 5659 in
1356 5606 1499 5662 votis
1529 5607 1786 5675 habebat,
1817 5612 2065 5684 baptiza-

493 5694 664 5741 retur.
711 5686 846 5754 Quis
877 5706 1004 5748 vero
1049 5694 1199 5751 illum
1247 5698 1572 5771 baptizarit,
1624 5703 1955 5763 dissimulat.
1991 5706 2065 5763 De

494 5776 701 5835 Ariaua
736 5781 958 5853 insuper
996 5786 1188 5847 haeresi
1221 5792 1359 5848 nihil
1390 5802 1576 5858 aperte
1628 5807 2059 5856 commemorat:

2262 4238 2598 4311 Ἀνεγνώσθη
2646 4240 2904 4294 Εύσεϐίου
2956 4239 3051 4294 τοῦ
3084 4238 3366 4311 Παμφίλου
3416 4239 3448 4310 ἡ
3494 4241 3579 4302 είς
3608 4239 3744 4292 Κων

2179 4336 2453 4387 σταντῖνον
2504 4332 2593 4385 τὸν
2627 4333 2796 4403 μέγαν
2841 4331 3063 4403 βασιλέα
3108 4329 3519 4402 ἐγκωμιαστικὴ
3564 4331 3744 4403 τετράε

2177 4424 2358 4487 διόλος
2382 4441 2394 4453 ·
2432 4424 2490 4476 ὲν
2592 4423 2903 4495 περιέχεται
2933 4424 2965 4494 ἦ
2994 4440 3051 4475 τε
3075 4422 3169 4475 τοῦ
3210 4422 3400 4491 ἀνδρὸς
3437 4421 3577 4493 ἄλλη
3616 4422 3739 4475 πολι

2171 4514 2289 4567 τεία
2335 4515 2394 4579 ἐξ
2436 4514 2607 4585 αὐτῆς
2655 4513 2877 4586 πρώτης
2925 4514 3137 4586 ἡλικίας
3182 4514 3477 4585 ἀρχομένη,
3506 4516 3609 4567 καί
3642 4515 3743 4568 ὃσα

2172 4607 2308 4679 πρὸς
2335 4608 2433 4678 τὴν
2464 4606 2921 4679 ἐκκλησιαστικὴν
2972 4608 3212 4679 ἱστορίαν
3261 4605 3580 4660 συντελοῦσι
3622 4608 3739 4680 πρά

2172 4697 2280 4763 ξεις
2317 4699 2507 4770 μέχρις
2548 4694 2608 4753 οὗ
2634 4699 2725 4751 τὸν
2768 4700 2877 4770 βίον
2909 4701 3195 4761 ἀπέλιπεν,
3229 4701 3308 4763 εἰς
3342 4699 3643 4771 ἑξηκοστὸν
3672 4718 3741 4754 κα

2168 4791 2423 4862 τέταρτον
2465 4792 2844 4862 παραταθὲντα
2888 4793 3097 4864 χρόνον.
3138 4793 3292 4845 Ἐστι
3332 4792 3428 4862 μὲν
3470 4787 3571 4845 οὖν
3632 4794 3742 4846 κάν

2167 4882 2340 4936 ταῦθα
2366 4882 2461 4953 τὴν
2493 4883 2689 4954 φράσιν
2714 4885 2894 4954 ὅμοιος
2916 4884 3113 4954 ἑαυτῷ,
3145 4883 3281 4955 πλὴν
3313 4883 3508 4955 μικρόν
3544 4900 3600 4936 τι
3626 4883 3742 4956 πρὸς

2168 4973 2227 5025 τὸ
2249 4973 2624 5045 λαμπρότερον
2655 4974 3003 5028 ἐκϐεϐίασται
3026 4973 3176 5045 αὐτῷ
3194 4977 3222 5027 ὁ
3244 4974 3418 5043 λόγος,
3448 4975 3550 5027 καὶ
3585 4974 3739 5040 λέξει

2170 5066 2249 5127 είς
2276 5065 2337 5117 τὸ
2367 5064 2729 5137 ἀνθηρότερον
2760 5064 2973 5135 ἐνιαχοῦ
3010 5063 3448 5135 συνελήφθησαν·
3487 5063 3593 5134 τῆς
3634 5065 3739 5134 μέν

2165 5170 2248 5207 τοι
2291 5155 2430 5209 κατά
2482 5156 2579 5227 τὴν
2627 5157 2918 5228 ἑρμηνείαν
2950 5156 3143 5226 ἡδονῆς
3187 5156 3283 5209 καὶ
3331 5155 3559 5225 χάριτος
3612 5154 3739 5207 οὐδὲ

2171 5247 2334 5315 μέγα,
2366 5246 2554 5315 ὥσπερ
2586 5249 2704 5301 οὐδὲ
2738 5251 2793 5301 ὲν
2822 5250 2933 5310 τοῖς
2958 5246 3154 5309 ἄλλοις,
3184 5247 3529 5318 ἐμφαίνεται.
3570 5248 3739 5300 Καταη

2169 5339 2466 5411 στρώννυσι
2486 5342 2542 5395 δὲ
2559 5345 2617 5395 ὲν
2641 5341 2807 5413 ταύτῃ
2844 5339 3007 5394 αὐτοῦ
3029 5342 3094 5411 τῇ
3143 5338 3476 5411 τετραϐίὸλῳ
3492 5338 3738 5410 πάμπολ

2164 5433 2231 5485 λα
2257 5433 2434 5505 χωρία
2456 5433 2514 5499 ἐξ
2545 5432 2838 5503 ὁλοκλήρου
2877 5430 2975 5502 τῆς
3016 5427 3570 5498 Ἐκκλησιαστικῆς
3595 5431 3737 5483 αὐτο

2164 5524 2456 5592 ὃεκαλόγου
2489 5524 2801 5592 Ἱστορίας.
2836 5524 2999 5591 Λέγει
3042 5523 3138 5593 μὲν
3181 5519 3274 5576 οὖν
3312 5524 3405 5576 καὶ
3439 5523 3614 5577 αὑτὸν
3641 5563 3657 5587 ,
3709 5525 3735 5577 ὲ

2165 5617 2500 5693 Νικομηδείᾳ
2548 5617 2638 5670 τὸν
2691 5614 2861 5686 μέγαν
2914 5616 3318 5668 Κωνσταντῖνον
3358 5614 3738 5685 βαπτίσασθαι

2170 5709 2330 5782 μέχρι
2379 5710 2499 5764 τότε
2554 5709 2613 5762 τὸ
2659 5708 2881 5780 λουτρὸν
2929 5708 3396 5779 ἀναϐαλλόμενον,
3452 5708 3554 5763 ἅτε
3591 5710 3663 5783 δὴ
3708 5712 3735 5765 ὲ

2169 5800 2429 5876 ἐπιθυμίᾳ
2465 5800 2785 5863 ποιούμενον
2840 5801 2897 5852 ὲν
2944 5802 3056 5862 τοῖς
3103 5799 3364 5860 Ἰορδάνου
3413 5800 3472 5853 τὸ
3524 5800 3735 5872 λουτρὺ
