3812 6302
122 495 355 564 inﬁtiamur
375 495 445 559 τίς
466 494 533 548 δὲ
562 495 598 548 ὁ
635 494 960 566 βαπτίσας,
980 495 1122 549 οὐδὲν
1147 494 1411 565 διασαφεῖ.
1433 491 1569 566 Περὶ
1596 496 1640 551 Α

118 594 256 666 μίπαγε
287 587 359 659 τῆς
405 588 805 660 Ἀρειανικῆς
877 590 1127 661 αἱρέσεως
1180 587 1333 640 οὐδὲν
1398 585 1565 656 σαφὲς

119 685 326 754 mala,
350 679 438 734 οὐδ’
469 681 522 734 εί
546 680 672 751 τῆς
704 681 883 753 δόξης
909 680 1109 749 ἐκείνης
1130 678 1321 750 εἴχετο,
1353 678 1461 733 οὐδ’
1484 678 1565 731 ὅτι

116 774 379 849 mutilam,
397 770 506 824 ἀλλ’
537 771 673 824 οὐδ’
704 772 809 824 ὅτι
839 769 1044 841 φαύλως
1068 769 1098 841 ἢ
1125 768 1295 838 ὀρθῶς
1320 768 1565 833 ἐδόξαζεν

116 868 257 935 Ἄπιος,
292 858 462 930 καίπερ
514 858 823 931 ἀνάγκην
874 860 1004 929 ἔχων
1047 859 1103 911 ἐν
1157 857 1340 929 μνήμῃ
1393 856 1565 911 ταῦτα

116 953 325 1027 ποιήσασθαι,
348 954 426 1007 ita
449 953 521 1024 δὴ
554 953 735 1023 μέγα
793 953 953 1024 μέρος
978 950 1266 1021 ἐπεχούσης
1298 952 1396 1023 τῆς
1439 965 1564 1005 συν-

109 1051 247 1107 dimov
263 1047 331 1101 τοῦ
353 1047 595 1119 μεγαλου
635 1045 914 1118 πράξεων
934 1045 1345 1108 Κωνσταντίνου,
1375 1045 1565 1099 κάκείι

113 1143 277 1211 “diu
301 1138 711 1210 ἔξαπαιτούσης
752 1139 859 1210 τὴν
899 1138 1018 1209 περὶ
1063 1138 1264 1191 τούτων
1304 1135 1566 1208 λεπτομε-

110 1237 265 1307 testim
295 1233 517 1304 ίπορίαν
546 1249 563 1261 ο
624 1230 793 1283 ἀλλὰ
827 1230 1004 1284 στάσιν
1038 1229 1134 1300 μὲν
1175 1232 1431 1300 ἐμπεσεῖν
1464 1246 1562 1300 με-

110 1329 184 1393 τιξῦ
204 1324 348 1396 Ἀρείου
374 1326 465 1378 καὶ
501 1322 893 1394 Ἀλεξάνδρου
938 1321 1060 1393 (τὴν
1088 1322 1294 1394 αἵρεσιν
1331 1320 1394 1393 δὴ
1422 1322 1563 1374 οὓτω

107 1418 283 1488 λέγω·ηαὶ
314 1415 828 1488 ὑποκρυπτόμενος
864 1412 1249 1483 ἀποφαίνεται),
1282 1414 1374 1467 ὲπί
1405 1430 1464 1466 τε
1494 1415 1561 1484 τῇ

110 1510 209 1562 πᾶσι
230 1508 319 1560 λίαν
349 1505 594 1574 ἀλγῆσαι
629 1505 737 1558 τὸν
779 1502 991 1574 θεοφιλῆ
1026 1501 1263 1572 βασιλέα,
1293 1501 1387 1554 καὶ
1422 1500 1567 1569 ἀγω-

105 1602 247 1654 ςίςιτίαι
276 1598 346 1654 διά
381 1613 439 1650 τε
475 1594 844 1660 ἐπιστολῶν,
892 1594 978 1647 διά
1018 1611 1076 1647 τε
1108 1592 1199 1647 τοῦ
1251 1591 1461 1657 Ὀσίου,
1505 1590 1566 1654 ὃς

106 1692 296 1763 Κςιῶὑὸῃς
323 1688 627 1745 ἐπεσκόπει
651 1728 668 1751 ,
702 1689 792 1751 είς
841 1685 1018 1757 φιλίαν
1056 1684 1149 1738 καὶ
1187 1684 1438 1755 ὁμόνοιαν
1473 1700 1566 1737 συ-

102 1782 204 1848 ζεῦξαι
223 1784 267 1835 τὸ
287 1779 584 1845 στασιάζον,
625 1780 735 1851 τῆς
773 1777 907 1852 πρὸς
946 1775 1202 1846 ἀλλήλους
1248 1774 1425 1846 ἔριδος
1462 1776 1565 1845 ἀφ·-

102 1876 232 1943 ιρίτοπ
250 1873 439 1928 καὶτῶν
454 1873 734 1928 τοιούτων
749 1871 1040 1943 ζητήσεων.
1067 1867 1154 1933 Ὠς
1174 1869 1218 1922 δ’
1242 1870 1341 1923 οὐκ
1364 1868 1565 1932 ἔπειθε,

104 1968 227 2021 οὶκίαν
261 1965 572 2037 πανταχόθεν
616 1963 909 2035 ἀθροῖσαι,
961 1961 1054 2015 καὶ
1096 1960 1192 2032 τὴν
1223 1960 1576 2032 ἐμπεσοῦσαν

101 2058 164 2127 ἔριν
180 2060 234 2122 είς
252 2060 441 2130 εἰρήνην
465 2054 867 2110 διαλύσασθαι.
900 2054 974 2107 Οὐ
1012 2054 1118 2125 μὴν
1140 2054 1218 2117 είς
1242 2052 1304 2107 τὸ
1346 2051 1570 2123 ἀκριϐὲς

102 2152 152 2203 21':
164 2150 346 2223 ἐπίδηλον
366 2148 762 2220 ἀναγράφεται
784 2164 797 2176 ·
823 2139 975 2209 οὗτος
998 2142 1090 2199 οὖν
1112 2144 1297 2216 ὥσπερ
1320 2146 1569 2217 αἰσχυνο-

101 2246 361 2316 mam,
389 2246 484 2298 xui
509 2243 593 2315 μὴ
624 2239 942 2313 βουλομένῳ
968 2240 1306 2312 δημοσιεύειν
1328 2241 1565 2311 Ἀρειον,

101 2337 206 2405 cf":
222 2336 295 2405 τῆς
320 2334 525 2387 συνόδου
560 2330 1004 2403 ἐξενηνεγμένην
1033 2333 1151 2385 κατ’
1175 2329 1339 2384 αὑτοῦ
1365 2330 1565 2401 ψῆφον,

98 2428 240 2481 καὶτῶν
261 2425 739 2499 συνασεόησάντων
781 2421 950 2493 αὐτῷ,
1003 2422 1096 2476 καὶ
1129 2420 1567 2488 συνεξωσθέντων

100 2512 329 2582 apth
356 2513 683 2585 εἴσπραξιν*
724 2510 785 2564 ού
839 2509 944 2580 μὴν
976 2508 1089 2562 ἀλλ’
1124 2508 1243 2562 οὐδὲ
1284 2508 1351 2579 ῆν
1384 2507 1568 2561 θεόθεν

182 2603 398 2675 ἁξόαλμὺς
438 2598 580 2656 εἶδεν
640 2600 852 2654 ἔνδικον
907 2598 1116 2669 Ἀρείου
1162 2595 1564 2668 καταστροφὴν,

96 2690 348 2747 exva
378 2696 525 2763 ἄγων
559 2694 648 2757 εἰς
687 2690 826 2761 φῶς,
857 2690 955 2761 τήν
973 2706 1031 2743 τε
1064 2689 1189 2762 περὶ
1208 2689 1306 2761 τῆς
1352 2689 1564 2743 συνόδου

97 2784 295 2839 nisiniti
312 2789 439 2859 αὐτῇ
464 2786 831 2859 πραχθέντων
844 2784 1079 2856 ἱστορίαν
1102 2785 1433 2858 παρέδραμε.
1474 2786 1565 2839 Διὸ

97 2876 151 2926 23':
165 2880 250 2947 ερὶ
270 2879 351 2932 τοῦ
373 2880 665 2933 θεσπεσίου
685 2877 979 2931 Εὐπαθίου
1010 2877 1213 2948 μέλλων
1244 2878 1562 2948 διηγεῖσθαι,

94 2966 166 3019 ὥτε
189 2970 257 3022 τοῦ
293 2972 544 3043 ὀνόματος
592 2971 902 3043 μέμνηται,
933 2970 1039 3024 οὐδ’
1073 2969 1135 3042 [ί.
1168 2968 1417 3043 οὔθ’]ὀσα
1440 2971 1566 3044 περὶ

98 3061 191 3113 mea
212 3063 449 3135 ἐτολμήθη
485 3066 583 3118 καὶ
627 3066 712 3129 εἰς
748 3064 907 3136 ἔργον
938 3063 1278 3136 ἀποόέόηκεν
1297 3082 1311 3095 °
1345 3063 1458 3117 ἀλλ’
1486 3066 1568 3128 εἰς

98 3156 211 3205 m’m
227 3158 301 3208 καὶ
332 3157 567 3229 ταραχὴν
593 3156 820 3225 ἀνάγων
844 3158 937 3209 καὶ
960 3156 1152 3221 ταῦτα,
1179 3156 1440 3229 γαληνίας
1471 3157 1566 3209 καὶ

97 3247 193 3297 τῶν
212 3250 417 3318 ἐπιλέγει
437 3250 779 3313 ἐπισκόπων,
805 3248 948 3303 κατὰ
967 3249 1064 3321 τὴν
1092 3249 1419 3320 Ἀντιόχειαν
1441 3267 1565 3303 συν-

460 3340 664 3411 σπουδῇ
704 3340 968 3410 βασιλέως
1013 3343 1107 3396 καὶ
1150 3344 1407 3415 συνεργία
1430 3383 1444 3407 ,
1475 3344 1568 3397 καὶ

92 3430 125 3477 τὲ
148 3433 372 3496 πατάξον
410 3436 496 3488 καὶ
528 3437 939 3508 ταραττόμενον
968 3438 1048 3501 εἰς
1081 3435 1142 3489 τὸ
1168 3438 1441 3508 εἰρηναῖον
1469 3453 1567 3508 με’

92 3519 421 3592 irai-tritura.
464 3526 700 3596 Ὁμοίως
744 3528 800 3581 δὲ
832 3529 925 3582 καὶ
975 3531 1034 3583 ὲν
1080 3524 1162 3593 οἷς
1200 3532 1229 3583 ό
1270 3530 1568 3594 πολύαθλος

88 3609 366 3688 innatat;—
405 3616 761 3681 Ἀθανάσιος.
813 3620 892 3682 είς
948 3618 1118 3673 ταῦτα
1172 3620 1271 3692 τὴν
1330 3620 1568 3690 ἱστορίαν

88 3702 252 3772 ὁρμήσας
273 3710 566 3778 ἐπαφεῖναι,
599 3710 848 3773 στάσεως
885 3712 980 3780 μὲν
1010 3710 1384 3782 ἐμπλησθῆναι
1410 3710 1569 3764 πάλιν

90 3795 147 3843 n1
165 3803 359 3872 ταραχῆς
387 3804 478 3875 τὴν
524 3803 938 3875 Ἀλεξάνδρειαν
975 3803 1209 3873 λέγεται,
1248 3805 1341 3858 καὶ
1368 3804 1568 3877 ταύτην

90 3890 332 3962 τυῖτῖνθῇναι
350 3898 667 3950 ἐπισκόπων
694 3895 986 3967 παρουσίᾳ,
1004 3897 1101 3966 τὴν
1123 3895 1403 3967 βασιλικὴν
1428 3897 1571 3967 ὲχόν⁴

86 3987 459 4056 τυντλμμαχίαν·
494 3987 624 4042 οὔτε
654 3987 713 4040 δὲ
745 3987 830 4050 τίς
859 3982 928 4057 ἦν
963 3987 1286 4050 στασιάζων,
1312 3986 1420 4039 οὐδ’
1448 3988 1569 4057 ἥτις

84 4068 342 4147 ῒπᾶῖιςηῆ
374 4079 425 4131 τί
461 4080 557 4133 καὶ
606 4078 920 4151 πράξαντες
962 4077 1059 4149 τὴν
1109 4077 1224 4149 ἔριν
1269 4077 1566 4147 ὲπράὒναν,

85 4158 153 4210 τίδ’
172 4163 274 4229 at»;
312 4172 538 4225 ποιεῖται
568 4169 830 4241 ἐπίδηλον
850 4186 862 4199 ·
892 4169 982 4221 καὶ
1014 4169 1216 4240 σχεδὸν,
1256 4171 1317 4223 ὲν
1338 4164 1418 4233 οἷς
1446 4170 1568 4223 ἑπι-

86 4254 227 4309 niam
248 4262 373 4331 πρὸς
397 4263 666 4335 ἀλλήλους
698 4259 1018 4330 φιλονεικίαι
1054 4261 1180 4331 περὶ
1203 4259 1507 4331 δογμάτων,
1534 4259 1567 4331 ἢ
1594 4274 1597 4279 ’

83 4347 161 4415 =95
175 4365 301 4405 τινων
322 4354 495 4408 ἄλλων
526 4351 828 4423 διαφωνίαι
859 4352 1132 4421 γεγόνασι,
1158 4352 1248 4406 τὸν
1278 4348 1568 4423 αύτδν’τῆς

82 4438 342 4510 tunsam;
376 4446 429 4498 ἐν
460 4449 526 4518 τῇ
565 4445 826 4516 διηγήσει
846 4442 1013 4497 τύπον
1038 4443 1406 4511 διαφυλάττει.

1602 1846 1644 1900 Β

1592 3188 1634 3245 C

871 376 1193 434 VETERUM
1224 370 1644 432 TESTIMONIA
1682 367 1959 429 CONTRA
1997 370 2368 432 EUSEBIUM.

3158 383 3229 440 94

1669 507 1769 547 nec
1799 498 1983 547 utrum
2018 495 2136 564 ipse
2162 492 2211 548 ei
2241 492 2532 563 aliquando
2591 492 2903 560 adhaserit,
2950 508 3051 552 nec
3079 501 3226 567 quod

1666 600 1784 639 eam
1817 584 2094 655 abjecerit.
2130 584 2238 641 Sed
2261 601 2439 657 neque
2466 598 2615 642 recte
2649 602 2719 643 ne
2748 602 2818 642 an
2850 602 3011 645 secus
3041 604 3229 646 sense-

1665 678 1738 732 rit
1780 678 1962 744 Arius,
2006 692 2240 748 usquam
2276 674 2482 744 refert;
2519 677 2738 734 tametsi
2769 678 2884 733 haec
2915 680 3229 735 necessario

1666 768 2144 824 commemoranda
2172 775 2389 833 essent,
2424 769 2624 840 quippe
2663 754 2785 824 cum
2816 769 3034 824 Nicaena
3064 784 3232 841 syno-

1669 857 1775 914 dus
1817 859 1962 914 inter
1991 875 2077 915 res
2105 874 2134 913 a
2163 858 2526 915 Constantino
2569 868 2752 930 gestas
2787 860 3121 930 praecipuum
3149 860 3234 914 lo-

1666 965 1790 1007 cum
1822 950 2086 1015 obtineat,
2111 960 2165 1006 et
2191 950 2393 1021 alioqui
2410 950 2815 1006 exactissimam
2837 950 3006 1005 totius
3028 950 3231 1021 negotii

1670 1044 2044 1098 narrationem
2078 1042 2195 1112 ipsa
2222 1058 2321 1097 suo
2349 1042 2587 1113 quodam
2619 1041 2743 1111 jure
2776 1040 3022 1112 flagitare
3047 1038 3231 1096 videa-

1667 1146 1774 1193 tur.
1810 1136 2009 1193 Verum
2036 1137 2125 1193 ille
2149 1136 2547 1192 dissensionem
2581 1135 2797 1206 quidem
2822 1135 2966 1189 inter
2996 1133 3234 1189 Alexan-

1666 1230 1823 1285 drum
1848 1238 1901 1286 et
1932 1230 2121 1284 Arium
2151 1239 2392 1284 exortam
2416 1228 2921 1296 commemorat(sic
2948 1227 3093 1282 enim
3122 1225 3234 1281 ha:-

1666 1323 1833 1380 rcsim
1891 1320 2086 1377 callide
2114 1327 2169 1376 et
2199 1319 2608 1375 dissimulanter
2640 1320 2929 1390 appellat).
2960 1318 3137 1386 Atque
3161 1318 3234 1373 ob

1667 1417 1813 1471 hunc
1840 1414 2131 1469 tumultum
2162 1413 2486 1485 gravissimo
2512 1413 2698 1468 dolore
2719 1412 2967 1468 affectum
3000 1428 3124 1468 esse
3145 1429 3233 1468 re-

1667 1506 2075 1576 ligiosissimum
2104 1506 2403 1575 principem
2431 1514 2519 1569 ;et
2546 1513 2659 1558 tum
2685 1520 2780 1574 per
2803 1505 3230 1574 epistolam,tum

1668 1614 1763 1669 per
1791 1597 2018 1654 Hosium
2043 1597 2452 1654 Cordubensem
2496 1597 2812 1667 episcopum
2842 1597 3140 1662 laborasse,
3172 1603 3236 1650 ut

1668 1699 1851 1761 partes
1874 1691 2015 1746 inter
2039 1705 2098 1746 se
2131 1688 2463 1745 dissidentes
2491 1689 2557 1743 ad
2587 1703 2773 1759 pacem
2797 1697 2851 1745 et
2883 1689 3232 1746 concordiam

1667 1783 1970 1847 reduceret,
1997 1782 2141 1837 omni
2168 1781 2237 1837 de
2265 1779 2577 1850 hujusmodi
2594 1781 2984 1851 questionibus
3005 1790 3233 1835 conten-

1669 1873 1818 1930 tione
1846 1874 2113 1946 deposita.
2142 1873 2249 1930 Sed
2282 1890 2405 1933 cum
2435 1874 2762 1945 persuadere
2791 1875 2870 1928 eis
2899 1888 3007 1927 non
3031 1871 3240 1942 potuis-

1670 1975 1775 2032 set,
1806 1966 2075 2039 synodum
2089 1966 2329 2038 undique
2348 1981 2702 2030 conrocasse,
2724 1975 2776 2021 et
2807 1965 2986 2036 sopito
2999 1962 3235 2017 tumultu

1669 2072 1858 2128 pacem
1893 2056 2225 2112 restituisse.
2249 2055 2453 2112 Verum
2478 2056 2595 2111 haec
2629 2056 2699 2110 ab
2726 2055 2820 2109 illo
2845 2069 2955 2108 non
2983 2053 3119 2108 satis
3144 2066 3237 2107 ac-

1670 2160 1858 2206 curate
1884 2158 1938 2205 et
1975 2157 2159 2220 aperte
2191 2150 2503 2205 traduntur.
2537 2148 2769 2203 Prorsus
2801 2147 2941 2202 enim
2977 2154 3234 2216 tanquam

1670 2244 1877 2316 pudore
1922 2243 2184 2308 suffusus,
2225 2258 2326 2298 nec
2362 2242 2476 2296 Arii
2509 2242 2838 2312 impietatem
2875 2238 3090 2310 publice
3119 2245 3236 2291 tra-

1669 2335 1867 2391 ducere
1902 2336 2151 2407 cupiens,
2202 2343 2317 2389 tum
2352 2334 2549 2406 synodi
2604 2332 2927 2389 sententiam
2973 2330 3238 2386 adversus

1671 2427 1862 2484 Arium
1914 2428 2204 2500 prolatam,
2238 2434 2353 2483 tum
2397 2441 2585 2482 eorum
2626 2426 2719 2497 qui
2752 2423 3046 2495 impietatis
3087 2422 3237 2477 illius

1669 2519 1802 2576 socii
1829 2526 1884 2575 et
1919 2520 1975 2573 in
2009 2518 2262 2573 exsilium
2282 2517 2446 2573 simul
2475 2518 2691 2588 expulsi
2717 2516 2935 2571 fuerant
2989 2512 3239 2584 justissi-

1668 2624 1811 2664 mam
1841 2608 2101 2663 ultionem
2126 2650 2142 2673 ,
2164 2606 2296 2662 illud
2322 2606 2560 2677 denique
2580 2606 2797 2659 caelitus
2827 2602 3089 2657 inflictum
3106 2601 3238 2654 Ario

1666 2701 1895 2759 exitium
1930 2699 2075 2771 quod
2121 2700 2364 2754 omnium
2395 2697 2711 2767 conspectui
2746 2694 3051 2764 subjectum
3108 2690 3233 2755 fuit,

1668 2795 1850 2851 sciens
1875 2791 2249 2863 praztermisit:
2285 2805 2384 2846 nec
2408 2788 2693 2845 historiam
2729 2785 2925 2858 synodi
2959 2797 3156 2853 resque
3177 2780 3238 2835 in

1668 2901 1730 2942 ea
1757 2893 1938 2958 gestas
1975 2882 2442 2940 commemoravit.
2483 2879 2621 2935 Hine
2643 2880 2806 2935 etiam
2838 2884 2924 2934 est
2948 2875 3235 2948 quodcum

1666 2995 1731 3035 ea
1765 2994 1886 3051 qua:
1931 2977 2117 3032 divino
2160 2973 2445 3030 Eustathio
2497 2971 2884 3042 contigerunt,
2915 2968 3080 3024 vellet
3140 2964 3241 3021 de-

1670 3073 1931 3137 scribere,
1964 3086 2033 3126 ne
2061 3084 2259 3125 nomen
2308 3065 2528 3139 quidem
2553 3064 2671 3134 ejus
2701 3061 2919 3126 retulit,
2961 3074 3059 3115 nec
3090 3072 3241 3129 qua!-

1668 3181 1889 3236 cunque
1935 3164 2197 3219 adversus
2224 3160 2373 3216 illum
2410 3156 2618 3213 nefarie
2646 3154 2957 3225 exc03itata
2996 3158 3125 3207 sunt
3172 3164 3239 3205 ac

1668 3264 1999 3333 perpetrata,
2033 3255 2130 3312 sed
2161 3254 2483 3311 seditionem
2525 3266 2589 3307 ac
2612 3248 2900 3306 tumultum
2932 3242 3245 3299 Antiochia:

1667 3347 1944 3403 exstitisse
1976 3351 2265 3415 postquam
2294 3343 2466 3409 dixit,
2496 3356 2620 3396 mox
2656 3335 3105 3408 tranquillitatem
3146 3347 3237 3388 re-

1666 3439 1909 3494 stitutam
1934 3451 2056 3492 esse
2080 3435 2285 3499 subdit,
2320 3433 2595 3504 episcopis
2612 3428 2958 3502 imperatoris
2980 3439 3146 3497 opera
3168 3438 3235 3478 ac

1668 3531 1851 3588 studio
1876 3531 2004 3585 illuc
2034 3527 2487 3585 convenientibus
2512 3569 2526 3593 ,
2558 3541 2652 3596 per
2701 3537 2840 3593 quos
2871 3519 3031 3575 turba
3056 3515 3237 3572 omnis

1669 3636 1732 3677 ac
1750 3623 1942 3678 seditio
1963 3622 2015 3676 in
2040 3619 2544 3691 tranquillissimam
2572 3630 2759 3687 pacem
2781 3622 2864 3669 est
2883 3614 3234 3666 commutata.

1671 3712 1937 3768 Similiter
1964 3712 2054 3767 ubi
2085 3709 2458 3765 narrationem
2504 3705 2742 3762 instituit
2777 3702 2845 3758 de
2895 3702 2963 3755 iis
2990 3712 3112 3769 qua:
3140 3694 3240 3749 ad-

1668 3820 1862 3860 versus
1892 3802 2252 3858 fortissimum
2271 3802 2421 3855 illum
2452 3798 2808 3853 Athanasium
2828 3791 3072 3863 improbe
3089 3801 3238 3843 com-

1669 3903 1859 3966 parata
1887 3900 2034 3957 sunt,
2059 3893 2327 3949 seditione
2349 3890 2568 3963 quidem
2588 3904 2651 3943 ac
2684 3884 2921 3941 tumultu
2958 3879 3235 3950 impletam

1671 3989 1868 4043 iterum
1898 3986 2285 4041 Alexandriam
2328 3983 2532 4038 refert:
2576 3978 2676 4035 sed
2697 3992 2817 4034 eam
2848 3974 3232 4045 episcoporum

1669 4079 1958 4150 praesentia
2000 4086 2055 4134 et
2099 4056 2448 4148 imperatoris
2499 4073 2703 4126 auxilio
2760 4069 3002 4124 sedatam
3041 4063 3232 4118 fuisse.

1670 4171 1855 4242 Neque
1882 4171 2101 4226 interim
2130 4170 2256 4240 quis
2275 4167 2540 4223 seditione
2564 4158 2937 4220 concitaverit,
2971 4161 3065 4209 aut
3087 4165 3239 4242 quae-

1670 4240 1797 4319 nam
1828 4262 1919 4317 illa
1948 4261 2144 4317 seditio
2168 4260 2352 4323 fuerit,
2388 4272 2565 4327 neque
2591 4269 2700 4324 quo
2730 4258 2890 4322 pacto
2939 4245 3127 4301 sedata
3170 4240 3240 4295 ab

1670 4356 1946 4428 episcopis
2008 4354 2203 4419 fuerit,
2249 4354 2519 4407 ullatenus
2577 4345 2816 4416 exponit.
2854 4342 2931 4395 Ac
2960 4338 3073 4393 fere
3101 4347 3243 4404 quo-

1673 4451 1996 4519 tiescunqne
2044 4448 2423 4517 episc0porum
2479 4446 2696 4493 mutuas
2748 4435 2890 4489 inter
2927 4445 2988 4485 se
3027 4428 3242 4483 dissert.

80 4528 415 4592 lwsdetidei
442 4538 743 4610 capitibus,
765 4535 941 4591 autde
964 4536 1086 4592 aliis
1106 4538 1270 4594 rebus
1322 4540 1701 4599 contentiones
1732 4557 1796 4599 ac
1839 4539 2131 4597 discordiae
2176 4537 2537 4599 exstiterunt,
2570 4525 2821 4587 eumdem
2876 4523 2970 4578 ille
3004 4522 3062 4576 in
3106 4529 3236 4572 nar.

80 4621 189 4677 findo
212 4639 381 4685 servat
401 4629 789 4689 dissimulandi
820 4631 1061 4705 modum.

677 4798 915 4854 Joannes
944 4796 1184 4857 Zonaras
1208 4802 1262 4856 in
1276 4810 1418 4860 (omo
1432 4802 1655 4873 Ill,ttbi
1682 4821 1765 4860 res
1797 4811 1971 4876 gestas
2008 4797 2348 4858 Constantini
2379 4794 2559 4866 refert.

115 4940 190 4998 Ἢν
217 4953 268 5005 δὲ
310 4956 433 5011 τότε
467 4959 573 5012 τῶν
601 4958 672 5011 τὰ
717 4959 925 5031 Ἀρείου
974 4960 1380 5032 πρεσϐευόντων
1411 4963 1505 5016 xui.
1539 4965 1569 5017 ό
1601 4968 1647 5027 D

74 5032 284 5106 Πεμφζὶω
316 5047 589 5116 Εὐσέὸιος,
620 5052 723 5121 τῆς
757 5052 818 5104 ἐν
867 5052 1195 5127 Παλαιστίνῃ
1231 5054 1567 5126 Καισαρείας

74 5132 278 5196 minus
302 5140 628 5207 ὲπίοκοπος’
666 5142 727 5206 ὃς
762 5143 1055 5214 μετέπειτα
1099 5145 1313 5216 λέγεται
1337 5147 1569 5217 ἀποστῆ-

76 5232 124 5267 *ῖι
142 5222 223 5290 τῆς
254 5229 350 5283 τοῦ
390 5233 587 5305 Ἀρείου
620 5235 803 5308 δόξης,
838 5239 929 5291 καὶ
974 5240 1425 5311 ὁμογνωμονῆσαι
1456 5242 1568 5303 τοῖς

423 5328 545 5382 Υἱὸν
581 5330 677 5383 καὶ
720 5329 1001 5400 ὀμοούσιον
1023 5332 1099 5404 τῷ
1140 5334 1317 5405 Πατρὶ
1361 5333 1567 5403 δογμα-

74 5410 235 5471 ῗαηιι
255 5417 354 5473 καὶ
391 5419 632 5491 δεχθῆναι
663 5420 818 5493 παρὰ
851 5422 957 5476 τῶν
999 5426 1168 5493 ἁγίων
1198 5425 1459 5497 Πατέρων
1488 5426 1568 5487 εἰς

79 5502 315 5557 τίνειν·
348 5513 539 5582 μᾶλλον
573 5514 766 5586 μέντοι
794 5517 852 5568 ὲν
882 5514 958 5587 τῷ
983 5516 1268 5589 πρακτικῷ
1296 5517 1394 5588 τῆς
1420 5514 1568 5588 πρώ-

74 5591 135 5645 ’θαῖ
166 5596 369 5654 Wa
411 5607 499 5659 καὶ
540 5606 878 5678 ὑπερμαχῶν
922 5608 1146 5679 εὓρηται
1191 5609 1298 5669 τῶν
1339 5606 1566 5664 πιστῶν.

111 5788 167 5849 (ιδ
195 5791 243 5850 Id
266 5809 356 5856 est
389 5805 520 5873 apud
560 5805 845 5864 Gelasium
875 5806 1215 5879 Cyzicenum.

1742 4959 1859 5014 Arii
1908 4965 2112 5012 sectam
2143 4961 2257 5009 tum
2288 4952 2702 5022 amplexahatur
2751 4948 2917 5005 etiam
2970 4943 3241 5000 Eusebius

1674 5049 2020 5121 Pamphilus,
2051 5045 2313 5103 Caesareae
2338 5043 2640 5099 Palaestina:
2660 5039 2975 5111 episcopus;
3003 5037 3097 5108 qui
3118 5043 3242 5106 post

1673 5142 1974 5200 descivisse
2029 5139 2233 5194 dicitur
2262 5137 2331 5192 ab
2361 5135 2564 5190 Ariana
2620 5132 2897 5204 opinione,
2928 5138 2981 5186 et
3010 5143 3244 5184 consen-

1673 5237 1815 5293 sisse
1841 5249 1965 5289 cum
1990 5232 2058 5289 iis
2076 5230 2168 5302 qui
2195 5228 2389 5284 Filium
2411 5227 2561 5282 Patri
2591 5224 2939 5295 coaqualem,
2970 5218 3243 5290 ejusdem~

1675 5344 1784 5401 que
1815 5333 2026 5382 natura-
2056 5339 2180 5381 esse
2213 5324 2432 5388 docent,
2475 5329 2530 5376 et
2577 5334 2607 5372 a
2637 5316 2844 5374 sanctis
2885 5312 3144 5368 Patribus
3173 5309 3242 5365 ad

1675 5419 2117 5476 communionem
2148 5420 2418 5483 receptus.
2453 5409 2512 5465 In
2534 5408 2688 5465 Actis
2717 5414 2897 5461 autem
2927 5403 3090 5476 primi
3110 5416 3246 5457 con-

1675 5512 1788 5569 cilii
1814 5511 1980 5566 etiam
2037 5507 2239 5563 acriter
2267 5501 2581 5560 defendisse
2611 5498 2797 5555 fideles
2828 5496 3080 5552 traditur.
3118 5490 3246 5547 ιιωο

1677 5609 1759 5665 sic
1797 5619 1828 5661 a
1875 5602 2156 5660 nonnullis
2183 5599 2431 5672 exposita
2457 5594 2806 5668 reperiuntur
2848 5588 2949 5663 (a),
2979 5603 3098 5660 quae
3127 5586 3245 5657 ipse
