3812 6316
536 366 604 421 95
1421 356 1757 420 VETERUM
1795 354 2213 414 TESTlMONlA
2248 351 2530 413 CONTRA
2565 345 2932 407 EUSEBIUM.
3690 345 3752 401 96

537 484 596 538 in
627 481 998 539 Ecclesiastica
1020 495 1119 541 sua
1166 480 1388 537 historia
1438 483 1612 552 magis
1655 482 1906 553 ambigua
1936 481 2084 538 facit.

2197 478 2347 533 ῡύτω
2380 478 2475 548 μὲν
2505 468 2597 529 οὖν
2631 473 2802 529 ταῦτα
2842 468 3199 542 ἱστορούμενα
3229 466 3380 539 παρὰ
3408 483 3569 519 τινων
3604 464 3755 538 siam.

538 570 598 627 ln
638 571 837 641 quibus
881 571 1039 626 libris
1065 586 1207 641 saepe
1243 585 1368 626 cum
1402 570 1532 627 Ario
1567 571 1747 628 facere
1789 572 2062 643 deprehen

536 664 705 719 ditur.
728 664 806 720 Ac
828 665 1013 723 statim
1045 666 1102 721 in
1122 664 1247 721 libri
1274 665 1563 736 principiO,
1608 664 1863 721 Davidem
1892 667 2092 727 citatis.

539 754 659 823 Ipse
704 756 842 811 dixit
883 765 934 811 et
976 756 1123 826 facta
1158 766 1315 819 sunt,
1353 758 1464 826 ipse
1512 756 1778 811 mandarit
1816 765 1866 812 et
1914 765 2093 815 creata

537 847 727 906 sum",
778 847 857 901 ait
886 846 1101 902 Patrem
1136 857 1190 903 et
1218 847 1479 907 factorem
1505 886 1520 912 ,
1567 862 1667 917 pro
1719 847 2000 904 conditore
2031 862 2098 903 ae

537 934 676 989 duce
708 936 947 991 universi
976 936 1185 999 haberi,
1211 937 1303 1005 qui
1333 936 1484 1007 regio
1517 944 1653 991 nutu
1710 935 1970 1007 imperet.
2006 951 2093 993 se-

538 1024 781 1081 cundum
811 1034 992 1081 autem
1023 1028 1092 1081 ab
1121 1042 1187 1082 eo
1222 1027 1465 1083 divinum
1491 1026 1726 1082 Verbum
1761 1034 1985 1097 paterna
2000 1042 2097 1083 ex-

538 1114 693 1183 sequi
717 1113 893 1183 iussa.
939 1114 1069 1171 Ροδι
1094 1116 1345 1171 nonnulla
1392 1117 1516 1171 item
1544 1115 1691 1182 dicit,
1732 1116 1863 1172 huic
1899 1123 1963 1171 ut
1994 1116 2097 1170 Pa-

539 1206 641 1259 tris
660 1208 917 1276 potentize
937 1216 991 1263 et
1023 1208 1321 1279 sapientiae,
1348 1209 1617 1264 secundas
1650 1217 1834 1281 partes
1862 1209 2014 1282 regni
2045 1219 2098 1264 et

538 1295 749 1366 imperii
801 1298 857 1351 in
907 1313 1097 1354 omnes
1128 1313 1251 1355 esse
1283 1298 1540 1355 creditas.
1586 1299 1648 1354 Et
1675 1300 1835 1369 paulo
1863 1310 1980 1369 post
2010 1301 2098 1355 ite-

538 1402 691 1442 rum:
723 1388 802 1443 Ac
835 1404 958 1444 esse
987 1400 1237 1444 naturam
1281 1391 1594 1461 quamdam,
1626 1407 1747 1462 qua:
1776 1401 1901 1447 ante
1940 1408 2100 1447 mun-

538 1475 669 1532 dum
701 1479 895 1533 vixerit
922 1487 976 1535 et
998 1479 1322 1547 substiterit,
1349 1495 1415 1535 ac
1457 1479 1567 1535 Deo
1590 1495 1655 1535 ac
1675 1479 1821 1534 Patri
1854 1481 2095 1536 universi

539 1567 595 1623 in
618 1584 798 1624 rerum
827 1569 1089 1626 factarum
1114 1571 1331 1642 opificio
1381 1571 1725 1628 miuistrarit.
1750 1570 1816 1625 Et
1840 1570 2097 1628 Salomon

538 1659 640 1713 sub
685 1675 917 1729 persona
950 1664 1232 1733 sapientiae
1264 1661 1358 1718 Dei
1393 1662 1501 1719 ait:
1555 1661 1813 1716 Dominus
1863 1661 2097 1717 condidit

535 1765 617 1803 me
646 1750 959 1819 principium
995 1750 1195 1805 viarum
1252 1768 1471 1807 suarum
1500 1752 1542 1819 ⁸,
1590 1760 1700 1807 etc.
1734 1750 1935 1804 Deinde
1979 1758 2096 1820 post

537 1840 647 1894 alia
672 1839 825 1909 plura
862 1842 1062 1910 infert:
1097 1842 1160 1896 Et
1204 1859 1369 1915 super
1404 1844 1520 1900 hzec
1566 1844 1750 1899 omnia
1806 1844 1950 1898 sicut
1998 1841 2093 1897 Dei

534 1930 795 1996 Verbum,
818 1932 963 2002 quod
992 1942 1116 1988 ante
1150 1934 1251 1989 fuit
1296 1944 1350 1991 et
1379 1944 1506 1991 ante
1549 1935 1748 1991 smcula
1786 1934 1971 1990 omnia
2008 1934 2092 1990 fac

532 2030 686 2077 ctum
739 2032 843 2087 est,
902 2025 1265 2082 venerabilem
1294 2026 1552 2082 honorem
1579 2042 1610 2081 a
1641 2026 1752 2082 Deo
1772 2024 1933 2081 Patre
1964 2024 2094 2081 ade-

2198 589 2286 626 ται
2305 588 2318 601 ⁸
2353 566 2624 640 ἀμφίϐολα
2654 566 2700 620 δ’
2722 566 2922 628 ἐκεῖνος
2947 560 3106 622 αὐτὰ.
3133 561 3200 614 δι’
3230 554 3305 614 ὧν
3334 558 3396 610 ἐν
3419 560 3488 630 τῇ
3528 559 3756 626 Ἐκκλη-

2203 660 2494 729 σιαστικῇ
2522 659 2754 728 ἱστορίᾳ
2776 656 3000 727 εὓρηται
3035 650 3509 726 συγγραψάμενος,
3551 648 3752 721 τίθησι·

2200 753 2466 825 πολλαχοῦ
2498 751 2606 823 γὰρ
2638 752 2696 803 ὲν
2727 748 2804 819 τῷ
2831 744 3103 819 εἰρημένῳ
3132 742 3526 815 συγγράμματι
3562 741 3757 812 Ἀρειας

2200 848 2364 913 νίζων
2397 843 2870 916 καταλαμϐάνεται
2890 856 2904 871 ⁸
2928 837 3139 892 αὐτίκα·
3159 835 3287 908 περί
3315 852 3418 888 που
3455 833 3556 904 τὴν
3595 833 3757 906 ἀρχὴν

2197 938 2291 991 τοῦ
2324 936 2524 1006 βιϐλίου
2555 934 2647 991 τὸν
2666 930 2835 997 ,Δαϐὶδ
2853 928 3087 998 εἰσάγων
3113 926 3340 995 λέγοντα
3356 966 3369 987 ,
3395 923 3595 990 Αὐτὸς
3618 925 3755 988 εἷπε,

2197 1029 2294 1083 καὶ
2307 1022 2881 1099 ἐγενήθησαν-ἀὑτὸς
2895 1020 3251 1084 ἐνετείλατο,
3266 1017 3362 1073 καὶ
3375 1017 3756 1084 ἐκτίσθησαν,

2197 1122 2331 1192 φησὶ
2361 1119 2451 1172 τὸν
2487 1117 2586 1189 μὲν
2622 1117 2838 1186 Πατέρα
2878 1112 2971 1166 καὶ¹
3013 1110 3264 1182 ποιητὴν,
3282 1108 3357 1172 ὼς
3410 1105 3641 1177 ποιητὴν
3673 1108 3755 1160 καὶ

2198 1210 2547 1282 πανηγεμόνα
2574 1205 2905 1279 νομίζεσθαι,
2943 1201 3203 1275 βασιλικῷ
3218 1199 3620 1272 προστάττοντα
3642 1197 3753 1251 νεύ-

2201 1322 2329 1376 ματι
2348 1322 2361 1335 ·
2394 1303 2486 1358 τὸν
2518 1302 2575 1355 δὲ
2606 1300 2793 1355 τούτου
2825 1296 3208 1368 δευτερεύοντα
3241 1292 3381 1346 Θεῖον
3422 1291 3617 1360 Λόγον,
3649 1294 3755 1352 ταῖς

2198 1399 2483 1467 πατρικαῖς
2534 1390 2905 1464 ὑπουργοῦντα
2936 1389 3242 1455 ἐπιταγαῖς.
3295 1383 3405 1438 Καὶ
3456 1380 3609 1453 μετά
3639 1400 3757 1436 τινα

2194 1486 2377 1556 λέγει,
2404 1484 2592 1538 τοῦτον
2616 1481 2813 1537 ὡσανεὶ
2839 1477 2932 1533 τοῦ
2955 1476 3164 1548 Πατρὸς
3199 1474 3511 1545 ὑπάρχοντα
3540 1470 3757 1542 δύναμιν

2198 1578 2291 1632 καὶ
2327 1577 2541 1646 σοφίαν,
2576 1576 2670 1629 καὶ
2695 1573 2765 1627 τὰ
2798 1572 3075 1647 δευτερεῖα
3104 1568 3202 1639 τῆς
3236 1566 3378 1620 κατὰ
3408 1566 3628 1618 πάντων
3668 1563 3755 1633 βα-

2199 1668 2400 1732 σιλείας
2421 1669 2515 1723 καὶ
2551 1666 2725 1738 ἀρχῆς
2757 1658 3287 1735 ὲμπεπιστευμένον’
3318 1658 3415 1711 καὶ
3441 1652 3620 1722 αὖθις
3640 1656 3757 1725 μετ’

2196 1761 2392 1830 ὀλίγα·
2425 1761 2535 1813 Καὶ
2554 1760 2636 1813 ὅτι
2661 1757 2806 1809 ἐστιν
2827 1751 2985 1807 οὐσία
3014 1768 3097 1814 τις
3118 1749 3469 1820 προκόσμιος,
3498 1746 3651 1811 ζῶσα
3672 1748 3757 1800 καὶ

2196 1848 2504 1919 ὑφεστῶσα,
2526 1851 2559 1919 ἡ
2585 1847 2662 1918 τῷ
2683 1846 2801 1918 Θεῷ
2823 1845 2915 1899 καὶ
2943 1841 3117 1916 Πατρ“ι
3138 1841 3244 1894 τῶν
3272 1841 3408 1894 ὅλων
3432 1842 3513 1903 είς
3542 1839 3639 1911 τὴν
3660 1839 3758 1891 τῶν

2194 1940 2437 2011 γενητῶν
2461 1939 2815 2011 δημιουργίαν
2839 1932 3317 2007 ύπηρετησαμένη.
3334 1932 3443 1985 Καὶ
3462 1933 3491 1984 ὁ
3517 1928 3758 2001 Σολομὼν

2194 2031 2339 2099 λέγει
2372 2030 2645 2102 προσώπῳ
2677 2032 2773 2101 τῆς
2796 2029 2890 2084 τοῦ
2916 2029 3051 2083 Θεοῦ
3077 2028 3263 2100 σοφίας
3282 2042 3295 2055 ·
3332 2025 3545 2093 Κύριος
3564 2020 3758 2077 ἑκτισέ

532 2120 707 2181 ptum,
748 2115 964 2170 adorari
996 2124 1251 2187 tanquam
1280 2117 1470 2174 Deum.
1492 2118 1619 2173 Haec
1655 2125 1709 2175 et
1738 2119 1842 2173 alia
1868 2118 2093 2174 demon—

2197 2139 2269 2191 με
2292 2121 2489 2190 ἀρχὴν
2517 2121 2671 2176 ὁδῶν
2718 2122 2925 2186 αὑτοῦ,
2959 2121 3052 2176 καὶ
3098 2119 3242 2190 ἑξῆς.
3291 2118 3398 2171 Καὶ
3420 2116 3560 2215 μεθ’
3594 2114 3758 2181 ἕτερα

531 2212 713 2261 strant
765 2205 1057 2264 Eusebium
1105 2208 1306 2264 Ariana
1350 2210 1602 2281 dogmata
1648 2210 1952 2280 probasse;
1984 2209 2093 2266 nisi

2199 2212 2450 2267 πλείονα
2468 2212 2703 2282 φάσκει·
2732 2214 2825 2267 καὶ
2856 2213 2946 2266 ἐπὶ
2969 2214 3100 2266 πᾶσι
3118 2210 3346 2273 τούτοις,
3389 2202 3476 2261 οἶα
3494 2205 3633 2260 Θεοῦ
3672 2205 3741 2257 Λό

530 2294 656 2364 quis
682 2296 847 2362 dicat,
879 2298 933 2352 id
971 2314 1107 2371 opus
1130 2308 1254 2356 ante
1290 2302 1704 2358 conversionem
1732 2301 1801 2357 ab
1830 2315 1894 2357 eo
1922 2299 2095 2357 fuisse

529 2388 927 2459 conscriptum.

2197 2318 2292 2370 γον
2327 2303 2565 2375 προόντα
2587 2305 2682 2357 καὶ
2713 2301 3056 2375 πρδιαὶώνων
3090 2300 3343 2356 ἁπάντων
3388 2297 3739 2367 ούσιωμένων

2200 2392 2411 2467 [Ῑ.-νον]
2458 2394 2554 2465 τὴν
2584 2395 2874 2465 σεϐάσμιον
2906 2394 3069 2464 τιμὴν
3091 2393 3240 2465 παρὰ
3262 2391 3355 2446 τοῦ
3379 2389 3596 2461 Πατρδς
3621 2387 3758 2458 εἰλη-

530 2478 688 2547 φότα,
721 2482 1137 2553 προσκυνεῖσθαι
1159 2484 1307 2539 ὡσέιν
1329 2485 1671 2540 Θεόν.Ταῦτα
1698 2484 1791 2538 καὶ
1806 2482 2038 2556 ἕτεραδὲ
2060 2485 2173 2550 τοῖς
2213 2486 2604 2559 Ἀρειανίζουσι
2628 2486 2859 2558 δόγμασι
2890 2484 3219 2538 δεικνύουσιν
3242 2481 3519 2554 ὁμόφρονα
3546 2479 3639 2535 τὸν
3664 2478 3758 2533 Εὐ-

530 2570 737 2628 σέϐιον·
785 2574 833 2626 εί
865 2577 938 2648 μή
981 2593 1064 2642 τις
1103 2576 1237 2649 φαίη
1270 2578 1375 2650 πρὸ
1416 2580 1516 2649 τῆς
1566 2579 1895 2652 ἐπιστροφῆς
1944 2577 2091 2648 αύτῷ
2119 2578 2415 2649 πονηθῆναι
2446 2577 2649 2633 τούτων
2687 2578 2785 2650 τὴν
2818 2578 3156 2650 συγγραφήν.

1504 2756 1770 2812 Baronius
1800 2755 1868 2810 ad
1898 2771 2096 2810 annum
2154 2753 2354 2812 Christi
2383 2753 2510 2819 5i0,
2545 2768 2662 2824 cap.
2699 2752 2788 2815 58.

593 2933 755 2992 Certe
788 2933 1044 2995 Socrates
1068 2936 1283 2995 dealbat
1313 2937 1646 3011 Ethiopem,
1692 2940 1822 2995 dum
1848 2938 2042 2994 nititur
2073 2938 2250 3010 ipsum
2282 2938 2578 2997 Eusebium
2604 2940 2673 2995 ab
2698 2937 2900 2994 Ariana
2934 2936 3131 2994 hazresi
3160 2948 3449 2999 excusare,
3486 2946 3557 3007 ac
3602 2932 3758 3005 plane

521 3027 822 3084 immunem
856 3029 1103 3087 reddere.
1129 3028 1249 3102 Ipse
1277 3032 1423 3085 enim
1462 3030 1731 3086 Eusebius
1750 3031 1880 3085 licet
1901 3030 2139 3096 tandem,
2167 3039 2228 3086 ut
2260 3032 2573 3104 imperatori
2604 3044 2809 3085 morem
2846 3035 3082 3100 gereret,
3113 3025 3332 3081 Nicaeno
3363 3023 3599 3081 concilio
3633 3022 3758 3077 sub-

524 3118 859 3189 scripsisset,
893 3122 1085 3179 iisdem
1116 3124 1271 3194 plane
1309 3124 1563 3180 sordibus
1590 3126 1770 3181 sciens
1794 3125 2089 3195 volensque
2137 3128 2353 3198 turpius
2384 3127 2700 3197 inquinatus
2736 3132 2839 3188 est,
2875 3133 2933 3179 ut
2963 3138 3059 3179 sus
3087 3122 3196 3177 lota
3228 3121 3282 3175 in
3309 3119 3603 3175 volutabro
3641 3116 3758 3185 luti,

520 3219 576 3265 et
603 3221 662 3267 ut
694 3216 847 3270 canis
882 3215 951 3270 ad
982 3216 1244 3272 vomitum
1272 3232 1431 3272 suum
1465 3234 1734 3275 reversus.
1757 3217 1905 3273 Adeo
1929 3226 1987 3273 ut
2022 3220 2201 3290 qualis
2240 3221 2356 3292 ipse
2389 3220 2553 3277 fuerit
2578 3235 2751 3291 usque
2798 3214 2867 3274 ad
2894 3218 3037 3275 diem
3065 3216 3272 3281 obitus,
3306 3230 3413 3270 non
3442 3214 3517 3270 sit
3540 3209 3755 3266 aliunde

520 3305 894 3372 querendum,
918 3322 1083 3377 quam
1116 3322 1180 3361 ex
1209 3310 1371 3364 rebus
1406 3318 1527 3382 post
1546 3310 1822 3366 Nicaenum
1856 3313 2148 3367 concilium
2179 3313 2247 3370 ab
2276 3329 2342 3369 eo
2368 3315 2555 3385 gestis,
2578 3311 2809 3384 singulis
2830 3310 2999 3367 ferme
3028 3311 3187 3366 annis
3212 3309 3460 3380 superius
3489 3303 3756 3360 recitatis.

527 3394 595 3452 Ut
624 3405 804 3455 autem
827 3407 1053 3457 excuset
1081 3400 1232 3455 illum
1258 3403 1328 3457 ab
1361 3405 1561 3459 Ariana
1601 3405 1815 3472 haeresi,
1845 3407 1977 3460 citat
2008 3407 2178 3463 libros
2206 3407 2273 3462 ab
2301 3423 2367 3462 eo
2389 3408 2624 3478 scriptos
2650 3416 2844 3463 contra
2903 3405 3216 3461 Marcellum
3244 3404 3601 3473 Ancyranum
3633 3397 3753 3467 epi-

522 3505 769 3562 scopum,
822 3495 1123 3565 recitatque
1146 3510 1214 3549 ex
1251 3495 1357 3551 illis
1390 3495 1692 3566 fragmenta
1731 3498 1979 3568 quaedam
2033 3500 2235 3569 quibus
2283 3498 2713 3564 detinenstratur,
2755 3512 2875 3554 eam
2903 3496 2971 3552 de
2997 3495 3137 3552 Filio
3171 3495 3266 3550 Dei
3292 3490 3511 3548 Eusebii
3568 3491 3752 3546 fuisse

521 3586 867 3652 sententiam,
892 3594 951 3641 ut
984 3588 1197 3658 negarit
1221 3586 1396 3659 ipsum
1426 3605 1548 3645 esse
1572 3598 1903 3655 creaturam,
1936 3600 2193 3664 tanquam
2233 3606 2398 3646 unam
2421 3607 2487 3647 ex
2512 3592 2735 3662 reliquis
2763 3589 3061 3653 creaturis,
3093 3603 3160 3644 ex
3213 3585 3387 3641 nihilo
3409 3600 3440 3637 a
3470 3581 3584 3638 Deo
3609 3592 3756 3636 ποτὶ·

520 3673 611 3728 tis.
678 3671 878 3728 Verum
907 3676 1037 3730 dum
1062 3677 1254 3732 nititur
1286 3694 1355 3733 ex
1378 3679 1463 3736 his
1487 3679 1781 3738 Eusebium
1822 3700 2077 3756 purgare,
2106 3692 2293 3755 aperte
2327 3682 2619 3759 signiticet,
2645 3698 2704 3738 se
2736 3682 2858 3735 Arii
2882 3688 2936 3737 et
2964 3679 3292 3733 Arianorum
3320 3674 3544 3730 hanesis
3606 3672 3754 3742 laby-

520 3762 764 3818 rinthum
791 3765 1016 3821 minime
1048 3776 1384 3838 penetrasse.
1417 3770 1485 3825 Et
1511 3774 1669 3841 paulo
1700 3785 1817 3845 post
1847 3792 1866 3830 :
1896 3777 2165 3832 Cancrum
2202 3775 2419 3831 Eusebii
2451 3773 2719 3845 Pamphili
2767 3770 3212 3832 inconstantiam,
3238 3777 3292 3824 et
3323 3772 3446 3838 post
3470 3764 3754 3819 Nicaanuui

520 3854 833 3920 concilium,
861 3857 1017 3927 cujus
1050 3859 1169 3914 fidei
1198 3863 1399 3931 regula:
1456 3866 1878 3939 Subscripserat,
1905 3868 1973 3923 ad
2002 3884 2220 3926 errores
2256 3869 2522 3939 pristinos
2561 3866 2795 3922 reditum
2840 3863 3095 3936 suggillat
3152 3861 3351 3932 sarpius
3380 3858 3754 3921 Athanasius;

520 3960 755 4017 eumque
787 3948 1127 4009 demonstrat
1152 3954 1208 4009 in
1235 3953 1453 4011 Nicasno
1498 3961 1730 4016 concilio
1759 3969 2017 4032 tanquam
2055 3961 2329 4017 ludionem
2357 3962 2414 4016 in
2455 3975 2619 4017 scena
2646 3960 2876 4027 lusisse,
2905 3956 3094 4010 habitu
3120 3953 3395 4008 catholico
3446 3947 3754 4021 super'in-

520 4038 724 4107 ducto;
753 4056 933 4110 quem,
962 4058 1216 4113 egressus
1245 4047 1391 4113 inde,
1447 4055 1676 4114 exuens,
1708 4068 2022 4122 personam,
2054 4071 2306 4125 quamam
2345 4061 2511 4119 esset,
2546 4054 2603 4108 in
2631 4052 2908 4111 omnibus,
2942 4056 3001 4101 ut
3030 4048 3106 4099 alt
3150 4043 3514 4115 Epiphanius,
3547 4057 3678 4111 ριέε
3708 4056 3754 4097 δέ

517 4131 665 4187 tulit.
691 4131 840 4188 Adeo
859 4145 915 4190 ut
944 4135 1086 4191 idem
1116 4136 1385 4195 Eusebius
1411 4140 1644 4198 Eusebio
1675 4143 2082 4201 Nicomediensi
2116 4148 2469 4217 conjunctus,
2525 4146 2649 4217 biga
2680 4140 2969 4212 impietatis
3000 4138 3175 4194 effecti
3214 4138 3396 4199 ambo,
3434 4135 3552 4205 pari
3584 4150 3751 4190 cursu

515 4226 571 4275 et
606 4222 827 4292 impetu,
863 4226 1161 4296 impulsore
1191 4247 1424 4301 nequam
1469 4234 1668 4304 spiritu
1694 4236 1908 4305 agitati,
1944 4237 2001 4292 iu
2034 4253 2195 4293 suum
2221 4240 2464 4309 ipsorum
2489 4246 2544 4293 et
2563 4237 2794 4292 aliorum
2819 4233 3045 4289 exitium
3063 4233 3118 4287 iu
3147 4246 3386 4303 praeceps
3414 4228 3580 4284 delati
3610 4229 3752 4282 sint.

518 4312 590 4370 Ut
620 4331 727 4372 non
760 4319 1033 4379 immerito
1065 4326 1326 4396 appellari
1355 4329 1470 4399 ipse
1504 4329 1772 4386 Eusebius
1814 4330 2171 4389 Cazsariensis
2200 4331 2457 4387 meruerit
2496 4346 2526 4384 a
2557 4338 2749 4385 sancto
2779 4326 3107 4398 Hieronymo
3132 4332 3186 4380 et
3216 4323 3357 4387 aliis,
3386 4321 3610 4376 Arianae
3670 4318 3752 4372 fa-

516 4407 715 4466 ctionis
740 4412 989 4484 signifer,
1018 4430 1387 4492 propugnator
1413 4424 1811 4493 apertissimus,
1840 4433 1895 4480 et
1918 4426 2060 4480 inter
2102 4426 2335 4479 Arianos
2378 4424 2535 4477 facile
2567 4422 2838 4493 princeps.
2876 4419 3047 4490 Cujus
3075 4427 3130 4475 et
3149 4415 3464 4474 memoriam
3491 4412 3641 4465 adeo
3673 4424 3751 4471 ex;

516 4507 728 4554 secrata
757 4510 840 4557 est
867 4503 1084 4561 Nicaena
1132 4509 1375 4580 synodus
1412 4512 1674 4579 secunda,
1729 4520 1789 4568 ut
1817 4514 1977 4584 plane
2006 4528 2129 4567 eum
2175 4512 2288 4582 jam
2345 4512 2637 4569 defendere
2664 4511 2820 4583 velle,
2851 4510 2986 4565 nihil
3021 4508 3170 4581 aliud
3201 4504 3635 4577 existimandum
3670 4503 3749 4558 sit

514 4606 678 4660 quam
706 4593 1005 4654 Ecclesiam
1051 4602 1375 4658 catholicam
1409 4604 1751 4676 impugnare.
1784 4605 1941 4661 Unde
1969 4612 2023 4661 et
2047 4605 2252 4675 pudere
2284 4605 2497 4661 Sixtum
2546 4611 2816 4675 oporteat,
2848 4604 2981 4659 dum
3014 4604 3277 4660 adversus
3311 4600 3554 4656 omnium
3615 4600 3746 4653 anti

512 4696 745 4750 quorum
775 4683 995 4743 Patrum
1024 4696 1342 4758 sententias,
1371 4698 1552 4765 ipsum
1594 4695 1889 4751 Eusebium
1917 4696 2250 4752 catholicum
2280 4711 2599 4753 asseverare
2622 4711 2731 4750 non
2759 4695 2974 4750 dubitat
2998 4713 3013 4761 ;
3045 4710 3168 4749 cum
3212 4691 3406 4763 frigide
3431 4705 3555 4746 eum
3577 4705 3750 4745 excu-

513 4789 663 4840 sans,
694 4776 915 4836 Eusebii
946 4781 1379 4844 Nicomediensis
1402 4805 1528 4845 esse
1556 4790 1745 4853 tradit,
1776 4788 1925 4859 quod
1973 4790 2180 4846 erroris
2232 4790 2529 4853 ascribitur
2580 4788 2831 4847 Eusebio.
2868 4788 3135 4860 Pamphili
3163 4806 3178 4843 :
3233 4785 3459 4857 perinde
3482 4800 3546 4839 ac
3575 4785 3633 4840 si
3663 4802 3750 4841 eo

512 4868 759 4925 rumdem
783 4872 1005 4930 Palmm
1028 4880 1309 4935 sententiae
1340 4880 1410 4934 de
1439 4881 1626 4936 eodem
1650 4881 1917 4952 ambigua:
1942 4882 2075 4945 sint,
2109 4896 2174 4937 ac
2205 4882 2271 4937 de
2306 4881 2542 4937 Eusebio
2572 4880 2972 4938 Nicomediensi
3000 4881 3210 4951 possint
3237 4878 3611 4948 interpretari.
3638 4879 3750 4934 Uti.

511 4977 637 5017 nam
662 4966 746 5020 vel
773 4968 1002 5038 exiguus
1027 4972 1222 5026 saltem
1251 4971 1374 5041 ejus
1407 4973 1709 5028 excusandi
1745 4973 2148 5043 relinqueretur
2167 4974 2344 5030 locus.
2377 4974 2549 5040 Quam
2584 4975 2948 5031 libentissime
2982 4975 3097 5044 ipse
3128 4973 3424 5027 historicus
3453 4985 3553 5041 pro
3575 4971 3747 5028 histo

511 5057 628 5112 rico
654 5058 979 5131 laborarem,
1032 5062 1120 5117 cui
1154 5064 1319 5134 (quod
1348 5076 1544 5134 magna
1578 5063 1774 5120 fiducia
1821 5066 2055 5135 ingenue
2087 5065 2428 5135 profitemur)
2455 5064 2540 5120 vel
2566 5081 2632 5121 ex
2662 5081 2725 5120 ea
2749 5072 2907 5136 parte
2943 5064 3235 5133 plurimum
3277 5060 3522 5116 Ecclesia
3564 5060 3748 5116 catho

509 5152 615 5208 lica
630 5154 809 5219 debet,
827 5157 972 5225 quod
1000 5172 1179 5212 rerum
1208 5158 1703 5213 ecclesiasticarum
1748 5160 2149 5231 quamplurima
2177 5159 2404 5229 antiqua
2432 5170 2779 5216 monumenta
2803 5174 3001 5230 magno
3028 5159 3213 5213 labore
3238 5158 3493 5222 collecta,
3516 5155 3747 5212 fidelite

508 5249 747 5319 posteris
800 5251 1117 5306 tradiderit!
1158 5251 1266 5309 Ter
1293 5261 1594 5324 quaterque
1629 5252 1754 5308 felix
1786 5262 1869 5309 tot
1892 5252 2225 5326 peregregiis
2256 5253 2729 5310 lucubrationibus
2759 5253 2941 5316 editis,
2964 5251 3071 5307 nisi
3104 5266 3229 5306 eum
3255 5250 3508 5320 impietas
3540 5248 3748 5303 Atiam

504 5349 588 5396 tot
618 5343 895 5414 tantisque
920 5342 1173 5401 sordibus
1198 5346 1429 5415 turpiter
1451 5346 1794 5415 aspersissct',
1820 5354 1875 5405 et
1894 5356 2040 5413 ante,
2075 5347 2473 5418 persecutionis
2501 5355 2764 5419 tempore,
2798 5348 2985 5417 lapsus
3039 5359 3068 5398 a
3105 5344 3230 5411 fide,
3272 5343 3519 5399 eamdem
3565 5349 3748 5398 tanta

506 5444 637 5505 pere
664 5434 1065 5490 labefactasset.
1100 5424 1251 5501 Quod
1278 5448 1405 5490 vero
1436 5435 1783 5506 simplicitate
1813 5440 2047 5509 quadam
2083 5448 2136 5495 et
2178 5454 2366 5495 rerum
2413 5439 2630 5495 inscitia
2669 5440 2731 5492 in
2758 5452 2860 5494 suo
2906 5435 3225 5492 Sanctorum
3265 5434 3510 5505 catalogo
3548 5428 3747 5490 Petm‘

505 5527 650 5582 inter
679 5536 902 5583 sanctos
928 5526 1177 5583 eumdem
1206 5527 1499 5584 Eusebium
1530 5526 1734 5592 retulit,
1760 5540 1815 5584 et
1845 5544 2032 5586 errore
2073 5540 2236 5602 atquc
2277 5532 2490 5587 incuria
2521 5532 2758 5602 quadam
2799 5530 2857 5585 in
2888 5527 3110 5600 aliquod
3135 5526 3584 5600 Martyrologium
3617 5526 3746 5585 irre

506 5617 633 5685 psit,
667 5618 723 5671 in
751 5616 956 5672 nostris
985 5615 1054 5670 ad
1077 5615 1380 5673 Romanum
1409 5616 1851 5691 Martyrologium
1876 5621 2041 5687 notis,
2066 5622 2317 5691 pluribus
2342 5623 2599 5679 diximus.

578 5771 599 5803 "
630 5770 722 5827 Ps.
759 5783 928 5838 xxxii,
959 5767 1015 5823 9.
1069 5762 1089 5792 "
1111 5758 1272 5816 Prov.
1300 5781 1417 5841 vm,
1443 5771 1531 5826 22.
