3812 6328
461 293 532 349 99
1169 282 1436 345 EUSEBII
1470 284 1946 344 CxESARlENSlS
1984 284 2135 340 OPP.
2171 285 2356 347 PARS
2391 288 2433 346 Ι.
2462 321 2531 332 -
2556 287 2951 347 HISTORICA.
3588 285 3699 342 {00

2806 551 3675 580 Μ

461 551 2787 583 W

798 866 1842 1084 EUSEBII
2031 859 3342 1092 PAMPHILI

1438 1296 2115 1378 CAESARIENSIS
2186 1297 2652 1378 EPISCOPI

674 1622 2238 1805 CHRONICOBUM
2323 1626 2908 1799 LIBRI
2994 1616 3445 1799 DUO

1012 2079 1108 2140 (Ει
1127 2078 1251 2129 edit.
1276 2081 1407 2145 Aug.
1434 2078 1548 2144 Mn,
1576 2077 1755 2143 Script.
1782 2086 1873 2133 vet.
1899 2094 2022 2133 noua
2046 2075 2287 2141 Collectio,
2310 2084 2427 2129 tom.
2451 2076 2583 2140 VIII,
2606 2078 2790 2137 Romae,
2811 2072 2951 2136 1833,
2972 2070 3145 2138 m4.)

1741 2467 2424 2563 PRIEFATIO.

515 2747 644 2804 Post
686 2745 952 2802 inventum
995 2746 1212 2804 Eusebii
1255 2747 1651 2806 Cbmnicorum
1680 2747 1910 2816 priorem
1940 2743 2167 2812 librum,
2215 2760 2366 2815 quem
2410 2742 2593 2800 Latini
2629 2759 2821 2799 veteres
2859 2760 3128 2816 nunquam
3152 2743 3474 2807 habuerunt,
3508 2737 3684 2799 Grani

436 2839 555 2909 jam
605 2840 696 2893 diu
744 2839 1148 2907 desiderabant,
1182 2842 1419 2896 Armenii
1442 2840 1659 2911 denique
1695 2841 1809 2894 orbi
1844 2840 2221 2905 restituerunt,
2254 2839 2374 2896 duce
2410 2838 2773 2894 tantummodo
2812 2839 2972 2893 totius
3003 2839 3170 2907 operis
3198 2838 3449 2893 editiones
3479 2846 3680 2891 curata

438 2944 599 2996 sunt,
632 2934 1043 2990 Mediolanensis
1090 2938 1323 2992 videlicet
1359 2946 1513 3005 atque
1567 2933 1808 2988 Veneta:
1838 2951 1990 3004 quae,
2031 2937 2293 3005 separatis
2345 2935 2471 2990 locis
2508 2933 2797 3005 studiisque
2846 2935 3036 3003 facte,
3070 2930 3210 2984 haud
3253 2930 3412 2984 semel
3451 2930 3586 2982 inter
3626 2943 3683 2980 se

439 3027 743 3093 dissident,
788 3040 976 3082 neutra
1010 3046 1127 3083 vero
1172 3030 1245 3084 v’el
1291 3029 1359 3083 ad
1400 3045 1622 3099 unguem
1675 3028 1893 3081 elimata
1933 3028 2012 3082 vel
2055 3029 2286 3099 perfecta
2315 3039 2395 3084 est
2428 3046 2447 3083 :
2488 3044 2789 3099 quanquam
2818 3043 2909 3096 ego
2949 3024 3155 3079 Venette
3196 3023 3443 3085 editioni,
3472 3027 3683 3091 prapta

441 3121 747 3177 Armeniaci
778 3132 947 3177 textus
980 3122 1354 3194 doctorumque
1382 3122 1700 3177 scholiorum
1733 3124 2041 3177 comitatum
2061 3162 2076 3187 ,
2109 3125 2434 3192 prtecipuum
2463 3122 2708 3177 honorem
2757 3130 2939 3191 sponte
2985 3119 3182 3188 defero.
3233 3117 3363 3184 Quae
3377 3132 3494 3170 cum
3523 3116 3602 3170 ita
3630 3130 3684 3169 se

439 3214 688 3280 habeant,
710 3232 976 3287 nunquam
1018 3235 1121 3272 non
1144 3218 1319 3288 optavi
1354 3218 1560 3272 tertiam
1588 3215 1797 3271 demum
1827 3216 2088 3272 adornare
2113 3217 2390 3272 editionem
2410 3257 2425 3277 ,
2448 3233 2566 3287 qua:
2593 3217 2770 3269 omnia
2799 3215 3126 3284 superiorum
3155 3212 3290 3267 bona
3313 3212 3679 3281 conjungeret,

440 3306 639 3363 mendis
669 3309 895 3362 exclusis
924 3325 942 3362 :
965 3308 1018 3362 id
1047 3308 1184 3379 quod
1215 3310 1279 3365 de
1302 3311 1477 3379 priore
1500 3311 1792 3376 prwsertim
1825 3310 1958 3364 libro
1989 3309 2188 3364 dictum
2220 3311 2325 3374 sit,
2367 3310 2460 3380 qui
2505 3309 2648 3363 unici
2691 3307 2887 3361 codicis
2925 3307 3225 3360 Armeniaci
3264 3305 3584 3358 auctoritate
3627 3309 3683 3358 et

445 3396 749 3454 ercorum
792 3398 1209 3468 fragmentorum
1241 3398 1566 3453 adminiculo
1605 3401 1811 3454 nititur.
1842 3399 1910 3453 In
1943 3401 2233 3469 posteriore
2273 3409 2447 3453 autem
2480 3398 2611 3451 libro
2648 3399 2795 3468 longe
2827 3398 2981 3468 plura
3023 3398 3327 3468 adjumenta
3368 3401 3685 3465 suppetunt,

437 3489 623 3559 quibus
669 3491 933 3562 egregium
978 3490 1193 3546 Eusebii
1245 3508 1373 3561 opus
1421 3491 1490 3546 ad
1534 3492 1802 3547 meliorem
1855 3493 2058 3563 frugem
2112 3508 2353 3549 revocare
2406 3493 2524 3546 licet
2575 3508 2594 3546 :
2640 3501 2765 3545 sunt
2806 3494 2944 3546 enim
2987 3490 3041 3545 in
3106 3492 3361 3547 Vaticana
3406 3487 3684 3558 Pontiﬁcis

438 3581 670 3637 Maximi
698 3582 1009 3637 bibliotheca
1036 3586 1343 3652 posterioris
1372 3584 1770 3640 Chronicorum
1804 3588 1929 3643 libri
1958 3593 2158 3667 cgdices
2187 3588 2305 3649 plus
2333 3588 2515 3657 viginti
2535 3626 2549 3650 ,
2572 3602 2701 3656 quos
2732 3586 2866 3640 inter
2895 3587 3096 3657 aliquot
3125 3596 3317 3641 veteres
3341 3594 3389 3639 et
3419 3592 3684 3653 prwstan-

442 3678 659 3735 tissimi.
690 3677 955 3732 Prwterea
998 3694 1117 3732 cum
1149 3678 1204 3731 in
1250 3676 1634 3734 Mediolanensi
1672 3696 1735 3735 ac
1770 3679 1961 3736 Veneta
1994 3684 2151 3736 unius
2195 3690 2396 3735 tantum
2428 3679 2642 3734 Eusebii
2681 3678 2835 3734 verba
2877 3681 3273 3741 contineantur,
3319 3693 3569 3747 magnum
3601 3685 3682 3729 est

442 3770 612 3838 operis
638 3769 1029 3833 detrimentum,
1063 3769 1202 3840 quod
1225 3772 1498 3837 permultis
1523 3781 1679 3842 atque
1705 3772 1978 3841 pra’claris
2006 3772 2067 3828 S.
2090 3772 2398 3843 Hieronymi
2423 3770 2796 3825 additamentis
2817 3779 2980 3824 caret.
3010 3768 3190 3839 Neque
3216 3771 3430 3838 ipsemet
3461 3767 3680 3822 Eusebii

445 3870 619 3916 textus
664 3862 717 3915 in
747 3861 1015 3930 prazdictis
1046 3861 1366 3916 editionibus
1387 3901 1401 3925 ,
1434 3878 1549 3932 qua:
1578 3878 1643 3917 ex
1675 3864 1987 3918 Armeniaca
2014 3863 2189 3919 codice
2218 3873 2473 3927 manant,
2501 3864 2696 3934 integer
2727 3872 2802 3918 est
2838 3875 2992 3933 atque
3036 3859 3273 3915 illibatus
3306 3862 3536 3915 :etenim
3572 3862 3685 3915 luce

444 3953 738 4008 meridiana
777 3955 975 4007 clarius
1012 3963 1122 4018 est,
1169 3971 1275 4008 non
1317 3970 1489 4024 pauca
1528 3956 1835 4010 Armenium
1873 3956 1950 4011 uel
1990 3957 2375 4012 Amanuensem
2423 3956 2501 4010 uel
2548 3956 2879 4025 interpretem
2919 3953 2982 4007 de
3022 3952 3259 4023 genuinis
3310 3950 3527 4006 Eusebii
3572 3954 3684 4024 fra-

442 4046 662 4114 gmentis
707 4047 1104 4115 pratermisisse
1147 4062 1165 4100 :
1209 4062 1367 4117 quam
1410 4064 1520 4102 rem
1570 4047 1843 4120 Synceltus
1890 4050 2217 4118 praesertim,
2262 4060 2313 4104 et
2357 4049 2669 4105 Chronicon
2702 4047 2960 4119 paschale
3001 4045 3171 4117 (cujus
3216 4044 3580 4100 nobilissimus
3629 4048 3684 4100 in

452 4132 711 4191 Vaticana
739 4136 1050 4191 bibliotheca
1077 4138 1241 4192 codex
1274 4147 1409 4208 est),
1444 4150 1620 4210 aperte
1645 4139 2037 4205 demonstrant,
2070 4141 2134 4196 de
2161 4159 2382 4214 quorum
2423 4141 2584 4197 veluti
2613 4140 2903 4195 rioulorum
2941 4136 3006 4191 ab
3044 4136 3271 4191 Eusebio
3299 4137 3504 4207 origine
3536 4137 3683 4191 nullo

441 4228 597 4284 modo
641 4227 878 4282 dubitari
902 4239 1091 4298 potest.
1129 4229 1375 4299 Profecto
1404 4242 1620 4287 sanctus
1645 4232 1999 4304 Hieronymus
2027 4234 2268 4303 afﬁrmat
2296 4237 2350 4289 in
2392 4235 2731 4306 prazfutione,
2765 4249 2820 4286 se
2850 4241 2970 4286 ante
3014 4232 3249 4301 Trojano
3285 4239 3521 4298 tempora
3550 4232 3683 4286 nihil

439 4333 656 4386 prorsus
683 4319 910 4374 Eusebio
935 4321 1206 4375 addidisse
1234 4333 1323 4376 :et
1348 4333 1521 4378 tamen
1548 4323 1775 4378 Latinus
1828 4323 2223 4381 Chronicorum
2264 4335 2433 4382 textus
2467 4324 2739 4396 complura
2760 4325 2913 4379 habet
2938 4334 3058 4380 ante
3099 4324 3273 4393 Trojar
3301 4324 3678 4391 captivitatem,

439 4428 473 4468 α
501 4411 695 4468 ercis
736 4431 871 4485 stupe
902 4415 1209 4486 fragmentis
1240 4418 1584 4486 conﬁrmata,
1614 4435 1731 4489 qua:
1762 4417 2106 4474 Armeniacus
2133 4421 2297 4475 codex
2318 4422 2603 4476 desiderat.
2637 4419 2767 4474 Post
2805 4419 3021 4489 Trojam
3050 4435 3251 4490 quoque
3278 4427 3487 4484 captam
3511 4419 3679 4471 multa

437 4516 560 4561 sunt
586 4506 650 4560 ab
676 4509 989 4562 Armeniaca
1021 4511 1297 4576 interprete
1322 4512 1711 4578 praetermissa,
1739 4526 1856 4580 qua:
1878 4510 2230 4584 Hieronymus
2258 4515 2478 4578 retinet,
2508 4529 2598 4567 nec
2631 4522 2804 4567 tamen
2834 4513 2970 4567 inter
3001 4511 3115 4581 ejus
3150 4512 3516 4565 additamenta
3560 4527 3677 4565 cen-

437 4616 551 4655 sere
589 4601 745 4664 licet,
776 4602 902 4670 quia
931 4617 1049 4653 cum
1083 4598 1282 4655 Graecis
1316 4600 1626 4672 fragmentis
1661 4603 1773 4657 sine
1804 4603 1962 4658 dubio
1997 4605 2307 4660 Eusebianis
2348 4604 2674 4660 adamussim
2702 4615 3018 4675 congruunt.
3053 4604 3238 4674 Opera:
3268 4605 3431 4674 igitur
3450 4606 3672 4672 pretium

440 4708 521 4746 me
561 4692 829 4763 facturum
869 4693 1108 4759 speravi,
1150 4694 1198 4747 si
1236 4694 1535 4748 universum
1569 4694 1786 4749 Eusebii
1812 4696 2109 4752 Chronicon
2144 4715 2275 4752 nova
2309 4698 2410 4751 hac
2443 4697 2666 4751 editione
2708 4698 2982 4768 integrius,
3012 4695 3339 4751 emendatius
3373 4695 3673 4765 pleniusque

439 4785 665 4854 facerem
688 4802 706 4840 :
727 4788 954 4854 priorem
984 4788 1180 4842 scilicet
1214 4787 1407 4841 librum
1440 4790 1665 4841 duarum
1693 4790 1973 4845 collatione
2001 4793 2288 4846 editionum
2309 4833 2324 4857 ,
2354 4793 2553 4847 criticis
2598 4792 2797 4864 aliquot
2840 4791 3383 4848 animaduersionibus
3407 4829 3422 4852 ,
3451 4789 3674 4853 philolo-

436 4879 551 4948 gico
588 4878 764 4932 studio
803 4895 865 4932 ac
894 4879 1172 4935 sedulitate
1202 4882 1486 4950 expolirem
1517 4892 1568 4936 et
1612 4885 1957 4953 reformarem
1995 4901 2013 4938 :
2056 4888 2398 4954 posteriorem
2445 4903 2595 4953 vero,
2629 4905 2733 4944 non
2769 4890 2941 4944 solum
2980 4887 3350 4958 pra’termissis
3392 4884 3457 4938 ab
3490 4885 3670 4938 Arme-

441 4970 593 5025 niaca
643 4972 921 5040 interprete
966 4970 1278 5027 Eusebianis
1323 4974 1634 5044 fragmentis
1678 4993 1955 5047 augerem,
2007 4994 2184 5032 verum
2225 4982 2389 5034 etiam
2431 4982 2600 5038 doctis
2647 4982 2958 5054 Hieronymi
3001 4982 3271 5038 laboribus
3315 4981 3668 5041 cumularem;

438 5074 488 5119 et
515 5066 653 5137 quod
697 5069 935 5138 apprime
976 5073 1262 5133 intererat,
1308 5079 1385 5125 tot
1427 5069 1664 5124 codicum
1698 5071 2072 5126 Vaticanorum
2105 5075 2307 5129 auxilio
2336 5076 2502 5147 fretus
2538 5096 2673 5135 nova
2718 5094 2935 5148 prorsus
2977 5078 3193 5133 lectione
3232 5077 3507 5132 donarem.
3551 5075 3669 5130 Ha'c

435 5166 514 5213 est
537 5159 699 5228 igitur
736 5160 947 5214 consilii
975 5162 1075 5215 mei
1098 5177 1304 5215 summa
1327 5177 1345 5215 :
1369 5162 1456 5215 cui
1466 5161 1585 5230 jam
1609 5161 1745 5215 illud
1776 5162 2072 5217 addendum
2097 5175 2208 5230 est,
2233 5169 2373 5237 quod
2407 5169 2653 5224 lacunam
2686 5171 2881 5226 codicis
2912 5170 3245 5234 Armeniaci,
3283 5170 3420 5223 inter
3446 5171 3666 5240 priorem

437 5253 762 5324 alterumque
793 5254 985 5308 librum
1019 5255 1340 5327 interjectam
1364 5297 1379 5321 ,
1405 5255 1461 5309 id
1492 5266 1571 5311 est
1603 5257 1877 5311 consulum
1924 5258 2329 5332 Caesarumque,
2378 5280 2497 5318 cum
2549 5264 2944 5321 decurrentibus
2990 5262 3377 5336 olympiadibus
3400 5304 3414 5325 ,
3451 5264 3660 5330 seriem,

436 5345 675 5400 invocato
724 5345 982 5403 Chronici
1031 5351 1304 5419 paschalis
1354 5350 1556 5405 auxilio
1616 5352 1920 5416 certissime,
1970 5360 2031 5404 ut
2090 5353 2340 5421 arbitror,
2391 5361 2605 5426 sustuli,
2654 5368 2705 5415 et
2767 5356 2980 5412 Eusebii
3035 5372 3164 5426 opus
3220 5355 3663 5413 absolutissimum

434 5438 662 5497 reddidi.

1919 5615 2177 5639 ει...-
