  <div class='ocr_page' id='page_1' title='image "/cluster/home/n/w/nwhite01/storage/ocr_20150623/19/hvd.32044011362951/077.png"; bbox 0 0 3812 6310; ppageno 0'>
   <div class='ocr_carea' id='block_1_1' title="bbox 463 357 569 415">
    <p class='ocr_par' dir='ltr' id='par_1_1' title="bbox 463 357 569 415">
     <span class='ocr_line' id='line_1_1' title="bbox 463 357 569 415; baseline 0 0"><span class='ocrx_word' id='word_1_1' title='bbox 463 357 569 415; x_wconf 77' lang='lat' dir='ltr'><strong>I39</strong></span> 
     </span>
    </p>
   </div>
   <div class='ocr_carea' id='block_1_2' title="bbox 464 567 1123 640">
    <p class='ocr_par' dir='ltr' id='par_1_2' title="bbox 464 567 1123 640">
     <span class='ocr_line' id='line_1_2' title="bbox 464 567 1123 640; baseline 0.005 -16"><span class='ocrx_word' id='word_1_2' title='bbox 464 567 844 640; x_wconf 74' lang='lat' dir='ltr'><strong>przefecturam</strong></span> <span class='ocrx_word' id='word_1_3' title='bbox 881 567 1123 639; x_wconf 77' lang='lat' dir='ltr'><strong>gerebat.</strong></span> 
     </span>
    </p>
   </div>
   <div class='ocr_carea' id='block_1_3' title="bbox 533 657 2043 732">
    <p class='ocr_par' dir='ltr' id='par_1_3' title="bbox 533 657 2043 732">
     <span class='ocr_line' id='line_1_3' title="bbox 533 657 2043 732; baseline -0.002 -16"><span class='ocrx_word' id='word_1_4' title='bbox 533 661 589 717; x_wconf 83' lang='lat'><strong>5.</strong></span> <span class='ocrx_word' id='word_1_5' title='bbox 650 657 852 715; x_wconf 81' lang='lat' dir='ltr'><strong>Priami</strong></span> <span class='ocrx_word' id='word_1_6' title='bbox 902 659 921 682; x_wconf 81' lang='lat'><strong>‘</strong></span> <span class='ocrx_word' id='word_1_7' title='bbox 956 660 1234 732; x_wconf 82' lang='lat' dir='ltr'><strong>exemplar</strong></span> <span class='ocrx_word' id='word_1_8' title='bbox 1309 674 1529 731; x_wconf 86' lang='lat' dir='ltr'><strong>quoque</strong></span> <span class='ocrx_word' id='word_1_9' title='bbox 1594 659 1896 715; x_wconf 88' lang='lat' dir='ltr'><strong>litterarum</strong></span> <span class='ocrx_word' id='word_1_10' title='bbox 1973 657 2043 714; x_wconf 85' lang='lat' dir='ltr'><strong>ad</strong></span> 
     </span>
    </p>
   </div>
   <div class='ocr_carea' id='block_1_4' title="bbox 467 748 2041 828">
    <p class='ocr_par' dir='ltr' id='par_1_4' title="bbox 467 748 2041 828">
     <span class='ocr_line' id='line_1_4' title="bbox 467 748 2041 828; baseline -0.001 -21"><span class='ocrx_word' id='word_1_11' title='bbox 467 750 792 807; x_wconf 83' lang='lat' dir='ltr'><strong>Teutamum</strong></span> <span class='ocrx_word' id='word_1_12' title='bbox 860 750 1245 808; x_wconf 80' lang='lat' dir='ltr'><strong>circumfertur</strong></span> <span class='ocrx_word' id='word_1_13' title='bbox 1291 748 1562 828; x_wconf 77' lang='lat' dir='ltr'><strong>ejusmodi</strong></span> <span class='ocrx_word' id='word_1_14' title='bbox 1602 751 1705 822; x_wconf 93' lang='lat' dir='ltr'><strong>(I).</strong></span> <span class='ocrx_word' id='word_1_15' title='bbox 1756 769 1776 803; x_wconf 78' lang='grc' dir='ltr'><strong>ι</strong></span> <span class='ocrx_word' id='word_1_16' title='bbox 1822 751 2041 806; x_wconf 73' lang='lat' dir='ltr'><strong>Militari</strong></span> 
     </span>
    </p>
   </div>
   <div class='ocr_carea' id='block_1_5' title="bbox 467 842 2040 917">
    <p class='ocr_par' dir='ltr' id='par_1_5' title="bbox 467 842 2040 917">
     <span class='ocr_line' id='line_1_5' title="bbox 467 842 2040 917; baseline 0.002 -20"><span class='ocrx_word' id='word_1_17' title='bbox 467 843 557 909; x_wconf 93' lang='lat' dir='ltr'><strong>vi,</strong></span> <span class='ocrx_word' id='word_1_18' title='bbox 584 844 779 914; x_wconf 82' lang='lat' dir='ltr'><strong>inquit,</strong></span> <span class='ocrx_word' id='word_1_19' title='bbox 814 842 871 899; x_wconf 91' lang='lat' dir='ltr'><strong>in</strong></span> <span class='ocrx_word' id='word_1_20' title='bbox 898 845 1121 915; x_wconf 86' lang='lat' dir='ltr'><strong>regione</strong></span> <span class='ocrx_word' id='word_1_21' title='bbox 1152 852 1245 899; x_wconf 89' lang='lat' dir='ltr'><strong>tua</strong></span> <span class='ocrx_word' id='word_1_22' title='bbox 1276 844 1352 917; x_wconf 74' lang='lat'><strong>(2)</strong></span> <span class='ocrx_word' id='word_1_23' title='bbox 1403 860 1434 899; x_wconf 89' lang='lat' dir='ltr'><strong>a</strong></span> <span class='ocrx_word' id='word_1_24' title='bbox 1464 843 1668 901; x_wconf 73' lang='lat' dir='ltr'><strong>Graecis</strong></span> <span class='ocrx_word' id='word_1_25' title='bbox 1709 843 2040 900; x_wconf 81' lang='lat' dir='ltr'><strong>irruentibus</strong></span> 
     </span>
    </p>
   </div>
   <div class='ocr_carea' id='block_1_6' title="bbox 459 932 2037 1007">
    <p class='ocr_par' dir='ltr' id='par_1_6' title="bbox 459 932 2037 1007">
     <span class='ocr_line' id='line_1_6' title="bbox 459 932 2037 1007; baseline 0.001 -19"><span class='ocrx_word' id='word_1_26' title='bbox 459 936 727 1007; x_wconf 70' lang='lat' dir='ltr'><strong>appetitus</strong></span> <span class='ocrx_word' id='word_1_27' title='bbox 762 950 905 1001; x_wconf 90' lang='lat' dir='ltr'><strong>sum,</strong></span> <span class='ocrx_word' id='word_1_28' title='bbox 930 935 1181 1006; x_wconf 88' lang='lat' dir='ltr'><strong>belloque</strong></span> <span class='ocrx_word' id='word_1_29' title='bbox 1207 941 1476 989; x_wconf 78' lang='lat' dir='ltr'><strong>certatum</strong></span> <span class='ocrx_word' id='word_1_30' title='bbox 1505 941 1591 989; x_wconf 88' lang='lat' dir='ltr'><strong>est</strong></span> <span class='ocrx_word' id='word_1_31' title='bbox 1614 932 1766 988; x_wconf 86' lang='lat' dir='ltr'><strong>varia</strong></span> <span class='ocrx_word' id='word_1_32' title='bbox 1794 932 2037 989; x_wconf 75' lang='lat' dir='ltr'><strong>fortuna.</strong></span> 
     </span>
    </p>
   </div>
   <div class='ocr_carea' id='block_1_7' title="bbox 456 1026 2039 1091">
    <p class='ocr_par' dir='ltr' id='par_1_7' title="bbox 456 1026 2039 1091">
     <span class='ocr_line' id='line_1_7' title="bbox 456 1026 2039 1091; baseline -0.002 -8"><span class='ocrx_word' id='word_1_33' title='bbox 456 1027 614 1083; x_wconf 87' lang='lat' dir='ltr'><strong>Nunc</strong></span> <span class='ocrx_word' id='word_1_34' title='bbox 640 1044 770 1085; x_wconf 86' lang='lat' dir='ltr'><strong>vero</strong></span> <span class='ocrx_word' id='word_1_35' title='bbox 809 1037 863 1084; x_wconf 92' lang='lat' dir='ltr'><strong>et</strong></span> <span class='ocrx_word' id='word_1_36' title='bbox 908 1027 1051 1084; x_wconf 78' lang='lat' dir='ltr'><strong>[ilius</strong></span> <span class='ocrx_word' id='word_1_37' title='bbox 1081 1042 1237 1084; x_wconf 91' lang='lat' dir='ltr'><strong>meus</strong></span> <span class='ocrx_word' id='word_1_38' title='bbox 1266 1026 1469 1083; x_wconf 82' lang='lat' dir='ltr'><strong>Hector</strong></span> <span class='ocrx_word' id='word_1_39' title='bbox 1499 1026 1804 1083; x_wconf 89' lang='lat' dir='ltr'><strong>exstinctus</strong></span> <span class='ocrx_word' id='word_1_40' title='bbox 1836 1038 1953 1091; x_wconf 89' lang='lat' dir='ltr'><strong>est,</strong></span> <span class='ocrx_word' id='word_1_41' title='bbox 1984 1034 2039 1081; x_wconf 91' lang='lat' dir='ltr'><strong>et</strong></span> 
     </span>
    </p>
   </div>
   <div class='ocr_carea' id='block_1_8' title="bbox 457 1115 2038 1195">
    <p class='ocr_par' dir='ltr' id='par_1_8' title="bbox 457 1115 2038 1195">
     <span class='ocr_line' id='line_1_8' title="bbox 457 1115 2038 1195; baseline -0.001 -24"><span class='ocrx_word' id='word_1_42' title='bbox 457 1119 688 1195; x_wconf 76' lang='lat' dir='ltr'><strong>aliorum</strong></span> <span class='ocrx_word' id='word_1_43' title='bbox 738 1118 910 1171; x_wconf 90' lang='lat' dir='ltr'><strong>multa</strong></span> <span class='ocrx_word' id='word_1_44' title='bbox 954 1117 1139 1188; x_wconf 87' lang='lat' dir='ltr'><strong>proles</strong></span> <span class='ocrx_word' id='word_1_45' title='bbox 1170 1131 1234 1171; x_wconf 88' lang='lat' dir='ltr'><strong>ac</strong></span> <span class='ocrx_word' id='word_1_46' title='bbox 1268 1127 1508 1173; x_wconf 88' lang='lat' dir='ltr'><strong>strenua.</strong></span> <span class='ocrx_word' id='word_1_47' title='bbox 1540 1115 1833 1187; x_wconf 82' lang='lat' dir='ltr'><strong>Copiarum</strong></span> <span class='ocrx_word' id='word_1_48' title='bbox 1873 1116 2038 1187; x_wconf 90' lang='lat' dir='ltr'><strong>igitur</strong></span> 
     </span>
    </p>
   </div>
   <div class='ocr_carea' id='block_1_9' title="bbox 455 1202 2037 1278">
    <p class='ocr_par' dir='ltr' id='par_1_9' title="bbox 455 1202 2037 1278">
     <span class='ocr_line' id='line_1_9' title="bbox 455 1202 2037 1278; baseline 0.001 -15"><span class='ocrx_word' id='word_1_49' title='bbox 455 1202 635 1264; x_wconf 81' lang='lat' dir='ltr'><strong>valido</strong></span> <span class='ocrx_word' id='word_1_50' title='bbox 684 1209 786 1264; x_wconf 91' lang='lat' dir='ltr'><strong>sub</strong></span> <span class='ocrx_word' id='word_1_51' title='bbox 829 1207 968 1263; x_wconf 92' lang='lat' dir='ltr'><strong>duce</strong></span> <span class='ocrx_word' id='word_1_52' title='bbox 1027 1209 1184 1264; x_wconf 91' lang='lat' dir='ltr'><strong>nobis</strong></span> <span class='ocrx_word' id='word_1_53' title='bbox 1231 1208 1513 1278; x_wconf 86' lang='lat' dir='ltr'><strong>suppetias</strong></span> <span class='ocrx_word' id='word_1_54' title='bbox 1585 1207 1762 1263; x_wconf 89' lang='lat' dir='ltr'><strong>mitte.</strong></span> <span class='ocrx_word' id='word_1_55' title='bbox 1822 1226 1842 1261; x_wconf 78' lang='grc' dir='ltr'><strong>ι</strong></span> <span class='ocrx_word' id='word_1_56' title='bbox 1897 1206 2037 1264; x_wconf 83' lang='lat' dir='ltr'><strong>Hinc</strong></span> 
     </span>
    </p>
   </div>
   <div class='ocr_carea' id='block_1_10' title="bbox 455 1299 2033 1366">
    <p class='ocr_par' dir='ltr' id='par_1_10' title="bbox 455 1299 2033 1366">
     <span class='ocr_line' id='line_1_10' title="bbox 455 1299 2033 1366; baseline -0.001 -11"><span class='ocrx_word' id='word_1_57' title='bbox 455 1302 658 1357; x_wconf 88' lang='lat' dir='ltr'><strong>diserte</strong></span> <span class='ocrx_word' id='word_1_58' title='bbox 693 1303 799 1366; x_wconf 88' lang='lat' dir='ltr'><strong>ait,</strong></span> <span class='ocrx_word' id='word_1_59' title='bbox 836 1302 1064 1357; x_wconf 87' lang='lat' dir='ltr'><strong>missum</strong></span> <span class='ocrx_word' id='word_1_60' title='bbox 1095 1316 1217 1357; x_wconf 89' lang='lat' dir='ltr'><strong>esse</strong></span> <span class='ocrx_word' id='word_1_61' title='bbox 1246 1315 1275 1355; x_wconf 89' lang='lat' dir='ltr'><strong>a</strong></span> <span class='ocrx_word' id='word_1_62' title='bbox 1307 1299 1573 1357; x_wconf 88' lang='lat' dir='ltr'><strong>Teutamo</strong></span> <span class='ocrx_word' id='word_1_63' title='bbox 1605 1300 1899 1366; x_wconf 79' lang='lat' dir='ltr'><strong>auxilium,</strong></span> <span class='ocrx_word' id='word_1_64' title='bbox 1928 1300 2033 1354; x_wconf 89' lang='lat' dir='ltr'><strong>du-</strong></span> 
     </span>
    </p>
   </div>
   <div class='ocr_carea' id='block_1_11' title="bbox 452 1390 2031 1465">
    <p class='ocr_par' dir='ltr' id='par_1_11' title="bbox 452 1390 2031 1465">
     <span class='ocr_line' id='line_1_11' title="bbox 452 1390 2031 1465; baseline -0.003 -16"><span class='ocrx_word' id='word_1_65' title='bbox 452 1408 680 1465; x_wconf 89' lang='lat' dir='ltr'><strong>cemque</strong></span> <span class='ocrx_word' id='word_1_66' title='bbox 709 1394 981 1449; x_wconf 85' lang='lat' dir='ltr'><strong>exercitus</strong></span> <span class='ocrx_word' id='word_1_67' title='bbox 1014 1391 1354 1448; x_wconf 85' lang='lat' dir='ltr'><strong>Memnonem</strong></span> <span class='ocrx_word' id='word_1_68' title='bbox 1386 1391 1606 1447; x_wconf 83' lang='lat' dir='ltr'><strong>Tithoni</strong></span> <span class='ocrx_word' id='word_1_69' title='bbox 1639 1390 1807 1446; x_wconf 81' lang='lat' dir='ltr'><strong>lilium</strong></span> <span class='ocrx_word' id='word_1_70' title='bbox 1827 1430 1843 1455; x_wconf 96' lang='lat'><strong>,</strong></span> <span class='ocrx_word' id='word_1_71' title='bbox 1871 1405 2031 1460; x_wconf 89' lang='lat' dir='ltr'><strong>quem</strong></span> 
     </span>
    </p>
   </div>
   <div class='ocr_carea' id='block_1_12' title="bbox 453 1482 2031 1557">
    <p class='ocr_par' dir='ltr' id='par_1_12' title="bbox 453 1482 2031 1557">
     <span class='ocr_line' id='line_1_12' title="bbox 453 1482 2031 1557; baseline -0.003 -17"><span class='ocrx_word' id='word_1_72' title='bbox 453 1486 672 1542; x_wconf 87' lang='lat' dir='ltr'><strong>insidiis</strong></span> <span class='ocrx_word' id='word_1_73' title='bbox 699 1494 986 1557; x_wconf 90' lang='lat' dir='ltr'><strong>exceptum</strong></span> <span class='ocrx_word' id='word_1_74' title='bbox 1017 1483 1268 1543; x_wconf 81' lang='lat' dir='ltr'><strong>Thessali</strong></span> <span class='ocrx_word' id='word_1_75' title='bbox 1291 1484 1705 1539; x_wconf 87' lang='lat' dir='ltr'><strong>interemerunt.</strong></span> <span class='ocrx_word' id='word_1_76' title='bbox 1736 1482 1824 1537; x_wconf 90' lang='lat' dir='ltr'><strong>Ait</strong></span> <span class='ocrx_word' id='word_1_77' title='bbox 1844 1492 2031 1553; x_wconf 89' lang='lat' dir='ltr'><strong>postea</strong></span> 
     </span>
    </p>
   </div>
   <div class='ocr_carea' id='block_1_13' title="bbox 452 1575 2030 1648">
    <p class='ocr_par' dir='ltr' id='par_1_13' title="bbox 452 1575 2030 1648">
     <span class='ocr_line' id='line_1_13' title="bbox 452 1575 2030 1648; baseline -0.003 -15"><span class='ocrx_word' id='word_1_78' title='bbox 452 1578 689 1642; x_wconf 84' lang='lat' dir='ltr'><strong>diserte.</strong></span> <span class='ocrx_word' id='word_1_79' title='bbox 727 1578 1181 1648; x_wconf 85' lang='lat' dir='ltr'><strong>Sardanapallum</strong></span> <span class='ocrx_word' id='word_1_80' title='bbox 1226 1591 1371 1631; x_wconf 85' lang='lat' dir='ltr'><strong>anno</strong></span> <span class='ocrx_word' id='word_1_81' title='bbox 1416 1576 1580 1632; x_wconf 84' lang='lat' dir='ltr'><strong>tertio</strong></span> <span class='ocrx_word' id='word_1_82' title='bbox 1609 1575 1821 1632; x_wconf 90' lang='lat' dir='ltr'><strong>decimo</strong></span> <span class='ocrx_word' id='word_1_83' title='bbox 1863 1588 2030 1645; x_wconf 85' lang='lat' dir='ltr'><strong>supra</strong></span> 
     </span>
    </p>
   </div>
   <div class='ocr_carea' id='block_1_14' title="bbox 451 1665 2025 1742">
    <p class='ocr_par' dir='ltr' id='par_1_14' title="bbox 451 1665 2025 1742">
     <span class='ocr_line' id='line_1_14' title="bbox 451 1665 2025 1742; baseline -0.003 -15"><span class='ocrx_word' id='word_1_84' title='bbox 451 1672 801 1728; x_wconf 91' lang='lat' dir='ltr'><strong>millesimum</strong></span> <span class='ocrx_word' id='word_1_85' title='bbox 850 1670 1203 1741; x_wconf 85' lang='lat' dir='ltr'><strong>Assyriorum</strong></span> <span class='ocrx_word' id='word_1_86' title='bbox 1240 1684 1421 1742; x_wconf 89' lang='lat' dir='ltr'><strong>regem</strong></span> <span class='ocrx_word' id='word_1_87' title='bbox 1468 1684 1592 1725; x_wconf 89' lang='lat' dir='ltr'><strong>esse</strong></span> <span class='ocrx_word' id='word_1_88' title='bbox 1620 1675 1863 1724; x_wconf 88' lang='lat' dir='ltr'><strong>creatum</strong></span> <span class='ocrx_word' id='word_1_89' title='bbox 1898 1665 1977 1739; x_wconf 83' lang='lat'><strong>(5)</strong></span> <span class='ocrx_word' id='word_1_90' title='bbox 2010 1685 2025 1723; x_wconf 91' lang='lat'><strong>:</strong></span> 
     </span>
    </p>
   </div>
   <div class='ocr_carea' id='block_1_15' title="bbox 451 1759 2026 1835">
    <p class='ocr_par' dir='ltr' id='par_1_15' title="bbox 451 1759 2026 1835">
     <span class='ocr_line' id='line_1_15' title="bbox 451 1759 2026 1835; baseline -0.002 -17"><span class='ocrx_word' id='word_1_91' title='bbox 451 1765 612 1835; x_wconf 83' lang='lat' dir='ltr'><strong>cujus</strong></span> <span class='ocrx_word' id='word_1_92' title='bbox 638 1774 694 1821; x_wconf 88' lang='lat' dir='ltr'><strong>et</strong></span> <span class='ocrx_word' id='word_1_93' title='bbox 722 1764 949 1820; x_wconf 78' lang='lat' dir='ltr'><strong>exitium</strong></span> <span class='ocrx_word' id='word_1_94' title='bbox 999 1770 1284 1820; x_wconf 89' lang='lat' dir='ltr'><strong>memorat.</strong></span> <span class='ocrx_word' id='word_1_95' title='bbox 1325 1761 1465 1817; x_wconf 84' lang='lat' dir='ltr'><strong>Tum</strong></span> <span class='ocrx_word' id='word_1_96' title='bbox 1506 1762 1721 1819; x_wconf 89' lang='lat' dir='ltr'><strong>sublato</strong></span> <span class='ocrx_word' id='word_1_97' title='bbox 1747 1759 2026 1817; x_wconf 89' lang='lat' dir='ltr'><strong>Sardana-</strong></span> 
     </span>
    </p>
   </div>
   <div class='ocr_carea' id='block_1_16' title="bbox 1170 351 3013 414">
    <p class='ocr_par' dir='ltr' id='par_1_16' title="bbox 1170 351 3013 414">
     <span class='ocr_line' id='line_1_16' title="bbox 1170 351 3013 414; baseline 0.002 -5"><span class='ocrx_word' id='word_1_98' title='bbox 1170 352 1439 411; x_wconf 80' lang='lat' dir='ltr'><strong>EUSEBII</strong></span> <span class='ocrx_word' id='word_1_99' title='bbox 1476 352 1961 410; x_wconf 55' lang='lat' dir='ltr'><strong>CASARIENSIS</strong></span> <span class='ocrx_word' id='word_1_100' title='bbox 1997 351 2151 411; x_wconf 88' lang='lat' dir='ltr'><strong>OPP.</strong></span> <span class='ocrx_word' id='word_1_101' title='bbox 2195 354 2377 411; x_wconf 75' lang='lat' dir='ltr'><strong>PARS</strong></span> <span class='ocrx_word' id='word_1_102' title='bbox 2430 356 2474 414; x_wconf 90' lang='grc' dir='ltr'><strong>ι.</strong></span> <span class='ocrx_word' id='word_1_103' title='bbox 2516 387 2587 398; x_wconf 92' lang='lat'><strong>-—</strong></span> <span class='ocrx_word' id='word_1_104' title='bbox 2624 354 3013 414; x_wconf 81' lang='lat' dir='ltr'><strong>IIISTORICA.</strong></span> 
     </span>
    </p>
   </div>
   <div class='ocr_carea' id='block_1_17' title="bbox 461 471 2267 545">
    <p class='ocr_par' dir='ltr' id='par_1_17' title="bbox 461 471 2267 545">
     <span class='ocr_line' id='line_1_17' title="bbox 461 471 2267 545; baseline 0 -16"><span class='ocrx_word' id='word_1_105' title='bbox 461 489 558 530; x_wconf 91' lang='lat' dir='ltr'><strong>sus</strong></span> <span class='ocrx_word' id='word_1_106' title='bbox 596 472 751 528; x_wconf 90' lang='lat' dir='ltr'><strong>Ilium</strong></span> <span class='ocrx_word' id='word_1_107' title='bbox 781 471 1004 537; x_wconf 89' lang='lat' dir='ltr'><strong>urbem,</strong></span> <span class='ocrx_word' id='word_1_108' title='bbox 1034 474 1092 528; x_wconf 87' lang='lat' dir='ltr'><strong>in</strong></span> <span class='ocrx_word' id='word_1_109' title='bbox 1119 489 1225 545; x_wconf 90' lang='lat' dir='ltr'><strong>qua</strong></span> <span class='ocrx_word' id='word_1_110' title='bbox 1264 472 1515 531; x_wconf 88' lang='lat' dir='ltr'><strong>Priamus</strong></span> <span class='ocrx_word' id='word_1_111' title='bbox 1544 471 1724 544; x_wconf 77' lang='lat' dir='ltr'><strong>Phryx</strong></span> <span class='ocrx_word' id='word_1_112' title='bbox 1757 473 2047 529; x_wconf 79' lang='lat' dir='ltr'><strong>militarem</strong></span> <span class='ocrx_word' id='word_1_113' title='bbox 2074 485 2122 543; x_wconf 74' lang='grc' dir='ltr'><strong>Α</strong></span> <span class='ocrx_word' id='word_1_114' title='bbox 2154 474 2267 530; x_wconf 81' lang='lat' dir='ltr'><strong>XV.</strong></span> 
     </span>
    </p>
   </div>
   <div class='ocr_carea' id='block_1_18' title="bbox 3621 364 3719 421">
    <p class='ocr_par' dir='ltr' id='par_1_18' title="bbox 3621 364 3719 421">
     <span class='ocr_line' id='line_1_18' title="bbox 3621 364 3719 421; baseline 0.02 -3"><span class='ocrx_word' id='word_1_115' title='bbox 3621 364 3719 421; x_wconf 74' lang='lat' dir='ltr'><strong>NII</strong></span> 
     </span>
    </p>
   </div>
   <div class='ocr_carea' id='block_1_19' title="bbox 2432 476 3055 548">
    <p class='ocr_par' dir='ltr' id='par_1_19' title="bbox 2432 476 3055 548">
     <span class='ocr_line' id='line_1_19' title="bbox 2432 476 3055 548; baseline 0.005 -17"><span class='ocrx_word' id='word_1_116' title='bbox 2432 476 2748 548; x_wconf 64' lang='lat' dir='ltr'><strong>Sparaathus</strong></span> <span class='ocrx_word' id='word_1_117' title='bbox 2775 478 2935 536; x_wconf 85' lang='lat' dir='ltr'><strong>annis</strong></span> <span class='ocrx_word' id='word_1_118' title='bbox 2965 494 3055 535; x_wconf 74' lang='grc' dir='ltr'><strong>ιι..</strong></span> 
     </span>
    </p>
   </div>
   <div class='ocr_carea' id='block_1_20' title="bbox 2419 568 3027 627">
    <p class='ocr_par' dir='ltr' id='par_1_20' title="bbox 2419 568 3027 627">
     <span class='ocr_line' id='line_1_20' title="bbox 2419 568 3027 627; baseline 0.005 -5"><span class='ocrx_word' id='word_1_119' title='bbox 2419 568 2719 626; x_wconf 83' lang='lat' dir='ltr'><strong>Ascatades</strong></span> <span class='ocrx_word' id='word_1_120' title='bbox 2748 571 2907 627; x_wconf 88' lang='lat' dir='ltr'><strong>annis</strong></span> <span class='ocrx_word' id='word_1_121' title='bbox 2936 587 3027 626; x_wconf 73' lang='grc' dir='ltr'><strong>ιι..</strong></span> 
     </span>
    </p>
   </div>
   <div class='ocr_carea' id='block_1_21' title="bbox 2216 660 3501 739">
    <p class='ocr_par' dir='ltr' id='par_1_21' title="bbox 2216 660 3501 739">
     <span class='ocr_line' id='line_1_21' title="bbox 2216 660 3501 739; baseline 0.006 -23"><span class='ocrx_word' id='word_1_122' title='bbox 2216 660 2331 716; x_wconf 90' lang='lat' dir='ltr'><strong>Sub</strong></span> <span class='ocrx_word' id='word_1_123' title='bbox 2360 662 2462 718; x_wconf 90' lang='lat' dir='ltr'><strong>hoc</strong></span> <span class='ocrx_word' id='word_1_124' title='bbox 2483 663 2584 718; x_wconf 82' lang='lat' dir='ltr'><strong>fuit</strong></span> <span class='ocrx_word' id='word_1_125' title='bbox 2611 663 2789 722; x_wconf 83' lang='lat' dir='ltr'><strong>Moses</strong></span> <span class='ocrx_word' id='word_1_126' title='bbox 2808 664 3160 721; x_wconf 65' lang='lat' dir='ltr'><strong>Hebraeorum</strong></span> <span class='ocrx_word' id='word_1_127' title='bbox 3192 665 3501 739; x_wconf 86' lang='lat' dir='ltr'><strong>Iegislator.</strong></span> 
     </span>
    </p>
   </div>
   <div class='ocr_carea' id='block_1_22' title="bbox 2143 751 3020 827">
    <p class='ocr_par' dir='ltr' id='par_1_22' title="bbox 2143 751 3020 827">
     <span class='ocr_line' id='line_1_22' title="bbox 2143 751 3020 827; baseline 0.007 -20"><span class='ocrx_word' id='word_1_128' title='bbox 2143 751 2309 809; x_wconf 89' lang='lat' dir='ltr'><strong>XVII.</strong></span> <span class='ocrx_word' id='word_1_129' title='bbox 2417 757 2683 827; x_wconf 85' lang='lat' dir='ltr'><strong>Amyntas</strong></span> <span class='ocrx_word' id='word_1_130' title='bbox 2712 758 2871 812; x_wconf 88' lang='lat' dir='ltr'><strong>annis</strong></span> <span class='ocrx_word' id='word_1_131' title='bbox 2895 773 3020 813; x_wconf 67' lang='lat' dir='ltr'><strong>xxv.</strong></span> 
     </span>
    </p>
   </div>
   <div class='ocr_carea' id='block_1_23' title="bbox 2142 844 3025 907">
    <p class='ocr_par' dir='ltr' id='par_1_23' title="bbox 2142 844 3025 907">
     <span class='ocr_line' id='line_1_23' title="bbox 2142 844 3025 907; baseline 0.009 -8"><span class='ocrx_word' id='word_1_132' title='bbox 2142 844 2328 902; x_wconf 83' lang='lat' dir='ltr'><strong>XVIII.</strong></span> <span class='ocrx_word' id='word_1_133' title='bbox 2420 846 2687 905; x_wconf 87' lang='lat' dir='ltr'><strong>Beloehus</strong></span> <span class='ocrx_word' id='word_1_134' title='bbox 2715 849 2874 906; x_wconf 90' lang='lat' dir='ltr'><strong>annis</strong></span> <span class='ocrx_word' id='word_1_135' title='bbox 2900 866 3025 907; x_wconf 79' lang='lat' dir='ltr'><strong>va.</strong></span> 
     </span>
    </p>
   </div>
   <div class='ocr_carea' id='block_1_24' title="bbox 2210 934 3710 1014">
    <p class='ocr_par' dir='ltr' id='par_1_24' title="bbox 2210 934 3710 1014">
     <span class='ocr_line' id='line_1_24' title="bbox 2210 934 3710 1014; baseline 0.007 -24"><span class='ocrx_word' id='word_1_136' title='bbox 2210 934 2384 1007; x_wconf 83' lang='lat' dir='ltr'><strong>Hujus</strong></span> <span class='ocrx_word' id='word_1_137' title='bbox 2416 936 2524 993; x_wconf 86' lang='lat' dir='ltr'><strong>lilia</strong></span> <span class='ocrx_word' id='word_1_138' title='bbox 2563 938 2785 997; x_wconf 89' lang='lat' dir='ltr'><strong>Tratres</strong></span> <span class='ocrx_word' id='word_1_139' title='bbox 2829 942 2960 1013; x_wconf 85' lang='lat' dir='ltr'><strong>(IO).</strong></span> <span class='ocrx_word' id='word_1_140' title='bbox 2986 957 3108 1014; x_wconf 69' lang='lat' dir='ltr'><strong>quae</strong></span> <span class='ocrx_word' id='word_1_141' title='bbox 3141 942 3538 1001; x_wconf 87' lang='lat' dir='ltr'><strong>Achurardista</strong></span> <span class='ocrx_word' id='word_1_142' title='bbox 3570 951 3710 1001; x_wconf 55' lang='lat' dir='ltr'><strong>voclc</strong></span> 
     </span>
    </p>
   </div>
   <div class='ocr_carea' id='block_1_25' title="bbox 2139 1033 3716 1102">
    <p class='ocr_par' dir='ltr' id='par_1_25' title="bbox 2139 1033 3716 1102">
     <span class='ocr_line' id='line_1_25' title="bbox 2139 1033 3716 1102; baseline 0.008 -20"><span class='ocrx_word' id='word_1_143' title='bbox 2139 1037 2253 1084; x_wconf 90' lang='lat' dir='ltr'><strong>tata</strong></span> <span class='ocrx_word' id='word_1_144' title='bbox 2297 1038 2404 1095; x_wconf 91' lang='lat' dir='ltr'><strong>est,</strong></span> <span class='ocrx_word' id='word_1_145' title='bbox 2456 1033 2704 1102; x_wconf 76' lang='lat' dir='ltr'><strong>regnavit</strong></span> <span class='ocrx_word' id='word_1_146' title='bbox 2751 1050 2875 1089; x_wconf 89' lang='lat' dir='ltr'><strong>cum</strong></span> <span class='ocrx_word' id='word_1_147' title='bbox 2922 1050 2988 1090; x_wconf 92' lang='lat' dir='ltr'><strong>eo</strong></span> <span class='ocrx_word' id='word_1_148' title='bbox 3023 1036 3182 1092; x_wconf 89' lang='lat' dir='ltr'><strong>annis</strong></span> <span class='ocrx_word' id='word_1_149' title='bbox 3210 1052 3343 1093; x_wconf 81' lang='lat' dir='ltr'><strong>xvu.</strong></span> <span class='ocrx_word' id='word_1_150' title='bbox 3390 1036 3638 1095; x_wconf 86' lang='lat' dir='ltr'><strong>Bacchus</strong></span> <span class='ocrx_word' id='word_1_151' title='bbox 3665 1047 3716 1094; x_wconf 84' lang='lat' dir='ltr'><strong>et</strong></span> 
     </span>
    </p>
   </div>
   <div class='ocr_carea' id='block_1_26' title="bbox 2137 1120 2974 1181">
    <p class='ocr_par' dir='ltr' id='par_1_26' title="bbox 2137 1120 2974 1181">
     <span class='ocr_line' id='line_1_26' title="bbox 2137 1120 2974 1181; baseline 0.008 -7"><span class='ocrx_word' id='word_1_152' title='bbox 2137 1120 2370 1179; x_wconf 85' lang='lat' dir='ltr'><strong>Perseus</strong></span> <span class='ocrx_word' id='word_1_153' title='bbox 2399 1123 2502 1179; x_wconf 86' lang='lat' dir='ltr'><strong>hac</strong></span> <span class='ocrx_word' id='word_1_154' title='bbox 2542 1133 2700 1180; x_wconf 65' lang='lat' dir='ltr'><strong>aetate</strong></span> <span class='ocrx_word' id='word_1_155' title='bbox 2732 1125 2974 1181; x_wconf 82' lang='lat' dir='ltr'><strong>fuerunt.</strong></span> 
     </span>
    </p>
   </div>
   <div class='ocr_carea' id='block_1_27' title="bbox 2139 1212 3053 1274">
    <p class='ocr_par' dir='ltr' id='par_1_27' title="bbox 2139 1212 3053 1274">
     <span class='ocr_line' id='line_1_27' title="bbox 2139 1212 3053 1274; baseline 0.009 -8"><span class='ocrx_word' id='word_1_156' title='bbox 2139 1212 2280 1267; x_wconf 90' lang='lat' dir='ltr'><strong>XIX.</strong></span> <span class='ocrx_word' id='word_1_157' title='bbox 2419 1213 2699 1273; x_wconf 87' lang='lat' dir='ltr'><strong>Balatores</strong></span> <span class='ocrx_word' id='word_1_158' title='bbox 2729 1218 2892 1273; x_wconf 86' lang='lat' dir='ltr'><strong>anuis</strong></span> <span class='ocrx_word' id='word_1_159' title='bbox 2923 1236 3053 1274; x_wconf 90' lang='lat' dir='ltr'><strong>xxx.</strong></span> 
     </span>
    </p>
   </div>
   <div class='ocr_carea' id='block_1_28' title="bbox 2137 1304 3123 1379">
    <p class='ocr_par' dir='ltr' id='par_1_28' title="bbox 2137 1304 3123 1379">
     <span class='ocr_line' id='line_1_28' title="bbox 2137 1304 3123 1379; baseline 0.006 -20"><span class='ocrx_word' id='word_1_160' title='bbox 2137 1304 2252 1361; x_wconf 87' lang='lat' dir='ltr'><strong>XX.</strong></span> <span class='ocrx_word' id='word_1_161' title='bbox 2412 1306 2732 1379; x_wconf 88' lang='lat' dir='ltr'><strong>Lamprides</strong></span> <span class='ocrx_word' id='word_1_162' title='bbox 2760 1310 2919 1365; x_wconf 90' lang='lat' dir='ltr'><strong>annis</strong></span> <span class='ocrx_word' id='word_1_163' title='bbox 2953 1326 3123 1365; x_wconf 87' lang='lat' dir='ltr'><strong>xxxn.</strong></span> 
     </span>
    </p>
   </div>
   <div class='ocr_carea' id='block_1_29' title="bbox 2133 1396 3270 1477">
    <p class='ocr_par' dir='ltr' id='par_1_29' title="bbox 2133 1396 3270 1477">
     <span class='ocr_line' id='line_1_29' title="bbox 2133 1396 3270 1477; baseline 0.008 -25"><span class='ocrx_word' id='word_1_164' title='bbox 2133 1396 2276 1456; x_wconf 89' lang='lat' dir='ltr'><strong>XXI.</strong></span> <span class='ocrx_word' id='word_1_165' title='bbox 2412 1398 2639 1456; x_wconf 90' lang='lat' dir='ltr'><strong>Sosares</strong></span> <span class='ocrx_word' id='word_1_166' title='bbox 2668 1401 2779 1472; x_wconf 91' lang='lat' dir='ltr'><strong>(II)</strong></span> <span class='ocrx_word' id='word_1_167' title='bbox 2820 1404 2981 1459; x_wconf 89' lang='lat' dir='ltr'><strong>annis</strong></span> <span class='ocrx_word' id='word_1_168' title='bbox 3012 1419 3110 1458; x_wconf 80' lang='lat' dir='ltr'><strong>vui</strong></span> <span class='ocrx_word' id='word_1_169' title='bbox 3137 1403 3270 1477; x_wconf 71' lang='lat' dir='ltr'><strong>(I2).</strong></span> 
     </span>
    </p>
   </div>
   <div class='ocr_carea' id='block_1_30' title="bbox 2133 1488 3065 1563">
    <p class='ocr_par' dir='ltr' id='par_1_30' title="bbox 2133 1488 3065 1563">
     <span class='ocr_line' id='line_1_30' title="bbox 2133 1488 3065 1563; baseline 0.006 -18"><span class='ocrx_word' id='word_1_170' title='bbox 2133 1488 2279 1545; x_wconf 86' lang='lat' dir='ltr'><strong>XXII</strong></span> <span class='ocrx_word' id='word_1_171' title='bbox 2389 1490 2709 1563; x_wconf 88' lang='lat' dir='ltr'><strong>Lampares,</strong></span> <span class='ocrx_word' id='word_1_172' title='bbox 2744 1494 2904 1549; x_wconf 89' lang='lat' dir='ltr'><strong>anuis</strong></span> <span class='ocrx_word' id='word_1_173' title='bbox 2934 1512 3065 1551; x_wconf 88' lang='lat' dir='ltr'><strong>xxx.</strong></span> 
     </span>
    </p>
   </div>
   <div class='ocr_carea' id='block_1_31' title="bbox 2130 1577 3118 1659">
    <p class='ocr_par' dir='ltr' id='par_1_31' title="bbox 2130 1577 3118 1659">
     <span class='ocr_line' id='line_1_31' title="bbox 2130 1577 3118 1659; baseline 0.009 -23"><span class='ocrx_word' id='word_1_174' title='bbox 2130 1577 2319 1637; x_wconf 91' lang='lat' dir='ltr'><strong>XXIII.</strong></span> <span class='ocrx_word' id='word_1_175' title='bbox 2412 1581 2625 1656; x_wconf 83' lang='lat' dir='ltr'><strong>Pauyas</strong></span> <span class='ocrx_word' id='word_1_176' title='bbox 2654 1586 2813 1642; x_wconf 87' lang='lat' dir='ltr'><strong>annis</strong></span> <span class='ocrx_word' id='word_1_177' title='bbox 2842 1602 2951 1641; x_wconf 79' lang='lat' dir='ltr'><strong>xui</strong></span> <span class='ocrx_word' id='word_1_178' title='bbox 2982 1588 3118 1659; x_wconf 82' lang='grc'>(15).</span> 
     </span>
    </p>
   </div>
   <div class='ocr_carea' id='block_1_32' title="bbox 2201 1671 3709 1755">
    <p class='ocr_par' dir='ltr' id='par_1_32' title="bbox 2201 1671 3709 1755">
     <span class='ocr_line' id='line_1_32' title="bbox 2201 1671 3709 1755; baseline 0.009 -27"><span class='ocrx_word' id='word_1_179' title='bbox 2201 1671 2316 1730; x_wconf 82' lang='lat' dir='ltr'><strong>Sub</strong></span> <span class='ocrx_word' id='word_1_180' title='bbox 2349 1673 2454 1729; x_wconf 88' lang='lat' dir='ltr'><strong>hoc</strong></span> <span class='ocrx_word' id='word_1_181' title='bbox 2484 1676 2927 1748; x_wconf 77' lang='lat' dir='ltr'><strong>Argonautarum</strong></span> <span class='ocrx_word' id='word_1_182' title='bbox 2955 1678 3067 1752; x_wconf 82' lang='grc'>(14)</span> <span class='ocrx_word' id='word_1_183' title='bbox 3090 1682 3281 1738; x_wconf 85' lang='lat' dir='ltr'><strong>classis</strong></span> <span class='ocrx_word' id='word_1_184' title='bbox 3309 1691 3472 1755; x_wconf 90' lang='lat' dir='ltr'><strong>atque</strong></span> <span class='ocrx_word' id='word_1_185' title='bbox 3501 1680 3709 1740; x_wconf 85' lang='lat' dir='ltr'><strong>Hercu-</strong></span> 
     </span>
    </p>
   </div>
   <div class='ocr_carea' id='block_1_33' title="bbox 2128 1764 2730 1838">
    <p class='ocr_par' dir='ltr' id='par_1_33' title="bbox 2128 1764 2730 1838">
     <span class='ocr_line' id='line_1_33' title="bbox 2128 1764 2730 1838; baseline 0.007 -20"><span class='ocrx_word' id='word_1_186' title='bbox 2128 1764 2211 1821; x_wconf 88' lang='lat' dir='ltr'><strong>les</strong></span> <span class='ocrx_word' id='word_1_187' title='bbox 2238 1767 2730 1838; x_wconf 84' lang='lat' dir='ltr'><strong>cognoscebantur.</strong></span> 
     </span>
    </p>
   </div>
   <div class='ocr_carea' id='block_1_34' title="bbox 2145 565 2286 622">
    <p class='ocr_par' dir='ltr' id='par_1_34' title="bbox 2145 565 2286 622">
     <span class='ocr_line' id='line_1_34' title="bbox 2145 565 2286 622; baseline 0 0"><span class='ocrx_word' id='word_1_188' title='bbox 2145 565 2286 622; x_wconf 84' lang='lat' dir='ltr'><strong>XVI.</strong></span> 
     </span>
    </p>
   </div>
   <div class='ocr_carea' id='block_1_35' title="bbox 452 1829 3044 1927">
    <p class='ocr_par' dir='ltr' id='par_1_35' title="bbox 452 1829 3044 1927">
     <span class='ocr_line' id='line_1_35' title="bbox 452 1829 3044 1927; baseline 0.004 -20"><span class='ocrx_word' id='word_1_189' title='bbox 452 1829 631 1925; x_wconf 85' lang='lat' dir='ltr'><strong>pallo,</strong></span> <span class='ocrx_word' id='word_1_190' title='bbox 661 1853 1012 1927; x_wconf 84' lang='lat' dir='ltr'><strong>Assyriorum</strong></span> <span class='ocrx_word' id='word_1_191' title='bbox 1059 1854 1350 1926; x_wconf 88' lang='lat' dir='ltr'><strong>imperium</strong></span> <span class='ocrx_word' id='word_1_192' title='bbox 1397 1854 1466 1909; x_wconf 90' lang='lat' dir='ltr'><strong>ab</strong></span> <span class='ocrx_word' id='word_1_193' title='bbox 1511 1852 1724 1910; x_wconf 87' lang='lat' dir='ltr'><strong>Arbace</strong></span> <span class='ocrx_word' id='word_1_194' title='bbox 1775 1868 2029 1909; x_wconf 87' lang='lat' dir='ltr'><strong>eversum</strong></span> <span class='ocrx_word' id='word_1_195' title='bbox 2061 1829 2103 1885; x_wconf 75' lang='grc' dir='ltr'><strong>Β</strong></span> <span class='ocrx_word' id='word_1_196' title='bbox 2132 1829 2335 1912; x_wconf 58' lang='lat' dir='ltr'><strong>Xle:</strong></span> <span class='ocrx_word' id='word_1_197' title='bbox 2415 1857 2710 1916; x_wconf 90' lang='lat' dir='ltr'><strong>Sosarmus</strong></span> <span class='ocrx_word' id='word_1_198' title='bbox 2736 1862 2898 1917; x_wconf 89' lang='lat' dir='ltr'><strong>annis</strong></span> <span class='ocrx_word' id='word_1_199' title='bbox 2929 1878 3044 1917; x_wconf 79' lang='lat' dir='ltr'><strong>xix.</strong></span> 
     </span>
    </p>
   </div>
   <div class='ocr_carea' id='block_1_36' title="bbox 450 1942 2030 2016">
    <p class='ocr_par' dir='ltr' id='par_1_36' title="bbox 450 1942 2030 2016">
     <span class='ocr_line' id='line_1_36' title="bbox 450 1942 2030 2016; baseline 0 -16"><span class='ocrx_word' id='word_1_200' title='bbox 450 1956 507 2000; x_wconf 90' lang='lat' dir='ltr'><strong>et</strong></span> <span class='ocrx_word' id='word_1_201' title='bbox 539 1946 606 2000; x_wconf 87' lang='lat' dir='ltr'><strong>ad</strong></span> <span class='ocrx_word' id='word_1_202' title='bbox 647 1944 833 2003; x_wconf 78' lang='lat' dir='ltr'><strong>Medos</strong></span> <span class='ocrx_word' id='word_1_203' title='bbox 866 1962 989 2003; x_wconf 90' lang='lat' dir='ltr'><strong>esse</strong></span> <span class='ocrx_word' id='word_1_204' title='bbox 1028 1947 1379 2002; x_wconf 87' lang='lat' dir='ltr'><strong>translatum.</strong></span> <span class='ocrx_word' id='word_1_205' title='bbox 1429 1943 1557 2001; x_wconf 62' lang='lat' dir='ltr'><strong>Hae</strong></span> <span class='ocrx_word' id='word_1_206' title='bbox 1597 1942 1784 2001; x_wconf 91' lang='lat' dir='ltr'><strong>omnia</strong></span> <span class='ocrx_word' id='word_1_207' title='bbox 1819 1943 2030 2016; x_wconf 83' lang='lat' dir='ltr'><strong>Cepha-</strong></span> 
     </span>
    </p>
   </div>
   <div class='ocr_carea' id='block_1_37' title="bbox 450 2039 586 2096">
    <p class='ocr_par' dir='ltr' id='par_1_37' title="bbox 450 2039 586 2096">
     <span class='ocr_line' id='line_1_37' title="bbox 450 2039 586 2096; baseline 0.022 -3"><span class='ocrx_word' id='word_1_208' title='bbox 450 2039 586 2096; x_wconf 87' lang='lat' dir='ltr'><strong>lion.</strong></span> 
     </span>
    </p>
   </div>
   <div class='ocr_carea' id='block_1_38' title="bbox 523 2128 2025 2203">
    <p class='ocr_par' dir='ltr' id='par_1_38' title="bbox 523 2128 2025 2203">
     <span class='ocr_line' id='line_1_38' title="bbox 523 2128 2025 2203; baseline 0 -16"><span class='ocrx_word' id='word_1_209' title='bbox 523 2133 577 2187; x_wconf 88' lang='lat'><strong>6.</strong></span> <span class='ocrx_word' id='word_1_210' title='bbox 618 2132 721 2200; x_wconf 84' lang='lat' dir='ltr'><strong>Qui</strong></span> <span class='ocrx_word' id='word_1_211' title='bbox 750 2146 880 2187; x_wconf 88' lang='lat' dir='ltr'><strong>vero</strong></span> <span class='ocrx_word' id='word_1_212' title='bbox 913 2130 969 2185; x_wconf 92' lang='lat' dir='ltr'><strong>in</strong></span> <span class='ocrx_word' id='word_1_213' title='bbox 997 2129 1154 2187; x_wconf 88' lang='lat' dir='ltr'><strong>libris</strong></span> <span class='ocrx_word' id='word_1_214' title='bbox 1184 2128 1436 2184; x_wconf 81' lang='lat' dir='ltr'><strong>feruntur</strong></span> <span class='ocrx_word' id='word_1_215' title='bbox 1462 2128 1820 2201; x_wconf 81' lang='lat' dir='ltr'><strong>Assyriorum</strong></span> <span class='ocrx_word' id='word_1_216' title='bbox 1847 2145 2025 2203; x_wconf 85' lang='lat' dir='ltr'><strong>reges,</strong></span> 
     </span>
    </p>
   </div>
   <div class='ocr_carea' id='block_1_39' title="bbox 453 2221 1717 2294">
    <p class='ocr_par' dir='ltr' id='par_1_39' title="bbox 453 2221 1717 2294">
     <span class='ocr_line' id='line_1_39' title="bbox 453 2221 1717 2294; baseline -0.005 -12"><span class='ocrx_word' id='word_1_217' title='bbox 453 2224 753 2282; x_wconf 85' lang='lat' dir='ltr'><strong>secundum</strong></span> <span class='ocrx_word' id='word_1_218' title='bbox 786 2222 1070 2280; x_wconf 87' lang='lat' dir='ltr'><strong>emendata</strong></span> <span class='ocrx_word' id='word_1_219' title='bbox 1098 2223 1450 2294; x_wconf 88' lang='lat' dir='ltr'><strong>exemplaria,</strong></span> <span class='ocrx_word' id='word_1_220' title='bbox 1482 2221 1540 2276; x_wconf 88' lang='lat' dir='ltr'><strong>bi</strong></span> <span class='ocrx_word' id='word_1_221' title='bbox 1567 2228 1717 2278; x_wconf 85' lang='lat' dir='ltr'><strong>sunt.</strong></span> 
     </span>
    </p>
   </div>
   <div class='ocr_carea' id='block_1_40' title="bbox 901 2312 1574 2385">
    <p class='ocr_par' dir='ltr' id='par_1_40' title="bbox 901 2312 1574 2385">
     <span class='ocr_line' id='line_1_40' title="bbox 901 2312 1574 2385; baseline -0.001 -14"><span class='ocrx_word' id='word_1_222' title='bbox 901 2330 1229 2373; x_wconf 71' lang='lat' dir='ltr'><strong>ASSYBIORUI</strong></span> <span class='ocrx_word' id='word_1_223' title='bbox 1269 2329 1438 2370; x_wconf 74' lang='lat' dir='ltr'><strong>neces</strong></span> <span class='ocrx_word' id='word_1_224' title='bbox 1473 2312 1574 2385; x_wconf 83' lang='grc'>(4).</span> 
     </span>
    </p>
   </div>
   <div class='ocr_carea' id='block_1_41' title="bbox 452 2403 2027 2475">
    <p class='ocr_par' dir='ltr' id='par_1_41' title="bbox 452 2403 2027 2475">
     <span class='ocr_line' id='line_1_41' title="bbox 452 2403 2027 2475; baseline -0.003 -14"><span class='ocrx_word' id='word_1_225' title='bbox 452 2405 495 2463; x_wconf 93' lang='lat' dir='ltr'><strong>I.</strong></span> <span class='ocrx_word' id='word_1_226' title='bbox 741 2405 939 2468; x_wconf 70' lang='lat' dir='ltr'><strong>Ninus.</strong></span> <span class='ocrx_word' id='word_1_227' title='bbox 960 2421 1123 2475; x_wconf 85' lang='lat' dir='ltr'><strong>quem</strong></span> <span class='ocrx_word' id='word_1_228' title='bbox 1141 2404 1377 2475; x_wconf 87' lang='lat' dir='ltr'><strong>primum</strong></span> <span class='ocrx_word' id='word_1_229' title='bbox 1403 2403 1557 2459; x_wconf 91' lang='lat' dir='ltr'><strong>aiunt</strong></span> <span class='ocrx_word' id='word_1_230' title='bbox 1574 2403 1847 2460; x_wconf 68' lang='lat' dir='ltr'><strong>universas</strong></span> <span class='ocrx_word' id='word_1_231' title='bbox 1866 2403 2027 2471; x_wconf 59' lang='lat' dir='ltr'><strong>Asia&#39;,</strong></span> 
     </span>
    </p>
   </div>
   <div class='ocr_carea' id='block_1_42' title="bbox 800 2494 2030 2569">
    <p class='ocr_par' dir='ltr' id='par_1_42' title="bbox 800 2494 2030 2569">
     <span class='ocr_line' id='line_1_42' title="bbox 800 2494 2030 2569; baseline -0.002 -15"><span class='ocrx_word' id='word_1_232' title='bbox 800 2497 1036 2569; x_wconf 90' lang='lat' dir='ltr'><strong>demptis</strong></span> <span class='ocrx_word' id='word_1_233' title='bbox 1052 2498 1219 2561; x_wconf 87' lang='lat' dir='ltr'><strong>Indis,</strong></span> <span class='ocrx_word' id='word_1_234' title='bbox 1245 2496 1601 2568; x_wconf 85' lang='lat' dir='ltr'><strong>imperavisse</strong></span> <span class='ocrx_word' id='word_1_235' title='bbox 1618 2497 1777 2552; x_wconf 85' lang='lat' dir='ltr'><strong>annis</strong></span> <span class='ocrx_word' id='word_1_236' title='bbox 1800 2511 1894 2550; x_wconf 84' lang='lat' dir='ltr'><strong>LII.</strong></span> <span class='ocrx_word' id='word_1_237' title='bbox 1916 2494 2030 2551; x_wconf 92' lang='lat' dir='ltr'><strong>Sub</strong></span> 
     </span>
    </p>
   </div>
   <div class='ocr_carea' id='block_1_43' title="bbox 797 2586 2027 2645">
    <p class='ocr_par' dir='ltr' id='par_1_43' title="bbox 797 2586 2027 2645">
     <span class='ocr_line' id='line_1_43' title="bbox 797 2586 2027 2645; baseline -0.002 0"><span class='ocrx_word' id='word_1_238' title='bbox 797 2590 903 2645; x_wconf 82' lang='lat' dir='ltr'><strong>hoc</strong></span> <span class='ocrx_word' id='word_1_239' title='bbox 935 2595 1150 2645; x_wconf 88' lang='lat' dir='ltr'><strong>constat</strong></span> <span class='ocrx_word' id='word_1_240' title='bbox 1172 2588 1376 2644; x_wconf 81' lang='lat' dir='ltr'><strong>vixisse</strong></span> <span class='ocrx_word' id='word_1_241' title='bbox 1396 2587 1767 2644; x_wconf 86' lang='lat' dir='ltr'><strong>Abrahamum</strong></span> <span class='ocrx_word' id='word_1_242' title='bbox 1786 2586 2027 2644; x_wconf 65' lang='lat' dir='ltr'><strong>Hebraea:</strong></span> 
     </span>
    </p>
   </div>
   <div class='ocr_carea' id='block_1_44' title="bbox 794 2682 1397 2756">
    <p class='ocr_par' dir='ltr' id='par_1_44' title="bbox 794 2682 1397 2756">
     <span class='ocr_line' id='line_1_44' title="bbox 794 2682 1397 2756; baseline -0.003 -17"><span class='ocrx_word' id='word_1_243' title='bbox 794 2683 973 2756; x_wconf 86' lang='lat' dir='ltr'><strong>gentis</strong></span> <span class='ocrx_word' id='word_1_244' title='bbox 1011 2682 1397 2755; x_wconf 87' lang='lat' dir='ltr'><strong>patriarcham.</strong></span> 
     </span>
    </p>
   </div>
   <div class='ocr_carea' id='block_1_45' title="bbox 445 2775 1400 2843">
    <p class='ocr_par' dir='ltr' id='par_1_45' title="bbox 445 2775 1400 2843">
     <span class='ocr_line' id='line_1_45' title="bbox 445 2775 1400 2843; baseline -0.01 -4"><span class='ocrx_word' id='word_1_245' title='bbox 445 2784 508 2843; x_wconf 90' lang='lat' dir='ltr'><strong>II.</strong></span> <span class='ocrx_word' id='word_1_246' title='bbox 729 2775 1053 2833; x_wconf 87' lang='lat' dir='ltr'><strong>Semiramis</strong></span> <span class='ocrx_word' id='word_1_247' title='bbox 1075 2778 1234 2833; x_wconf 88' lang='lat' dir='ltr'><strong>annis</strong></span> <span class='ocrx_word' id='word_1_248' title='bbox 1260 2791 1400 2831; x_wconf 82' lang='lat' dir='ltr'><strong>xw.</strong></span> 
     </span>
    </p>
   </div>
   <div class='ocr_carea' id='block_1_46' title="bbox 446 2867 1881 2941">
    <p class='ocr_par' dir='ltr' id='par_1_46' title="bbox 446 2867 1881 2941">
     <span class='ocr_line' id='line_1_46' title="bbox 446 2867 1881 2941; baseline -0.003 -16"><span class='ocrx_word' id='word_1_249' title='bbox 446 2869 540 2926; x_wconf 90' lang='lat' dir='ltr'><strong>III.</strong></span> <span class='ocrx_word' id='word_1_250' title='bbox 724 2868 919 2927; x_wconf 85' lang='lat' dir='ltr'><strong>Zames</strong></span> <span class='ocrx_word' id='word_1_251' title='bbox 957 2871 1210 2941; x_wconf 90' lang='lat' dir='ltr'><strong>idemque</strong></span> <span class='ocrx_word' id='word_1_252' title='bbox 1234 2868 1443 2941; x_wconf 84' lang='lat' dir='ltr'><strong>Ninyas</strong></span> <span class='ocrx_word' id='word_1_253' title='bbox 1466 2867 1625 2924; x_wconf 89' lang='lat' dir='ltr'><strong>annis</strong></span> <span class='ocrx_word' id='word_1_254' title='bbox 1654 2882 1881 2923; x_wconf 77' lang='lat' dir='ltr'><strong>xxxvut.</strong></span> 
     </span>
    </p>
   </div>
   <div class='ocr_carea' id='block_1_47' title="bbox 447 2959 1227 3017">
    <p class='ocr_par' dir='ltr' id='par_1_47' title="bbox 447 2959 1227 3017">
     <span class='ocr_line' id='line_1_47' title="bbox 447 2959 1227 3017; baseline 0 0"><span class='ocrx_word' id='word_1_255' title='bbox 447 2959 537 3017; x_wconf 73' lang='lat' dir='ltr'><strong>IV.</strong></span> <span class='ocrx_word' id='word_1_256' title='bbox 716 2962 882 3016; x_wconf 83' lang='lat' dir='ltr'><strong>Arius</strong></span> <span class='ocrx_word' id='word_1_257' title='bbox 909 2961 1070 3017; x_wconf 89' lang='lat' dir='ltr'><strong>annis</strong></span> <span class='ocrx_word' id='word_1_258' title='bbox 1100 2978 1227 3017; x_wconf 88' lang='lat' dir='ltr'><strong>xxx.</strong></span> 
     </span>
    </p>
   </div>
   <div class='ocr_carea' id='block_1_48' title="bbox 446 3052 1703 3125">
    <p class='ocr_par' dir='ltr' id='par_1_48' title="bbox 446 3052 1703 3125">
     <span class='ocr_line' id='line_1_48' title="bbox 446 3052 1703 3125; baseline -0.001 -16"><span class='ocrx_word' id='word_1_259' title='bbox 446 3052 518 3112; x_wconf 91' lang='lat' dir='ltr'><strong>V.</strong></span> <span class='ocrx_word' id='word_1_260' title='bbox 729 3054 969 3118; x_wconf 87' lang='lat' dir='ltr'><strong>Aralius,</strong></span> <span class='ocrx_word' id='word_1_261' title='bbox 1007 3053 1100 3124; x_wconf 87' lang='lat' dir='ltr'><strong>qui</strong></span> <span class='ocrx_word' id='word_1_262' title='bbox 1134 3054 1393 3125; x_wconf 89' lang='lat' dir='ltr'><strong>Amyrus,</strong></span> <span class='ocrx_word' id='word_1_263' title='bbox 1425 3052 1584 3108; x_wconf 89' lang='lat' dir='ltr'><strong>annis</strong></span> <span class='ocrx_word' id='word_1_264' title='bbox 1612 3068 1703 3108; x_wconf 77' lang='lat' dir='ltr'><strong>1.x.</strong></span> 
     </span>
    </p>
   </div>
   <div class='ocr_carea' id='block_1_49' title="bbox 445 3144 1784 3218">
    <p class='ocr_par' dir='ltr' id='par_1_49' title="bbox 445 3144 1784 3218">
     <span class='ocr_line' id='line_1_49' title="bbox 445 3144 1784 3218; baseline -0.001 -17"><span class='ocrx_word' id='word_1_265' title='bbox 445 3144 540 3202; x_wconf 78' lang='lat' dir='ltr'><strong>Vl.</strong></span> <span class='ocrx_word' id='word_1_266' title='bbox 721 3144 948 3211; x_wconf 84' lang='lat' dir='ltr'><strong>Xerxes,</strong></span> <span class='ocrx_word' id='word_1_267' title='bbox 989 3147 1081 3218; x_wconf 91' lang='lat' dir='ltr'><strong>qui</strong></span> <span class='ocrx_word' id='word_1_268' title='bbox 1115 3155 1170 3202; x_wconf 90' lang='lat' dir='ltr'><strong>et</strong></span> <span class='ocrx_word' id='word_1_269' title='bbox 1200 3147 1434 3211; x_wconf 72' lang='lat' dir='ltr'><strong>Balteus,</strong></span> <span class='ocrx_word' id='word_1_270' title='bbox 1464 3149 1625 3203; x_wconf 85' lang='lat' dir='ltr'><strong>annis</strong></span> <span class='ocrx_word' id='word_1_271' title='bbox 1656 3161 1784 3201; x_wconf 90' lang='lat' dir='ltr'><strong>xxx.</strong></span> 
     </span>
    </p>
   </div>
   <div class='ocr_carea' id='block_1_50' title="bbox 447 3238 1665 3310">
    <p class='ocr_par' dir='ltr' id='par_1_50' title="bbox 447 3238 1665 3310">
     <span class='ocr_line' id='line_1_50' title="bbox 447 3238 1665 3310; baseline 0 -15"><span class='ocrx_word' id='word_1_272' title='bbox 447 3238 561 3296; x_wconf 87' lang='lat' dir='ltr'><strong>VII.</strong></span> <span class='ocrx_word' id='word_1_273' title='bbox 721 3238 1091 3295; x_wconf 88' lang='lat' dir='ltr'><strong>Amramitbes</strong></span> <span class='ocrx_word' id='word_1_274' title='bbox 1132 3238 1211 3310; x_wconf 85' lang='lat'><strong>(5)</strong></span> <span class='ocrx_word' id='word_1_275' title='bbox 1252 3240 1412 3296; x_wconf 88' lang='lat' dir='ltr'><strong>annis</strong></span> <span class='ocrx_word' id='word_1_276' title='bbox 1438 3254 1665 3295; x_wconf 85' lang='lat' dir='ltr'><strong>xxxvut.</strong></span> 
     </span>
    </p>
   </div>
   <div class='ocr_carea' id='block_1_51' title="bbox 444 3329 1369 3387">
    <p class='ocr_par' dir='ltr' id='par_1_51' title="bbox 444 3329 1369 3387">
     <span class='ocr_line' id='line_1_51' title="bbox 444 3329 1369 3387; baseline 0.001 -2"><span class='ocrx_word' id='word_1_277' title='bbox 444 3329 566 3386; x_wconf 90' lang='lat' dir='ltr'><strong>VIII</strong></span> <span class='ocrx_word' id='word_1_278' title='bbox 724 3330 991 3387; x_wconf 87' lang='lat' dir='ltr'><strong>Beloebus</strong></span> <span class='ocrx_word' id='word_1_279' title='bbox 1018 3331 1177 3386; x_wconf 89' lang='lat' dir='ltr'><strong>annis</strong></span> <span class='ocrx_word' id='word_1_280' title='bbox 1204 3347 1369 3387; x_wconf 87' lang='lat' dir='ltr'><strong>xxxv.</strong></span> 
     </span>
    </p>
   </div>
   <div class='ocr_carea' id='block_1_52' title="bbox 439 3421 1344 3495">
    <p class='ocr_par' dir='ltr' id='par_1_52' title="bbox 439 3421 1344 3495">
     <span class='ocr_line' id='line_1_52' title="bbox 439 3421 1344 3495; baseline 0.001 -17"><span class='ocrx_word' id='word_1_281' title='bbox 439 3422 539 3479; x_wconf 82' lang='lat' dir='ltr'><strong>IX.</strong></span> <span class='ocrx_word' id='word_1_282' title='bbox 717 3423 924 3478; x_wconf 63' lang='lat' dir='ltr'><strong>Balaas</strong></span> <span class='ocrx_word' id='word_1_283' title='bbox 952 3422 1111 3478; x_wconf 87' lang='lat' dir='ltr'><strong>annis</strong></span> <span class='ocrx_word' id='word_1_284' title='bbox 1138 3438 1217 3478; x_wconf 87' lang='lat' dir='ltr'><strong>xu</strong></span> <span class='ocrx_word' id='word_1_285' title='bbox 1241 3421 1344 3495; x_wconf 90' lang='lat'><strong>(6).</strong></span> 
     </span>
    </p>
   </div>
   <div class='ocr_carea' id='block_1_53' title="bbox 440 3514 1425 3588">
    <p class='ocr_par' dir='ltr' id='par_1_53' title="bbox 440 3514 1425 3588">
     <span class='ocr_line' id='line_1_53' title="bbox 440 3514 1425 3588; baseline -0.002 -15"><span class='ocrx_word' id='word_1_286' title='bbox 440 3515 515 3573; x_wconf 77' lang='grc' dir='ltr'><strong>Χ.</strong></span> <span class='ocrx_word' id='word_1_287' title='bbox 721 3515 923 3572; x_wconf 90' lang='lat' dir='ltr'><strong>Aladas</strong></span> <span class='ocrx_word' id='word_1_288' title='bbox 957 3514 1034 3588; x_wconf 87' lang='lat'><strong>(7)</strong></span> <span class='ocrx_word' id='word_1_289' title='bbox 1067 3514 1227 3571; x_wconf 91' lang='lat' dir='ltr'><strong>annis</strong></span> <span class='ocrx_word' id='word_1_290' title='bbox 1252 3530 1425 3571; x_wconf 80' lang='lat' dir='ltr'><strong>xxxii.</strong></span> 
     </span>
    </p>
   </div>
   <div class='ocr_carea' id='block_1_54' title="bbox 437 3606 1376 3679">
    <p class='ocr_par' dir='ltr' id='par_1_54' title="bbox 437 3606 1376 3679">
     <span class='ocr_line' id='line_1_54' title="bbox 437 3606 1376 3679; baseline -0.001 -17"><span class='ocrx_word' id='word_1_291' title='bbox 437 3607 541 3663; x_wconf 76' lang='lat' dir='ltr'><strong>XI.</strong></span> <span class='ocrx_word' id='word_1_292' title='bbox 718 3606 1027 3679; x_wconf 77' lang='lat' dir='ltr'><strong>Mamytbus</strong></span> <span class='ocrx_word' id='word_1_293' title='bbox 1059 3607 1218 3665; x_wconf 87' lang='lat' dir='ltr'><strong>annis</strong></span> <span class='ocrx_word' id='word_1_294' title='bbox 1247 3624 1376 3663; x_wconf 86' lang='lat' dir='ltr'><strong>xxx.</strong></span> 
     </span>
    </p>
   </div>
   <div class='ocr_carea' id='block_1_55' title="bbox 443 3698 1521 3772">
    <p class='ocr_par' dir='ltr' id='par_1_55' title="bbox 443 3698 1521 3772">
     <span class='ocr_line' id='line_1_55' title="bbox 443 3698 1521 3772; baseline 0.001 -17"><span class='ocrx_word' id='word_1_295' title='bbox 443 3700 563 3757; x_wconf 85' lang='lat' dir='ltr'><strong>Xll.</strong></span> <span class='ocrx_word' id='word_1_296' title='bbox 717 3698 1060 3756; x_wconf 80' lang='lat' dir='ltr'><strong>Macchaleus</strong></span> <span class='ocrx_word' id='word_1_297' title='bbox 1088 3700 1167 3772; x_wconf 89' lang='lat'><strong>(8)</strong></span> <span class='ocrx_word' id='word_1_298' title='bbox 1201 3700 1360 3759; x_wconf 91' lang='lat' dir='ltr'><strong>annis</strong></span> <span class='ocrx_word' id='word_1_299' title='bbox 1393 3717 1521 3756; x_wconf 86' lang='lat' dir='ltr'><strong>xxx.</strong></span> 
     </span>
    </p>
   </div>
   <div class='ocr_carea' id='block_1_56' title="bbox 444 3790 1456 3865">
    <p class='ocr_par' dir='ltr' id='par_1_56' title="bbox 444 3790 1456 3865">
     <span class='ocr_line' id='line_1_56' title="bbox 444 3790 1456 3865; baseline 0.003 -18"><span class='ocrx_word' id='word_1_300' title='bbox 444 3791 583 3847; x_wconf 88' lang='lat' dir='ltr'><strong>XIII.</strong></span> <span class='ocrx_word' id='word_1_301' title='bbox 720 3790 977 3863; x_wconf 69' lang='lat' dir='ltr'><strong>Sphaerus</strong></span> <span class='ocrx_word' id='word_1_302' title='bbox 1007 3793 1166 3848; x_wconf 89' lang='lat' dir='ltr'><strong>anuis</strong></span> <span class='ocrx_word' id='word_1_303' title='bbox 1203 3809 1317 3848; x_wconf 86' lang='lat' dir='ltr'><strong>xxu</strong></span> <span class='ocrx_word' id='word_1_304' title='bbox 1357 3793 1456 3865; x_wconf 91' lang='lat'><strong>(9).</strong></span> 
     </span>
    </p>
   </div>
   <div class='ocr_carea' id='block_1_57' title="bbox 443 3882 1329 3956">
    <p class='ocr_par' dir='ltr' id='par_1_57' title="bbox 443 3882 1329 3956">
     <span class='ocr_line' id='line_1_57' title="bbox 443 3882 1329 3956; baseline 0.002 -16"><span class='ocrx_word' id='word_1_305' title='bbox 443 3882 588 3941; x_wconf 79' lang='lat' dir='ltr'><strong>XIV.</strong></span> <span class='ocrx_word' id='word_1_306' title='bbox 718 3883 984 3956; x_wconf 80' lang='lat' dir='ltr'><strong>Mamylus</strong></span> <span class='ocrx_word' id='word_1_307' title='bbox 1013 3885 1172 3941; x_wconf 88' lang='lat' dir='ltr'><strong>annis</strong></span> <span class='ocrx_word' id='word_1_308' title='bbox 1202 3902 1329 3943; x_wconf 86' lang='lat' dir='ltr'><strong>xxx.</strong></span> 
     </span>
    </p>
   </div>
   <div class='ocr_carea' id='block_1_58' title="bbox 2130 1949 3077 2012">
    <p class='ocr_par' dir='ltr' id='par_1_58' title="bbox 2130 1949 3077 2012">
     <span class='ocr_line' id='line_1_58' title="bbox 2130 1949 3077 2012; baseline 0.006 -7"><span class='ocrx_word' id='word_1_309' title='bbox 2130 1949 2299 2006; x_wconf 90' lang='lat' dir='ltr'><strong>XXV.</strong></span> <span class='ocrx_word' id='word_1_310' title='bbox 2412 1952 2691 2010; x_wconf 72' lang='lat' dir='ltr'><strong>Mithraaus</strong></span> <span class='ocrx_word' id='word_1_311' title='bbox 2720 1955 2879 2011; x_wconf 86' lang='lat' dir='ltr'><strong>annis</strong></span> <span class='ocrx_word' id='word_1_312' title='bbox 2906 1972 3077 2012; x_wconf 85' lang='lat' dir='ltr'><strong>xxvu.</strong></span> 
     </span>
    </p>
   </div>
   <div class='ocr_carea' id='block_1_59' title="bbox 2131 2035 3111 2108">
    <p class='ocr_par' dir='ltr' id='par_1_59' title="bbox 2131 2035 3111 2108">
     <span class='ocr_line' id='line_1_59' title="bbox 2131 2035 3111 2108; baseline 0.012 -12"><span class='ocrx_word' id='word_1_313' title='bbox 2131 2035 2322 2100; x_wconf 82' lang='lat' dir='ltr'><strong>XXVI.</strong></span> <span class='ocrx_word' id='word_1_314' title='bbox 2409 2044 2711 2103; x_wconf 87' lang='lat' dir='ltr'><strong>Teutamus</strong></span> <span class='ocrx_word' id='word_1_315' title='bbox 2747 2048 2903 2104; x_wconf 87' lang='lat' dir='ltr'><strong>annis</strong></span> <span class='ocrx_word' id='word_1_316' title='bbox 2937 2064 3111 2108; x_wconf 86' lang='lat' dir='ltr'><strong>xxxu.</strong></span> 
     </span>
    </p>
   </div>
   <div class='ocr_carea' id='block_1_60' title="bbox 2205 2134 3075 2211">
    <p class='ocr_par' dir='ltr' id='par_1_60' title="bbox 2205 2134 3075 2211">
     <span class='ocr_line' id='line_1_60' title="bbox 2205 2134 3075 2211; baseline 0.007 -20"><span class='ocrx_word' id='word_1_317' title='bbox 2205 2134 2317 2192; x_wconf 90' lang='lat' dir='ltr'><strong>Sub</strong></span> <span class='ocrx_word' id='word_1_318' title='bbox 2332 2152 2443 2209; x_wconf 91' lang='lat' dir='ltr'><strong>quo</strong></span> <span class='ocrx_word' id='word_1_319' title='bbox 2470 2136 2625 2194; x_wconf 90' lang='lat' dir='ltr'><strong>Ilium</strong></span> <span class='ocrx_word' id='word_1_320' title='bbox 2660 2149 2880 2211; x_wconf 88' lang='lat' dir='ltr'><strong>captum</strong></span> <span class='ocrx_word' id='word_1_321' title='bbox 2904 2150 2992 2204; x_wconf 77' lang='lat' dir='ltr'><strong>,est</strong></span> 
     </span>
    </p>
   </div>
   <div class='ocr_carea' id='block_1_61' title="bbox 2131 2226 2982 2289">
    <p class='ocr_par' dir='ltr' id='par_1_61' title="bbox 2131 2226 2982 2289">
     <span class='ocr_line' id='line_1_61' title="bbox 2131 2226 2982 2289; baseline 0.009 -8"><span class='ocrx_word' id='word_1_322' title='bbox 2131 2226 2348 2285; x_wconf 89' lang='lat' dir='ltr'><strong>XXVII.</strong></span> <span class='ocrx_word' id='word_1_323' title='bbox 2419 2228 2675 2287; x_wconf 63' lang='lat' dir='ltr'><strong>Teutaus</strong></span> <span class='ocrx_word' id='word_1_324' title='bbox 2704 2232 2865 2287; x_wconf 88' lang='lat' dir='ltr'><strong>annis</strong></span> <span class='ocrx_word' id='word_1_325' title='bbox 2888 2248 2982 2289; x_wconf 76' lang='grc' dir='ltr'><strong>ιι..</strong></span> 
     </span>
    </p>
   </div>
   <div class='ocr_carea' id='block_1_62' title="bbox 2131 2318 3017 2381">
    <p class='ocr_par' dir='ltr' id='par_1_62' title="bbox 2131 2318 3017 2381">
     <span class='ocr_line' id='line_1_62' title="bbox 2131 2318 3017 2381; baseline 0.008 -7"><span class='ocrx_word' id='word_1_326' title='bbox 2131 2318 2369 2376; x_wconf 82' lang='lat' dir='ltr'><strong>XXVIII.</strong></span> <span class='ocrx_word' id='word_1_327' title='bbox 2410 2318 2668 2379; x_wconf 69' lang='lat' dir='ltr'><strong>Tiiinteus</strong></span> <span class='ocrx_word' id='word_1_328' title='bbox 2699 2325 2860 2381; x_wconf 83' lang='lat' dir='ltr'><strong>annis</strong></span> <span class='ocrx_word' id='word_1_329' title='bbox 2886 2342 3017 2381; x_wconf 89' lang='lat' dir='ltr'><strong>xxx.</strong></span> 
     </span>
    </p>
   </div>
   <div class='ocr_carea' id='block_1_63' title="bbox 2131 2413 3138 2488">
    <p class='ocr_par' dir='ltr' id='par_1_63' title="bbox 2131 2413 3138 2488">
     <span class='ocr_line' id='line_1_63' title="bbox 2131 2413 3138 2488; baseline 0.008 -21"><span class='ocrx_word' id='word_1_330' title='bbox 2131 2413 2326 2468; x_wconf 82' lang='lat' dir='ltr'><strong>XXIX.</strong></span> <span class='ocrx_word' id='word_1_331' title='bbox 2412 2413 2673 2488; x_wconf 89' lang='lat' dir='ltr'><strong>Dercylus</strong></span> <span class='ocrx_word' id='word_1_332' title='bbox 2711 2416 2822 2487; x_wconf 78' lang='lat' dir='ltr'><strong>(I5)</strong></span> <span class='ocrx_word' id='word_1_333' title='bbox 2852 2419 3014 2474; x_wconf 90' lang='lat' dir='ltr'><strong>annis</strong></span> <span class='ocrx_word' id='word_1_334' title='bbox 3048 2434 3138 2475; x_wconf 79' lang='grc' dir='ltr'><strong>ιι..</strong></span> 
     </span>
    </p>
   </div>
   <div class='ocr_carea' id='block_1_64' title="bbox 2130 2503 3172 2576">
    <p class='ocr_par' dir='ltr' id='par_1_64' title="bbox 2130 2503 3172 2576">
     <span class='ocr_line' id='line_1_64' title="bbox 2130 2503 3172 2576; baseline 0.007 -19"><span class='ocrx_word' id='word_1_335' title='bbox 2130 2503 2297 2558; x_wconf 89' lang='lat' dir='ltr'><strong>XXX.</strong></span> <span class='ocrx_word' id='word_1_336' title='bbox 2406 2503 2736 2576; x_wconf 89' lang='lat' dir='ltr'><strong>Eupalmeus</strong></span> <span class='ocrx_word' id='word_1_337' title='bbox 2758 2509 2918 2565; x_wconf 90' lang='lat' dir='ltr'><strong>annis</strong></span> <span class='ocrx_word' id='word_1_338' title='bbox 2945 2518 3172 2564; x_wconf 78' lang='lat' dir='ltr'><strong>xxxmt.</strong></span> 
     </span>
    </p>
   </div>
   <div class='ocr_carea' id='block_1_65' title="bbox 2204 2594 3704 2673">
    <p class='ocr_par' dir='ltr' id='par_1_65' title="bbox 2204 2594 3704 2673">
     <span class='ocr_line' id='line_1_65' title="bbox 2204 2594 3704 2673; baseline 0.008 -23"><span class='ocrx_word' id='word_1_339' title='bbox 2204 2596 2319 2652; x_wconf 87' lang='lat' dir='ltr'><strong>Sub</strong></span> <span class='ocrx_word' id='word_1_340' title='bbox 2348 2595 2453 2651; x_wconf 85' lang='lat' dir='ltr'><strong>hoc</strong></span> <span class='ocrx_word' id='word_1_341' title='bbox 2508 2594 2860 2652; x_wconf 74' lang='lat' dir='ltr'><strong>Hebrzeorum</strong></span> <span class='ocrx_word' id='word_1_342' title='bbox 2897 2598 3126 2655; x_wconf 90' lang='lat' dir='ltr'><strong>illustris</strong></span> <span class='ocrx_word' id='word_1_343' title='bbox 3174 2615 3267 2655; x_wconf 91' lang='lat' dir='ltr'><strong>rex</strong></span> <span class='ocrx_word' id='word_1_344' title='bbox 3319 2599 3490 2658; x_wconf 80' lang='lat' dir='ltr'><strong>David</strong></span> <span class='ocrx_word' id='word_1_345' title='bbox 3550 2605 3704 2673; x_wconf 79' lang='lat' dir='ltr'><strong>vixit,</strong></span> 
     </span>
    </p>
   </div>
   <div class='ocr_carea' id='block_1_66' title="bbox 2129 2684 3707 2762">
    <p class='ocr_par' dir='ltr' id='par_1_66' title="bbox 2129 2684 3707 2762">
     <span class='ocr_line' id='line_1_66' title="bbox 2129 2684 3707 2762; baseline 0.007 -22"><span class='ocrx_word' id='word_1_346' title='bbox 2129 2685 2290 2755; x_wconf 89' lang='lat' dir='ltr'><strong>cujus</strong></span> <span class='ocrx_word' id='word_1_347' title='bbox 2335 2684 2478 2742; x_wconf 83' lang='lat' dir='ltr'><strong>ﬁlius</strong></span> <span class='ocrx_word' id='word_1_348' title='bbox 2535 2685 2794 2741; x_wconf 88' lang='lat' dir='ltr'><strong>Salomon</strong></span> <span class='ocrx_word' id='word_1_349' title='bbox 2836 2685 3226 2759; x_wconf 85' lang='lat' dir='ltr'><strong>Hierosolymis</strong></span> <span class='ocrx_word' id='word_1_350' title='bbox 3275 2692 3541 2762; x_wconf 84' lang='lat' dir='ltr'><strong>templum</strong></span> <span class='ocrx_word' id='word_1_351' title='bbox 3589 2694 3707 2751; x_wconf 82' lang='lat' dir='ltr'><strong>fun-</strong></span> 
     </span>
    </p>
   </div>
   <div class='ocr_carea' id='block_1_67' title="bbox 2127 2776 2387 2832">
    <p class='ocr_par' dir='ltr' id='par_1_67' title="bbox 2127 2776 2387 2832">
     <span class='ocr_line' id='line_1_67' title="bbox 2127 2776 2387 2832; baseline -0.008 -1"><span class='ocrx_word' id='word_1_352' title='bbox 2127 2776 2297 2832; x_wconf 82' lang='lat' dir='ltr'><strong>davit.</strong></span> <span class='ocrx_word' id='word_1_353' title='bbox 2376 2797 2387 2805; x_wconf 87' lang='grc'><strong>·</strong></span> 
     </span>
    </p>
   </div>
   <div class='ocr_carea' id='block_1_68' title="bbox 2131 2866 3101 2928">
    <p class='ocr_par' dir='ltr' id='par_1_68' title="bbox 2131 2866 3101 2928">
     <span class='ocr_line' id='line_1_68' title="bbox 2131 2866 3101 2928; baseline 0.007 -7"><span class='ocrx_word' id='word_1_354' title='bbox 2131 2866 2322 2923; x_wconf 85' lang='lat' dir='ltr'><strong>XXXI.</strong></span> <span class='ocrx_word' id='word_1_355' title='bbox 2409 2867 2747 2926; x_wconf 83' lang='lat' dir='ltr'><strong>Laostuenes</strong></span> <span class='ocrx_word' id='word_1_356' title='bbox 2780 2869 2940 2927; x_wconf 85' lang='lat' dir='ltr'><strong>annis</strong></span> <span class='ocrx_word' id='word_1_357' title='bbox 2974 2887 3101 2928; x_wconf 73' lang='grc' dir='ltr'><strong>ην.</strong></span> 
     </span>
    </p>
   </div>
   <div class='ocr_carea' id='block_1_69' title="bbox 2127 2960 3070 3019">
    <p class='ocr_par' dir='ltr' id='par_1_69' title="bbox 2127 2960 3070 3019">
     <span class='ocr_line' id='line_1_69' title="bbox 2127 2960 3070 3019; baseline 0.005 -5"><span class='ocrx_word' id='word_1_358' title='bbox 2127 2960 2341 3015; x_wconf 88' lang='lat' dir='ltr'><strong>XXXII.</strong></span> <span class='ocrx_word' id='word_1_359' title='bbox 2409 2961 2709 3019; x_wconf 89' lang='lat' dir='ltr'><strong>Peritiades</strong></span> <span class='ocrx_word' id='word_1_360' title='bbox 2743 2963 2901 3019; x_wconf 88' lang='lat' dir='ltr'><strong>annis</strong></span> <span class='ocrx_word' id='word_1_361' title='bbox 2942 2980 3070 3019; x_wconf 85' lang='lat' dir='ltr'><strong>xxx.</strong></span> 
     </span>
    </p>
   </div>
   <div class='ocr_carea' id='block_1_70' title="bbox 2130 3053 3049 3125">
    <p class='ocr_par' dir='ltr' id='par_1_70' title="bbox 2130 3053 3049 3125">
     <span class='ocr_line' id='line_1_70' title="bbox 2130 3053 3049 3125; baseline 0.003 -17"><span class='ocrx_word' id='word_1_362' title='bbox 2130 3053 2363 3109; x_wconf 88' lang='lat' dir='ltr'><strong>XXXIII.</strong></span> <span class='ocrx_word' id='word_1_363' title='bbox 2405 3053 2725 3125; x_wconf 74' lang='lat' dir='ltr'><strong>Ophrataeus</strong></span> <span class='ocrx_word' id='word_1_364' title='bbox 2755 3058 2913 3114; x_wconf 92' lang='lat' dir='ltr'><strong>annis</strong></span> <span class='ocrx_word' id='word_1_365' title='bbox 2955 3073 3049 3112; x_wconf 81' lang='lat' dir='ltr'><strong>xxi</strong></span> 
     </span>
    </p>
   </div>
   <div class='ocr_carea' id='block_1_71' title="bbox 2053 3145 3021 3244">
    <p class='ocr_par' dir='ltr' id='par_1_71' title="bbox 2053 3145 3021 3244">
     <span class='ocr_line' id='line_1_71' title="bbox 2053 3145 3021 3244; baseline 0.004 -44"><span class='ocrx_word' id='word_1_366' title='bbox 2053 3187 2094 3244; x_wconf 78' lang='lat' dir='ltr'><strong>C</strong></span> <span class='ocrx_word' id='word_1_367' title='bbox 2128 3145 2368 3202; x_wconf 90' lang='lat' dir='ltr'><strong>XXXIV.</strong></span> <span class='ocrx_word' id='word_1_368' title='bbox 2410 3147 2749 3218; x_wconf 88' lang='lat' dir='ltr'><strong>Opbrataues</strong></span> <span class='ocrx_word' id='word_1_369' title='bbox 2782 3149 2942 3205; x_wconf 88' lang='lat' dir='ltr'><strong>annis</strong></span> <span class='ocrx_word' id='word_1_370' title='bbox 2967 3166 3021 3204; x_wconf 82' lang='grc' dir='ltr'><strong>ι..</strong></span> 
     </span>
    </p>
   </div>
   <div class='ocr_carea' id='block_1_72' title="bbox 2130 3239 3039 3299">
    <p class='ocr_par' dir='ltr' id='par_1_72' title="bbox 2130 3239 3039 3299">
     <span class='ocr_line' id='line_1_72' title="bbox 2130 3239 3039 3299; baseline 0.004 -6"><span class='ocrx_word' id='word_1_371' title='bbox 2130 3239 2345 3294; x_wconf 73' lang='lat' dir='ltr'><strong>XXXV.</strong></span> <span class='ocrx_word' id='word_1_372' title='bbox 2409 3243 2716 3297; x_wconf 90' lang='lat' dir='ltr'><strong>Acrazanes</strong></span> <span class='ocrx_word' id='word_1_373' title='bbox 2745 3244 2902 3299; x_wconf 89' lang='lat' dir='ltr'><strong>annis</strong></span> <span class='ocrx_word' id='word_1_374' title='bbox 2932 3258 3039 3299; x_wconf 80' lang='lat' dir='ltr'><strong>xui</strong></span> 
     </span>
    </p>
   </div>
   <div class='ocr_carea' id='block_1_73' title="bbox 2134 3330 3153 3404">
    <p class='ocr_par' dir='ltr' id='par_1_73' title="bbox 2134 3330 3153 3404">
     <span class='ocr_line' id='line_1_73' title="bbox 2134 3330 3153 3404; baseline 0.008 -19"><span class='ocrx_word' id='word_1_375' title='bbox 2134 3330 2371 3387; x_wconf 87' lang='lat' dir='ltr'><strong>XXXVI.</strong></span> <span class='ocrx_word' id='word_1_376' title='bbox 2415 3330 2840 3404; x_wconf 88' lang='lat' dir='ltr'><strong>Sardanapallus</strong></span> <span class='ocrx_word' id='word_1_377' title='bbox 2872 3335 3033 3389; x_wconf 88' lang='lat' dir='ltr'><strong>annis</strong></span> <span class='ocrx_word' id='word_1_378' title='bbox 3059 3351 3153 3393; x_wconf 88' lang='lat' dir='ltr'><strong>xx.</strong></span> 
     </span>
    </p>
   </div>
   <div class='ocr_carea' id='block_1_74' title="bbox 2208 3424 3699 3500">
    <p class='ocr_par' dir='ltr' id='par_1_74' title="bbox 2208 3424 3699 3500">
     <span class='ocr_line' id='line_1_74' title="bbox 2208 3424 3699 3500; baseline 0.008 -21"><span class='ocrx_word' id='word_1_379' title='bbox 2208 3425 2324 3481; x_wconf 90' lang='lat' dir='ltr'><strong>Sub</strong></span> <span class='ocrx_word' id='word_1_380' title='bbox 2347 3426 2453 3482; x_wconf 86' lang='lat' dir='ltr'><strong>hoc</strong></span> <span class='ocrx_word' id='word_1_381' title='bbox 2475 3424 2758 3499; x_wconf 87' lang='lat' dir='ltr'><strong>Lycurgus</strong></span> <span class='ocrx_word' id='word_1_382' title='bbox 2787 3427 2900 3500; x_wconf 85' lang='lat' dir='ltr'><strong>(I6)</strong></span> <span class='ocrx_word' id='word_1_383' title='bbox 2936 3428 3081 3500; x_wconf 84' lang='lat' dir='ltr'><strong>leges</strong></span> <span class='ocrx_word' id='word_1_384' title='bbox 3111 3427 3541 3489; x_wconf 73' lang='lat' dir='ltr'><strong>Lacedaemoniis</strong></span> <span class='ocrx_word' id='word_1_385' title='bbox 3568 3432 3699 3491; x_wconf 48' lang='lat' dir='ltr'><strong>fere.</strong></span> 
     </span>
    </p>
   </div>
   <div class='ocr_carea' id='block_1_75' title="bbox 2125 3519 2237 3576">
    <p class='ocr_par' dir='ltr' id='par_1_75' title="bbox 2125 3519 2237 3576">
     <span class='ocr_line' id='line_1_75' title="bbox 2125 3519 2237 3576; baseline 0 0"><span class='ocrx_word' id='word_1_386' title='bbox 2125 3519 2237 3576; x_wconf 88' lang='lat' dir='ltr'><strong>bat.</strong></span> 
     </span>
    </p>
   </div>
   <div class='ocr_carea' id='block_1_76' title="bbox 2196 3607 3698 3687">
    <p class='ocr_par' dir='ltr' id='par_1_76' title="bbox 2196 3607 3698 3687">
     <span class='ocr_line' id='line_1_76' title="bbox 2196 3607 3698 3687; baseline 0.006 -23"><span class='ocrx_word' id='word_1_387' title='bbox 2196 3610 2250 3665; x_wconf 89' lang='lat'><strong>7.</strong></span> <span class='ocrx_word' id='word_1_388' title='bbox 2291 3607 2417 3665; x_wconf 56' lang='lat' dir='ltr'><strong>Haec</strong></span> <span class='ocrx_word' id='word_1_389' title='bbox 2455 3608 2579 3667; x_wconf 79' lang='lat' dir='ltr'><strong>ﬁnis</strong></span> <span class='ocrx_word' id='word_1_390' title='bbox 2621 3610 2723 3667; x_wconf 81' lang='lat' dir='ltr'><strong>fuit</strong></span> <span class='ocrx_word' id='word_1_391' title='bbox 2752 3627 2939 3683; x_wconf 82' lang='lat' dir='ltr'><strong>regum</strong></span> <span class='ocrx_word' id='word_1_392' title='bbox 2978 3612 3354 3685; x_wconf 84' lang='lat' dir='ltr'><strong>Assyriorum,</strong></span> <span class='ocrx_word' id='word_1_393' title='bbox 3397 3616 3698 3687; x_wconf 83' lang='lat' dir='ltr'><strong>imperante</strong></span> 
     </span>
    </p>
   </div>
   <div class='ocr_carea' id='block_1_77' title="bbox 2127 3702 3701 3779">
    <p class='ocr_par' dir='ltr' id='par_1_77' title="bbox 2127 3702 3701 3779">
     <span class='ocr_line' id='line_1_77' title="bbox 2127 3702 3701 3779; baseline 0.004 -22"><span class='ocrx_word' id='word_1_394' title='bbox 2127 3703 2356 3759; x_wconf 84' lang='lat' dir='ltr'><strong>Athenis</strong></span> <span class='ocrx_word' id='word_1_395' title='bbox 2387 3702 2619 3775; x_wconf 88' lang='lat' dir='ltr'><strong>Tespieo</strong></span> <span class='ocrx_word' id='word_1_396' title='bbox 2656 3706 2981 3777; x_wconf 83' lang='lat' dir='ltr'><strong>Ariphronis</strong></span> <span class='ocrx_word' id='word_1_397' title='bbox 3024 3705 3153 3761; x_wconf 86' lang='lat' dir='ltr'><strong>lilio.</strong></span> <span class='ocrx_word' id='word_1_398' title='bbox 3207 3704 3446 3778; x_wconf 87' lang='lat' dir='ltr'><strong>Tempus</strong></span> <span class='ocrx_word' id='word_1_399' title='bbox 3490 3707 3701 3779; x_wconf 90' lang='lat' dir='ltr'><strong>imperii</strong></span> 
     </span>
    </p>
   </div>
   <div class='ocr_carea' id='block_1_78' title="bbox 2125 3796 3699 3869">
    <p class='ocr_par' dir='ltr' id='par_1_78' title="bbox 2125 3796 3699 3869">
     <span class='ocr_line' id='line_1_78' title="bbox 2125 3796 3699 3869; baseline 0.002 -18"><span class='ocrx_word' id='word_1_400' title='bbox 2125 3796 2498 3867; x_wconf 87' lang='lat' dir='ltr'><strong>Assyriorum,</strong></span> <span class='ocrx_word' id='word_1_401' title='bbox 2532 3797 2831 3853; x_wconf 91' lang='lat' dir='ltr'><strong>secundum</strong></span> <span class='ocrx_word' id='word_1_402' title='bbox 2879 3807 3169 3856; x_wconf 82' lang='lat' dir='ltr'><strong>accuratas</strong></span> <span class='ocrx_word' id='word_1_403' title='bbox 3207 3798 3529 3869; x_wconf 83' lang='lat' dir='ltr'><strong>scriptores,</strong></span> <span class='ocrx_word' id='word_1_404' title='bbox 3573 3800 3699 3854; x_wconf 86' lang='lat' dir='ltr'><strong>anni</strong></span> 
     </span>
    </p>
   </div>
   <div class='ocr_carea' id='block_1_79' title="bbox 2126 3885 3700 3962">
    <p class='ocr_par' dir='ltr' id='par_1_79' title="bbox 2126 3885 3700 3962">
     <span class='ocr_line' id='line_1_79' title="bbox 2126 3885 3700 3962; baseline 0.004 -21"><span class='ocrx_word' id='word_1_405' title='bbox 2126 3886 2273 3943; x_wconf 90' lang='lat' dir='ltr'><strong>mille</strong></span> <span class='ocrx_word' id='word_1_406' title='bbox 2299 3885 2518 3942; x_wconf 91' lang='lat' dir='ltr'><strong>ducenti</strong></span> <span class='ocrx_word' id='word_1_407' title='bbox 2530 3888 2891 3960; x_wconf 80' lang='lat' dir='ltr'><strong>quadraginta</strong></span> <span class='ocrx_word' id='word_1_408' title='bbox 2907 3888 3020 3962; x_wconf 91' lang='lat' dir='ltr'><strong>(I7)</strong></span> <span class='ocrx_word' id='word_1_409' title='bbox 3044 3908 3057 3945; x_wconf 89' lang='lat'><strong>:</strong></span> <span class='ocrx_word' id='word_1_410' title='bbox 3087 3890 3388 3948; x_wconf 90' lang='lat' dir='ltr'><strong>secundum</strong></span> <span class='ocrx_word' id='word_1_411' title='bbox 3411 3905 3545 3947; x_wconf 80' lang='lat' dir='ltr'><strong>vero</strong></span> <span class='ocrx_word' id='word_1_412' title='bbox 3566 3890 3700 3948; x_wconf 85' lang='lat' dir='ltr'><strong>alios</strong></span> 
     </span>
    </p>
   </div>
   <div class='ocr_carea' id='block_1_80' title="bbox 508 4039 2020 4115">
    <p class='ocr_par' dir='ltr' id='par_1_80' title="bbox 508 4040 2020 4115">
     <span class='ocr_line' id='line_1_80' title="bbox 508 4040 2020 4115; baseline -0.002 -18"><span class='ocrx_word' id='word_1_413' title='bbox 508 4043 582 4115; x_wconf 77' lang='lat'><strong>(&#39;)</strong></span> <span class='ocrx_word' id='word_1_414' title='bbox 612 4042 840 4115; x_wconf 75' lang='grc' dir='ltr'><strong>Φέρεται</strong></span> <span class='ocrx_word' id='word_1_415' title='bbox 872 4042 966 4096; x_wconf 74' lang='grc' dir='ltr'>καὶ</span> <span class='ocrx_word' id='word_1_416' title='bbox 993 4042 1323 4114; x_wconf 68' lang='grc' dir='ltr'><strong>ἀνεπίγραφος</strong></span> <span class='ocrx_word' id='word_1_417' title='bbox 1340 4041 1437 4113; x_wconf 82' lang='grc' dir='ltr'><strong>τῆς</strong></span> <span class='ocrx_word' id='word_1_418' title='bbox 1463 4041 1712 4113; x_wconf 79' lang='grc' dir='ltr'><strong>Πριάμου</strong></span> <span class='ocrx_word' id='word_1_419' title='bbox 1743 4040 2020 4112; x_wconf 71' lang='grc' dir='ltr'><strong>ἐπιστολῆς</strong></span> 
     </span>
    </p>
   </div>
   <div class='ocr_carea' id='block_1_81' title="bbox 2173 4039 2827 4115">
    <p class='ocr_par' dir='ltr' id='par_1_81' title="bbox 2202 4040 2827 4112">
     <span class='ocr_line' id='line_1_81' title="bbox 2202 4040 2827 4112; baseline 0.006 -15"><span class='ocrx_word' id='word_1_420' title='bbox 2202 4040 2528 4112; x_wconf 81' lang='lat' dir='ltr'><strong>Syncello.p.</strong></span> <span class='ocrx_word' id='word_1_421' title='bbox 2555 4041 2607 4107; x_wconf 92' lang='lat' dir='ltr'><strong>I,</strong></span> <span class='ocrx_word' id='word_1_422' title='bbox 2642 4042 2739 4105; x_wconf 83' lang='lat'><strong>55.</strong></span> <span class='ocrx_word' id='word_1_423' title='bbox 2757 4044 2799 4099; x_wconf 82' lang='grc' dir='ltr'><em>Α</em></span> <span class='ocrx_word' id='word_1_424' title='bbox 2812 4087 2827 4101; x_wconf 93' lang='grc'><strong>.</strong></span> 
     </span>
    </p>
   </div>
   <div class='ocr_carea' id='block_1_82' title="bbox 517 4135 2020 4213">
    <p class='ocr_par' dir='ltr' id='par_1_82' title="bbox 517 4136 2020 4213">
     <span class='ocr_line' id='line_1_82' title="bbox 517 4136 2020 4213; baseline -0.003 -18"><span class='ocrx_word' id='word_1_425' title='bbox 517 4139 603 4213; x_wconf 85' lang='grc'>(⁶⁹)</span> <span class='ocrx_word' id='word_1_426' title='bbox 641 4138 764 4193; x_wconf 80' lang='grc' dir='ltr'><strong>Ἐπὶ</strong></span> <span class='ocrx_word' id='word_1_427' title='bbox 797 4138 1077 4211; x_wconf 82' lang='grc' dir='ltr'><strong>Τευτάμου</strong></span> <span class='ocrx_word' id='word_1_428' title='bbox 1110 4138 1270 4192; x_wconf 82' lang='grc' dir='ltr'><strong>Ἴλιον</strong></span> <span class='ocrx_word' id='word_1_429' title='bbox 1290 4136 1549 4201; x_wconf 62' lang='lat' dir='ltr'><strong>Eum-56w;</strong></span> <span class='ocrx_word' id='word_1_430' title='bbox 1574 4153 1738 4209; x_wconf 80' lang='grc' dir='ltr'><strong>φησιν</strong></span> <span class='ocrx_word' id='word_1_431' title='bbox 1761 4136 1982 4191; x_wconf 82' lang='grc' dir='ltr'><strong>ἁλῶναι.</strong></span> <span class='ocrx_word' id='word_1_432' title='bbox 2012 4145 2020 4190; x_wconf 74' lang='lat' dir='ltr'><strong>l</strong></span> 
     </span>
    </p>
   </div>
   <div class='ocr_carea' id='block_1_83' title="bbox 2173 4135 2600 4213">
    <p class='ocr_par' dir='ltr' id='par_1_83' title="bbox 2173 4135 2600 4204">
     <span class='ocr_line' id='line_1_83' title="bbox 2173 4135 2600 4204; baseline 0.007 -15"><span class='ocrx_word' id='word_1_433' title='bbox 2173 4136 2307 4199; x_wconf 66' lang='lat' dir='ltr'><strong>allus,</strong></span> <span class='ocrx_word' id='word_1_434' title='bbox 2327 4148 2384 4204; x_wconf 81' lang='grc' dir='ltr'><strong>ρ.</strong></span> <span class='ocrx_word' id='word_1_435' title='bbox 2400 4135 2498 4191; x_wconf 82' lang='lat' dir='ltr'><strong>I51</strong></span> <span class='ocrx_word' id='word_1_436' title='bbox 2535 4135 2600 4192; x_wconf 88' lang='grc' dir='ltr'><strong>Β.</strong></span> 
     </span>
    </p>
   </div>
   <div class='ocr_carea' id='block_1_84' title="bbox 519 4295 2015 4423">
    <p class='ocr_par' dir='ltr' id='par_1_84' title="bbox 519 4295 2015 4423">
     <span class='ocr_line' id='line_1_84' title="bbox 519 4295 2015 4423; baseline -0.001 -71"><span class='ocrx_word' id='word_1_437' title='bbox 519 4298 597 4423; x_wconf 72' lang='grc'><strong>(1)</strong></span> <span class='ocrx_word' id='word_1_438' title='bbox 627 4297 904 4352; x_wconf 84' lang='lat' dir='ltr'><strong>Lacunam</strong></span> <span class='ocrx_word' id='word_1_439' title='bbox 943 4298 1147 4354; x_wconf 91' lang='lat' dir='ltr'><strong>codicis</strong></span> <span class='ocrx_word' id='word_1_440' title='bbox 1187 4297 1498 4352; x_wconf 88' lang='lat' dir='ltr'><strong>Armeniaci</strong></span> <span class='ocrx_word' id='word_1_441' title='bbox 1540 4296 1621 4351; x_wconf 89' lang='lat' dir='ltr'><strong>sic</strong></span> <span class='ocrx_word' id='word_1_442' title='bbox 1658 4296 1837 4366; x_wconf 88' lang='lat' dir='ltr'><strong>explet</strong></span> <span class='ocrx_word' id='word_1_443' title='bbox 1870 4295 2015 4368; x_wconf 86' lang='lat' dir='ltr'><strong>Syn-</strong></span> 
     </span>
     <span class='ocr_line' id='line_1_85' title="bbox 519 4367 2015 4423; baseline -0.001 -1"><span class='ocrx_word' id='word_1_444' title='bbox 519 4371 528 4422; x_wconf 86' lang='grc' dir='ltr'><strong>ι</strong></span> <span class='ocrx_word' id='word_1_445' title='bbox 553 4385 638 4423; x_wconf 89' lang='lat' dir='ltr'><strong>us.</strong></span> <span class='ocrx_word' id='word_1_446' title='bbox 660 4368 804 4423; x_wconf 83' lang='lat' dir='ltr'><strong>apud</strong></span> <span class='ocrx_word' id='word_1_447' title='bbox 835 4383 995 4423; x_wconf 80' lang='lat' dir='ltr'><strong>quem</strong></span> <span class='ocrx_word' id='word_1_448' title='bbox 1022 4378 1202 4423; x_wconf 89' lang='lat' dir='ltr'><strong>tamen</strong></span> <span class='ocrx_word' id='word_1_449' title='bbox 1238 4368 1355 4423; x_wconf 80' lang='lat' dir='ltr'><strong>ipsa</strong></span> <span class='ocrx_word' id='word_1_450' title='bbox 1387 4368 1621 4423; x_wconf 77' lang='lat' dir='ltr'><strong>cpistola</strong></span> <span class='ocrx_word' id='word_1_451' title='bbox 1649 4367 2015 4421; x_wconf 84' lang='lat' dir='ltr'><strong>desideratur.</strong></span> 
     </span>
    </p>
   </div>
   <div class='ocr_carea' id='block_1_85' title="bbox 443 4367 2015 4439">
    <p class='ocr_par' dir='ltr' id='par_1_85' title="bbox 443 4367 2015 4439">
     <span class='ocr_line' id='line_1_86' title="bbox 443 4367 2015 4439; baseline -0.001 -17"><span class='ocrx_word' id='word_1_452' title='bbox 443 4367 638 4432; x_wconf 79' lang='lat' dir='ltr'><strong>celius,</strong></span> <span class='ocrx_word' id='word_1_453' title='bbox 660 4368 804 4439; x_wconf 75' lang='lat' dir='ltr'><strong>apud</strong></span> <span class='ocrx_word' id='word_1_454' title='bbox 835 4383 995 4439; x_wconf 86' lang='lat' dir='ltr'><strong>quem</strong></span> <span class='ocrx_word' id='word_1_455' title='bbox 1022 4378 1202 4423; x_wconf 90' lang='lat' dir='ltr'><strong>tamen</strong></span> <span class='ocrx_word' id='word_1_456' title='bbox 1238 4368 1355 4439; x_wconf 89' lang='lat' dir='ltr'><strong>ipsa</strong></span> <span class='ocrx_word' id='word_1_457' title='bbox 1387 4368 1625 4439; x_wconf 81' lang='lat' dir='ltr'><strong>epistola</strong></span> <span class='ocrx_word' id='word_1_458' title='bbox 1649 4367 2015 4439; x_wconf 72' lang='lat' dir='ltr'><strong>desideratur.</strong></span> 
     </span>
    </p>
   </div>
   <div class='ocr_carea' id='block_1_86' title="bbox 516 4435 2018 4511">
    <p class='ocr_par' dir='ltr' id='par_1_86' title="bbox 516 4435 2018 4511">
     <span class='ocr_line' id='line_1_87' title="bbox 516 4435 2018 4511; baseline -0.001 -17"><span class='ocrx_word' id='word_1_459' title='bbox 516 4439 592 4511; x_wconf 65' lang='grc' dir='ltr'>(Ξ)</span> <span class='ocrx_word' id='word_1_460' title='bbox 624 4435 922 4511; x_wconf 57' lang='grc' dir='ltr'><strong>ιη’ϐιπὲἰξ</strong></span> <span class='ocrx_word' id='word_1_461' title='bbox 966 4435 1284 4511; x_wconf 77' lang='lat' dir='ltr'><strong>fragmentis</strong></span> <span class='ocrx_word' id='word_1_462' title='bbox 1327 4453 1491 4508; x_wconf 89' lang='lat' dir='ltr'><strong>supra</strong></span> <span class='ocrx_word' id='word_1_463' title='bbox 1523 4438 1726 4492; x_wconf 90' lang='lat' dir='ltr'><strong>dicitur</strong></span> <span class='ocrx_word' id='word_1_464' title='bbox 1765 4435 2018 4492; x_wconf 88' lang='lat' dir='ltr'><strong>Priamus</strong></span> 
     </span>
    </p>
   </div>
   <div class='ocr_carea' id='block_1_87' title="bbox 440 4509 1234 4579">
    <p class='ocr_par' dir='ltr' id='par_1_87' title="bbox 440 4509 1234 4579">
     <span class='ocr_line' id='line_1_88' title="bbox 440 4509 1234 4579; baseline -0.006 -12"><span class='ocrx_word' id='word_1_465' title='bbox 440 4509 791 4579; x_wconf 83' lang='lat' dir='ltr'><strong>Assyriorum</strong></span> <span class='ocrx_word' id='word_1_466' title='bbox 818 4509 927 4579; x_wconf 81' lang='lat' dir='ltr'><strong>regi</strong></span> <span class='ocrx_word' id='word_1_467' title='bbox 960 4509 1234 4563; x_wconf 89' lang='lat' dir='ltr'><strong>subditus.</strong></span> 
     </span>
    </p>
   </div>
   <div class='ocr_carea' id='block_1_88' title="bbox 516 4577 2019 4653">
    <p class='ocr_par' dir='ltr' id='par_1_88' title="bbox 516 4577 2019 4653">
     <span class='ocr_line' id='line_1_89' title="bbox 516 4577 2019 4653; baseline -0.003 -17"><span class='ocrx_word' id='word_1_468' title='bbox 516 4577 594 4653; x_wconf 77' lang='lat'><strong>(3)</strong></span> <span class='ocrx_word' id='word_1_469' title='bbox 624 4577 1284 4653; x_wconf 60' lang='lat' dir='ltr'><strong>Errorem&#39;Cephalionis,</strong></span> <span class='ocrx_word' id='word_1_470' title='bbox 1307 4577 1868 4653; x_wconf 78' lang='lat' dir='ltr'><strong>qui_reges_Assyrios</strong></span> <span class='ocrx_word' id='word_1_471' title='bbox 1902 4587 2019 4632; x_wconf 90' lang='lat' dir='ltr'><strong>tan-</strong></span> 
     </span>
    </p>
   </div>
   <div class='ocr_carea' id='block_1_89' title="bbox 441 4647 2021 4717">
    <p class='ocr_par' dir='ltr' id='par_1_89' title="bbox 441 4647 2021 4717">
     <span class='ocr_line' id='line_1_90' title="bbox 441 4647 2021 4717; baseline -0.002 -11"><span class='ocrx_word' id='word_1_472' title='bbox 441 4647 725 4707; x_wconf 83' lang='lat' dir='ltr'><strong>tummodo</strong></span> <span class='ocrx_word' id='word_1_473' title='bbox 774 4664 910 4703; x_wconf 89' lang='lat' dir='ltr'><strong>xxm</strong></span> <span class='ocrx_word' id='word_1_474' title='bbox 955 4647 1190 4711; x_wconf 82' lang='lat' dir='ltr'><strong>dixerit,</strong></span> <span class='ocrx_word' id='word_1_475' title='bbox 1233 4656 1288 4702; x_wconf 92' lang='lat' dir='ltr'><strong>et</strong></span> <span class='ocrx_word' id='word_1_476' title='bbox 1332 4647 1549 4717; x_wconf 86' lang='lat' dir='ltr'><strong>quidem</strong></span> <span class='ocrx_word' id='word_1_477' title='bbox 1588 4647 1836 4703; x_wconf 80' lang='lat' dir='ltr'><strong>Teutami</strong></span> <span class='ocrx_word' id='word_1_478' title='bbox 1891 4664 2021 4703; x_wconf 89' lang='lat' dir='ltr'><strong>suc-</strong></span> 
     </span>
    </p>
   </div>
   <div class='ocr_carea' id='block_1_90' title="bbox 444 4718 2021 4789">
    <p class='ocr_par' dir='ltr' id='par_1_90' title="bbox 444 4718 2021 4789">
     <span class='ocr_line' id='line_1_91' title="bbox 444 4718 2021 4789; baseline -0.004 -11"><span class='ocrx_word' id='word_1_479' title='bbox 444 4737 715 4778; x_wconf 85' lang='lat' dir='ltr'><strong>cessorem</strong></span> <span class='ocrx_word' id='word_1_480' title='bbox 760 4718 1246 4789; x_wconf 86' lang='lat' dir='ltr'><strong>Sardanapallum.</strong></span> <span class='ocrx_word' id='word_1_481' title='bbox 1291 4727 1404 4772; x_wconf 91' lang='lat' dir='ltr'><strong>tum</strong></span> <span class='ocrx_word' id='word_1_482' title='bbox 1448 4719 1756 4773; x_wconf 84' lang='lat' dir='ltr'><strong>universam</strong></span> <span class='ocrx_word' id='word_1_483' title='bbox 1806 4718 2021 4789; x_wconf 91' lang='lat' dir='ltr'><strong>imperii</strong></span> 
     </span>
    </p>
   </div>
   <div class='ocr_carea' id='block_1_91' title="bbox 444 4789 2022 4862">
    <p class='ocr_par' dir='ltr' id='par_1_91' title="bbox 444 4789 2022 4862">
     <span class='ocr_line' id='line_1_92' title="bbox 444 4789 2022 4862; baseline -0.005 -13"><span class='ocrx_word' id='word_1_484' title='bbox 444 4794 565 4862; x_wconf 86' lang='lat' dir='ltr'><strong>ejus</strong></span> <span class='ocrx_word' id='word_1_485' title='bbox 593 4800 806 4862; x_wconf 58' lang='lat' dir='ltr'><strong>:etatetn</strong></span> <span class='ocrx_word' id='word_1_486' title='bbox 842 4790 986 4862; x_wconf 80' lang='lat' dir='ltr'><strong>intra</strong></span> <span class='ocrx_word' id='word_1_487' title='bbox 1029 4789 1182 4843; x_wconf 90' lang='lat' dir='ltr'><strong>mille</strong></span> <span class='ocrx_word' id='word_1_488' title='bbox 1202 4803 1389 4862; x_wconf 67' lang='lat' dir='ltr'><strong>annos</strong></span> <span class='ocrx_word' id='word_1_489' title='bbox 1424 4789 1792 4862; x_wconf 82' lang='lat' dir='ltr'><strong>concluserit,</strong></span> <span class='ocrx_word' id='word_1_490' title='bbox 1822 4789 2022 4862; x_wconf 74' lang='lat' dir='ltr'><strong>merito</strong></span> 
     </span>
    </p>
   </div>
   <div class='ocr_carea' id='block_1_92' title="bbox 444 4857 2023 4932">
    <p class='ocr_par' dir='ltr' id='par_1_92' title="bbox 444 4857 2023 4932">
     <span class='ocr_line' id='line_1_93' title="bbox 444 4857 2023 4932; baseline -0.005 -14"><span class='ocrx_word' id='word_1_491' title='bbox 444 4857 692 4932; x_wconf 67' lang='lat' dir='ltr'><strong>coarguit</strong></span> <span class='ocrx_word' id='word_1_492' title='bbox 749 4858 1068 4932; x_wconf 83' lang='lat' dir='ltr'><strong>Syncellus,</strong></span> <span class='ocrx_word' id='word_1_493' title='bbox 1105 4874 1156 4928; x_wconf 91' lang='lat' dir='ltr'><strong>p.</strong></span> <span class='ocrx_word' id='word_1_494' title='bbox 1195 4857 1297 4932; x_wconf 89' lang='lat' dir='ltr'><strong>I68</strong></span> <span class='ocrx_word' id='word_1_495' title='bbox 1327 4857 1416 4932; x_wconf 88' lang='lat' dir='ltr'><strong>_B,_</strong></span> <span class='ocrx_word' id='word_1_496' title='bbox 1439 4858 1525 4932; x_wconf 88' lang='lat' dir='ltr'><strong>_h_is</strong></span> <span class='ocrx_word' id='word_1_497' title='bbox 1571 4860 1756 4932; x_wconf 81' lang='lat' dir='ltr'><strong>verbis</strong></span> <span class='ocrx_word' id='word_1_498' title='bbox 1786 4876 1801 4913; x_wconf 90' lang='lat'><strong>:</strong></span> <span class='ocrx_word' id='word_1_499' title='bbox 1827 4857 1920 4932; x_wconf 88' lang='lat'><strong>_&#39;0</strong></span> <span class='ocrx_word' id='word_1_500' title='bbox 1944 4858 2023 4932; x_wconf 60' lang='lat' dir='ltr'><strong>se</strong></span> 
     </span>
    </p>
   </div>
   <div class='ocr_carea' id='block_1_93' title="bbox 446 4927 2023 5003">
    <p class='ocr_par' dir='ltr' id='par_1_93' title="bbox 446 4927 2023 5003">
     <span class='ocr_line' id='line_1_94' title="bbox 446 4927 2023 5003; baseline -0.005 -16"><span class='ocrx_word' id='word_1_501' title='bbox 446 4927 733 5003; x_wconf 77' lang='grc' dir='ltr'><strong>Κεφὰλὶων</strong></span> <span class='ocrx_word' id='word_1_502' title='bbox 761 4927 888 5003; x_wconf 61' lang='lat' dir='ltr'><strong>rei);</strong></span> <span class='ocrx_word' id='word_1_503' title='bbox 912 4927 1123 5003; x_wconf 67' lang='grc' dir='ltr'><strong>πᾴντας</strong></span> <span class='ocrx_word' id='word_1_504' title='bbox 1143 4934 1229 4996; x_wconf 80' lang='grc' dir='ltr'><strong>κγ’</strong></span> <span class='ocrx_word' id='word_1_505' title='bbox 1247 4927 1353 5003; x_wconf 65' lang='grc' dir='ltr'><strong>ἁτξὸ</strong></span> <span class='ocrx_word' id='word_1_506' title='bbox 1383 4928 1577 5003; x_wconf 61' lang='grc' dir='ltr'>Βήλου,</span> <span class='ocrx_word' id='word_1_507' title='bbox 1601 4929 1693 5003; x_wconf 63' lang='lat' dir='ltr'><strong>ita).</strong></span> <span class='ocrx_word' id='word_1_508' title='bbox 1705 4928 1805 5003; x_wconf 70' lang='grc' dir='ltr'><strong>ςτὴν</strong></span> <span class='ocrx_word' id='word_1_509' title='bbox 1825 4928 2023 5003; x_wconf 57' lang='grc' dir='ltr'><strong>Τροίας</strong></span> 
     </span>
    </p>
   </div>
   <div class='ocr_carea' id='block_1_94' title="bbox 444 4997 2023 5068">
    <p class='ocr_par' dir='ltr' id='par_1_94' title="bbox 444 4997 2023 5068">
     <span class='ocr_line' id='line_1_95' title="bbox 444 4997 2023 5068; baseline -0.006 -8"><span class='ocrx_word' id='word_1_510' title='bbox 444 4997 675 5064; x_wconf 74' lang='grc' dir='ltr'><strong>ἆλώσιν,</strong></span> <span class='ocrx_word' id='word_1_511' title='bbox 711 5000 805 5054; x_wconf 78' lang='grc' dir='ltr'><strong>καὶ</strong></span> <span class='ocrx_word' id='word_1_512' title='bbox 854 4998 991 5068; x_wconf 83' lang='grc' dir='ltr'><strong>μετὰ</strong></span> <span class='ocrx_word' id='word_1_513' title='bbox 1022 4997 1191 5052; x_wconf 79' lang='grc' dir='ltr'>ταῦτα</span> <span class='ocrx_word' id='word_1_514' title='bbox 1222 5014 1269 5061; x_wconf 84' lang='grc' dir='ltr'><strong>,α</strong></span> <span class='ocrx_word' id='word_1_515' title='bbox 1299 4997 1415 5068; x_wconf 68' lang='grc' dir='ltr'><strong>ἐτη·</strong></span> <span class='ocrx_word' id='word_1_516' title='bbox 1448 4997 1582 5068; x_wconf 79' lang='grc' dir='ltr'>ὅπερ</span> <span class='ocrx_word' id='word_1_517' title='bbox 1624 4997 1899 5052; x_wconf 58' lang='lat' dir='ltr'><strong>deamo;-</strong></span> <span class='ocrx_word' id='word_1_518' title='bbox 1936 4998 2023 5051; x_wconf 78' lang='grc' dir='ltr'><strong>ἵνα</strong></span> 
     </span>
    </p>
   </div>
   <div class='ocr_carea' id='block_1_95' title="bbox 442 5067 2022 5155">
    <p class='ocr_par' dir='ltr' id='par_1_95' title="bbox 442 5067 2022 5155">
     <span class='ocr_line' id='line_1_96' title="bbox 442 5067 2022 5155; baseline -0.006 -27"><span class='ocrx_word' id='word_1_519' title='bbox 442 5075 552 5155; x_wconf 76' lang='grc' dir='ltr'><strong>γὰρ</strong></span> <span class='ocrx_word' id='word_1_520' title='bbox 567 5070 807 5155; x_wconf 42' lang='grc' dir='ltr'><strong>,κβςὰπὸ</strong></span> <span class='ocrx_word' id='word_1_521' title='bbox 828 5067 1024 5155; x_wconf 43' lang='grc' dir='ltr'><strong>θΒήξου</strong></span> <span class='ocrx_word' id='word_1_522' title='bbox 1063 5085 1172 5155; x_wconf 37' lang='lat' dir='ltr'><strong>rei</strong></span> <span class='ocrx_word' id='word_1_523' title='bbox 1192 5067 1466 5155; x_wconf 53' lang='lat' dir='ltr'><strong>bnoldnéoc&#39;</strong></span> <span class='ocrx_word' id='word_1_524' title='bbox 1614 5068 1889 5155; x_wconf 56' lang='grc' dir='ltr'><strong>Ταύξαγρν</strong></span> <span class='ocrx_word' id='word_1_525' title='bbox 1908 5068 2022 5155; x_wconf 33' lang='grc' dir='ltr'><strong>(πρὸ</strong></span> 
     </span>
    </p>
   </div>
   <div class='ocr_carea' id='block_1_96' title="bbox 442 5136 2021 5213">
    <p class='ocr_par' dir='ltr' id='par_1_96' title="bbox 442 5136 2021 5213">
     <span class='ocr_line' id='line_1_97' title="bbox 442 5136 2021 5213; baseline -0.004 -15"><span class='ocrx_word' id='word_1_526' title='bbox 442 5136 537 5198; x_wconf 79' lang='grc' dir='ltr'><strong>’ἑοῦ</strong></span> <span class='ocrx_word' id='word_1_527' title='bbox 565 5136 793 5213; x_wconf 67' lang='grc' dir='ltr'><strong>ὲσῖχάτου</strong></span> <span class='ocrx_word' id='word_1_528' title='bbox 824 5136 1314 5213; x_wconf 62' lang='grc' dir='ltr'><strong>Σαρδαναπάλου...</strong></span> <span class='ocrx_word' id='word_1_529' title='bbox 1340 5136 1626 5213; x_wconf 48' lang='lat' dir='ltr'><strong>Ceplialion</strong></span> <span class='ocrx_word' id='word_1_530' title='bbox 1660 5156 1692 5213; x_wconf 88' lang='lat' dir='ltr'><strong>a_</strong></span> <span class='ocrx_word' id='word_1_531' title='bbox 1726 5138 1837 5213; x_wconf 72' lang='lat' dir='ltr'><strong>Beli</strong></span> <span class='ocrx_word' id='word_1_532' title='bbox 1866 5136 2021 5192; x_wconf 74' lang='lat' dir='ltr'><strong>exor—</strong></span> 
     </span>
    </p>
   </div>
   <div class='ocr_carea' id='block_1_97' title="bbox 443 5208 2022 5282">
    <p class='ocr_par' dir='ltr' id='par_1_97' title="bbox 443 5208 2022 5282">
     <span class='ocr_line' id='line_1_98' title="bbox 443 5208 2022 5282; baseline -0.003 -15"><span class='ocrx_word' id='word_1_533' title='bbox 443 5215 547 5269; x_wconf 75' lang='lat' dir='ltr'><strong>diis</strong></span> <span class='ocrx_word' id='word_1_534' title='bbox 570 5208 803 5282; x_wconf 72' lang='lat' dir='ltr'><strong>spatium</strong></span> <span class='ocrx_word' id='word_1_535' title='bbox 822 5208 971 5282; x_wconf 69' lang='lat' dir='ltr'><strong>omne</strong></span> <span class='ocrx_word' id='word_1_536' title='bbox 992 5210 1269 5282; x_wconf 63' lang='lat' dir='ltr'><strong>(etiamet),</strong></span> <span class='ocrx_word' id='word_1_537' title='bbox 1287 5213 1424 5282; x_wconf 85' lang='lat' dir='ltr'><strong>quod</strong></span> <span class='ocrx_word' id='word_1_538' title='bbox 1448 5208 1623 5278; x_wconf 72' lang='lat' dir='ltr'><strong>Troja:</strong></span> <span class='ocrx_word' id='word_1_539' title='bbox 1643 5209 1845 5282; x_wconf 79' lang='lat' dir='ltr'><strong>cladem</strong></span> <span class='ocrx_word' id='word_1_540' title='bbox 1872 5226 2022 5263; x_wconf 87' lang='lat' dir='ltr'><strong>secu-</strong></span> 
     </span>
    </p>
   </div>
   <div class='ocr_carea' id='block_1_98' title="bbox 446 5278 2021 5353">
    <p class='ocr_par' dir='ltr' id='par_1_98' title="bbox 446 5278 2021 5353">
     <span class='ocr_line' id='line_1_99' title="bbox 446 5278 2021 5353; baseline -0.002 -17"><span class='ocrx_word' id='word_1_541' title='bbox 446 5292 559 5337; x_wconf 87' lang='lat' dir='ltr'><strong>tum</strong></span> <span class='ocrx_word' id='word_1_542' title='bbox 577 5278 675 5347; x_wconf 75' lang='lat' dir='ltr'><strong>est,</strong></span> <span class='ocrx_word' id='word_1_543' title='bbox 696 5279 923 5353; x_wconf 82' lang='lat' dir='ltr'><strong>incluso)</strong></span> <span class='ocrx_word' id='word_1_544' title='bbox 943 5281 1095 5353; x_wconf 77' lang='lat' dir='ltr'><strong>armis</strong></span> <span class='ocrx_word' id='word_1_545' title='bbox 1124 5278 1266 5332; x_wconf 84' lang='lat' dir='ltr'><strong>mille</strong></span> <span class='ocrx_word' id='word_1_546' title='bbox 1297 5281 1580 5353; x_wconf 61' lang='lat' dir='ltr'><strong>duntaxat,</strong></span> <span class='ocrx_word' id='word_1_547' title='bbox 1604 5279 1741 5353; x_wconf 76' lang='lat' dir='ltr'><strong>quod</strong></span> <span class='ocrx_word' id='word_1_548' title='bbox 1762 5297 1793 5332; x_wconf 92' lang='lat' dir='ltr'><strong>a</strong></span> <span class='ocrx_word' id='word_1_549' title='bbox 1818 5282 2021 5353; x_wconf 62' lang='lat' dir='ltr'><strong>ratione</strong></span> 
     </span>
    </p>
   </div>
   <div class='ocr_carea' id='block_1_99' title="bbox 444 5349 2013 5419">
    <p class='ocr_par' dir='ltr' id='par_1_99' title="bbox 444 5349 2013 5419">
     <span class='ocr_line' id='line_1_100' title="bbox 444 5349 2013 5419; baseline -0.003 -12"><span class='ocrx_word' id='word_1_550' title='bbox 444 5354 678 5408; x_wconf 85' lang='lat' dir='ltr'><strong>alienum</strong></span> <span class='ocrx_word' id='word_1_551' title='bbox 702 5358 802 5413; x_wconf 84' lang='lat' dir='ltr'><strong>est,</strong></span> <span class='ocrx_word' id='word_1_552' title='bbox 840 5349 934 5401; x_wconf 82' lang='lat' dir='ltr'><strong>sub</strong></span> <span class='ocrx_word' id='word_1_553' title='bbox 959 5349 1165 5419; x_wconf 81' lang='lat' dir='ltr'><strong>regibus</strong></span> <span class='ocrx_word' id='word_1_554' title='bbox 1202 5349 1407 5402; x_wconf 75' lang='lat' dir='ltr'><strong>tantum</strong></span> <span class='ocrx_word' id='word_1_555' title='bbox 1437 5365 1572 5404; x_wconf 79' lang='lat' dir='ltr'><strong>xxttt</strong></span> <span class='ocrx_word' id='word_1_556' title='bbox 1602 5349 1835 5406; x_wconf 76' lang='lat' dir='ltr'><strong>metitur.</strong></span> <span class='ocrx_word' id='word_1_557' title='bbox 1872 5351 2013 5404; x_wconf 83' lang='lat' dir='ltr'><strong>Tau-</strong></span> 
     </span>
    </p>
   </div>
   <div class='ocr_carea' id='block_1_100' title="bbox 448 5418 2019 5491">
    <p class='ocr_par' dir='ltr' id='par_1_100' title="bbox 448 5418 2019 5491">
     <span class='ocr_line' id='line_1_101' title="bbox 448 5418 2019 5491; baseline -0.004 -14"><span class='ocrx_word' id='word_1_558' title='bbox 448 5433 629 5477; x_wconf 78' lang='lat' dir='ltr'><strong>tanum</strong></span> <span class='ocrx_word' id='word_1_559' title='bbox 659 5419 843 5491; x_wconf 78' lang='lat' dir='ltr'><strong>quippe</strong></span> <span class='ocrx_word' id='word_1_560' title='bbox 873 5418 1442 5491; x_wconf 6' lang='lat' dir='ltr'><strong>regem‘secundumjet</strong></span> <span class='ocrx_word' id='word_1_561' title='bbox 1482 5421 1781 5490; x_wconf 74' lang='lat' dir='ltr'><strong>vigesimum</strong></span> <span class='ocrx_word' id='word_1_562' title='bbox 1823 5437 1855 5472; x_wconf 92' lang='lat' dir='ltr'><strong>a</strong></span> <span class='ocrx_word' id='word_1_563' title='bbox 1895 5420 2019 5473; x_wconf 84' lang='lat' dir='ltr'><strong>Belo</strong></span> 
     </span>
    </p>
   </div>
   <div class='ocr_carea' id='block_1_101' title="bbox 446 5488 2019 5560">
    <p class='ocr_par' dir='ltr' id='par_1_101' title="bbox 446 5488 2019 5560">
     <span class='ocr_line' id='line_1_102' title="bbox 446 5488 2019 5560; baseline -0.003 -13"><span class='ocrx_word' id='word_1_564' title='bbox 446 5488 819 5547; x_wconf 75' lang='lat' dir='ltr'><strong>numeraturus</strong></span> <span class='ocrx_word' id='word_1_565' title='bbox 840 5528 854 5551; x_wconf 89' lang='lat'><strong>,</strong></span> <span class='ocrx_word' id='word_1_566' title='bbox 885 5488 1005 5560; x_wconf 77' lang='lat' dir='ltr'><strong>aute</strong></span> <span class='ocrx_word' id='word_1_567' title='bbox 1032 5488 1461 5560; x_wconf 75' lang='lat' dir='ltr'><strong>Sardanapalum</strong></span> <span class='ocrx_word' id='word_1_568' title='bbox 1490 5488 1724 5560; x_wconf 73' lang='lat' dir='ltr'><strong>Assyriis</strong></span> <span class='ocrx_word' id='word_1_569' title='bbox 1756 5500 2019 5559; x_wconf 80' lang='lat' dir='ltr'><strong>postremo</strong></span> 
     </span>
    </p>
   </div>
   <div class='ocr_carea' id='block_1_102' title="bbox 449 5558 1490 5631">
    <p class='ocr_par' dir='ltr' id='par_1_102' title="bbox 449 5558 1490 5631">
     <span class='ocr_line' id='line_1_103' title="bbox 449 5558 1490 5631; baseline -0.005 -14"><span class='ocrx_word' id='word_1_570' title='bbox 449 5565 578 5631; x_wconf 82' lang='lat' dir='ltr'><strong>Ioco_</strong></span> <span class='ocrx_word' id='word_1_571' title='bbox 592 5563 934 5628; x_wconf 80' lang='lat' dir='ltr'><strong>imperantem</strong></span> <span class='ocrx_word' id='word_1_572' title='bbox 962 5558 1240 5614; x_wconf 85' lang='lat' dir='ltr'><strong>locandum</strong></span> <span class='ocrx_word' id='word_1_573' title='bbox 1267 5558 1490 5631; x_wconf 82' lang='lat' dir='ltr'><strong>putavit.</strong></span> 
     </span>
    </p>
   </div>
   <div class='ocr_carea' id='block_1_103' title="bbox 521 5623 2019 5702">
    <p class='ocr_par' dir='ltr' id='par_1_103' title="bbox 521 5623 2019 5702">
     <span class='ocr_line' id='line_1_104' title="bbox 521 5623 2019 5702; baseline -0.003 -14"><span class='ocrx_word' id='word_1_574' title='bbox 521 5623 599 5702; x_wconf 74' lang='grc' dir='ltr'>(ι)</span> <span class='ocrx_word' id='word_1_575' title='bbox 623 5623 813 5700; x_wconf 72' lang='lat' dir='ltr'><strong>operte</strong></span> <span class='ocrx_word' id='word_1_576' title='bbox 847 5631 1079 5700; x_wconf 89' lang='lat' dir='ltr'><strong>pretium</strong></span> <span class='ocrx_word' id='word_1_577' title='bbox 1125 5632 1231 5702; x_wconf 87' lang='lat' dir='ltr'><strong>erit</strong></span> <span class='ocrx_word' id='word_1_578' title='bbox 1267 5623 1527 5686; x_wconf 64' lang='lat' dir='ltr'><strong>&#39;eouferre</strong></span> <span class='ocrx_word' id='word_1_579' title='bbox 1551 5628 1903 5702; x_wconf 80' lang='lat' dir='ltr'><strong>Assyriorum</strong></span> <span class='ocrx_word' id='word_1_580' title='bbox 1922 5644 2019 5702; x_wconf 88' lang='lat' dir='ltr'><strong>re-</strong></span> 
     </span>
    </p>
   </div>
   <div class='ocr_carea' id='block_1_104' title="bbox 449 5700 2020 5775">
    <p class='ocr_par' dir='ltr' id='par_1_104' title="bbox 449 5700 2020 5775">
     <span class='ocr_line' id='line_1_105' title="bbox 449 5700 2020 5775; baseline -0.003 -18"><span class='ocrx_word' id='word_1_581' title='bbox 449 5700 587 5775; x_wconf 80' lang='lat' dir='ltr'><strong>gum</strong></span> <span class='ocrx_word' id='word_1_582' title='bbox 608 5716 730 5772; x_wconf 77' lang='lat' dir='ltr'><strong>qua:</strong></span> <span class='ocrx_word' id='word_1_583' title='bbox 753 5710 1053 5775; x_wconf 78' lang='lat' dir='ltr'><strong>sequuntur</strong></span> <span class='ocrx_word' id='word_1_584' title='bbox 1083 5701 1300 5775; x_wconf 76' lang='lat' dir='ltr'><strong>nomina</strong></span> <span class='ocrx_word' id='word_1_585' title='bbox 1323 5709 1375 5755; x_wconf 87' lang='lat' dir='ltr'><strong>et</strong></span> <span class='ocrx_word' id='word_1_586' title='bbox 1403 5700 1844 5775; x_wconf 59' lang='lat' dir='ltr'><strong>numerumeum</strong></span> <span class='ocrx_word' id='word_1_587' title='bbox 1874 5700 2020 5755; x_wconf 78' lang='lat' dir='ltr'><strong>Clio-</strong></span> 
     </span>
    </p>
   </div>
   <div class='ocr_carea' id='block_1_105' title="bbox 450 5771 2017 5842">
    <p class='ocr_par' dir='ltr' id='par_1_105' title="bbox 450 5771 2017 5842">
     <span class='ocr_line' id='line_1_106' title="bbox 450 5771 2017 5842; baseline -0.003 -15"><span class='ocrx_word' id='word_1_588' title='bbox 450 5771 701 5829; x_wconf 69' lang='lat' dir='ltr'><strong>ienensis</strong></span> <span class='ocrx_word' id='word_1_589' title='bbox 728 5771 911 5826; x_wconf 87' lang='lat' dir='ltr'><strong>tabula</strong></span> <span class='ocrx_word' id='word_1_590' title='bbox 939 5772 1074 5827; x_wconf 88' lang='lat' dir='ltr'><strong>satis</strong></span> <span class='ocrx_word' id='word_1_591' title='bbox 1112 5771 1458 5842; x_wconf 87' lang='lat' dir='ltr'><strong>discrepante</strong></span> <span class='ocrx_word' id='word_1_592' title='bbox 1484 5772 1796 5842; x_wconf 87' lang='lat' dir='ltr'><strong>eorumdem</strong></span> <span class='ocrx_word' id='word_1_593' title='bbox 1826 5785 2017 5842; x_wconf 78' lang='lat' dir='ltr'><strong>regum</strong></span> 
     </span>
    </p>
   </div>
   <div class='ocr_carea' id='block_1_106' title="bbox 455 5840 2018 5922">
    <p class='ocr_par' dir='ltr' id='par_1_106' title="bbox 455 5840 2018 5922">
     <span class='ocr_line' id='line_1_107' title="bbox 455 5840 2018 5922; baseline -0.002 -24"><span class='ocrx_word' id='word_1_594' title='bbox 455 5844 596 5922; x_wconf 76' lang='lat' dir='ltr'><strong>Hist.</strong></span> <span class='ocrx_word' id='word_1_595' title='bbox 629 5860 670 5912; x_wconf 83' lang='grc' dir='ltr'><strong>ι,</strong></span> <span class='ocrx_word' id='word_1_596' title='bbox 701 5842 787 5911; x_wconf 86' lang='lat' dir='ltr'><strong>I8,</strong></span> <span class='ocrx_word' id='word_1_597' title='bbox 819 5843 911 5915; x_wconf 91' lang='lat' dir='ltr'><strong>qui</strong></span> <span class='ocrx_word' id='word_1_598' title='bbox 941 5858 1096 5915; x_wconf 81' lang='lat' dir='ltr'><strong>reges</strong></span> <span class='ocrx_word' id='word_1_599' title='bbox 1123 5840 1333 5897; x_wconf 81' lang='lat' dir='ltr'><strong>tantum</strong></span> <span class='ocrx_word' id='word_1_600' title='bbox 1381 5860 1509 5899; x_wconf 79' lang='lat' dir='ltr'><strong>xxix</strong></span> <span class='ocrx_word' id='word_1_601' title='bbox 1540 5848 1662 5914; x_wconf 86' lang='lat' dir='ltr'><strong>post</strong></span> <span class='ocrx_word' id='word_1_602' title='bbox 1692 5840 2018 5897; x_wconf 82' lang='lat' dir='ltr'><strong>Semiramin</strong></span> 
     </span>
    </p>
   </div>
   <div class='ocr_carea' id='block_1_107' title="bbox 2117 4296 3699 4369">
    <p class='ocr_par' dir='ltr' id='par_1_107' title="bbox 2117 4296 3699 4369">
     <span class='ocr_line' id='line_1_108' title="bbox 2117 4296 3699 4369; baseline 0.003 -17"><span class='ocrx_word' id='word_1_603' title='bbox 2117 4296 2375 4369; x_wconf 80' lang='lat' dir='ltr'><strong>ponitin</strong></span> <span class='ocrx_word' id='word_1_604' title='bbox 2404 4296 2643 4369; x_wconf 72' lang='lat' dir='ltr'><strong>editione</strong></span> <span class='ocrx_word' id='word_1_605' title='bbox 2675 4296 2763 4369; x_wconf 89' lang='lat' dir='ltr'><strong>(at</strong></span> <span class='ocrx_word' id='word_1_606' title='bbox 2812 4297 3163 4369; x_wconf 68' lang='lat' dir='ltr'><strong>ms.xXxu),</strong></span> <span class='ocrx_word' id='word_1_607' title='bbox 3205 4298 3279 4354; x_wconf 90' lang='lat' dir='ltr'><strong>ita</strong></span> <span class='ocrx_word' id='word_1_608' title='bbox 3319 4307 3505 4357; x_wconf 86' lang='lat' dir='ltr'><strong>tamen</strong></span> <span class='ocrx_word' id='word_1_609' title='bbox 3550 4309 3614 4357; x_wconf 85' lang='lat' dir='ltr'><strong>ut</strong></span> <span class='ocrx_word' id='word_1_610' title='bbox 3646 4309 3699 4359; x_wconf 85' lang='lat' dir='ltr'><strong>et</strong></span> 
     </span>
    </p>
   </div>
   <div class='ocr_carea' id='block_1_108' title="bbox 2117 4367 3061 4439">
    <p class='ocr_par' dir='ltr' id='par_1_108' title="bbox 2117 4367 3061 4439">
     <span class='ocr_line' id='line_1_109' title="bbox 2117 4367 3061 4439; baseline -0.001 -17"><span class='ocrx_word' id='word_1_611' title='bbox 2117 4367 2245 4439; x_wconf 2' lang='lat' dir='ltr'><strong>ipse)</strong></span> <span class='ocrx_word' id='word_1_612' title='bbox 2265 4367 2481 4439; x_wconf 76' lang='lat' dir='ltr'><strong>desinat</strong></span> <span class='ocrx_word' id='word_1_613' title='bbox 2506 4369 2561 4421; x_wconf 90' lang='lat' dir='ltr'><strong>in</strong></span> <span class='ocrx_word' id='word_1_614' title='bbox 2587 4367 3061 4437; x_wconf 88' lang='lat' dir='ltr'><strong>Sardanapallum.</strong></span> 
     </span>
    </p>
   </div>
   <div class='ocr_carea' id='block_1_109' title="bbox 2192 4436 3099 4506">
    <p class='ocr_par' dir='ltr' id='par_1_109' title="bbox 2192 4436 3099 4506">
     <span class='ocr_line' id='line_1_110' title="bbox 2192 4436 3099 4506; baseline -0.003 -15"><span class='ocrx_word' id='word_1_615' title='bbox 2192 4437 2271 4506; x_wconf 84' lang='lat'><strong>(5)</strong></span> <span class='ocrx_word' id='word_1_616' title='bbox 2302 4436 2537 4492; x_wconf 77' lang='lat' dir='ltr'><strong>Clioren.</strong></span> <span class='ocrx_word' id='word_1_617' title='bbox 2569 4453 2673 4492; x_wconf 89' lang='lat' dir='ltr'><strong>ms.</strong></span> <span class='ocrx_word' id='word_1_618' title='bbox 2706 4436 3099 4493; x_wconf 80' lang='lat' dir='ltr'><strong>Armamithris.</strong></span> 
     </span>
    </p>
   </div>
   <div class='ocr_carea' id='block_1_110' title="bbox 2190 4507 3435 4579">
    <p class='ocr_par' dir='ltr' id='par_1_110' title="bbox 2190 4507 3435 4579">
     <span class='ocr_line' id='line_1_111' title="bbox 2190 4507 3435 4579; baseline 0.005 -19"><span class='ocrx_word' id='word_1_619' title='bbox 2190 4508 2264 4579; x_wconf 81' lang='lat'><strong>(6)</strong></span> <span class='ocrx_word' id='word_1_620' title='bbox 2298 4507 2436 4579; x_wconf 62' lang='lat' dir='ltr'><strong>Lege</strong></span> <span class='ocrx_word' id='word_1_621' title='bbox 2462 4514 2606 4579; x_wconf 61' lang='grc' dir='ltr'><strong>ιιι.ιι·,Δ</strong></span> <span class='ocrx_word' id='word_1_622' title='bbox 2627 4515 2685 4561; x_wconf 80' lang='grc' dir='ltr'><strong>ιιι</strong></span> <span class='ocrx_word' id='word_1_623' title='bbox 2715 4507 2879 4579; x_wconf 80' lang='lat' dir='ltr'><strong>liabet</strong></span> <span class='ocrx_word' id='word_1_624' title='bbox 2916 4509 3133 4579; x_wconf 88' lang='lat' dir='ltr'><strong>Samuel</strong></span> <span class='ocrx_word' id='word_1_625' title='bbox 3160 4509 3435 4568; x_wconf 89' lang='lat' dir='ltr'><strong>Aniensis.</strong></span> 
     </span>
    </p>
   </div>
   <div class='ocr_carea' id='block_1_111' title="bbox 2201 4575 3698 4703">
    <p class='ocr_par' dir='ltr' id='par_1_111' title="bbox 2201 4575 3698 4703">
     <span class='ocr_line' id='line_1_112' title="bbox 2201 4575 3698 4703; baseline -0.001 -73"><span class='ocrx_word' id='word_1_626' title='bbox 2201 4575 2282 4703; x_wconf 59' lang='grc' dir='ltr'>(τέ</span> <span class='ocrx_word' id='word_1_627' title='bbox 2310 4575 2646 4658; x_wconf 62' lang='grc' dir='ltr'><strong>1ηέαηιιιᾱο</strong></span> <span class='ocrx_word' id='word_1_628' title='bbox 2688 4578 2826 4632; x_wconf 81' lang='lat' dir='ltr'><strong>libro</strong></span> <span class='ocrx_word' id='word_1_629' title='bbox 2860 4578 3110 4645; x_wconf 85' lang='lat' dir='ltr'><strong>Altadas,</strong></span> <span class='ocrx_word' id='word_1_630' title='bbox 3153 4581 3232 4635; x_wconf 89' lang='lat' dir='ltr'><strong>uti</strong></span> <span class='ocrx_word' id='word_1_631' title='bbox 3265 4582 3433 4637; x_wconf 91' lang='lat' dir='ltr'><strong>etiam</strong></span> <span class='ocrx_word' id='word_1_632' title='bbox 3470 4584 3561 4643; x_wconf 86' lang='lat' dir='ltr'><strong>hic</strong></span> <span class='ocrx_word' id='word_1_633' title='bbox 3597 4586 3698 4643; x_wconf 73' lang='lat' dir='ltr'><strong>hs-</strong></span> 
     </span>
     <span class='ocr_line' id='line_1_113' title="bbox 2201 4649 2628 4703; baseline 0.002 -1"><span class='ocrx_word' id='word_1_634' title='bbox 2201 4657 2213 4702; x_wconf 77' lang='grc' dir='ltr'><strong>ι</strong></span> <span class='ocrx_word' id='word_1_635' title='bbox 2290 4649 2628 4703; x_wconf 74' lang='grc' dir='ltr'><strong>Ιιοιειιθιιειε.</strong></span> 
     </span>
    </p>
   </div>
   <div class='ocr_carea' id='block_1_112' title="bbox 2122 4647 3042 4786">
    <p class='ocr_par' dir='ltr' id='par_1_112' title="bbox 2122 4647 3042 4786">
     <span class='ocr_line' id='line_1_114' title="bbox 2122 4647 2628 4704; baseline 0 0"><span class='ocrx_word' id='word_1_636' title='bbox 2122 4647 2213 4704; x_wconf 86' lang='lat' dir='ltr'><strong>bet</strong></span> <span class='ocrx_word' id='word_1_637' title='bbox 2241 4647 2628 4704; x_wconf 78' lang='lat' dir='ltr'><strong>Cliorenensis.</strong></span> 
     </span>
     <span class='ocr_line' id='line_1_115' title="bbox 2197 4714 3042 4786; baseline 0.002 -15"><span class='ocrx_word' id='word_1_638' title='bbox 2197 4717 2271 4786; x_wconf 92' lang='lat'><strong>(8)</strong></span> <span class='ocrx_word' id='word_1_639' title='bbox 2301 4716 2539 4771; x_wconf 87' lang='lat' dir='ltr'><strong>Choren.</strong></span> <span class='ocrx_word' id='word_1_640' title='bbox 2572 4732 2710 4786; x_wconf 72' lang='lat' dir='ltr'><strong>ms.,</strong></span> <span class='ocrx_word' id='word_1_641' title='bbox 2734 4714 3042 4773; x_wconf 83' lang='lat' dir='ltr'><strong>Aschaleus.</strong></span> 
     </span>
    </p>
   </div>
   <div class='ocr_carea' id='block_1_113' title="bbox 2307 4646 2628 4704">
    <p class='ocr_par' dir='ltr' id='par_1_113' title="bbox 2307 4646 2628 4704">
     <span class='ocr_line' id='line_1_116' title="bbox 2307 4646 2628 4704; baseline 0.012 -4"><span class='ocrx_word' id='word_1_642' title='bbox 2307 4646 2628 4704; x_wconf 78' lang='lat' dir='ltr'><strong>iorenensis.</strong></span> 
     </span>
    </p>
   </div>
   <div class='ocr_carea' id='block_1_114' title="bbox 2194 4785 3707 4853">
    <p class='ocr_par' dir='ltr' id='par_1_114' title="bbox 2194 4785 3707 4853">
     <span class='ocr_line' id='line_1_117' title="bbox 2194 4785 3707 4853; baseline 0.001 -11"><span class='ocrx_word' id='word_1_643' title='bbox 2194 4785 2271 4853; x_wconf 83' lang='lat'><strong>(9)</strong></span> <span class='ocrx_word' id='word_1_644' title='bbox 2306 4786 2364 4841; x_wconf 91' lang='lat' dir='ltr'><strong>In</strong></span> <span class='ocrx_word' id='word_1_645' title='bbox 2399 4787 2642 4843; x_wconf 90' lang='lat' dir='ltr'><strong>secundo</strong></span> <span class='ocrx_word' id='word_1_646' title='bbox 2687 4785 2904 4843; x_wconf 90' lang='lat' dir='ltr'><strong>Eusebii</strong></span> <span class='ocrx_word' id='word_1_647' title='bbox 2932 4786 3072 4840; x_wconf 89' lang='lat' dir='ltr'><strong>libro</strong></span> <span class='ocrx_word' id='word_1_648' title='bbox 3101 4787 3271 4843; x_wconf 90' lang='lat' dir='ltr'><strong>multa</strong></span> <span class='ocrx_word' id='word_1_649' title='bbox 3290 4801 3564 4843; x_wconf 87' lang='lat' dir='ltr'><strong>annorum</strong></span> <span class='ocrx_word' id='word_1_650' title='bbox 3590 4788 3707 4845; x_wconf 86' lang='lat' dir='ltr'><strong>dis-</strong></span> 
     </span>
    </p>
   </div>
   <div class='ocr_carea' id='block_1_115' title="bbox 2126 4854 3069 4925">
    <p class='ocr_par' dir='ltr' id='par_1_115' title="bbox 2126 4854 3069 4925">
     <span class='ocr_line' id='line_1_118' title="bbox 2126 4854 3069 4925; baseline 0.001 -14"><span class='ocrx_word' id='word_1_651' title='bbox 2126 4854 2399 4924; x_wconf 88' lang='lat' dir='ltr'><strong>crepantia</strong></span> <span class='ocrx_word' id='word_1_652' title='bbox 2455 4863 2539 4910; x_wconf 83' lang='lat' dir='ltr'><strong>est</strong></span> <span class='ocrx_word' id='word_1_653' title='bbox 2572 4859 2640 4912; x_wconf 88' lang='lat' dir='ltr'><strong>ab</strong></span> <span class='ocrx_word' id='word_1_654' title='bbox 2670 4857 2774 4913; x_wconf 87' lang='lat' dir='ltr'><strong>hoc</strong></span> <span class='ocrx_word' id='word_1_655' title='bbox 2803 4857 3069 4925; x_wconf 82' lang='lat' dir='ltr'><strong>catalogo.</strong></span> 
     </span>
    </p>
   </div>
   <div class='ocr_carea' id='block_1_116' title="bbox 2197 4926 3702 4999">
    <p class='ocr_par' dir='ltr' id='par_1_116' title="bbox 2197 4926 3702 4999">
     <span class='ocr_line' id='line_1_119' title="bbox 2197 4926 3702 4999; baseline 0.004 -20"><span class='ocrx_word' id='word_1_656' title='bbox 2197 4929 2309 4998; x_wconf 81' lang='lat' dir='ltr'><strong>(Ill)</strong></span> <span class='ocrx_word' id='word_1_657' title='bbox 2352 4926 2516 4981; x_wconf 76' lang='lat' dir='ltr'><strong>Recte</strong></span> <span class='ocrx_word' id='word_1_658' title='bbox 2545 4929 2857 4999; x_wconf 79' lang='lat' dir='ltr'><strong>SuSpieatur</strong></span> <span class='ocrx_word' id='word_1_659' title='bbox 2877 4928 2949 4999; x_wconf 89' lang='lat' dir='ltr'><strong>cl.</strong></span> <span class='ocrx_word' id='word_1_660' title='bbox 2974 4926 3258 4999; x_wconf 78' lang='lat' dir='ltr'><strong>Aucberus</strong></span> <span class='ocrx_word' id='word_1_661' title='bbox 3283 4926 3500 4982; x_wconf 82' lang='lat' dir='ltr'><strong>Tratres</strong></span> <span class='ocrx_word' id='word_1_662' title='bbox 3530 4928 3702 4985; x_wconf 83' lang='lat' dir='ltr'><strong>videri</strong></span> 
     </span>
    </p>
   </div>
   <div class='ocr_carea' id='block_1_117' title="bbox 2123 4997 3701 5071">
    <p class='ocr_par' dir='ltr' id='par_1_117' title="bbox 2123 4997 3701 5071">
     <span class='ocr_line' id='line_1_120' title="bbox 2123 4997 3701 5071; baseline 0.003 -20"><span class='ocrx_word' id='word_1_663' title='bbox 2123 4997 2440 5071; x_wconf 74' lang='lat' dir='ltr'><strong>corruptum</strong></span> <span class='ocrx_word' id='word_1_664' title='bbox 2469 5013 2534 5071; x_wconf 79' lang='lat' dir='ltr'><strong>ex</strong></span> <span class='ocrx_word' id='word_1_665' title='bbox 2566 4997 2756 5071; x_wconf 66' lang='lat' dir='ltr'><strong>Graeco</strong></span> <span class='ocrx_word' id='word_1_666' title='bbox 2785 4997 3051 5071; x_wconf 65' lang='grc' dir='ltr'><strong>θυγάειηρ.</strong></span> <span class='ocrx_word' id='word_1_667' title='bbox 3082 4997 3205 5052; x_wconf 66' lang='lat' dir='ltr'><strong>llaec</strong></span> <span class='ocrx_word' id='word_1_668' title='bbox 3233 4999 3379 5052; x_wconf 87' lang='lat' dir='ltr'><strong>enim</strong></span> <span class='ocrx_word' id='word_1_669' title='bbox 3409 4999 3465 5052; x_wconf 90' lang='lat' dir='ltr'><strong>in</strong></span> <span class='ocrx_word' id='word_1_670' title='bbox 3499 5014 3701 5055; x_wconf 59' lang='lat' dir='ltr'><strong>secuno</strong></span> 
     </span>
    </p>
   </div>
   <div class='ocr_carea' id='block_1_118' title="bbox 2123 5068 3212 5125">
    <p class='ocr_par' dir='ltr' id='par_1_118' title="bbox 2123 5068 3212 5125">
     <span class='ocr_line' id='line_1_121' title="bbox 2123 5068 3212 5125; baseline -0.001 -3"><span class='ocrx_word' id='word_1_671' title='bbox 2123 5068 2195 5122; x_wconf 90' lang='lat' dir='ltr'><strong>do</strong></span> <span class='ocrx_word' id='word_1_672' title='bbox 2221 5068 2361 5125; x_wconf 82' lang='lat' dir='ltr'><strong>libro</strong></span> <span class='ocrx_word' id='word_1_673' title='bbox 2384 5068 2587 5122; x_wconf 80' lang='lat' dir='ltr'><strong>dicitur</strong></span> <span class='ocrx_word' id='word_1_674' title='bbox 2611 5069 2852 5122; x_wconf 83' lang='lat' dir='ltr'><strong>Badossa</strong></span> <span class='ocrx_word' id='word_1_675' title='bbox 2886 5069 2968 5121; x_wconf 82' lang='lat' dir='ltr'><strong>vel</strong></span> <span class='ocrx_word' id='word_1_676' title='bbox 2995 5071 3212 5121; x_wconf 79' lang='lat' dir='ltr'><strong>Atossa.</strong></span> 
     </span>
    </p>
   </div>
   <div class='ocr_carea' id='block_1_119' title="bbox 2197 5135 3705 5209">
    <p class='ocr_par' dir='ltr' id='par_1_119' title="bbox 2197 5135 3705 5209">
     <span class='ocr_line' id='line_1_122' title="bbox 2197 5135 3705 5209; baseline 0.004 -19"><span class='ocrx_word' id='word_1_677' title='bbox 2197 5138 2306 5209; x_wconf 85' lang='lat' dir='ltr'><strong>(II)</strong></span> <span class='ocrx_word' id='word_1_678' title='bbox 2346 5138 2528 5193; x_wconf 89' lang='lat' dir='ltr'><strong>Codex</strong></span> <span class='ocrx_word' id='word_1_679' title='bbox 2564 5139 2651 5192; x_wconf 85' lang='lat' dir='ltr'><strong>hic</strong></span> <span class='ocrx_word' id='word_1_680' title='bbox 2685 5136 3092 5209; x_wconf 85' lang='lat' dir='ltr'><strong>Sumares._Sed</strong></span> <span class='ocrx_word' id='word_1_681' title='bbox 3121 5135 3340 5191; x_wconf 83' lang='lat' dir='ltr'><strong>Sosares</strong></span> <span class='ocrx_word' id='word_1_682' title='bbox 3371 5137 3427 5191; x_wconf 89' lang='lat' dir='ltr'><strong>in</strong></span> <span class='ocrx_word' id='word_1_683' title='bbox 3458 5137 3705 5196; x_wconf 73' lang='lat' dir='ltr'><strong>secunda</strong></span> 
     </span>
    </p>
   </div>
   <div class='ocr_carea' id='block_1_120' title="bbox 2124 5207 3310 5279">
    <p class='ocr_par' dir='ltr' id='par_1_120' title="bbox 2124 5207 3310 5279">
     <span class='ocr_line' id='line_1_123' title="bbox 2124 5207 3310 5279; baseline -0.001 -17"><span class='ocrx_word' id='word_1_684' title='bbox 2124 5207 2295 5271; x_wconf 74' lang='lat' dir='ltr'><strong>libro,</strong></span> <span class='ocrx_word' id='word_1_685' title='bbox 2319 5216 2373 5263; x_wconf 85' lang='lat' dir='ltr'><strong>et</strong></span> <span class='ocrx_word' id='word_1_686' title='bbox 2397 5214 2448 5263; x_wconf 89' lang='lat' dir='ltr'><strong>iu</strong></span> <span class='ocrx_word' id='word_1_687' title='bbox 2475 5210 2725 5279; x_wconf 88' lang='lat' dir='ltr'><strong>Syueello</strong></span> <span class='ocrx_word' id='word_1_688' title='bbox 2759 5216 2922 5276; x_wconf 81' lang='lat' dir='ltr'><strong>atque</strong></span> <span class='ocrx_word' id='word_1_689' title='bbox 2949 5207 3310 5262; x_wconf 86' lang='lat' dir='ltr'><strong>Cboreuensi.</strong></span> 
     </span>
    </p>
   </div>
   <div class='ocr_carea' id='block_1_121' title="bbox 2194 5279 2697 5474">
    <p class='ocr_par' dir='ltr' id='par_1_121' title="bbox 2194 5279 2697 5474">
     <span class='ocr_line' id='line_1_124' title="bbox 2194 5279 2697 5474; baseline 0 -143"><span class='ocrx_word' id='word_1_690' title='bbox 2194 5279 2306 5474; x_wconf 46' lang='lat' dir='ltr'><strong>(I2;</strong></span> <span class='ocrx_word' id='word_1_691' title='bbox 2351 5280 2570 5333; x_wconf 79' lang='lat' dir='ltr'><strong>Samuel</strong></span> <span class='ocrx_word' id='word_1_692' title='bbox 2607 5295 2697 5332; x_wconf 76' lang='lat' dir='ltr'><strong>xx.</strong></span> 
     </span>
     <span class='ocr_line' id='line_1_125' title="bbox 2194 5348 2697 5415; baseline -0.004 -12"><span class='ocrx_word' id='word_1_693' title='bbox 2194 5351 2285 5415; x_wconf 75' lang='grc'>(15</span> <span class='ocrx_word' id='word_1_694' title='bbox 2351 5348 2569 5403; x_wconf 86' lang='lat' dir='ltr'><strong>Samuel</strong></span> <span class='ocrx_word' id='word_1_695' title='bbox 2612 5363 2697 5401; x_wconf 74' lang='lat' dir='ltr'><strong>xm</strong></span> 
     </span>
     <span class='ocr_line' id='line_1_126' title="bbox 2194 5419 2691 5474; baseline 0 -1"><span class='ocrx_word' id='word_1_696' title='bbox 2194 5420 2279 5474; x_wconf 81' lang='grc'><strong>[14</strong></span> <span class='ocrx_word' id='word_1_697' title='bbox 2340 5420 2519 5474; x_wconf 85' lang='lat' dir='ltr'><strong>Codex</strong></span> <span class='ocrx_word' id='word_1_698' title='bbox 2541 5419 2691 5473; x_wconf 82' lang='lat' dir='ltr'><strong>Arm.</strong></span> 
     </span>
    </p>
   </div>
   <div class='ocr_carea' id='block_1_122' title="bbox 2193 5348 2734 5415">
    <p class='ocr_par' dir='ltr' id='par_1_122' title="bbox 2193 5348 2734 5415">
     <span class='ocr_line' id='line_1_127' title="bbox 2193 5348 2734 5415; baseline -0.002 -13"><span class='ocrx_word' id='word_1_699' title='bbox 2193 5348 2306 5415; x_wconf 76' lang='grc'>(15)</span> <span class='ocrx_word' id='word_1_700' title='bbox 2351 5348 2569 5403; x_wconf 86' lang='lat' dir='ltr'><strong>Samuel</strong></span> <span class='ocrx_word' id='word_1_701' title='bbox 2612 5363 2734 5402; x_wconf 66' lang='lat' dir='ltr'><strong>xxv.</strong></span> 
     </span>
    </p>
   </div>
   <div class='ocr_carea' id='block_1_123' title="bbox 2214 5417 3063 5489">
    <p class='ocr_par' dir='ltr' id='par_1_123' title="bbox 2214 5417 3063 5489">
     <span class='ocr_line' id='line_1_128' title="bbox 2214 5417 3063 5489; baseline 0.001 -17"><span class='ocrx_word' id='word_1_702' title='bbox 2214 5417 2300 5489; x_wconf 72' lang='grc'><strong>14)</strong></span> <span class='ocrx_word' id='word_1_703' title='bbox 2340 5420 2519 5474; x_wconf 85' lang='lat' dir='ltr'><strong>Codex</strong></span> <span class='ocrx_word' id='word_1_704' title='bbox 2541 5419 2691 5489; x_wconf 82' lang='lat' dir='ltr'><strong>Arm.</strong></span> <span class='ocrx_word' id='word_1_705' title='bbox 2729 5417 3063 5489; x_wconf 82' lang='lat' dir='ltr'><strong>Argivorum.</strong></span> 
     </span>
    </p>
   </div>
   <div class='ocr_carea' id='block_1_124' title="bbox 2190 5420 3709 5561">
    <p class='ocr_par' dir='ltr' id='par_1_124' title="bbox 2190 5420 3709 5561">
     <span class='ocr_line' id='line_1_129' title="bbox 2214 5420 3063 5487; baseline 0.001 -15"><span class='ocrx_word' id='word_1_706' title='bbox 2214 5420 2300 5474; x_wconf 72' lang='grc'><strong>14)</strong></span> <span class='ocrx_word' id='word_1_707' title='bbox 2340 5420 2519 5474; x_wconf 85' lang='lat' dir='ltr'><strong>Codex</strong></span> <span class='ocrx_word' id='word_1_708' title='bbox 2541 5420 2691 5473; x_wconf 82' lang='lat' dir='ltr'><strong>Arm.</strong></span> <span class='ocrx_word' id='word_1_709' title='bbox 2729 5420 3063 5487; x_wconf 84' lang='lat' dir='ltr'><strong>Argivorum.</strong></span> 
     </span>
     <span class='ocr_line' id='line_1_130' title="bbox 2190 5420 3709 5561; baseline 0.001 -18"><span class='ocrx_word' id='word_1_710' title='bbox 2190 5420 2304 5561; x_wconf 55' lang='grc'>(15)</span> <span class='ocrx_word' id='word_1_711' title='bbox 2338 5490 2518 5545; x_wconf 83' lang='lat' dir='ltr'><strong>Codex</strong></span> <span class='ocrx_word' id='word_1_712' title='bbox 2539 5489 2625 5542; x_wconf 86' lang='lat' dir='ltr'><strong>hic</strong></span> <span class='ocrx_word' id='word_1_713' title='bbox 2646 5488 2900 5561; x_wconf 79' lang='lat' dir='ltr'><strong>Derusus,</strong></span> <span class='ocrx_word' id='word_1_714' title='bbox 2927 5488 3022 5542; x_wconf 85' lang='lat' dir='ltr'><strong>sed</strong></span> <span class='ocrx_word' id='word_1_715' title='bbox 3040 5487 3361 5543; x_wconf 79' lang='lat' dir='ltr'><strong>emendatur</strong></span> <span class='ocrx_word' id='word_1_716' title='bbox 3386 5489 3441 5544; x_wconf 86' lang='lat' dir='ltr'><strong>in</strong></span> <span class='ocrx_word' id='word_1_717' title='bbox 3460 5488 3709 5546; x_wconf 88' lang='lat' dir='ltr'><strong>secundo</strong></span> 
     </span>
    </p>
   </div>
   <div class='ocr_carea' id='block_1_125' title="bbox 2120 5559 2801 5615">
    <p class='ocr_par' dir='ltr' id='par_1_125' title="bbox 2120 5559 2801 5615">
     <span class='ocr_line' id='line_1_131' title="bbox 2120 5559 2801 5615; baseline -0.003 -2"><span class='ocrx_word' id='word_1_718' title='bbox 2120 5559 2258 5615; x_wconf 86' lang='lat' dir='ltr'><strong>libro</strong></span> <span class='ocrx_word' id='word_1_719' title='bbox 2286 5559 2341 5615; x_wconf 87' lang='lat' dir='ltr'><strong>et</strong></span> <span class='ocrx_word' id='word_1_720' title='bbox 2370 5563 2424 5615; x_wconf 91' lang='lat' dir='ltr'><strong>in</strong></span> <span class='ocrx_word' id='word_1_721' title='bbox 2449 5559 2801 5613; x_wconf 78' lang='lat' dir='ltr'><strong>Cborenensi.</strong></span> 
     </span>
    </p>
   </div>
   <div class='ocr_carea' id='block_1_126' title="bbox 2218 5626 3017 5698">
    <p class='ocr_par' dir='ltr' id='par_1_126' title="bbox 2218 5626 3017 5698">
     <span class='ocr_line' id='line_1_132' title="bbox 2218 5626 3017 5698; baseline -0.004 -14"><span class='ocrx_word' id='word_1_722' title='bbox 2218 5632 2301 5698; x_wconf 89' lang='lat' dir='ltr'><strong>I6)</strong></span> <span class='ocrx_word' id='word_1_723' title='bbox 2329 5631 2513 5686; x_wconf 87' lang='lat' dir='ltr'><strong>Codex</strong></span> <span class='ocrx_word' id='word_1_724' title='bbox 2539 5630 2688 5681; x_wconf 87' lang='lat' dir='ltr'><strong>Arm.</strong></span> <span class='ocrx_word' id='word_1_725' title='bbox 2715 5626 3017 5697; x_wconf 84' lang='lat' dir='ltr'><strong>Lacoriges.</strong></span> 
     </span>
    </p>
   </div>
   <div class='ocr_carea' id='block_1_127' title="bbox 2189 5633 3749 5770">
    <p class='ocr_par' dir='ltr' id='par_1_127' title="bbox 2189 5633 3749 5770">
     <span class='ocr_line' id='line_1_133' title="bbox 2218 5633 3017 5698; baseline -0.004 -14"><span class='ocrx_word' id='word_1_726' title='bbox 2218 5633 2301 5698; x_wconf 89' lang='lat' dir='ltr'><strong>I6)</strong></span> <span class='ocrx_word' id='word_1_727' title='bbox 2329 5633 2513 5686; x_wconf 88' lang='lat' dir='ltr'><strong>Codex</strong></span> <span class='ocrx_word' id='word_1_728' title='bbox 2539 5633 2688 5681; x_wconf 79' lang='lat' dir='ltr'><strong>Arni.</strong></span> <span class='ocrx_word' id='word_1_729' title='bbox 2715 5633 3017 5697; x_wconf 84' lang='lat' dir='ltr'><strong>Lacoriges.</strong></span> 
     </span>
     <span class='ocr_line' id='line_1_134' title="bbox 2189 5633 3749 5770; baseline 0.003 -15"><span class='ocrx_word' id='word_1_730' title='bbox 2189 5633 2302 5769; x_wconf 66' lang='grc'>(17)</span> <span class='ocrx_word' id='word_1_731' title='bbox 2344 5702 2419 5756; x_wconf 88' lang='lat' dir='ltr'><strong>Ita</strong></span> <span class='ocrx_word' id='word_1_732' title='bbox 2447 5712 2673 5770; x_wconf 83' lang='lat' dir='ltr'><strong>prorsus</strong></span> <span class='ocrx_word' id='word_1_733' title='bbox 2695 5698 3226 5770; x_wconf 81' lang='lat' dir='ltr'><strong>apudAugustinum</strong></span> <span class='ocrx_word' id='word_1_734' title='bbox 3253 5698 3324 5754; x_wconf 84' lang='lat' dir='ltr'><strong>De</strong></span> <span class='ocrx_word' id='word_1_735' title='bbox 3344 5703 3441 5756; x_wconf 84' lang='lat' dir='ltr'><strong>civ.</strong></span> <span class='ocrx_word' id='word_1_736' title='bbox 3476 5700 3601 5764; x_wconf 78' lang='lat' dir='ltr'><strong>Dei,</strong></span> <span class='ocrx_word' id='word_1_737' title='bbox 3634 5715 3707 5759; x_wconf 78' lang='lat' dir='ltr'><strong>tv.</strong></span> <span class='ocrx_word' id='word_1_738' title='bbox 3740 5700 3749 5715; x_wconf 75' lang='grc'><em>⁴</em></span> 
     </span>
    </p>
   </div>
   <div class='ocr_carea' id='block_1_128' title="bbox 2119 5767 3747 5841">
    <p class='ocr_par' dir='ltr' id='par_1_128' title="bbox 2119 5767 3747 5841">
     <span class='ocr_line' id='line_1_135' title="bbox 2119 5767 3747 5841; baseline -0.001 -15"><span class='ocrx_word' id='word_1_739' title='bbox 2119 5769 2152 5825; x_wconf 84' lang='grc'>6</span> <span class='ocrx_word' id='word_1_740' title='bbox 2181 5767 2202 5826; x_wconf 61' lang='grc' dir='ltr'><em>ξ</em></span> <span class='ocrx_word' id='word_1_741' title='bbox 2228 5772 2378 5826; x_wconf 81' lang='lat' dir='ltr'><strong>Sicut</strong></span> <span class='ocrx_word' id='word_1_742' title='bbox 2424 5767 2656 5841; x_wconf 63' lang='lat' dir='ltr'><strong>scribunt</strong></span> <span class='ocrx_word' id='word_1_743' title='bbox 2682 5770 2770 5836; x_wconf 88' lang='lat' dir='ltr'><strong>qui</strong></span> <span class='ocrx_word' id='word_1_744' title='bbox 2802 5767 3103 5841; x_wconf 66' lang='lat' dir='ltr'><strong>cltronioam</strong></span> <span class='ocrx_word' id='word_1_745' title='bbox 3122 5769 3416 5841; x_wconf 10' lang='lat' dir='ltr'><strong>iliistoriam</strong></span> <span class='ocrx_word' id='word_1_746' title='bbox 3443 5772 3709 5841; x_wconf 74' lang='lat' dir='ltr'><strong>persecuti</strong></span> <span class='ocrx_word' id='word_1_747' title='bbox 3746 5786 3747 5789; x_wconf 79' lang='lat'>‘</span> 
     </span>
    </p>
   </div>
   <div class='ocr_carea' id='block_1_129' title="bbox 2120 5837 3745 5913">
    <p class='ocr_par' dir='ltr' id='par_1_129' title="bbox 2120 5837 3745 5913">
     <span class='ocr_line' id='line_1_136' title="bbox 2120 5837 3745 5913; baseline 0.001 -18"><span class='ocrx_word' id='word_1_748' title='bbox 2120 5852 2263 5908; x_wconf 85' lang='lat' dir='ltr'><strong>sunt,</strong></span> <span class='ocrx_word' id='word_1_749' title='bbox 2316 5840 2458 5894; x_wconf 79' lang='lat' dir='ltr'><strong>mille</strong></span> <span class='ocrx_word' id='word_1_750' title='bbox 2499 5840 2745 5893; x_wconf 81' lang='lat' dir='ltr'><strong>ducentos</strong></span> <span class='ocrx_word' id='word_1_751' title='bbox 2775 5847 2825 5892; x_wconf 82' lang='lat' dir='ltr'><strong>et</strong></span> <span class='ocrx_word' id='word_1_752' title='bbox 2870 5837 3224 5909; x_wconf 68' lang='lat' dir='ltr'><strong>quadraginta</strong></span> <span class='ocrx_word' id='word_1_753' title='bbox 3262 5837 3531 5896; x_wconf 58' lang='lat' dir='ltr'><strong>annosa!)</strong></span> <span class='ocrx_word' id='word_1_754' title='bbox 3568 5859 3745 5913; x_wconf 42' lang='lat' dir='ltr'><strong>anno;</strong></span> 
     </span>
    </p>
   </div>
  </div>
