3812 6318
190 292 275 348 N3

1403 293 1906 352 CHRONICORUM
1947 295 2073 350 LIB.
2110 297 2150 352 1.

3349 300 3454 358 M3

183 413 386 471 nomine
423 410 642 468 Ninum
697 415 1029 486 appellatam
1062 413 1240 473 aiunt.
1294 429 1416 486 quae
1454 425 1570 468 erat
1596 413 1769 484 prima
1798 420 1844 474 Α
1873 413 2037 477 visse,
2065 429 2226 484 quam
2253 413 2492 472 hominis
2524 421 2608 470 est
2642 433 2655 469 :
2683 414 2828 486 quod
2857 431 3082 486 prorsus
3104 415 3172 472 de
3199 417 3455 477 universa

183 504 518 576 Assyriorum
562 505 710 562 urbs
739 505 912 578 regia,
947 520 1175 578 quaeque
1201 505 1468 562 Assurum
1497 512 1777 560 auctorem

188 599 437 670 agnoscit.
471 596 614 653 Erat
646 606 838 654 autem
862 600 948 654 hic
977 599 1044 654 de
1074 598 1200 654 [iliis
1233 597 1402 664 Semi,
1434 614 1464 654 a
1503 615 1613 670 quo
1634 599 1779 655 dixi-

186 707 292 748 mus
313 699 624 761 occupatas
653 706 856 747 omnes
884 692 1070 762 plagas
1096 690 1354 748 Orientis.
1373 690 1493 746 Nati
1515 707 1578 746 ex
1614 691 1776 748 Semo

187 784 414 839 feruntur
443 783 524 855 (1)
555 784 733 839 etiam
767 784 990 842 Elamus
1019 794 1074 842 et
1126 787 1367 843 Assurus
1393 794 1447 842 et
1484 785 1773 856 Arphaxa-

189 877 268 932 des
292 885 343 932 et
366 877 612 933 Aramus
641 885 700 932 et
730 877 941 933 Ludus.
966 878 1034 933 At
1056 895 1122 934 ex
1145 879 1336 934 Elamo
1355 878 1461 936 orti
1496 885 1626 934 sunt
1648 877 1774 931 Ela-

189 970 331 1037 mite,
375 985 512 1041 gens
541 971 732 1040 prima
790 970 1080 1027 Persarum
1113 971 1190 1041 (2)
1223 989 1238 1028 :
1297 972 1365 1025 ab
1401 970 1488 1026 his
1517 969 1765 1041 Elymais

189 1061 302 1117 urbs
332 1062 710 1118 condebatur.
754 1061 968 1119 Assuro
1025 1063 1237 1135 Assyrii
1289 1064 1549 1135 progeniti
1599 1073 1769 1118 sunt:

188 1153 548 1222 condebatque
580 1153 841 1210 Assurus
868 1155 1058 1210 urbem
1086 1154 1310 1221 Ninum,
1346 1171 1470 1226 qum
1501 1171 1625 1210 mox
1673 1155 1768 1212 Ni-

187 1241 293 1296 nive
324 1242 471 1296 dicta
507 1252 621 1298 est.
655 1243 740 1298 Ex
772 1244 1098 1316 Arphaxade
1143 1248 1530 1317 Arphaxadaei,
1587 1250 1679 1320 qui
1712 1256 1767 1305 et

185 1332 397 1390 Chaldaei
434 1336 672 1390 vocitati
741 1347 874 1392 sunt
952 1339 1050 1409 (5).
1113 1337 1195 1394 Ex
1249 1339 1454 1396 Aramo
1507 1341 1762 1408 Aramaei,

184 1424 359 1492 quibus
415 1433 503 1480 est
541 1441 755 1480 nomen
796 1427 961 1482 etiam
1013 1425 1158 1500 Syri.
1193 1427 1270 1485 Ex
1325 1429 1482 1486 Ludo
1528 1432 1765 1503 denique

182 1513 293 1585 Lydi
325 1515 423 1580 (4).
464 1515 828 1585 Arphaxadis
855 1525 1034 1574 autem
1073 1519 1218 1576 ﬁlius
1277 1519 1378 1576 fuit
1408 1520 1564 1588 Sala;
1599 1523 1762 1593 hujus

179 1603 423 1669 licberus,
453 1621 485 1659 a
523 1623 642 1676 quo
673 1605 1032 1665 Hebrzcorum
1059 1629 1256 1669 nomen
1301 1622 1356 1670 et
1385 1631 1520 1687 gens
1558 1632 1758 1688 propa-

174 1701 403 1767 gabatur.
439 1699 668 1755 Hebero
726 1705 998 1760 successit
1032 1717 1188 1762 sexto
1241 1709 1362 1764 loco
1408 1709 1756 1768 Abrahamus

1878 506 2162 562 hominum
2189 508 2360 578 stirpe
2388 507 2761 580 designavisse
2785 508 3125 579 exploratum
3150 519 3235 567 est
3259 512 3358 584 (’6).

1949 595 2002 651 5.
2042 594 2148 651 Sed
2179 597 2324 652 enim
2360 606 2549 653 nostra
2576 599 2690 653 haec
2717 598 3072 670 cbronologia
3105 602 3309 656 nullam
3331 602 3452 672 ejus

1875 687 2148 744 incolatus
2171 689 2437 745 rationem
2468 690 2726 747 habebit:
2758 706 2935 762 neque
2988 691 3224 747 ordietur
3253 709 3284 748 a
3311 696 3452 752 caelo

1875 789 2132 852 terraque
2152 781 2410 849 conditis,
2442 785 2520 839 uti
2546 785 2792 841 nonnulli
2821 785 2921 840 sibi
2948 786 3247 857 faciendum
3272 789 3452 844 existi-

1872 883 2189 941 maverunt;
2225 874 2321 930 sed
2349 877 2418 931 ab
2471 892 2536 932 eo
2564 883 2808 946 tempore
2853 893 2962 948 quo
3005 891 3202 933 natura
3257 889 3449 935 nostra

1872 965 2041 1036 coepit
2084 981 2228 1032 esse,
2293 969 2374 1022 uti
2429 984 2577 1022 nunc
2610 985 2671 1024 se
2727 969 2906 1035 habet,
2964 972 3249 1038 mortalis;
3284 979 3451 1042 atque

1869 1057 2141 1127 ejusmodi
2174 1059 2298 1114 vitae
2321 1059 2561 1116 conditio
2594 1073 2626 1114 a
2669 1061 2850 1131 prisco
2885 1062 2978 1116 illo
3029 1070 3255 1132 parente
3285 1063 3446 1119 nobis

1868 1147 2061 1203 oborta
2087 1156 2172 1204 est
2210 1167 2223 1203 :
2250 1149 2365 1215 illo,
2397 1151 2644 1220 inquam,
2669 1151 2759 1220 qui
2782 1152 3038 1221 paradiso
3073 1153 3296 1220 excidit,
3327 1152 3444 1207 dul-

1866 1241 2026 1312 cique
2045 1257 2109 1297 ac
2136 1241 2379 1298 feliciore
2406 1244 2516 1298 vita
2534 1244 2793 1314 depulsus
2810 1253 2913 1312 est,
2933 1253 2987 1300 et
3015 1249 3236 1302 nomine
3260 1247 3440 1302 dictus

1864 1335 2126 1390 Adamus.
2175 1333 2351 1406 Hujus
2379 1351 2480 1408 ego
2505 1351 2700 1402 annos,
2729 1339 2928 1408 quibus
2983 1338 3200 1394 fatalem
3231 1349 3438 1395 morta-

1865 1427 2081 1499 lemque
2107 1426 2274 1482 vitam
2298 1428 2589 1492 conclusit,
2609 1445 2675 1485 ex
2709 1429 2995 1486 Hebraicis
3020 1431 3305 1484 codicibus
3323 1430 3442 1484 col-

1863 1518 2049 1591 ligam,
2078 1517 2438 1588 sequentique
2498 1535 2750 1577 sermone
2779 1523 3042 1577 recitabo.
3081 1521 3136 1576 ld
3184 1522 3441 1578 videlicet

1862 1611 2146 1667 Hebraicae
2171 1611 2539 1684 chronologiae
2566 1623 2728 1684 caput
2751 1621 2855 1679 est,
2872 1614 3014 1670 unde
3034 1614 3198 1670 etiam
3234 1614 3440 1672 Mosai-

1861 1720 1960 1761 cus
1991 1704 2130 1761 liber
2164 1705 2268 1760 hoc
2295 1711 2454 1776 pacto
2487 1705 2824 1775 auspicatur.

173 1789 391 1845 Judaica:
413 1792 602 1862 gentis
662 1794 1004 1884 patriarcha,
1047 1798 1258 1854 decima
1316 1811 1441 1872 post
1490 1801 1752 1858 diluvium
1789 1778 1832 1834 Β
1929 1796 1984 1852 6.
2019 1815 2037 1848 ι
2076 1801 2118 1819 “
2147 1796 2213 1851 Et
2259 1797 2441 1852 emisit
2472 1812 2617 1861 eum,
2669 1797 2866 1868 inqnil.
2928 1798 3136 1854 εοῖιίοει
3194 1799 3434 1870 primum

173 1887 530 1954 generatione.
580 1885 713 1940 Haec
757 1887 1046 1947 hactenus.
1083 1893 1295 1964 Quippe
1346 1896 1516 1950 multa
1563 1897 1755 1967 paucis

171 1975 388 2031 diximus
409 1979 477 2032 ad
500 1979 999 2036 demonstrandam
1032 1981 1381 2039 Hebraeorum
1440 2001 1564 2041 cum
1591 1985 1756 2042 Chal-

171 2071 291 2126 daeis
324 2080 375 2128 et
405 2072 657 2146 Assyriis
706 2076 1046 2132 aﬂinitatem.
1101 2075 1258 2133 Nunc
1305 2093 1486 2149 opera:
1516 2083 1752 2151 pretium

168 2172 264 2226 est,
332 2181 390 2220 re
433 2169 602 2236 paulo
651 2169 827 2226 altius
882 2171 1132 2241 repetita,
1192 2171 1524 2242 principium
1573 2172 1753 2229 facere

167 2258 520 2330 cbronologize
542 2261 933 2319 Hebraeorum.

226 2349 278 2405 3.
310 2350 425 2406 Jam
461 2353 632 2423 hujus
688 2356 858 2411 initio
886 2355 1071 2411 statim
1102 2370 1166 2410 ea
1198 2365 1388 2412 narrat
1422 2356 1595 2413 Moses
1628 2375 1750 2429 qua:

167 2444 526 2514 primigeniam
588 2457 850 2503 nostram
895 2449 1223 2505 creationem
1281 2458 1530 2520 spectant
1573 2469 1586 2505 :
1625 2462 1748 2521 post

167 2533 446 2590 bonitatem
499 2546 688 2594 autem
749 2539 1044 2606 amissam,
1095 2541 1326 2611 primam
1380 2541 1744 2596 humanarum

165 2627 403 2699 stirpium
453 2631 661 2686 evolvit
727 2632 1043 2698 historiam,
1095 2649 1328 2704 quarum
1370 2634 1742 2705 patriarcham

165 2721 403 2791 praedicat
437 2724 737 2788 Adamum,
768 2725 865 2796 qui
894 2725 1111 2795 quidem
1145 2727 1329 2795 generi
1359 2727 1616 2782 universo
1649 2727 1746 2782 ho-

165 2828 434 2886 monymus
459 2825 545 2872 cst
584 2831 878 2886 :namque
928 2816 1099 2871 Adam
1147 2818 1201 2872 in
1258 2816 1610 2873 Hebraeorum
1662 2819 1743 2874 lo-

163 2909 301 2973 quela
328 2917 562 2965 cunctos
593 2909 856 2966 homines
887 2909 1183 2966 universim
1214 2910 1505 2980 signiﬁcat.
1539 2911 1740 2966 Alvum

162 2998 330 3067 igitur,
367 3017 476 3070 quo
523 3001 617 3056 hic
676 3001 942 3074 paradiso
977 3002 1168 3071 pulsus
1215 3003 1382 3058 vitam
1429 3004 1737 3073 protelavit,

161 3087 365 3145 divinus
396 3107 493 3161 per
532 3090 746 3148 Mosem
781 3090 1025 3161 Spiritus
1066 3092 1320 3148 edisserit
1363 3112 1375 3147 :
1423 3103 1539 3147 tum
1588 3103 1738 3149 recta
1766 3124 1808 3180 ρ

157 3184 280 3238 serie
347 3195 700 3254 posterorum
750 3185 876 3254 ejus
942 3185 1351 3240 successionem
1413 3193 1734 3251 enumerat,

157 3271 382 3344 itemque
411 3284 663 3346 tempora
706 3291 814 3346 pro
857 3274 1200 3345 singulorum
1229 3274 1482 3330 aetatibus
1519 3293 1532 3331 :
1580 3291 1739 3346 pror-

155 3380 235 3419 sus
267 3375 330 3420 ut
361 3367 474 3436 jam
536 3367 668 3422 inde
697 3367 771 3420 ab
799 3366 1010 3422 Adamo
1060 3374 1355 3422 contexere
1389 3366 1548 3423 nobis
1577 3367 1738 3422 liceat

152 3467 295 3530 atque
321 3461 588 3516 ordinare
609 3459 969 3516 Hebraeorum
992 3459 1423 3532 chronologiam.

206 3551 257 3606 4.
285 3551 428 3605 Nam
461 3560 714 3623 tempora
745 3557 786 3617 ',
820 3553 1022 3622 quibus
1067 3552 1373 3607 habitatum
1405 3559 1489 3608 est
1512 3551 1566 3606 in
1613 3551 1728 3617 illo,

147 3643 226 3711 qui
273 3642 372 3700 Dei
424 3644 610 3702 dictus
636 3651 748 3708 est,
785 3643 1064 3715 paradiso,
1115 3661 1274 3700 nemo
1317 3653 1402 3700 est
1440 3644 1533 3714 qui
1576 3643 1730 3698 eliari

148 3745 309 3807 queat.
337 3738 462 3794 [mo
492 3739 628 3794 mihi
659 3739 882 3794 videtur
909 3739 1174 3795 mirabilis
1227 3739 1317 3794 ille
1351 3737 1551 3801 Moses,
1588 3737 1723 3792 divi-

145 3841 205 3882 no
231 3825 446 3899 Spiritu
472 3844 632 3892 usus,
662 3828 859 3883 nescio
890 3827 1036 3897 quod
1067 3826 1434 3882 diversorium
1473 3825 1606 3880 orbe
1629 3839 1730 3880 no-

145 3925 242 3974 stro
267 3920 499 3984 melius,
531 3928 588 3976 et
638 3920 1023 3976 beatissimum
1065 3920 1298 3989 aliquem
1359 3917 1468 3972 Deo
1517 3917 1728 3971 dilectae

141 4013 248 4066 vita:
275 4014 586 4068 incolatum
623 4013 883 4075 innuere,
909 4027 1030 4066 cum
1063 4012 1270 4082 primas
1303 4009 1529 4064 humani
1559 4023 1724 4079 gene-

141 4103 206 4159 ris
231 4105 390 4162 sedes
417 4106 752 4176 paradisum
789 4104 1026 4174 appellat
1058 4104 1176 4176 (5):
1214 4117 1408 4172 nempe
1451 4101 1724 4156 Adamum

138 4191 184 4248 in
207 4199 473 4266 paradiso
506 4197 834 4255 suaviorem
877 4194 1289 4266 dulcioremque
1329 4194 1497 4249 vitam
1554 4192 1726 4264 agita-

1859 1889 2157 1956 hominem,
2193 1889 2460 1948 Dominus
2491 1889 2636 1947 Deus
2663 1907 2693 1946 e
2723 1889 2978 1960 paradiso
2997 1892 3337 1957 deliciarum,
3373 1898 3435 1948 ut

1857 1988 2060 2036 terram
2115 1982 2388 2038 excoleret
2429 1982 2496 2038 de
2552 1997 2657 2052 qua
2695 1993 2944 2052 sumptus
3002 1989 3139 2038 erat.
3191 1983 3254 2037 Et
3274 1983 3436 2053 ejecit

1855 2074 2148 2140 Adamum,
2181 2091 2417 2146 eumque
2469 2091 2501 2132 e
2542 2076 2762 2146 regione
2817 2075 3057 2146 paradisi
3115 2074 3434 2131 deliciarum

1853 2168 2162 2224 collocavit.
2205 2187 2224 2220 ι
2261 2166 2400 2222 Tum
2431 2167 2672 2222 addit
2717 2186 2730 2222 :
2794 2186 2812 2220 ι
2873 2166 3157 2240 Ingressus
3191 2167 3434 2224 Adamus

1853 2259 1921 2315 ad
1953 2261 2120 2315 Evam
2145 2276 2370 2316 uxorem
2398 2276 2554 2316 suam
2591 2268 2696 2325 est,
2730 2276 2850 2330 qua:
2898 2262 3150 2332 concepit
3195 2262 3427 2332 peperit-

1850 2368 1958 2422 que
2009 2351 2262 2407 Cainum.
2337 2371 2356 2406 ι
2413 2353 2590 2423 Atque
2632 2353 2759 2407 hinc
2803 2353 3028 2409 omnino
3069 2360 3260 2409 nostra
3316 2354 3431 2409 haec

1850 2443 2209 2514 chronologia
2256 2444 2541 2499 exordium
2587 2444 2768 2514 capiat
2821 2461 2836 2498 :
2899 2443 3199 2514 superioris
3245 2452 3429 2500 autem

1851 2538 2130 2605 temporis,
2163 2536 2210 2591 si
2240 2552 2347 2606 qua
2377 2545 2482 2602 est,
2519 2536 2773 2601 historia,
2804 2551 2866 2592 ea
2907 2551 3133 2608 prorsus
3157 2546 3217 2592 ut
3241 2537 3431 2592 inell‘a-

1847 2627 1976 2683 bilis
2009 2643 2037 2681 a
2063 2628 2300 2698 posteris
2323 2627 2662 2698 temporibus
2689 2627 2933 2695 sejuncla
2978 2629 3265 2684 habeatur.
3314 2627 3428 2699 Age

1846 2731 1978 2770 vero
2016 2716 2119 2786 ipsi
2152 2714 2365 2771 Hebraei
2424 2717 2481 2771 in
2513 2717 2630 2773 suis
2676 2718 3016 2788 temporibus
3061 2721 3426 2790 supputandis

1845 2808 2003 2864 valde
2035 2807 2305 2863 dissident
2329 2808 2475 2864 inter
2507 2825 2564 2865 se
2603 2828 2615 2862 :
2651 2825 2822 2881 quare
2853 2826 3034 2880 opera:
3071 2813 3308 2882 pretium
3338 2818 3424 2867 est

1843 2907 2091 2955 textuum
2131 2900 2276 2971 apud
2307 2901 2457 2971 ipsos
2481 2904 2811 2958 exstantium
2841 2903 3091 2958 notitiam
3117 2903 3338 2967 habere,
3365 2913 3425 2958 ut

1843 3006 1909 3046 ex
1959 2991 2208 3046 instituta
2274 2993 2377 3048 rite
2423 2993 2834 3064 comparatione
2876 2994 3077 3051 veritas
3128 2995 3419 3050 elucescat.

1843 3082 2016 3141 Porro
2047 3085 2269 3140 Mosaici
2300 3085 2541 3155 quinque
2569 3084 2697 3140 libri
2728 3085 2879 3142 orbis
2911 3085 3207 3156 opiﬁcium,
3235 3095 3421 3144 aetates

1844 3185 1958 3231 tum
1985 3178 2282 3232 viventium
2309 3185 2436 3232 ante
2465 3176 2732 3232 diluvium
2759 3189 2870 3232 tum
2905 3179 3211 3248 priscorum
3236 3179 3420 3234 homi-

1841 3287 1970 3325 num
1998 3277 2120 3340 post
2153 3269 2310 3335 illud,
2346 3285 2448 3325 nec
2482 3286 2590 3326 non
2633 3269 2928 3325 Hebraicas
2971 3272 3320 3342 propagines,
3367 3281 3422 3328 et

1840 3356 2077 3426 denique
2101 3356 2267 3413 Mosis
2299 3374 2364 3413 ex
2406 3357 2508 3412 hac
2533 3357 2643 3412 vita
2667 3373 2955 3414 excessum
2990 3361 3240 3417 recitant.

1912 3447 1962 3502 7.
2007 3446 2111 3502 Sed
2136 3447 2281 3502 enim
2311 3447 2468 3519 Legis
2498 3447 2916 3520 Volumenapud
2944 3448 3256 3506 Iudaeorum
3291 3465 3420 3506 suc-

1838 3554 2088 3596 cessores
2123 3540 2283 3596 aliter
2332 3557 2390 3596 se
2423 3541 2612 3609 habet,
2656 3550 2819 3614 atque
2866 3543 3010 3614 apud
3040 3541 3416 3602 Samaritanos

1835 3635 1929 3704 qui
1982 3633 2200 3689 fuerunt
2255 3633 2568 3690 Iudaeorum
2619 3637 2895 3708 proselyti.
2952 3637 3094 3704 Quin
3122 3637 3256 3692 adeo
3284 3639 3416 3710 ipsa:

1835 3727 2028 3781 littera:
2054 3727 2161 3780 alia
2186 3725 2359 3782 forma
2392 3727 2630 3797 praedita:
2659 3737 2787 3785 sunt
2825 3729 2968 3800 apud
3004 3728 3283 3796 Hebraeos,
3308 3732 3414 3786 alia

1835 3819 1980 3888 apud
2019 3816 2397 3875 Samaritanos
2434 3839 2447 3874 :
2491 3821 2642 3892 atqui
2669 3819 3044 3879 Samaritanas
3068 3823 3332 3894 genuinas
3359 3831 3413 3880 et

1834 3911 2187 3982 primigenios
2217 3911 2496 3967 habendas
2535 3928 2689 3977 esse,
2741 3930 2810 3970 ne
2837 3911 3148 3970 Judaeorum
3193 3915 3412 3986 quidem

1831 4002 2078 4058 haeredes
2106 4003 2312 4060 inﬁtias
2340 4004 2620 4059 ibunt
2655 4004 2821 4076 Igitur
2841 4015 2968 4060 ante
2998 4013 3238 4064 mutatas
3265 4007 3415 4062 litte~

1828 4111 1920 4151 ras
1968 4095 2177 4150 nullum
2223 4098 2367 4152 inter
2393 4112 2488 4153 eos
2519 4097 2810 4153 discidium
2845 4097 2966 4152 fuit.
3018 4096 3232 4156 Rursus
3265 4100 3412 4171 quod

1828 4188 2023 4244 attinet
2045 4187 2115 4242 ad
2143 4186 2549 4260 chronologiam
2579 4187 2902 4246 manifestus
2930 4196 3016 4246 est
3042 4189 3279 4260 partium
3301 4187 3416 4244 dis-

192 4398 251 4483 i')
293 4401 413 4473 Τὴν
461 4399 562 4472 μὲν
596 4400 903 4483 ποσότητας
916 4397 1007 4451 τοῦ
1030 4396 1352 4483 χρῂιουητῆς
1377 4397 1435 4483 εγ
1465 4393 1542 4466 τῷ
1578 4396 1892 4483 τξαραδείσῳ
1939 4396 2216 4465 διαγωγῆς
2259 4393 2368 4447 τῶν
2397 4392 2837 4465 πρωτοπλάστων
2882 4392 3191 4464 ἀτράνωτον
3221 4393 3352 4464 ἡμῖν
3385 4393 3415 4446 ὁ

134 4463 645 4543 θεὸτὲτηξΜὼῦσῆς
677 4463 1181 4524 καταλέλοιπεξἘω
1212 4463 1483 4538 Syricello,
1503 4463 1552 4533 ᾖ.
1585 4465 1619 4518 4
1651 4463 1716 4522 Β.

210 4562 264 4628 ’⁸)
305 4566 424 4618 Καὶ
468 4561 867 4628 ἐξαπέστειλεν
909 4562 1068 4615 αὐτὸν
1092 4563 1296 4632 Κύριος
1337 4561 1366 4611 ὁ
1417 4557 1551 4620 Θεὸς
1580 4559 1644 4610 ὲκ
1702 4561 1794 4615 τοῦ
1846 4561 2174 4633 παραδείσου
2219 4558 2318 4628 τῆς
2348 4556 2578 4638 τρυφῆς,
2615 4555 2939 4680 ὲὲγάζεσθαι
2972 4554 3070 4626 τὴν
3113 4555 3218 4637 γῇ
3263 4554 3324 4621 ἐξ
3345 4550 3413 4639 ἧς

129 4563 335 4702 ῥιξφθη.
403 4637 523 4688 Καὶ
582 4632 818 4698 ἐξέϐαλε
878 4631 964 4684 τὸν
1027 4633 1233 4702 Ἀδὰμ,
1285 4632 1380 4686 καὶ
1440 4626 1745 4697 κατῴκισεν
1795 4633 1958 4686 αὐτὸν
2008 4629 2269 4684 ἀπέναντι
2328 4646 2422 4682 του
2484 4644 2635 4700 παρα
2668 4628 2814 4681 είσου
2868 4643 2968 4698 της
3028 4643 3261 4698 τρυφης.
3325 4625 3413 4680 Ea:

153 4649 335 4681 Αηὶΰυτὶ-
405 4649 523 4681 Καὶ
582 4649 818 4681 εεεοαλε
878 4649 964 4681 τον
1034 4649 1233 4681 ’Λοαυη
1285 4649 1380 4681 και
1440 4649 1745 4681 κατωκισεν
1795 4649 1958 4681 αυτον
2008 4649 2269 4681 απεναντι
2328 4649 2422 4681 του
2484 4649 2694 4681 παοαοε

212 4626 335 4705 siin.
403 4626 523 4688 Καϊ
582 4632 818 4698 ἐξέϐαλε
878 4631 964 4684 τὸν
1027 4626 1233 4704 Ἀδὰμ,
1285 4632 1380 4686 καὶ
1440 4626 1745 4697 κατῴκισεν
1795 4626 1958 4686 αὐτὸν
2008 4626 2283 4684 ἀπέναντι
2328 4626 2422 4682 τοῦ
2471 4626 2635 4700 παρα

130 4697 235 4755 ϐαι.
263 4697 346 4770 ni,
372 4705 582 4772 23,24.

2723 4643 2814 4681 σου
2868 4627 2968 4698 τῆς
3028 4625 3261 4698 τρυφῆς.
3325 4625 3413 4680 Ea;

183 4798 283 4870 ("')
335 4801 526 4871 Ἀδὰμ
551 4799 609 4851 δὲ
639 4797 790 4866 ἔγνω
820 4795 964 4850 Εὕαν
990 4797 1089 4870 τὴν
1117 4803 1348 4868 γυναῖκα
1376 4801 1561 4855 αὐτοῦ·
1591 4802 1686 4855 καὶ
1719 4797 1977 4854 συνέλαϐε
2005 4798 2098 4850 καὶ
2122 4796 2274 4850 ἔτεκε
2311 4795 2402 4850 τὸν
2436 4794 2690 4851 ΚάῖνΈίε
2715 4793 2985 4859 Gen.tv,l.

340 4891 704 4968 Δψφωῖοὖσι
737 4891 810 4968 τᾲ
845 4891 1604 4968 Ἐὁίραῖκὰ-ἔῖτίγραφαῗπρὸς
1619 4897 1680 4950 τὸ
1711 4893 2061 4968 ξαμα-ρειτέῦν
2089 4892 2439 4968 ἀρχαιότατον
2455 4891 2566 4968 Δκαὶ
2590 4895 2701 4957 τοῖς
2719 4891 3060 4965 χαρακτῆρσι
3079 4889 3410 4957 διαλλάττον,

126 4959 148 5012 δ
174 4965 256 5018 καὶ
277 4959 492 5038 ἀληθὲξ
517 4960 667 5018 εἶναι
703 4964 802 5016 καὶ
831 4959 1044 5034 πρῶτον
1103 4959 1340 5036 Ἑϐραῖοι
1368 4959 1747 5039 καθομολογοῦς

1860 4959 1933 5019 Ea;
1963 4959 2228 5034 Synce'llo,
2255 4980 2309 5034 p.
2344 4959 2417 5019 85
2443 4961 2507 5020 C.

180 5115 415 5186 (i)Gen.
450 5137 513 5184 ι,
539 5118 641 5174 22.

180 5209 638 5312 (Ξξιξυστθεαιυτ
653 5207 869 5312 giserte
892 5205 1164 5312 Iaso-phus
1184 5211 1365 5312 Antig.
1395 5227 1433 5273 I,
1463 5211 1528 5266 6:
1559 5211 1723 5312 Ἔλα-

129 5295 204 5346 pg;
230 5275 618 5356 λιξὶμμαῖουῂ
653 5275 890 5348 Περσῶν
939 5275 1096 5356 οντας
1128 5275 1463 5356 ἀρχηγέτας,
1506 5282 1722 5356 κατέλι-

129 5299 204 5346 ps;
251 5299 607 5353 ιλαμαιους,
654 5299 890 5348 uspch
939 5299 1096 5344 οντας
1128 5299 1463 5405 ἀρχηγέτας,
1506 5299 1720 5335 κατελι-

127 5366 203 5402 πεν
224 5369 237 5380 υ
265 5352 508 5405 Elamus
545 5351 855 5413 Elamwos,
881 5349 970 5416 qui
1000 5365 1119 5405 sunt
1179 5353 1444 5405 ’ersarum
1475 5353 1720 5423 progeni-

126 5429 254 5488 tores,
288 5423 632 5492 procreavit.

180 5510 246 5580 (3)
275 5511 429 5582 Idem
492 5511 666 5582 plane
697 5507 891 5582 ~tradit
917 5506 1211 5582 _Josephus
1235 5511 1358 5565 loco
1407 5512 1666 5582 praedicto
1699 5531 1715 5568 :

135 5574 459 5670 ﬁfty-aiam;
489 5574 628 5667 τοὺς
665 5574 764 5634 ν’ὖν
778 5574 1091 5670 ιΧαλδαίοξιξ
1106 5574 1493 5670 ’καλορμέγους
1522 5584 1722 5670 ςΑρφα-

129 5637 347 5718 ﬁnitimi;
398 5637 740 5722 ὧνὸμαοεν,
771 5648 944 5720 ἄρξας
991 5637 1172 5706 αὐτῶν
1202 5668 1214 5680 ·
1245 5637 1595 5720 ΑὶρΙιαπᾶάεὲ
1623 5637 1719 5708 no-

129 5721 647 5856 pen.»lrpha:cadwis
676 5721 831 5796 fecit,
864 5737 1084 5791 quorum
1119 5723 1360 5793 princeps
1380 5724 1399 5794 (
1419 5725 1500 5778 vel
1526 5725 1715 5795 pater)

150 5805 227 5852 illi.

150 5805 227 5852 illi.

1755 5127 1809 5186 Ι)

1907 5121 1984 5193 (4)
2018 5119 2132 5174 lmo
2168 5120 2222 5194 hi
2280 5119 2420 5194 Ludi
2468 5119 2605 5194 olim
2647 5117 2979 5194 dicebantur
3007 5125 3146 5194 t_este
3170 5115 3408 5194 Iosepho

1833 5188 2401 5261 loco'nuperlaudato
2439 5209 2452 5244 :
2500 5189 2706 5254 Λυδοὺς
2745 5188 2840 5244 νῦν
2885 5188 3131 5253 καλοῦσι,
3176 5188 3410 5242 Λούδουο·

1829 5264 1886 5318 δὲ
1906 5263 2049 5326 τότε,
2063 5260 2286 5325 Λούδας
2321 5260 2525 5316 ἔκτισε.

1899 5352 1976 5425 (5)
2002 5353 2076 5410 De
2099 5353 2374 5425 paradiso.
2397 5353 2578 5425 inquo
2595 5351 2772 5408 Moses
2787 5353 3114 5425 collocatum
3135 5351 3406 5425 édamum

1826 5423 2050 5490 narrat,
2107 5425 2251 5478 hami
2307 5423 2548 5477 absimili
2608 5425 2772 5478 modo
2814 5424 3073 5494 loquitur
3135 5423 3403 5478 Eusebius

1835 5495 2016 5564 Prwp.
2074 5512 2151 5549 ev.
2188 5510 2286 5557 xu,
2318 5495 2406 5556 ll,
2443 5495 2529 5556 15,
2585 5495 2677 5561 qui
2709 5501 2763 5548 et
2811 5493 3106 5548 Mosaicam
3136 5494 3408 5547 narratio-

1831 5563 2308 5634 nem’opportuuis
2341 5563 2584 5618 Platonis
2611 5565 2747 5618 locis
2776 5565 3086 5618 conﬁrmat.

1900 5657 1975 5726 (6)
2033 5656 2422 5721 Subobscurus
2475 5655 2562 5709 vel
2605 5656 2894 5728 perplexus
2949 5661 3003 5711 et
3038 5655 3324 5727 ambiguus
3349 5652 3404 5708 in

1827 5729 2142 5786 Armeniae:
2182 5736 2329 5785 textu
2363 5728 2536 5782 locus.
