3830 6320
431 343 534 399 167

1099 339 1371 400 EUSEBll
1409 338 1885 400 CASSARIENSIS
1919 336 2070 397 OPP.
2110 338 2294 397 PARS
2326 338 2365 394 I.
2405 371 2476 382 —-
2515 339 2912 401 HISTORICA.

3579 344 3695 397 Hi8

429 461 565 519 illud
594 460 838 532 quinque
893 461 1353 530 procreationum,
1389 460 1534 531 quod
1588 476 1620 514 a
1663 458 1913 515 Naasone
1939 459 2005 514 ad
2036 473 2080 529 Α
2110 462 2342 516 trecenti
2371 461 2818 534 consurgent”),
2841 461 2985 533 quod
3003 460 3174 532 ipsius
3192 459 3421 532 Jepbtaﬁ
3445 461 3698 518 testimo-

433 555 689 611 Davidem
711 553 964 625 pertinet,
997 553 1104 608 nisi
1135 553 1206 609 ab
1234 557 1392 610 annis
1418 570 1628 608 cnuxx
1652 552 2008 608 detrahantur

431 648 562 703 anni
593 661 663 701 ιι.
697 645 865 701 Mosis
900 645 955 700 in
986 646 1206 701 deserto
1235 645 1482 716 degentis
1507 663 1522 712 ;
1546 653 1662 699 tum
1690 653 1745 700 et
1771 654 2010 716 quatuor

428 737 764 802 Salomonis,
800 738 877 792 ita
898 745 959 791 ut
980 737 1179 807 reliqui
1220 736 1332 790 sint
1352 751 1585 791 cnxuvr
1610 753 1784 810 usque
1809 736 1877 791 ad
1902 736 2010 790 Da-

425 831 569 886 vidis
603 831 1040 901 obitum;hique
1076 830 1129 884 in
1180 829 1425 900 quinque
1479 831 1888 901 procreationes
1933 830 2007 884 ita

424 924 756 988 tribuantur,
799 932 859 979 ut
918 924 1116 994 cuique
1173 925 1290 980 viro
1337 939 1461 979 cum
1503 925 1768 996 gigneret,
1828 939 2006 978 annus

421 1018 601 1072 aatatis
623 1034 801 1073 Lxxxv
826 1017 900 1090 (ι)
931 1019 1241 1090 assignetur
1263 1035 1276 1071 :
1308 1033 1470 1089 quam
1488 1018 1533 1072 si
1559 1019 1682 1087 quis
1704 1024 1864 1088 paulo
1881 1033 2008 1088 per-

421 1112 697 1181 spicacior
731 1111 1064 1176 consideret,
1090 1112 1395 1167 doctrinam
1457 1127 1643 1165 veram
1700 1119 2002 1182 agnoscet;

417 1202 720 1273 praesertim
745 1202 789 1257 si
823 1201 890 1255 ad
921 1200 1139 1257 Davidis
1161 1203 1323 1256 etiam
1359 1201 1562 1255 natalia
1595 1201 1872 1269 respiciat.
1901 1200 2004 1255 Se-

416 1295 471 1349 ni
495 1294 695 1364 quippe
727 1291 898 1349 Jessae
946 1303 1107 1349 natus
1137 1302 1221 1349 est
1244 1300 1440 1349 octavo
1488 1294 1609 1348 loco
1642 1293 1831 1358 David,
1877 1301 2005 1363 post

415 1393 622 1456 septem
659 1385 857 1441 fratres
888 1393 1019 1440 natu
1043 1385 1281 1454 majores
1307 1385 1404 1452 (2).
1469 1384 1610 1440 Hinc
1653 1400 1890 1454 quoque,
1916 1389 2004 1439 in-

413 1479 654 1548 quimus,
688 1477 827 1533 ratio
847 1478 1021 1533 aetatis
1049 1477 1470 1547 praecedentium
1529 1475 1851 1531 :estimanda
1894 1483 1998 1531 est.

411 1569 579 1640 lgitur
607 1570 674 1625 de
705 1571 972 1625 sententia
999 1571 1174 1624 nostri
1211 1567 1526 1640 Regnorum
1577 1567 1705 1622 libri
1754 1583 1784 1622 a
1810 1568 1999 1623 relicta

410 1662 649 1734 Egypto
688 1661 758 1716 ad
790 1660 1136 1716 Salomonem
1193 1662 1570 1732 templumque
1617 1668 1997 1716 constructum

407 1755 539 1810 anni
575 1755 836 1809 labuntur
865 1769 1077 1808 coLxxx
1109 1772 1123 1808 :
1159 1753 1235 1807 ita
1265 1761 1447 1807 tamen
1480 1761 1539 1806 ut
1567 1760 1813 1824 tempora
1860 1769 1998 1824 quo-

408 1862 515 1918 que
545 1847 974 1916 alienigenarum
1011 1846 1064 1898 in
1104 1845 1191 1898 his
1225 1843 1782 1915 comprehendantur,
1833 1844 1995 1900 seriei
2026 1833 2069 1887 Β

406 1928 730 2002 interposita
787 1932 1042 1989 Judicum
1093 1933 1186 2004 qui
1226 1947 1411 1988 rerum
1463 1948 1530 1987 ex
1591 1932 1784 1989 ordine
1840 1934 1999 2004 potiti

406 2032 557 2078 sunt.

474 2116 566 2170 29.
587 2115 694 2172 Sed
707 2117 851 2172 enim
865 2115 1038 2174 etalio
1061 2117 1224 2173 modo
1237 2133 1306 2173 ex
1338 2117 1458 2188 ipso
1471 2115 1878 2172 libroJudicum
1908 2132 1997 2173 res

403 2205 640 2262 lucidius
682 2206 992 2261 innotescit.
1037 2204 1134 2261 Jus
1177 2204 1378 2276 populo
1409 2204 1667 2258 reddebat
1696 2201 1994 2274 Jeplitmus,

401 2307 705 2370 contraque
735 2315 857 2354 eum
880 2298 1321 2352 Amorrhaaorum
1354 2297 1553 2351 bellum
1572 2295 1866 2350 conﬂatum
1905 2303 1991 2349 est

401 2393 658 2450 Jordanis
686 2389 832 2446 fluvii
857 2393 1183 2448 incolarum.
1215 2390 1267 2445 ls
1297 2399 1480 2445 autem
1509 2389 1764 2443 nuntium
1797 2387 1865 2441 ad
1895 2387 1997 2441 bo-

401 2494 537 2542 stem
565 2487 715 2542 misit
741 2487 826 2542 liis
851 2486 1028 2540 verbis
1053 2487 1101 2537 ε*
1124 2502 1142 2536 ι
1173 2483 1314 2538 Num
1339 2491 1396 2536 tu
1425 2481 1616 2536 melior
1639 2479 1857 2546 Balaco,
1885 2478 1996 2534 [ilio

401 2577 782 2650 S-pboris(5),
822 2593 949 2648 rege
1000 2575 1408 2631 Moabilarum?
1461 2573 1562 2628 llic
1617 2581 1797 2627 autem
1855 2588 1988 2626 num

399 2668 540 2726 forte
563 2686 687 2725 cum
717 2669 916 2725 lsraele
940 2670 1152 2724 rixatus
1184 2677 1267 2723 est
1295 2681 1560 2721 manusve
1584 2664 1864 2720 conseruit
1884 2680 1993 2735 quo

397 2768 640 2833 tempore
673 2763 839 2818 Israel
864 2762 1138 2818 incolebat
1169 2760 1474 2815 Esebonem
1517 2759 1751 2831 ejusque
1789 2758 1990 2814 subur-

400 2858 566 2924 bana,
597 2859 832 2913 Azerum
867 2871 991 2909 cum
1023 2855 1139 2910 suis
1173 2853 1330 2924 pagis
1356 2851 1424 2905 ad
1458 2867 1673 2906 amnem
1696 2849 1989 2904 Jordanem

399 2949 470 3002 ab
504 2948 664 3003 annis
702 2946 1009 3002 trecentis?
1038 2944 1241 3011 Quidni
1275 2959 1370 2999 eos
1425 2959 1520 3012 per
1561 2943 1614 2996 id
1667 2950 1882 3011 tempus
1935 2941 1991 2994 in

399 3040 710 3095 libertatem
743 3037 1199 3095 vindicaverunt?
1235 3055 1254 3087 ι
1283 3037 1447 3108 Atqui
1501 3035 1588 3089 bis
1632 3035 1791 3090 docet
1823 3033 1987 3102 Jeplt-

400 3139 556 3194 taeus,
584 3145 612 3183 a
640 3128 806 3186 Mosis
835 3127 1172 3198 temporibus
1201 3124 1509 3192 Balucoque
1559 3123 1823 3193 Sephoris
1875 3124 1986 3178 lilio

398 3237 570 3294 usque
604 3220 668 3275 ad
703 3237 855 3276 suam
889 3228 1106 3276 aetatem
1137 3217 1658 3286 annosinterjacere
1682 3225 1980 3272 trecentos.

393 3313 450 3368 ld
473 3322 655 3369 autem
687 3315 786 3368 αξνί
818 3314 1054 3383 spatium
1082 3313 1233 3368 nullo
1288 3317 1449 3382 pacto
1504 3309 1814 3374 coniicitur,
1875 3311 1986 3365 nisi

393 3415 643 3478 tempora
708 3408 1161 3478 alienigenarum,
1213 3413 1273 3459 ut
1317 3404 1579 3472 diximus,
1640 3402 1830 3459 eadem
1863 3419 1986 3459 esse

390 3507 654 3572 putentur
685 3518 805 3572 qua:
826 3499 1077 3554 Judicum
1096 3506 1364 3570 potestate
1388 3498 1750 3568 iungentium.
1775 3495 1985 3552 Revera

389 3593 438 3650 si
464 3609 660 3658 annos,
710 3594 910 3665 quibus
949 3593 1184 3664 populus
1217 3592 1643 3662 alienigenarum
1675 3591 1725 3645 vi
1759 3594 1985 3660 pressus

390 3683 634 3749 servivit,
663 3685 892 3739 seorsim
917 3693 1210 3754 supputes,
1244 3694 1489 3754 tempora
1535 3683 1846 3738 mehercule
1868 3693 1978 3738 tre-

389 3776 674 3833 centesimi
699 3775 829 3829 anni
852 3775 987 3831 ﬁnes
1018 3776 1156 3831 satis
1209 3775 1496 3831 excedent.
1527 3775 1732 3830 Contra
1779 3775 1826 3831 si
1873 3789 1975 3829 an-

387 3882 489 3923 nos
535 3867 932 3922 dominantium
985 3867 1237 3923 Judicum
1288 3867 1664 3922 tantummodo
1698 3883 1976 3936 numeres,

386 3959 668 4016 adeﬁnito
713 3959 881 4017 Mosis
931 3972 1173 4032 tempore
1229 3960 1295 4015 ad
1325 3956 1626 4030 Jeplttaaum
1689 3961 1818 4016 anni
1873 3961 1974 4016 tibi

2013 3185 2060 3244 C

2111 553 2204 607 nio
2233 556 2501 608 tirmatur.

2179 644 2268 699 50.
2287 643 2484 700 Nostra
2513 644 2680 715 igitur
2698 641 3049 714 chronologia
3082 642 3184 699 hac
3212 643 3425 700 ratione
3449 643 3695 716 explice-

2110 743 2221 790 tur.

2462 845 2493 883 Α
2527 843 2666 884 I058
2696 841 2864 892 USQUB
2893 843 2959 883 AD
2988 843 3328 886 ελιοιιοδεη.

2181 917 2348 975 Mosis
2371 922 2497 975 anni
2525 937 2613 976 η.

2177 1012 2361 1069 Josure
2390 1014 2520 1068 anni
2551 1030 2721 1070 xxv".

2175 1105 2612 1176 Alienigenarum
2635 1117 2690 1162 et

2179 1197 2521 1254 Gothonielis
2552 1199 2754 1269 jndicis
2788 1201 2916 1256 anni
2950 1215 3088 1255 Lxxx
3114 1199 3213 1268 (5).

2173 1289 2613 1360 Alienigenarum
2649 1308 2748 1347 nec
2767 1307 2877 1347 non

2176 1381 2400 1438 Deboraa
2435 1391 2489 1438 et
2509 1382 2699 1438 Baraci
2728 1385 2857 1439 anni
2887 1400 2975 1440 XL.

2173 1470 2444 1530 Gedeonis
2477 1475 2605 1529 anni
2635 1491 2723 1531 XL.

2172 1564 2507 1621 Abimelecbi
2538 1569 2666 1622 anni
2690 1586 2772 1625 Ill.

2174 1653 2362 1711 Tbolae
2395 1657 2526 1712 anni
2552 1673 2690 1714 χιιι.

2168 1745 2300 1802 Jairi
2327 1750 2454 1802 anni
2477 1765 2616 1806 xm.

2170 1838 2614 1911 Alienigenarum
2633 1851 2689 1898 et

2170 1927 2382 2000 Jephtaa
2403 1931 2605 2002 judicis
2625 1934 2753 1988 anni
2779 1949 2854 1988 vr.

2174 2023 2473 2095 Sebegonis
2501 2026 2576 2096 (6)
2609 2027 2739 2081 anni
2767 2043 2866 2083 vu.

2168 2114 2445 2174 Labdonis
2479 2118 2554 2189 (7)
2582 2121 2709 2173 anni
2733 2135 2851 2174 vm.

2172 2209 2614 2279 Alienigcnarum
2647 2219 2701 2265 et

2170 2298 2454 2356 Samsonis
2492 2303 2621 2357 anni
2661 2319 2730 2357 xx
2764 2303 2863 2373 (8).

2172 2391 2249 2447 Eo
2282 2401 2525 2465 tempore
2547 2404 2757 2466 gestum
2787 2406 2871 2452 est
2903 2396 3103 2451 bellum
3138 2395 3383 2454 Iliacum.

2172 2484 2288 2540 Heli
2311 2489 2436 2541 anni
2473 2505 2560 2544 χι..

2168 2576 2439 2634 Samuelis
2463 2588 2516 2634 et
2545 2579 2726 2637 Saulis
2761 2582 2889 2636 anni
2915 2597 3004 2636 ιι..

2173 2666 2394 2724 Davidis
2421 2671 2549 2724 anni
2581 2688 2668 2725 XL.

2158 2758 2465 2816 Salomonis
2495 2764 2620 2816 anni
2652 2781 2703 2818 tv
2733 2781 2906 2836 usque
2936 2767 3001 2821 ad
3037 2767 3220 2837 templi
3253 2765 3568 2822 aedilicium.

2166 2847 2390 2903 Summa
2411 2867 2440 2905 a
2477 2851 2627 2908 Mose
2659 2870 2994 2926 egressaque
3027 2858 3094 2910 ab
3118 2856 3349 2928 Egypto
3381 2873 3558 2929 usque
3607 2857 3679 2912 ad

2090 2940 2278 3009 templi
2303 2951 2654 3009 structuram,
2688 2947 2812 2998 anni
2841 2962 3052 3000 anxxx
3080 2947 3177 3016 (9).

2160 3030 2250 3087 51.
2281 3032 2352 3086 De
2378 3032 2545 3089 Josua
2575 3035 2740 3091 Mosis
2775 3054 3094 3094 successore
3120 3038 3256 3093 liber
3289 3039 3437 3093 illius
3483 3037 3680 3093 hamo-

2090 3139 2287 3194 nymus
2315 3125 2449 3180 nihil
2476 3136 2682 3194 narrat,
2734 3137 3094 3200 praeterquam
3124 3129 3266 3199 quod
3325 3143 3472 3182 anno
3497 3129 3681 3185 artatis

2091 3218 2388 3272 centesimo
2409 3218 2621 3272 decimo
2653 3221 2808 3275 obiit.
2844 3221 3051 3276 l-lebrazi
3080 3228 3260 3276 tamen
3282 3220 3443 3275 annis
3465 3229 3677 3291 septem

2089 3325 2257 3379 supra
2301 3311 2492 3381 viginti
2533 3311 2792 3366 ducatum
2833 3313 2902 3368 ab
2932 3328 2998 3368 eo
3045 3321 3258 3383 gestum
3317 3314 3679 3383 conﬁrmant,

2089 3403 2224 3458 adeo
2258 3411 2316 3457 ut
2366 3407 2482 3473 ipse
2511 3419 2713 3458 annum
2746 3421 2912 3474 agens
2961 3409 3136 3461 aetatis
3187 3405 3677 3476 quadragesimum

2087 3495 2308 3549 tertium
2343 3511 2408 3549 ex
2440 3495 2674 3568 Aigypto
2705 3513 2830 3551 cum
2858 3497 3006 3554 Mose
3031 3497 3374 3554 discesserit.
3404 3495 3528 3551 Jam
3587 3498 3676 3551 vel

2089 3586 2261 3656 ipsius
2286 3584 2558 3643 Samuelis
2597 3597 2839 3659 tempora
2875 3590 3314 3661 quandoquidem
3370 3590 3518 3645 sacri
3547 3587 3679 3645 libri

2085 3681 2373 3750 perspicue
2401 3697 2512 3734 non
2533 3681 2779 3746 tradunt,
2830 3699 2930 3755 ego
2984 3685 3203 3755 quidem
3263 3683 3411 3754 quod
3460 3698 3491 3736 a
3545 3683 3678 3736 divo

2084 3772 2333 3841 apostolo
2365 3771 2434 3833 de
2465 3771 2629 3828 Saule
2652 3774 2860 3828 dictum
2883 3785 2987 3839 est,
3012 3777 3065 3831 id
3099 3773 3247 3830 Sauli
3303 3789 3459 3845 aeque
3481 3783 3537 3829 et
3566 3773 3672 3829 Sa-

2082 3866 2244 3921 mueli
2267 3882 2614 3924 communem
2646 3885 2767 3926 esse
2788 3879 2992 3942 putem.
3027 3870 3183 3926 Certe
3207 3869 3518 3925 Samnelem
3549 3873 3679 3940 plu-

2077 3959 2234 4016 rimis
2267 3960 2429 4016 annis
2462 3960 2749 4030 praeluissc
2776 3962 2978 4034 populo
3012 3971 3233 4032 apparet
3263 3981 3276 4017 :
3316 3960 3506 4019 Saulis
3532 3980 3672 4019 vero

453 4183 519 4255 (⁶)
558 4184 668 4238 Καὶ
699 4183 795 4239 νῦν
851 4183 924 4255 μὴ
946 4182 1239 4265 ωκρείσσων
1269 4179 1319 4236 εἴ
1361 4184 1425 4236 σὺ
1470 4182 1564 4236 τοῦ
1607 4182 1794 4237 Βαλὰκ
1838 4183 1956 4268 uio?
2002 4183 2236 4265 Σετςφὼρ
2287 4185 2552 4277 βασιλέως
2601 4184 2801 4246 Μωάὗζ
2851 4185 2924 4257 μὴ
2969 4185 3118 4259 μάχῃ
3159 4185 3483 4256 ἐμαχίπσατο
3524 4187 3669 4256 μετὰ

453 4255 631 4308 maia}.
687 4256 720 4308 ἢ
761 4256 1012 4308 πολεμων
1047 4255 1386 4308 ἐπολέμησεν
1425 4255 1484 4307 ὲν
1514 4255 1743 4308 αὐτοτεε
1793 4256 1852 4308 ὲν
1884 4275 1962 4308 τω
2009 4258 2228 4308 οἰκῆσαι
2303 4256 2503 4308 locat).
2547 4257 2605 4308 ὲν
2644 4256 2849 4308 Ἐσεϐὼ
2915 4259 3009 4308 καὶ
3053 4261 3110 4308 ἐν
3154 4260 3272 4308 ταῖς
3320 4221 3666 4308 (Iuvat-odth

396 4255 721 4336 Ἰσραὴληῇ
761 4255 1012 4336 πρλεμίῶν
1047 4255 1395 4336 ὲπσῇἐμηςεκί
1425 4255 1484 4307 ὲν
1514 4255 1743 4336 αὐτοῖς
1789 4256 1962 4336 ῥνῌτῷ
2009 4255 2254 4336 οιίκῇσσέι·
2287 4255 2509 4336 Ἰσραὴ)ἱ
2547 4257 2605 4308 ὲν
2644 4255 3113 4336 Ἐισεῆὼηὸεαξὲὺ
3154 4255 3272 4320 ταῖς

3355 4259 3666 4340 uvas-pudori;

381 4325 672 4397 αὑέῆςίκαὶ
697 4325 754 4379 ἐν
797 4325 994 4396 Ἀροὴρ
1021 4325 1114 4378 καὶ
1145 4325 1348 4388 sumi;
1372 4325 1709 4400 θυγατράσιν
1745 4327 1937 4451 αὐτ-ἲς,
1967 4325 2058 4380 καὶ
2095 4325 2153 4378 ὲν
2188 4325 2390 4390 πάσαις
2419 4325 2539 4390 ταῖς
2568 4326 2718 4398 παρὰ
2749 4328 2841 4380 τὸν
2878 4328 3166 4399 Ἰορδάνην,
3194 4325 3623 4400 τριακόσια’ἕτη
3650 4346 3665 4394 ;

381 4396 432 4449 τί
454 4396 534 4451 ὅτι
561 4399 662 4451 οὐκ
693 4395 955 4451 ἐρύσαντο
980 4397 1179 4451 αὐτοὺς
1202 4398 1261 4450 ἐν
1291 4396 1369 4451 τῶ
1395 4402 1572 4451 καιοῷ
1595 4398 1830 4451 ὲκείνωε
1891 4397 1941 4451 ’π
1971 4397 2152 4451 ludia.
2186 4415 2244 4451 χι
2294 4396 2488 4451 25.26.

1905 4415 1941 4452 (Β

379 4396 432 4449 τί
454 4395 534 4453 act
561 4399 662 4452 οὐκ
693 4395 1179 4470 ἐρύσαντόίαὺτοὺς
1202 4398 1261 4450 ἐν
1291 4396 1369 4469 τῷ
1395 4395 1572 4469 καιρῷ
1595 4398 1793 4470 ἐκείνῳ
1815 4414 1830 4464 ;

451 4624 528 4695 (l)
559 4623 796 4695 corrigit
823 4637 1044 4695 Lxxxvu
1070 4621 1381 4695 AAucherus.

439 4693 528 4763 1'2)
563 4697 576 4748 l
613 4694 747 4763 Reg.
779 4709 890 4756 xvi,
923 4693 1108 4757 10,“,

377 4760 615 4888 B(5)_ln
645 4760 853 4818 codicis
913 4763 1060 4819 Arm.
1122 4769 1274 4818 textu
1319 4760 1560 4831 Saporis,
1605 4763 1660 4817 in
1715 4761 1965 4834 margine

426 4850 581 4887 cons.

426 4850 581 4887 cons.

453 4904 529 5027 (AR
557 4902 720 4968 Atqui
748 4899 970 4957 nonnisi
1015 4916 1247 4964 ccrxxx,
1308 4900 1386 4954 uti
1442 4917 1592 4957 nunc
1647 4918 1706 4957 se
1757 4903 1963 4958 habent

455 4990 484 5026 u
557 4974 801 5027 codicem
829 4973 980 5024 Arm.
1013 4974 1225 5026 numeri
1251 4971 1306 5024 in
1353 4971 1536 5024 tabula
1583 4974 1830 5027 proxime
1857 4975 1958 5026 ad-

381 4971 522 5043 apud
557 4974 801 5043 codicem
829 4973 980 5043 Arm.
1013 4974 1225 5043 numeri
1251 4971 1306 5024 in
1353 4971 1536 5043 tabula
1583 4974 1830 5041 proxime
1857 4975 1958 5026 ad-

379 5041 577 5099 denda.
600 5041 719 5096 Jam
746 5043 801 5094 in
831 5041 933 5094 hac
961 5042 1214 5095 universa
1247 5042 1549 5109 quaestione
1577 5044 1960 5098 constituenda

376 5127 705 5185 magnopere
735 5113 1013 5167 laborasse
1034 5110 1327 5166 Eusebium
1363 5112 1529 5164 tradit
1577 5111 1873 5183 Syncellus‘
1899 5131 1952 5185 p.

1971 4397 2152 4452 ludia.
2186 4415 2244 4453 XI
2294 4396 2488 4462 25,26.

1996 4626 2040 4680 D
2069 4624 2135 4678 τίς
2161 4622 2251 4675 hic
2277 4620 2472 4694 Αἴθιοη
2503 4619 2644 4694 apud
2673 4623 2799 4694 τξοὺς
2828 4621 2990 4689 LXX,
3011 4636 3118 4677 non
3149 4624 3290 4694 apud
3309 4625 3484 4680 Biblia
3502 4628 3661 4688 Aur.

2067 4710 2133 4750 ex
2164 4693 2477 4746 eorumdem
2508 4692 2655 4746 fonte
2680 4692 2933 4748 deducta.

2140 4763 2214 4834 (7)
2242 4763 2315 4839 lt_a
2343 4761 2612 4816 Eusebius
2630 4772 2945 4839 constanter
2971 4761 3220 4839 Labdon_
3242 4773 3356 4820 toto
3389 4765 3494 4839 hoc
3524 4783 3666 4839 Ope.

2065 4833 2223 4890 reet
2269 4833 2450 4900 Prwp.
2493 4848 2570 4884 ev.
2630 4849 2686 4895 x,
2716 4833 2804 4895 14,
2839 4835 2916 4887 uti
2971 4837 3132 4888 etiam
3180 4834 3368 4892 Graeca
3421 4833 3600 4892 Bibli'a
3638 4861 3656 4898 :

2064 4919 2374 4981 quanquam
2407 4904 2730 4981 Armeniaca
2758 4905 2826 4959 ab
2855 4903 3191 4959 bisderivata
3214 4907 3413 4962 habent
3434 4907 3662 4981 Abdou,

2067 4971 2146 5030 uti
2172 4971 2440 5028 etLatina
2461 4971 2707 5044 Vulgata.

2141 5047 2216 5117 (8)
2254 5043 2586 5117 Audiepdus’
2612 5045 2699 5117 hic
2723 5043 3250 5117 rursusSyncellus,
3283 5064 3337 5117 p.
3378 5047 3450 5100 56
3488 5067 3501 5102 :
3545 5051 3660 5105 Εὐ-

2060 5105 2240 5201 σέὸιός
2273 5115 2410 5200 μετᾲ
2575 5115 2830 5206 τελειζτὴν
2853 5115 2948 5168 τοῦ
2983 5105 3247 5206 ξειελιζψὸψ⁷
3281 5105 3375 5206 ξοᾷ
3430 5123 3654 5206 κριτοῦ,

2058 5185 2655 5264 τῆςιάνᾳρχίαςέῆτρε
2687 5185 2926 5264 εἰρήνηςἼ
2942 5187 3038 5264 tofi
3062 5185 3218 5264 ςλαοῦ
3247 5186 3299 5258 μ’
3337 5189 3433 5264 ἐτη
3468 5185 3527 5244 ὲν
3571 5195 3657 5264 τῷ

2059 5256 2422 5330 κατὰ-πλάτος
2454 5256 2560 5309 οὐκί
2604 5256 3136 5330 ἔθηκενογ-Ειιεερίιιε
3176 5256 3292 5328 post
3323 5256 3655 5330 rSar—npsani's

2048 5326 2481 5400 judicisﬁobilum
2508 5326 2769 5400 annos“.
2797 5327 3082 5400 libertatis,
3119 5326 3209 5383 seu
3239 5326 3471 5398 publica!
3497 5338 3656 5400 pacis

2058 5398 2113 5466 in
2169 5397 2446 5465 di/fusiore
2509 5398 2937 5465 chronograpltia:
2989 5409 3139 5466 parte
3197 5397 3303 5454 nim
3359 5397 3655 5465 recensuit.

2058 5465 2269 5540 Rursus
2301 5467 2570 5523 Eusebius
2615 5465 3336 5540 quodannos’Sampsonis
3385 5486 3512 5526 cum
3545 5489 3658 5528 an-

2057 5538 2590 5615 nisalienigenarum
2615 5539 2931 5607 permiscuit
2974 5538 3392 5610 reprelienditur
3431 5558 3463 5596 a
3499 5540 3658 5615 Syri-

2058 5609 2215 5672 cello,
2245 5626 2297 5678 p.
2334 5609 2437 5662 165
2457 5607 2516 5662 B.

2130 5678 2206 5750 (9)
2238 5679 2538 5750 Atquiibaec
2573 5694 2785 5732 summa
2827 5693 2858 5733 e
2890 5679 3162 5748 praedictis
3222 5683 3473 5739 numeris
3535 5700 3652 5740 non

2059 5748 2350 5804 conﬂatur.
2401 5748 2700 5802 Videbatur
2731 5758 2909 5802 talnen
2960 5766 3082 5804 esse
3133 5753 3330 5806 lacuna
3365 5755 3419 5808 in
3451 5756 3655 5812 codice

2060 5818 2212 5874 Arm.
2247 5821 2388 5874 inter
2411 5819 2719 5874 Labdonem
2754 5828 2805 5874 et
2831 5818 3209 5889 Sampsonem.

447 5252 523 5324 (5)
555 5251 987 5324 Praetermissum
1032 5250 1284 5324 posthinc
1332 5250 1401 5305 ab
1433 5250 1667 5324 Eusebio
1717 5253 1952 5319 Aodum,

376 5321 565 5379 decem
595 5323 753 5377 annis
780 5321 1047 5393 judicent,
1073 5321 1398 5393 criminatur
1429 5322 1718 5393 Syncellusj
1770 5341 1825 5393 p.
1883 5324 1953 5378 26

375 5395 418 5447 Β
449 5412 463 5449 :
499 5393 759 5468 Εὺᾳέὅερς
958 5391 1047 5468 tot!
1067 5391 1266 5468 ⁸κριτὴν
1295 5392 1396 5444 οὐκ
1424 5391 1799 5463 ἐστοιχείωάεῖδ
1829 5397 1952 5468 κρί-

372 5481 539 5547 νκγξςι
551 5463 650 5547 ίτρν
680 5463 894 5547 Ἰσραῂλ
915 5461 1005 5547 ἕτιη
1024 5461 1172 5547 δέκα.

445 5533 693 5605 (6)_ldem
729 5529 792 5586 ac
823 5529 1061 5605 Eseph'on
1092 5534 1174 5605 vel
1202 5529 1447 5605 _Esebon.
1504 5531 1708 5605 Deinde
1744 5535 1951 5589 omitti-

373 5601 466 5658 tur
501 5601 698 5672 Eglon
728 5605 808 5658 vel
838 5601 1024 5664 xElon,
1065 5603 1158 5672 qui
1199 5602 1436 5656 Eusebio
1461 5604 1733 5658 omittitur
1784 5607 1948 5659 etiam

374 5675 429 5728 in
463 5671 663 5729 tabulis
695 5672 832 5727 infra
854 5671 1116 5727 addendis
1145 5671 1412 5740 iudicum.
1447 5681 1500 5725 et
1529 5675 1583 5726 in
1628 5677 1867 5729 secundo
1894 5677 1951 5729 li-

375 5746 474 5800 bro
503 5744 702 5798 dicitur
731 5745 921 5798 abesse
951 5759 979 5795 a
1002 5751 1150 5798 textu
1180 5742 1305 5813 sibi:
1347 5741 1510 5808 LXX,
1538 5746 1681 5813 quod
1717 5753 1951 5798 testatur

373 5817 536 5872 etiam
571 5813 788 5871 Samuel
817 5815 1130 5871 historicus.
1177 5812 1328 5868 Nunc
1359 5821 1538 5869 autem
1561 5812 1728 5886 plane
1755 5832 1952 5871 occur-
