3830 6308
191 341 270 392 171
1383 338 1711 394 CHRONICC

1832 339 1877 394 Μ
1913 339 2038 395 LIB.
2082 339 2124 394 1.

3277 337 3380 394 178

188 459 328 526 cipem
357 470 414 510 ex
446 454 612 519 Juda,
641 454 964 528 ducemque
995 471 1024 512 e
1055 455 1257 514 femore
1301 459 1442 528 ejus,
1481 458 1654 514 donec
1684 459 1730 515 is
1758 469 1803 524 Α
1831 461 1952 518 dem
1985 469 2038 516 et
2065 465 2354 530 antequam
2387 457 2608 514 Darium
2643 457 2972 514 interimeret
2990 454 3100 526 jam
3123 469 3384 526 regnave-

187 550 460 600 adventaret
499 546 594 599 cui
643 557 934 602 servatum
964 557 1068 612 est,
1111 548 1164 601 in
1207 564 1314 618 quo
1357 558 1545 619 gentes
1577 565 1727 619 spem

185 653 312 694 suam
341 637 789 694 collocaverunt.
829 659 846 692 ι
881 640 1049 710 Atque
1083 641 1195 694 haec
1224 641 1294 694 ita
1325 656 1384 696 se
1413 641 1636 697 habent.

239 729 283 782 ι.
323 727 533 782 Summa
564 745 715 784 vero
753 733 1012 800 temporis
1049 747 1078 784 a
1105 731 1393 786 Salomone
1437 733 1727 803 templique
1773 794 1779 801 _

186 819 457 886 primordiis
486 833 673 888 usque
703 821 776 872 ad
820 837 1014 874 annum
1048 821 1192 876 Darii
1222 821 1400 880 Persa!
1427 823 1724 879 secundum

183 912 438 980 templique
480 911 983 976 instaurationem,
1033 914 1160 968 anni
1203 923 1331 970 sunt
1359 930 1457 971 ou.
1507 915 1644 969 Tum
1693 929 1724 968 a

186 999 334 1071 Moyse
346 1016 688 1073 egressuque
722 1020 788 1058 ex
812 1004 1039 1076 Egypto
1063 1005 1128 1058 ad
1157 1003 1502 1062 Salomonem
1519 1014 1573 1062 et
1591 1020 1724 1060 con-

183 1092 323 1145 ditum
360 1095 656 1162 templum,
691 1095 826 1148 anni
857 1104 981 1151 sunt
1007 1111 1295 1150 ccccuxx.
1347 1098 1392 1150 Α
1417 1099 1593 1167 primo
1625 1113 1724 1151 au-

183 1188 266 1232 tem
298 1194 424 1234 anno
451 1182 768 1236 Abrahami
801 1185 866 1238 ad
894 1185 1091 1240 exitum
1132 1187 1257 1240 anni
1284 1203 1378 1244 nv.
1410 1186 1475 1240 Et
1519 1203 1550 1241 a
1581 1187 1722 1242 dilu-

179 1271 250 1324 rio
277 1270 337 1324 ad
366 1272 605 1341 primum
655 1289 866 1329 annum
894 1276 1206 1340 Abrahami,
1255 1279 1384 1332 anni
1417 1294 1717 1335 ncccchu.

181 1361 234 1415 Et
257 1363 314 1417 ab
342 1365 548 1420 Adamo
589 1367 666 1421 ad
701 1367 967 1422 diluvium
999 1370 1123 1422 anni
1162 1386 1435 1428 Inccxut.
1480 1370 1722 1443 Denique

178 1455 231 1507 ab
260 1454 447 1510 Adamo
484 1457 555 1512 ad
609 1457 766 1513 Darii
809 1461 1032 1515 alterum
1073 1475 1274 1516 annum
1315 1463 1720 1534 secundumque

179 1545 627 1619 llierosolymitani
660 1553 851 1622 templi
882 1554 1166 1609 aedificium
1200 1557 1552 1611 cumulantur
1587 1559 1716 1612 anni

176 1651 503 1694 [Innocuxxx
527 1641 638 1713 (’l).
668 1641 900 1713 Reliqua
935 1651 1176 1716 tempora
1202 1654 1326 1716 post
1362 1647 1587 1702 alterum
1621 1649 1719 1704 Da-

175 1729 226 1782 rii
253 1744 460 1796 annum,
483 1734 583 1802 qui
617 1732 730 1787 fuit
769 1739 1116 1806 sexagesima:
1147 1740 1353 1809 quinta:
1393 1739 1717 1811 Olympiadis

1825 558 1914 606 rat
1937 550 2095 605 annis
2121 568 2195 607 vr.
2226 549 2446 604 Summa
2474 549 2738 619 temporis
2765 549 2834 602 ab
2869 548 3040 602 altero
3061 545 3206 600 Darii
3236 561 3378 600 anno

1827 637 1896 692 ad
1916 637 2208 694 Alexandri
2237 638 2469 701 obitum,
2501 640 2594 709 qui
2620 639 2676 693 in
2703 638 2936 708 primum
2963 651 3161 690 annum
3193 634 3383 690 incidit

1827 728 2151 798 Olympiadis
2201 730 2513 785 centesimae
2555 737 2764 800 quarta:
2793 727 3036 793 decimae,
3088 727 3213 781 anni
3255 735 3384 781 sunt

1824 828 2028 874 CXCVII.

1896 911 1949 966 6.
1990 912 2120 967 Post
2150 912 2443 968 Alexandri
2468 911 2700 976 obitum,
2735 909 2957 982 Egypti
2989 920 3043 966 et
3072 908 3383 964 Alexandri-

1824 1019 1907 1057 na:
1933 1003 2086 1058 urbis
2121 1003 2404 1074 imperium
2440 1009 2732 1058 tenuerunt
2770 1003 2826 1058 hi
2857 1020 2870 1055 :

1894 1097 1934 1148 1.
1977 1094 2296 1149 Ptolemaeus
2323 1093 2453 1164 Lagi
2483 1093 2642 1148 annis
2665 1109 2753 1148 xu.

1893 1183 1956 1238 ll.
1999 1182 2320 1238 Ptolemaeus
2344 1181 2727 1252 Philadelphus
2749 1183 2905 1238 annis
2927 1199 3134 1237 xxxvur
3159 1181 3236 1252 (6)

1963 1274 2076 1330 Sub
2126 1275 2230 1330 hoc
2277 1275 2623 1330 Hebraeorum
2663 1276 2806 1330 sacri
2847 1273 2996 1329 Libri
3033 1275 3099 1328 ad
3137 1273 3377 1328 Graecam

1823 1367 2062 1437 linguam
2089 1367 2339 1421 translati
2367 1375 2516 1434 sunt,
2542 1374 2596 1422 et
2619 1367 2673 1422 in
2713 1366 3090 1421 Alexandrina:
3118 1364 3269 1420 urbis
3304 1363 3380 1418 bi-

1820 1457 2146 1512 bliothecam
2178 1457 2400 1527 recepti.

1891 1545 1977 1602 111.
2019 1545 2342 1602 Ptolemaeus
2376 1546 2665 1620 Evergetcs
2695 1549 2852 1604 annis
2875 1563 3020 1605 xxzv.

1891 1636 1979 1692 IV.
2022 1636 2345 1693 Ptolemaeus
2369 1636 2685 1708 Philopator
2708 1640 2866 1694 annis
2886 1654 2997 1694 xxi.

1891 1727 1956 1782 V.
1998 1727 2318 1782 Ptolemaeus
2348 1726 2654 1798 Epiphanes
2687 1729 2844 1783 annis
2871 1744 3006 1783 xxu.

172 1832 317 1874 annus
339 1822 568 1890 primus,
610 1823 863 1880 efficiunt
892 1827 1228 1897 olympiadas
1253 1844 1494 1894 cxxxvu,
1541 1846 1714 1888 annos
1749 1817 1790 1875 Β
1890 1818 1977 1873 Vl-
2021 1819 2342 1876 Ριοηεωωυε
2369 1820 2702 1874 Philometor
2732 1820 2890 1876 almis
2911 1836 3096 1876 ni1"-

171 1925 358 1966 mrut.
396 1913 529 1980 Quae
581 1925 832 1986 tempora
865 1918 1174 1988 singillatim
1212 1920 1285 1974 ita
1329 1931 1710 1990 supputautur.

225 1997 269 2051 5.
303 1997 428 2056 Post
465 2001 684 2073 Cyrum
739 2021 919 2077 regem
967 2008 1199 2076 primum
1238 2009 1554 2075 Persarum,
1598 2013 1716 2066 dia-

169 2088 298 2143 dema
337 2091 402 2146 ad
440 2093 783 2166 Cambysen]
824 2097 1049 2165 recidit;
1107 2100 1174 2153 ali
1217 2100 1317 2156 hoc
1359 2107 1427 2156 ad
1471 2101 1712 2166 Darium,

167 2178 241 2247 qui
278 2182 425 2236 annis
457 2186 701 2239 omnino
751 2187 996 2256 regnavit
1044 2203 1095 2241 νι
1140 2203 1304 2259 supra
1346 2208 1474 2246 xxx.
1537 2191 1712 2263 Hujus

167 2283 283 2324 anno
331 2274 498 2329 altero
567 2277 844 2346 templum
904 2277 1293 2351 Hierosolymis
1352 2283 1711 2339 instauratum

167 2369 231 2414 est
251 2362 338 2432 (Ξ).
369 2365 589 2437 Reliqui
626 2376 762 2424 sunt
808 2368 953 2424 Darii
984 2387 1168 2426 xxxiv.
1207 2371 1520 2429 Teneantur
1544 2376 1711 2446 igitur

165 2451 284 2508 Darii
304 2459 426 2512 anni
455 2475 654 2514 xxxiv.
695 2458 838 2516 Tum
869 2461 1065 2520 Xerxis
1090 2468 1217 2519 anni
1251 2483 1322 2520 xx
1351 2467 1451 2537 ('5),
1481 2469 1585 2524 sub
1606 2485 1714 2539 quo

168 2541 376 2602 Estheris
395 2564 488 2604 res
509 2551 850 2620 agebantur.
880 2551 1083 2610 Deinde
1104 2554 1422 2612 Artaxerxis
1447 2557 1574 2611 anni
1601 2573 1710 2612 xu.

166 2632 256 2688 Sub
299 2637 395 2691 hoc
439 2638 659 2696 Esdras
694 2655 981 2696 sacrorum
1013 2643 1156 2712 apud
1196 2641 1415 2699 Judzeos
1447 2645 1711 2700 librorum

165 2728 337 2794 peritus
381 2732 566 2785 scriba
610 2731 865 2788 florebat.
906 2731 957 2789 Is
993 2734 1155 2790 etiam
1203 2733 1376 2790 fertur
1405 2744 1636 2792 cunctas
1683 2751 1712 2790 a

162 2813 442 2875 Deodictas
485 2818 825 2890 Scripturas
859 2823 916 2876 in
967 2830 1200 2878 mentem
1252 2825 1356 2880 sibi
1400 2840 1710 2889 revocasse,

162 2919 330 2975 easque
351 2907 562 2965 Judzeis
590 2910 900 2966 tradidisse
937 2913 1094 2968 novis
1139 2911 1526 2970 llebraicarum
1571 2917 1713 2972 litte-

161 3012 311 3053 rarum
338 3000 533 3058 formis
577 3019 880 3073 expressas
905 3004 1018 3076 (4):
1053 3005 1214 3076 idque
1245 3016 1370 3076 post
1421 3007 1560 3062 bella
1592 3024 1714 3079 qua;

162 3090 396 3158 regionem
434 3094 595 3148 illam
627 3103 1001 3152 vastaverant.
1027 3095 1296 3153 Praeterea
1330 3106 1384 3154 et
1424 3096 1713 3156 Nehemias

160 3183 382 3249 piucerna
408 3187 889 3258 cognoscebatur,
925 3187 1017 3258 qui
1043 3188 1336 3243 mandante
1365 3205 1490 3261 rege
1532 3190 1586 3244 in
1617 3189 1712 3244 Ju-

161 3275 300 3330 daaam
319 3294 658 3351 progressus
687 3277 1063 3352 Hierosolyma
1090 3282 1383 3343 excitabat,
1409 3282 1712 3352 urbemque

157 3369 394 3426 manibus
427 3372 732 3428 ambiebat
764 3391 779 3428 :
809 3380 1036 3429 eatenus
1090 3375 1234 3429 enim
1281 3375 1413 3431 urbs
1445 3375 1501 3429 in
1536 3374 1710 3430 ruinis

159 3461 467 3527 consederat,
507 3465 728 3536 templo
771 3473 1020 3536 excepto,
1074 3467 1219 3536 quod
1265 3469 1370 3522 sub
1419 3467 1584 3522 Dario
1622 3482 1709 3522 re-

155 3550 352 3607 rixerat.
377 3552 513 3610 Post
542 3555 919 3611 Artaxerxem
950 3557 1208 3611 dominati
1238 3567 1365 3613 sunt
1392 3558 1574 3614 Persis
1603 3557 1658 3613 hi
1694 3577 1707 3613 :

157 3639 318 3699 Darius
347 3648 510 3703 annis
544 3663 651 3702 xix
677 3646 779 3720 (5).
813 3647 1140 3706 Artaxerxes
1170 3649 1418 3706 Mnemon
1437 3650 1597 3706 annis
1620 3664 1708 3706 ιι..

154 3729 304 3790 Ochus
370 3739 541 3794 annis
611 3754 767 3792 xxvi.
820 3739 986 3794 Arses
1037 3741 1195 3795 annis
1243 3757 1313 3794 tv.
1371 3741 1566 3796 Darius
1621 3755 1713 3794 an-

154 3825 220 3880 nis
239 3844 304 3881 vi.
334 3829 466 3887 Post
502 3832 618 3888 hos
659 3831 969 3886 Alexander
1012 3831 1234 3888 Macedo
1274 3833 1565 3889 Persarum
1610 3835 1714 3887 im-

151 3919 325 3984 perium
343 3921 577 3988 delevit,
619 3924 980 3994 regnavitque
1011 3924 1127 3996 ipse
1157 3927 1317 3981 annis
1341 3941 1391 3979 vi
1419 3943 1432 3994 ;
1462 3925 1555 3996 qui
1587 3924 1710 3996 qui-

204 4057 257 4134 (°_)
292 4063 444 4134 ῐςατὰ
494 4065 558 4117 δὲ
604 4063 894 4134 (Ἅνςείφχον
935 4065 1140 4117 τουτονὶ
1184 4064 1500 4127 Ματταθίας
1553 4061 1920 4134 Ἀσαμωναίου
1953 4062 2082 4134 τεαῖς
2127 4059 2285 4134 ζῇλργ
2319 4059 2424 4134 ⁸ἰὴν

1891 1912 1943 1966 7.
1984 1911 2157 1981 Hujus
2187 1920 2345 1968 astute
2377 1915 2620 1982 regnavit
2651 1911 2706 1965 in
2746 1911 2901 1984 Syria
2931 1909 3254 1976 Antiochus,
3283 1925 3379 1966 co-

1818 2010 2110 2074 gnomento
2141 2002 2473 2074 Epiphanes,
2506 2004 2609 2060 sub
2648 2020 2760 2074 quo
2787 2019 2851 2060 ea
2886 2003 3229 2074 contigerunt
3257 2020 3377 2074 quae

1818 2097 1874 2150 in
1902 2095 2041 2149 libro
2067 2093 2142 2165 (7)
2173 2094 2603 2150 Machahatorum
2627 2105 2954 2163 narrantur;
2991 2111 3204 2166 nempe,
3235 2095 3380 2164 quod

1817 2187 2124 2245 Antiochus
2153 2186 2393 2242 Judaeum
2415 2196 2629 2260 gentem
2658 2187 2724 2242 ad
2748 2186 3165 2258 superstitiones
3199 2188 3379 2243 ethni-

1815 2296 1909 2337 eas
1946 2280 2115 2337 relabi
2155 2281 2419 2350 coegerit,
2459 2280 2828 2351 templumque
2869 2279 3132 2336 dedicatis
3179 2279 3252 2334 ibi
3299 2281 3377 2335 si-

1815 2373 1934 2443 guis
1997 2374 2374 2438 temeraverit,
2425 2382 2539 2426 tum
2589 2381 2644 2427 et
2703 2387 2914 2427 sacram
2985 2371 3375 2442 supellectilem

1817 2465 2124 2536 Olympiade
2164 2465 2462 2520 centesima
2485 2465 2936 2535 quinquagesima
2969 2464 3145 2533 prima
3170 2464 3246 2534 (8)
3293 2464 3376 2517 di-

1815 2558 2066 2628 ripuerit.
2085 2555 2410 2626 lnterjacent
2433 2564 2610 2611 autem
2637 2557 2782 2612 inter
2799 2554 3108 2612 Macedonis
3133 2555 3374 2610 Alexan-

1814 2647 1897 2701 dri
1927 2647 2133 2702 obitum
2162 2649 2507 2718 primumque
2541 2661 2744 2701 annum
2787 2646 3086 2718 Epiphanis
3116 2647 3370 2702 Antiochi

1815 2739 1943 2794 anni
1961 2755 2025 2794 cr.
2054 2740 2130 2809 (9)
2164 2760 2176 2794 :
2207 2749 2260 2795 et
2308 2740 2448 2794 inter
2491 2741 2718 2796 alterum
2756 2739 2900 2794 Darii
2950 2755 3154 2796 annum
3207 2744 3372 2807 atque

1816 2833 1985 2901 ipsum
2004 2831 2328 2886 Antiochum
2350 2831 2477 2886 anni
2501 2847 2742 2886 eccum
2773 2830 2906 2902 (l0).
2939 2829 3114 2900 Hujus
3137 2833 3157 2853 '
3184 2831 3373 2886 Antio-

1814 2923 1902 2978 chi
1933 2923 2275 2992 temporibus
2303 2923 2612 2992 Matathias,
2649 2922 2952 2978 Asamonaei
2979 2921 3144 2987 filius,
3173 2922 3374 2993 patrio-

1813 3028 1936 3068 rum
1976 3027 2256 3068 sacrorum
2286 3014 2458 3067 zelum
2510 3033 2623 3092 prae
2661 3027 2720 3068 se
2767 3011 2968 3076 ferens,
3003 3011 3113 3066 dux
3155 3011 3374 3082 gentilis

1812 3103 2093 3162 exercitus
2114 3103 2347 3159 exstitit.
2395 3101 2534 3158 Huic
2568 3105 2834 3158 successit
2881 3101 3050 3158 Judas
3079 3101 3247 3168 filius,
3282 3117 3376 3157 co-

1817 3199 2112 3266 gnomento
2141 3190 2499 3247 Machabaeus.
2533 3191 2661 3249 Post
2689 3192 2834 3248 hunc
2865 3209 3059 3249 rursus
3087 3192 3254 3248 frater
3279 3191 3375 3248 Jo-

1816 3285 2012 3340 natlias
2039 3303 2051 3338 :
2077 3289 2200 3353 post
2247 3297 2407 3352 quem
2442 3282 2608 3336 frater
2647 3283 2771 3338 item
2811 3282 3020 3349 Simon,
3067 3285 3122 3338 in
3157 3299 3265 3358 quo
3307 3284 3374 3337 li-

1816 3380 1914 3434 bet'
1935 3377 2046 3446 (11)
2084 3375 2506 3430 Machabaeorum
2532 3374 2690 3429 finem
2725 3373 2874 3439 facit,
2928 3391 3196 3430 annorum
3233 3392 3374 3447 qua-

1814 3469 2063 3538 draginta
2086 3465 2197 3538 (12)
2225 3481 2314 3519 res
2341 3465 2677 3535 complexus,
2695 3481 2887 3536 nempe
2917 3483 3089 3537 usque
3113 3466 3180 3521 ad
3200 3467 3375 3539 olym-

1811 3559 2024 3630 piadcm
2081 3557 2431 3612 centesimam
2474 3558 2864 3626 sexagesimam
2915 3559 3143 3629 primam
3188 3561 3375 3630 exple-

1813 3651 1922 3698 tam
1945 3662 1958 3698 :
1981 3659 2011 3697 a
2040 3660 2145 3714 qua
2175 3643 2240 3697 ad
2269 3645 2567 3714 Augustum
2595 3643 2962 3700 Romanorum
2990 3647 3372 3716 imperatorem

1813 3735 1943 3790 anni
1968 3750 2206 3790 Lxxxvtu
2239 3746 2548 3805 supersunt.

1873 3831 1927 3887 8.
1949 3832 2076 3888 Post
2090 3831 2386 3898 Simonem,
2405 3832 2632 3888 testibus
2645 3831 2901 3889 Africano
2915 3841 2969 3889 et
2985 3832 3222 3902 Josepho
3239 3833 3371 3904 (15),

1809 3924 2116 3981 Iudaeorum
2153 3925 2394 3982 ductavit
2430 3926 2727 3981 exercitum
2757 3924 3020 3981 Jooathas
3045 3927 3179 3998 (l4),
3205 3927 3296 3996 qui
3321 3935 3375 3979 et

2655 4058 2755 4127 τῆς
2803 4059 3031 4129 πατρίῳ
3079 4056 3374 4129 Θρησκε-ἔας

149 4127 417 4206 ᾴνξιλαὸξὼν,
446 4134 556 4206 τὴν
597 4127 1070 4206 Ἰουᾷαίῶγ-ἀρχὴν
1118 4136 1482 4206 (invenissem-.9,
1516 4136 1608 4188 καὶ
1639 4127 2002 4206 ἡκξήσαςτο-τᾳῖι
2037 4127 2198 4206 Αλαρῧζ
2228 4129 2365 4206 M50:
2380 4129 2439 4206 ὂιί
2473 4127 2646 4206 (auio;
2674 4127 2837 4206 αὑτρᾷ
2871 4127 3067 4206 ass-aa;
3094 4127 3372 4206 6-é7itﬁ‘A‘q-

149 4195 238 4275 θὶὶς
261 4195 670 4275 Μακκαβαῖος.
714 4195 1145 4275 ’ἰωνάρηξᾟκετά
1173 4195 1378 4275 τοῦτὸν.
1417 4195 1597 4275 Σίμων
1629 4195 1839 4275 “robios/1
1879 4203 1907 4252 ὁ
1944 4200 2168 4275 ἀᾷελφὺς
2204 4198 2368 4275 ανξιτοῦ
2411 4199 2727 4275 ᾷεαδέχεται.
2751 4199 2858 4275 Ἐἰς
2892 4196 3078 4275 τοῇςον
3116 4200 3148 4267 ὴ
3195 4195 3375 4267 βίϐλος

149 4267 650 4360 τῶζιιΜξιιξκαϐαίων
680 4267 1573 4360 τξεῖρααιοςιὲαίπεριέχουσα.χρόῖιον
1605 4274 1738 4360 sed»:
1769 4267 2174 4360 τεσςαεὸικοντα
2208 4269 2366 4353 μέθχρι
2390 4267 2713 4360 τέξουζρςω
2741 4267 3087 4360 ἑξυμπξάδας.

202 4341 407 4396 Μετὰδὲ
424 4345 670 4414 Σίμωνα
699 4336 963 4395 Ἱόυδαίων
991 4336 1223 4412 ἡγεῖταὶξ
1240 4336 1434 4409 καθὼῖξ
1457 4343 1777 4416 Ἀφρικανὸς
1803 4342 1898 4394 καὶ
1937 4336 2237 4410 Ἰὡσηπποξ
2269 4336 2590 4409 ἱὸτοροῦσιν,
2606 4336 2897 4407 Ἶωνάθης,
2919 4337 2946 4387 ὁ
2963 4338 3056 4388 καὶ
3088 4338 3366 4408 Ὑρκανὸς,

205 4461 256 4530 (ι)
277 4459 578 4534 Syncellus
605 4477 663 4531 p.
693 4461 805 4534 181Δ
824 4462 864 4514 D
885 4463 958 4516 ait
983 4483 994 4516 :
1016 4463 1302 4534 Etﬂvﬁjt’?
1339 4463 1509 4534 Ἀδὰμ
1533 4464 1636 4526 ἕως
1660 4462 1707 4534 η’

1887 4461 1961 4529 (6)
2000 4460 2184 4514 Codex
2211 4460 2361 4512 Arm.
2399 4473 2588 4521 xxvtu,
2615 4457 2708 4514 sed
2739 4456 2968 4512 inferius
2997 4474 3226 4512 xxxvnt.

145 4529 269 4604 ego;
297 4529 631 4604 Σολομῶνοζ
677 4531 821 4604 κατὰ
857 4533 1145 4597 Εὑσὲϐιον,
1183 4529 1302 4604 ὶδρό
1329 4551 1342 4564 ·
1377 4529 1702 4587 Λὸ”Α⁹άαιηὸ

1881 4531 1960 4604 (7)
2000 4529 2202 4604 Nempe
2227 4531 2416 4604 ρνξιηρτ

147 4601 199 4648 ad
261 4601 503 4656 actarum
590 4602 901 4658 Salomonis
959 4620 1152 4657 annum
1221 4603 1479 4658 Eusebius
1538 4621 1702 4657 annos

146 4684 410 4744 EIVIICLSX
459 4675 648 4744 ponit.
702 4671 986 4742 Templum
1029 4675 1304 4728 conditum
1338 4682 1422 4728 est
1465 4690 1610 4727 anno
1653 4689 1704 4726 IV

145 4738 470 4800 Salomonisf
501 4744 662 4813 Ergo
700 4757 730 4796 a
770 4738 1156 4808 un'unDCLxxx,
1203 4745 1486 4800 subductis
1511 4759 1616 4798 Dcn
1653 4753 1706 4798 et

144 4822 202 4868 Iv,
227 4822 529 4882 supersunt
557 4813 697 4867 anni
726 4828 1066 4868 unuuLxxlv.

199 4880 266 4950 (9.)
294 4880 518 4954 Nempe
566 4896 723 4937 anno
757 4884 932 4955 altero
967 4883 1262 4939 instaurari
1313 4893 1573 4955 emptum,
1612 4898 1706 4938 oc-

141 4955 241 5024 targ
263 4956 341 5024 vel
373 4953 579 5024 potius
617 4959 775 5008 sexto
804 4953 1111 5024 absolutum
1144 4963 1248 5009 est.

195 5019 262 5095 (Ei)
299 5023 354 5095 l_u
375 5019 619 5079 'codicis
651 5033 905 5095 textuxi,
931 5031 990 5095 at
1013 5023 1067 5077 in
1098 5026 1340 5095 margine
1373 5041 1463 5078 xx.

194 5092 261 5158 (4)
299 5093 440 5148 Rem
487 5096 644 5148 hanc
675 5093 1088 5146 celeberrimam
1123 5092 1318 5150 rursus
1349 5093 1563 5162 attingit
1599 5093 1706 5147 Eu-

141 5161 291 5233 gebius
325 5166 380 5219 in
433 5167 703 5219 secundo
738 5163 898 5225 libro,
939 5164 1083 5232 quod
1114 5164 1242 5219 facit
1271 5166 1431 5220 etiam
1480 5161 1534 5217 in
1567 5181 1706 5233 prae-

139 5226 313 5288 fatione
371 5234 764 5294 Psalmorum,
799 5226 1063 5303 itemque
1109 5235 1164 5288 in
1200 5226 1588 5288 Commentario
1635 5237 1704 5288 ad

138 5304 372 5362 psalmum
394 5321 549 5358 uti.
584 5305 652 5356 Et
679 5301 902 5370 quidem
931 5301 996 5357 de
1027 5302 1197 5358 Esdra
1226 5305 1488 5358 librorum
1513 5319 1703 5358 sacro-

142 5381 234 5442 rum
266 5374 686 5434 instauratore,
715 5373 953 5441 itemque
982 5373 1048 5427 de
1085 5375 1390 5428 litterarum
1425 5374 1568 5442 apud
1603 5374 1706 5429 lle-

140 5434 283 5509 !meos
303 5448 654 5506 mutatione,
685 5434 892 5509 judicia
935 5451 1172 5497 veterum
1213 5445 1430 5496 Patrum
1460 5434 1563 5497 nec
1595 5461 1704 5499 non

141 5505 422 5584 (“deorum
464 5505 773 5584 commode
803 5516 1139 5584 coacervavit
1173 5513 1448 5568 Calmetus
1493 5513 1545 5584 in
1587 5530 1706 5584 per-

143 5580 286 5638 doctis
323 5582 839 5639 dissertationibus
881 5581 1064 5649 Esdra:
1102 5584 1431 5654 przepositis,
1465 5583 1531 5636 ad
1565 5580 1704 5654 quas

141 5659 341 5709 tectores
373 5654 641 5723 ablegam
653 5667 741 5706 us.

190 5723 256 5792 (5)
295 5723 374 5777 Ita
415 5720 601 5778 etiam
651 5723 723 5792 in,
764 5720 964 5792 tabulis
1007 5729 1062 5776 et
1111 5722 1166 5777 in
1208 5721 1509 5792 posteriore
1538 5723 1700 5783 libro.

138 5785 466 5866 Msuperius
500 5807 632 5863 cap.
671 5791 743 5847 15
774 5791 1090 5849 scribuntur
1113 5785 1238 5850 anni
1273 5811 1366 5850 vu.

1881 4597 1958 4670 (8)
1998 4601 2053 4653 ln
2105 4597 2346 4655 secundo
2389 4599 2529 4653 libro
2571 4597 2830 4654 dicuntur
2870 4599 2984 4654 haec
3023 4599 3093 4654 ab
3138 4598 3373 4656 Eusebio

1808 4671 2106 4741 Contigisse
2135 4670 2441 4741 Olympiade
2468 4684 2618 4741 cun.

1878 4741 1955 4814 (9)
1999 4740 2130 4814 Yide
2155 4739 2511 4810 pesteriorem
2543 4739 2761 4814 librum.

1879 4809 1993 4884 (10)
2019 4809 2366 4884 Υἱᾴβξιοιιηιιβ
2394 4811 2749 4878 posteriorem
2776 4809 2996 4864 librum.

1879 4881 1924 4952 (1
1941 4881 1991 4945 1)
2031 4881 2251 4952 Scilicet
2272 4881 2493 4952 primus.

1879 4948 2175 5024 (12)MErgo
2204 4948 2460 5024 mendose
2477 4948 2739 5024 scribitur
2758 4949 2910 5024 apud
2942 4948 3250 5024 _S_vnccllum
3291 4956 3378 5006 tri-

1842 5019 2074 5076 iutaIEn
2102 5019 2280 5076 autem
2304 5021 2424 5089 ejus
2449 5021 2608 5073 verba
2636 5036 2687 5088 p.
2713 5019 2817 5073 288
2835 5021 2897 5072 A.
2945 5019 3000 5073 Ὀ
3026 5023 3134 5075 ἀπὸ
3158 5025 3378 5076 Ματτα-
3453 5053 3456 5068 ί

1844 5094 1921 5146 ίου
1949 5092 2041 5146 τοῦ
2064 5093 2282 5164 πατρὸς
2306 5091 2415 5164 τῶν
2451 5090 2837 5164 ΜακκαόειιξῳνΔ
2856 5090 3028 5164 ξΙούδα
3055 5093 3147 5164 καὶ
3193 5094 3378 5164 Ἰωνά-

1807 5163 1899 5233 οου
1935 5165 2028 5216 καὶ
2055 5159 2292 5233 Σίμώνος
2321 5161 2508 5233 χρόνος
2522 5159 2675 5233 -κατὰ
2691 5159 2963 5233 -Εὺσέξιονᾲ
2996 5163 3132 5233 ἐτῶν
3160 5165 3278 5216 ἐστι
3313 5163 3372 5214 λ’·

1808 5232 2028 5286 Summa
2054 5229 2446 5301 temporisaquo
2482 5231 2536 5283 Μ
2543 5230 2797 5301 uttathias
2823 5229 3248 5301 Alaqlrabceorum
3281 5249 3378 5300 pa-

1810 5313 1904 5365 ter,
1935 5320 2024 5356 nec
2049 5299 2282 5370 non'ﬁlii
2316 5299 2512 5365 Judas,
2547 5300 2810 5353 Jonathas
2840 5309 2887 5352 et
2919 5299 3101 5357 Simon
3131 5320 3238 5356 rem
3280 5299 3378 5370 pu-
3468 5324 3471 5326 ·

1808 5374 1998 5426 blicam
2045 5373 2506 5433 administrarunt,
2554 5371 2681 5423 anni
2711 5381 2834 5422 sunt
2878 5386 2985 5424 xxx
3037 5373 3106 5425 ad
3154 5371 3375 5426 Eusebii

1807 5443 2058 5497 rationes.
2098 5443 2393 5496 Dicendum
2422 5449 2540 5496 erat
2578 5441 2744 5509 igitur
2774 5441 3148 5508 quadraginta,
3179 5443 3255 5496 uti
3288 5449 3373 5496 est

1808 5513 1861 5565 in
1897 5512 2082 5568 Graeco
2128 5521 2300 5574 textu,
2341 5518 2510 5582 utque
2546 5525 2576 5564 a
2621 5510 2920 5580 posteriore
2965 5509 3185 5568 Eusebii
3229 5513 3372 5567 libro

1805 5583 2117 5636 conﬁrmari
2153 5584 2384 5636 videtur.

1875 5652 1988 5790 (15)
2024 5653 2200 5722 Antiq.
2232 5667 2350 5710 xm,
2389 5651 2441 5705 8.

1905 5721 1992 5789 M)
2036 5723 2114 5776 Ita
2163 5721 2426 5775 Jouathas

1905 5721 1992 5789 M)
2036 5723 2114 5776 Ita
2163 5719 2426 5775 Jouathas
2475 5722 2528 5773 in
2561 5727 2710 5773 textu
2739 5719 2998 5776 Armenio
3045 5730 3100 5776 et
3142 5719 3366 5787 Graeco;

1807 5789 1942 5862 quin
1988 5794 2150 5850 etiam
2201 5792 2258 5846 in
2305 5790 2646 5847 Armeniacis
2681 5789 2917 5848 Bibliisl
2957 5790 3202 5847 Machab.
3243 5807 3368 5857 xm,
