3830 6350
355 379 462 435 245

607 492 741 550 νιῐι.
778 494 1148 549 Aristomedes
1169 495 1328 549 armis
1360 511 1522 549 xxxv.

609 585 698 641 lX.
730 585 972 654 Agemon
1001 585 1159 639 annis
1184 600 1296 638 xw.

603 674 673 731 Χ.
705 674 1014 731 Alexander
1043 674 1202 728 annis
1229 690 1352 730 xxv.

608 764 701 821 XI.
731 764 975 821 Telestes
1007 765 1166 819 annis
1195 779 1292 819 xu.

609 858 722 914 XII.
761 859 1092 913 Automenes
1121 873 1265 911 anno
1293 874 1327 910 ι.

605 952 741 1006 Exin
771 951 935 1005 annui
959 947 1216 1020 praesides
1239 947 1479 1003 fuerunt.

899 1041 1130 1098 CAPUT
1166 1041 1391 1096 XXXV.

537 1137 1058 1192 Lacedaemoniorum
1087 1152 1233 1205 reges
1267 1152 1294 1190 e
1321 1135 1545 1190 Diodori
1582 1135 1749 1190 libris.

379 1239 382 1242 ‘
430 1234 450 1253 ⁶
486 1229 538 1284 1.
573 1228 840 1296 Quoniam
873 1242 902 1280 a
926 1227 1090 1282 rebus
1117 1224 1375 1294 Trojanis
1397 1243 1573 1297 usque
1603 1227 1672 1282 ad
1698 1226 1927 1297 primam

358 1320 720 1392 olympiadem
754 1316 991 1373 dimcilis
1031 1324 1338 1387 temporum
1373 1317 1584 1372 notatio
1645 1323 1750 1382 est,
1803 1331 1932 1386 pro-

365 1425 544 1482 pterea
567 1411 713 1484 quod
743 1426 809 1467 eo
839 1409 1128 1466 intervallo
1157 1425 1344 1480 neque
1357 1409 1586 1466 Athenis
1609 1425 1784 1480 neque
1805 1408 1928 1463 aliis

364 1507 416 1558 in
449 1505 677 1560 urbibus
707 1503 875 1558 annui
922 1503 1273 1573 magistratus
1303 1501 1563 1569 fuerunt;
1600 1501 1804 1556 idcirco
1829 1514 1928 1554 nos

363 1595 426 1648 ad
455 1610 572 1650 eam
624 1610 739 1649 rem
794 1603 1013 1648 utemur
1048 1591 1584 1647 Lacedaemoniorum
1615 1592 1853 1662 regibus.
1884 1588 1934 1642 A-

361 1685 540 1756 Trojae
567 1687 736 1742 exitio
768 1685 836 1740 ad
857 1685 1092 1756 primam
1123 1684 1485 1756 Olympiadem
1512 1685 1650 1754 lapsi
1672 1691 1822 1747 sunt,
1851 1684 1928 1737 uti

359 1777 716 1835 Atheniensis
751 1779 1121 1849 Apollodorus
1153 1779 1249 1842 ait,
1283 1778 1411 1832 anni
1441 1792 1606 1832 cnvui
1639 1777 1716 1847 (1)
1745 1796 1759 1830 :
1791 1792 1928 1846 quo-

1035 377 1302 434 EUSEBII
1335 377 1812 433 CESARIENSIS
1851 376 2000 433 OPP.
2050 379 2233 436 PARS
2270 381 2308 435 l.
2351 411 2418 419 -
2451 378 2841 435 lllSTOlthA.

3495 375 3597 430 2M

1953 502 2001 557 Α
2029 497 2189 553 annis
2220 499 2502 570 sexaginta
2534 516 2551 552 :
2587 503 2775 567 postea
2803 492 3070 547 Nicander
3100 493 3260 546 annis
3287 489 3505 544 duobus
3534 491 3596 544 de

2030 590 2423 662 quadraginta;
2449 588 2835 665 TheOpompus
2857 585 3020 639 annis
3049 590 3254 652 septem
3278 590 3334 638 et
3360 581 3600 651 quadra-

2029 683 2198 750 ginta.
2238 681 2296 736 In
2342 680 2509 750 hujus
2543 682 2674 734 item
2705 677 2920 732 decimo
2950 690 3094 728 anno
3124 675 3302 745 prima
3330 675 3600 745 Olympias

2029 774 2384 844 cumperitur.
2429 772 2653 826 Summa
2685 769 2949 840 temporis
2975 782 3005 823 a
3032 767 3198 836 Troja
3235 775 3398 836 capta
3427 783 3600 838 usque

2031 865 2097 919 ad
2119 865 2446 921 descensum
2470 863 2884 919 Heraclidarum
2909 861 3036 916 anni
3065 869 3193 916 sunt
3219 875 3386 916 Lxxx.

2101 956 2528 1027 Subsequuntur
2558 954 3097 1011 Lacedaemoniorum
3128 969 3306 1025 reges.

2101 1049 2142 1104 Ι.
2179 1049 2518 1122 Eurystheus
2545 1049 2704 1105 annis
2733 1065 2862 1103 xLu.

2097 1142 2160 1198 ll.
2197 1143 2330 1213 Agis
2360 1157 2505 1199 anno
2527 1159 2567 1199 ι.

2105 1234 2197 1290 111.
2228 1235 2587 1290 Echestratus
2615 1234 2774 1289 anuis
2799 1250 3001 1289 xxxvu.

2099 1323 2190 1378 IV.
2227 1323 2464 1380 Lahotas
2497 1323 2657 1378 annis
2686 1339 2889 1377 xxxvu.

2105 1417 2172 1471 ν.
2199 1415 2510 1487 Dorysthus
2541 1415 2700 1471 annis
2728 1431 2878 1472 xxix.

2105 1508 2196 1566 Vl.
2227 1511 2515 1581 Agesilaus
2541 1508 2702 1562 annis
2724 1522 2866 1560 κων.

2102 1600 2214 1656 Vll.
2253 1601 2558 1657 Archelaus
2592 1601 2749 1654 anuis
2773 1612 2862 1651 ιι.

2103 1693 2238 1748 Vlll.
2275 1693 2527 1749 Teleclus
2557 1692 2717 1747 annis
2751 1707 2841 1746 χι..

2105 1788 2198 1843 IX.
2236 1789 2559 1843 Alcamenes
2591 1787 2752 1840 annis
2787 1800 3000 1849 xxxvii,
3032 1783 3190 1854 cujus
3222 1782 3438 1839 decimo
3460 1794 3612 1836 anno

361 1885 480 1923 rum
504 1885 648 1924 Lxxx
679 1877 1040 1924 numerantur
1053 1885 1229 1939 usque
1268 1869 1333 1924 ad
1364 1865 1778 1924 lleraclidarum
1804 1866 1932 1922 des-
1961 1857 2002 1912 Β
2036 1881 2508 1952 prima—Olympias
2532 1887 2654 1933 acta
2677 1886 2781 1933 εει,

359 1978 608 2026 censum,
658 1962 854 2032 reliqui
917 1972 1257 2031 occupantur
1303 1976 1335 2015 a
1389 1959 1927 2016 Lacedaemoniorum

362 2055 602 2126 regibus,
631 2052 845 2118 Procle,
874 2053 1180 2125 Eurystheo
1201 2053 1303 2124 (2),
1330 2053 1640 2124 horumque
1668 2052 1926 2123 posteris.

361 2144 473 2200 Nos
496 2161 627 2200 vero
656 2145 904 2216 singulos
935 2163 1001 2201 ex
1034 2146 1122 2202 his
1159 2145 1385 2202 familiis
1429 2163 1573 2218 reges
1597 2160 1926 2216 percensea-

363 2253 485 2292 mus
505 2253 678 2306 usque
703 2236 769 2291 ad
793 2237 1020 2307 primam
1061 2238 1447 2309 Olympiadem.

427 2329 484 2383 2.
527 2327 865 2399 Eurystheus
894 2345 1122 2400 regnum
1145 2344 1377 2385 exorsus
1397 2339 1483 2386 est
1513 2344 1656 2385 anno
1689 2339 1810 2402 post
1839 2347 1927 2386 res

359 2419 627 2490 Trojanas
656 2421 1013 2491 octogesimo,
1049 2421 1332 2492 tenuitque
1359 2422 1575 2478 duobus
1605 2438 1768 2493 supra
1792 2439 1927 2493 qua-

357 2511 631 2582 draginta.
683 2511 814 2568 Post
861 2529 983 2568 eum
1031 2515 1162 2585 Agis
1205 2530 1350 2569 anno
1399 2531 1539 2582 uno;
1575 2514 1927 2571 Echestratus

358 2603 518 2659 annis
539 2602 763 2674 triginta
797 2611 851 2656 et
882 2615 992 2656 uno
1035 2603 1113 2673 (5)
1161 2621 1175 2657 :
1229 2619 1393 2674 quem
1446 2604 1662 2674 excepit
1691 2602 1927 2659 Labotas

357 2695 522 2751 annis
547 2703 753 2766 septem
789 2711 914 2751 cum
947 2696 1208 2766 triginta;
1242 2705 1358 2751 tum
1391 2696 1700 2768 Dorysthus
1726 2696 1802 2767 (4)
1827 2712 1929 2750 an-

356 2785 444 2841 nis
494 2785 863 2859 undetriginta
903 2806 916 2842 :
962 2787 1052 2842 his
1108 2789 1381 2845 successit
1439 2788 1726 2860 Agesilaus
1770 2791 1929 2844 annis

356 2885 592 2946 quatuor
620 2892 748 2932 cum
772 2877 1172 2949 quadraginta;
1204 2877 1562 2936 Archesilaus
1594 2880 1755 2935 annis
1779 2897 1932 2936 sexa—

355 2967 548 3038 ginta;
573 2966 827 3022 Teleclus
857 2968 1016 3022 annis
1044 2969 1437 3039 quadraginta;
1483 2967 1808 3025 Alcamenes
1835 2971 1930 3025 de-

362 3062 530 3132 nique
569 3063 730 3116 annis
761 3066 886 3116 octo
920 3075 1044 3115 cum
1074 3060 1301 3130 triginta
1329 3061 1430 3130 (5).
1461 3062 1522 3115 In
1555 3061 1722 3131 hujus
1754 3063 1928 3132 impe-

357 3151 698 3206 rautisanno
716 3151 929 3206 decimo
957 3151 1130 3220 prima
1157 3152 1425 3223 olympias
1441 3153 1798 3223 comperitur,
1823 3168 1931 3224 qua

359 3245 489 3300 vicit
514 3245 749 3300 stadium
777 3219 1044 3302 Coroebus
1080 3219 1244 3302 Eleus
1284 3219 1383 3319 (ii).
1417 3246 1502 3302 Ex
1529 3219 1700 3302 altera
1729 3219 1935 3317 pari—ter
1961 3219 2003 3277 Ο

360 3335 940 3409 domo-regnaverunt,
975 3339 1199 3394 Procles
1232 3340 1410 3410 primo
1457 3341 1630 3395 annis.
1659 3341 1934 3412 quinqua-
1977 3400 1983 3406 ,

361 3429 516 3500 ginta
540 3445 652 3484 uno
673 3430 856 3485 minus
889 3431 967 3503 (ἴ)
995 3451 1006 3485 :
1031 3439 1148 3484 tum
1182 3430 1436 3503 Prytanis
1482 3432 1560 3502 (8)
1594 3433 1755 3488 annis
1777 3435 1935 3504 quin-

359 3522 620 3591 quaginta
647 3538 759 3577 uno
805 3523 988 3577 minus
1032 3541 1046 3577 :
1096 3523 1292 3578 deinde
1333 3522 1633 3579 Eunomius
1663 3523 1739 3595 (9)
1769 3526 1930 3580 annis

361 3614 604 3686 quinque
655 3630 780 3669 cum
826 3614 1227 3686 quadraginta:
1260 3615 1455 3673 deinde
1482 3615 1770 3672 Chariclus
1820 3616 1950 3687 (10).

443 3769 835 3841 Ἀριστομήδης
867 3769 964 3841 Et};
989 3768 1095 3823 λε’.,

446 3839 698 3912 Ἀγῆμων
726 3839 822 3911 ἔτη
854 3839 960 3904 ις’έ.

436 4003 981 4090 ρῦξὶένιαρσιοι
1007 4006 1314 4090 πρυτάνεις.
1346 4001 1429 4090 Ea:
1463 4001 1728 4090 δειιιειειιο3
1759 4021 1812 4074 p.
1848 4003 1968 4090 1:70.

2110 1973 2332 2029 Summa
2359 1987 2630 2028 annorum
2649 1987 2880 2026 cccxxx.

2109 2067 2187 2120 Ex
2218 2068 2391 2120 altera
2419 2081 2548 2120 vero
2579 2063 2784 2118 familia
2816 2070 3198 2133 regnaverunt.

2103 2157 2143 2214 l.
2178 2156 2399 2212 Procles
2426 2156 2584 2211 annis
2617 2171 2689 2210 LI.

2105 2247 2167 2306 ll'.
2206 2248 2460 2320 Prytanis
2487 2249 2646 2302 annis
2679 2263 2827 2301 xux.

2107 2335 2193 2391 lll.
2232 2335 2532 2390 Eunomius
2556 2335 2714 2388 annis
2745 2351 2868 2389 xcv.

2106 2425 2196 2482 IV.
2229 2427 2513 2482 Charicles
2548 2426 2662 2496 (Η)
2686 2427 2844 2479 annis
2876 2439 2964 2478 ιιι.

2105 2517 2172 2574 V.
2202 2517 2474 2573 Nicander
2495 2519 2654 2572 annis
2681 2534 2909 2572 xxxvm.

2105 2604 2197 2663 Vl.
2223 2607 2609 2678 Theopompus
2631 2608 2792 2663 annis
2826 2621 2992 2673 xum,
3020 2604 3180 2674 cujus
3211 2604 3433 2659 decimo
3462 2616 3616 2659 anno
3638 2658 3652 2674 ,

2037 2709 2157 2755 acta
2180 2707 2265 2754 est
2288 2700 2464 2770 prima
2495 2700 2784 2772 olympias.

2109 2791 2333 2847 Summa
2367 2807 2634 2847 annorum
2669 2807 2822 2846 ccxc.

2565 2882 2794 2938 CAPUT
2835 2881 3073 2937 XXXVI.

2076 2976 2158 3030 Ex
2197 2975 2420 3030 Diodori
2469 2975 2620 3030 libris
2657 2975 2876 3029 breviter
2920 2976 2984 3029 de
3026 2972 3360 3043 temporibus.
3397 2972 3574 3028 maria

2473 3069 2694 3138 imperio
2722 3071 3005 3123 tenentium
3036 3069 3168 3139 (19).

2112 3156 2278 3214 Maris
2325 3159 2617 3229 imperium
2665 3167 2791 3229 pust
2837 3157 3139 3229 Trojanum
3188 3157 3390 3213 bellum
3418 3163 3609 3212 tenue-

1992 3254 2166 3308 'runt

2105 3341 2145 3400 1.
2176 3344 2216 3362 “
2242 3341 2376 3414 Lydi
2403 3349 2458 3396 et
2492 3341 2728 3398 Mmones
2763 3343 2876 3413 (15)
2899 3343 3059 3399 annis
3085 3356 3219 3397 xcu.

2111 3435 2176 3489 ll.
2203 3435 2419 3507 Pelasgi
2444 3438 2602 3492 annis
2631 3453 2834 3492 Lxxxv.

2111 3524 2197 3578 Ill.
2243 3525 2484 3582 Thraces
2510 3529 2671 3584 annis
2703 3545 2888 3584 LXXIX.

2115 3615 2207 3670 Ν.
2239 3615 2437 3672 Rhodii
2475 3618 2636 3674 anuis
2674 3635 2831 3674 xxiu.

2111 3762 2458 3837 ᾏλέξανδρος
2485 3767 2576 3837 ἔτη
2614 3773 2708 3819 κε’.

2111 3834 2242 3906 Tela
2250 3834 2381 3906 στὴς
2407 3837 2498 3906 ἐτη
2529 3836 2615 3888 ιϐ’.

2109 3905 2419 3978 Αὐτομενὴς
2449 3905 2566 3970 ἔτος
2593 3907 2670 3960 ἓν.

437 4075 499 4197 θ’)
537 4075 656 4126 Τῶν
677 4075 732 4128 δὲ
758 4078 960 4146 χρόνων
983 4071 1184 4131 τοῦτων
1207 4071 1678 4147 περιειλημμένων
1701 4071 1768 4135 ἐν
1791 4074 1964 4146 ταύτῃ
1987 4075 2051 4144 τῇ
2080 4077 2447 4158 πραγματείᾳ,
2474 4074 2599 4135 τοὺς
2631 4072 2729 4142 μὲν
2759 4072 2864 4143 πρὸ
2895 4071 3001 4124 τῶν
3017 4071 3276 4142 Τρωῖκῶν
3303 4072 3363 4124 οὐ
3388 4071 3614 4144 διοριζό-

471 4163 504 4197 α
535 4145 781 4197 Βεϐαίως.
816 4147 903 4197 διὰ
933 4148 992 4197 τὸ
1030 4147 1193 4197 μηδὲν
1221 4146 1568 4197 παράπηγμα
1591 4145 1981 4197 παρειληφέναι
2009 4145 2134 4197 περὶ
2159 4161 2362 4197 τουτων
2395 4145 2796 4197 πιστευόμενον.
2816 4143 2944 4195 Ἀπὸ
2969 4142 3025 4195 δὲ
3049 4141 3156 4195 τῶν
3185 4141 3469 4197 Τοωῖκῶν.
3490 4145 3614 4196 axo-

363 4141 504 4268 ἂκρα
534 4141 903 4232 βεϐαίῳέξξιὰ
933 4148 992 4201 τὸ
1029 4147 1193 4230 μηδὲν
1221 4141 1568 4217 παρὰπήὴμα
1591 4141 1981 4228 παρειληφέναι
2009 4141 2138 4215 περϊ
2159 4141 2362 4197 τόύτων
2395 4141 2944 4226 πιστευόμενρνξἊπῖς
2969 4142 3025 4195 δὲ
3049 4141 3157 4222 τῶν
3185 4141 3617 4212 Τρωῖκῶνζὰκοο

396 4215 566 4279 cubui;
589 4216 966 4280 ἈποΑλοοὼρῳ
996 4235 1073 4280 τῳ
1117 4213 1635 4280 Ἀθηναίῳηίθεμεν
1663 4216 1988 4280 ογδοήκοντα
2020 4215 2110 4280 ἐτη
2138 4215 2274 4280 πρὸς
2310 4215 2408 4280 τὴν
2440 4213 2660 4270 κάθοδον
2684 4231 2791 4266 των
2833 4212 3197 4280 Ἠρακλειδων
3215 4228 3228 4241 ⁸
3261 4211 3367 4264 ἀπὸ
3403 4213 3462 4267 δὲ
3489 4213 3612 4266 ταύ-

363 4215 566 4279 λδῦϐως
589 4215 966 4289 Ἀπολλοδώρῳ
996 4215 1073 4289 τῷ
1093 4215 1635 4286 ’Ἃθηναίῳῃίθεμεν
1663 4215 1988 4296 ὁγδοήζιοντα
2020 4215 2110 4284 ἐτη
2138 4215 2274 4286 πρὸς
2310 4215 2408 4336 την
2440 4215 2660 4270 κάθοδον
2684 4215 2791 4266 τῶν
2833 4215 3197 4297 ᾘρακλειδῶν
3215 4228 3228 4241 ⁸
3261 4215 3367 4296 ἀπὸ
3403 4215 3462 4267 δὲ
3489 4215 3612 4266 ταύ-

362 4302 461 4360 της
493 4287 584 4360 ἐπὶ
605 4286 707 4360 ςτγὴν
734 4287 953 4360 πρώτην
979 4288 1306 4360 ὀλυμπιάδα,
1339 4285 1459 4360 δνσὶ
1501 4284 1893 4360 λείπρνταᾉτῳν
1923 4286 2249 4360 ςτριακρσζων
2291 4304 2369 4360 λια-
2424 4286 2736 4360 τριάκοντα,
2769 4281 3202 4360 σᾼυλλογιςόμενοι
3234 4300 3358 4346 τους
3391 4283 3616 4355 χρόνους

363 4356 471 4409 ἀπὸ
502 4354 691 4410 τῶν’ὲν
721 4354 1092 4430 Λακεδαίμονί
1120 4357 1572 4430 βασιλευσάντων.
1609 4354 1691 4408 Ea:
1715 4355 1931 4410 Diodori

2074 4357 2270 4425 ratione
2294 4357 2322 4427 ὃ
2343 4357 2399 4422 4,
2431 4354 2520 4410 sed
2553 4371 2670 4408 cum
2695 4355 2967 4409 varietate.

431 4475 718 4547 (“)Auboi.
759 4476 808 4528 οἱ
849 4477 1209 4547 aedilitatibus;
1250 4474 1798 4546 ὲθαλασσοκράτησαν
1842 4476 1934 4547 ἔτη

357 4543 462 4614 ιβ’)
501 4543 778 4616 Sgncellus
809 4563 862 4614 p.
893 4547 995 4601 172
1033 4543 1095 4600 C.

364 4614 702 4742 ⁸8ὖῐειὶίασγο).
733 4617 778 4687 β’
807 4617 1356 4689 ὲθαλασσοκράτησαν
1399 4615 1494 4686 ἐτη
1549 4622 1661 4673 πε’.,
1699 4614 1847 4673 Idem
1881 4635 1933 4687 p.

2040 4562 2073 4615 ρ
2344 4475 2898 4547 ὲθαλασσοκράτησαν
2945 4472 3158 4545 Θρᾷκες
3190 4472 3284 4542 ἔτη
3330 4471 3428 4527 σθ’.
3469 4473 3618 4526 Idem

2115 4618 2373 4688 Τέταρτοι
2404 4616 2949 4688 ὲθαλασᾳρκράτηααν
2984 4613 3194 4677 Ῥόδιοι,
3222 4611 3364 4666 κατὰ
3391 4614 3449 4667 δέ
3469 4631 3618 4677 τινας

2044 4687 2303 4758 πέμπτοι,
2333 4687 2426 4760 ἔτη
2461 4694 2566 4755 κγ’.
2600 4687 2748 4740 Idem
2779 4687 2988 4740 ibidem.

433 4865 510 4937 (1)
547 4866 728 4923 Codex
758 4869 1187 4946 Αιδιιιη-ρίιεχιιι-ν
1217 4863 1481 4946 mendosa
1505 4862 1774 4946 scriptura
1803 4879 1933 4934 pro-
1964 4887 2012 4946 ι)
2039 4865 2272 4946 quocat
2305 4862 2467 4946 Suum
2504 4862 2718 4917 Proclis
2753 4863 2919 4918 tilium
2949 4903 2964 4928 ,
3023 4863 3261 4932 itemque
3308 4858 3400 4915 Soi
3445 4862 3621 4917 mium

365 4933 500 5002 nter'
526 4947 775 4992 notarum
811 4937 1243 4992 similitudinem.
1289 4933 1555 5004 Superius
1583 4933 1765 4989 tamen
1808 4933 1930 5005 cap.

359 5008 422 5062 5i
456 5009 774 5064 scribuntur
804 5023 1028 5062 CCCCVII.

435 5079 510 5146 (2)
548 5081 623 5133 lta
665 5079 857 5134 scribit
900 5075 1172 5131 Eusebius
1214 5074 1300 5128 bis
1325 5073 1512 5146 Aetiam
1545 5074 1601 5146 in
1635 5073 1935 5146 posteriore

363 5141 522 5204 libro.
557 5148 661 5204 Sed
683 5148 1034 5218 Eurysthenes
1057 5145 1259 5218 dicitur
1274 5160 1301 5196 a
1320 5141 1698 5218 Pa_usauia_tit,
1718 5143 1930 5218 Lapud

362 5236 521 5290 quem
566 5213 908 5290 geminorum
959 5217 1186 5270 fratrum
1225 5213 1438 5268 Proclis
1477 5225 1532 5268 et
1582 5213 1937 5284 Eurysthenis

362 5288 590 5344 historia
617 5288 840 5356 legenda
865 5297 970 5342 est.

432 5361 510 5429 (5)
536 5355 808 5413 Eusebius
842 5369 930 5429 tet:
952 5355 1182 5410 inferius
1216 5371 1424 5410 xxxv".

433 5431 509 5490 (4)
537 5429 860 5486 Pausanias.
899 5428 1181 5494 Doryssus.

433 5501 509 5565 (5)
545 5497 821 5552 Eusebius
853 5505 936 5551 ter
959 5496 1188 5551 inferius
1213 5511 1422 5550 xxxv".

434 5569 512 5632 (ϐ)
551 5567 820 5621 Eusebius
842 5577 1022 5621 tamen
1051 5567 1104 5620 in
1135 5566 1437 5636 posteriore
1466 5566 1592 5622 libre
1625 5567 1692 5620 ad
1725 5580 1931 5636 annum

362 5651 536 5719 licet}.
563 5637 794 5707 primam
840 5635 1199 5708 Olympiadem
1230 5637 1458 5691 collocat
1505 5636 1558 5690 iu
1603 5651 1748 5691 anno
1782 5635 1936 5689 Alca-

362 5722 536 5762 lllClllS
568 5721 776 5761 XXXVII.

436 5779 512 5840 (7)
544 5776 815 5832 Eusebius
847 5777 1078 5833 inferius
1102 5793 1178 5831 LI.

432 5848 508 5920 (8)
537 5847 842 5905 Pausanias
893 5865 976 5914 ιιι,
1026 5849 1076 5913 7,
1113 5851 1250 5903 inter
1284 5847 1527 5904 Proclem
1569 5857 1618 5904 ct
1653 5847 1932 5918 Prytanim

2041 4935 2118 4989 Eu
2130 4944 2393 5004 rypnntem
2404 4975 2416 4987 .

2115 5001 2197 5075 (9')
2226 5004 2528 5059 Pausanias
2565 5004 2756 5060 scribit
2789 5002 3107 5059 Eunomum.
3143 5001 3261 5075 .lam
3290 5001 3434 5075 inter
3476 5003 3624 5056 hunc

2042 5085 2097 5130 et
2126 5072 2456 5131 'Chariclum
2510 5075 2814 5130 Pausanias
2845 5090 2928 5140 ιιι,
2963 5075 3015 5140 7,
3055 5073 3246 5129 statuit
3301 5072 3623 5142 Polydecten

2040 5162 2221 5202 τρεειη
2231 5187 2245 5199 .

2104 5162 2789 5287 Ρειυεειηίαείεετίδιι
2806 5212 3122 5287 διανιιιωη.

2117 5282 2234 5356 (Η)
2262 5286 2340 5341 lta
2367 5287 2455 5340 hic
2487 5286 2658 5342 codex
2692 5287 2845 5339 Arm.
2868 5285 2937 5338 At
2967 5284 3220 5356 superius
3244 5282 3550 5338 Chariclus.

2117 5289 2203 5356 (Η
2262 5289 2340 5341 Ita
2367 5289 2455 5340 hic
2487 5289 2658 5342 codex
2692 5289 2845 5339 Arm.
2868 5289 2937 5338 At
2967 5289 3220 5354 superius
3244 5289 3550 5338 Chariclus.

2115 5289 2334 5430 (lQiDe
2361 5359 2450 5423 iis,
2472 5358 2564 5430 qui
2589 5358 2753 5430 maris
2776 5357 3060 5430 imperium
3083 5355 3630 5430 obt.iiiiieriint._opi_i_c

2044 5424 2450 5498 conscripserat
2477 5424 2643 5482 étiam
2687 5427 2883 5482 Castor
2908 5427 3217 5481 historicus
3256 5433 3398 5480 teste
3452 5424 3630 5478 Suida

2043 5514 2164 5553 voc.
2196 5499 2452 5570 Κᾲστωρ.

2113 5570 2227 5640 (15)
2260 5565 2555 5640 Distinguit
2601 5567 2773 5623 codex
2816 5567 2970 5622 Arm.
2997 5566 3238 5640 Lydos_a
3274 5565 3585 5622 Masonibus
3615 5584 3629 5628 ;

2043 5635 2263 5695 Graecus
2291 5635 2474 5696 textus
2507 5656 2677 5694 unum
2708 5640 2966 5708 populum
2991 5635 3151 5708 dicit.
3190 5635 3494 5708 Utramque
3512 5654 3632 5692 seu-

2040 5712 2264 5834 telntiam
2287 5721 2507 5835 tuenti”
2529 5707 2948 5782 auctorcs’apud
2973 5707 3263 5764 Ccllarium
3299 5707 3493 5780 Geogr.
3529 5717 3622 5763 vet.

2065 5799 2076 5834 ι
2125 5824 2136 5835 .
2172 5798 2254 5835 ιιι.
2280 5796 2400 5835 can.
2471 5821 2485 5835 .

2065 5796 2136 5836 ιι).
2172 5798 2254 5846 ιιι,
2280 5796 2400 5851 cap.
2432 5796 2485 5836 4.
