3830 6326
375 375 484 434 255

903 483 1136 540 CAPUT
1175 483 1412 538 XXXIX.

878 577 1248 632 Thessalorum
1299 592 1461 645 reges.

453 673 502 725 1.
537 668 787 724 Thessali
813 677 867 724 et
899 668 1135 739 Epirota:
1171 667 1263 721 diu
1301 675 1600 737 paruerunt
1631 668 1819 724 iisdem
1853 667 1946 738 qui

381 758 768 816 Macedonibus
794 759 1184 830 praesidebant;
1220 774 1248 812 a
1281 756 1541 814 Romanis
1580 767 1759 814 autem
1789 760 1949 814 Iiber-

378 861 544 905 tatem
591 866 715 906 cum
777 851 903 921 jure
955 849 1139 904 utendi
1182 850 1300 905 suis
1346 848 1559 919 legibus
1607 849 1786 920 adepti
1821 860 1948 906 sunt

381 953 504 1014 post
532 943 842 1013 Philippum
889 943 943 996 in
985 940 1267 995 Thessalia
1311 944 1478 998 armis
1509 941 1618 996 Titi
1671 942 1948 998 Romano-

379 1051 501 1088 rum
537 1033 694 1088 ducis
736 1033 1076 1104 proﬂigatum
1119 1032 1217 1102 (1).
1253 1032 1358 1088 Sed
1387 1045 1440 1090 et
1469 1034 1572 1104 ipsi
1601 1034 1815 1090 demum
1845 1036 1946 1090 sti-

379 1125 650 1197 pendiarii
691 1123 1057 1181 Romanorum
1096 1105 1225 1181 facti
1253 1133 1382 1182 sunt
1401 1127 1591 1182 eadem
1623 1141 1728 1198 qua
1773 1125 1945 1183 Mace-

378 1215 550 1270 dones
575 1229 765 1270 causa.
1421 1225 1428 1232 '

448 1306 502 1360 2.
559 1304 775 1360 Scilicet
825 1313 948 1375 post
993 1306 1201 1361 obitum
1252 1307 1545 1362 Alexandri
1603 1307 1688 1362 his
1731 1322 1950 1378 quoque

378 1395 658 1459 Arideus,
712 1395 805 1464 qui
850 1404 905 1450 et
953 1395 1259 1467 Philippus,
1309 1397 1596 1468 imperavit
1649 1397 1809 1453 annis
1863 1413 1949 1453 sc-

377 1495 542 1555 ptem.
621 1485 760 1542 lluic
820 1487 1086 1542 successit
1139 1487 1446 1543 Cassander
1499 1487 1840 1560 Epirotarum
1894 1498 1949 1544 et

384 1575 773 1630 Thessalorum
810 1591 905 1632 rex
953 1577 1114 1631 annis
1143 1578 1542 1633 novemdecim.
1576 1576 1712 1632 Tum
1750 1578 1950 1649 Philip-

381 1679 482 1733 pus
509 1665 629 1734 ejus
660 1665 805 1720 lilius
830 1665 1114 1720 mensibus
1145 1665 1222 1737 (2)
1252 1674 1505 1736 quatuor.
1541 1665 1743 1722 Deinde
1765 1675 1818 1721 et
1847 1668 1949 1722 hu-

375 1756 467 1823 jus
510 1753 707 1809 lratres
748 1754 1032 1824 Antipater
1081 1761 1136 1809 et
1187 1753 1493 1810 Alexander
1542 1755 1701 1811 annis
1735 1755 1949 1812 duobus

1095 367 1362 425 EUSEB"
1401 368 1878 424 CASSARIENSlS
1903 367 2053 425 OPP.
2094 366 2275 422 PARS
2313 367 2350 420 1.
2385 396 2457 408 —-—
2494 365 2881 422 HISTORICA.

3511 363 3613 418 356

1972 491 2015 544 Α
2046 482 2327 538 Thessalia
2378 480 2628 548 fuerunt;
2668 480 2926 548 deinceps
2957 495 3084 534 vero
3115 480 3393 551 principes
3443 496 3610 535 annm

2048 572 2320 642 sull‘ragiis
2364 572 2600 642 publicis
2649 571 2751 641 legi
2801 580 3106 640 coeperunt.
3161 570 3379 626 Primus
3431 583 3610 627 autem

2047 671 2264 718 creatus
2292 671 2377 716 est
2413 662 2709 717 Pausanias
2746 662 3050 725 Echecrati,
3086 661 3368 718 Plierzeus.
3407 663 3610 719 Deinde

2047 751 2310 822 Amyntas
2353 751 2606 813 Cratetis,
2658 750 2889 814 Pierius,
2951 767 3060 820 quo
3108 752 3411 822 imperante
3461 755 3614 811 Titus

2048 840 2275 896 Romam
2313 857 2568 896 reversus
2611 851 2716 898 est.
2750 841 2956 898 Deinde
2989 841 3244 898 Aiacides
3277 843 3462 900 Calliae
3506 861 3620 900 me-

2047 933 2434 1003 trepolitauus.
2483 933 2686 988 Deinde
2721 931 3049 1002 Epidromus
3081 933 3473 998 Andromachi,
3510 935 3601 990 La-

2048 1027 2292 1089 rissaeus,
2325 1025 2602 1080 mensibus
2644 1033 2799 1091 octo;
2851 1025 3060 1094 reliqua
3105 1035 3285 1081 autem
3334 1028 3456 1096 ejus
3488 1029 3612 1082 anni

2049 1128 2201 1188 parte
2259 1116 2538 1172 Eunomus
2587 1115 2869 1186 Polycleti,
2931 1115 3267 1182 Larissaus,
3334 1119 3614 1174 mensibus

2049 1217 2301 1278 quatuor.
2359 1207 2622 1262 Posthinc
2682 1207 2962 1263 Eunomus
3020 1223 3162 1262 anno
3226 1224 3357 1263 uno.
3412 1207 3617 1265 Deinde

2050 1300 2306 1355 Aiacides
2332 1299 2517 1355 Callize
2540 1299 2986 1368 metropolitanus
3016 1299 3234 1354 iterum.
3260 1298 3467 1354 Deinde
3489 1298 3617 1353 Pra-

2047 1393 2190 1447 vilus
2211 1392 2321 1462 (11)
2349 1389 2587 1454 Phaxiae,
2622 1389 2948 1446 Scotusaeus.
2974 1389 3174 1445 Deinde
3203 1389 3484 1446 Eunomus
3513 1391 3616 1447 Po-

2051 1485 2254 1556 lycleti,
2309 1482 2631 1546 Larissaeus,
2686 1485 2904 1536 iterum.
2955 1481 3160 1538 Deinde
3201 1481 3615 1540 Androsthenes

2050 1577 2220 1638 ldalii,
2235 1575 2534 1647 Gyrtonius
2555 1573 2686 1645 (12).
2707 1573 2904 1630 Deinde
2921 1572 3362 1647 Thrasymachus
3380 1575 3613 1630 Alexan-

2049 1666 2154 1731 dri,
2206 1666 2484 1722 Atracius.
2536 1665 2739 1721 Deinde
2795 1664 3191 1720 Laontomenes
3231 1664 3611 1728 Damothonis.

2050 1753 2329 1809 Pherzeus.
2386 1753 2591 1809 Deinde
2637 1752 2938 1807 Pausanias
2993 1753 3364 1812 Damothonis.
3415 1754 3614 1811 Deinde

385 1845 776 1915 mensibusque
805 1861 923 1901 sex.
967 1846 1096 1900 Item
1128 1845 1435 1902 Demetrius
1465 1847 1718 1916 Antigoni
1752 1848 1826 1917 ('5)
1853 1863 1949 1902 an-
1979 1842 2022 1895 Β
2049 1845 2366 1900 Theodorus
2388 1845 2700 1909 Alexandri,
2721 1845 2953 1916 Argivus
2981 1846 3114 1916 (l5).
3148 1845 3348 1900 Deinde
3369 1845 3616 1901 Nicocra-

381 1942 468 1994 nis
500 1955 594 1994 sex
631 1939 963 2010 tmidemque
995 1941 1292 1996 mensibus.
1333 1939 1526 1996 Postea
1561 1940 1804 2012 Pyrrhus
1833 1943 1945 2013 (δ’)

380 2030 542 2086 annis
573 2038 808 2100 quatuor
847 2031 1180 2102 totidemque
1213 2033 1513 2088 mensibus.
1560 2032 1763 2087 Deinde
1796 2033 1948 2104 Lysi-

384 2121 617 2176 machus
663 2121 981 2192 Agathoclis
1009 2124 1170 2179 anuis
1202 2138 1321 2178 sex.
1351 2123 1470 2179 Mox
1512 2133 1565 2180 et
1599 2121 1943 2189 Ptolemzeus,

382 2220 742 2282 cognomento
804 2211 1114 2277 Ceraunus,
1175 2229 1320 2269 anno
1379 2231 1488 2270 uno
1561 2216 1950 2289 mensibusque

383 2305 670 2374 quinque:
705 2320 865 2375 quem
912 2307 1125 2376 excepit
1169 2306 1435 2376 Meleager
1480 2308 1758 2365 mensibus
1814 2310 1951 2365 duo-

383 2394 520 2449 bus:
561 2402 682 2465 post
725 2412 886 2466 quem
940 2397 1228 2467 Antipater
1277 2397 1584 2470 Lysimachi
1613 2401 1952 2473 (4)quinqne

381 2495 437 2540 et
465 2486 822 2558 quadraginta
848 2487 1041 2543 diebus
1076 2509 1088 2543 :
1125 2499 1245 2559 post
1277 2506 1436 2560 quem
1469 2490 1768 2548 Sosthcnes
1809 2510 1951 2549 anno

384 2593 520 2632 uno.
552 2577 918 2634 Consecutum
951 2588 1035 2634 est
1070 2581 1440 2652 interregnum
1471 2581 1687 2638 duobus
1717 2585 1876 2640 annis
1898 2594 1952 2639 et

383 2670 666 2725 mensibus
699 2671 946 2725 totidem.
993 2671 1129 2727 Exin
1175 2673 1491 2731 dominatus
1531 2683 1617 2730 est
1646 2675 1952 2748 Antigonus

385 2759 641 2815 Demetrii
670 2760 830 2816 annis
863 2761 1084 2831 triginta
1113 2771 1368 2832 quatuor,
1403 2765 1794 2836 mensibusque
1815 2767 1953 2822 duo-

384 2853 508 2907 bus.
543 2853 704 2907 Circa
738 2853 838 2908 hos
879 2868 1052 2909 annos
1073 2853 1317 2926 Pyrrhus
1363 2858 1597 2926 receptis
1634 2858 1687 2910 in
1723 2858 1956 2914 deditio-

383 2958 505 2997 nem
541 2943 795 3012 Antigoni
823 2945 1014 3012 copiis,
1045 2949 1341 3017 paucisque
1371 2949 1507 3002 locis
1561 2949 1788 3018 potitus,
1820 2967 1954 3022 pra:-

385 3033 462 3087 lio
492 3032 688 3087 deinde
721 3032 898 3088 Derdii
923 3033 998 3103 (5)
1034 3050 1063 3087 a
1109 3033 1379 3090 Demetrio
1418 3037 1530 3089 lilio
1570 3037 1828 3108 Antigoni
1860 3039 1955 3094 de-

387 3125 622 3180 bellatus
658 3132 761 3188 est,
811 3125 1081 3195 rebusque
1133 3137 1331 3182 exutus
1374 3127 1472 3197 (6).
1512 3127 1669 3182 Brevi
1713 3138 1956 3200 tempore

385 3223 528 3285 post,
551 3217 819 3270 exstincto
845 3215 1135 3287 Antigono,
1171 3219 1413 3290 regnavit
1438 3219 1560 3286 ejus
1587 3219 1731 3276 lilius
1758 3220 1949 3276 Deme-

390 3306 531 3360 trius
575 3307 735 3360 annis
780 3305 987 3362 decem.
1033 3306 1165 3363 l‘ost
1209 3308 1354 3364 hunc
1401 3309 1708 3378 Antigonus
1765 3312 1953 3366 Deme.-

392 3397 481 3450 trii
529 3397 605 3468 (7)
648 3398 784 3466 ejus,
840 3399 935 3468 qui
986 3399 1248 3470 Cyrenem
1302 3402 1583 3471 protectus
1633 3411 1716 3457 est
1761 3404 1862 3472 (8),
1900 3413 1953 3458 et

389 3486 724 3558 Olympiadis
755 3486 830 3559 (9)
885 3485 1005 3543 tiliae
1039 3487 1295 3560 Polycleti
1336 3490 1608 3558 Larisszei,
1655 3493 1813 3548 annis
1857 3509 1955 3548 no-

389 3595 533 3633 vem.
566 3578 664 3634 Hic
697 3580 910 3636 Aclneis
943 3583 1218 3651 suppetias
1243 3583 1455 3638 validas
1499 3577 1683 3640 ferens
1710 3583 1956 3642 Cleome-

391 3686 512 3724 nem
571 3668 1014 3726 Lacedannonum
1059 3680 1346 3744 tyrannum
1399 3676 1587 3746 praelia
1644 3680 1952 3749 superavit,

395 3761 804 3832 Spartanosque
845 3763 1094 3818 libertate
1145 3764 1387 3831 donavit,
1422 3781 1485 3821 ac
1527 3768 1741 3823 divinos
1787 3783 1953 3839 prope

395 3853 628 3908 honores
703 3855 845 3924 apud
929 3855 1248 3910 Achaeorum
1326 3869 1539 3927 gentem
1625 3861 1955 3930 promeritus

393 3955 476 4000 est
507 3945 640 4017 (10).
695 3943 827 4001 Post
875 3947 1020 4000 lumc
1068 3945 1349 4018 Philippus
1405 3949 1659 4005 Demetrii
1711 3955 1955 4022 regnavit

394 4036 554 4088 annis
585 4051 720 4089 xxtn
755 4051 877 4090 cum
911 4037 1192 4092 mensibus
1227 4054 1281 4092 ix
1309 4057 1323 4094 :
1349 4047 1460 4093 tum
1487 4041 1670 4108 prmlio
1700 4041 1752 4096 in
1785 4041 1957 4098 Thes-

393 4128 530 4181 salia
562 4143 591 4182 a
621 4127 741 4183 Tito
785 4129 922 4183 duce
951 4128 1179 4184 Romani
1213 4131 1488 4186 exercitus
1515 4133 1819 4188 debellatus
1847 4141 1949 4188 est.

395 4222 442 4275 Α
471 4220 730 4278 Romanis
761 4232 940 4278 autem
972 4222 1272 4278 libertatem
1308 4231 1740 4295 potestatemque
1767 4227 1951 4281 utendi

395 4329 512 4370 suis
554 4313 759 4384 legibus
807 4324 1133 4384 acceperunt
1189 4313 1433 4371 Thessali
1472 4317 1708 4388 itemque
1753 4318 1951 4390 reliqui

394 4406 565 4462 Graeci
592 4407 685 4477 qui
716 4407 943 4477 vectigal
972 4405 1219 4476 Philippo
1251 4407 1581 4476 pendebant.

2047 1948 2130 1993 tes
2156 1937 2411 2004 Phaxiui,
2458 1937 2791 1994 Scotusaeus.
2829 1939 3032 1993 Deinde
3072 1938 3446 2009 Hippolochus
3489 1941 3612 1995 Ale-

2048 2030 2217 2100 xippi,
2247 2029 2568 2085 Larissaeus.
2602 2028 2804 2084 Deinde
2835 2028 3246 2085 Cleomachides
3275 2028 3472 2094 (Enei,
3512 2029 3614 2085 La-

2051 2122 2294 2177 rissaeus.
2317 2120 2515 2176 Deinde
2532 2120 2804 2192 Pliyrinns
2818 2119 3201 2186 Aristomenis,
3224 2119 3612 2192 Gomphensis.

2119 2215 2172 2268 ι.
2214 2211 2291 2266 Eo
2330 2227 2473 2265 anno
2526 2209 2807 2282 Philippus
2860 2227 2950 2266 rex
2995 2211 3126 2265 obiit
3177 2212 3231 2265 in
3274 2211 3609 2276 Macedonia,

2051 2307 2318 2374 potestate
2348 2301 2402 2354 in
2435 2300 2605 2354 lilium
2640 2299 2898 2355 Perseum
2931 2299 3215 2354 translata.
3252 2297 3308 2353 Is
3336 2299 3614 2355 Thessalis

2051 2397 2429 2466 imperaverat,
2464 2391 2740 2446 utdictum
2762 2401 2865 2453 est,
2896 2390 3053 2445 annis
3080 2389 3269 2458 viginti
3295 2389 3408 2462 (14)
3439 2389 3615 2444 tribus

2051 2501 2174 2540 cum
2223 2484 2500 2539 mensibus
2543 2498 2758 2548 novem,
2797 2480 3183 2538 Macedonibus
3229 2491 3410 2536 autem
3456 2483 3615 2536 annis

2051 2575 2272 2632 omnino
2313 2576 2671 2647 quadraginta
2720 2575 2934 2630 duobus
2983 2583 3036 2629 et
3076 2575 3357 2628 mensibus
3388 2589 3602 2628 novem.

2049 2669 2168 2727 lam
2199 2686 2329 2726 vero
2361 2687 2390 2724 a
2421 2670 2732 2726 centesima:
2767 2679 2821 2725 et
2857 2679 3065 2740 quarta:
3093 2669 3316 2724 decima:
3345 2669 3612 2741 olympia-

2051 2763 2136 2818 dis
2165 2778 2310 2817 anno
2338 2762 2536 2826 altero,
2575 2777 2685 2832 quo
2715 2770 2956 2832 tempore
2988 2761 3151 2815 rebus
3179 2761 3504 2830 prmpositus
3533 2769 3612 2816 est

2052 2851 2334 2926 Philippus
2359 2852 2672 2925 (Arida-us),
2705 2866 2880 2922 usque
2914 2849 2981 2904 ad
3008 2849 3316 2922 Philippum
3358 2849 3613 2906 Demetrii

2054 2947 2404 3010 exstinctum,
2464 2946 2623 3016 cujus
2663 2945 2848 3000 obitus
2874 2944 3065 2998 incidit
3104 2944 3159 2997 in
3199 2943 3514 2998 centesimae
3560 2952 3620 2997 ct

2055 3038 2518 3107 quinquagesimae
2575 3035 2898 3108 Olympiadis
2945 3051 3145 3089 annum
3207 3034 3438 3089 alterum
3488 3050 3612 3088 cum

2055 3129 2298 3198 quinque
2348 3129 2656 3193 mensibus,
2703 3127 3010 3183 conflantur
3053 3126 3182 3181 anni
3220 3141 3413 3190 ,exuv,
3463 3141 3618 3182 men-

2057 3229 2252 3285 sesque
2280 3229 2331 3268 v.

2126 3307 2177 3362 5.
2220 3304 2602 3361 Thessalorum
2635 3323 2816 3378 regum
2853 3321 3086 3361 summa.

2127 3395 2166 3451 l.
2209 3395 2477 3458 Aridzeus,
2509 3395 2758 3465 idemque
2786 3394 3086 3465 Philippus,
3112 3394 3271 3447 annis
3296 3408 3392 3449 vn.

2126 3487 2189 3544 ll.
2228 3487 2538 3544 Cassander
2567 3489 2725 3543 annis
2756 3505 2868 3544 xix.

2127 3579 2213 3634 lll.
2255 3580 2539 3650 Philippus
2565 3581 2843 3636 mensibus
2872 3597 2944 3636 1v.

2127 3670 2216 3729 IV.
2259 3673 2543 3743 Antipater
2565 3672 2680 3746 (15)
2711 3681 2766 3728 et
2788 3673 3093 3728 Alexander
3119 3673 3278 3729 annis
3310 3680 3428 3729 net
3455 3686 3616 3729 mon-

2057 3767 2210 3823 sibus
2231 3784 2306 3822 vt.

2135 3855 2194 3911 ν.
2238 3857 2544 3913 Demetrius
2575 3859 2812 3921 annis,"
2839 3866 2890 3912 et
2919 3859 3197 3918 mensibus
3217 3875 3292 3916 vi.

2126 3948 2217 4005 Vl.
2254 3947 2498 4019 Pyrrhus
2536 3950 2694 4004 annis
2719 3966 2776 4003 ιιι
2802 3949 2912 4020 (16)
2945 3963 2998 4006 et
3032 3952 3313 4008 mensibus
3338 3966 3413 4006 tv.

2125 4041 2239 4096 VII.
2278 4041 2636 4114 Lysimachus
2666 4045 2823 4098 annis
2845 4059 2921 4100 vi.

2131 4131 2262 4189 Vlll.
2305 4133 2646 4201 Ptolemaeus,
2687 4133 2938 4205 idemque
2979 4135 3284 4200 Ceraunus,
3326 4147 3516 4191 annor
3559 4139 3618 4190 et

2057 4225 2335 4280 mensibus
2361 4241 2415 4280 v.

2128 4315 2219 4371 IX.
2260 4315 2522 4386 Meleager
2551 4313 2832 4370 mensibus
2857 4308 2923 4366 ll.

2128 4409 2192 4463 Χ.
2232 4408 2516 4478 Antipater
2542 4406 2732 4460 diebus
2765 4422 2887 4463 va.

465 4498 519 4552 5.
569 4497 632 4550 Et
691 4497 864 4566 primo
913 4495 1130 4566 quidem
1179 4511 1322 4548 anno
1378 4497 1511 4550 nulli
1566 4497 1839 4572 principes
1895 4495 1952 4550 in
1985 4519 2032 4577 ο
2128 4498 2220 4554 XI.
2262 4498 2560 4553 Sosthcnes
2600 4512 2745 4552 anno
2773 4514 2810 4552 ι.

469 4675 544 4745 (1)
586 4673 863 4744 Legendus
901 4674 1086 4730 Livius
1109 4689 1280 4738 xxxn,
1317 4676 1382 4730 10
1421 4691 1566 4746 sqq.,
1610 4682 1723 4728 tum
1757 4689 1954 4740 xxxiii,

400 4745 488 4798 5‘2.
524 4761 708 4798 xxxiv.
737 4747 787 4798 1.

400 4761 488 4808 ΟΖ,
524 4761 708 4804 Χιχιν,
737 4761 760 4798 ‘l
772 4783 787 4797 .

471 4815 547 4883 (2)
584 4815 765 4870 Codex
803 4815 950 4871 Ann.
981 4816 1067 4869 hic
1095 4818 1269 4879 annis,
1295 4815 1387 4870 sed
1411 4814 1639 4869 inferius
1671 4812 1955 4869 mensibus.

471 4884 548 4957 (5)
587 4885 766 4957 Codex
797 4885 957 4957 Arni:
979 4885 1265 4957 Antipatri,
1307 4885 1450 4956 quod
1483 4886 1672 4939 vitium
1703 4884 1954 4938 emenda-

400 4952 578 5009 vimus
605 4955 765 5010 etiam
800 4954 904 5011 col.
929 4952 1057 5019 249,
1094 4970 1152 5016 n.
1180 4956 1235 5016 4.

473 5025 586 5147 (3')
627 5023 883 5095 Pyrrhus.
916 5033 991 5078 tta
1039 5037 1120 5082 est
1152 5032 1313 5080 etiam
1349 5026 1402 5079 in
1435 5023 1641 5080 Veneta
1680 5023 1956 5087 editione;

473 5111 478 5145 ῖ
525 5104 702 5147 tamen
743 5095 1088 5147 scribendum
1124 5097 1344 5147 omnino
1383 5103 1468 5147 est
1493 5093 1790 5147 Alexander
1823 5093 1956 5147 Pur-

403 5093 494 5216 szd
512 5093 702 5234 grues
743 5095 1088 5150 scribendum
1124 5097 1344 5150 oruuino
1383 5103 1468 5150 est
1493 5093 1790 5151 Alexander
1823 5093 1960 5165 Pyr-

403 5180 430 5217 r
467 5181 484 5219 ι
574 5181 676 5219 ius.

402 5180 484 5219 rm
515 5180 676 5219 unus.

473 5231 548 5304 (l)
610 5235 818 5304 Rursus
875 5235 1088 5289 videtur
1135 5234 1424 5288 dicendum
1507 5235 1760 5304 Philippi.
1824 5231 1959 5288 Vide

404 5302 540 5375 sup.
563 5302 680 5375 col.
699 5303 825 5369 254,
854 5320 906 5358 n.
937 5305 970 5360 6

471 5373 545 5440 (5)
589 5374 811 5429 Videtur
838 5376 1122 5430 dicendum
1152 5373 1330 5444 Argis.

472 5444 548 5511 (6)
588 5444 821 5511 Legendi
853 5453 979 5498 sunt
1008 5439 1254 5500 Justinus
1288 5457 1413 5503 xxv,
1450 5449 1514 5494 et'
1540 5439 1866 5496 Plutarchus
1904 5441 1956 5495 in

406 5512 631 5634 Pyr-rho.
670 5511 788 5568 1am
829 5514 876 5567 si
927 5515 1136 5570 scribas
1177 5513 1428 5583 superius
1473 5511 1650 5580 Argis,
1682 5513 1832 5568 dices
1871 5513 1960 5566 hic

406 5599 458 5634 re
497 5600 654 5634 usaue
681 5583 920 5634 humanis
944 5593 1153 5634 exutus.

404 5583 654 5652 rebusque
681 5583 920 5636 humanis
944 5593 1153 5639 exutus.

477 5653 552 5721 (7)
570 5649 864 5722 ilmmeritg
909 5654 1072 5722 igitur
1097 5657 1202 5722 hic
1226 5649 1529 5722 Antigonus
1558 5649 1842 5708 videbatur
1869 5652 1962 5706 Al-

404 5721 589 5791 cyonei
642 5722 781 5776 [ilius
827 5721 1114 5776 Reineecio
1148 5721 1420 5775 Manarch.
1474 5730 1589 5773 terr.
1624 5737 1697 5791 _p.
1747 5724 1868 5778 129.
1916 5725 1956 5775 A

406 5789 673 5848 Pausania
702 5808 793 5859 vn,
829 5793 878 5857 7,
917 5791 1116 5846 dicitur
1161 5791 1480 5862 Autigonus_
1513 5789 1728 5858 ἀνεψιὸς
1758 5793 1831 5863 τῷ
1871 5794 1961 5870 1h.-

2057 4679 2258 4748 λίππῳ,
2284 4677 2376 4748 καὶ
2416 4677 2608 4748 μητέρι
2640 4676 2802 4732 αὐτοῦ
2835 4680 3117 4738 συνοικῶθ,
3148 4673 3379 4745 Philippi
3406 4686 3617 4744 patrus-

2059 4749 2124 4801 lis
2145 4759 2190 4800 et
2214 4747 2458 4801 vitricus.

2129 4818 2202 4884 (8)
2243 4816 2456 4871 Videsis
2491 4831 2609 4885 cap.
2642 4816 2731 4879 58,
2766 4833 2821 4872 n.
2857 4817 2911 4872 9.

2129 4883 2204 4957 (9)
2243 4886 2497 4957 Demetrii
2537 4883 2674 4941 uxor
2723 4896 2840 4940 erat
2907 4885 3298 4957 Phthia;_ergo
3341 4883 3617 4957 Olympias

2059 4954 2380 5010 concubina.
2414 4955 2597 5025 Neque
2629 4957 2734 5010 huc
2777 4957 3040 5010 trahenda
3059 4954 3304 5026 Avidetur
3340 4954 3617 5026 Olympias

2060 5025 2253 5095 Pyrrhi
2298 5024 2520 5096 epirotae
2557 5027 2698 5096 regis
2727 5026 2854 5088 lilia,
2893 5042 3015 5094 quae
3055 5024 3311 5080 Demetrii
3353 5024 3614 5080 auxilium

2059 5097 2386 5165 imploravit,
2422 5096 2787 5150 testeJnstino
2821 5113 3010 5159 xxvm,
3048 5097 3097 5151 1.

2130 5163 2239 5232 (10)
2283 5165 2405 5219 Haec
2426 5167 2492 5220 de
2519 5167 2786 5231 Antigono
2818 5169 2923 5222 late
2952 5166 3245 5236 praedicant
3269 5163 3528 5235 Polybius
3557 5180 3616 5236 ιι,

2062 5235 2153 5301 70;
2186 5236 2370 5290 Livius
2397 5252 2486 5298 xL,
2533 5237 2634 5301 51;
2663 5233 2966 5290 Pausanias
2989 5252 3051 5295 ιι,
3075 5237 3129 5297 9,
3153 5250 3242 5300 vr;
3276 5233 3384 5300 itii
3429 5249 3526 5294 VII,
3556 5233 3614 5286 7‘

2061 5320 2175 5365 vni.
2211 5307 2273 5371 8;
2307 5305 2554 5360 Justinus
2583 5322 2772 5370 xxviii,
2797 5306 2913 5370 5,4,
2939 5316 2992 5361 et
3018 5305 3234 5360 Suidas.

2159 5377 2174 5428 Ι
2196 5377 2239 5444 1)
2282 5376 2529 5437 Inferius,
2556 5376 2808 5429 I’ravilcs.

2159 5377 2174 5428 Ι
2196 5377 2239 5427 ll
2282 5376 2529 5437 Inferius,
2556 5376 2808 5429 I’ravilcs.

2131 5374 2242 5514 lt?)
2283 5448 2362 5516 tta
2390 5448 2441 5499 in
2469 5448 2708 5516 margine
2729 5445 2934 5500 codicis
2965 5444 3199 5509 Arnl.;at
3224 5445 3278 5498 in
3310 5451 3460 5500 textu
3488 5437 3620 5497 Gor-

2061 5517 2252 5570 tonius.
2288 5514 2424 5568 Num
2460 5514 2781 5584 Curti/nius?

2133 5584 2246 5656 (l5)
2268 5584 2407 5656 Puta
2429 5602 2493 5656 ea:
2525 5583 2677 5656 Argis
2712 5583 3121 5656 amphilochieis.

2268 5653 2422 5736 Deest
2456 5652 2545 5736 hic
2575 5652 2751 5736 viginti
2780 5656 2831 5736 in
2867 5656 2986 5708 cod.
3016 5655 3162 5706 Arni.

2132 5724 2244 5794 (15)
2268 5724 2446 5794 Codex
2478 5724 2652 5787 Arm.‘.
2686 5725 2997 5794 Antigonus.

2133 5792 2243 5865 (16)
2271 5792 2529 5864 Superius
2556 5811 2627 5849 iv.

2560 6088 2591 6100 ⁴
