3830 6338
423 261 529 316 259

1135 261 1404 315 ElJSEBll
1444 258 1917 317 CIISAﬂlE-NSIS
1950 260 1982 315 C

2145 261 2324 315 PARS
2359 263 2398 315 1.
2439 293 2505 302 --
2547 262 2928 316 HlSTORlCA.

3573 265 3682 318 260

420 377 563 431 inter
595 373 863 430 barbaros
895 374 1126 429 ulterius
1151 384 1465 446 provect-us,
1497 375 1726 428 victoria
1765 390 1992 446 regnum
2024 382 2068 436 Α
2097 386 2149 431 et
2206 379 2500 433 tricesima:
2556 388 2763 434 octava:
2808 377 3169 449 olympiadis,
3223 387 3390 448 atque
3439 381 3519 432 ita
3575 396 3680 434 an-

418 467 786 529 conlirmavit,
827 483 891 522 ex
923 484 1097 538 eaque
1139 469 1319 522 dictus
1362 477 1445 522 est
1473 466 1810 538 Nicanor(1)
1864 471 1985 539 (seu

420 561 644 630 victor),
677 571 1002 632 sceptroque
1042 561 1247 630 potitus
1287 569 1369 614 est
1404 561 1563 615 annis
1596 562 1820 630 triginta
1852 562 1991 615 duo-

421 653 546 715 bus,
583 667 746 707 orsus
774 652 1026 706 videlicet
1059 667 1090 706 a
1125 652 1439 706 centesimae
1469 661 1523 705 et
1568 652 1794 706 decimae
1834 655 1994 723 septi.

421 760 525 798 ma:
577 744 900 815 olympiadis
949 759 1092 797 anno
1137 743 1312 814 primo
1353 743 1467 812 (2),
1515 744 1885 816 desinensque
1937 747 1992 800 in

423 838 738 891 centesima:
783 846 837 890 et
885 836 1156 890 vicesimae
1196 843 1403 905 quartae
1455 851 1658 890 annum
1710 845 1989 907 quartum,

426 927 536 980 vita
568 926 637 980 ad
667 941 869 980 annum
901 941 1075 995 usque
1102 926 1565 994 septuagesimum
1592 927 1841 996 quintum
1865 944 1994 998 pro-

424 1018 608 1082 ducta,
648 1033 758 1087 quo
792 1017 1019 1071 insidias
1058 1030 1088 1068 a
1133 1015 1390 1070 familiari
1433 1015 1732 1078 Ptolemaei.
1785 1034 1991 1090 cogno—

425 1116 608 1163 mento
637 1107 892 1170 Cerauni,
920 1123 1118 1176 passus
1150 1107 1378 1163 interiit.

494 1202 546 1257 5.
590 1200 866 1256 Successit
900 1201 1042 1254 filius
1071 1199 1376 1255 Antiochus
1407 1217 1472 1256 ex
1504 1202 1708 1273 Apame
1747 1205 1990 1275 perside.

422 1294 511 1362 qui
549 1293 848 1362 appellatus
887 1300 970 1346 est
1006 1290 1169 1345 Soter
1203 1291 1281 1362 (3)
1315 1292 1529 1363 (nempe
1570 1299 1858 1357 servator).
1893 1296 1992 1352 Hic

423 1386 733 1440 centesimae
795 1392 849 1440 et
905 1386 1183 1440 vicesima:
1253 1401 1413 1440 nona:
1461 1389 1786 1460 olympiadis
1848 1407 1992 1446 anno

421 1476 596 1554 primo
623 1477 780 1541 obiit,
817 1484 1108 1547 postquam
1151 1478 1310 1532 annis
1346 1493 1473 1533 thv
1503 1481 1748 1548 vixerat;
1791 1500 1990 1554 regna-

419 1575 574 1620 verat
619 1575 801 1622 autem
845 1567 1005 1622 annis
1052 1583 1166 1631 xix,
1215 1583 1246 1622 a
1281 1569 1591 1626 centesimae
1623 1579 1678 1627 et
1720 1573 1992 1628 vicesimae

421 1660 624 1726 quintte
654 1657 986 1729 olympiadis
1027 1661 1203 1730 primo
1237 1677 1405 1727 anno,
1453 1679 1628 1734 usque
1669 1663 1736 1717 ad
1769 1666 1990 1719 tertium

2095 468 2182 522 nis
2219 485 2308 522 xxt
2336 468 2413 538 (9)
2445 468 2757 523 dominatus
2790 477 2896 525 est.
2924 469 2984 522 Ei
3026 479 3242 525 mortuo
3265 470 3382 541 (10)
3425 474 3681 526 succedit

2097 558 2242 612 tilius
2282 556 2566 621 Seleucus,
2604 565 2969 628 cognomento
3007 556 3310 615 Ceraunus.
3341 561 3523 631 Atque
3560 562 3680 618 haec

2094 651 2312 720 quidem
2345 651 2418 703 ita
2453 665 2511 703 se
2541 650 2869 704 habuerunt.

2166 743 2219 796 8.
2264 742 2656 797 Verumtamen
2675 742 2891 796 vivente
2912 741 3091 796 adhuc
3118 743 3385 798 Callinico
3413 744 3679 809 Seleuco,

2093 831 2398 902 Antigonus
2431 831 2546 901 (11)
2577 832 2759 884 minor
2791 839 2923 885 natu
2957 831 3130 885 frater
3160 833 3362 902 quietis
3395 835 3678 904 sortisque

2094 939 2208 978 sua:
2239 925 2550 992 impatiens,
2595 925 2902 993 adjutorem
2939 922 3336 994 favitoremque
3364 933 3566 980 nactus
3591 933 3678 981 est

2093 1013 2482 1080 Alexandrum,
2531 1015 2626 1085 qui
2651 1016 2840 1069 urbem
2879 1013 3080 1070 Sardes
3113 1017 3353 1080 tenebat,
3385 1026 3439 1072 et
3482 1017 3680 1074 Laodi-

2093 1123 2186 1162 ces
2220 1108 2412 1162 matris
2446 1122 2558 1162 sua:
2593 1106 2760 1161 frater
2800 1115 2918 1160 erat
2940 1107 3093 1178 (1‘2):
3126 1108 3362 1179 denique
3401 1116 3459 1164 et
3502 1106 3675 1163 Gallis

2094 1199 2451 1255 auxiliaribus
2485 1215 2620 1254 usus
2666 1207 2769 1255 est.
2812 1198 3037 1255 Duobus
3073 1202 3273 1271 przcliis
3318 1199 3587 1256 Seleucus
3616 1202 3674 1255 in

2094 1293 2259 1364 Lydia
2295 1294 2578 1347 victoriam
2621 1301 2819 1348 nactus
2865 1302 2949 1349 est
2979 1294 3115 1363 (13),
3148 1295 3223 1347 ita
3257 1301 3442 1348 tamen
3475 1303 3538 1348 ut
3575 1309 3673 1348 ne-

2093 1403 2198 1455 que
2243 1385 2443 1440 Sardes
2475 1393 2694 1456 caperet
2738 1402 2917 1456 neque
2946 1385 3242 1455 Ephesum,
3279 1401 3444 1456 quam
3475 1386 3672 1440 urbem

2095 1478 2417 1532 Ptolemaeus
2443 1477 2700 1546 prmsidio
2735 1476 3025 1530 insidebat.
3055 1475 3258 1530 Deinde
3283 1477 3336 1530 in
3377 1475 3672 1546 Cappado-

2092 1572 2178 1625 cia
2231 1568 2496 1624 adversus
2545 1566 2955 1630 Mithridatem,
3015 1581 3158 1624 novo
3210 1567 3399 1636 praelia
3440 1574 3669 1632 coorto,

2094 1672 2208 1718 tum
2255 1662 2487 1716 militum
2531 1659 2652 1730 ejus
2689 1658 2878 1729 viginti
2929 1659 3096 1712 millia
3146 1673 3286 1714 cmsa
3339 1674 3370 1712 a
3412 1658 3672 1715 barbaris

421 1749 696 1804 vicesima
732 1763 890 1803 nonae
927 1765 1093 1819 supra
1125 1753 1500 1808 centesimam.
1540 1753 1664 1808 Nati
1699 1763 1828 1808 sunt
1869 1756 1919 1811 ei
1959 1773 1989 1813 e
2026 1736 2067 1790 Β
2096 1764 2244 1816 sunt,
2272 1761 2384 1808 tum
2423 1754 2537 1823 ipsc
2569 1751 2887 1822 profligatus
2923 1752 3142 1805 evanuit
3170 1751 3301 1821 (14).

424 1839 732 1895 Stratonice
758 1840 1015 1896 Demetrii
1042 1843 1320 1898 masculus
1351 1844 1654 1900 Antiochus
1697 1854 1750 1900 et
1778 1845 1992 1903 femina:

423 1932 735 1988 Stratonice
785 1941 948 2002 atque
1013 1934 1237 2005 Apame,
1288 1953 1519 2009 quarum
1579 1938 1838 2009 Apamem
1884 1939 1991 1994 Ma-

423 2041 520 2094 gas
551 2025 625 2096 (4)
657 2025 810 2079 duxit
847 2041 1093 2082 uxorem.
1137 2028 1500 2085 Stratonicem
1533 2037 1710 2084 autem
1753 2047 1847 2086 rex
1878 2031 1991 2086 Ma-

423 2119 665 2174 cedoniae
695 2118 1023 2176 Demetrius.

494 2210 546 2264 6.
593 2209 858 2264 Praedicto
887 2213 1155 2268 Antiocho
1183 2212 1360 2270 Soteri
1398 2217 1508 2271 vita
1550 2217 1741 2274 functo
1777 2235 1993 2276 succes-

425 2302 499 2358 sit
536 2303 590 2358 in
637 2304 925 2373 imperium
965 2305 1292 2373 Antiochus,
1333 2320 1694 2379 cognomento
1723 2311 1866 2368 Deus
1891 2311 1988 2382 (5),

423 2411 585 2451 orsus
624 2410 654 2448 a
698 2397 1008 2452 centesimae
1048 2406 1101 2453 et
1139 2400 1413 2456 vicesima:
1459 2418 1615 2457 nonae
1663 2405 1990 2476 olympiadis

423 2494 621 2556 quarto
652 2501 818 2550 anno,
854 2488 1128 2559 vitamque
1172 2491 1334 2546 annis
1361 2491 1538 2547 adhuc
1569 2511 1636 2548 xv
1661 2495 1736 2566 (6)
1792 2513 1992 2566 propa-

421 2593 577 2648 gans.
615 2578 913 2648 Implicitas
943 2581 996 2635 in
1023 2582 1269 2637 morbum
1300 2581 1537 2639 decessit
1567 2585 1767 2656 Ephesi
1804 2598 1990 2643 cente-

422 2670 574 2722 sima:
613 2678 666 2724 et
704 2671 994 2726 tricesima:
1025 2673 1226 2743 quinta:
1257 2675 1580 2746 olympiadis
1622 2680 1782 2733 tertio
1818 2696 1988 2746 anno,

422 2771 706 2832 postquam
749 2765 908 2820 annis
950 2767 1174 2820 omnino
1203 2766 1562 2838 quadraginta
1611 2771 1855 2827 vixisset.
1897 2771 1990 2826 Fi-

421 2853 526 2909 lios
569 2857 811 2925 suscepit
859 2855 1020 2920 duos,
1066 2855 1380 2925 Seleucum,
1430 2871 1792 2930 cognomento
1829 2863 1991 2918 Calli-

421 2945 625 3011 nicum,
673 2957 728 3002 et
774 2948 1139 3018 Antigonum;
1197 2949 1444 3022 ﬁliasque
1491 2954 1629 3010 duas
1675 2971 1706 3010 e
1753 2955 1988 3014 Laodice

419 3037 600 3091 Achaei
642 3037 743 3108 (7),
793 3054 1026 3107 quarum
1075 3041 1306 3094 alteram
1345 3042 1708 3112 Mithridates,
1759 3046 1984 3101 alteram

421 3129 656 3182 Aratbes
679 3128 754 3198 (8)
788 3129 1063 3184 duxerunt
1094 3147 1311 3187 uxores.

491 3222 547 3278 7.
589 3221 720 3276 Post
752 3237 874 3276 eum
908 3223 1083 3293 major
1111 3231 1244 3278 natu
1284 3223 1565 3290 Seleucus,
1603 3238 1984 3298 cognomento,

419 3323 481 3368 ut
512 3313 771 3378 diximus,
804 3314 1126 3379 Callinicus,
1159 3331 1386 3386 regnum
1427 3318 1586 3373 tertio
1629 3333 1774 3374 anno
1815 3320 1989 3391 olym—

421 3406 597 3476 piadis
644 3406 956 3462 centesima:
1005 3414 1057 3460 et
1105 3407 1398 3462 tricesima:
1443 3409 1620 3464 tertiae
1668 3410 1988 3480 auspicatus

420 3505 526 3562 est,
563 3498 846 3566 tenuitque
877 3497 943 3550 ad
975 3497 1203 3550 alterum
1231 3513 1404 3567 usque
1433 3513 1635 3552 annum
1677 3506 1990 3554 cente‘smia:

491 3675 567 3744 (1)
631 3675 804 3744 Vulgo
852 3673 1124 3749 ZXicator;
1182 3676 1276 3749 sed
1332 3675 1570 3730 Nicanor
1627 3677 1789 3732 etiam
1847 3679 1987 3749 apud

420 3747 823 3817 Chorenensem
853 3745 996 3801 Ηὶεε.
1030 3763 1090 3809 ιι,
1127 3749 1178 3810 1,
1207 3746 1534 3817 Graecosque
1571 3745 1883 3803 nonnullos.

495 3815 572 3887 (2)
602 3815 715 3869 Hoc
741 3824 823 3869 est
873 3818 1286 3871 celeberrimum
1311 3815 1526 3872 initium
1555 3819 1776 3887 epocha:
1807 3817 1989 3874 Seleu-

419 3885 688 3958 cidarum,
722 3903 827 3958 qua
875 3902 1038 3955 super
1081 3905 1137 3942 re
1164 3889 1424 3958 legendus
1477 3885 1708 3957 magnus
1736 3887 1988 3945 Norisius

408 3955 484 4010 de
513 3957 718 4026 epochis
749 3955 1474 4026 Syromacedonum'dissert.
1500 3955 1644 4022 11,1.

496 4025 1048 4098 (5)7Pr0pteriGallos
1093 4029 1413 4098 debellatos,
1475 4044 1638 4098 quam
1699 4028 1984 4085 victoriam

419 4096 616 4166 legesis
646 4096 786 4166 apud
831 4097 1130 4152 Lucianum
1165 4099 1220 4152 in
1247 4097 1434 4152 Zeuxi.

491 4167 568 4236 (4)
602 4165 939 4238 Yocabulutii
978 4168 1164 4238 Magas
1203 4178 1519 4238 corruptum
1565 4176 1650 4222 est
1700 4169 1755 4222 in
1796 4171 1986 4226 codice

418 4235 583 4308 ArmL
602 4235 708 4293 Res
735 4245 912 4292 tamen
928 4235 1211 4308 perspicue
1223 4235 1439 4293 constat
1467 4256 1496 4293 e
1525 4239 1793 4292 Pausania
1815 4244 1980 4295 Attia.

417 4321 514 4379 vlt.
547 4303 866 4362 Eratautem
899 4303 1080 4379 Magas
1117 4308 1393 4365 Ptolemaei
1422 4308 1763 4379 Philadelphi
1790 4310 1980 4376 frater,

415 4375 762 4459 Cyrenesque
801 4394 900 4459 rex
932 4375 1014 4434 vel
1059 4381 1370 4459 praefectus.
1421 4377 1588 4450 nugae
1620 4375 1978 4459 regis_13yre4

2165 1843 2218 1896 9.
2247 1839 2566 1896 Ptolemaeus
2586 1855 2737 1905 vero,
2767 1841 2858 1910 qui
2876 1846 2928 1894 et
2949 1839 3202 1910 Tryphon
3229 1841 3361 1912 (15),
3384 1839 3558 1912 Syriae
3581 1859 3670 1898 re-

2095 1937 2283 2006 giones
2321 1950 2442 1989 cum
2468 1935 2731 1990 Damasco
2757 1937 3044 2005 occupavit
3079 1935 3214 2004 (16),
3245 1933 3672 2005 Orthosiamque

2096 2026 2379 2080 obsidione
2401 2025 2571 2079 cinxit
2594 2025 2727 2096 (17),
2753 2041 2875 2096 qua
2892 2026 3109 2096 quidem
3147 2026 3325 2080 soluta
3364 2035 3452 2080 est
3480 2035 3670 2081 cente—

2097 2119 2248 2172 sima:
2279 2124 2334 2172 et
2374 2117 2666 2171 tricesima:
2713 2124 2921 2188 quartae
2954 2117 3277 2188 olympiadis
3308 2131 3453 2172 anno
3484 2117 3670 2183 tertio,

2093 2210 2326 2267 Seleuco
2366 2213 2493 2266 illuc
2527 2211 2772 2282 appulso.
3083 2216 3086 2217 ⁷

2167 2307 2253 2360 10.
2298 2305 2489 2362 Frater
2533 2314 2714 2361 autem
2765 2305 3012 2360 Callinici
3057 2305 3361 2374 Antigonus
3412 2319 3669 2374 magnam

2096 2398 2383 2471 Phrygiam
2412 2415 2728 2470 peragrans,
2761 2400 2978 2453 tributis
3001 2399 3206 2452 incolas
3221 2397 3504 2453 onerabat.
3525 2397 3668 2462 Quin

2094 2501 2150 2546 et
2176 2499 2364 2545 contra
2393 2489 2677 2546 Seleucum
2707 2492 2985 2561 copiarum
3021 2489 3190 2545 duces
3233 2489 3514 2554 mittebat;
3561 2503 3671 2560 quo

2097 2591 2338 2652 tempore
2386 2597 2511 2636 cum
2547 2596 2576 2634 a
2620 2583 2942 2652 voluptariis
2969 2583 3085 2638 suis
3117 2582 3385 2636 ministris
3429 2581 3670 2636 traditus

2097 2673 2288 2729 fuisset
2321 2673 2568 2730 barbaris
2603 2674 2734 2746 (18),
2769 2675 2963 2728 horum
2983 2674 3234 2728 manibus
3249 2675 3470 2742 elapsus
3499 2689 3669 2743 parvo

2095 2767 2355 2821 comitatu
2388 2766 2715 2838 Magnesiam
2742 2766 2917 2822 evasit
2949 2785 2962 2821 :
2993 2767 3340 2836 crastinaque
3365 2767 3457 2821 die
3481 2764 3668 2820 Ptole-

2095 2859 2216 2914 mari
2246 2859 2461 2913 auxiliis
2491 2858 2662 2913 fretus
2693 2858 2938 2927 prmlium
2963 2857 3106 2913 felici
3140 2856 3309 2912 Marte
3333 2857 3616 2912 conseruit
3649 2876 3664 2910 :

2097 2955 2208 3001 tum
2227 2955 2280 3002 et
2296 2947 2454 3002 Ziela:
2469 2947 2580 3018 (19)
2597 2947 2757 3002 filiam
2779 2947 2983 3018 nuptiis
3006 2947 3109 3002 sibi
3136 2947 3428 3017 copulavit.
3460 2947 3669 3002 Deinde

2095 3057 2238 3097 anno
2290 3048 2485 3112 quarto
2535 3040 2856 3112 olympiadis
2905 3041 3216 3095 centesima:
3263 3046 3316 3093 et
3373 3039 3671 3094 tricesimze

2089 3133 2331 3204 septimae
2353 3134 2407 3187 in
2429 3131 2596 3202 Lydia
2616 3133 2702 3188 bis
2721 3132 2888 3188 armis
2911 3132 3072 3187 motis
3093 3131 3395 3187 debellatus
3416 3138 3501 3186 est
3526 3129 3662 3200 (20).

2091 3223 2227 3278 Tum
2253 3225 2414 3278 etiam
2450 3225 2594 3278 circa
2624 3224 2864 3279 Choloén
2889 3225 3121 3278 certavit
3152 3239 3276 3278 cum
3303 3224 3486 3277 Attalo
3511 3222 3622 3293 (21)
3646 3241 3662 3275 :

2089 3323 2142 3370 et
2173 3315 2392 3385 quidem
2422 3315 2597 3384 primo
2625 3330 2769 3370 anno
2798 3315 3122 3386 olympiadis
3146 3314 3434 3368 tricesima
3457 3322 3667 3368 octava:

2089 3421 2254 3476 supra
2285 3407 2657 3472 centesimam,
2685 3405 2923 3461 Attalum
2953 3406 3010 3462 in
3052 3405 3343 3460 Thraciam
3376 3422 3551 3476 usque
3579 3405 3633 3460 fu
3659 3434 3667 3449 ε

2087 3497 2259 3568 giens,
2294 3507 2416 3567 post
2444 3512 2677 3568 pugnam
2714 3499 2768 3551 in
2808 3497 2968 3553 Caria
2999 3506 3289 3567 patratam,
3325 3495 3434 3550 vita
3467 3511 3666 3552 exces-

2091 3675 2349 3730 refutavit
2387 3692 2634 3731 summus
2671 3675 2987 3732 Vicecomes
3023 3675 3265 3746 Iconogr.
3288 3693 3368 3744 gr.
3398 3675 3487 3740 Ill,
3528 3679 3655 3734 582.

2156 3748 2266 3816 (1-1)
2307 3746 2402 3802 Hic
2440 3757 2524 3802 est
2572 3747 2873 3801 Antiochus
2906 3747 3124 3802 llierax.
3162 3748 3220 3801 ln
3251 3749 3443 3803 codice
3473 3757 3658 3806 tamen

2087 3817 2237 3871 Arm.
2262 3826 2578 3873 constanter
2605 3817 2862 3873 scribitur
2888 3819 3203 3886 Antigonus.

2161 3887 2273 3957 (12)
2300 3888 2659 3953 Quaerendum
2687 3888 2756 3942 de
2787 3887 2889 3958 hoc
2926 3905 2942 3950 ;
2993 3903 3118 3941 nam
3161 3887 3490 3958 Ptolemzeus
3525 3890 3655 3958 qui-

2086 3956 2229 4028 dem,
2259 3961 2486 4027 quimox
2510 3965 2781 4019 occurret,
2814 3957 2982 4011 frater
3010 3965 3126 4028 erat
3159 3957 3468 4028 Berenices,
3490 3956 3654 4028 quam

2086 4027 2336 4083 Laodice.-
2364 4030 2521 4083 uxori
2561 4029 2744 4096 primae
2773 4027 3154 4097 superinduxit
3204 4027 3530 4091 Antiochus,
3561 4045 3658 4084 co-

2086 4099 2342 4168 gnomine
2375 4098 2536 4162 Deus,
2566 4098 2810 4168 Callinici
2843 4105 2897 4152 et
2928 4097 3416 4168 llieracisiparens.

2155 4170 2268 4239 (15)
2311 4169 2446 4239 Puta
2477 4169 2741 4239 adversus
2784 4166 3135 4239 Ptolemaeum
3172 4166 3520 4239 Tryphonem
3555 4185 3653 4225 seu

2085 4237 2400 4311 Evergetetn
2417 4238 2536 4311 (qui
2558 4238 2799 4311 Ber_eni_ci
2819 4239 2992 4311 sorori
3009 4238 3202 4311 vindex
3216 4237 3460 4310 venerat)
3488 4248 3656 4311 atque

2086 4307 2350 4365 adversus
2379 4307 2622 4377 ejusdem
2646 4307 2922 4362 Ptolemzei
2949 4309 3260 4364 auxiliares.

2160 4379 2271 4449 (14)
2301 4380 2500 4448 Copias
2530 4378 2741 4433 Seleuci
2755 4379 3132 4450 internecione
3147 4378 3653 4450 caesasjpsumque

418 4439 517 4522 pati
583 4439 963 4521 pinguedinem
1015 4439 1201 4504 narrat
1257 4439 1552 4505 Athenaeus
1608 4439 1711 4517 Xll‘,
1769 4439 1875 4515 12(
1919 4468 1972 4522 p.
2013 4439 2054 4493 Ῑ)
2086 4439 3654 4522 Seleucum-aliquandiudesideratumnarratl’lutarchus

416 4515 598 4571 550.'
683 4515 705 4521 ⁷
993 4568 999 4574 .
1191 4573 1199 4581 ,

489 4589 562 4659 (5)
582 4587 718 4659 Huic
739 4589 849 4659 regi
870 4597 1092 4659 putatur
1110 4589 1346 4645 Berosus
1381 4589 1674 4644 Historiam
1703 4607 1858 4647 suam
1881 4592 1978 4647 ob-

418 4658 628 4728 tuliSse.
661 4658 1115 4715 Vide’Tatianum
1146 4669 1286 4713 orat.
1314 4676 1435 4728 cap.
1467 4660 1555 4714 36.

489 4727 563 4799 (15)
600 4731 778 4784 Codex
829 4730 979 4783 Arm.
1019 4745 1132 4795 xtx,
1175 4731 1317 4799 quod
1371 4727 1623 4784 mendum
1673 4733 1856 4787 statim
1889 4733 1978 4786 hic

414 4802 750 4870 coarguitur,
791 4807 845 4853 et
876 4811 956 4854 ter
987 4800 1183 4854 deinde
1203 4799 1452 4853 inferius.

489 4869 569 4942 (7
601 4869 698 4942 llic
725 4871 966 4942 Ach:ens_
982 4885 1162 4942 regem
1198 4884 1256 4923 sc
1283 4878 1468 4942 postea
1492 4869 1648 4923 dixit.
1687 4870 1874 4942 Polyb.
1900 4889 1972 4937 tv,

489 4881 564 4992 (te
601 4881 698 4923 me
725 4881 950 4924 Acmens
982 4885 1160 4938 regem
1198 4884 1256 4923 se
1283 4881 1468 4938 postea
1492 4881 1648 4923 dixit.
1689 4881 1874 4942 Polyb.
1900 4889 1972 4937 tv,

414 4939 502 4994 48.
561 4957 646 4994 mo
665 4941 917 5001 Achaeus,
936 4939 1003 4992 de
1025 4953 1132 5008 quo
1152 4939 1392 5012 loquitur
1420 4938 1777 5012 Porphyrius,
1793 4946 1976 4998 senior

415 5019 518 5066 est.
549 5012 649 5077 Qui
684 5018 866 5064 autem
893 5025 952 5063 se
979 5024 1158 5078 regem
1193 5010 1353 5071 dixit,
1377 5010 1585 5079 junior.

487 5082 563 5151 (8)
596 5081 836 5148 lntellige
859 5079 1217 5154 tiappadociaa
1235 5078 1440 5154 regem.
1468 5078 1587 5133 Jam
1627 5080 1848 5137 Arat/tes
1876 5100 1976 5154 pro

417 5149 723 5204 Ariarathes
777 5149 1038 5222 scribitur
1079 5149 1243 5202 etiam
1289 5149 1320 5202 a
1357 5152 1639 5205 Memnone
1660 5154 1803 5222 apud
1833 5149 1976 5208 Pho-

415 5222 547 5274 tium
573 5222 696 5275 cod.
723 5234 936 5282 ccxxw,
967 5219 1053 5271 52.

487 5292 562 5362 (tt)
596 5291 736 5344 Bene
761 5291 813 5342 in
840 5290 1138 5362 posteriore
1181 5289 1321 5343 libro
1350 5289 1434 5346 bis
1463 5291 1659 5362 legitur
1688 5308 1778 5358 xx,
1813 5294 1867 5348 in
1894 5303 1975 5348 ta-

415 5359 558 5427 bulis
582 5375 772 5427 nempe
803 5373 986 5425 regum
1009 5367 1063 5412 et
1087 5359 1140 5412 in
1172 5375 1400 5414 canone.

483 5425 597 5501 (10)
629 5425 991 5501 EnEu~eb_iu_s
1008 5445 1100 5484 seu
1133 5428 1472 5501 Porphyrius
1491 5432 1820 5488 mentionem
1852 5435 1972 5488 nul-

413 5499 519 5552 lam
550 5499 752 5574 faciunt
771 5499 1098 5574 captivitatis
1120 5499 1366 5556 Callinici
1387 5503 1525 5572 apud
1549 5503 1968 5574 Parthos,quam

413 5577 592 5643 tamen
623 5567 919 5643 scriptores
939 5569 1324 5643 aliquot,qu_os
1346 5567 1486 5626 inter
1520 5574 1698 5643 magni
1733 5567 1970 5629 nominis

413 5636 1338 5714 hominesVaillantius,Frtelichius
1362 5653 1522 5714 atque
1539 5636 1846 5708 Ecl'thelius,
1865 5646 1966 5698 sibi

410 5709 749 5777 persuasisse
784 5706 1060 5766 videntur.
1089 5710 1278 5766 Merito
1313 5706 1475 5785 igitur
1491 5716 1631 5771 hanc
1657 5706 1966 5783 opinidnem

2079 4521 2366 4588 Apopltth.,
2407 4517 2509 4576 ed.—
2537 4520 2714 4575 Paris.
2749 4527 2792 4574 t.
2842 4517 2906 4583 ll,
2944 4535 2998 4589 p.
3032 4519 3134 4573 184
3156 4559 3172 4586 ,
3207 4528 3262 4575 et
3305 4520 3381 4574 De
3410 4521 3651 4590 fraterno

2078 4591 2517 4713 “"iiisi’i’ioi‘eiia

2151 4661 2262 4728 (15)
2283 4658 2608 4715 Ptoletnzeus
2642 4658 2934 4730 Evergetes
2964 4660 3166 4715 dicitur
3211 4660 3457 4731 Tryphon
3483 4663 3651 4718 etiam

2079 4746 2107 4783 a
2137 4730 2312 4799 Trogo
2340 4731 2540 4801 prolog.
2568 4745 2735 4801 xxvu,
2763 4739 2817 4785 et
2851 4747 2978 4786 xxx.

2116 4802 2262 4881 .(16)
2297 4800 2581 4857 Aucherus
2614 4800 2939 4857 Damascum
2972 4810 3025 4856 et
3045 4800 3358 4856 Orthosiam
3390 4801 3653 4858 obsessas

2077 4881 2172 4925 all.

2149 4943 2262 5013 (17)
2291 4943 2429 5013 Cave
2451 4943 2560 4998 huc
2583 4943 2767 4998 trahas
2796 4940 3009 5013 locuml
3051 4941 3296 4996 Machab.
3326 4941 3531 5013 xv,_37,
3555 4941 3648 5013 qui

2076 5011 2163 5066 est
2197 5011 2263 5068 de
2293 5012 2602 5084 Tryphonc,
2649 5016 2757 5067 alio
2807 5011 2980 5084 Syriae
3023 5022 3275 5084 tyranno,
3327 5011 3563 5084 'l‘pgcpwv
3592 5012 3652 5066 δὲ

2078 5084 2252 5153 ἐμϐὰς
2293 5081 2382 5146 εἰς’
2406 5081 2623 5151 “πλοῖον,
2679 5081 2876 5152 ἔφυγεν
2903 5087 2982 5146 εἰς
3025 5081 3344 5153 Ὀρθωσίαν,
3377 5081 3650 5151 Tryphon

2078 5157 2288 5223 navigio
2308 5170 2586 5208 conscenso
2621 5153 2928 5209 Orthosiam
2959 5154 3083 5223 fuga
3111 5153 3295 5206 erasit.

2148 5226 2260 5293 (l8)
2301 5223 2365 5278 Hi
2396 5225 2647 5278 videntur
2679 5223 2817 5278 Galli
2845 5224 3190 5293 mercenarii.

2148 5287 2260 5365 (l9)
2324 5296 2402 5348 Ita
2435 5293 2606 5348 codex
2635 5293 2810 5356 Arm.,
2835 5291 3016 5365 Zielag.
3047 5291 3179 5365 Jam_
3199 5292 3266 5347 de
3299 5287 3464 5350 Zeilae
3484 5290 3652 5365 Nicof

2077 5363 2248 5435 mellis
2283 5365 2639 5435 Bithynorum
2670 5365 2822 5435 regis
2855 5363 2964 5435 ti_l_io
2989 5363 3476 5435 lege_lllemnonem
3502 5363 3648 5435 apud

2075 5433 2324 5490 Plautium
2354 5431 2476 5488 cod.
2511 5431 2846 5497 (ζειχινξ25.
2882 5431 3079 5487 Verum
3104 5432 3354 5489 Justinus
3377 5446 3552 5498 xxvu,
3583 5431 3643 5492 3,

2075 5507 2207 5559 dicit
2236 5505 2492 5574 Antigoni
2522 5506 2688 5573 hujus
2718 5506 2855 5573 (sive
2889 5504 3164 5574 Antiochi)
3194 5519 3448 5559 socerum
3479 5502 3651 5556 Arta-

2076 5592 2273 5628 mcnem
2307 5577 2662 5644 Cappadocia:
2690 5590 2893 5644 regem.

2146 5646 2258 5715 (20)
2295 5644 2921 5715 LegeJustitium_xxvtt,
2956 5645 3010 5699 5.

2145 5713 2256 5786 (21)
2290 5713 2535 5786 Pergami
2564 5731 2709 5786 rege.
2740 5713 2976 5769 Pausan.
3011 5713 3167 5768 Attic.
3204 5731 3324 5771 \‘lll.
