3830 6308
126 317 215 372 289
1366 296 1867 357 CHRONICORUM
1908 296 2036 350 LIB.
2079 294 2120 348 I.

616 430 773 483 PHE’
809 426 1186 483 ΟΛΥΜΠΙΑΣ.
1218 456 1221 457 ν
1729 425 1773 481 Α

125 528 185 580 Ρ.
206 525 290 579 ὑπ.
316 521 716 593 Κορνεφηκίου
742 522 837 576 καὶ
860 520 1163 592 Πομπηΐου.

125 623 182 673 Δ’.
206 618 291 672 ὑπ.
330 614 672 669 Ἀντωνίνου
697 615 794 668 καὶ
820 613 1079 676 Λίϐωνος.

1796 597 1885 652 IV.
1922 596 2198 651 Antonino
2224 602 2280 650 et
2305 593 2512 650 Libone
2542 609 2690 650 coss.

127 714 187 767 E'.
212 710 298 764 ὑπ.
331 707 705 762 ὐκταόιανοῦ
732 706 1044 775 Αὐγούστου
1076 702 1169 761 καὶ
1191 701 1521 773 Κικέρωνος.

1510 738 1521 751 ,
1797 688 1864 743 V.
1902 687 2199 744 Octaviano
2227 686 2473 756 Augusto
2503 691 2554 740 et
2583 684 2849 741 Cicerone
2875 697 3022 740 coss.

129 807 203 862 I7.
227 802 312 857 ὑπ.
351 798 729 855 Ὀκταὸιανοῦ
767 798 1075 868 Αὐγούστου
1114 795 1176 851 τὸ
1199 796 1242 867 β’
1267 794 1361 848 καὶ
1385 788 1641 864 Κορὸιλίο

1594 788 1693 843 ίου,
1798 779 1891 837 VI.
1924 779 2224 836 Octaviano
2250 776 2498 847 Augusto
2536 791 2576 830 II
2605 786 2658 831 et
2690 775 2930 831 Corvilio
2957 787 3104 830 coss.

601 915 778 982 Ριιςι
816 911 1192 968 ΟΛΥΜΠΙΑΣ.

2229 889 2539 948 CLXXXVI
2572 887 2943 946 OLYMPIAS.

128 1011 186 1065 Z’.
208 1009 290 1063 ὑπ.
329 1004 707 1061 Ὀκταδιανοῦ
738 981 1047 1074 Αὐγούστου
1069 1002 1132 1057 τὸ
1156 1008 1205 1072 γ’
1230 1000 1325 1056 καὶ
1347 997 1626 1072 Κράσσου.

1575 1015 1626 1052 υ,
1800 987 1915 1042 VII.
1946 985 2243 1043 Octaviano
2262 984 2509 1055 Augusto
2540 998 2597 1036 ιιι
2631 990 2685 1037 et
2706 981 2910 1036 Crasso
2937 993 3087 1034 coss.

128 1108 195 1160 II’.
216 1105 304 1158 ὑπ.
360 1098 742 1156 Ὀκταὸιανοῦ
791 1071 1103 1167 Αὐγούστου
1139 1071 1201 1150 τὸ
1237 1095 1279 1149 δ’
1303 1093 1398 1148 καὶ
1445 1092 1640 1163 Κράσσ

1664 1106 1700 1144 ,υ
1800 1077 1937 1133 VIII.
1968 1076 2265 1134 Octaviano
2292 1074 2542 1146 Augusto
2571 1088 2626 1128 Iv
2653 1080 2707 1128 et
2727 1071 2929 1128 Crasso
2959 1085 2999 1124 ιι
3030 1084 3176 1125 coss.

183 1194 234 1248 τὸ
260 1194 319 1248 B'.

183 1194 234 1248 τὸ
289 1200 319 1246 '.

129 1288 191 1341 8'.
218 1194 304 1340 I5:
341 1283 727 1356 Ἀενοὸἀρὸου
754 1283 849 1337 καὶ
886 1280 1147 1335 Σωσσίου.

132 1381 177 1434 I'.
198 1380 283 1433 ὑπ.
324 1332 699 1432 Ὀκταὸιαινοῦ
729 1375 1036 1445 Αὐγούστου
1078 1373 1141 1427 τὸ
1166 1379 1204 1426 ε’
1234 1372 1329 1425 καὶ
1360 1368 1701 1441 Ἀπουληῖου.
1802 1343 1873 1400 Ῑ·
1904 1332 2200 1401 θοῑδθίθηο
2221 1339 2467 1411 Αυευειο
2499 1354 2532 1392 ν
2561 1344 2615 1393 ει
2648 1336 2876 1408 Apuleio
2902 1348 3050 1389 0°53-

588 1489 746 1542 PIIZ'
788 1484 1162 1540 ΟΛΥΜΠΙΑΣ.

2218 1448 2553 1541 CLXXXVII
2585 1444 2959 1503 OLYMPIAS.

133 1582 214 1635 IA'.
242 1580 330 1635 ὑπ.
361 1532 741 1633 Ὀκταϐῖαῦζῦ
1202 1578 1255 1637 ς’
1277 1570 1373 1625 καὶ
1407 1568 1703 1642 Ἀγρίππα.
1932 1544 2234 1645 θξίδνῖεξηο
2253 1532 2500 1645 Αᾨὲυεῑὸ
2531 1555 2585 1593 "1
2608 1545 2662 1593 ει
2691 1537 3105 1639 Αβτίρρῧφδεο

133 1676 214 1727 ΙΒ’.
249 1674 338 1727 ὑπ.
382 1669 762 1726 Ὀκταϐιανοῦ
786 1620 1095 1736 Αὐγούστου
1126 1664 1187 1718 τὸ
1210 1620 1273 1729 δζθ
1306 1662 1401 1716 καὶ
1434 1620 1708 1731 Ἀγρίππα
1807 1638 1924 1696 ΧΠ·
1962 1638 2264 1694 Οθῑδνίαηο
2296 1635 2544 1706 Αυευεῑο
2571 1647 2645 1687 V“
2667 1637 2721 1686 ει
2753 1620 2991 1701 Ᾱὲτίρβθ
3014 1643 3051 1681 ¹¹
3077 1640 3220 1681 εοδει

2242 409 2529 483 CLXXXV
2568 408 2937 467 cuneus.

1795 506 1885 563 III.
1926 505 2219 563 Corniﬁcio
2248 512 2302 562 et
2330 505 2590 576 Pompeio
2625 519 2774 560 coss.

1803 1251 1895 1308 IX.
1929 1250 2247 1307 Enobarbo
2273 1255 2329 1304 et
2359 1246 2520 1302 Sosio
2548 1259 2697 1301 coss.

188 1765 237 1818 τὸ
260 1768 321 1820 8'.
460 1805 464 1808 ‹

188 1768 237 1818 τὸ
288 1772 321 1820 '.
460 1805 464 1808 ι

132 1858 213 1911 [Γ.
242 1768 329 1911 ξπ.
369 1853 751 1911 Ὀκταϐιανοῦ
779 1850 1089 1921 Αὐγούστου
1114 1848 1176 1903 τὸ
1196 1854 1247 1919 η’
1279 1848 1372 1902 καὶ
1399 1844 1634 1918 Ταύρου.
1734 1780 1780 1837 Β

132 1950 211 2002 ΙΔ’.
237 1949 326 2002 ὑπ.
368 1943 747 2001 Ὀκταϐιανοῦ
774 1941 1081 2011 Αὐγούστου
1103 1939 1167 1993 τὸ
1199 1938 1243 1993 θ’
1272 1939 1365 1992 καὶ
1390 1934 1633 1990 Σιλανοῦ.

629 2058 795 2111 PIIH'
834 2053 1213 2110 ΟΛΥΜΠῙΑΣ.

2218 2020 2579 2081 CLXXXVIII
2617 2017 2986 2077 OLYMPIAS.

132 2148 215 2202 IE'.
245 2150 334 2204 ὑπ.
376 2148 757 2204 ὐκταϐιανοῦ
801 2146 1113 2215 Αὐγούστου
1149 2142 1212 2196 τὸ
1252 2148 1281 2195 ι’
1311 2140 1405 2194 καὶ
1441 2138 1644 2193 Φλάκκε

1568 2156 1710 2193 ικου,
1812 2121 1931 2177 XV.
1964 2119 2266 2177 Octaviano
2297 2118 2546 2188 Augusto
2566 2131 2601 2168 ι
2628 2121 2682 2169 et
2710 2111 2908 2167 Flacco
2934 2126 3080 2166 coss.

134 2239 230 2306 ιτ.
253 2243 341 2296 ὑπ.
389 2240 770 2296 Ὀκταϐιανοῦ
803 2238 1111 2307 Αὐγούστου
1142 2235 1204 2289 τὸ
1233 2240 1299 2287 ια’
1328 2234 1423 2287 καὶ
1451 2232 1646 2285 Πίσωνι

1637 2248 1712 2296 ος,
1811 2214 1953 2270 XVI.
1986 2212 2283 2270 Octaviano
2320 2209 2570 2281 Augusto
2604 2223 2660 2263 x-I
2692 2213 2748 2261 et
2780 2204 2979 2260 Pisone
3004 2217 3149 2259 coss.

1808 1821 1951 1879 XIII.
1989 1819 2288 1876 Octaviano
2314 1816 2562 1889 Augusto
2587 1828 2688 1871 vIII
2719 1819 2773 1869 et
2803 1809 2986 1866 Tauro
3015 1824 3157 1865 coss.

1809 1913 1950 1970 XIV.
1975 1912 2273 1970 Octaviano
2305 1910 2554 1981 Augusto
2581 1924 2635 1963 IX
2659 1913 2714 1962 et
2748 1902 2934 1959 Silano
2963 1918 3110 1960 coss.

135 2334 215 2387 IZ'.
236 2334 323 2388 ὑπ.
363 2332 744 2389 Ὀκταϐιανοῦ
768 2329 1076 2399 Αὐγούστου
1094 2326 1155 2380 τὸ
1173 2325 1238 2397 ιβ’
1260 2325 1353 2379 καὶ
1383 2322 1713 2397 Ἀρουντίου.

135 2427 221 2481 IH’.
247 2429 337 2482 ὑπ.
363 2428 593 2483 Κέλσου
623 2424 727 2483 καὶ
755 2422 1028 2502 Τιϐερίου.

625 2537 787 2592 ΡΠ6⁹
827 2531 1201 2590 ΟΑΥΜΠῙΑΣ.

143 2633 227 2686 ιθι.
254 2634 346 2689 ὐπ.
374 2631 619 2688 Λολλίου
662 2629 764 2683 καὶ
796 2626 1046 2681 Λεπίδου.

142 2726 213 2778 Κ’.
246 2725 347 2778 ὑπ.
397 2720 745 2793 Ἀπουληῒου
784 2717 879 2772 καὶ
911 2714 1116 2788 Νερϐά.

150 2817 261 2868 XA'.
295 2817 389 2869 ὑπ.
424 2789 813 2882 Σατουρνίλου
840 2806 934 2861 καὶ
966 2789 1324 2878 Λουκρητίου.

141 2906 247 2962 KB‘.
273 2906 365 2959 ὑπ.
394 2902 724 2960 Λεντού).ου
748 2899 845 2954 καὶ
869 2896 1187 2952 Λεντούλου.

647 3014 790 3067 PIII'
831 3008 1207 3065 ΟΛΥΜΠΙΑΣ.

143 3110 249 3167 XI".
276 3110 370 3165 ὑπ.
405 3106 731 3164 Αεντούλου
763 3104 826 3158 τὸ
859 3103 902 3174 β’
934 3102 1030 3157 καὶ
1054 3100 1375 3174 Κορνηλίου.

142 3202 247 3253 KA'.
277 3201 371 3255 ὐπ.
409 3197 726 3271 Φορνικίου
755 3193 853 3248 καί
884 3188 1132 3252 Σιλανοῦ.

143 3294 252 3347 κεν.
285 3294 379 3347 ὑπ.
416 3290 708 3363 Δομετίου
746 3287 842 3342 καὶ
889 3283 1271 3358 Ἀενοόάρὸου.

144 3385 271 3451 KG’.
307 3385 404 3438 ὑπ.
446 3382 720 3443 Λίϐωνος
756 3378 852 3432 καὶ
873 3376 1135 3441 Πίσωνος.

638 3490 826 3545 ΡΠΙΑ¹
865 3487 1243 3543 ΟΛΥΜΠΙΔΣ.

143 3589 250 3641 ΚΖ’.
274 3588 367 3642 ὑπ.
390 3587 678 3659 Κράσσου
718 3580 816 3635 καὶ
847 3579 1165 3634 Λεντούλου.
1194 3608 1197 3611 ι

144 3680 260 3733 XH’.
294 3681 389 3735 ὑπ.
427 3679 710 3752 Νέρωνος
744 3673 840 3728 καὶ
871 3673 1113 3745 Κλάρου.

146 3773 257 3827 KO'.
280 3774 372 3827 ὑπ.
406 3769 701 3828 Μεσσαλὰ
728 3766 823 3820 καὶ
847 3764 1129 3837 Κυρινίου.

145 3865 213 3918 Δ’.
241 3864 332 3919 ὑπ.
377 3860 746 3920 Ῥουϐελλίου
783 3856 878 3911 καὶ
902 3855 1244 3929 Σατορνίνου.
1346 3890 1350 3894 -

636 3971 825 4026 ΡΠΙΒ’
863 3966 1242 4023 ΟΛΥΜΠΙΑΣ.

148 4068 254 4122 AA'.
279 4069 375 4126 ὑπ,
409 4067 693 4138 Μαξίμου
734 4060 831 4116 καὶ
875 4059 1240 4131 Τουϐέρωνος.

146 4162 253 4216 AB'.
281 4165 374 4216 ὑπ.
424 4153 785 4231 Ἀφρικανοῦ
816 4153 909 4208 καὶ
942 4150 1194 4223 Μαξίμου
1219 4147 1281 4202 τὸ
1314 4147 1382 4219 β’.
1464 4210 1467 4215 _

146 4251 248 4304 AI".
286 4254 375 4306 ὐπ.
411 4250 675 4322 Δρούσου
711 4244 811 4299 καὶ
848 4242 1170 4315 Κρισπίνου.

148 4349 247 4397 ΛΔἏ
276 4347 372 4400 ὑπ.
404 4339 782 4413 Κενσωρίνου
816 4338 910 4390 καὶ
942 4335 1167 4389 Γάλλου.

634 4453 819 4508 ΡΠῐΓ⁹
862 4448 1235 4506 ΟΛΥΜΠΙΑΣ.

148 4551 252 4605 AE'.
276 4552 371 4606 ὑπ.
407 4551 689 4622 Νέρωνος
716 4543 781 4597 τὸ
812 4543 855 4613 β’
888 4544 980 4598 καὶ
1008 4543 1250 4605 Πίσωνος
1272 4540 1334 4595 τὸ
1366 4540 1430 4612 β’.

148 4644 254 4708 Aq’.
281 4644 378 4699 ὑπ.
404 4642 636 4697 Βάλϐου
661 4636 765 4691 καὶ
800 4635 1052 4707 Βετέρου.

148 4737 375 4805 Aluit.
419 4725 809 4789 Ὀκταῦιανοῦ
842 4726 979 4795 Αὐγ.
1015 4725 1074 4779 τὸ
1100 4731 1167 4794 ιγ’
1198 4724 1291 4779 καὶ
1322 4721 1541 4776 Σύλλου.

152 4828 263 4883 ΑΠ’.
297 4830 394 4884 ὑπ.
427 4826 686 4883 Σαϐίνου
714 4819 811 4875 καὶ¹
850 4818 1153 4889 Ῥουφίνου.

641 4935 826 4992 ΡΠΙΔ¹
876 4929 1252 4986 ΟΑΥΜΠΙΑΣ.

153 5037 256 5092 ΛΘ.
280 5039 376 5093 ὑπ.
400 5023 813 5099 νὈκταόιανοῦ
845 5024 983 5093 Αὐγ.
1002 5022 1065 5076 τὸ
1100 5020 1159 5075 ιδ’
1190 5020 1286 5075 καὶ
1316 5017 1560 5074 Σιλανοῦ.

153 5130 227 5182 Μ’.
255 5132 348 5186 ὑπ.
384 5124 723 5184 Λεντούλου
755 5117 1021 5180 Πίσωνος.

156 5222 269 5280 MA'.
304 5225 401 5279 ὑπ.
441 5216 739 5276 Πουϐλίου
763 5210 1039 5283 Καίσαρος
1071 5210 1167 5264 καὶ
1190 5206 1425 5262 Παύλου.

156 5315 269 5371 ΜΒ.
293 5318 395 5371 ὑπ.
434 5305 772 5369 Ουίνδικίου
801 5302 893 5358 καὶ
922 5301 1155 5373 Οὐάρου.

506 5412 516 5419 ’
649 5418 838 5475 PIIIE'
888 5410 1265 5470 ΟΛΥΜΠΙΑΣ.

158 5519 270 5577 ΜΡ.
299 5522 398 5575 ὑπ.
429 5509 668 5589 Λαμίου
700 5508 801 5564 καὶ
822 5503 1136 5579 Σερὸηλίου.

158 5612 269 5668 MA'.
309 5615 408 5669 ὑπ.
436 5612 692 5679 Μάγνου
720 5600 818 5656 καὶ
850 5598 1130 5687 Βαλςρίου.

159 5704 276 5762 ME'.
308 5707 407 5760 ὑπ.
442 5698 705 5758 Λεπίδου
743 5693 842 5747 καὶ
871 5690 1143 5757 Πλάγκου.

160 5795 295 5865 ΜΤ.
328 5799 431 5853 ὑπ.
455 5789 741 5861 Τιὸερίου
774 5782 1050 5854 Καίσαρος
1078 5781 1173 5835 καὶ
1196 5778 1555 5851 Καπήτωνος.
1592 5858 1595 5861 Α

1750 3131 1798 3192 ο

1813 2305 1978 2361 XVII.
2008 2303 2306 2361 Octaviano
2332 2302 2582 2371 Augusto
2611 2314 2690 2352 XII
2718 2307 2772 2352 et
2801 2295 3035 2350 Aruntio
3061 2306 3207 2349 coss.

1814 2398 2006 2457 XVIII.
2036 2397 2197 2454 Celso
2221 2405 2274 2452 et
2305 2393 2527 2450 Tiberio
2555 2407 2703 2447 coss.

2244 2474 2562 2562 CLXXXIX
2601 2496 2973 2556 OLYMPIAS.

1819 2604 1965 2661 XIX.
1997 2600 2172 2657 Lollio
2196 2606 2251 2655 et
2276 2596 2481 2667 Lepido
2499 2609 2647 2649 coss.

1819 2696 1939 2754 XX.
1973 2694 2203 2766 Apuleio
2225 2698 2276 2747 et
2298 2689 2473 2745 Nerva
2492 2698 2645 2741 coss.

1819 2790 1962 2847 XXI.
1991 2785 2272 2843 Saturnilo
2296 2789 2351 2838 et
2379 2778 2637 2835 Lucretio
2668 2790 2819 2832 coss.

1824 2880 1986 2938 XXII.
2020 2877 2249 2936 Lentulo
2267 2882 2321 2931 et
2341 2871 2572 2928 Lentulo
2598 2857 2749 2924 coss.

2042 3060 2045 3065 _
2354 2984 2489 3043 CXC
2519 2975 2889 3039 OLVMPIAS.

1831 3085 2024 3143 XXIII.
2058 3081 2290 3139 Lentulo
2316 3096 2356 3134 ιι
2394 3086 2450 3134 et
2474 3075 2731 3132 Cornelio
2751 3087 2897 3128 coss.

1829 3178 2017 3237 XXIV.
2048 3175 2306 3233 Fornicio
2334 3180 2388 3228 et
2414 3169 2602 3226 Silano
2631 3183 2777 3223 coss.

1825 3268 1992 3325 XXV.
2028 3266 2263 3322 Domitio
2291 3270 2346 3319 et
2377 3257 2694 3315 IEnobarbo
2722 3268 2868 3310 coss.

1827 3358 2017 3419 XXVI.
2050 3359 2259 3415 Libone
2280 3363 2334 3411 et
2366 3353 2566 3409 Pisone
2594 3363 2743 3403 coss.

2252 3536 2261 3543 ι
2317 3464 2478 3523 CXCI
2533 3455 2910 3525 OLYMPIA‘S.

1828 3563 2043 3623 XXVII.
2076 3563 2277 3618 Crasso
2305 3567 2359 3615 et
2388 3554 2622 3611 Lentulo
2660 3566 2807 3607 coss.

1829 3656 2067 3715 XXVIII.
2097 3654 2314 3711 Nerone
2335 3662 2389 3708 et
2411 3650 2575 3706 Claro
2605 3661 2752 3704 coss.

1829 3750 2019 3811 XXIX.
2054 3747 2285 3804 Messala
2308 3751 2362 3799 et
2392 3740 2616 3813 Cyrinio
2641 3751 2787 3793 coss.

1833 3843 2001 3901 XXX.
2044 3839 2297 3905 Rubellio
2325 3847 2377 3892 et
2396 3831 2697 3889 Saturnino
2718 3842 2865 3883 coss.

2328 3945 2515 4004 CXCII
2546 3935 2917 4000 OLYMPIAS.

1834 4047 2027 4103 XXXI.
2061 4044 2297 4100 Maximo
2317 4048 2371 4097 et
2399 4039 2691 4095 Tuberone
2711 4049 2859 4089 coss.

1835 4139 2054 4197 XXXII.
2090 4137 2348 4193 Africano
2374 4139 2430 4186 et
2482 4129 2720 4185 Maximo
2746 4140 2787 4179 ιι
2813 4136 2959 4179 coss.

1835 4229 2077 4288 XXXIII.
2111 4228 2287 4281 Druso
2309 4231 2363 4278 et
2389 4220 2647 4289 Crispino
2676 4230 2824 4270 coss.

1836 4317 2078 4380 XXXIV.
2108 4314 2412 4373 Censorino
2445 4318 2499 4365 et
2521 4307 2676 4363 Gallo
2703 4319 2850 4360 coss.

2326 4419 2533 4479 CXCIII
2559 4412 2926 4487 OLYMPIAS.

1842 4542 2058 4602 XXXV.
2079 4540 2295 4596 Nerone
2322 4553 2361 4591 II
2385 4543 2439 4591 et
2462 4533 2663 4589 Pisone
2694 4545 2737 4585 II
2767 4542 2915 4585 coss.

1842 4633 2084 4691 XXXVI.
2113 4632 2281 4686 Balbo
2311 4636 2365 4685 et
2391 4626 2589 4682 Vetere
2633 4637 2780 4679 coss.

1845 4725 2110 4784 XXXVII.
2143 4722 2443 4780 Octaviano
2480 4717 2620 4787 Aug.
2654 4729 2753 4769 XIII
2780 4719 2838 4769 et
2865 4709 3014 4784 Sylla
3049 4724 3197 4766 coss.

1843 4819 2131 4877 XXXVIII.
2158 4815 2364 4872 Sabino
2385 4820 2441 4867 et
2470 4809 2666 4865 Rulino
2686 4821 2829 4863 coss.

2323 4919 2531 4979 CXCIV
2562 4913 2932 4974 OLYMPIAS.

1844 5018 2090 5079 XXXIX.
2112 5014 2412 5074 Octaviano
2439 5010 2578 5081 Aug.
2608 5022 2701 5063 XIV
2727 5012 2781 5062 et
2803 5002 2991 5058 Silano
3011 5013 3160 5056 coss.

1849 5114 1961 5171 XL.
1982 5110 2214 5168 Lentulo
2241 5117 2295 5163 et
2313 5105 2512 5161 Pisone
2531 5114 2676 5157 coss.

1849 5206 1987 5263 XLI.
2019 5204 2214 5261 Publio
2238 5202 2454 5257 Caesare
2483 5203 2537 5251 et
2567 5191 2738 5249 Paulo
2764 5204 2911 5246 coss.

1849 5297 2009 5354 XLII.
2042 5293 2293 5351 Vindicio
2312 5300 2368 5345 et
2393 5287 2560 5344 Vario
2587 5301 2733 5342 coss.

2346 5398 2529 5459 CXCV
2558 5391 2929 5455 OLYMPIAS.

1850 5497 2039 5558 XLIII.
2066 5494 2255 5551 Lamia
2277 5500 2335 5549 et
2362 5488 2597 5547 Servilio
2626 5501 2772 5543 coss.

1856 5589 2039 5669 XLIV1
2068 5588 2262 5659 Magno
2280 5593 2333 5642 et
2357 5582 2576 5639 Valerio
2606 5593 2753 5635 coss.

1853 5683 2010 5742 XLV.
2036 5679 2249 5752 Lepido
2279 5685 2333 5734 et
2364 5676 2569 5731 Planco
2590 5686 2740 5728 coss.

1855 5771 2267 5834 XLVI.'I‘iberio
2285 5770 2498 5827 Caesare
2525 5773 2581 5823 et
2598 5763 2863 5834 Capitone
2881 5774 3030 5817 coss.

1766 4487 1820 4548 D
