3830 6304
139 315 222 372 993
1379 293 1882 355 CHRONICORUM
1921 293 2050 348 LIB.
2097 297 2133 347 Ι.
3307 297 3421 352 39‘

144 439 196 486 It.
219 431 304 486 ὑπ.
354 428 668 483 Ἰουλιανοῦ
704 427 801 480 καὶ
839 423 1227 496 Ἀσπρενάτου.

1215 461 1227 474 ,
1753 421 1800 478 Α
1829 411 1892 464 ll.
1931 410 2148 465 Juliano
2169 417 2223 464 et
2254 408 2556 478 Asprenate
2582 425 2727 465 coss.

142 525 197 577 l".
225 523 313 576 ὑπ.
351 521 643 574 Κλαυδίου
679 520 960 589 Καίσαρος
987 515 1082 569 καὶ
1112 509 1435 584 Κερσιανοῦ.

1829 502 1918 558 Ill.
1954 501 2188 556 Claudio
2211 499 2350 555 Caes.
2386 508 2440 554 et
2462 500 2727 555 Ccrsiano
2755 500 2831 572 (I)
2864 516 3007 558 coss.

142 617 198 669 .I'.
218 615 306 667 ὑπ.
339 612 632 666 Κλαυδίου
665 609 948 679 Καίσαρος
980 606 1040 660 τὸ
1071 605 1114 674 β’
1150 603 1334 675 μόνου.

1256 618 1334 657 ου,
1825 595 1914 649 IV.
1942 594 2175 649 Claudio
2209 595 2427 650 Cazsare
2449 610 2488 647 ιι
2510 594 2629 649 solo
2651 609 2768 652 cos.

197 707 311 760 Ἐπὶ
343 705 458 758 τῶν
495 701 894 775 προκειμένων
919 700 1141 754 ὑπάτων
1163 697 1322 760 Γάϊος
1338 695 1535 757 Γάλλος
1564 693 1709 763 sese.

1900 687 1994 742 llis
2020 686 2297 767 praedictis
2319 700 2466 741 coss.
2501 684 2669 742 Caius
2711 686 2955 758 Caligula
2988 686 3180 743 Romae
3219 689 3280 744 in
3312 704 3412 761 pa-

144 801 268 870 γηὲν
304 797 382 869 τῷ
416 759 684 867 παλατίῳ
715 759 936 864 ζΡὼμης
967 792 1072 845 ὑπὸ
1093 791 1201 844 τῶν
1229 789 1374 844 ἰδίων
1405 759 1656 858 σπαθαρίι

1907 780 1958 834 io
1989 759 2311 834 interfectus
2343 786 2426 832 est
2452 792 2483 830 a
2529 777 2647 832 suis
2683 780 3091 848 protectoribus
3117 759 3413 836 cubicula-

144 868 592 961 ιιουὸικουλαρίων
620 886 918 956 εὐνούχων,
943 885 1085 938 κατὰ
1113 881 1340 953 γνώμην
1362 880 1462 951 τῆς
1495 878 1656 948 συγκλ

1901 887 1925 926 s
1958 869 2247 935 eunuchis,
2301 868 2680 923 consentiente
2731 877 2948 930 senatu.
2981 885 3105 925 cum
3133 884 3413 926 annorum

145 1005 238 1049 του,
263 983 338 1036 ὢν
372 981 518 1034 ἐτῶν
550 980 661 1037 λθ¹.
1825 974 1972 1022 esset
2003 980 2188 1019 χχιιι.

677 1069 778 1121 ΣΕ⁹
811 1065 1188 1120 ΟΛΥΜΠΙΑΣ.

2341 1052 2475 1108 CCV
2507 1051 2875 1108 OLYMPIAS.

209 1161 494 1233 Ῥωμαίων
521 1167 565 1214 ε’
591 1158 951 1215 ἐϐασίλευσεν
979 1155 1246 1219 nmio;
1268 1154 1363 1225 ἔτη
1393 1153 1476 1207 ιδ’.

1896 1147 2268 1202 Romanorum
2302 1146 2433 1218 imp.
2464 1145 2508 1200 ν
2536 1146 2798 1202 Claudius
2827 1163 2916 1201 an.
2943 1163 3055 1202 xw.

147 1257 209 1308 A'.
239 1255 326 1307 ὑπ.
364 1253 657 1307 Κλαυδίου
697 1251 979 1322 Καίσαρος
1014 1248 1073 1302 τὸ
1105 1255 1152 1317 γ’
1179 1248 1273 1302 acati.
1314 1245 1649 1304 ’Λντωνίνου,

1466 1245 1649 1304 ινίνου,
1829 1241 1868 1297 l.
1893 1241 2122 1297 Claudio
2140 1241 2354 1296 Caesare
2379 1256 2432 1295 ιιι
2461 1249 2515 1295 et
2541 1239 2818 1295 Antonino
2835 1255 2978 1296 coss.

149 1349 206 1399 Η.
237 1347 322 1402 ὑπ.
357 1345 650 1401 Κλαυδίου
687 1344 969 1416 Καίσαρος
1000 1342 1062 1395 τὸ
1093 1342 1133 1395 δ’
1165 1341 1259 1395 καὶ
1287 1338 1528 1411 Λάργου.

1427 1355 1528 1406 του.
1827 1330 1890 1388 II.
1921 1333 2155 1388 Claudio
2184 1331 2406 1388 Caesare
2438 1348 2490 1386 ιν
2518 1338 2572 1386 et
2592 1331 2769 1403 Largo
2792 1347 2939 1386 coss.

152 1440 206 1493 Ρ.
236 1441 320 1492 ὖπ.
340 1437 626 1492 Κλαυδίου
661 1437 945 1509 Καίσαρος
986 1436 1046 1488 τὸ
1079 1441 1120 1487 ε’
1144 1435 1238 1487 καὶ
1269 1431 1552 1486 Βετελλίου
1570 1430 1664 1503 rbi

1513 1449 1552 1483 μυ
1570 1431 1631 1486 τὸ
1651 1430 1718 1503 β’.
1828 1423 1915 1480 Ill.
1945 1423 2174 1479 Claudio
2206 1423 2420 1479 Caesare
2442 1439 2474 1477 ν
2493 1430 2546 1478 et
2577 1422 2794 1480 Vitellio
2820 1440 2854 1478 ιι
2880 1439 3025 1480 coss.

152 1531 205 1584 Δῖ
237 1531 321 1584 ὑπ.
359 1529 628 1600 Κρίσπου
666 1528 767 1581 καὶ
799 1529 1031 1600 Ταύρου.

1828 1517 1916 1573 IV.
1939 1518 2135 1588 Crispo
2155 1525 2209 1571 et
2232 1516 2416 1572 Tauro
2455 1531 2599 1572 coss.

669 1622 786 1688 Σςι
821 1621 1195 1675 ΟΛΥΜΠΙΛΣ.

2332 1608 2492 1664 CCVI
2543 1607 2908 1666 OLYMPIAS.

151 1715 210 1769 E’.
233 1715 316 1768 ὑπ.
340 1715 676 1770 Οὐεννικίου
702 1715 799 1769 καὶ
827 1713 1113 1786 Κορὸίνου.

1830 1700 1895 1755 V.
1922 1701 2138 1757 Vinicio
2162 1709 2216 1758 et
2247 1701 2485 1758 Corvino
2515 1716 2663 1758 coss.

151 1806 226 1874 ς’.
246 1807 332 1861 ὑπ.
381 1806 714 1861 Ἀσιατικοῦ
743 1807 841 1861 καὶ
873 1805 1094 1861 Σιλανοῦ
1126 1805 1225 1878 (2).

1148 1805 1225 1878 2),
1761 1796 1806 1856 Β
1835 1793 1921 1848 VI.
1946 1794 2191 1850 Asiatico
2211 1803 2266 1850 et
2295 1793 2483 1849 Silano
2513 1809 2660 1849 coss.

1833 1886 1945 1942 VII.
1977 1887 2207 1942 Claudio
2229 1887 2368 1943 Caes.
2395 1903 2445 1940 γι
2475 1894 2529 1942 et
2557 1884 2778 1941 Vitellio
2814 1901 2871 1940 ιιι
2906 1901 3051 1943 coss.

1831 1978 1970 2034 VIII.
2005 1977 2222 2034 Vitellio
2251 1995 2303 2032 IV
2327 1986 2382 2034 ct
2416 1977 2698 2032 Publicola
2729 1994 2876 2034 coss.

2324 2067 2509 2123 CCVII
2541 2067 2912 2124 OLYMPIAS.

1833 2161 1923 2216 IX.
1953 2161 2192 2218 Veriano
2219 2169 2274 2218 et
2308 2160 2464 2216 Callo
2491 2176 2640 2217 coss.

1831 2253 1898 2307 Χ.
1934 2253 2128 2310 Vetere
2144 2264 2196 2310 et
2226 2253 2556 2309 Nerviniano
2584 2269 2731 2309 coss.

1830 2345 1919 2399 XI.
1956 2347 2184 2402 Claudio
2205 2347 2343 2402 Caes.
2377 2362 2452 2400 vn
2485 2354 2539 2401 et
2571 2345 2743 2402 Orﬁto
2768 2361 2917 2403 coss.

1829 2438 1946 2495 XII.
1976 2439 2123 2511 Sylla
2139 2447 2192 2496 et
2217 2438 2425 2495 Catone
2453 2455 2600 2495 coss.

2314 2552 2515 2609 CCVIII
2542 2550 2923 2610 OLYIIPIAS.

1832 2645 1970 2700 XIII.
2014 2646 2204 2700 Silano
2234 2653 2288 2700 et
2321 2644 2601 2700 Antonino
2626 2659 2772 2700 coss.

1830 2737 1972 2794 XIV.
2000 2737 2260 2792 Marcello
2284 2745 2338 2792 et
2365 2736 2556 2791 Aviola
2595 2752 2743 2792 coss.

1898 2825 2276 2882 Romanorum
2310 2825 2443 2896 imp.
2477 2825 2548 2879 VI
2574 2824 2717 2881 Nero
2733 2825 2894 2882 annis
2912 2841 3026 2882 xw.

1833 2919 1874 2973 I.
1896 2918 2111 2975 Nerone
2137 2927 2191 2974 et
2222 2917 2417 2973 Vetere
2448 2933 2594 2973 coss.

1833 3009 1897 3066 II.
1931 3009 2229 3066 Saturnino
2257 3019 2310 3067 et
2333 3009 2597 3081 Scipione
2619 3024 2765 3065 coss.

2335 3101 2498 3158 CCIX
2545 3100 2897 3157 OLYMPIAS

1836 3194 1924 3251 III.
1957 3194 2174 3251 Nerone
2207 3211 2246 3251 ιι
2271 3187 2554 3252 ειῬίεοιιο
2583 3209 2730 3250 coss.

1836 3286 1927 3342 IV.
1956 3287 2170 3342 Nerone
2201 3304 2261 3342 ιιι
2287 3295 2341 3343 et
2368 3288 2600 3356 Messala
2613 3304 2760 3344 coss.

1835 3376 1903 3431 V.
1940 3379 2256 3448 Aproniano
2273 3387 2327 3434 ct
2357 3379 2624 3450 Capitone
2650 3396 2795 3438 coss.

1836 3467 1925 3524 VI.
1955 3468 2173 3525 Nerone
2196 3486 2250 3525 ιν
2279 3478 2333 3526 et
2359 3469 2593 3526 Lentulo
2623 3486 2770 3528 coss.

2355 3561 2494 3617 CCX
2534 3560 2903 3617 OLYMPIAS.

1837 3651 1948 3707 VII.
1986 3652 2150 3709 Lacio
2182 3655 2259 3726 ('5)
2288 3662 2341 3709 et
2365 3653 2687 3726 Turpiliano
2707 3671 2855 3711 coss.

1839 3746 1975 3802 VIII.
2005 3747 2176 3802 Mario
2209 3755 2265 3804 et
2293 3747 2452 3803 Gallo
2487 3763 2636 3804 coss.

1838 3840 1928 3894 IX.
1953 3840 2092 3895 Rufo
2116 3849 2170 3896 et
2199 3840 2409 3913 Regulo
2429 3857 2576 3898 coss.

1837 3931 1906 3988 Χ.
1938 3932 2144 3989 Crasso
2179 3943 2234 3990 et
2253 3933 2428 3990 Basso
2451 3950 2599 3989 coss.

2347 4026 2503 4083 CCXI
2531 4025 2903 4084 OLYMPIAS.

1843 4117 1930 4173 XI.
1969 4118 2138 4173 Ilelva
2166 4125 2221 4174 et
2254 4117 2481 4176 Vestino
2515 4135 2663 4176 coss.

1842 4210 1954 4265 XII.
1992 4210 2245 4268 Telesino
2299 4221 2352 4265 et
2371 4209 2516 4264 Rufo
2546 4225 2692 4265 coss.

150 4301 233 4358 II".
269 4303 362 4360 ὑπ.
401 4302 766 4373 Καπήτωνος
792 4297 888 4352 καὶ
921 4297 1168 4368 Ῥούφου.

1843 4299 1981 4356 XIII.
2017 4300 2281 4370 Capitone
2312 4308 2366 4355 et
2393 4299 2537 4354 Rufo
2567 4315 2711 4354 coss.

150 4396 231 4452 IA'.
269 4398 362 4452 ὑπ.
404 4393 689 4450 Ἰταλικοῦ
715 4392 818 4446 καὶ
841 4391 1145 4462 Τραχάλου.

1842 4389 1978 4446 XIV.
2013 4390 2206 4446 Italico
2233 4398 2288 4446 et
2322 4390 2592 4445 Trachan
2625 4405 2772 4445 coss.

218 4487 332 4541 Ἐπὶ
362 4487 582 4541 τούτων
625 4483 740 4537 τῶν
790 4482 1010 4536 ὑπάτων
1038 4481 1248 4553 ἀφανὴς
1275 4481 1496 4551 γέγονεν
1521 4480 1730 4553 Νέρων,

1910 4484 2008 4541 IIis
2035 4485 2353 4540 consulibus
2378 4482 2524 4540 Nero
2552 4483 2788 4554 amplius
2826 4498 2937 4538 non
2969 4483 3290 4555 comparuit,
3313 4501 3410 4542 ex-

149 4581 228 4632 κιὶ
244 4581 494 4651 τελευτᾷ,
526 4578 612 4631 ὣν
641 4575 784 4628 ἐτῶν
817 4573 891 4639 ξθ⁹

1843 4581 2187 4648 stinctusque
2213 4585 2319 4641 est,
2362 4592 2536 4632 annos
2565 4585 2729 4632 natus
2751 4592 2899 4632 uix.

207 4673 351 4727 Μετὰ
375 4673 632 4745 Νέρωνα
656 4667 875 4732 Γαλϐὰς
895 4666 1237 4720 ἐϐασίλευσεν
1259 4668 1317 4719 ὲν
1346 4667 1579 4740 Ἰϐηρίᾳ,
1610 4668 1719 4721 Οὐϊ-

1910 4669 2041 4724 Post
2070 4668 2338 4724 Neronem
2378 4667 2667 4739 imperavit
2714 4669 2770 4722 in
2802 4665 3063 4739 Hispania
3094 4667 3285 4736 Galba,
3312 4667 3411 4723 Vi-

149 4767 336 4835 τήλλιος
369 4771 431 4820 ὲν
457 4760 974 4837 Γερμανίᾳ,Ὄθων
999 4761 1091 4813 ἐπὶ
1125 4760 1374 4832 Ῥὡμηςο
1396 4762 1624 4824 ἕκαστος
1644 4779 1661 4814 c

1904 4763 2026 4818 llius
2061 4762 2116 4815 in
2144 4759 2452 4823 Germania,
2481 4759 2622 4814 Otho
2663 4758 2874 4816 Romae.
2923 4760 2988 4814 Ili
3025 4762 3224 4833 singuli
3264 4777 3416 4820 seor-

149 4861 237 4911 τῶν
273 4861 378 4932 ἰδίᾳ
408 4859 602 4928 ἐπέϐη
639 4859 711 4928 τῇ
744 4856 912 4926 ἀρχῇ·

1844 4871 1966 4910 sum
2001 4854 2288 4925 imperium
2319 4853 2690 4924 arripuerunt.

207 4952 410 5015 Γαλϐὰς
438 4948 817 5003 ἐϐασίλευσεν
851 4945 1024 5016 μῆνας
1055 4946 1121 5010 ζ’,
1144 4945 1236 4999 καὶ
1261 4946 1318 5000 ὲν
1351 4945 1491 5017 μέσῃ
1512 4949 1578 5017 τῇ
1607 4946 1719 4998 Ῥω

1912 4946 2082 5001 Galba
2133 4962 2321 5002 mense
2371 4947 2585 5018 imperii
2629 4949 2863 5020 septimo
2908 4948 2965 5003 in
3004 4947 3185 5004 medio
3231 4945 3421 5008 Boium

156 5046 304 5112 μαίων
336 5047 526 5118 ἀγορᾷ
557 5041 667 5112 τὴν
699 5037 943 5111 κεφαλὴν
971 5037 1281 5110 ἀπετμήθη.

1123 5037 1281 5110 μήθη.
1845 5042 1963 5096 foro
1992 5041 2169 5111 capite
2219 5049 2503 5098 truncatus
2533 5049 2635 5098 est.

212 5139 382 5193 Ὄθων
454 5130 807 5209 βασιλεύσας
865 5131 1038 5201 μῆνας
1101 5136 1154 5196 ς’
1179 5169 1194 5196 ,
1249 5129 1442 5184 ἑαυτὸν
1492 5129 1724 5202 διεχειρί·

1916 5135 2058 5190 Otho
2092 5149 2281 5190 mense
2326 5135 2540 5207 imperii
2595 5147 2751 5193 sexto
2781 5137 2899 5208 ipse
2943 5135 3049 5192 sibi
3096 5151 3292 5192 manus
3343 5145 3425 5190 at-

152 5240 282 5284 oue.
1844 5226 1986 5281 tulit.

215 5362 282 5442 ρ)
306 5365 414 5442 _l)ic
446 5361 745 5442 Cgsiago.
930 5428 1026 5442 .-Α
1051 5429 1066 5442 _
1195 5428 1212 5442 ς
1427 5429 1441 5442 .
1491 5427 1512 5442 ⁸
1573 5429 1584 5441 ⁸
1845 5374 1979 5414 num
2011 5360 2452 5442 supplementum
2475 5375 2540 5442 er
2567 5358 2737 5441 Idalio
2776 5360 3200 5442 .su‘mpsidguem
3225 5364 3420 5414 aucto-

216 5427 281 5501 (2)
306 5433 367 5488 In
397 5436 614 5491 codice
645 5429 798 5492 Vat.,
825 5445 882 5499 p.
925 5428 1027 5486 I72
1051 5429 1106 5497 b,
1147 5428 1214 5501 ad
1248 5443 1402 5485 oram
1427 5427 1743 5501 inferiorem
1845 5445 1963 5501 rem
1992 5427 2301 5501 cum'textu
2338 5431 2585 5497 Clgonici
2640 5427 2942 5498 paschalis]
2988 5427 3242 5498 'idcoque
3291 5444 3418 5483 cum

157 5499 397 5560 Scribitur
424 5525 440 5561 :
496 5502 855 5559 desideratur
885 5501 1162 5571 quaternio
1194 5500 1326 5566 (non
1372 5514 1480 5552 una
1520 5499 1741 5570 pagina,
1847 5499 2110 5571 Eusebio,
2137 5499 2295 5571 valde
2327 5501 2667 5571 conspirare,
2695 5501 3033 5570 exploratum
3063 5507 3166 5555 est.

160 5582 204 5642 ιιι
228 5575 310 5627 alii
341 5577 649 5642 dixerunt)
681 5581 731 5626 et
761 5588 881 5624 cum
899 5570 967 5626 reo
1003 5587 1073 5642 ξς
1114 5587 1372 5625 annorum
1407 5570 1741 5642 consulatus.
1921 5573 1997 5642 (5)
2027 5570 2124 5642 Dic
2146 5570 2412 5642 Cwsom'o.

158 5637 276 5698 Iliae
302 5647 474 5701 etiam
511 5636 697 5715 patet,
733 5642 980 5715 codicem
1021 5641 1341 5715 Vaticanum
1376 5655 1498 5695 esse
1534 5640 1744 5694 fontem
1923 5636 2004 5707 (4)
2037 5640 2329 5715 Ridiculus
2345 5657 2533 5715 error.
2566 5639 3010 5715 SiquidemNerp
3039 5653 3182 5715 anno
3215 5636 3419 5715 ﬂoridae

159 5716 357 5769 unicum
400 5708 677 5772 Chfouici
714 5712 1151 5782 paschalis,quia
1177 5721 1231 5767 et
1258 5711 1747 5782 Monacense_apo-
1849 5715 2026 5768 aetatis
2055 5712 2484 5782 xxxlirviolenta
2529 5708 2703 5765 morte
2753 5711 2906 5782 obiit.
2963 5709 3068 5767 Sed
3113 5708 3220 5762 alia
3250 5709 3424 5764 multa

157 5786 402 5855 mphum
430 5801 572 5841 cum
607 5779 948 5840 editionibus
995 5779 1146 5855 aeuue
1199 5783 1334 5840 hiat.
1390 5780 1562 5839 Porro
1594 5779 1744 5834 Lati--
1849 5781 2233 5854 hujuscemodi
2267 5781 2464 5837 menda
2498 5797 2606 5836 non
2641 5780 2932 5848 corrigam.

1737 5873 1790 5892 Χ.-
