3830 6328
183 326 263 381 501
1434 317 1930 377 CllRON‘ICORUM
1994 318 2124 376 LIB.
2159 321 2197 376 l.

181 447 259 498 ιΔ.
324 459 383 496 1:.
412 441 664 514 Σεϐήρου
694 442 756 495 τὸ
781 441 827 510 β’
859 443 951 496 καὶ
982 441 1353 514 Πομπηΐανοῦ.

179 536 244 588 tE'
271 534 361 587 01:.
397 532 610 585 Γάλλου
641 534 736 585 καὶ
768 532 1036 588 Φλάκκου.

179 603 255 690 ις’
283 623 374 674 ὑπ.
421 620 686 692 Ὀρφίτου
715 620 776 676 τὸ
804 627 852 690 γ’
886 621 979 674 καὶ
1019 621 1264 691 Ῥούφου.

686 734 832 789 ΣΛΕΥ
872 736 1241 791 ΟΛΥΜΠΙΑΣ.

177 826 260 884 ιΖ’.
287 827 379 883 ὑπ.
412 826 760 891 Πουλλίωνος
792 828 885 881 καὶ
923 830 1151 901 Ἀπρου.

177 924 268 975 ιιιν.
297 922 386 974 ὑπ.
421 920 678 992 Κομόδου
715 919 809 973 καὶ
850 921 1182 974 Κυϊντίλλου.

175 1012 258 1069 18’.
423 1011 684 1084 ὐρφίτου
718 1012 779 1065 τὸ
799 1011 839 1066 δ’
868 1015 958 1066 καὶ
999 1013 1224 1084 Ῥούφου
1249 1015 1308 1068 τὸ
1339 1015 1400 1087 β’⁸
1689 1087 1692 1089 Δ

229 1105 551 1170 Ἀντωνῖνος,
603 1104 633 1156 0
677 1092 773 1158 xui.
820 1106 1046 1177 Οὐῆρος,
1087 1109 1326 1184 ¹νοσήσας
1369 1095 1634 1180 ἀπέθανεν
1681 1110 1738 1164 ἐν

174 1197 508 1263 Παννωνίαις,
565 1199 676 1270 πρὸ
729 1199 871 1252 ὀκτὼ
902 1199 1175 1255 καλανδῶν
1229 1202 1544 1274 ἀπριλλίων,
1571 1203 1739 1277 ἄρξας

175 1288 252 1357 ἔτη
284 1286 359 1340 ιϐ’.

240 1381 510 1452 Ῥωμαίων
543 1381 606 1436 ιε’
637 1382 983 1437 ἐϐασίλευσεν
1016 1383 1259 1453 Κόμοδος
1288 1383 1382 1455 ἔτη
1418 1384 1504 1438 ιϐ’.

172 1472 235 1526 A'.
265 1475 348 1527 01:.
382 1476 634 1547 Κομὸδου
665 1476 972 1545 Αὐγούστου
1003 1476 1064 1530 τὸ
1096 1475 1142 1548 β’
1174 1478 1268 1532 καὶ
1294 1478 1489 1550 Βήρου.

662 1573 777 1640 ΣΜν
812 1587 1184 1642 οΑΥΜΠιΑΣ.

172 1676 233 1732 Β’.
269 1679 354 1731 ὑπ.
390 1679 734 1751 Πραίσεντος
768 1680 861 1732 καὶ
892 1679 1200 1750 Γορδιανοῦ.

172 1767 230 1822 Γ.
261 1771 347 1824 ὑπ.
377 1770 628 1842 Κομόὸου
659 1755 970 1838 Αὐγούστου
1004 1770 1065 1823 τὸ
1095 1769 1144 1840 γ’
1177 1772 1270 1825 καὶ
1297 1772 1474 1844 Βήρου
1503 1769 1563 1826 τὸ
1595 1771 1662 1844 β’.

169 1859 229 1914 Δ’.
257 1862 342 1915 ὑπ.
374 1861 736 1934 Μαμερτίνου
767 1863 860 1915 καὶ
902 1862 1126 1933 Ῥούφου
1153 1846 1212 1917 τὸ
1240 1863 1308 1934 γ’.

168 1952 228 2006 E'.
259 1955 343 2009 01:.
381 1956 636 2028 Κομόδου
670 1955 978 2026 Αὐγούστου
1012 1953 1076 2010 τὸ
1102 1955 1142 2010 δ’
1171 1959 1264 2012 καὶ
1293 1958 1625 2030 Βικτορίνου.

660 2069 819 2124 ΣΜΑ⁹
851 2072 1222 2126 ΟΛΥΜΠΙΑΣ.

171 2153 244 2227 ς’.
273 2161 357 2214 ὑπ.
391 2163 724 2236 Μαρκέλλου
757 2166 852 2218 καὶ
878 2163 1148 2220 Αίλιανοῦ.

171 2250 229 2304 Ζ¹.
260 2253 344 2307 ὑπ.
373 2255 667 2326 Ματέρνου
700 2256 798 2308 καὶ
830 2253 1096 2327 Βραδοῦα.

170 2335 234 2394 H'.
267 2341 350 2393 ὑπ.
387 2343 643 2414 Κομὸδου
698 2343 1012 2412 Αὐγούστου
1060 2342 1119 2396 τὸ
1152 2343 1193 2396 ε’
1232 2345 1326 2398 καὶ
1373 2345 1730 2419 Γλαϐρίωνος.

168 2430 228 2484 Θ.
259 2432 341 2486 ὑπ.
375 2435 692 2505 Κρισπίνου
733 2435 828 2489 καὶ¹
861 2434 1132 2491 Αίλιανοῦ.

661 2549 819 2605 ΣΜΒ¹
853 2552 1225 2608 ΟΛΥΜΠΙΑΣ.

169 2638 211 2691 I'.
241 2641 322 2695 01:.
352 2643 698 2698 Φουσκιανοῦ
735 2646 828 2698 καὶ
866 2644 1106 2715 Σιλανοῦ.

166 2729 245 2784 IA'.
275 2734 362 2791 01:.
395 2736 652 2808 Κομόδου
694 2737 1006 2807 Αὐγούστου
1037 2739 1098 2793 τὸ
1128 2739 1180 2808 ς’
1213 2743 1305 2796 καὶ
1351 2744 1728 2816 Σεπτιμιανοῦ.

165 2822 243 2878 IB’.
274 2827 359 2881 01:.
397 2829 655 2900 Κομόδου
703 2831 1011 2899 Αὐγούστου
1055 2833 1115 2887 τὸ
1148 2832 1190 2898 ζ’
1239 2835 1333 2888 καὶ
1379 2838 1730 2908 Περτίνακος.

220 2920 441 2990 Κόμοδος
472 2922 743 2991 αίφνίδιον
783 2923 1128 2999 ἐτελεύτησεν
1153 2928 1476 2998 ἀποπνιγεὶς
1501 2933 1560 2984 ἐν
1589 2933 1736 3005 οἰκίᾳ

164 3007 417 3066 Βεστιανοῦ
483 3014 789 3083 συγγενοῦς
856 3011 1019 3071 αὐτοῦ
1075 3020 1169 3074 καὶ
1235 3021 1584 3096 Ἀτταλιανῆς
1634 3025 1735 3096 τῆς

3312 325 3420 385 30!

1770 444 1819 504 Α
1843 437 1981 496 XIV.
2011 439 2211 496 Severo
2237 455 2274 495 ιι
2307 446 2361 495 et
2389 434 2720 512 Pompeiano
2748 457 2893 501 coss.

1845 530 1960 586 XV.
1987 531 2140 586 Gallo
2169 539 2222 586 et
2245 529 2437 586 Flacco
2463 547 2607 588 coss.

1850 621 1988 678 XVI.
2015 619 2185 678 Orﬁto
2215 637 2275 676 ru
2317 633 2372 680 et
2404 621 2545 678 Rufo
2561 639 2705 681 coss.

2263 735 2569 792 CCXXXIII
2619 736 2982 793 OLYIIPIAS.

1847 825 2008 880 XVII.
2037 826 2279 882 Pollione
2307 836 2361 882 et
2390 827 2536 897 Apro
2561 841 2708 884 coss.

1844 919 2028 974 XVIII.
2056 919 2352 976 Commodo
2375 927 2428 974 et
2458 918 2716 985 Quintilio
2740 937 2882 978 coss.

1842 1010 1986 1065 XIX.
2017 1010 2186 1066 Orﬁto
2216 1027 2270 1066 ιν
2312 1020 2366 1067 et
2391 1011 2534 1068 Rufo
2563 1028 2602 1066 ιι
2631 1027 2775 1069 coss.

1912 1104 2247 1168 Antoninus,
2277 1106 2370 1176 qui
2400 1111 2453 1160 et
2496 1103 2670 1163 Verus
2701 1106 2881 1161 dictus
2912 1112 3017 1172 est,
3052 1106 3247 1164 morbo
3275 1123 3407 1162 con-

1841 1197 2081 1255 ﬂictatus
2121 1199 2176 1253 in
2206 1199 2505 1256 Pannoniis
2535 1200 2690 1279 obiit,
2717 1217 2816 1257 VIII
2859 1189 2978 1255 Kal.
3012 1199 3246 1274 Apriles,
3282 1218 3403 1258 cum

1842 1291 2165 1360 imperasset
2193 1293 2353 1348 annis
2393 1308 2505 1348 xxx.

1909 1381 2438 1456 Romanorumimp.
2458 1385 2887 1441 XVCommodus
2914 1401 3001 1442 an.
3029 1394 3127 1442 ‘xn.

1842 1474 1884 1530 I.
1917 1475 2215 1532 Commodo
2240 1479 2484 1550 Augusto
2515 1496 2550 1534 ιι
2578 1487 2631 1534 ct
2670 1478 2810 1534 Vero
2835 1495 2979 1538 coss.

2334 1590 2515 1646 CCXL
2545 1589 2913 1648 OLYMPIAS.

1839 1677 1905 1733 II.
1929 1677 2204 1736 Praasente
2233 1690 2286 1736 et
2326 1680 2604 1736 Gordiano
2627 1697 2773 1736 coss.

1766 1806 1811 1862 Β
1839 1771 1928 1848 III.
1961 1773 2263 1854 Commodo
2292 1773 2428 1852 Aug.
2463 1791 2522 1830 ιιι
2555 1783 2607 1830 et
2636 1773 2778 1830 Vero
2806 1791 2842 1829 ιι
2877 1790 3019 1831 coss.

1839 1864 1928 1920 IV.
1965 1864 2292 1920 Mamertino
2317 1875 2370 1922 et
2401 1865 2542 1922 Rufo
2576 1883 2635 1920 ιιι
2667 1883 2813 1922 coss.

1839 1956 1903 2011 V.
1935 1959 2235 2014 Commodo
2273 1957 2521 2030 Augusto
2552 1977 2604 2012 IV
2638 1969 2692 2014 et
2723 1958 3008 2016 Victorino
3043 1975 3186 2016 coss.

2305 2069 2508 2126 CCXLI
2542 2071 2910 2130 OLYMI’IAS.

1837 2159 1924 2215 Vl.
1958 2160 2216 2216 Marcello
2249 2169 2304 2218 et
2335 2161 2556 2217 Eliano
2595 2177 2739 2219 coss.

1836 2251 1949 2306 VII.
1984 2252 2229 2308 Materno
2264 2262 2317 2309 et
2345 2253 2560 2308 Bradua
2590 2271 2734 2312 coss.

1836 2343 1971 2400 VIII.
2003 2337 2300 2402 Commodo
2331 2345 2470 2417 Aug.
2504 2363 2537 2403 ν
2562 2354 2616 2403 et
2645 2347 2914 2404 Gabrionc
2948 2363 3090 2405 coss.

1835 2436 1923 2491 IX.
1951 2437 2204 2509 Crispino
2234 2447 2288 2494 et
2307 2439 2526 2495 Ailiano
2553 2457 2698 2498 coss.

2311 2551 2539 2607 CCXLII
2567 2550 2942 2608 OLYMPIAS.

1835 2644 1904 2700 Χ.
1945 2644 2215 2701 Fusciano
2243 2652 2298 2700 et
2323 2643 2512 2699 Silano
2544 2661 2688 2701 coss.

1833 2737 1925 2792 λι.
1958 2737 2257 2793 Commodo
2279 2736 2418 2808 Aug.
2453 2753 2507 2792 v1
2537 2746 2590 2793 et
2612 2737 2948 2808 Septimiano
2977 2753 3121 2795 coss.

1834 2829 1951 2885 XII.
1975 2829 2274 2884 Commodo
2297 2828 2438 2900 Aug.
2475 2845 2546 2883 vu
2578 2837 2630 2882 ct
2665 2828 2950 2885 Pertinace
2983 2845 3132 2888 coss.

1904 2919 2235 2977 Commodus
2257 2928 2480 2990 repente
2506 2921 2710 2975 interiit
2745 2921 3042 2979 suii‘ocatus
3073 2925 3125 2977 in
3155 2922 3269 2980 aede
3296 2921 3403 2979 Ye-

1836 3015 2001 3072 stiani
2031 3013 2207 3070 alIinis
2237 3015 2319 3070 sui
2341 3022 2394 3069 et
2416 3004 2703 3069 Attaiiame
2719 3014 2932 3070 femina:
2959 3017 3264 3074 consularis
3291 3016 3402 3072 Ro-

166 3101 434 3179 ὑπιτξςσης
464 3109 526 3160 ἐν
570 3105 765 3182 Ῥώμῃ
816 3111 922 3182 πρὸ
952 3109 998 3164 α’
1045 3112 1318 3168 καλανδῶν
1381 3117 1714 3190 ἰανουαρίων,

1871 3123 1966 3174 ias,
2020 3105 2195 3179 pridie
2250 3105 2478 3162 Kalend.
2515 3104 2838 3174 Ianuarias,
2895 3122 3020 3162 cum
3070 3107 3388 3180 imperasset

163 3193 300 3265 ἄρξας
337 3199 433 3270 ἔτη
472 3199 563 3255 ιϐ’.

225 3286 498 3362 Ῥωμαίων
550 3291 626 3358 ις’
664 3292 1012 3350 ἐϐασίλευσεν
1049 3298 1276 3364 Λούκιος
1311 3300 1576 3374 Περτίναξ
1619 3304 1723 3374 μῆ-

162 3395 239 3443 νας
267 3381 324 3451 β’,

216 3471 490 3546 Περτίναξ,
541 3479 571 3531 0
612 3480 706 3533 καὶ
739 3478 989 3545 Λούκιος,
1030 3485 1242 3557 ἐσφάγη
1275 3487 1378 3540 01:0
1411 3487 1516 3541 τῶν
1560 3505 1724 3560 στρα-

161 3567 352 3632 τιωτῶν,
387 3570 465 3633 ὡς
494 3571 777 3644 ἐξέρχεται
803 3574 908 3628 ἀπὸ
936 3573 1027 3628 τοῦ
1061 3575 1319 3632 παλατίου
1340 3580 1419 3643 είς
1444 3578 1535 3632 τὸν
1563 3581 1722 3652 Μάρ-

160 3673 252 3715 τιον
273 3662 341 3718 ὢν
367 3663 508 3720 ἐτῶν
536 3663 601 3723 o'.

228 3759 501 3832 Ῥωμαίων
542 3761 610 3827 ιζ’
639 3762 988 3821 ἐϐασίλευσεν
1023 3767 1194 3830 Δίδιος
1234 3767 1536 3832 Ἰουλιανὸς,
1571 3771 1599 3821 0
1629 3767 1721 3821 ml.

163 3850 358 3917 Σίλϐιος,
392 3856 572 3925 μῆνας
607 3853 671 3920 ξ’.

161 3941 223 3995 A'.
254 3944 334 3998 ὑπ.
372 3945 622 3999 Φλάκκου
653 3947 749 3999 καὶ
782 3947 1015 4018 Κλάρου.

221 4034 315 4087 Καὶ
357 4030 510 4100 οὗτος
559 4038 590 4088 0
616 4036 791 4100 Δίδιος
834 4039 1044 4110 ἐσφάγη
1096 4040 1200 4094 01:0
1254 4039 1714 4113 κουϐικουλαρίου,

163 4127 226 4190 είς
252 4129 340 4200 τὴν
369 4129 553 4201 πηγὴν
582 4128 678 4182 τοῦ
713 4130 994 4195 παλατίου,
1040 4122 1260 4204 Ῥώμης
1290 4132 1418 4199 ἔσω,
1448 4133 1522 4198 ὡς
1549 4151 1716 4207 προσ-

164 4217 253 4289 έχει
280 4223 386 4285 τοῖς
420 4220 653 4292 ἰχθύσιν,
689 4211 755 4275 ἐκ
803 4211 1068 4295 συσκευῆς
1114 4224 1221 4277 τῶν
1267 4225 1383 4296 μετ’
1424 4226 1607 4294 αὐτοῦ,
1641 4209 1716 4280 ὣν

165 4311 274 4367 ἑτῶν
299 4312 356 4379 ξ’.

229 4405 498 4477 Ῥωμαίων
531 4405 599 4478 ιη’
632 4397 979 4460 ἐϐασίλευσεν
1023 4407 1248 4470 Λούκιος
1293 4408 1580 4478 Σεπτίμιος
1617 4404 1716 4462 Σε-

1831 3215 1989 3254 annis
2017 3215 2121 3258 XII.
2475 3256 2477 3258 .

1900 3289 2271 3347 Romanorum
2299 3291 2701 3362 imperat.XVl,
2742 3289 2942 3346 Lucius
2960 3288 3211 3346 Pertinax
3246 3306 3398 3346 men-

1830 3382 1982 3439 sibus
2006 3399 2066 3438 ιι.

1899 3475 2178 3540 Pertinax,
2211 3475 2304 3547 qui
2338 3485 2392 3531 et
2411 3473 2614 3532 Lucius
2640 3475 2838 3540 dictus,
2875 3489 2905 3530 a
2937 3473 3202 3530 militibus
3226 3476 3395 3531 inter--

1829 3567 2005 3624 fectus
2038 3578 2140 3634 est,
2161 3569 2288 3624 dum
2309 3585 2372 3624 ex
2397 3569 2598 3640 palatio
2622 3568 2676 3626 in
2705 3583 2958 3640 campum
2987 3568 3238 3624 Martium
3267 3584 3394 3640 pro-

1827 3661 2107 3730 ﬁciscitur,
2144 3677 2272 3716 ann.
2299 3670 2461 3719 natus
2491 3679 2618 3720 Lxx.

1897 3758 2265 3814 Romanorum
2301 3760 2552 3831 imperat.
2585 3756 2744 3821 XVII,
2777 3757 2966 3814 Didius
2999 3756 3269 3823 Julianus,
3297 3759 3391 3830 qui

1825 3859 1878 3907 et
1912 3851 2114 3908 Silvius
2146 3853 2220 3924 (I)
2257 3854 2457 3918 dictus,
2489 3851 2768 3908 mensibus
2806 3858 2900 3907 vn.

1826 3945 1866 3999 I.
1899 3943 2091 4000 Flacco
2113 3952 2166 3999 et
2191 3944 2355 4001 Claro
2375 3961 2520 4000 coss.

1897 4035 2156 4094 Similiter
2183 4047 2236 4093 et
2278 4038 2366 4093 hic
2403 4037 2591 4094 Didius
2631 4053 2662 4092 a
2694 4035 3050 4101 cubiculario,
3099 4051 3196 4106 per
3221 4035 3390 4092 comi-

1827 4138 1942 4184 tum
1994 4129 2222 4199 insidias
2282 4129 2602 4186 interfectus
2659 4137 2743 4184 est
2791 4129 2858 4183 ad
2910 4127 3115 4184 fontem
3171 4127 3385 4195 Palatii,

1824 4221 2029 4288 Romaz,
2055 4213 2182 4277 dum
2212 4222 2456 4292 piscibus
2480 4221 2730 4289 intendit,
2761 4237 2933 4277 annos
2964 4219 3127 4276 natus
3156 4235 3243 4276 ιιι.
3396 4213 3401 4218 ’

1891 4406 2259 4463 Romanorum
2284 4406 2581 4478 imperator
2609 4395 2795 4471 XVIII,
2841 4399 3042 4461 Lucius
3091 4405 3385 4476 Septimius

166 4494 334 4568 ϐἧρος,
389 4501 498 4554 ἀπὸ
573 4501 676 4572 τῆς
745 4500 1046 4571 συγκλήτου
1110 4499 1325 4573 Ῥώμης
1391 4500 1714 4572 ψηφισθεὶς,

1871 4513 2057 4553 everus
2080 4513 2111 4552 a
2137 4496 2386 4552 Romano
2418 4507 2612 4554 senatu
2646 4499 2873 4564 electus,
2905 4497 3065 4554 annis
3093 4514 3209 4552 nx.

165 4587 240 4660 ἔτη
262 4589 337 4646 ιϐ’.

649 4707 801 4762 ΣΜΙν
834 4708 1206 4761 ΟΛΥΜΠῙΑΣ.

165 4787 226 4848 Α’.
261 4799 343 4851 ὑπ.
376 4799 612 4873 Σεϐήρου
644 4797 954 4866 Αὐγούστου
988 4799 1079 4852 καὶ
1113 4799 1355 4854 Σαϐίνου.

170 4885 225 4938 B’.
257 4887 338 4943 01:.
370 4891 669 4962 Τερτύλλου
699 4890 793 4944 καὶ
822 4891 1155 4962 Κλήμεντος.

167 4975 225 5032 Γ.
253 4981 334 5036 ὑπ.
361 4983 586 5055 Δέξτρου
617 4984 714 5036 καὶ
744 4982 1006 5054 Πρίσκου.

169 5068 227 5125 Δ’.
257 5072 336 5128 ὑπ.
374 5076 685 5148 Λατεράνου
718 5075 813 5127 καὶ
847 5073 1150 5143 Ῥουφίνου.

645 5186 800 5242 ΣΜΔ’
833 5190 1203 5244 ΟΛΥΜΠΙΑΣ.

171 5294 230 5348 E’.
259 5300 338 5356 ὑπ.
369 5303 689 5377 Σατορνίνου
721 5303 816 5356 καὶ
843 5303 1066 5359 Γάλλου.

173 5386 246 5452 ς’.
271 5391 351 5448 ὑπ.
395 5394 730 5450 ’Δνουλλίνου
759 5395 855 5448 καὶ
877 5397 1208 5467 Φρόντωνος.

172 5476 229 5530 Ζ’.
256 5483 332 5539 ὑπ.
366 5488 598 5561 Σεϐήρου
631 5487 944 5556 Αὐγούστου
974 5488 1034 5542 τὸ
1064 5488 1108 5560 β’
1144 5489 1237 5545 καὶ
1271 5491 1599 5564 Βικτορίνου,

173 5567 234 5625 H'.
262 5576 339 5634 ὑπ.
369 5580 658 5636 Μωκιανοῦ
694 5582 788 5634 καὶ
812 5581 1096 5637 Φαϐιανοῦ.

225 5784 393 5850 (η’ὓῖε
422 5793 666 5849 Salvius.

2271 4697 2524 4756 ccxuu
2557 4685 2928 4757 commas.

1818 4791 1857 4845 I.
1895 4791 2096 4848 Severo
2117 4791 2364 4864 Augusto
2405 4802 2460 4850 et
2492 4795 2693 4850 Sabino
2716 4810 2863 4851 coss.

1815 4881 1880 4936 II.
1916 4881 2158 4938 Tertullo
2181 4893 2235 4939 et
2265 4883 2546 4942 Clemente
2573 4902 2719 4942 coss.

1686 4969 1699 4980 ⁸
1813 4971 1903 5031 III.
1934 4973 2136 5031 Dextro
2159 4983 2212 5031 et
2235 4975 2426 5033 Prisco
2449 4993 2593 5036 coss.

1814 5064 1903 5121 IV.
1936 5066 2202 5124 Laterano
2235 5077 2288 5124 et
2325 5070 2522 5127 Ruﬁno
2551 5069 2696 5129 coss.

2265 5182 2516 5240 CCXLIV
2558 5182 2924 5243 OLYMI’IAS.

1767 5349 1769 5351 ,
1818 5297 1877 5350 V.
1915 5297 2211 5354 Saturnino
2240 5308 2296 5354 et
2321 5302 2477 5356 Gallo
2511 5319 2658 5360 coss.

1812 5385 1900 5444 VI.
1926 5390 2182 5443 Anullino
2213 5397 2266 5443 et
2298 5389 2574 5448 Frontone
2603 5405 2752 5445 coss.

1811 5462 1924 5534 VII.
1955 5480 2156 5536 Severo
2176 5479 2426 5553 Augusto
2451 5499 2491 5536 ιι
2529 5492 2583 5539 et
2613 5481 2895 5538 Victorino
2921 5499 3070 5542 coss.

1811 5575 1950 5632 VIII.
1979 5575 2228 5630 Muciano
2260 5583 2316 5630 et
2358 5575 2601 5632 Fabiano
2632 5589 2778 5632 coss.
