3830 6328
436 353 540 408 305

885 468 1112 526 CCXLV
1143 468 1506 525 OLYMPIAS.

442 560 527 617 IX.
555 559 753 616 Severo
782 561 1024 632 Augusto
1059 575 1121 614 ιιι
1149 570 1202 615 et
1231 559 1503 614 Antonino
1535 573 1680 616 coss.

434 653 506 710 X.
541 653 821 709 Plautiano
847 661 900 709 et
928 652 1061 708 Geta
1092 659 1234 709 coSs.

435 745 528 798 XI.
561 745 784 801 Chilone
803 751 858 802 et
887 743 1091 800 Libone
1112 758 1256 800 coss.

437 835 548 890 XII.
575 836 849 893 Antonino
879 853 917 893 ιι
945 839 999 892 et
1024 834 1224 890 Libone
1250 850 1287 888 ιι
1308 848 1450 890 coss.

887 945 1135 1004 CCXLVI
1163 945 1531 1004 OLYMPIAS-

434 1036 570 1094 XIII.
597 1040 789 1095 Albino
815 1047 868 1094 et
890 1039 1182 1096 Emiliano
1211 1056 1354 1096 coss.

435 1130 574 1186 XIV.
599 1132 744 1202 Apro
771 1139 825 1186 ct
855 1130 1088 1186 Maximo
1118 1147 1262 1188 coss.

434 1221 551 1277 XV.
585 1222 856 1278 Antonino
884 1239 941 1278 III
965 1229 1020 1279 et
1051 1221 1183 1279 Geta
1211 1239 1268 1278 ιιι
1293 1239 1439 1280 coss.-

356 1335 370 1398 '1
433 1314 576 1370 XVI.
612 1313 937 1386 Pompeiano
962 1323 1015 1371 et
1039 1316 1164 1371 Atto
1193 1331 1340 1372 coss.

367 1420 389 1503 fi
868 1420 1140 1484 CCXLVII
1173 1421 1540 1484 OLVMPIAS.

431 1517 594 1574 XVII.
626 1518 884 1576 Faustino
910 1531 962 1576 et
986 1519 1182 1575 Ruﬁno
1213 1535 1359 1577 coss.

431 1608 622 1664 XVIII.
651 1609 916 1666 Gentiano
944 1618 999 1665 et
1026 1609 1196 1666 Basso
1217 1625 1362 1667 coss.

439 1700 574 1756 XIX.
603 1701 751 1774 Apro
775 1718 813 1757 ιι
840 1710 896 1758 et
925 1701 1071 1772 Apro
1100 1717 1244 1758 coss.

1115 348 1382 405 EIISEBII
1413 345 1888 404 CAESARIENSIS
1925 346 2077 405 OPP.
2115 346 2315 403 PARS.
2358 344 2397 398 I.
2438 375 2509 386 —-
2545 343 2932 402 HISTORICA.

2015 476 2062 533 A

3559 340 3659 398 501

2575 520 2585 530 ,
2621 463 2775 520 ΣΜΕ⁹
2807 461 3179 518 ΟΛΥΜΠΙΑΣ.

2086 559 2162 616 Θ’.
2203 559 2298 616 ὑπ.
2333 559 2571 632 Σεϐήρου
2599 557 2904 628 Αὐγούστου
2936 557 2998 610 τὸ
3027 555 3075 626 γ’
3098 557 3190 610 καὶ
3231 553 3566 609 Ἀντωνίνου.

2087 651 2142 708 I'.
2180 654 2274 708 ὑπ.
2315 651 2646 706 Πλαυτιανοῦ
2679 651 2772 704 καὶ
2799 651 2954 706 Γέτα.

2087 743 2188 799 1Α’.
2224 745 2318 799 ὑπ.
2354 744 2591 806 Χίλωνος
2617 744 2710 796 καὶ
2736 742 2990 805 Λίϐωνος.

2088 838 2186 891 ΙΒ’.
2219 838 2312 891 ὑπ.
2355 837 2664 892 Ἀντωνίνου
2696 834 2757 889 τὸ
2789 834 2832 907 β’
2858 835 2952 888 καὶ
2982 833 3119 888 Γέτα
3151 834 3211 888 τὸ
3241 834 3304 907 β’.

2579 946 2748 1015 mc."
2781 947 3150 1001 ΟΛΥΜῙῘΙΑΣ.

2088 1040 2183 1092 II".
2227 1039 2320 1093 ὑπ.
2353 1037 2590 1093 Ἀλϐίνου
2625 1038 2718 1092 καὶ
2746 1038 3081 1109 Αἰμιλιανοῦ.

2087 1129 2182 1182 1Δ’.
2217 1129 2309 1182 ὑπ.
2332 1131 2538 1201 Ἀπρου
2567 1131 2660 1184 καὶ
2689 1127 2956 1197 Μαξίμου.

2089 1221 2185 1274 lE’.
2218 1223 2311 1276 ὑπ.
2353 1221 2662 1275 Ἀντωνίνου
2695 1220 2756 1274 τὸ
2785 1219 2833 1289 γ’
2862 1221 2954 1274 καὶ⁵
2980 1217 3115 1273 Γέτα
3142 1219 3203 1274 τὸ
3229 1219 3297 1290 Υ.

2089 1313 2202 1380 ις’.
2239 1315 2334 1370 ύπ.
2368 1311 2718 1384 Πομπηῖανοῦ
2745 1311 2837 1365 καὶ
2866 1312 3082 1366 Ἀττου.

2581 1427 2734 1482 ΣΜΖ¹
2767 1426 3140 1482 ΟΑΥΜΠΙΑΣ.

2088 1522 2185 1576 lZ'.
2221 1521 2313 1575 ὑπ.
2343 1519 2636 1574 Φαυστίνου
2668 1521 2762 1574 καὶ
2796 1518 3094 1588 Ῥουφίνου.

2089 1614 2196 1668 IH'.
2238 1613 2329 1666 ὑπ.
2360 1612 2642 1668 Γεντιανοῢ
2668 1612 2762 1666 καὶ
2795 1611 3026 1666 Βάσσου.

2091 1706 2188 1760 ΙΘ’.
2225 1705 2319 1758 ὑπ.
2358 1705 2566 1777 Ἀπρου
2593 1703 2653 1756 τὸ
2689 1702 2733 1774 β’
2763 1704 2855 1757 καὶ
2893 1704 3124 1774 Ἀπρου.

505 1792 602 1850 His
630 1809 777 1851 coss.
812 1795 949 1850 obiit
981 1794 1215 1850 Severus
1244 1795 1298 1849 in
1333 1794 1450 1850 solo
1477 1794 1781 1860 barbarico,
1816 1805 1986 1851 annos

2157 1797 2374 1862 Τούτοις
2414 1799 2527 1860 τοῖς
2560 1796 2782 1859 ὑπάτοις
2830 1795 3174 1866 ἐτελεύτησεν
3215 1793 3451 1867 Σεϐῆρος
3489 1796 3568 1862 είς
3594 1793 3656 1850 τὺ

433 1892 598 1940 natus
628 1899 752 1940 LXV.

506 1977 871 2034 Romanorum
908 1977 1204 2048 imperator
1224 1975 1366 2044 XIX,
1397 1977 1700 2035 Antoninus
1740 1975 1991 2036 Caracal-

434 2070 543 2136 lus,
569 2070 751 2127 Severi
779 2071 1104 2135 ﬁlius,annis
1125 2087 1221 2125 vn.

435 2164 476 2220 1.
505 2164 779 2219 Antonino
803 2162 1050 2235 Augusto
1077 2180 1131 2218 Iv
1157 2173 1212 2219 et
1237 2163 1434 2219 Albino
1460 2177 1605 2220 coss.

862 2277 1159 2334 CCXLVIII
1183 2276 1548 2335 OLYMPIAS.

435 2371 498 2425 II.
532 2370 758 2429 Messala
780 2379 835 2428 et
868 2371 1072 2428 Sabino
1101 2388 1245 2429 coss.

434 2461 522 2517 III.
539 2451 543 2455 ’
559 2462 787 2519 Lentulo
811 2470 867 2520 et
894 2463 1115 2521 Cereale
1137 2479 1284 2522 coss.

433 2553 522 2609 IV.
561 2554 760 2611 Sabino
784 2566 826 2608 ιι
851 2564 905 2612 et
930 2557 1164 2613 Auulino
1188 2572 1331 2614 coss.

435 2646 498 2700 V.
533 2646 806 2705 Praesente
833 2656 886 2705 et
917 2649 1196 2705 Extricato
1225 2665 1370 2706 coss.

884 2761 1136 2819 CCXLIX
1181 2761 1552 2820 OLYMPIAS.

435 2853 524 2909 Vl.
554 2856 832 2911 Antonino
869 2856 1114 2928 Augusto
1141 2874 1175 2912 ν
1203 2865 1257 2912 et
1286 2857 1532 2911 Advento
1553 2871 1700 2912 coss.

432 2945 546 3000 VII.
577 2947 850 3002 Antonino
869 2947 1112 3028 Augusto
1141 2963 1195 3002 νει
1227 2955 1280 3003 et
1309 2945 1601 3002 Sacerdote
1629 2961 1774 3002 coss.

504 3037 598 3094 His
623 3036 1087 3094 coss.Antoninus
1107 3037 1420 3094 Caracallus
1441 3039 1568 3092 dum
1586 3047 1772 3094 contra
1800 3035 1991 3094 Persas

2089 1889 2434 1962 βαρϐαρικὸν,
2471 1887 2545 1942 ὢν
2577 1887 2711 1941 ἐτῶν
2743 1887 2832 1954 ξεῖ.

2168 1983 2451 2053 Ῥωμαίων
2478 1979 2542 2036 ιϐ’
2566 1982 2905 2038 ἐϐασίλευσεν
2945 1983 3249 2048 Ἀντωνῖνος
3276 1983 3651 2056 Καράκαλλος,

2090 2074 2201 2138 υἱὸς
2225 2074 2484 2146 Σεϐήρου,
2514 2073 2608 2146 ἐτη
2644 2075 2706 2139 ζ’.

2089 2169 2166 2218 Α’.
2197 2165 2289 2218 ὑπ.
2336 2164 2648 2220 Ἀντωνίνου
2679 2165 2988 2235 Αὐγούστου
3018 2167 3078 2220 τὸ
3107 2167 3149 2220 δ’
3182 2167 3272 2220 καὶ
3323 2167 3584 2222 Ἀλϐίνου.

2577 2275 2738 2332 ΣΜΗ¹
2789 2277 3161 2333 ΟΑΥΜΠΙΑΣ.

2091 2371 2165 2426 Β’.
2200 2371 2294 2426 ὑπ.
2328 2370 2589 2426 Μεσσαλᾶ
2619 2371 2713 2425 καὶ
2743 2371 2988 2426 Σαϐίνου.

2090 2463 2164 2516 Γ’.
2198 2462 2294 2516 ὑπ.
2331 2461 2621 2516 Λεντούλου
2655 2461 2750 2516 καὶ
2781 2463 3092 2536 Κερεαλίου.

2091 2556 2161 2606 Δ’.
2194 2554 2286 2606 ὑπ.
2322 2553 2546 2608 Σαϐίνου
2574 2555 2636 2608 τὸ
2663 2555 2707 2627 β’
2745 2557 2839 2609 καὶ
2875 2556 3223 2609 Ἀνουλλίνου.

2091 2644 2165 2697 Ε’.
2201 2643 2526 2716 Πραίσεντος
2554 2646 2648 2698 καὶ
2686 2646 3050 2720 Ἐξτρικάτου.

2576 2760 2729 2814 ΣΜΘ¹
2787 2760 3159 2815 ΟΑΥΜΠΙΑΣ.

2093 2853 2181 2918 (τ’.
2209 2851 2306 2906 ὑπ.
2347 2853 2659 2910 Ἀντωνίνου
2696 2852 3000 2921 Αὐγούστου
3034 2853 3094 2907 τὸ
3121 2861 3161 2907 ε’
3200 2854 3293 2908 καὶ
3329 2853 3652 2920 Ἀδούεντος.

2090 2946 2160 2998 Z'.
2194 2945 2287 2998 ὑπ.
2328 2943 2635 3000 Ἀντωνίνου
2666 2946 2972 3016 Αὐγούστου
3000 2945 3061 3000 τὸ
3093 2952 3146 3012 ς’
3179 2947 3270 3000 καὶ
3302 2947 3651 3018 Σακερδότου.

2173 3040 2293 3093 Ἐπὶ
2318 3039 2520 3094 τούτων
2557 3038 2664 3094 τῶν
2693 3039 2913 3095 ὑπάτων
2951 3039 3260 3104 Ἀντωνῖνος
3299 3041 3656 3112 Καράκαλλος

433 3131 818 3202 proﬁciscitur,
849 3131 991 3186 inter
1037 3129 1294 3187 Edessam
1329 3139 1383 3188 et
1403 3131 1602 3189 Carras
1641 3131 1988 3200 interﬁcitur,

2131 3132 2232 3186 ατὰ
2260 3132 2483 3204 Περσῶν
2513 3131 2756 3186 ἀπελθὼν
2784 3133 2876 3186 καὶ
2899 3131 3180 3187 ἀναλαϐὼν
3205 3131 3302 3203 τὴν
3339 3133 3652 3204 Ὀσροηνὴν,

435 3239 609 3280 annos
645 3229 806 3279 natus
834 3237 924 3279 ιιι.

505 3403 870 3460 Romanorum
899 3403 1028 3474 imp.
1059 3395 1178 3466 XX,
1199 3399 1469 3458 Macrinus
1488 3416 1577 3456 an.
1610 3418 1648 3456 ι.

436 3494 478 3550 1.
515 3495 788 3550 Antonino
824 3503 879 3550 et
907 3494 1234 3549 Comazonte
1258 3509 1401 3548 coss.

508 3587 784 3642 Macrinus
826 3585 1146 3642 interfectus
1175 3593 1260 3641 est
1301 3584 1645 3649 Archelaide,
1695 3599 1866 3640 annos
1898 3595 1996 3639 na-

435 3689 875 3826 mirata..on
902 3772 1195 3842 imperator
1229 3767 1370 3835 XXI,
1403 3769 1713 3825 Antoninus
1740 3767 1991 3842 Helioga-

438 3864 614 3926 balus,
645 3862 803 3920 annis
829 3878 902 3917 ιν.

437 3953 479 4011 I.
508 3955 675 4012 Grato
706 3963 761 4012 et
795 3953 1021 4012 Seleuco
1058 3969 1202 4011 coss.

961 4068 1092 4126 CCL
1121 4067 1488 4126 OLYMPIAS.

437 4161 503 4219 II.
534 4162 808 4220 Antonino
836 4162 1080 4235 Augusto
1099 4179 1134 4217 ιι
1159 4170 1212 4218 et
1237 4161 1541 4217 Alexandro
1567 4173 1712 4216 coss.

437 4340 527 4397 III.
566 4342 798 4398 Maximo
821 4352 875 4398 et
908 4340 1126 4398 Eliano
1157 4356 1302 4396 coss.

437 4433 526 4490 IV.
549 4431 804 4490 Flaviano
839 4442 894 4490 et
921 4432 1174 4506 Crispino
1196 4449 1339 4491 coss.

509 4527 606 4584 His
639 4527 955 4585 consulibus
992 4527 1300 4584 Antoninus
1366 4527 1745 4600 Heliogabalus
1803 4525 1992 4596 Augu-
2024 4517 2069 4573 D

437 4630 556 4679 stus
575 4621 758 4678 Roma:
787 4636 818 4677 a
845 4628 1075 4695 cognato
1101 4638 1200 4678 suo
1219 4620 1540 4678 interfectus
1571 4627 1676 4689 est,
1698 4635 1869 4675 annos
1891 4634 1992 4674 na.

437 4723 524 4770 IIIS
546 4731 576 4769 Χ
586 4729 708 4769 τινι
717 4751 732 4768 ο

508 4804 877 4861 Romanorum
895 4804 1188 4874 imperator
1206 4801 1367 4870 XXII,
1381 4805 1683 4861 Alexander
1706 4804 1994 4859 Mammaea:

441 4898 602 4962 ﬁlius,
633 4896 792 4952 annis
823 4910 940 4950 xm.

437 4989 480 5046 I.
506 4989 776 5046 Fusciano
805 4994 861 5043 et
885 4985 1088 5042 Dextro
1113 4999 1260 5042 coss.

942 5097 1094 5156 CCLI
1124 5097 1486 5154 OLYMPIAS.

431 5187 498 5242 II.
531 5183 836 5242 Alexandro
859 5198 898 5238 ιι
928 5190 984 5237 et
1021 5181 1272 5238 Marcello
1299 5197 1444 5238 coss.

431 5277 520 5334 III.
547 5276 743 5332 Albino
769 5282 822 5330 et
849 5273 1155 5330 Maximo-11
1183 5287 1328 5329 coss.

437 5368 528 5424 IV.
565 5366 806 5423 Modesto
833 5372 888 5421 et
917 5364 1098 5421 Probo
1125 5379 1271 5420 coss.

436 5458 504 5515 V.
525 5457 830 5515 Alexandro
853 5470 907 5511 ιιι
936 5465 991 5513 et
1019 5453 1189 5512 Dione
1214 5469 1358 5510 coss.

852 5570 1030 5628 CCLII
1065 5569 1430 5628 OLYMPIAS.

443 5664 528 5720 VI.
557 5663 804 5736 Agricola
831 5672 886 5719 et
916 5663 1194 5724 Clemente
1224 5677 1370 5720 coss.

441 5781 458 5842 ί
467 5781 515 5843 1)
541 5776 652 5834 Imo
681 5791 769 5832 an.
805 5791 955 5834 XLIII.

2097 3223 2379 3294 συμϐαλὼν
2405 3225 2484 3288 είς
2521 3221 2611 3277 τὸν
2637 3222 2867 3294 πόλεμον
2906 3224 3147 3295 ἐσφάγη,
3199 3224 3362 3296 μέσον
3403 3224 3655 3294 Ἐδέσσης

2095 3316 2188 3369 καὶ
2224 3315 2478 3387 Καρρῶν,
2505 3314 2583 3369 ὣν
2610 3315 2743 3369 ἐτῶν
2777 3314 2816 3380 ξ’
2845 3314 2942 3386 (1).

2176 3406 2458 3478 Ῥωμαίων
2497 3411 2542 3460 κ’
2571 3407 2913 3461 ἐϐασίλευσεν
2940 3407 3214 3478 Μακρῖνος
3239 3407 3357 3470 ἐτος
3389 3413 3460 3460 α’.

2094 3501 2171 3552 Α’.
2205 3499 2298 3553 ὑπ.
2344 3499 2653 3552 Ἀντωνίνου
2693 3499 2785 3552 καὶ
2814 3498 3191 3569 κωμάζοντος.

2163 3593 2436 3664 Μακρῖνος
2460 3591 2670 3662 ἐσφάγη
2697 3592 2753 3645 ἐν
2793 3589 3110 3662 Ἀρχελαῖδι,
3138 3590 3212 3644 ὢν
3236 3589 3372 3645 ἐτῶν
3400 3589 3500 3646 νϐ’.

2173 3767 2455 3842 Ῥωμαίων
2490 3775 2572 3822 κα¹
2606 3767 2949 3822 ἐϐασίλευσεν
2986 3769 3293 3832 Ἀντωνῖνος
3330 3768 3653 3839 Ἡλιογάϐα·

2093 3861 2182 3929 λος
2211 3864 2305 3935 ἔτη
2332 3864 2392 3917 δ’.

2093 3959 2168 4011 Α’.
2199 3958 2292 4011 ὑπ.
2325 3956 2530 4028 Γράτου
2563 3957 2655 4011 καὶ
2683 3956 2962 4010 Σελεύκου.

2612 4070 2714 4123 ΣΝ⁹
2755 4068 3126 4124 ΟΛΥΜΠΙΑΣ.

2093 4163 2168 4216 Β’.
2207 4162 2300 4216 ὑπ.
2347 4160 2657 4216 Ἀντωνίνου
2714 4160 3017 4232 Αὐγούστου
3071 4161 3132 4214 τὸ
3176 4160 3219 4231 β’
3259 4160 3352 4214 καὶ
3407 4159 3656 4228 Ἀλεξάν-

2163 4254 2310 4326 δρου.
2385 4293 2388 4297 -

2094 4347 2167 4405 Γ’,
2204 4348 2297 4401 ὑπ.
2326 4345 2575 4417 Μαξίμου
2607 4347 2699 4400 καὶ
2729 4345 2999 4400 Αίλιανοῦ.

2095 4440 2166 4493 Δ’.
2199 4440 2292 4491 ὑπ.
2322 4437 2614 4491 Φλαϐιανοῦ
2652 4437 2745 4490 καὶ
2774 4436 3090 4508 Κρισπίνου.

2178 4528 2302 4582 Ἐπὶ
2362 4527 2562 4582 τούτων
2620 4529 2725 4582 τῶν
2791 4529 3009 4583 ὑπάτων
3069 4527 3280 4598 ἐσφάγη
3347 4530 3656 4590 Ἀντωνῖνος

2107 4619 2486 4690 Ἥλιογάϐαλος
2527 4619 2830 4689 Αὔγουστος
2871 4622 2929 4674 ἐν
2973 4619 3157 4692 Ῥώμῃ
3188 4619 3292 4673 ὑπὸ
3331 4620 3462 4674 ίδίου
3492 4620 3654 4676 αὑτοῦ

2097 4712 2405 4781 συγγενοῦς,
2434 4709 2509 4765 ὢν
2534 4712 2666 4765 ἐτῶν
2689 4711 2795 4777 λς’.

2176 4805 2456 4869 Ῥωμαίων
2484 4805 2568 4859 κϐν
2599 4805 2942 4860 ἐϐασίλευσεν
2979 4804 3320 4876 Ἀλέξανδρος
3345 4804 3658 4876 Μαμμαίας

2095 4895 2188 4968 ἐτη
2223 4901 2310 4963 ιγ’.

2094 4989 2170 5040 Α’.
2206 4987 2298 5041 ὑπ.
2331 4989 2657 5044 Φουσκιανεῦ
2691 4989 2785 5044 καὶ
2813 4989 3062 5060 Δέξτρου.

2583 5102 2729 5155 ΣΝΑ⁹
2790 5101 3160 5155 ΟΛΥΜΠΙΑΣ.

2095 5192 2166 5244 B'.
2205 5191 2297 5246 ὑπ.
2337 5193 2678 5266 Ἀλεξάνδρου
2705 5192 2767 5247 τὸ
2799 5192 2842 5264 β’
2868 5192 2962 5246 καὶ
2987 5191 3325 5264 Μαρκέλλου.

2095 5281 2167 5336 I".
2202 5282 2296 5338 ὑπ.
2346 5282 2584 5339 Ἀλϐίνου
2609 5284 2705 5339 καὶ
2732 5284 2982 5356 Μαξίμου
3013 5283 3074 5338 τὸ
3103 5284 3169 5356 β’.

2095 5376 2165 5428 A'.
2197 5374 2291 5430 ὑπ.
2323 5376 2591 5430 Μοδέστου
2618 5376 2711 5430 κα1⁵
2741 5374 2970 5447 Πρόϐου.

2095 5465 2170 5520 Ε’.
2203 5465 2292 5518 ὑπ’
2337 5466 2677 5540 Ἀλεξάνδρου
2705 5468 2768 5521 τὸ
2792 5474 2840 5537 γ’
2871 5468 2964 5521 καὶ
2984 5466 3201 5531 Δίωνος.

2585 5579 2729 5632 ΣΝΒ¹
2788 5577 3161 5634 ΟΑΥΜΙΠΑΣ.

2098 5671 2166 5736 εἷ’
2194 5670 2286 5725 ὑπ.
2330 5671 2622 5744 Ἀγρεκόλα
2650 5673 2742 5727 καὶ
2777 5672 3105 5744 Κλήμεντος.
