3830 6298
190 397 265 454 305

191 513 243 565 Z’.
267 510 338 564 ὑπ.
371 511 714 581 11ομ,πηῖανοῦ
751 511 842 566 καὶ
871 511 1254 583 Πελεγμιανοῦ.

191 604 246 656 II’.
276 603 350 654 ὑπ.
378 601 630 655 Λούππου
668 603 762 656 καὶ
784 602 1030 673 Μαξίμου
1055 603 1114 657 τὸ
1144 610 1210 672 γ’.

189 694 240 749 Θ.
261 695 334 748 ὑπ.
359 691 601 765 Μαξίμου
634 695 697 748 τὸ
722 695 764 748 δ’
790 695 881 748 καὶ
911 695 1206 767 Πατερνοῦ.

611 805 702 857 ΣΝ
707 805 757 857 I"
799 805 1170 858 ΟΛΥΜΠΙΑΣ.

189 899 226 948 l'.
257 895 328 948 ὑπ.
355 892 598 966 Μαξίμου
633 895 696 948 τὸ
721 902 760 948 ε’
788 897 882 948 καὶ
915 893 1208 966 Οὑρὸανοῦ.

188 991 257 1042 1Α’.
281 991 354 1042 ὑπ.
378 989 510 1058 Σεὸή
522 1005 619 1059 ρου
648 989 742 1042 καὶ
766 987 1084 1043 Κυντιανοῦ.

188 1075 255 1127 lB‘.
276 1075 348 1128 ὑπ.
370 1073 623 1146 Μαξίμου
652 1075 711 1130 τὸ
737 1083 790 1141 ς’
821 1075 916 1129 καὶ
953 1075 1298 1149 Ἀφρικανοῦ.

185 1165 253 1218 II".
280 1167 352 1219 ὑπ.
378 1165 664 1238 Περπέτου
693 1167 786 1220 καὶ
811 1166 1129 1239 Κορνηλίου.

239 1259 330 1311 Ἐπὶ
346 1258 443 1312 τῶν
498 1259 874 1331 προκειμένων
919 1259 1136 1312 ὑπάτων
1189 1258 1403 1327 ἐσφάγη
1447 1257 1551 1310 ὑπὸ
1592 1257 1684 1311 τοῦ

186 1347 351 1419 στρατοῦ
389 1349 739 1420 Ἀλέξανδρος
777 1348 1100 1418 Αὔγουστος,
1141 1349 1216 1412 ὼς
1258 1349 1403 1402 ἐστιν
1451 1349 1555 1402 ὑπὸ
1595 1350 1688 1402 τὸν

184 1440 439 1494 παπυλεῶνα
487 1439 660 1494 αὑτοῦ
715 1443 770 1493 ἐν
810 1439 1183 1511 Μογοντιακῴ,
1215 1439 1290 1492 ὣν
1328 1439 1460 1492 ἐτῶν
1487 1440 1559 1493 λ’·
1590 1440 1688 1510 τὴν

184 1531 220 1582 δὲ
240 1532 402 1603 μητέρα
428 1529 598 1584 αὑτοῦ
626 1531 949 1602 Μαμμαίαν,
978 1525 1142 1584 οὖσαν
1177 1531 1291 1601 μετ’
1320 1530 1504 1594 αὑτοῦ,
1537 1530 1688 1584 ἔπνι-

184 1621 249 1686 ξαν
269 1623 311 1676 ἐν
332 1623 539 1694 σχοινίῳ
565 1626 649 1686 εἰς
673 1623 761 1678 τὸν
796 1622 1121 1678 παπυλεῶνα
1154 1622 1278 1677 ἔσω.

237 1714 480 1784 Ῥωμαίων
519 1720 608 1782 κγ’
646 1715 990 1768 ἐϐασίλευσεν
1035 1715 1360 1786 Μαξιμῖνος,
1391 1713 1690 1784 Αὔγουστος

181 1805 494 1876 ἀναγορευθεὶς
525 1805 639 1860 ἀπὸ
670 1805 920 1878 στρατοῦ,
955 1806 1049 1878 ἐτη
1082 1813 1150 1876 γ’.

609 1921 752 1974 ΣΝΔ¹
801 1920 1012 1974 ὈΛΥΜ
1018 1922 1086 1974 ΠΙ
1097 1921 1200 1973 ΑΣ.

178 2010 231 2061 Δ’.
257 2010 327 2064 ὑπ.
353 2011 654 2064 Οὑλπικίου
682 2012 739 2062 ἐν
771 2009 1086 2064 Ποντιανοῦ.

179 2100 230 2155 B'.
253 2103 325 2157 ὑπ.
350 2102 639 2174 Γορδιανοῦ
669 2103 762 2154 καὶ
797 2101 1028 2156 Ἀϐιολά.

177 2192 226 2246 Ρ.
249 2194 319 2248 ὑπ.
367 2194 606 2248 Ἀλὸίνου
639 2195 735 2247 καὶ
767 2193 1115 2248 Οὑενούστου.

231 2285 322 2340 Ἐπὶ
349 2287 548 2342 τούτων
569 2285 680 2340 τῶν
705 2287 924 2340 ὑπάτων
956 2285 1270 2348 ἐπελθόντες
1293 2287 1340 2338 οἱ
1371 2283 1694 2357 στρατιῶται

1372 393 1869 453 CHRONICORUM
1908 397 2036 462 LIB.
2069 400 2110 459 1.

1711 518 1759 576 Α
1796 520 1905 576 Vll.
1938 519 2264 590 Pompeiano
2291 526 2346 575 et
2377 517 2719 589 Pelegmiano
2751 516 2829 589 (1.)
2862 531 3005 572 coss.

3230 405 3338 468 506

1799 610 1935 666 VIII.
1966 611 2118 682 Lupo
2146 619 2199 666 et
2223 610 2456 666 Maximo
2487 626 2542 665 ιιι
2577 626 2723 667 coss.

1797 704 1885 759 IX.
1917 704 2148 762 Maximo
2176 723 2228 763 IV
2256 713 2310 762 et
2344 705 2578 762 Paterno
2606 721 2750 762 coss.

2209 814 2412 874 CCLIII
2435 815 2803 873 OLYMPIAS.

1799 909 1865 964 Χ.
1903 910 2132 968 Maximo
2157 928 2190 966 v
2223 920 2278 966 et
2299 909 2517 965 Urbano
2545 925 2690 972 coss.
2846 895 2853 903 ’

1799 1005 1889 1060 XI.
1923 1005 2125 1062 Severo
2144 1014 2199 1062 et
2231 1004 2524 1071 Quintiano
2553 1019 2699 1061 coss.

1800 1097 1916 1152 XII.
1947 1097 2178 1153 Maximo
2203 1113 2254 1151 vi
2286 1103 2340 1152 et
2371 1095 2629 1150 Africano
2660 1109 2805 1150 coss.

1802 1189 1941 1243 XIII.
1980 1189 2246 1257 Perpetuo
2273 1197 2326 1243 et
2352 1183 2600 1240 Cornelio
2638 1201 2780 1241 coss.
3449 1251 3456 1259 ἱ

1863 1268 2140 1333 Praadictis
2167 1283 2310 1326 coss.
2340 1266 2644 1331 Alexander
2664 1265 3082 1328 interfectusest
3109 1263 3186 1318 ab
3198 1277 3352 1319 exer-

1793 1363 1925 1426 citu,
1956 1377 2079 1416 cum
2107 1371 2252 1417 esset
2277 1361 2333 1415 in
2358 1374 2458 1415 suo
2489 1358 2860 1424 tabernaculo,
2881 1354 3225 1427 Moguntiaci,
3254 1369 3353 1408 an-

1795 1471 1896 1509 nos
1929 1461 2042 1508 tum
2073 1460 2234 1507 natus
2260 1468 2397 1518 xxx;
2427 1450 2654 1520 ejusque
2684 1457 2865 1504 mater-
2899 1447 3196 1510 Mammaea,
3231 1460 3352 1516 quae

1796 1562 1918 1600 cum
1955 1544 2064 1599 [ilio
2095 1550 2233 1608 erat,
2259 1543 2399 1596 intra
2427 1542 2602 1611 ipsum
2634 1538 3037 1593 tabernaculum
3059 1538 3250 1608 laqueo
3270 1543 3356 1591 est
3399 1611 3402 1614 η

1798 1654 1859 1692 su
1869 1636 2076 1690 ﬂ‘ocata.

1866 1727 2234 1783 Romanorum
2259 1725 2554 1795 imperator
2571 1717 2758 1783 XXIII,
2776 1719 3098 1774 Maximinus
3115 1717 3251 1788 Aug.
3286 1716 3355 1777 ab

1800 1819 2041 1877 exercitu
2063 1816 2433 1882 renuntiatus,
2462 1813 2624 1868 annis
2654 1827 2729 1867 ιιι.

2269 1925 2474 1985 CCLIV
2525 1922 2892 1994 OLYMPIAS.

1812 2020 1852 2076 1.
1890 2017 2108 2088 Ulpicio
2132 2022 2186 2073 et
2209 2013 2478 2067 Pontiano
2508 2026 2654 2066 coss.

1809 2112 1876 2166 11.
1905 2110 2180 2166 Gordiano
2201 2113 2256 2161 et
2277 2104 2465 2158 Aviola
2488 2117 2631 2157 coss.

1811 2201 1899 2256 111.
1926 2199 2124 2254 Albino
2157 2205 2210 2251 et
2240 2194 2485 2250 Venusto
2515 2207 2656 2245 coss.

1863 2293 1960 2349 His
1985 2308 2130 2349 coss.
2154 2291 2423 2350 irruentes
2453 2285 2657 2342 milites
2687 2284 3031 2340 Maximinum
3061 2281 3360 2352 Augustum

177 2380 353 2449 ίσφαξαν
393 2380 699 2452 Μαξιμίνον
746 2379 1051 2448 Αὔγουστον
1095 2382 1172 2443 εἰς
1217 2378 1523 2448 Ἀκυλήῖαν,
1567 2376 1695 2430 ὄντα

1846 2392 2052 2463 quileim
2077 2387 2629 2449 interfecerunt,cum
2658 2396 2859 2437 annum
2893 2387 3074 2451 ageret
3100 2395 3224 2434 va.
3256 2376 3357 2432 Cui

177 2471 376 2537 1τῶνξε⁰.
421 2475 532 2526 Καὶ
579 2471 925 2526 ἐῆασίλευσεν
979 2471 1236 2534 Βαλϐῖνος
1283 2470 1454 2541 μῆνας
1492 2476 1563 2538 γ’,
1604 2469 1697 2522 καὶ

178 2566 358 2638 ἐσφάγη·
403 2568 498 2620 καὶ
545 2565 894 2620 ἐϐασίλευσεν
933 2564 1198 2629 Πούπλιος
1244 2562 1454 2636 ἡμέρας
1481 2561 1694 2626 ἑκατὸν,

180 2659 241 2708 καὶ
263 2659 478 2730 ἐσφάγη.

226 2753 475 2823 Ῥωμαίων
510 2752 589 2806 κδ’
621 2750 968 2805 ἐὸασίλευσεν
985 2747 1266 2822 Γορδιανὸς
1297 2747 1491 2818 σενιὸιρ
1512 2746 1604 2817 ἔτη
1623 2753 1696 2811 ς’.

179 2937 323 2992 litim.
362 2934 655 3008 Γορδιανοῦ
688 2931 999 3012 Αὑγοὺστου
1029 2931 1089 2984 τὸ
1128 2929 1170 3000 β’
1202 2929 1296 2983 καὶ
1327 2921 1694 2999 Πομπηῖανοῦ.

625 3047 776 3100 ΣΝΕ¹
829 3043 1200 3098 ΟΛΥΜΠῘΑΣ.

181 3137 229 3192 B'.
245 3140 325 3192 ὑπ.
370 3137 614 3193 Ἀττικοῦ
645 3137 742 3190 καὶ
762 3133 1184 3208 Πραιτεξτάτου.

181 3230 228 3281 Γν.
254 3233 334 3284 ὑπ.
368 3228 705 3301 Αὑρηλιανοῦ
741 3228 836 3282 καὶ
862 3227 1114 3280 Πάππου.

182 3325 231 3376 ι’.
250 3323 335 3377 ὑπ.
364 3321 697 3395 Περεγρίνου
726 3320 819 3373 καὶ
843 3317 1176 3389 Αἰμιλιανοῦ.

183 3409 230 3462 Β
257 3409 341 3464 ὑπ.
368 3410 634 3464 Φιλίππου
670 3408 766 3461 καὶ⁵
803 3403 1090 3460 Τατιανοῦ.

621 3514 786 3584 me,"
827 3516 1200 3569 ΟΛΥΜΠΙΛΣ.

189 3610 251 3676 ς’.
279 3609 361 3667 ὑπ.
394 3613 729 3685 Πραίσεντος
762 3609 856 3662 καὶ
894 3607 1155 3665 Ἀλϐίνου.

241 3704 347 3757 Ἐπὶ
373 3705 576 3758 τούτων
621 3703 735 3756 τῶν
773 3701 995 3760 ὑπάτων
1017 3700 1156 3771 νόσῳ
1182 3699 1396 3771 βληθεὶς
1423 3697 1724 3771 Γορδιανὺςι

186 3794 339 3867 σειιὼρ
361 3795 605 3866 τελευτᾷ,
635 3793 712 3846 ὣν
740 3792 874 3846 ἐτῶν
910 3790 1004 3846 00’.

244 3887 502 3958 Ῥωμαίων
533 3895 613 3940 κε’
646 3885 958 3939 ἐϐασίλευσε
979 3885 1238 3948 Φίλιππος
1263 3884 1291 3938 ὁ
1327 3885 1564 3955 ίουνίωρ,
1600 3882 1714 3953 ἅμα

186 3980 387 4053 Φιλίππῳ
413 3980 489 4052 τῷ
511 3979 615 4050 υἱῷ
640 3978 832 4042 αὑτοῦ,
865 3979 960 4051 ἐτη
984 3986 1058 4045 ς’.

187 4075 243 4124 Δ’.
268 4072 349 4124 ὑπ.
390 4072 658 4124 Φιλίππου
675 4069 984 4138 Αὐγούστου
1016 4069 1077 4121 τὸ
1127 4066 1168 4138 β’
1202 4066 1298 4121 καὶ
1328 4065 1592 4118 Φιλίππου
1623 4061 1716 4117 τοῦ

239 4163 336 4216 υἱοῦ
362 4163 543 4220 αὑτοῦ.

188 4251 241 4305 B’.
269 4256 351 4308 ὑπ.
377 4256 646 4308 ⁴ἰνιλίππου
671 4252 983 4322 Αὐγούστου
1013 4251 1072 4306 τὸ
1109 4259 1157 4322 γ’
1204 4251 1298 4307 καὶ
1338 4249 1601 4304 Φιλίππου
1625 4247 1734 4310 τοῦ,

241 4347 336 4401 uio-3
361 4346 521 4402 αὑτοῦ
545 4347 611 4400 τὸ
643 4347 709 4416 β’.

191 4436 244 4489 Γν.
270 4439 350 4493 ὑπ.
371 4437 685 4511 Αἰμιλιανοῦ
712 4436 774 4490 τὸ
803 4435 847 4507 β’
867 4437 964 4490 καὶ⁸
1007 4436 1302 4491 Ἀκυλίνου.

649 4551 795 4604 ΣΝΖ¹
837 4549 1211 4603 ΟΛΥΜΙΠΑΣ.

193 4647 245 4697 Δ⁹.
269 4646 354 4700 ὑπ.
381 4647 566 4700 Δεκίου
595 4645 694 4698 καὶ
740 4639 1062 4712 Γρατιανοῦ.

195 4737 248 4790 E'.
273 4739 354 4792 ὑπ.
385 4738 586 4792 Γάλλου
625 4737 724 4791 καὶ
757 4732 1134 4788 Βολουσιανοῦ.

197 4831 261 4895 φ.
279 4833 362 4886 ὑπ.
400 4827 759 4886 Βολουσιανοῦ
791 4827 852 4880 τὸ
879 4826 921 4897 β’
943 4828 1037 4880 καὶ
1066 4823 1318 4894 Μαξίμου

273 4924 513 4989 Φίλιππος
544 4927 573 4978 ὁ
605 4920 828 4992 ἰουνίωρ
873 4918 1098 4982 πολλοὺς
1137 4914 1427 4987 συμϐαλὼν
1465 4911 1741 4982 πολέμους-

198 5015 396 5085 εὑτυχῶς
443 5014 720 5087 ἔπραξενο
769 5012 866 5066 καὶ
919 5010 993 5074 ὡς
1044 5009 1268 5080 πολεμεῖ
1320 5009 1429 5070 τοῖς
1472 5006 1729 5076 Γήπεσιν,

200 5107 504 5179 ἐκονδὺλησεν
535 5110 565 5160 ὁ
613 5107 784 5168 ἵππος
806 5102 993 5167 αὑτοῦ,
1025 5103 1119 5156 καὶ
1142 5098 1431 5171 συμπεσὼν
1454 5095 1601 5166 αὑτῷ
1631 5111 1735 5166 μηδ

203 5195 451 5263 φῦκὶαστος
490 5199 743 5269 ἐγένετοο
778 5196 872 5250 καὶ
903 5192 1070 5254 ἐλθὼν
1112 5194 1170 5246 ἐν
1200 5193 1267 5262 τῇ
1305 5187 1509 5260 Ῥώμη,
1545 5187 1604 5253 ἐξ
1636 5186 1735 5239 αὑο

202 5285 271 5338 τοῦ
297 5290 382 5342 τοῦ
411 5291 725 5362 relicua-ro;
748 5287 993 5357 τελευτᾷ,
1023 5285 1097 5339 ὢν
1117 5283 1252 5338 ἐτῶν
1281 5287 1379 5351 με’.

292 5380 560 5453 Ῥωμαίων
590 5387 685 5446 κς¹
715 5378 1063 5432 ἐϐασίλευσεν
1094 5375 1280 5435 Δέκιος
1306 5371 1422 5433 ἔτος
1453 5377 1523 5424 α’.

204 5467 264 5522 Α’.
291 5469 376 5524 ὑπ.
397 5472 583 5526 Δεκίου
620 5469 903 5540 Καίσαρος
924 5468 1019 5523 καὶ
1049 5465 1234 5520 Δεκίου
1267 5460 1380 5516 υἱοῦ
1408 5459 1590 5516 αὑτοῦ.

299 5562 542 5626 Ἐξελθὼν
573 5562 634 5615 δὲ
677 5562 708 5613 ὁ
737 5560 899 5623 αὑτὸς
950 5558 1137 5621 Δέκιος
1189 5557 1270 5618 είς
1320 5554 1552 5624 πόλεμον
1599 5550 1738 5606 κατὰ

208 5651 451 5725 ΙΡράγιιιυν,
490 5657 568 5721 ὡς
604 5656 928 5728 ἀπέρχεται,
959 5653 1169 5723 ἐσφάγη
1196 5649 1332 5723 μετὰ
1354 5647 1446 5702 τοῦ
1479 5647 1596 5702 υἱοῦ
1633 5645 1740 5707 ὑπὸ

211 5758 324 5810 τινος
343 5750 441 5803 τῶν
463 5750 711 5822 ἐξάρχων
743 5751 801 5800 ἐν
838 5735 1098 5818 ’Λὸύρτῴ,
1127 5742 1200 5798 ὢν
1224 5740 1356 5796 ἐτῶν
1395 5738 1456 5806 ξ’.

274 5885 339 5953 (ί)
360 5887 460 5946 Imo
491 5889 789 5945 Feliciano.

1746 4555 1799 4616 D

1796 2485 2062 2543 successit
2091 2483 2384 2546 Balbinus;
2414 2493 2521 2548 quo
2549 2477 2768 2533 tertium
2800 2482 2924 2545 post
2952 2488 3192 2528 mensem
3249 2489 3355 2526 car-

1797 2596 1880 2646 so,
1915 2575 2201 2647 imperium
2242 2572 2471 2642 adeptus
2491 2577 2575 2625 est
2602 2567 2847 2633 Publius,
2876 2566 2966 2638 qui
2990 2573 3110 2638 post
3142 2575 3361 2622 centum

1799 2669 1915 2725 dies
1944 2665 2146 2737 pariter
2175 2670 2259 2719 est
2282 2662 2660 2729 interemptus.

1870 2759 2238 2814 Romanorum
2259 2748 2534 2819 imperavit
2552 2749 2713 2808 XXIV
2726 2746 3033 2804 Gordianus
3053 2748 3254 2812 senior,
3275 2763 3375 2800 ana

1799 2867 1887 2906 IIIS
1923 2867 1996 2904 VI.

1808 2933 1850 2988 1.
1883 2932 2156 2989 Gordiano
2187 2931 2432 3001 Augusto
2455 2949 2486 2986 ιι
2515 2943 2569 2987 et
2597 2932 2924 3004 Pompeiano
2954 2949 3099 2991 coss.

2224 3020 2402 3077 CCLV
2436 3021 2808 3078 OLYMPIAS.

1809 3113 1874 3172 ll.
1904 3113 2082 3170 Attico
2111 3121 2167 3169 et
2194 3113 2494 3168 Praetexato
2533 3129 2679 3169 coss.

1727 3213 1770 3270 C
1805 3206 1892 3262 Ill.
1923 3207 2217 3261 Aureliano
2253 3212 2307 3260 et
2337 3204 2520 3275 Pappo
2557 3221 2703 3260 coss.

1803 3299 1894 3356 IV.
1927 3299 2220 3369 Peregrino
2253 3307 2309 3353 et
2343 3296 2638 3353 Emiliano
2666 3313 2810 3352 coss.

1807 3394 1874 3448 ν.
1909 3393 2156 3464 Philippo
2186 3400 2240 3447 et
2265 3390 2494 3444 Tatiano
2523 3405 2667 3446 coss.

2221 3503 2421 3560 CCLVI
2457 3502 2824 3559 OLYMPIAS.

1807 3599 1889 3654 Vl.
1928 3599 2196 3654 Przesente
2224 3608 2275 3652 et
2296 3597 2492 3652 Albino
2523 3611 2672 3653 coss.

1879 3699 1977 3754 llis
2003 3711 2148 3754 coss.
2166 3689 2475 3750 Gordianus
2498 3687 2682 3745 senior
2695 3699 2760 3741 ex
2780 3682 2971 3739 morbo
2999 3679 3250 3743 decessit,
3280 3693 3369 3734 an.

1812 3807 1971 3848 LXXIX
2010 3795 2192 3842 natus.

1882 3881 2249 3936 Romanorum
2309 3875 2604 3946 imperator
2642 3867 2786 3923 XXV
2832 3864 3113 3936 Philippus
3160 3862 3369 3933 junior,

1815 3990 1923 4030 una
1947 3987 2072 4028 cum
2096 3970 2207 4027 ﬁlio
2235 3967 2483 4040 Philippo
2504 4003 2521 4031 ,
2555 3961 2726 4020 annis.
2742 3975 2818 4015 vl.

1827 4070 1866 4134 l,
1901 4069 2150 4140 Philippo
2176 4067 2421 4138 Augusto
2452 4081 2515 4131 ιι,
2543 4073 2598 4120 et
2624 4061 2874 4133 Philippo
2906 4060 3019 4119 ﬁlio,
3044 4058 3359 4129 ejuscosk

1828 4251 1890 4308 11.
1925 4249 2173 4320 Philippo
2214 4248 2458 4318 Augusto
2506 4261 2568 4308 ιιι
2611 4252 2666 4299 et
2712 4242 2959 4312 Philippo
3009 4237 3279 4306 ﬁliopejus
3313 4247 3388 4300 tt,

1899 4361 2042 4400 COSS.

1831 4437 1922 4497 Ill.
1951 4434 2243 4492 ASmiIiano
2269 4447 2308 4487 ιι
2331 4441 2382 4485 et
2414 4427 2671 4498 Aquilino
2696 4441 2837 4479 coss.

2294 4518 2518 4584 chvu
2556 4498 2923 4572 mirums.

1834 4619 1927 4675 IV.
1959 4617 2121 4672 Decio
2150 4622 2203 4670 et
2235 4611 2490 4669 Gratiano
2518 4623 2664 4666 coss.

1839 4714 1904 4770 V.
1932 4712 2084 4768 Gallo
2112 4717 2167 4765 et
2196 4706 2494 4762 Volusiano
2528 4716 2674 4756 coss.

1837 4805 1925 4859 VI.
1957 4803 2252 4858 Volusiano
2283 4816 2320 4854 ιι
2359 4806 2411 4851 et
2438 4793 2673 4859 Maximo
2699 4803 2844 4844 coss.

1907 4897 2185 4966 Philippus
2223 4891 2408 4960 junior
2442 4885 2608 4948 multa
2639 4881 2776 4936 bella
2822 4873 3046 4938 feliciter
3069 4869 3311 4966 confecit.
3350 4866 3413 4923 Is.

1841 4991 1968 5045 dum
2024 4962 2211 5042 contra
2268 4979 2500 5050 Gepidas
2553 4973 2866 5046 prazliatur,
2917 4982 3056 5038 equo
3110 4962 3406 5033 cespitante

1844 5089 2052 5152 lapsus,
2079 5077 2255 5132 I‘cmur
2275 5070 2551 5134 contrivit,
2577 5066 2915 5132 Romamque
2946 5073 3218 5123 reversus,
3247 5069 3310 5110 ex
3339 5065 3405 5107 co

1846 5176 2064 5229 vulnere
2090 5168 2341 5232 moritur,
2372 5168 2665 5224 cumesset
2695 5169 2960 5217 annorum
2993 5165 3112 5205 va.

1913 5358 2282 5412 Romanorum
2312 5350 2444 5419 imp.
2480 5361 2631 5410 xxvr,
2662 5340 2854 5397 Decius
2876 5351 2966 5393 an.
2995 5351 3034 5390 ι.

1841 5451 1883 5506 1.
1920 5448 2080 5504 Decio
2106 5445 2316 5499 Caesare
2344 5449 2399 5496 et
2422 5428 2721 5495 Decio'ﬁlio
2749 5431 2865 5499 ejus
2891 5443 3037 5484 coss.

1904 5548 2021 5617 Ipse
2052 5556 2182 5598 vero
2214 5540 2433 5605 Decius,
2471 5538 2600 5594 dum
2639 5533 2865 5590 Francis
2921 5530 3118 5587 bellum
3149 5525 3403 5617 illaturus.

1838 5615 2218 5714 proﬁciscitur,
2243 5635 2311 5690 ab
2340 5649 2450 5688 uno
2473 5648 2540 5687 ex
2570 5628 2882 5700 proceribus
2904 5638 3028 5682 cum
3053 5621 3162 5677 ﬁlio
3192 5615 3393 5679 οοεωὶθ

1841 5745 1928 5800 tur
1953 5730 2172 5804 Abyrti,
2193 5743 2365 5790 annos
2393 5733 2556 5781 natus
2589 5735 2679 5777 1.x.
