3830 6342
199 354 286 410 309
1362 349 1448 408 CH
1457 348 1908 407 RONICORUUM
1947 347 2075 407 LIB.
2117 351 2161 406 I.
2721 355 2731 400 τ

1785 479 1830 536 Α
1858 463 1899 520 I.
1935 465 2082 522 Caro.
2105 474 2167 522 et
2191 465 2389 523 Carino
2419 482 2563 524 coss.

194 473 257 525 A'.
284 467 368 522 ὑπ.
397 468 602 538 Κάρου
634 471 730 522 καὶ
757 471 1011 541 Καρίνου.

694 585 850 652 Σεςι
883 585 1253 639 οΑΥιιιιιΑΣ.

196 693 257 746 B’.
281 692 368 746 ὐπ.
395 693 796 765 Διοκλητιανοῦ
829 696 922 749 καὶ
945 697 1174 750 Βάσσου.

198 785 257 841 Ρ.
283 787 652 860 ὑπ.,Καρίνου
677 791 739 843 τὸ
777 790 822 861 β’
855 793 946 844 καὶ
977 789 1370 861 Νουμεριανοῦ.

253 878 426 950 Κάρος
464 880 822 952 ἐκεραυνώθη
860 884 915 935 ὲν
953 885 1018 953 τῇ
1063 882 1474 953 Μεσοποταμίᾳ.
1522 881 1756 953 Τελευτᾷ

197 972 408 1042 Καρῖνος
444 971 523 1025 ὢν
572 974 715 1027 ἐτῶν
783 974 891 1038 λς’.
917 969 1050 1027 Εἶτα
1093 971 1351 1043 σφάζεται
1393 974 1756 1044 Νουμεριανὸς

196 1063 244 1115 ἐν
259 1063 496 1134 Περίνθῳ
523 1064 629 1135 τῆς
653 1064 876 1137 Θρᾴκης
902 1069 968 1137 τῇ
995 1066 1088 1120 νῦν
1117 1066 1421 1139 καλουμένῃ
1459 1065 1755 1136 Ἡρακλείᾳ

197 1156 283 1208 ὐπὸ
311 1157 520 1228 Ἀπρου
545 1158 812 1230 ἐπάρχου.

263 1333 546 1403 Ῥωμαίων
574 1333 655 1402 λγ¹
681 1333 1023 1388 ἐϐασίλευσεν
1049 1333 1421 1406 Διοκλητιανὸς
1458 1335 1552 1408 ἔτη
1581 1343 1647 1390 κ’.

197 1514 261 1565 Α’.
292 1514 379 1566 ὑπ.
408 1512 798 1584 Διοκλητιανοῦ
825 1515 960 1584 Αύγ.
983 1515 1046 1568 τὸ
1075 1514 1118 1585 β’
1146 1517 1238 1568 καὶ
1261 1515 1684 1587 Ἀριστοϐούλου.

200 1608 259 1660 B’.
293 1609 379 1660 ὑπ.
412 1607 670 1677 Μαξίμου
698 1609 791 1660 καί
832 1607 1126 1662 Ἀκυλίνου.

697 1723 832 1775 ΣΞΖ’
865 1723 1242 1776 ΟΛΥΜΠΙΑΣ.

3312 359 3414 414 510

2313 583 2565 638 (ICLXVI
2595 581 2959 641 OLYMPIAS.

1857 696 1920 754 ll.
1940 696 2274 753 Diocletiano
2299 705 2353 753 et
2388 696 2557 754 Basso
2585 713 2728 752 coss.

1856 789 1943 857 111.
1967 790 2166 846 Carino
2195 807 2233 844 ιι
2253 798 2307 844 et
2329 788 2660 844 Numeriano
2693 804 2838 845 coss.

1926 884 2100 939 Carus
2135 883 2360 937 fulmine
2393 883 2534 940 ictus
2562 889 2645 937 est
2669 883 2724 937 in
2755 883 3160 957 Mesopotamia.
3184 883 3416 940 Carinas

1859 989 2033 1028 annos
2067 985 2228 1029 natus
2280 988 2445 1027 xxxv:
2498 974 2750 1030 moritur.
2807 974 3010 1030 Deinde
3053 973 3416 1030 Numerianus

1856 1065 2120 1130 Perinthi,
2153 1066 2209 1120 in
2243 1064 2488 1120 Thraciae
2529 1066 2768 1132 civitate,
2823 1082 2987 1139 quam
3041 1082 3189 1122 nunc
3247 1064 3417 1121 Hera-

1857 1160 2028 1215 cleam
2060 1170 2277 1225 vocant,
2329 1161 2397 1215 ab
2433 1161 2577 1231 Apro
2623 1160 2877 1231 praefecto
2925 1161 3172 1232 pratorii'
3204 1159 3415 1216 interﬂ-

1857 1250 2020 1305 citur.

1925 1342 2296 1397 Romanorum
2327 1343 2621 1414 imperator
2658 1343 3293 1412 XXXIIIDiocIetianus,
3314 1360 3412 1399 an-

1856 1435 1944 1492 nis
1971 1453 2062 1491 xx.
2283 1484 2285 1486 .

1858 1531 1899 1585 I.
1934 1528 2264 1584 Diocletiano
2289 1527 2534 1600 Augusto
2567 1543 2605 1582 ιι
2645 1536 2698 1582 et
2724 1526 3035 1597 Aristobulo
3059 1543 3204 1584 coss.

1857 1620 1920 1675 ll.
1957 1619 2189 1676 Maximo
2217 1600 2560 1690 et'Aquilino
2583 1633 2728 1674 coss.

2295 1731 2567 1790 CCLXVII
2609 1730 2978 1791 QLYMPIAS.

198 1835 259 1889 Γ.
421 1833 805 1906 Διοκλητιανοῦ
831 1835 1139 1904 Αὐγούστου
1172 1837 1236 1891 τὸ
1268 1837 1319 1907 γ’
1345 1840 1438 1892 καὶ
1478 1839 1749 1910 Μαξιμια-

1869 1847 1942 1904 [ΙΙ.
1980 1849 2317 1905 Diocletiano
2343 1849 2587 1923 Augusto
2613 1865 2674 1905 ιιι
2702 1856 2757 1905 et
2799 1849 3124 1905 Maximiano
3153 1849 3417 1906 Herculeo

260 1926 345 1983 νοῦ
383 1928 696 2000 Ἐρκουλίου
728 1928 1056 1996 Αὐγούστου.

200 2024 231 2073 Α
247 2061 260 2072 .
286 2021 374 2075 ὐπ.
399 2019 750 2091 Μαξιμιανοῦ
788 2021 1096 2092 Ἐρκουλίου
1116 2023 1175 2075 τὸ
1202 2023 1247 2093 β’
1272 2024 1364 2077 καὶ
1404 2025 1750 2096 ’1ανουαρίου.

203 2112 268 2165 5.
297 2110 384 2164 ὐπ.
417 2111 632 2165 Βάσσου
661 2113 758 2164 καὶ
780 2112 1100 2167 Κυντιανοῦ.

199 2205 276 2272 φ.
417 2203 807 2274 Διοκλητιανοῦ
833 2205 1140 2274 Αὐγούστου
1165 2207 1225 2259 τὺ
1248 2208 1289 2260 δ’
1311 2209 1403 2262 καὶ
1417 2208 1752 2282 Μαξιμιανοῦ

269 2295 564 2367 Ἐρκουλίου
597 2295 913 2365 Αὐγούστου
946 2299 1007 2350 τὸ
1028 2304 1095 2366 γ’.

685 2410 829 2464 ΣΞΗ⁰
870 2411 1244 2467 ΟΑΥΜΠΙΑΣ.

203 2526 262 2577 Ζ’.
409 2522 740 2594 Τιϐεριανοῦ
767 2525 859 2578 καὶ
882 2525 1098 2589 Δίωνος.

206 2617 270 2669 II'.
297 2618 382 2671 ὐπ.
423 2615 832 2670 Ἀννιὸαλιανοῦ
859 2619 950 2670 καὶ
990 2618 1452 2691 Ἀσκληπιοδότου.

203 2707 262 2761 0'.
283 2711 368 2762 ὐπ.
395 2708 794 2781 Διοκλητιανοῦ
816 2709 1123 2777 Αὐγούστου
1151 2711 1210 2764 τὸ
1228 2718 1268 2764 ε’
1297 2719 1390 2766 καὶ
1414 2711 1755 2784 Μαξιμιανοῦ

265 2802 571 2873 Ἐρκουλίου
596 2802 916 2870 Αὐγούστου
943 2803 1002 2854 τὸ
1025 2802 1088 2856 δ’.

204 2894 245 2946 1³.
264 2895 347 2947 ὐπ.
369 2893 760 2948 Κωνσταντίου
786 2894 1062 2965 Καίσαρος
1084 2894 1178 2948 καὶ
1199 2894 1538 2967 Μαξιμιανοῦ
1573 2895 1754 2949 Ἰοὸίου

252 2989 533 3060 Καίσαρος.

691 3101 831 3155 ΣΞΘ¹
871 3101 1246 3156 ΟΑΥΜΠΙΑΣ.

205 3219 288 3272 1Α’.
312 3221 400 3273 ὐπ.
435 3219 690 3272 Τούσκου
715 3220 810 3272 καὶ
843 3216 1193 3272 Ἀνουλλίνου.

205 3310 287 3364 IB'.
318 3314 404 3366 ὑπ.
433 3309 827 3383 Διοκλητιανοῦ
859 3309 1165 3378 Αὐγούστου
1186 3309 1248 3362 τδ
1272 3311 1757 3375 ς’-καὶΚωνσταν-

264 3405 362 3457 τίου
393 3407 676 3479 Καίσαρος
700 3403 764 3457 τὸ
788 3403 851 3474 β’.

210 3494 274 3547 Il"
299 3496 383 3549 ἐπ.
411 3495 761 3567 Μαξιμιανοῦ
792 3495 1102 3567 Ἐρκουλίου
1126 3494 1196 3548 τὸ
1221 3501 1261 3547 ε’
1287 3495 1377 3548 καὶ
1417 3495 1758 3568 Μαξιμιανοῦ

287 3588 453 3641 Ἰώίου
481 3587 771 3660 Καίσαρος
793 3587 853 3640 τὸ
881 3586 945 3658 β’.

217 3681 296 3733 LI'.
325 3682 413 3747 ὐπ.
451 3682 687 3734 Ἀνικίου
721 3679 965 3733 Φαύστου
993 3682 1097 3734 καὶ
1109 3679 1347 3754 Σεϐήρου
1374 3680 1594 3734 Γάλλου.

708 3795 806 3848 Σίν
845 3795 1220 3848 ΟΛΥΜΙῙῙΑΣ.

218 3910 300 3965 IE'.
329 3914 415 3968 ὑπ.
443 3909 830 3984 Διοκλητιανοῦ
873 3909 1178 3979 Αὐγούστου
1203 3910 1263 3963 τὸ
1299 3909 1342 3973 ζ’
1363 3910 1456 3964 καὶ
1481 3909 1760 3985 Μαξιμια-

273 4007 352 4060 νοῦ
387 4006 696 4079 Ἐρκουλίου
718 4003 1028 4072 Αὐγούστου
1055 4003 1116 4055 τὸ
1143 4009 1216 4066 ς’.

221 4098 312 4165 νῖν.
340 4101 429 4153 ὑπ.
475 4096 862 4153 Κωνσταντίου
887 4096 1164 4167 Καίσαρος
1203 4095 1264 4148 τὺ
1291 4103 1338 4164 γ’
1367 4095 1460 4148 καὶ
1484 4093 1758 4165 Μαξιμια-

274 4188 352 4242 νοῦ
387 4191 565 4244 ’1ο6ίου
592 4189 655 4242 τὸ
681 4195 754 4258 γ’.

223 4279 298 4331 IZ'.
326 4281 411 4333 ὑπ.
437 4279 691 4334 Τιτιανοῦ
722 4278 818 4332 καὶ
844 4278 1211 4332 Νεπωτιανοῦ.

218 4370 304 4424 III'.
337 4371 424 4424 ὐπ.
454 4369 838 4424 Κωνσταντίου
872 4369 1147 4440 Καίσαρος
1187 4370 1247 4422 τὸ
1284 4370 1324 4422 δ’
1367 4370 1459 4422 καὶ
1486 4369 1760 4440 Μαξιμια-

275 4461 352 4514 νοῦ
375 4461 676 4531 Αὐγούστου
705 4459 986 4532 Καίσαρος
1010 4460 1070 4512 τὸ
1088 4459 1148 4513 δ’.

704 4575 848 4629 ΣΟΑ⁹
876 4573 1248 4627 ΟΑΥΜΙΠΑΣ.

224 4685 304 4740 16'.
330 4689 413 4740 ὑπ.
463 4684 848 4758 Διοχλητιανοῢ
894 4685 1199 4754 Αὐγούστου
1232 4685 1293 4737 τὸ
1342 4692 1388 4756 η’
1437 4685 1530 4738 καὶ
1587 4683 1757 4749 Μαξί-

279 4781 446 4849 μιανοῦ
473 4780 566 4834 τοῦ
598 4777 914 4851 Ἑρκουλίου
938 4778 998 4830 τὸ
1029 4777 1092 4841 ζ’.

223 4873 396 4928 Κ’.ὐπ.
447 4872 834 4946 Διοκλητιανοῦ
888 4871 1196 4940 Αὐγούστου
1241 4871 1302 4923 τὸ
1350 4869 1392 4922 0'
1448 4869 1540 4922 καὶ
1593 4867 1758 4933 Μάξι-

279 4971 448 5038 μιανοῦ
490 4966 803 5041 Ἑρκουλίου
833 4964 894 5017 τὸ
918 4970 987 5034 η’.

231 5060 481 5132 Ῥωμαίων
523 5063 596 5116 λδ¹
657 5059 1006 5114 ἐϐασίλευσεν
1053 5058 1081 5108 6
1111 5056 1382 5119 θειότατος
1435 5055 1526 5106 καὶ
1576 5052 1758 5106 πιστό-

279 5173 420 5220 τατος
449 5155 861 5214 Κωνσταντῖνος
883 5151 909 5202 6
939 5149 1148 5218 Μέγας,
1174 5148 1202 5199 6
1227 5147 1339 5210 υίὸς
1355 5145 1754 5211 Κωνσταντίου,

276 5250 368 5320 πρὸ
387 5257 435 5320 η’
459 5246 759 5306 Καλανδῶν
792 5244 1124 5312 Αὐγούστου,
1155 5240 1247 5312 ἔτη
1282 5239 1382 5301 λα’,
1415 5239 1589 5310 μῆνας
1620 5245 1670 5290 ι’.

222 5341 283 5393 Α’.
322 5344 404 5396 ὐπ.
455 5337 840 5396 Κωνσταντίου
907 5335 1186 5406 Καίσαρος
1243 5333 1302 5386 τὸ
1350 5337 1389 5384 ε’
1445 5331 1534 5384 καὶ
1583 5329 1766 5395 Magis

281 5434 451 5502 μιανού
491 5432 678 5486 Ἰοϐίου
708 5429 774 5481 τὸ
799 5434 860 5480 ε’.

224 5516 281 5576 B‘.
331 5525 412 5578 ὐπ.
464 5519 853 5579 Κωνσταντίου
913 5518 1190 5589 Καίσαρος
1242 5514 1308 5566 τὸ·
1341 5519 1396 5575 ς’
1455 5513 1548 5564 καὶ
1583 5511 1757 5575 Magi.-

282 5616 446 5684 μιανοῦ
487 5616 676 5671 Ἰοείου
703 5613 769 5666 τὸ
788 5617 862 5676 ς’.

683 5727 828 5781 ΣΟΒ¹
869 5721 1245 5778 ΟΛΥΜΠῐΑΣ.

241 5818 297 5872 Ρ.
327 5823 406 5878 ὑπ.
436 5822 665 5880 Φλαϐίου
701 5816 1103 5876 Κωνσταντίνου
1151 5809 1456 5882 Αὐγούστου
1505 5809 1684 5882 μόνου.

1925 1946 2172 2016 Augusto
2201 1960 2345 2002 coss.

1857 2034 1946 2090 IV.
1973 2035 2298 2091 Maximiano
2328 2034 2594 2091 Herculeo
2625 2051 2665 2090 ιι
2695 2041 2750 2090 et
2781 2032 3042 2103 Januario
3064 2047 3209 2089 coss.

1857 2125 1926 2182 ν.
1948 2126 2116 2182 Basso
2138 2134 2192 2181 et
2221 2125 2514 2192 Quintiano
2545 2139 2689 2180 coss.

1857 2217 1944 2274 VI.
1981 2218 2316 2274 Diocletiano
2373 2233 2427 2272 IV
2468 2224 2524 2273 et
2565 2215 2898 2271 Maximiano
2937 2213 3208 2270 Herculeo
3235 2212 3419 2284 Augu-

1928 2320 2016 2367 διο
2047 2328 2110 2368 III
2133 2326 2278 2368 COSS.

2277 2421 2576 2479 CCLXVIII
2618 2420 2984 2478 OLYMPIAS.

1858 2539 1968 2596 VII.
2002 2539 2294 2596 Tiberiano
2325 2548 2381 2596 et
2408 2539 2579 2595 Dione
2605 2553 2749 2594 coss.

1859 2631 1993 2687 VIII.
2027 2631 2426 2686 Hannibaliano
2463 2639 2517 2686 et
2547 2628 2930 2698 Asclepiodoto
2950 2643 3097 2683 coss.

1857 2723 1946 2779 IX.
1980 2723 2315 2778 Diocletiano
2357 2720 2654 2794 Augustov
2683 2711 2748 2777 et.
2772 2721 3101 2775 Maximiano
3153 2714 3422 2773 Herculeo

1928 2816 2172 2886 Augusto
2199 2831 2254 2870 Iv
2285 2830 2430 2871 coss.
2481 2806 2485 2809 ’

1856 2907 1925 2961 Χ.
1956 2907 2315 2962 Constantino
2335 2906 2550 2964 Caesare
2579 2915 2632 2962 et
2661 2905 2988 2961 Maximiano
3016 2903 3172 2960 Jovio
3209 2902 3422 2959 Caesare

1929 3015 2076 3056 COSS.

2316 3113 2567 3170 CCLXIX
2596 3111 2961 3170 OLYMPIAS.

1788 3198 1832 3263 (δ
1865 3230 1952 3286 XI.
1989 3229 2170 3284 Tusco
2199 3236 2254 3284 et
2282 3227 2540 3283 Anullino
2559 3240 2705 3281 coss.

1860 3321 1979 3376 XII.
2009 3321 2345 3376 Diocletiano
2384 3321 2629 3391 Augusto
2671 3335 2724 3374 vr
2770 3325 2822 3373 et
2866 3317 3183 3373 Constantio
3210 3317 3424 3372 Caesare

1888 3446 1893 3452 .
1941 3409 1978 3448 II
2011 3407 2154 3448 COSS.

1859 3485 1994 3541 XIII.
2030 3483 2360 3538 Maximiano
2393 3481 2678 3539 'Herculeo
2720 3498 2754 3536 v
2785 3489 2843 3536 et
2891 3479 3221 3535 Maximiano
3267 3477 3423 3534 Jovio

1941 3576 2154 3634 Caesare
2179 3591 2216 3630 ιι
2241 3591 2387 3630 coss.
2963 3633 2970 3639 ,

1859 3669 1998 3724 XIV.
2029 3668 2220 3724 Anicio
2241 3666 2441 3721 Fausto
2462 3675 2514 3721 et
2545 3666 2746 3721 Severo
2779 3664 2933 3729 Gallo
2959 3679 3104 3720 coss.

2327 3780 2557 3837 CCLXX
2589 3778 2965 3836 OLYMPIAS.

1860 3901 1977 3957 XV.
2038 3899 2376 3955 Diocletiano
2423 3897 2669 3969 Augusto
2713 3912 2788 3951 vn
2839 3904 2892 3952 et
2933 3894 3259 3950 Maximiano
3312 3896 3425 3950 Au-

1931 3999 2094 4065 gusIo
2125 4009 2178 4053 vi
2209 4005 2353 4046 coss.

1859 4085 2000 4142 XVI.
2047 4084 2364 4142 Constantio
2435 4082 2647 4138 Caesare
2679 4096 2738 4136 ιιι
2785 4087 2840 4135 et
2882 4079 3206 4134 Maximiano
3263 4077 3420 4134 Iovio

1939 4198 1998 4236 III
2029 4196 2173 4235 COSS.

1860 4273 2023 4329 XVII.
2061 4271 2280 4326 Titiano
2304 4276 2359 4324 et
2386 4266 2686 4338 Nepotiano
2705 4279 2850 4319 coss.

1860 4363 2045 4420 XVIII.
2078 4360 2397 4418 Constantio
2440 4358 2736 4413 Caesarem
2784 4363 2838 4410 et
2891 4353 3219 4410 Maximiano
3271 4352 3424 4416 Jovio

1931 4457 2142 4514 Caesare
2174 4472 2227 4509 iv
2259 4468 2400 4508 coss.

2310 4561 2562 4618 CCLXXI
2590 4557 2962 4617 OLYMPIAS.

1858 4681 1999 4736 XIX.
2028 4679 2364 4734 Diocletiano
2396 4676 2646 4747 Augusto
2675 4688 2771 4726 VIII
2795 4668 3196 4734 etMaximiano
3226 4666 3425 4723 Hercu-

1930 4777 2014 4829 Ico
2048 4789 2113 4826 vu
2140 4785 2285 4826 coss.

1858 4867 1977 4923 XX.
2004 4866 2344 4921 Diocletiano
2372 4861 2616 4934 Augusto
2637 4875 2696 4918 ix.
2724 4866 2777 4913 et
2803 4855 3128 4912 Maximiano
3159 4851 3426 4908 Herculeo

1929 4972 2022 5012 VIII
2056 4968 2196 5008 COSS.

1931 5051 2302 5106 Romanorum
2338 5045 2469 5114 imp.
2509 5039 2750 5104 XXXIV,
2780 5035 3162 5094 sanctissimus
3197 5043 3250 5090 et
3275 5033 3424 5087 chri-

1860 5142 2228 5198 stianissimus
2245 5135 2634 5192 Constantinus
2657 5132 2905 5201 Magnus,
2929 5127 3233 5186 Constantii
3261 5125 3426 5189 ﬁlius,

1860 5251 1921 5288 cx
1941 5250 1991 5288 a.
2011 5233 2064 5287 d.
2085 5248 2177 5287 vm
2196 5228 2423 5286 Kalend.
2444 5227 2695 5298 Augusti,
2726 5226 2883 5278 annis
2908 5237 3055 5283 xxxn,
3074 5219 3354 5274 mensibus
3371 5233 3424 5271 ι.

1862 5329 1898 5380 1.
1927 5325 2248 5384 Constantio
2279 5322 2493 5379 Caesare
2527 5338 2558 5377 v
2586 5332 2643 5378 et
2673 5317 3000 5371 Maximiano
3035 5312 3190 5367 Iovio
3221 5328 3250 5365 v
3279 5324 3424 5364 coss.

1861 5508 1924 5564 Il.
1973 5504 2298 5565 Constantio
2335 5502 2548 5558 Caesare
2575 5515 2628 5552 v1
2673 5505 2726 5550 et
2788 5494 3116 5549 Maximiano
3163 5488 3318 5544 .Iovio
3372 5500 3424 5541 vt

1932 5613 2077 5654 COSS.

2291 5702 2566 5760 CCLXXII
2619 5695 2988 5755 OLYMPIAS.

1864 5805 1947 5860 III.
1980 5802 2164 5858 Flavio
2194 5797 2554 5856 Constantino
2587 5793 2830 5864 Augusto
2856 5789 2972 5844 solo
2997 5800 3144 5840 coss.
