3830 6312
106 330 202 384 513
1332 329 1618 389 CHBONIC

1820 333 1825 387 i
1865 334 1991 391 LIB.
2033 334 2100 392 II.
3229 348 3332 403 511

123 513 3123 540 ————_—I——_—————-———_———_————__—__

718 690 1563 871 EUSEBII
1667 687 2727 875 PAMPHILI

411 1012 1566 1146 CHRONICORUM
1641 1011 2112 1142 LIBER
2204 1014 3014 1152 SECUNDUS

790 1254 850 1316 S.
889 1250 1380 1315 HIERONYMO
1424 1251 1930 1313 INTERPBETE
1970 1251 2073 1312 ET
2116 1251 2640 1317 AMPLIATORE

1048 1415 1163 1494 :Ad
1194 1415 1448 1479 codices
1480 1413 1818 1476 Vaticanos
1855 1431 2059 1494 nuper
2093 1422 2373 1480 exactus.

239 1723 514 1788 SANCT
512 1723 558 1784 Ι
579 1720 1073 1785 HIERONYMI
1101 1717 1554 1780 PREFATIO
1581 1719 1681 1781 IN
1707 1718 1751 1778 L

1636 1719 1681 1781 γ
1707 1716 2036 1781 LIBRUM
2058 1718 2131 1778 II
2163 1716 2777 1783 CHRONICORUM
2799 1720 3148 1786 EUSEBII

236 1890 588 1947 HIERONYIUS
628 1885 932 1942 Vixcsnrio
953 1900 1024 1942 ET
1059 1883 1297 1940 GALlENO
1335 1899 1448 1941 suns
1483 1899 1747 1941 SALUTEM.

164 2027 209 2080 I.
229 2024 393 2082 Vetus
412 2026 517 2082 iste
548 2025 888 2081 disertorum
912 2042 1031 2082 mos
1058 2025 1180 2090 fuit,
1210 2034 1270 2081 ut
1293 2024 1585 2081 exercendi
1614 2024 1812 2095 ingenii
1843 2038 2007 2079 causa
2027 2023 2244 2078 Graacos
2273 2025 2442 2080 libros
2464 2024 2659 2082 Latino
2681 2041 2932 2084 sermone
2957 2025 3325 2093 absolverem,

110 2126 166 2183 et,
191 2121 325 2190 quod
350 2121 476 2190 plus
507 2121 564 2175 in
602 2136 666 2176 se
703 2119 1031 2178 diﬁicultatis
1069 2122 1249 2186 habet,
1269 2128 1518 2192 poemata
1542 2120 1832 2176 illustrium
1867 2120 2128 2184 virorum,
2162 2121 2346 2175 addita
2376 2122 2534 2176 metri
2567 2123 2912 2189 necessitate,
2942 2122 3324 2180 transferrent.

112 2210 238 2269 Unde
268 2223 320 2269 et
351 2224 546 2271 noster
577 2214 800 2272 Tullius
823 2213 1064 2272 Platonis
1086 2216 1325 2286 integros
1353 2215 1522 2270 libros
1554 2214 1621 2269 ad
1653 2215 1876 2270 verbum
1908 2214 2295 2285 interpretatus
2326 2223 2410 2270 est
2442 2233 2456 2270 :
2490 2223 2544 2272 et
2568 2231 2690 2270 eum
2720 2216 2944 2270 Aratum
2975 2217 3087 2286 jam
3126 2215 3327 2271 Roma-

112 2323 215 2362 num
241 2310 572 2366 hexametris
599 2312 856 2368 versibus
885 2312 1162 2378 edidisset,
1219 2313 1274 2367 in
1311 2311 1686 2382 Xenophontis
1727 2308 2078 2365 (Economico
2109 2311 2238 2366 lusit
2275 2330 2287 2365 :
2333 2311 2388 2364 in
2435 2326 2544 2381 quo
2595 2326 2755 2381 opere
2788 2312 2861 2365 ita
2914 2326 3056 2381 saepe
3100 2326 3330 2366 aureum

113 2395 220 2452 illud
241 2398 434 2455 ﬂumen
463 2400 801 2470 eloquentiae
823 2400 1146 2470 quibusdam
1180 2399 1389 2456 scabris
1421 2410 1475 2454 et
1505 2398 1830 2454 turbulentis
1851 2398 2098 2456 obicibus
2130 2398 2456 2468 retardatur,
2475 2408 2534 2454 ut
2561 2401 2653 2471 qui
2680 2401 3030 2470 interpretata
3055 2403 3325 2470 nesciunt,

114 2488 391 2547 aCicerone
424 2492 576 2546 dicta
609 2507 727 2547 non
747 2491 992 2547 credant.
1025 2489 1247 2548 DilIicile
1272 2500 1356 2548 est
1378 2493 1524 2548 enim
1557 2492 1764 2546 alienas
1789 2492 1960 2547 lineas
1991 2493 2363 2563 insequentem
2387 2510 2496 2548 non
2526 2494 2728 2549 alicubi
2754 2494 3043 2548 excedere:
3069 2495 3323 2560 arduum,

117 2591 163 2637 ut
184 2600 288 2654 qua
315 2585 370 2639 in
417 2585 602 2640 aliena
631 2585 822 2657 lingua
850 2585 1167 2641 benedicta
1201 2593 1349 2652 sunt,
1403 2586 1652 2642 eumdem
1679 2585 1928 2641 decorem
1982 2586 2038 2640 in
2064 2587 2421 2644 translatione
2449 2597 2796 2647 conservent.
2835 2589 3206 2660 Signiﬁcatum
3243 2601 3330 2646 est

117 2680 282 2750 aliquid
329 2680 498 2738 unius
538 2681 702 2737 verbi
734 2681 1094 2751 proprietate;
1124 2695 1236 2736 non
1265 2681 1437 2735 habeo
1463 2695 1644 2736 meum
1674 2697 1782 2750 quo
1813 2680 1868 2734 id
1912 2678 2129 2734 elferam
2156 2697 2172 2747 ;
2221 2688 2274 2737 et
2328 2680 2456 2736 dum
2504 2697 2691 2752 quaaro
2719 2681 2946 2752 implere
2977 2685 3324 2749 sententiam,

119 2772 243 2844 longo
261 2773 458 2830 ambitu
480 2773 587 2828 vix
619 2771 808 2830 brevis
833 2772 933 2827 viae
959 2773 1130 2843 spatia
1158 2788 1496 2828 consummo.
1515 2772 1794 2827 Accedunt
1813 2772 2229 2844 hyperbatorum
2251 2773 2553 2838 anfractus,
2576 2774 3046 2834 dissimilitudines
3075 2794 3326 2847 casuum,

119 2870 308 2924 varietas
340 2870 645 2941 ﬁgurarum
683 2888 699 2924 :
753 2869 933 2939 ipsum
965 2876 1238 2939 postremo
1277 2885 1456 2936 suum,
1488 2879 1561 2934 et,
1616 2877 1676 2922 ut
1707 2869 1782 2923 ita
1813 2868 2012 2936 dicam,
2044 2870 2396 2926 vernaculum
2438 2869 2634 2942 lingua:
2676 2886 2865 2938 genus.
2901 2872 2958 2928 Si
3006 2873 3073 2928 ad
3106 2875 3327 2931 verbum

121 2955 415 3029 interpretor,
441 2961 692 3018 absurde
720 2972 947 3016 resonat
979 2981 993 3015 :
1030 2961 1077 3017 si
1101 2962 1171 3018 ob
1200 2963 1583 3018 netessitatem
1617 2959 1821 3033 aliquid
1859 2961 1916 3016 in
1943 2960 2132 3018 ordine
2150 2961 2235 3018 vel
2274 2962 2330 3017 in
2362 2976 2612 3017 sermone
2642 2971 2943 3031 mutavero,
2971 2966 3038 3020 ab
3065 2966 3330 3038 interpre-

121 3054 173 3107 tis
201 3054 402 3112 videbor
433 3056 621 3110 olIicio
644 3056 965 3114 recessisse.
2547 3061 2554 3068 ’

171 3148 215 3202 9..
241 3147 434 3222 Itaque,
458 3152 539 3205 mi
573 3149 843 3206 Vincenti
873 3151 1216 3215 eharissime,
1238 3159 1292 3206 et
1317 3158 1376 3205 tu
1401 3150 1623 3206 Galiene
1651 3166 1778 3222 pars
1803 3150 1996 3206 anima:
2025 3166 2175 3214 meae,
2195 3150 2444 3217 obsecro,
2478 3161 2537 3206 ut
2568 3151 2831 3224 quidquid
2857 3153 2959 3209 hoc
2987 3156 3329 3211 tumultuarii

126 3247 264 3312 operis
291 3256 387 3313 est,
440 3248 782 3311 amicorum,
812 3262 922 3302 non
952 3246 1198 3317 judicum
1233 3247 1416 3300 animo
1444 3247 1698 3317 relegatis
1733 3267 1745 3302 :
1781 3246 2082 3316 praesertim
2114 3261 2239 3301 eum
2270 3254 2325 3302 et
2367 3247 2616 3312 notario,
2655 3254 2714 3301 ut
2755 3247 2928 3311 scitis,
2984 3249 3327 3307 velocissime

125 3337 412 3406 dictaverim,
444 3347 499 3396 et
535 3340 917 3394 diﬂicultatem
950 3341 1026 3394 rei
1058 3339 1223 3393 etiam
1256 3339 1566 3393 divinorum
1605 3339 1942 3394 voluminum
2002 3339 2364 3393 instrumenta
2414 3345 2704 3404 testentur,
2757 3354 2877 3408 quae
2929 3355 2960 3393 a
3017 3339 3158 3395 LXX
3237 3340 3338 3396 ln-‘

127 3438 401 3506 terpretibus
431 3437 610 3503 edita,
647 3452 763 3492 non
794 3435 1044 3490 eumdem
1073 3449 1322 3505 saporem
1358 3434 1416 3488 in
1466 3432 1655 3488 Graeco
1704 3448 1954 3490 sermone
2010 3432 2345 3489 custodiunt.
2383 3430 2746 3501 Quamobrem
2798 3432 3027 3504 Aquila,
3061 3445 3115 3491 et
3169 3435 3329 3508 Sym-

127 3527 326 3593 machus,
347 3538 398 3586 et
433 3525 1022 3591 Theodotio'ineitati,
1057 3525 1331 3583 diversum
1366 3540 1503 3598 pene
1532 3541 1670 3595 opus
1706 3524 1763 3580 in
1793 3525 1981 3582 eodem
2006 3540 2170 3597 opere
2203 3522 2559 3596 prodiderunt
2593 3542 2607 3578 :
2640 3525 2745 3578 alio
2772 3524 2978 3579 nitente
3006 3527 3229 3580 verbum
3257 3527 3324 3584 de

128 3622 251 3677 verbo
277 3623 604 3694 exprimere,
636 3622 746 3676 alio
774 3635 994 3676 sensum
1026 3620 1206 3690 potius
1242 3619 1416 3688 sequi,
1447 3619 1606 3675 tertio
1642 3633 1749 3672 non
1782 3619 2015 3673 multum
2056 3633 2086 3672 a
2122 3617 2398 3673 veteribus
2439 3615 2768 3688 discrepare.
2805 3615 3006 3682 Quinta
3040 3631 3238 3685 autem,
3269 3633 3326 3680 et

129 3720 261 3777 sexta,
275 3722 321 3767 et
355 3713 590 3785 septima
614 3709 809 3773 editio,
842 3708 1192 3779 licetquibus
1221 3716 1547 3764 censeantur
1584 3709 1921 3774 auctoribus,
1944 3709 2248 3781 ignoretur,
2283 3715 2466 3764 tamen
2510 3709 2584 3763 ita
2615 3709 2946 3780 probabilem
2973 3710 3058 3766 sui
3096 3712 3326 3768 diversi-

129 3813 250 3860 tatem
273 3814 463 3872 tenent,
493 3813 557 3861 ut
601 3804 986 3859 auctoritatem
1021 3805 1140 3859 sine
1172 3803 1485 3859 nominibus
1514 3805 1833 3860 meruerint.
1853 3802 1984 3860 Inde
2016 3805 2152 3860 adeo
2182 3805 2350 3868 venit,
2370 3813 2428 3859 ut
2455 3819 2626 3860 sacrae
2650 3804 2841 3860 litterae
2870 3805 3051 3860 minus
3075 3816 3324 3877 comptae,

130 3904 167 3949 et
181 3897 288 3954 dure
311 3906 566 3955 sonantes
607 3896 929 3963 videantur;
954 3897 1097 3966 quod
1136 3897 1226 3953 isti
1257 3896 1507 3952 homines
1534 3897 1916 3968 interpretatas
1941 3913 2034 3953 eas
2067 3897 2133 3953 de
2164 3896 2389 3953 Hebraeo
2421 3895 2748 3963 nescientes,
2784 3896 2913 3951 dum
2959 3899 3322 3968 superﬁciem,

131 4000 210 4041 non
250 3989 526 4043 medullam
559 3987 892 4058 inspiciunt,
928 3995 1052 4042 ante
1087 3987 1244 4058 quasi
1271 3994 1474 4043 vestem
1512 3987 1778 4043 orationis
1811 3989 2086 4043 sordidam
2117 3989 2561 4058 perhorrescunt,
2603 4005 2763 4060 quam
2809 3991 3093 4059 pulchrum
3125 3993 3325 4050 intrin-

133 4091 250 4137 secus
269 4098 436 4138 rerum
469 4097 682 4153 corpus
715 4079 1018 4135 inveniant.
1048 4079 1290 4150 Denique
1315 4079 1446 4152 quid
1476 4079 1739 4143 Psalterio
1769 4081 2044 4145 eanorius,
2080 4080 2226 4151 quod
2256 4081 2312 4135 in
2346 4097 2552 4138 morem
2600 4083 2773 4138 nostri
2794 4082 3003 4149 Flacci,
3053 4093 3107 4139 et
3151 4083 3318 4142 Graeci

134 4171 320 4243 Pindari,
352 4194 494 4234 nunc
539 4176 735 4232 iambo
768 4173 963 4239 currit,
1012 4190 1158 4230 nunc
1184 4175 1406 4230 Alcaico
1447 4183 1728 4244 personat,
1778 4190 1927 4230 nunc
1959 4174 2231 4246 Sapphico
2281 4183 2472 4240 tumet,
2505 4193 2651 4233 nunc
2677 4178 2951 4247 semipede
2988 4177 3326 4249 ingreditur?

135 4265 237 4331 Quid
257 4269 653 4327 Deuteronomii
679 4277 735 4323 et
767 4264 921 4320 Isaia:
942 4266 1154 4322 cantico
1174 4267 1495 4336 pulchrius?
1524 4265 1666 4333 Quid
1707 4266 1999 4322 Salomone
2036 4266 2295 4338 gravius?
2317 4265 2458 4332 Quid
2491 4268 2786 4338 perfectius
2814 4267 2955 4324 Job?
2980 4269 3109 4336 Quae
3139 4273 3323 4326 omnia

135 4358 400 4418 hexametris
430 4370 486 4417 et
515 4357 889 4432 pentametris
923 4357 1189 4421 versibus,
1217 4364 1276 4411 ut
1301 4357 1572 4428 Iosephus
1603 4365 1658 4413 et
1690 4356 1954 4428 Origenes
2007 4359 2274 4423 scribunt,
2322 4361 2463 4430 apud
2517 4377 2646 4416 suos
2679 4363 2977 4432 composita
3002 4364 3320 4420 decurrunt.

136 4447 226 4506 Haec
250 4468 356 4508 cum
385 4453 571 4510 Gneee
606 4452 868 4522 legimus,
902 4448 1047 4503 aliud
1076 4447 1332 4518 quiddam
1355 4458 1570 4518 sonant,
1602 4463 1727 4503 cum
1761 4448 1970 4515 Latine,
2003 4449 2219 4519 penitus
2245 4465 2355 4505 non
2378 4450 2672 4506 cohaerent.
2707 4451 2863 4518 Quod
2893 4455 2939 4508 si
2979 4454 3066 4508 cui
3100 4469 3209 4508 non
3241 4455 3322 4509 vi-

137 4542 250 4601 detur
269 4549 451 4622 lingua:
481 4549 726 4622 gratiam
779 4545 1230 4615 interpretatione
1255 4545 1478 4609 mutari,
1509 4543 1801 4600 Homerum
1836 4544 1902 4599 ad
1951 4545 2178 4599 verbum
2225 4544 2495 4615 exprimat
2542 4546 2597 4600 in
2630 4545 2904 4601 Latinum.
2933 4545 3063 4604 Plus
3114 4547 3320 4618 aliquid

137 4635 282 4706 dicam,
308 4645 552 4700 eumdem
586 4643 647 4696 in
687 4639 1001 4710 sua‘lingua
1025 4653 1201 4708 prosae
1227 4638 1408 4695 verbis
1441 4640 1851 4710 interpretetur,
1883 4638 2084 4694 videbit
2109 4637 2355 4694 ordinem
2376 4637 2704 4706 ridiculum,
2741 4647 2794 4695 et
2821 4646 3036 4710 poetam
3063 4639 3321 4711 eloquen-

138 4731 348 4792 tissimum
375 4739 465 4792 vix
501 4739 848 4808 loquentem.

186 4828 226 4883 5.
252 4829 502 4896 Quorsum
537 4829 690 4886 ista?
723 4825 987 4881 Videlicet
1020 4835 1077 4879 ut
1106 4841 1214 4880 non
1249 4826 1402 4881 vobis
1455 4827 1653 4880 mirum
1694 4825 1960 4893 videatur,
2009 4825 2056 4890 si
2102 4824 2304 4882 alicubi
2355 4823 2701 4891 oﬁ'endimus,
2740 4825 2785 4881 si
2816 4826 2968 4882 tarda
3001 4827 3176 4882 oratio
3225 4836 3322 4882 aut

143 4928 494 4982 consonantibus
527 4931 853 4995 asperatur,
879 4925 972 4973 aut
1001 4919 1280 4974 vocalibus
1312 4918 1492 4973 hiulca
1525 4918 1608 4973 vel
1638 4917 1812 4973 divisa
1847 4917 1924 4982 ﬁt,
1960 4926 2053 4972 aut
2081 4933 2260 4973 rerum
2304 4917 2546 4989 ipsarum
2592 4918 2856 4972 brevitate
2903 4920 3317 4988 constringitur,

143 5025 228 5069 cum
248 5004 579 5076 eruditissimi
618 5013 876 5069 homines
906 5012 962 5067 in
991 5013 1179 5069 eodem
1207 5029 1371 5082 opere
1400 5012 1733 5078 sudaverint,
1796 5020 1850 5068 et
1873 5012 1940 5067 ad
1962 5027 2302 5068 communem
2335 5011 2732 5077 difﬁcultatem,
2773 5028 2935 5083 quam
2968 5013 3024 5068 in
3048 5016 3197 5070 omni
3235 5016 3321 5070 in-

147 5112 458 5176 terpretatione
481 5108 706 5165 causali
747 5120 960 5171 sumus,
994 5104 1100 5161 hoc
1125 5105 1282 5161 nobis
1306 5106 1584 5174 proprium
1620 5106 1873 5169 accedat,
1910 5103 2053 5175 quod
2087 5103 2318 5159 historia
2366 5103 2648 5173 multiplex
2685 5112 2800 5172 est,
2851 5105 3057 5162 habens
3088 5108 3319 5164 barbara

146 5203 322 5272 nomina,
343 5221 427 5262 res
455 5201 781 5274 incognitas
798 5198 1026 5265 Latinis,
1059 5213 1315 5254 numeros
1340 5198 1763 5262 inextricabiles,
1791 5197 2032 5268 virgulas
2063 5195 2226 5251 rebus
2255 5196 2462 5266 pariter
2503 5212 2567 5250 ac
2596 5199 2842 5254 numeris
2883 5200 3221 5267 intertextas,
3256 5211 3318 5259 ut

147 5303 242 5354 liene
262 5294 507 5353 diliicilius
535 5297 611 5352 sit
659 5291 878 5364 legendi
906 5291 1152 5348 ordinem
1182 5291 1394 5346 discere
1436 5305 1599 5360 quam
1631 5290 1699 5344 ad
1748 5289 1999 5345 lectionis
2032 5288 2279 5344 notitiam
2312 5288 2615 5358 pervenire.
2676 5288 2744 5343 Ut
2791 5298 2971 5346 autem
3025 5293 3317 5350 manifesto

148 5395 430 5454 cognoscatur
451 5389 687 5453 indicio,
713 5385 785 5440 ad
819 5399 980 5455 quem
1000 5398 1286 5439 numerum
1306 5383 1533 5438 historia
1567 5397 1794 5453 quaeque
1826 5381 2109 5450 pertineat,
2151 5380 2249 5434 bas
2283 5380 2656 5436 distinctiones
2682 5382 2888 5450 positas
2923 5382 3092 5437 lector
3123 5385 3317 5440 adver-

152 5480 215 5537 tat,
237 5488 282 5532 ut
305 5484 345 5536 si
370 5484 431 5537 ad
459 5484 710 5554 primum
747 5490 1033 5532 numerum
1054 5474 1204 5547 regni
1238 5473 1491 5544 primitus
1515 5477 1720 5530 enotati
1741 5473 1966 5531 historia
1992 5471 2274 5527 referenda
2301 5480 2406 5537 est,
2442 5473 2670 5543 primam
2700 5473 2934 5528 litteram
2961 5476 3017 5530 in
3057 5478 3318 5549 explana-

151 5562 252 5622 tione
277 5571 490 5629 bistoria:
520 5569 932 5640 contempletur
965 5586 980 5622 :
1005 5578 1059 5623 et
1087 5565 1354 5636 siquidem
1383 5580 1504 5620 eam
1523 5581 1590 5620 ex
1621 5566 1790 5621 minio
1835 5565 2049 5629 viderit,
2076 5564 2152 5618 illi
2185 5565 2416 5634 tempori
2458 5563 2832 5636 applicandam
2864 5567 2948 5620 vel
2979 5583 3122 5624 anno
3154 5570 3316 5634 sciat,

154 5665 264 5720 quem
284 5665 592 5735 suggesserit
616 5676 891 5718 numerus
918 5659 1164 5716 similiter
1201 5660 1388 5714 eodem
1410 5659 1580 5716 minio
1610 5659 1892 5732 ﬁguratus.
1925 5658 1983 5712 Si
2022 5673 2150 5714 vero
2175 5675 2458 5714 numerum
2506 5673 2613 5713 non
2645 5672 2784 5728 puro
2806 5658 2994 5725 minio,
3025 5661 3121 5716 sed
3151 5663 3316 5718 misto

155 5744 264 5822 nigro
287 5763 508 5825 notatum
541 5767 672 5815 esse
699 5753 1018 5827 perviderit,
1052 5753 1304 5810 secunda:
1327 5752 1481 5826 linea:
1506 5767 1731 5809 numero
1761 5751 1985 5808 debetur
2010 5751 2256 5807 historia.
2275 5753 2330 5807 δί
2355 5758 2533 5807 autem
2565 5749 2726 5806 tertio
2754 5765 3104 5807 numerorum
3133 5750 3316 5808 ordini
