3830 6314
474 315 582 372 537

547 426 635 483 15.
670 426 981 482 Antoninus
1032 423 1160 479 Pius
1205 439 1329 479 cum
1363 421 1490 476 filiis
1522 418 1742 473 Aurelio
1792 424 1847 473 et
1887 415 2056 471 Lucio
2085 429 2125 487 Α
2157 437 2163 446 ·

474 519 632 573 annis
658 532 793 583 xxii,
818 516 1097 572 mensibus
1134 531 1214 569 ιιι.

547 610 635 665 14.
668 608 737 663 M.
774 608 1106 671 Antoninus,
1143 605 1236 677 qui
1274 611 1329 658 et
1379 599 1585 666 Verus,
1608 607 1667 657 et
1709 598 1770 654 L.
1796 598 2050 654 Aurelius

477 702 808 760 Commodus
839 701 998 755 annis
1018 715 1128 762 xix.
1166 710 1355 752 mense
1382 711 1421 749 ι.

546 796 634 851 15.
664 794 997 850 Commodus
1029 791 1186 846 armis
1208 803 1329 844 xm;

546 885 635 941 16.
668 884 891 940 Helvius
937 881 1195 935 Pertinax
1223 878 1506 934 mensibus
1533 894 1609 933 vr.

545 976 633 1030 17.
663 974 897 1030 Severus
931 973 1090 1026 annis
1120 986 1277 1028 xviii.

546 1066 633 1122 18.
660 1065 968 1121 Antoninus
998 1062 1279 1117 Caracalla
1309 1062 1476 1117 annis
1502 1077 1600 1116 vu.

544 1158 633 1213 19.
677 1157 951 1212 Macrinus
974 1170 1118 1211 anno
1148 1169 1188 1208 ι.

541 1248 633 1302 20.
664 1246 735 1302 M.
765 1245 1022 1302 Aurelius
1047 1244 1365 1300 Antoninus
1397 1259 1487 1300 an.
1528 1260 1601 1299 iv.

538 1339 604 1392 21
646 1334 964 1391 'Alexander
992 1333 1288 1390 Mammaaa:
1334 1334 1479 1389 illius
1505 1333 1664 1388 annis
1696 1347 1843 1387 xm...

541 1426 632 1483 22.
666 1426 1001 1482 Maximinus
1023 1426 1183 1480 annis
1210 1441 1291 1480 ιιι.

540 1520 635 1576 25.
663 1519 975 1574 Gordianus
997 1516 1156 1572 annis
1185 1531 1266 1572 vt.

544 1612 639 1666 24.
673 1608 962 1681 Philippus
989 1608 1149 1664 annis
1174 1624 1273 1664 vn.

542 1702 635 1757 25.
662 1702 857 1758 Decius
892 1715 1038 1755 anno
1062 1715 1103 1765 ι,
1139 1698 1424 1754 mensibus
1454 1712 1543 1752 ηιξ

542 1793 634 1849 26.
668 1792 857 1847 Gallus
890 1799 945 1847 et
983 1790 1323 1846 Volusianus
1346 1789 1505 1843 annis
1535 1803 1595 1841 ιι.

544 1883 636 1938 27.
675 1881 1000 1938 Valerianus
1031 1888 1086 1937 et
1118 1880 1400 1937 Gallienus
1430 1893 1521 1933 an.
1555 1894 1645 1933 xv.

542 1971 637 2026 28.
660 1970 924 2027 Claudius
947 1985 1090 2026 anno
1122 1987 1161 2035 ι,
1189 1970 1468 2027 mensibus
1503 1984 1579 2023 ix.

542 2061 635 2118 29.
662 2062 991 2119 Aurelianus
1022 2060 1180 2118 annis
1220 2078 1275 2125 v,
1310 2075 1485 2116 mens.
1519 2074 1596 2114 γι.

542 2154 631 2210 30.
669 2152 895 2210 Tacitus
928 2154 1209 2210 mensibus
1234 2169 1308 2207 νι.

547 2247 636 2301 51.
671 2246 883 2303 Probus
914 2247 1077 2302 annis
1100 2263 1176 2314 Vl,
1204 2244 1437 2302 mensib.
1470 2260 1544 2299 ιν.

544 2336 637 2392 52.
674 2337 851 2395 Carus
907 2354 1032 2394 cum
1099 2337 1226 2393 ﬁliis
1256 2336 1455 2392 Carino
1494 2342 1557 2391 et
1595 2333 2079 2391 Numerianoranv-

546 2521 638 2577 33.
676 2520 1050 2577 Diocletianus
1083 2520 1241 2576 annis
1276 2536 1366 2574 xxI.

539 2612 629 2669 31.
660 2612 911 2668 Galerius
929 2613 1091 2669 annis
1108 2628 1170 2667 ιι.

544 2704 633 2760 35.
657 2704 1057 2761 Constantinus
1082 2719 1174 2759 an.
1206 2720 1337 2772 xxx,
1366 2720 1511 2762 men.
1539 2723 1592 2763 x.

1155 302 1423 362 EUSEBII
1464 296 1938 359 CESARIENSIS
1970 295 2121 353 OPP.
2164 293 2347 350 PARS
2388 293 2427 350 Ι.
2470 324 2537 333 -
2578 288 2968 346 HISTORICA.

3613 284 3702 340 548

2242 413 2555 474 Ἀντωνῖνος
2582 410 2611 463 ὁ
2648 407 2965 478 ἐπικληθεὶς
2998 404 3240 476 Εὐσεϐὴς
3282 404 3379 458 σὺν
3411 403 3519 464 τοῖς
3547 402 3687 455 παισὶ

2151 504 2409 577 Αὑρηλίῳ
2445 501 2538 556 καὶ
2561 499 2775 570 Λουκιῳ
2808 498 2904 568 ἔτη
2934 502 3039 565 κγ.

2224 598 2451 669 Μάρκος
2491 596 2803 669 ’Δντωνῖνος
2834 593 2863 646 ὁ
2899 592 2993 644 καὶ
3023 588 3252 659 Οὺῆρος,
3285 585 3510 648 Λούκιος
3534 601 3589 637 τε
3617 583 3707 637 Ad-

2161 666 2343 758 ρήλιος
2386 687 2415 740 ὁ
2448 685 2540 739 καὶ
2573 666 2818 755 Κόμοόος
2852 679 2946 750 ἔτη
2976 678 3060 732 ιϐ’.

2225 780 2305 834 K6
2312 779 2468 850 μοδος
2495 776 2590 847 ἔτη
2622 780 2707 844 ιγ’.

2238 869 2477 933 Ἐλούῖος
2511 865 2781 938 Περτίναξ
2818 864 2990 935 μῆνας
3022 868 3092 927 ς’.

2229 961 2368 1033 Σεὸἧ
2378 978 2467 1033 ρος
2498 960 2591 1030 ἐτη
2618 977 2672 1031 ιη
2695 997 2708 1010 .

2243 1055 2560 1116 Ἀντωνῖνος
2585 1054 2615 1104 ὁ
2644 1048 2955 1119 ἐπικληθεὶς
2989 1044 3344 1117 Καράκαλλος
3378 1042 3474 1115 ἔτη
3501 1042 3565 1107 ζ’.

2224 1147 2505 1217 Μακρῖνος
2528 1143 2645 1207 ἔτος
2674 1150 2741 1195 α’.

2243 1239 2557 1302 Ἀντωνῖνος
2581 1236 2846 1308 Αὐρήλιος
2875 1234 2965 1304 ἔτη
2998 1231 3059 1286 δ’.

2245 1326 2594 1399 ’Δλέξανδρος
2627 1328 2656 1379 ὁ
2688 1325 2994 1396 Μαμμαίας
3022 1321 3135 1384 υἱὸς
3167 1320 3260 1391 ἐτη
3289 1324 3377 1387 ιγ’.

2227 1419 2531 1489 Μαξιμῖνος
2558 1417 2649 1488 ἔτη
2672 1424 2740 1485 γ’.

2229 1510 2515 1582 Γορδιανὸς
2542 1508 2634 1580 ἐτη
2668 1514 2721 1573 ς’
2729 1550 2740 1563 .

2224 1601 2488 1664 Φίλιππος
2513 1599 2606 1669 ἐτη
2633 1598 2699 1663 ζ’.

2228 1695 2417 1757 Δέκιος
2450 1694 2545 1764 ἔτη
2567 1692 2642 1763 β’.

2084 1792 2137 1852 Β
2228 1788 2431 1850 Γάλλος
2464 1787 2559 1840 καὶ
2588 1783 2937 1847 Βολουσιανὺς
2962 1782 3057 1853 ἐτη
3086 1780 3165 1853 β’.

2231 1876 2596 1947 Οὐαλεριανὸς
2620 1876 2714 1928 καὶ
2742 1871 3029 1945 Γαλλιηνὸς
3059 1871 3151 1943 ἐτη
3186 1877 3265 1925 ιε’.
3284 1910 3300 1917 -

2231 1966 2497 2030 Κλαύδιος
2522 1966 2643 2029 ἔτος
2675 1971 2744 2019 α’.

2230 2059 2563 2132 Αὑρηλιανὸς
2593 2057 2689 2129 ἐτη
2717 2065 2787 2123 ς’.

2233 2153 2467 2217 Τάκιτος
2502 2152 2677 2223 μῆνας
2706 2157 2783 2215 ς’.

2230 2244 2441 2317 Πρόόος
2475 2244 2569 2313 ἐτη
2604 2250 2678 2309 ς’,
2716 2241 2891 2314 μῆνας
2922 2242 2984 2293 δ’.

2227 2336 2413 2409 Κάρος
2465 2337 2561 2389 σὺν
2607 2337 2718 2399 τοῖς
2763 2334 2922 2387 παισὶ
2972 2330 3193 2405 Καρινῳ
3235 2332 3330 2386 καὶ
3376 2327 3725 2403 Νουμεριανῷ

2161 2429 2254 2503 ετη
2291 2421 2363 2493 βο.

2232 2520 2615 2592 Διοκλητιανὸς
2642 2518 2736 2591 ἔτη
2765 2527 2834 2573 κ’.

2230 2613 2369 2666 Γαλέ
2379 2629 2490 2686 ριος
2521 2610 2616 2683 ἐτη
2655 2610 2719 2681 β’.

2229 2701 2640 2766 Κωνσταντινος
2683 2701 2777 2772 ἐτη
2812 2700 2877 2768 λ’,
2916 2698 3180 2771 μῆνας-ι’.”

1435 2824 1882 2883 ROMANORUM
1921 2824 2427 2882 IMPERATORUM
2466 2810 2767 2881 MOBTES.

513 2921 707 3001 {Caius
740 2939 925 2996 Caesar
953 2940 1178 2997 occisus
1208 2947 1293 2996 est
1326 2941 1382 2995 in
1418 2942 1626 3012 palatio
1661 2942 1758 3012 (l).

543 3031 827 3102 Augustus
856 3039 1107 3087 mortuus
1137 3040 1222 3087 est
1248 3030 1398 3087 Nola:
1425 3033 1525 3103 (2).

543 3121 799 3179 Tiberius
826 3131 1073 3180 mortuus
1098 3132 1182 3180 est
1225 3123 1417 3179 Miseni
1453 3124 1531 3196 (5)

544 3211 713 3270 Caius
748 3214 996 3286 Caligula
1026 3215 1365 3291 interfectus
1392 3224 1477 3274 est
1500 3218 1556 3271 in
1611 3216 1833 3288 palatio.

545 3304 703 3362 Titus
732 3306 997 3364 Claudius
1028 3308 1110 3381 (4)
1165 3318 1419 3366 mortuus
1452 3318 1538 3366 est
1567 3309 1624 3364 in
1653 3309 1869 3379 palatio

543 3395 688 3453 Nero
716 3397 854 3470 fugit
885 3415 1052 3472 seque
1082 3402 1269 3470 vivum
1294 3403 1566 3475 sepelivit.

545 3487 714 3545 Galba
744 3492 964 3548 occisus
985 3500 1069 3549 est
1099 3493 1307 3549 Romae.

548 3579 692 3637 0.ho
726 3596 783 3637 se
815 3582 993 3653 ipsum
1028 3584 1326 3640 interemit.

549 3672 805 3730 Vitellius
834 3676 1055 3732 occisus
1097 3684 1181 3731 est
1211 3678 1265 3731 in
1294 3677 1519 3746 palatio.

546 3761 919 3833 Vespasianus
947 3765 1082 3819 obiit
1117 3768 1171 3820 in
1199 3768 1373 3822 hortis
1407 3768 1803 3822 Sallustianis.‘

548 3853 705 3910 Titus
732 3855 867 3909 obiit
895 3855 950 3909 in
978 3857 1203 3926 palatio.

549 3944 895 4002 Domitianus
935 3946 1156 4002 occisus
1179 3956 1286 4004 est.

551 4035 725 4091 Nerva
750 4037 887 4093 obiit
924 4038 981 4092 in
1005 4038 1181 4095 hortis
1215 4040 1590 4096 Sallustianis.

550 4126 818 4197 Traianus
847 4129 982 4183 obiit
1022 4131 1304 4186 Selinunte
1344 4132 1449 4203 (5).

548 4219 823 4276 Adrianus
851 4221 988 4276 obiit
1018 4222 1262 4295 hydrope
1304 4222 1669 4295 dysenterico.‘

558 4310 872 4368 Antoninus
922 4311 1050 4369 Pius
1084 4314 1221 4369 obiit
1253 4314 1425 4370 Lorii.

558 4401 726 4460 Verus
751 4404 903 4459 'obiit
934 4404 1125 4461 Altini.

557 4559 632 4628 (l)
678 4557 863 4615 Codex
906 4560 1065 4615 .Arm.
1102 4561 1363 4616 mendose
1407 4560 1584 4615 Nolw.
1624 4559 1968 4631 ScripsimuS'
2007 4563 2059 4616 in

483 4631 709 4699 palatio,
744 4631 824 4702 ut_i
866 4633 1086 4702 eratin
1124 4641 1384 4701 sequente
1402 4647 1618 4702 Aversu.
1641 4646 1953 4702 quanquam
1993 4632 2057 4689 C.

479 4702 666 4755 Caesar
696 4702 751 4754 in
787 4699 1031 4769 Pompeii
1063 4699 1214 4755 curia
1249 4699 1568 4756 interfectus
1600 4699 1721 4755 fuit.

551 4770 628 4839 (2)
662 4769 842 4824 Codex
879 4773 1033 4825 Arm.
1077 4773 1338 4826 mendose
1388 4771 1441 4823 in
1482 4772 1702 4839 palatio.
1757 4769 1922 4828 Vides
1973 4773 2057 4827 ni-

482 4840 1033 4909 niirumgperversum
1062 4841 1331 4909 ordinem.

555 4908 655 4983 (3)
684 4907 889 4983 Deinde
944 4908 1063 4963 Caii
1108 4908 1366 4983 Caligula?
1409 4925 1559 4966 mors
1598 4912 2050 4983 prmtermittitur.

487 4976 874 5048 Supplevimns
905 4989 1083 5048 autem
1117 4995 1181 5031 ex
1208 4976 1333 5034 eod.
1373 4989 1481 5034 vat'.

554 5046 629 5117 (4)
661 5046 1112 5117 Scribe_’l’iberius
1146 5048 1423 5104 Claudius.

486 5185 499 5196 θ
555 5114 631 5187 (5⁷)
664 5117 819 5196 Apud
834 5114 1132 5196 Eusebium
1177 5118 1285 5196 dici
1317 5120 1894 5196 mortn_u_m._Selinunte
1919 5121 2053 5177 Tra-

479 5186 879 5259 janum,__testis
917 5193 1002 5259 est
1037 5186 1322 5259 Syncellus
1355 5206 1407 5259 p.
1439 5190 1571 5244 548.
1602 5190 1667 5246 A.

557 5256 633 5326 (6)
680 5255 913 5332 Videtur:
940 5255 1246 5332 dicendum
1290 5255 1673 5332 strangulatus
1700 5270 1815 5332 est;
1854 5278 2049 5332 quam-
2152 5270 2189 5325 b

484 5324 740 5450 gnatum
784 5324 914 5407 illud
960 5325 1194 5382 fortasse
1224 5326 1351 5382 ferri
1400 5324 1599 5398 putest.
1635 5330 1768 5386 Vide
1800 5324 2049 5403 Lampri—

523 5411 633 5449 tum
667 5412 719 5449 In
766 5392 1073 5448 Commodo.

523 5397 633 5449 ium
666 5398 719 5449 in
766 5392 1073 5448 Commodo.

554 5464 634 5536 (7)
667 5464 722 5519 ln
753 5466 1045 5536 canonead
1074 5482 1164 5521 an.
1196 5465 1360 5521 2208.
1385 5467 1586 5522 dicitur
1631 5470 1685 5522 in
1705 5470 1908 5536 palatio
1953 5470 2047 5524 Ve-

484 5535 722 5609 s_tiliani_._
767 5534 924 5609 Apud
954 5535 1183 5609 Petrum
1233 5534 1749 5609 Dlesensemrepist.
1805 5539 1938 5597 207,
1991 5541 2045 5594 in

483 5605 640 5678 domo
675 5604 915 5678 Yescali.)
941 5607 1188 5678 Catalog.
1238 5606 1400 5662 Vind.
1432 5610 1488 5662 in
1534 5604 1689 5663 domo
1737 5609 2040 5664 Victiliana.

551 5674 628 5744 (8)
672 5676 743 5730 De
768 5677 1027 5731 vocabulo
1044 5674 1367 5733 Armenian
1389 5694 1537 5733 mssa
1564 5678 1804 5734 diximus
1827 5679 2045 5734 col.2t0

483 5745 614 5801 nJ.
646 5745 987 5818 Caeteroquin
1024 5749 1165 5806 idem
1210 5749 1536 5806 vocabulum
1581 5750 1849 5823 signiﬁcat
1877 5752 2040 5806 etiam

2227 2938 2448 2995 Marcus
2476 2938 2788 2993 Antoninus
2814 2935 2952 2992 obiit
2986 2936 3041 2990 in
3069 2935 3377 2991 Pannonia.

2225 3029 2563 3086 Commodus
2602 3028 2850 3099 sepultus
2887 3034 2973 3083 est
3012 3026 3089 3098 (6)
3120 3026 3178 3081 in
3197 3023 3404 3082 Vitellii
3437 3024 3601 3080 domo
3627 3023 3722 3095 (Ἰ).

2084 3106 2127 3165 C
2233 3121 2492 3178 Pertinax
2521 3120 2740 3176 occisus
2773 3126 2858 3176 est
2891 3119 2947 3173 in
2977 3119 3201 3190 palatio.

2230 3210 2483 3268 Julianus
2513 3212 2730 3268 occisus
2761 3217 2846 3266 est
2871 3210 2927 3264 in
2951 3209 3178 3264 Palatio.

2233 3304 2467 3361 Severus
2490 3311 2739 3360 mortuus
2771 3310 2859 3358 est
2889 3300 3141 3357 Eboraci.

2230 3398 2541 3452 Antoninus
2598 3396 2897 3452 Bassianus
2930 3394 3006 3465 (8)
3042 3394 3186 3449 inter
3231 3391 3433 3449 Carras
3472 3401 3526 3448 et
3568 3391 3731 3447 Edes-

2163 3504 2281 3544 sam
2322 3486 2673 3559 (interfectus
2699 3487 2827 3557 est).

2230 3580 2507 3634 Macrinus
2529 3580 2745 3635 occisus
2780 3585 2866 3634 est
2894 3579 2948 3632 in
2990 3592 3115 3633 arce
3148 3576 3313 3632 Laida
3343 3576 3442 3648 (9).
3479 3575 3620 3647 (10).

2230 3675 2544 3729 Antoninus
2583 3672 2967 3744 Heliogabalus
3002 3670 3324 3727 interfectus
3362 3668 3682 3725 estRomaa.

2238 3768 2550 3825 Alexander
2578 3767 2795 3823 occisus
2826 3776 2910 3821 est
2938 3763 3262 3836 Moguntiaci
3295 3764 3433 3835 (11).¹

2232 3860 2562 3915 Maximinus
2587 3860 2802 3914 occisus
2830 3857 3226 3927 est‘Aquileize.

2230 3952 2540 4009 Gordianus
2574 3967 2634 4007 se
2664 3951 2841 4021 ipsum
2876 3949 3167 4005 suil'ocavit
3196 3949 3251 4003 in
3286 3947 3499 4003 Africa.

2230 4044 2507 4115 Pupienus
2526 4050 2581 4097 et
2612 4041 2875 4096 Balbinus
2917 4041 3091 4096 occisi
3117 4050 3241 4095 sunt
3274 4038 3454 4096 Romae
3486 4039 3627 4112 (l2).-

2230 4134 2539 4189 Gordianus
2568 4133 2804 4188 excessit
2836 4130 2891 4184 in
2924 4130 3127 4186 ﬁnibus
3155 4130 3411 4187 Parthiae.

2231 4225 2351 4281 Duo
2368 4224 2625 4296 Philippi.
2668 4222 2863 4281 Senior
2891 4224 3112 4278 occisus
3150 4232 3234 4278 est
3258 4221 3511 4288 Veronae,
3549 4223 3730 4293 iunior

2158 4319 2345 4374 Romae
2371 4320 2426 4373 in
2455 4320 2653 4374 castris
2685 4317 2974 4389 praetoriis.

2237 4413 2431 4468 Decius
2470 4411 2687 4465 occisus
2712 4418 2795 4466 est
2818 4410 2871 4464 in
2906 4408 3162 4480 praetorio
3185 4405 3432 4477 Abrypti.

2165 4568 2514 4622 maculosum.
2570 4562 2776 4619 Revera
2831 4563 3173 4619 Commodus
3194 4567 3343 4615 certe
3374 4558 3580 4614 dicitur
3614 4575 3727 4613 ηια-

2164 4638 2376 4691 culosus
2418 4636 2485 4690 ab
2504 4635 2751 4689 Ausonio
2779 4635 2833 4688 in
2863 4631 3187 4690 Cwsaribus.

2233 4708 2308 4779 (9)
2336 4708 2415 4779 Ita
2450 4705 2573 4761 cod.
2599 4702 3075 4779 Vindobonensis_._
3097 4715 3275 4779 neque
3299 4698 3731 4779 ablu_di_t_Arm_e-

2159 4768 2310 4832 nius.
2356 4774 2568 4845 Reapse
2614 4775 2907 4844 quominus
2948 4768 3200 4845 scribam'
3238 4768 3577 4845 Arctlielaide.
3632 4770 3732 4845 ob—

2159 4856 2267 4902 stat
2291 4839 2648 4916 Capitolinus
2666 4845 2980 4916 quinarrat
3012 4841 3310 4916 Macrinum
3343 4841 3642 4916 'occisnﬁm‘
3672 4839 3726 4891 in

2156 4919 2279 4973 vico
2303 4908 2539 4989 quodam
2572 4908 2873 4989 Bithyniae;
2908 4913 3192 4967 Archelais
3227 4917 3409 4964 autem
3445 4910 3513 4964 ad
3544 4908 3729 4977 Bithy-

2155 4990 2303 5043 niam
2324 4987 2447 5042 ‘non
2473 4987 2731 5056 pertinet.

2225 5060 2337 5128 (10)
2365 5046 2585 5112 Graecus
2616 5063 2801 5128 textus
2822 5052 2935 5109 fere
2964 5050 3317 5107 invenitur'in
3343 5048 3401 5103 S.
3427 5046 3724 5119 Nicephori

2159 5125 2398 5200 Ep'itoine
2422 5125 2886 5200 chronpgraphica.

2225 5198 2336 5269 (11)
2377 5196 2453 5251 lta
2484 5205 2538 5253 et
2568 5186 2851 5269 Sincellus
2884 5209 2937 5263 p.
2962 5189 3090 5265 559,
3124 5189 3188 5243 A.
3223 5187 3407 5243 Codex
3437 5187 3591 5243 Arm.
3623 5186 3727 5239 ha-

2191 5280 2241 5325 Εἰ
2269 5280 2320 5323 Μ
2331 5285 2457 5325 οαεη
2465 5284 2543 5321 σοι
2553 5308 2568 5322 .

2224 5285 2568 5338 tmogenaci.

2222 5340 2334 5410 (12)
2367 5338 2592 5410 Codicis
2617 5336 2767 5391 Arm.
2808 5333 3004 5410 pagina
3049 5332 3128 5385 sic
3156 5328 3361 5410 desinit
3402 5344 3464 5382 oc
3531 5371 3576 5410 Ἀ
3612 5365 3627 5380 .
3706 5364 3723 5378 .

2149 5396 2380 5481 abiup'ta
2437 5408 2646 5477 reliqua
2695 5396 3143 5481 vocabuli'pa‘rte.
3176 5400 3509 5481 Umerorum
3536 5396 3725 5480 Czesa-

2149 5495 2269 5534 rum
2290 5468 2509 5534 'mortes
2536 5468 2603 5533 ex
2632 5476 2887 5545 catalogo
2910 5468 3725 5545 Viiidobonensisumpgjmus!

2150 5551 2241 5619 qui
2298 5559 2382 5605 est
2434 5548 2577 5617 apud
2632 5536 3375 5619 Roncal'ium_in_CI¢rgnicis
3410 5536 3587 5619 n‘fX,
3627 5539 3721 5606 qui

2150 5611 2283 5675 sane
2309 5611 2592 5688 catalogus
2628 5632 2754 5688 cum
2773 5612 3081 5688 Armeniaci
3115 5611 3323 5667 codicis
3344 5617 3500 5682 parte
3527 5624 3693 5679 super

2151 5691 2278 5744 stite
2310 5685 2591 5759 conspirat
2622 5689 2673 5743 in
2706 5685 2972 5757 plurimis.
