  <div class='ocr_page' id='page_1' title='image "/cluster/home/n/w/nwhite01/storage/ocr_20150623/19/hvd.32044011362951/242.png"; bbox 0 0 3804 6302; ppageno 0'>
   <div class='ocr_carea' id='block_1_1' title="bbox 140 325 1664 402">
    <p class='ocr_par' dir='ltr' id='par_1_1' title="bbox 140 325 1664 402">
     <span class='ocr_line' id='line_1_1' title="bbox 140 325 1664 402; baseline 0.002 -22"><span class='ocrx_word' id='word_1_1' title='bbox 140 326 221 384; x_wconf 71' lang='grc' dir='ltr'><strong>ιω</strong></span> <span class='ocrx_word' id='word_1_2' title='bbox 483 391 492 402; x_wconf 35' lang='grc' dir='ltr'>ι</span> <span class='ocrx_word' id='word_1_3' title='bbox 952 351 960 359; x_wconf 90' lang='grc'><strong>-</strong></span> <span class='ocrx_word' id='word_1_4' title='bbox 1351 325 1664 384; x_wconf 69' lang='lat' dir='ltr'><strong>annorum</strong></span> 
     </span>
    </p>
   </div>
   <div class='ocr_carea' id='block_1_2' title="bbox 1775 325 3349 402">
    <p class='ocr_par' dir='ltr' id='par_1_2' title="bbox 1775 325 3349 383">
     <span class='ocr_line' id='line_1_2' title="bbox 1775 325 3349 383; baseline -0.001 -2"><span class='ocrx_word' id='word_1_5' title='bbox 1775 327 1840 382; x_wconf 80' lang='grc' dir='ltr'><strong>ΙΜ</strong></span> <span class='ocrx_word' id='word_1_6' title='bbox 1874 327 2001 383; x_wconf 88' lang='lat' dir='ltr'><strong>LIB.</strong></span> <span class='ocrx_word' id='word_1_7' title='bbox 2032 325 2098 382; x_wconf 86' lang='lat' dir='ltr'><strong>ll.</strong></span> <span class='ocrx_word' id='word_1_8' title='bbox 3251 326 3349 381; x_wconf 75' lang='lat'><strong>670</strong></span> 
     </span>
    </p>
   </div>
   <div class='ocr_carea' id='block_1_3' title="bbox 154 480 3326 512">
    <p class='ocr_par' dir='ltr' id='par_1_3' title="bbox 154 480 3326 512">
     <span class='ocr_line' id='line_1_3' title="bbox 154 480 3326 512; baseline 0.002 -12"><span class='ocrx_word' id='word_1_9' title='bbox 154 480 3326 512; x_wconf 46' lang='grc' dir='ltr'>ΜΨ</span> 
     </span>
    </p>
   </div>
   <div class='ocr_carea' id='block_1_4' title="bbox 907 579 1538 635">
    <p class='ocr_par' dir='ltr' id='par_1_4' title="bbox 907 579 1538 635">
     <span class='ocr_line' id='line_1_4' title="bbox 907 579 1538 635; baseline 0.003 -15"><span class='ocrx_word' id='word_1_10' title='bbox 907 579 1127 635; x_wconf 53' lang='grc' dir='ltr'>(οιην.</span> <span class='ocrx_word' id='word_1_11' title='bbox 1378 583 1538 623; x_wconf 76' lang='grc' dir='ltr'>ιιειιιι.</span> 
     </span>
    </p>
   </div>
   <div class='ocr_carea' id='block_1_5' title="bbox 1786 583 2499 624">
    <p class='ocr_par' dir='ltr' id='par_1_5' title="bbox 1786 583 2499 624">
     <span class='ocr_line' id='line_1_5' title="bbox 1786 583 2499 624; baseline -0.001 0"><span class='ocrx_word' id='word_1_12' title='bbox 1786 585 1958 624; x_wconf 72' lang='grc' dir='ltr'>ΙΑεει)</span> <span class='ocrx_word' id='word_1_13' title='bbox 1966 611 1978 624; x_wconf 92' lang='grc'><strong>.</strong></span> <span class='ocrx_word' id='word_1_14' title='bbox 2088 583 2236 624; x_wconf 69' lang='grc' dir='ltr'>νειιε.</span> <span class='ocrx_word' id='word_1_15' title='bbox 2374 583 2499 624; x_wconf 78' lang='grc' dir='ltr'>ιιοι.</span> 
     </span>
    </p>
   </div>
   <div class='ocr_carea' id='block_1_6' title="bbox 1188 705 2575 780">
    <p class='ocr_par' dir='ltr' id='par_1_6' title="bbox 1188 705 2575 780">
     <span class='ocr_line' id='line_1_6' title="bbox 1188 705 2575 780; baseline 0.004 -21"><span class='ocrx_word' id='word_1_16' title='bbox 1188 705 1432 761; x_wconf 89' lang='lat' dir='ltr'><strong>Ahraha-</strong></span> <span class='ocrx_word' id='word_1_17' title='bbox 1459 707 1704 777; x_wconf 76' lang='lat' dir='ltr'><strong>Captivi-</strong></span> <span class='ocrx_word' id='word_1_18' title='bbox 1722 707 1987 780; x_wconf 78' lang='lat' dir='ltr'><strong>Amyntas</strong></span> <span class='ocrx_word' id='word_1_19' title='bbox 2015 707 2319 780; x_wconf 83' lang='lat' dir='ltr'><strong>Cambyses</strong></span> <span class='ocrx_word' id='word_1_20' title='bbox 2347 705 2575 780; x_wconf 88' lang='lat' dir='ltr'><strong>Tarqui-</strong></span> 
     </span>
    </p>
   </div>
   <div class='ocr_carea' id='block_1_7' title="bbox 1252 787 1624 834">
    <p class='ocr_par' dir='ltr' id='par_1_7' title="bbox 1252 787 1624 834">
     <span class='ocr_line' id='line_1_7' title="bbox 1252 787 1624 834; baseline 0.008 -4"><span class='ocrx_word' id='word_1_21' title='bbox 1252 793 1375 832; x_wconf 88' lang='lat' dir='ltr'><strong>mus</strong></span> <span class='ocrx_word' id='word_1_22' title='bbox 1539 787 1624 834; x_wconf 90' lang='lat' dir='ltr'><strong>tas</strong></span> 
     </span>
    </p>
   </div>
   <div class='ocr_carea' id='block_1_8' title="bbox 1204 875 1415 888">
    <p class='ocr_par' dir='ltr' id='par_1_8' title="bbox 1204 875 1415 888">
     <span class='ocr_line' id='line_1_8' title="bbox 1204 875 1415 888; baseline 0.009 -2"><span class='ocrx_word' id='word_1_23' title='bbox 1204 875 1415 888; x_wconf 73' lang='lat'><strong>——</strong></span> 
     </span>
    </p>
   </div>
   <div class='ocr_carea' id='block_1_9' title="bbox 1765 878 1979 892">
    <p class='ocr_par' dir='ltr' id='par_1_9' title="bbox 1765 878 1979 892">
     <span class='ocr_line' id='line_1_9' title="bbox 1765 878 1979 892; baseline -0.005 -3"><span class='ocrx_word' id='word_1_24' title='bbox 1765 878 1979 892; x_wconf 61' lang='grc'><strong>..-</strong></span> 
     </span>
    </p>
   </div>
   <div class='ocr_carea' id='block_1_10' title="bbox 2355 779 2482 834">
    <p class='ocr_par' dir='ltr' id='par_1_10' title="bbox 2355 779 2482 834">
     <span class='ocr_line' id='line_1_10' title="bbox 2355 779 2482 834; baseline 0.016 -2"><span class='ocrx_word' id='word_1_25' title='bbox 2355 779 2482 834; x_wconf 90' lang='lat' dir='ltr'><strong>nius</strong></span> 
     </span>
    </p>
   </div>
   <div class='ocr_carea' id='block_1_11' title="bbox 201 929 3343 1014">
    <p class='ocr_par' dir='ltr' id='par_1_11' title="bbox 201 929 3343 1014">
     <span class='ocr_line' id='line_1_11' title="bbox 201 929 3343 1014; baseline 0.006 -32"><span class='ocrx_word' id='word_1_26' title='bbox 201 946 231 982; x_wconf 78' lang='grc' dir='ltr'><strong>α</strong></span> <span class='ocrx_word' id='word_1_27' title='bbox 255 929 465 1001; x_wconf 67' lang='grc' dir='ltr'>Δίςγριί</span> <span class='ocrx_word' id='word_1_28' title='bbox 511 949 674 988; x_wconf 84' lang='lat' dir='ltr'><strong>xxvn</strong></span> <span class='ocrx_word' id='word_1_29' title='bbox 721 935 966 1005; x_wconf 89' lang='lat' dir='ltr'><strong>dynastia</strong></span> <span class='ocrx_word' id='word_1_30' title='bbox 990 935 1275 992; x_wconf 83' lang='lat' dir='ltr'><strong>Persarum</strong></span> <span class='ocrx_word' id='word_1_31' title='bbox 1299 938 1518 1010; x_wconf 85' lang='lat' dir='ltr'><strong>(quippe</strong></span> <span class='ocrx_word' id='word_1_32' title='bbox 1543 938 1838 1010; x_wconf 83' lang='lat' dir='ltr'><strong>Cambyses</strong></span> <span class='ocrx_word' id='word_1_33' title='bbox 1861 938 2098 994; x_wconf 91' lang='lat' dir='ltr'><strong>obtinuit</strong></span> <span class='ocrx_word' id='word_1_34' title='bbox 2127 938 2417 1011; x_wconf 64' lang='lat' dir='ltr'><strong>Egyptum</strong></span> <span class='ocrx_word' id='word_1_35' title='bbox 2449 941 2505 996; x_wconf 89' lang='lat' dir='ltr'><strong>in</strong></span> <span class='ocrx_word' id='word_1_36' title='bbox 2529 955 2674 998; x_wconf 87' lang='lat' dir='ltr'><strong>anno</strong></span> <span class='ocrx_word' id='word_1_37' title='bbox 2704 950 2856 999; x_wconf 82' lang='lat' dir='ltr'><strong>sexto</strong></span> <span class='ocrx_word' id='word_1_38' title='bbox 2886 940 2985 1014; x_wconf 83' lang='grc' dir='ltr'>[αι.</span> <span class='ocrx_word' id='word_1_39' title='bbox 3029 959 3084 1006; x_wconf 81' lang='lat' dir='ltr'><strong>v,</strong></span> <span class='ocrx_word' id='word_1_40' title='bbox 3141 939 3218 997; x_wconf 79' lang='grc' dir='ltr'><strong>σι.</strong></span> <span class='ocrx_word' id='word_1_41' title='bbox 3245 957 3343 1000; x_wconf 78' lang='lat' dir='ltr'><strong>vn.</strong></span> 
     </span>
    </p>
   </div>
   <div class='ocr_carea' id='block_1_12' title="bbox 147 1023 1740 1098">
    <p class='ocr_par' dir='ltr' id='par_1_12' title="bbox 147 1023 1740 1098">
     <span class='ocr_line' id='line_1_12' title="bbox 147 1023 1740 1098; baseline 0.008 -24"><span class='ocrx_word' id='word_1_42' title='bbox 147 1023 278 1093; x_wconf 80' lang='lat' dir='ltr'><strong>regni</strong></span> <span class='ocrx_word' id='word_1_43' title='bbox 308 1023 414 1096; x_wconf 89' lang='lat' dir='ltr'><strong>sui]</strong></span> <span class='ocrx_word' id='word_1_44' title='bbox 438 1040 619 1098; x_wconf 88' lang='lat' dir='ltr'><strong>usque</strong></span> <span class='ocrx_word' id='word_1_45' title='bbox 651 1027 722 1082; x_wconf 89' lang='lat' dir='ltr'><strong>ad</strong></span> <span class='ocrx_word' id='word_1_46' title='bbox 751 1027 978 1084; x_wconf 82' lang='lat' dir='ltr'><strong>Darium</strong></span> <span class='ocrx_word' id='word_1_47' title='bbox 1010 1028 1178 1084; x_wconf 89' lang='lat' dir='ltr'><strong>ﬁlium</strong></span> <span class='ocrx_word' id='word_1_48' title='bbox 1216 1027 1412 1087; x_wconf 83' lang='lat' dir='ltr'><strong>Xerxis</strong></span> <span class='ocrx_word' id='word_1_49' title='bbox 1433 1031 1591 1086; x_wconf 86' lang='lat' dir='ltr'><strong>annis</strong></span> <span class='ocrx_word' id='word_1_50' title='bbox 1628 1045 1740 1086; x_wconf 81' lang='lat' dir='ltr'><strong>cxi.</strong></span> 
     </span>
    </p>
   </div>
   <div class='ocr_carea' id='block_1_13' title="bbox 1248 1124 1632 1180">
    <p class='ocr_par' dir='ltr' id='par_1_13' title="bbox 1248 1124 1632 1180">
     <span class='ocr_line' id='line_1_13' title="bbox 1248 1124 1632 1180; baseline 0.003 -1"><span class='ocrx_word' id='word_1_51' title='bbox 1248 1124 1388 1180; x_wconf 76' lang='grc'><strong>1495</strong></span> <span class='ocrx_word' id='word_1_52' title='bbox 1562 1125 1632 1180; x_wconf 85' lang='grc'>68</span> 
     </span>
    </p>
   </div>
   <div class='ocr_carea' id='block_1_14' title="bbox 1845 1123 2472 1181">
    <p class='ocr_par' dir='ltr' id='par_1_14' title="bbox 1845 1123 2472 1181">
     <span class='ocr_line' id='line_1_14' title="bbox 1845 1123 2472 1181; baseline 0.003 -2"><span class='ocrx_word' id='word_1_53' title='bbox 1845 1123 1915 1179; x_wconf 78' lang='lat'><strong>30</strong></span> <span class='ocrx_word' id='word_1_54' title='bbox 2162 1124 2195 1178; x_wconf 88' lang='lat'><strong>7</strong></span> <span class='ocrx_word' id='word_1_55' title='bbox 2402 1125 2472 1181; x_wconf 73' lang='grc'><strong>24</strong></span> 
     </span>
    </p>
   </div>
   <div class='ocr_carea' id='block_1_15' title="bbox 195 1210 3345 1307">
    <p class='ocr_par' dir='ltr' id='par_1_15' title="bbox 195 1210 3345 1307">
     <span class='ocr_line' id='line_1_15' title="bbox 195 1210 3345 1307; baseline 0.006 -43"><span class='ocrx_word' id='word_1_56' title='bbox 195 1210 396 1307; x_wconf 61' lang='lat' dir='ltr'><strong>6Apud</strong></span> <span class='ocrx_word' id='word_1_57' title='bbox 420 1211 686 1273; x_wconf 66' lang='lat' dir='ltr'><strong>Hebraeos</strong></span> <span class='ocrx_word' id='word_1_58' title='bbox 718 1218 963 1288; x_wconf 76' lang='lat' dir='ltr'><strong>pontifex</strong></span> <span class='ocrx_word' id='word_1_59' title='bbox 993 1220 1265 1276; x_wconf 89' lang='lat' dir='ltr'><strong>maximus</strong></span> <span class='ocrx_word' id='word_1_60' title='bbox 1304 1219 1465 1307; x_wconf 69' lang='lat' dir='ltr'><strong>Iesus</strong></span> <span class='ocrx_word' id='word_1_61' title='bbox 1497 1219 1640 1274; x_wconf 91' lang='lat' dir='ltr'><strong>ﬁlius</strong></span> <span class='ocrx_word' id='word_1_62' title='bbox 1666 1218 1956 1285; x_wconf 83' lang='lat' dir='ltr'><strong>Josedech,</strong></span> <span class='ocrx_word' id='word_1_63' title='bbox 1991 1226 2046 1274; x_wconf 90' lang='lat' dir='ltr'><strong>et</strong></span> <span class='ocrx_word' id='word_1_64' title='bbox 2077 1220 2334 1291; x_wconf 82' lang='lat' dir='ltr'><strong>princeps</strong></span> <span class='ocrx_word' id='word_1_65' title='bbox 2365 1220 2541 1294; x_wconf 89' lang='lat' dir='ltr'><strong>gentis</strong></span> <span class='ocrx_word' id='word_1_66' title='bbox 2573 1219 2870 1281; x_wconf 87' lang='lat' dir='ltr'><strong>Zorobahel</strong></span> <span class='ocrx_word' id='word_1_67' title='bbox 2903 1225 3034 1280; x_wconf 87' lang='lat' dir='ltr'><strong>clari</strong></span> <span class='ocrx_word' id='word_1_68' title='bbox 3057 1226 3345 1284; x_wconf 76' lang='lat' dir='ltr'><strong>habentur.</strong></span> 
     </span>
    </p>
   </div>
   <div class='ocr_carea' id='block_1_16' title="bbox 193 1305 2387 1387">
    <p class='ocr_par' dir='ltr' id='par_1_16' title="bbox 193 1305 2387 1387">
     <span class='ocr_line' id='line_1_16' title="bbox 193 1305 2387 1387; baseline 0.005 -27"><span class='ocrx_word' id='word_1_69' title='bbox 193 1305 590 1379; x_wconf 77' lang='lat' dir='ltr'><strong>PrOphetabant</strong></span> <span class='ocrx_word' id='word_1_70' title='bbox 615 1313 761 1382; x_wconf 88' lang='lat' dir='ltr'><strong>apud</strong></span> <span class='ocrx_word' id='word_1_71' title='bbox 795 1311 1050 1372; x_wconf 63' lang='lat' dir='ltr'><strong>Hebraos</strong></span> <span class='ocrx_word' id='word_1_72' title='bbox 1077 1315 1359 1371; x_wconf 86' lang='lat' dir='ltr'><strong>novissimi</strong></span> <span class='ocrx_word' id='word_1_73' title='bbox 1387 1305 1635 1387; x_wconf 62' lang='lat' dir='ltr'><strong>Aggeus,</strong></span> <span class='ocrx_word' id='word_1_74' title='bbox 1670 1313 1970 1371; x_wconf 85' lang='lat' dir='ltr'><strong>Zacharias</strong></span> <span class='ocrx_word' id='word_1_75' title='bbox 1993 1322 2048 1370; x_wconf 92' lang='lat' dir='ltr'><strong>et</strong></span> <span class='ocrx_word' id='word_1_76' title='bbox 2073 1312 2387 1370; x_wconf 76' lang='lat' dir='ltr'><strong>Malachias.</strong></span> 
     </span>
    </p>
   </div>
   <div class='ocr_carea' id='block_1_17' title="bbox 400 1405 1600 1481">
    <p class='ocr_par' dir='ltr' id='par_1_17' title="bbox 400 1405 1600 1481">
     <span class='ocr_line' id='line_1_17' title="bbox 400 1405 1600 1481; baseline 0.006 -6"><span class='ocrx_word' id='word_1_77' title='bbox 400 1407 498 1478; x_wconf 75' lang='grc' dir='ltr'><strong>Β.</strong></span> <span class='ocrx_word' id='word_1_78' title='bbox 549 1405 885 1481; x_wconf 85' lang='lat' dir='ltr'><strong>CCXXX.</strong></span> <span class='ocrx_word' id='word_1_79' title='bbox 1217 1408 1354 1464; x_wconf 69' lang='lat'><strong>“94</strong></span> <span class='ocrx_word' id='word_1_80' title='bbox 1531 1407 1600 1462; x_wconf 78' lang='grc'><strong>69</strong></span> 
     </span>
    </p>
   </div>
   <div class='ocr_carea' id='block_1_18' title="bbox 1240 1688 1618 1744">
    <p class='ocr_par' dir='ltr' id='par_1_18' title="bbox 1240 1688 1618 1744">
     <span class='ocr_line' id='line_1_18' title="bbox 1240 1688 1618 1744; baseline 0.003 -2"><span class='ocrx_word' id='word_1_81' title='bbox 1240 1688 1375 1744; x_wconf 88' lang='grc'><strong>1495</strong></span> <span class='ocrx_word' id='word_1_82' title='bbox 1553 1689 1618 1743; x_wconf 88' lang='lat'><strong>70</strong></span> 
     </span>
    </p>
   </div>
   <div class='ocr_carea' id='block_1_19' title="bbox 191 1891 881 1975">
    <p class='ocr_par' dir='ltr' id='par_1_19' title="bbox 191 1891 881 1975">
     <span class='ocr_line' id='line_1_19' title="bbox 191 1891 881 1975; baseline 0.003 -29"><span class='ocrx_word' id='word_1_83' title='bbox 191 1892 223 1946; x_wconf 75' lang='lat' dir='ltr'><strong>A</strong></span> <span class='ocrx_word' id='word_1_84' title='bbox 248 1891 462 1975; x_wconf 78' lang='lat' dir='ltr'><strong>Davide</strong></span> <span class='ocrx_word' id='word_1_85' title='bbox 475 1908 658 1975; x_wconf 26' lang='lat' dir='ltr'><strong>“usque</strong></span> <span class='ocrx_word' id='word_1_86' title='bbox 672 1894 881 1975; x_wconf 49' lang='grc' dir='ltr'><strong>ῥίζαι</strong></span> 
     </span>
    </p>
   </div>
   <div class='ocr_carea' id='block_1_20' title="bbox 141 1963 1608 2108">
    <p class='ocr_par' dir='ltr' id='par_1_20' title="bbox 141 1963 1608 2108">
     <span class='ocr_line' id='line_1_20' title="bbox 143 1963 880 2033; baseline 0.011 -22"><span class='ocrx_word' id='word_1_87' title='bbox 143 1974 307 2017; x_wconf 73' lang='lat' dir='ltr'><strong>annum</strong></span> <span class='ocrx_word' id='word_1_88' title='bbox 344 1963 637 2033; x_wconf 81' lang='lat' dir='ltr'><strong>captivitas</strong></span> <span class='ocrx_word' id='word_1_89' title='bbox 665 1963 880 2019; x_wconf 61' lang='lat' dir='ltr'><strong>Iudaeo-</strong></span> 
     </span>
     <span class='ocr_line' id='line_1_21' title="bbox 141 2034 1608 2108; baseline 0.006 -25"><span class='ocrx_word' id='word_1_90' title='bbox 141 2034 748 2108; x_wconf 83' lang='lat' dir='ltr'><strong>ru_m,annint.v.At.xx</strong></span> <span class='ocrx_word' id='word_1_91' title='bbox 786 2049 886 2108; x_wconf 54' lang='grc' dir='ltr'>ρο·</span> <span class='ocrx_word' id='word_1_92' title='bbox 977 2036 1068 2108; x_wconf 83' lang='grc'><strong>65</strong></span> <span class='ocrx_word' id='word_1_93' title='bbox 1235 2035 1372 2091; x_wconf 86' lang='grc'><strong>1496</strong></span> <span class='ocrx_word' id='word_1_94' title='bbox 1551 2039 1608 2093; x_wconf 84' lang='grc'><strong>71</strong></span> 
     </span>
    </p>
   </div>
   <div class='ocr_carea' id='block_1_21' title="bbox 140 2103 887 2174">
    <p class='ocr_par' dir='ltr' id='par_1_21' title="bbox 140 2103 887 2174">
     <span class='ocr_line' id='line_1_22' title="bbox 140 2103 887 2174; baseline 0.004 -20"><span class='ocrx_word' id='word_1_95' title='bbox 140 2103 370 2174; x_wconf 68' lang='lat' dir='ltr'><strong>piritatis</strong></span> <span class='ocrx_word' id='word_1_96' title='bbox 383 2112 754 2174; x_wconf 18' lang='lat' dir='ltr'><strong>sgupputantur</strong></span> <span class='ocrx_word' id='word_1_97' title='bbox 783 2103 887 2158; x_wconf 82' lang='lat' dir='ltr'><strong>Da-</strong></span> 
     </span>
    </p>
   </div>
   <div class='ocr_carea' id='block_1_22' title="bbox 140 2171 882 2245">
    <p class='ocr_par' dir='ltr' id='par_1_22' title="bbox 140 2171 882 2245">
     <span class='ocr_line' id='line_1_23' title="bbox 140 2171 882 2245; baseline 0.007 -23"><span class='ocrx_word' id='word_1_98' title='bbox 140 2171 184 2224; x_wconf 85' lang='lat' dir='ltr'><strong>rii</strong></span> <span class='ocrx_word' id='word_1_99' title='bbox 219 2175 359 2245; x_wconf 83' lang='lat' dir='ltr'><strong>regis</strong></span> <span class='ocrx_word' id='word_1_100' title='bbox 400 2171 696 2229; x_wconf 77' lang='lat' dir='ltr'><strong>Persarum</strong></span> <span class='ocrx_word' id='word_1_101' title='bbox 751 2175 882 2228; x_wconf 89' lang='lat' dir='ltr'><strong>anni</strong></span> 
     </span>
    </p>
   </div>
   <div class='ocr_carea' id='block_1_23' title="bbox 1061 2483 2110 2500">
    <p class='ocr_par' dir='ltr' id='par_1_23' title="bbox 1061 2483 2110 2500">
     <span class='ocr_line' id='line_1_24' title="bbox 1061 2483 2110 2500; baseline 0.003 -4"><span class='ocrx_word' id='word_1_102' title='bbox 1061 2485 1266 2496; x_wconf 69' lang='lat' dir='ltr'><strong>a—--—</strong></span> <span class='ocrx_word' id='word_1_103' title='bbox 1340 2487 1546 2497; x_wconf 72' lang='lat'><strong>—-—_—</strong></span> <span class='ocrx_word' id='word_1_104' title='bbox 1617 2483 1828 2496; x_wconf 81' lang='lat'><strong>——</strong></span> <span class='ocrx_word' id='word_1_105' title='bbox 1899 2484 2110 2500; x_wconf 72' lang='lat'><strong>_-——</strong></span> 
     </span>
    </p>
   </div>
   <div class='ocr_carea' id='block_1_24' title="bbox 1683 2550 1752 2606">
    <p class='ocr_par' dir='ltr' id='par_1_24' title="bbox 1683 2550 1752 2606">
     <span class='ocr_line' id='line_1_25' title="bbox 1683 2550 1752 2606; baseline 0.014 -1"><span class='ocrx_word' id='word_1_106' title='bbox 1683 2550 1752 2606; x_wconf 81' lang='grc'><strong>54</strong></span> 
     </span>
    </p>
   </div>
   <div class='ocr_carea' id='block_1_25' title="bbox 137 2245 1490 2314">
    <p class='ocr_par' dir='ltr' id='par_1_25' title="bbox 137 2245 1490 2314">
     <span class='ocr_line' id='line_1_26' title="bbox 137 2245 1490 2314; baseline 0.008 -23"><span class='ocrx_word' id='word_1_107' title='bbox 137 2245 472 2314; x_wconf 82' lang='lat' dir='ltr'><strong>xmv._cujus</strong></span> <span class='ocrx_word' id='word_1_108' title='bbox 493 2245 650 2314; x_wconf 82' lang='lat' dir='ltr'><strong>regni</strong></span> <span class='ocrx_word' id='word_1_109' title='bbox 679 2260 824 2298; x_wconf 90' lang='lat' dir='ltr'><strong>anno</strong></span> <span class='ocrx_word' id='word_1_110' title='bbox 848 2260 882 2299; x_wconf 85' lang='lat' dir='ltr'><strong>x</strong></span> <span class='ocrx_word' id='word_1_111' title='bbox 1388 2262 1490 2303; x_wconf 78' lang='lat' dir='ltr'><strong>Ius</strong></span> 
     </span>
    </p>
   </div>
   <div class='ocr_carea' id='block_1_26' title="bbox 139 2312 883 2388">
    <p class='ocr_par' dir='ltr' id='par_1_26' title="bbox 139 2312 883 2388">
     <span class='ocr_line' id='line_1_27' title="bbox 139 2312 883 2388; baseline 0.004 -23"><span class='ocrx_word' id='word_1_112' title='bbox 139 2314 248 2388; x_wconf 75' lang='lat' dir='ltr'><strong>apud</strong></span> <span class='ocrx_word' id='word_1_113' title='bbox 283 2312 578 2388; x_wconf 76' lang='lat' dir='ltr'><strong>Romanos</strong></span> <span class='ocrx_word' id='word_1_114' title='bbox 605 2315 741 2388; x_wconf 81' lang='lat' dir='ltr'><strong>regii</strong></span> <span class='ocrx_word' id='word_1_115' title='bbox 782 2314 883 2368; x_wconf 81' lang='lat' dir='ltr'><strong>do-</strong></span> 
     </span>
    </p>
   </div>
   <div class='ocr_carea' id='block_1_27' title="bbox 134 2383 876 2442">
    <p class='ocr_par' dir='ltr' id='par_1_27' title="bbox 134 2383 876 2442">
     <span class='ocr_line' id='line_1_28' title="bbox 134 2383 876 2442; baseline 0.001 -6"><span class='ocrx_word' id='word_1_116' title='bbox 134 2383 332 2442; x_wconf 82' lang='lat' dir='ltr'><strong>minatus</strong></span> <span class='ocrx_word' id='word_1_117' title='bbox 371 2385 502 2440; x_wconf 88' lang='lat' dir='ltr'><strong>ﬁnis</strong></span> <span class='ocrx_word' id='word_1_118' title='bbox 546 2393 634 2440; x_wconf 87' lang='lat' dir='ltr'><strong>est</strong></span> <span class='ocrx_word' id='word_1_119' title='bbox 674 2383 876 2440; x_wconf 73' lang='lat' dir='ltr'><strong>Tactus.</strong></span> 
     </span>
    </p>
   </div>
   <div class='ocr_carea' id='block_1_28' title="bbox 1367 2549 1506 2605">
    <p class='ocr_par' dir='ltr' id='par_1_28' title="bbox 1367 2549 1506 2605">
     <span class='ocr_line' id='line_1_29' title="bbox 1367 2549 1506 2605; baseline -0.014 0"><span class='ocrx_word' id='word_1_120' title='bbox 1367 2549 1506 2605; x_wconf 84' lang='grc'><strong>1497</strong></span> 
     </span>
    </p>
   </div>
   <div class='ocr_carea' id='block_1_29' title="bbox 1061 2188 1808 2232">
    <p class='ocr_par' dir='ltr' id='par_1_29' title="bbox 1061 2188 1808 2232">
     <span class='ocr_line' id='line_1_30' title="bbox 1061 2188 1808 2232; baseline 0.003 -2"><span class='ocrx_word' id='word_1_121' title='bbox 1061 2188 1250 2231; x_wconf 57' lang='grc'><strong>01311⁵.</strong></span> <span class='ocrx_word' id='word_1_122' title='bbox 1327 2191 1563 2231; x_wconf 70' lang='lat' dir='ltr'><strong>ABBAHA-</strong></span> <span class='ocrx_word' id='word_1_123' title='bbox 1615 2191 1808 2232; x_wconf 71' lang='lat' dir='ltr'><strong>IACED.</strong></span> 
     </span>
    </p>
   </div>
   <div class='ocr_carea' id='block_1_30' title="bbox 2402 1479 3345 1554">
    <p class='ocr_par' dir='ltr' id='par_1_30' title="bbox 2402 1479 3345 1554">
     <span class='ocr_line' id='line_1_31' title="bbox 2402 1479 3345 1554; baseline 0 -20"><span class='ocrx_word' id='word_1_124' title='bbox 2402 1545 2415 1554; x_wconf 35' lang='lat'><em>.</em></span> <span class='ocrx_word' id='word_1_125' title='bbox 2594 1551 2608 1554; x_wconf 88' lang='lat'>_</span> <span class='ocrx_word' id='word_1_126' title='bbox 2651 1479 2784 1537; x_wconf 86' lang='lat' dir='ltr'><strong>Post</strong></span> <span class='ocrx_word' id='word_1_127' title='bbox 2820 1481 3161 1554; x_wconf 85' lang='lat' dir='ltr'><strong>__Cambysen</strong></span> <span class='ocrx_word' id='word_1_128' title='bbox 3237 1480 3345 1534; x_wconf 83' lang='lat' dir='ltr'><strong>duo</strong></span> 
     </span>
    </p>
   </div>
   <div class='ocr_carea' id='block_1_31' title="bbox 2047 1546 3344 1622">
    <p class='ocr_par' dir='ltr' id='par_1_31' title="bbox 2047 1546 3344 1622">
     <span class='ocr_line' id='line_1_32' title="bbox 2047 1546 3344 1622; baseline 0 -19"><span class='ocrx_word' id='word_1_129' title='bbox 2047 1565 2074 1603; x_wconf 76' lang='grc' dir='ltr'><strong>ι</strong></span> <span class='ocrx_word' id='word_1_130' title='bbox 2109 1546 2206 1622; x_wconf 86' lang='lat' dir='ltr'><strong>lll_._</strong></span> <span class='ocrx_word' id='word_1_131' title='bbox 2226 1546 2568 1617; x_wconf 39' lang='lat' dir='ltr'><strong>MAGlfmen-</strong></span> <span class='ocrx_word' id='word_1_132' title='bbox 2585 1551 2780 1606; x_wconf 79' lang='lat' dir='ltr'><strong>fratres</strong></span> <span class='ocrx_word' id='word_1_133' title='bbox 2819 1551 2955 1622; x_wconf 83' lang='lat' dir='ltr'><strong>Magi</strong></span> <span class='ocrx_word' id='word_1_134' title='bbox 2985 1546 3344 1622; x_wconf 80' lang='lat' dir='ltr'><strong>regnaverunt</strong></span> 
     </span>
    </p>
   </div>
   <div class='ocr_carea' id='block_1_32' title="bbox 2141 1619 3342 1692">
    <p class='ocr_par' dir='ltr' id='par_1_32' title="bbox 2141 1619 3342 1692">
     <span class='ocr_line' id='line_1_33' title="bbox 2141 1619 3342 1692; baseline 0.002 -19"><span class='ocrx_word' id='word_1_135' title='bbox 2141 1619 2294 1692; x_wconf 81' lang='lat' dir='ltr'><strong>sibus</strong></span> <span class='ocrx_word' id='word_1_136' title='bbox 2328 1635 2453 1692; x_wconf 35' lang='lat' dir='ltr'><strong>vnA.‘</strong></span> <span class='ocrx_word' id='word_1_137' title='bbox 2581 1622 2864 1692; x_wconf 68' lang='lat' dir='ltr'><strong>mensibus</strong></span> <span class='ocrx_word' id='word_1_138' title='bbox 2906 1619 2989 1692; x_wconf 41' lang='lat' dir='ltr'><strong>in;</strong></span> <span class='ocrx_word' id='word_1_139' title='bbox 3006 1638 3018 1674; x_wconf 88' lang='lat'>:</span> <span class='ocrx_word' id='word_1_140' title='bbox 3051 1619 3342 1692; x_wconf 73' lang='lat' dir='ltr'><strong>postquos</strong></span> 
     </span>
    </p>
   </div>
   <div class='ocr_carea' id='block_1_33' title="bbox 1828 1687 3337 1772">
    <p class='ocr_par' dir='ltr' id='par_1_33' title="bbox 1828 1687 3337 1772">
     <span class='ocr_line' id='line_1_34' title="bbox 1828 1687 3337 1772; baseline 0.001 -29"><span class='ocrx_word' id='word_1_141' title='bbox 1828 1688 1900 1744; x_wconf 77' lang='lat'><strong>32</strong></span> <span class='ocrx_word' id='word_1_142' title='bbox 2147 1689 2173 1743; x_wconf 97' lang='grc'><strong>1</strong></span> <span class='ocrx_word' id='word_1_143' title='bbox 2387 1687 2458 1742; x_wconf 77' lang='lat'>26</span> <span class='ocrx_word' id='word_1_144' title='bbox 2581 1689 2774 1772; x_wconf 74' lang='lat' dir='ltr'><strong>Darius</strong></span> <span class='ocrx_word' id='word_1_145' title='bbox 2791 1691 2933 1748; x_wconf 85' lang='lat' dir='ltr'><strong>ﬁlius</strong></span> <span class='ocrx_word' id='word_1_146' title='bbox 2945 1687 3337 1764; x_wconf 44' lang='lat' dir='ltr'><strong>Hystaspis‘an-</strong></span> 
     </span>
    </p>
   </div>
   <div class='ocr_carea' id='block_1_34' title="bbox 2581 1777 2884 1818">
    <p class='ocr_par' dir='ltr' id='par_1_34' title="bbox 2581 1777 2884 1818">
     <span class='ocr_line' id='line_1_35' title="bbox 2581 1777 2884 1818; baseline 0.013 -4"><span class='ocrx_word' id='word_1_147' title='bbox 2581 1777 2668 1816; x_wconf 74' lang='grc'><strong>1118</strong></span> <span class='ocrx_word' id='word_1_148' title='bbox 2696 1777 2884 1818; x_wconf 66' lang='lat' dir='ltr'>XXXVI.</span> 
     </span>
    </p>
   </div>
   <div class='ocr_carea' id='block_1_35' title="bbox 1849 1893 2686 1952">
    <p class='ocr_par' dir='ltr' id='par_1_35' title="bbox 1849 1893 2686 1952">
     <span class='ocr_line' id='line_1_36' title="bbox 1849 1893 2686 1952; baseline 0.005 -4"><span class='ocrx_word' id='word_1_149' title='bbox 1849 1897 1883 1948; x_wconf 74' lang='grc' dir='ltr'><em>ά</em></span> <span class='ocrx_word' id='word_1_150' title='bbox 1913 1895 1998 1950; x_wconf 74' lang='grc' dir='ltr'>ιν.</span> <span class='ocrx_word' id='word_1_151' title='bbox 2035 1893 2288 1951; x_wconf 78' lang='lat' dir='ltr'><strong>DARIUS</strong></span> <span class='ocrx_word' id='word_1_152' title='bbox 2319 1897 2476 1952; x_wconf 91' lang='lat' dir='ltr'><strong>annis</strong></span> <span class='ocrx_word' id='word_1_153' title='bbox 2503 1912 2686 1952; x_wconf 82' lang='lat' dir='ltr'><strong>xxxvr.</strong></span> 
     </span>
    </p>
   </div>
   <div class='ocr_carea' id='block_1_36' title="bbox 1828 2036 2457 2113">
    <p class='ocr_par' dir='ltr' id='par_1_36' title="bbox 1828 2036 2457 2113">
     <span class='ocr_line' id='line_1_37' title="bbox 1828 2036 2457 2113; baseline -0.003 -21"><span class='ocrx_word' id='word_1_154' title='bbox 1828 2037 1999 2113; x_wconf 46' lang='lat' dir='ltr'><strong>ss.</strong></span> <span class='ocrx_word' id='word_1_155' title='bbox 2145 2037 2170 2090; x_wconf 79' lang='grc' dir='ltr'><strong>ι</strong></span> <span class='ocrx_word' id='word_1_156' title='bbox 2385 2036 2457 2090; x_wconf 75' lang='lat'><strong>27</strong></span> 
     </span>
    </p>
   </div>
   <div class='ocr_carea' id='block_1_37' title="bbox 1929 2191 2338 2232">
    <p class='ocr_par' dir='ltr' id='par_1_37' title="bbox 1929 2191 2338 2232">
     <span class='ocr_line' id='line_1_38' title="bbox 1929 2191 2338 2232; baseline 0.002 -2"><span class='ocrx_word' id='word_1_157' title='bbox 1929 2191 2076 2232; x_wconf 59' lang='grc' dir='ltr'><strong>νεεδ.</strong></span> <span class='ocrx_word' id='word_1_158' title='bbox 2211 2191 2338 2231; x_wconf 71' lang='grc'><strong>1101.</strong></span> 
     </span>
    </p>
   </div>
   <div class='ocr_carea' id='block_1_38' title="bbox 1585 2315 2388 2397">
    <p class='ocr_par' dir='ltr' id='par_1_38' title="bbox 1585 2315 2388 2397">
     <span class='ocr_line' id='line_1_39' title="bbox 1585 2315 2388 2397; baseline 0 -27"><span class='ocrx_word' id='word_1_159' title='bbox 1585 2316 1843 2388; x_wconf 83' lang='lat' dir='ltr'><strong>Amyntas</strong></span> <span class='ocrx_word' id='word_1_160' title='bbox 1894 2315 2091 2372; x_wconf 87' lang='lat' dir='ltr'><strong>Darius</strong></span> <span class='ocrx_word' id='word_1_161' title='bbox 2157 2315 2388 2397; x_wconf 74' lang='lat' dir='ltr'><strong>Tarqui-</strong></span> 
     </span>
    </p>
   </div>
   <div class='ocr_carea' id='block_1_39' title="bbox 2201 2403 2328 2443">
    <p class='ocr_par' dir='ltr' id='par_1_39' title="bbox 2201 2403 2328 2443">
     <span class='ocr_line' id='line_1_40' title="bbox 2201 2403 2328 2443; baseline 0.024 -3"><span class='ocrx_word' id='word_1_162' title='bbox 2201 2403 2328 2443; x_wconf 88' lang='lat' dir='ltr'><strong>ntus</strong></span> 
     </span>
    </p>
   </div>
   <div class='ocr_carea' id='block_1_40' title="bbox 1994 2548 2306 2604">
    <p class='ocr_par' dir='ltr' id='par_1_40' title="bbox 1994 2548 2306 2604">
     <span class='ocr_line' id='line_1_41' title="bbox 1994 2548 2306 2604; baseline -0.003 0"><span class='ocrx_word' id='word_1_163' title='bbox 1994 2549 2030 2604; x_wconf 74' lang='grc'><strong>2</strong></span> <span class='ocrx_word' id='word_1_164' title='bbox 2236 2548 2306 2604; x_wconf 77' lang='lat'><strong>28</strong></span> 
     </span>
    </p>
   </div>
   <div class='ocr_carea' id='block_1_41' title="bbox 186 2701 3316 2778">
    <p class='ocr_par' dir='ltr' id='par_1_41' title="bbox 186 2701 3316 2778">
     <span class='ocr_line' id='line_1_42' title="bbox 186 2701 3316 2778; baseline -0 -20"><span class='ocrx_word' id='word_1_165' title='bbox 186 2702 443 2776; x_wconf 81' lang='lat' dir='ltr'><strong>Olympias</strong></span> <span class='ocrx_word' id='word_1_166' title='bbox 473 2721 604 2768; x_wconf 75' lang='lat' dir='ltr'><strong>va,</strong></span> <span class='ocrx_word' id='word_1_167' title='bbox 627 2707 685 2759; x_wconf 93' lang='lat' dir='ltr'><strong>in</strong></span> <span class='ocrx_word' id='word_1_168' title='bbox 725 2718 834 2775; x_wconf 90' lang='lat' dir='ltr'><strong>qua</strong></span> <span class='ocrx_word' id='word_1_169' title='bbox 862 2703 1152 2759; x_wconf 85' lang='lat' dir='ltr'><strong>Persarum</strong></span> <span class='ocrx_word' id='word_1_170' title='bbox 1185 2705 1329 2776; x_wconf 88' lang='lat' dir='ltr'><strong>regis</strong></span> <span class='ocrx_word' id='word_1_171' title='bbox 1359 2703 1528 2769; x_wconf 89' lang='lat' dir='ltr'><strong>Darii,</strong></span> <span class='ocrx_word' id='word_1_172' title='bbox 1562 2704 1655 2758; x_wconf 89' lang='lat' dir='ltr'><strong>ﬁlii</strong></span> <span class='ocrx_word' id='word_1_173' title='bbox 1690 2701 1995 2778; x_wconf 82' lang='lat' dir='ltr'><strong>Hystaspis,</strong></span> <span class='ocrx_word' id='word_1_174' title='bbox 2026 2701 2129 2758; x_wconf 80' lang='lat' dir='ltr'><strong>fuit</strong></span> <span class='ocrx_word' id='word_1_175' title='bbox 2165 2717 2342 2759; x_wconf 86' lang='lat' dir='ltr'><strong>annus</strong></span> <span class='ocrx_word' id='word_1_176' title='bbox 2369 2701 2662 2760; x_wconf 84' lang='lat' dir='ltr'><strong>secundus.</strong></span> <span class='ocrx_word' id='word_1_177' title='bbox 2693 2701 2818 2759; x_wconf 82' lang='lat' dir='ltr'><strong>Ideo</strong></span> <span class='ocrx_word' id='word_1_178' title='bbox 2841 2703 3114 2759; x_wconf 83' lang='lat' dir='ltr'><strong>secundus</strong></span> <span class='ocrx_word' id='word_1_179' title='bbox 3135 2716 3316 2758; x_wconf 84' lang='lat' dir='ltr'><strong>annus</strong></span> 
     </span>
    </p>
   </div>
   <div class='ocr_carea' id='block_1_42' title="bbox 131 2793 2431 2871">
    <p class='ocr_par' dir='ltr' id='par_1_42' title="bbox 131 2793 2431 2871">
     <span class='ocr_line' id='line_1_43' title="bbox 131 2793 2431 2871; baseline 0 -19"><span class='ocrx_word' id='word_1_180' title='bbox 131 2793 197 2852; x_wconf 84' lang='lat' dir='ltr'><strong>bis</strong></span> <span class='ocrx_word' id='word_1_181' title='bbox 211 2800 480 2866; x_wconf 78' lang='lat' dir='ltr'><strong>scribitur,</strong></span> <span class='ocrx_word' id='word_1_182' title='bbox 511 2800 644 2870; x_wconf 87' lang='lat' dir='ltr'><strong>quia</strong></span> <span class='ocrx_word' id='word_1_183' title='bbox 667 2812 849 2855; x_wconf 88' lang='lat' dir='ltr'><strong>annus</strong></span> <span class='ocrx_word' id='word_1_184' title='bbox 873 2797 927 2853; x_wconf 90' lang='lat' dir='ltr'><strong>in</strong></span> <span class='ocrx_word' id='word_1_185' title='bbox 956 2796 1232 2871; x_wconf 78' lang='lat' dir='ltr'><strong>Magorum</strong></span> <span class='ocrx_word' id='word_1_186' title='bbox 1264 2797 1493 2852; x_wconf 80' lang='lat' dir='ltr'><strong>fratrum</strong></span> <span class='ocrx_word' id='word_1_187' title='bbox 1516 2807 1720 2868; x_wconf 90' lang='lat' dir='ltr'><strong>septem</strong></span> <span class='ocrx_word' id='word_1_188' title='bbox 1750 2797 2038 2853; x_wconf 88' lang='lat' dir='ltr'><strong>mensibus</strong></span> <span class='ocrx_word' id='word_1_189' title='bbox 2065 2803 2431 2868; x_wconf 76' lang='lat' dir='ltr'><strong>computatur.</strong></span> 
     </span>
    </p>
   </div>
   <div class='ocr_carea' id='block_1_43' title="bbox 1357 2886 2264 2941">
    <p class='ocr_par' dir='ltr' id='par_1_43' title="bbox 1357 2886 2264 2941">
     <span class='ocr_line' id='line_1_44' title="bbox 1357 2886 2264 2941; baseline 0.001 -2"><span class='ocrx_word' id='word_1_190' title='bbox 1357 2886 1493 2941; x_wconf 88' lang='grc'><strong>1498</strong></span> <span class='ocrx_word' id='word_1_191' title='bbox 1670 2886 1740 2941; x_wconf 81' lang='lat'><strong>55</strong></span> <span class='ocrx_word' id='word_1_192' title='bbox 1985 2887 2020 2941; x_wconf 80' lang='lat'><strong>3</strong></span> <span class='ocrx_word' id='word_1_193' title='bbox 2228 2887 2264 2940; x_wconf 76' lang='lat'><strong>2</strong></span> 
     </span>
    </p>
   </div>
   <div class='ocr_carea' id='block_1_44' title="bbox 182 2886 3354 3050">
    <p class='ocr_par' dir='ltr' id='par_1_44' title="bbox 182 2886 3354 3050">
     <span class='ocr_line' id='line_1_45' title="bbox 1357 2886 2264 2941; baseline 0.001 -2"><span class='ocrx_word' id='word_1_194' title='bbox 1357 2886 1457 2941; x_wconf 87' lang='grc'><strong>149</strong></span> <span class='ocrx_word' id='word_1_195' title='bbox 2228 2887 2264 2940; x_wconf 77' lang='lat'><strong>2</strong></span> 
     </span>
     <span class='ocr_line' id='line_1_46' title="bbox 182 2886 3354 3050; baseline 0.001 -17"><span class='ocrx_word' id='word_1_196' title='bbox 182 2994 206 3033; x_wconf 74' lang='grc' dir='ltr'><strong>ε</strong></span> <span class='ocrx_word' id='word_1_197' title='bbox 227 2977 552 3035; x_wconf 74' lang='lat' dir='ltr'><strong>Harmodius</strong></span> <span class='ocrx_word' id='word_1_198' title='bbox 582 2985 641 3034; x_wconf 90' lang='lat' dir='ltr'><strong>et</strong></span> <span class='ocrx_word' id='word_1_199' title='bbox 694 2977 1035 3048; x_wconf 84' lang='lat' dir='ltr'><strong>Aristogiton</strong></span> <span class='ocrx_word' id='word_1_200' title='bbox 1078 2976 1445 3048; x_wconf 84' lang='lat' dir='ltr'><strong>Hipparchum</strong></span> <span class='ocrx_word' id='word_1_201' title='bbox 1461 2886 1914 3032; x_wconf 46' lang='lat' dir='ltr'><strong>8Athenzftfnsium</strong></span> <span class='ocrx_word' id='word_1_202' title='bbox 1951 2887 2243 3050; x_wconf 45' lang='lat' dir='ltr'><strong>tirannum</strong></span> <span class='ocrx_word' id='word_1_203' title='bbox 2267 2886 2684 3033; x_wconf 78' lang='lat' dir='ltr'><strong>9interfecerunt</strong></span> <span class='ocrx_word' id='word_1_204' title='bbox 2711 2998 2724 3034; x_wconf 88' lang='lat'><strong>:</strong></span> <span class='ocrx_word' id='word_1_205' title='bbox 2754 2988 2808 3034; x_wconf 92' lang='lat' dir='ltr'><strong>et</strong></span> <span class='ocrx_word' id='word_1_206' title='bbox 2839 2977 3033 3035; x_wconf 65' lang='lat' dir='ltr'><strong>Leaena</strong></span> <span class='ocrx_word' id='word_1_207' title='bbox 3083 2981 3354 3035; x_wconf 70' lang='lat' dir='ltr'><strong>meretrix</strong></span> 
     </span>
    </p>
   </div>
   <div class='ocr_carea' id='block_1_45' title="bbox 128 3070 3064 3145">
    <p class='ocr_par' dir='ltr' id='par_1_45' title="bbox 128 3070 3064 3145">
     <span class='ocr_line' id='line_1_47' title="bbox 128 3070 3064 3145; baseline 0 -15"><span class='ocrx_word' id='word_1_208' title='bbox 128 3075 270 3130; x_wconf 82' lang='lat' dir='ltr'><strong>amica</strong></span> <span class='ocrx_word' id='word_1_209' title='bbox 291 3092 506 3142; x_wconf 88' lang='lat' dir='ltr'><strong>eorum,</strong></span> <span class='ocrx_word' id='word_1_210' title='bbox 536 3090 665 3131; x_wconf 85' lang='lat' dir='ltr'><strong>cum</strong></span> <span class='ocrx_word' id='word_1_211' title='bbox 695 3073 984 3129; x_wconf 89' lang='lat' dir='ltr'><strong>tormentis</strong></span> <span class='ocrx_word' id='word_1_212' title='bbox 1013 3081 1297 3145; x_wconf 85' lang='lat' dir='ltr'><strong>cogeretur</strong></span> <span class='ocrx_word' id='word_1_213' title='bbox 1320 3080 1378 3127; x_wconf 90' lang='lat' dir='ltr'><strong>ut</strong></span> <span class='ocrx_word' id='word_1_214' title='bbox 1415 3070 1595 3129; x_wconf 89' lang='lat' dir='ltr'><strong>socios</strong></span> <span class='ocrx_word' id='word_1_215' title='bbox 1625 3072 1895 3143; x_wconf 84' lang='lat' dir='ltr'><strong>proderet,</strong></span> <span class='ocrx_word' id='word_1_216' title='bbox 1919 3072 2160 3145; x_wconf 88' lang='lat' dir='ltr'><strong>linguam</strong></span> <span class='ocrx_word' id='word_1_217' title='bbox 2192 3087 2348 3130; x_wconf 89' lang='lat' dir='ltr'><strong>suam</strong></span> <span class='ocrx_word' id='word_1_218' title='bbox 2388 3072 2710 3129; x_wconf 89' lang='lat' dir='ltr'><strong>mordicitus</strong></span> <span class='ocrx_word' id='word_1_219' title='bbox 2746 3075 3064 3145; x_wconf 85' lang='lat' dir='ltr'><strong>amputavit.</strong></span> 
     </span>
    </p>
   </div>
   <div class='ocr_carea' id='block_1_46' title="bbox 1359 3163 2307 3220">
    <p class='ocr_par' dir='ltr' id='par_1_46' title="bbox 1359 3163 2307 3220">
     <span class='ocr_line' id='line_1_48' title="bbox 1359 3163 2307 3220; baseline 0.001 -1"><span class='ocrx_word' id='word_1_220' title='bbox 1359 3163 1497 3220; x_wconf 89' lang='grc'><strong>1499</strong></span> <span class='ocrx_word' id='word_1_221' title='bbox 1675 3165 1743 3220; x_wconf 81' lang='grc'><strong>56</strong></span> <span class='ocrx_word' id='word_1_222' title='bbox 1988 3163 2026 3219; x_wconf 83' lang='grc'><strong>4</strong></span> <span class='ocrx_word' id='word_1_223' title='bbox 2237 3165 2307 3220; x_wconf 77' lang='grc'><strong>50</strong></span> 
     </span>
    </p>
   </div>
   <div class='ocr_carea' id='block_1_47' title="bbox 176 3286 2826 3366">
    <p class='ocr_par' dir='ltr' id='par_1_47' title="bbox 176 3286 2826 3366">
     <span class='ocr_line' id='line_1_49' title="bbox 176 3286 2826 3366; baseline -0.002 -18"><span class='ocrx_word' id='word_1_224' title='bbox 176 3293 439 3366; x_wconf 81' lang='lat' dir='ltr'><strong>Templum</strong></span> <span class='ocrx_word' id='word_1_225' title='bbox 471 3291 882 3363; x_wconf 80' lang='lat' dir='ltr'><strong>Hierosolymis</strong></span> <span class='ocrx_word' id='word_1_226' title='bbox 909 3298 1336 3357; x_wconf 86' lang='lat' dir='ltr'><strong>consummatur,</strong></span> <span class='ocrx_word' id='word_1_227' title='bbox 1361 3290 1812 3362; x_wconf 85' lang='lat' dir='ltr'><strong>prophetantibus</strong></span> <span class='ocrx_word' id='word_1_228' title='bbox 1835 3288 1978 3360; x_wconf 92' lang='lat' dir='ltr'><strong>apud</strong></span> <span class='ocrx_word' id='word_1_229' title='bbox 1997 3286 2214 3344; x_wconf 59' lang='lat' dir='ltr'><strong>Iudaeos</strong></span> <span class='ocrx_word' id='word_1_230' title='bbox 2239 3286 2438 3358; x_wconf 63' lang='lat' dir='ltr'><strong>Aggaeo</strong></span> <span class='ocrx_word' id='word_1_231' title='bbox 2461 3295 2516 3342; x_wconf 91' lang='lat' dir='ltr'><strong>et</strong></span> <span class='ocrx_word' id='word_1_232' title='bbox 2544 3286 2826 3343; x_wconf 80' lang='lat' dir='ltr'><strong>Zacharia.</strong></span> 
     </span>
    </p>
   </div>
   <div class='ocr_carea' id='block_1_48' title="bbox 175 3379 3334 3454">
    <p class='ocr_par' dir='ltr' id='par_1_48' title="bbox 175 3379 3334 3454">
     <span class='ocr_line' id='line_1_50' title="bbox 175 3379 3334 3454; baseline -0.002 -13"><span class='ocrx_word' id='word_1_233' title='bbox 175 3386 200 3454; x_wconf 79' lang='grc' dir='ltr'><em>Ῑ</em></span> <span class='ocrx_word' id='word_1_234' title='bbox 218 3385 468 3442; x_wconf 86' lang='lat' dir='ltr'><strong>Secundo</strong></span> <span class='ocrx_word' id='word_1_235' title='bbox 501 3399 655 3440; x_wconf 87' lang='lat' dir='ltr'><strong>anno</strong></span> <span class='ocrx_word' id='word_1_236' title='bbox 689 3383 843 3439; x_wconf 90' lang='lat' dir='ltr'><strong>Darii</strong></span> <span class='ocrx_word' id='word_1_237' title='bbox 871 3383 1012 3453; x_wconf 88' lang='lat' dir='ltr'><strong>regis</strong></span> <span class='ocrx_word' id='word_1_238' title='bbox 1043 3382 1333 3439; x_wconf 87' lang='lat' dir='ltr'><strong>Persarum</strong></span> <span class='ocrx_word' id='word_1_239' title='bbox 1354 3385 1613 3454; x_wconf 89' lang='lat' dir='ltr'><strong>templum</strong></span> <span class='ocrx_word' id='word_1_240' title='bbox 1641 3384 1695 3438; x_wconf 93' lang='lat' dir='ltr'><strong>in</strong></span> <span class='ocrx_word' id='word_1_241' title='bbox 1720 3380 2113 3453; x_wconf 86' lang='lat' dir='ltr'><strong>Hierosolymis</strong></span> <span class='ocrx_word' id='word_1_242' title='bbox 2143 3381 2446 3437; x_wconf 80' lang='lat' dir='ltr'><strong>exstruitur</strong></span> <span class='ocrx_word' id='word_1_243' title='bbox 2466 3396 2496 3435; x_wconf 89' lang='lat' dir='ltr'><strong>a</strong></span> <span class='ocrx_word' id='word_1_244' title='bbox 2515 3379 2871 3447; x_wconf 88' lang='lat' dir='ltr'><strong>Zorobabele,</strong></span> <span class='ocrx_word' id='word_1_245' title='bbox 2904 3389 3334 3438; x_wconf 55' lang='lat' dir='ltr'><strong>consummatur.</strong></span> 
     </span>
    </p>
   </div>
   <div class='ocr_carea' id='block_1_49' title="bbox 124 3472 3333 3556">
    <p class='ocr_par' dir='ltr' id='par_1_49' title="bbox 124 3472 3333 3556">
     <span class='ocr_line' id='line_1_51' title="bbox 124 3472 3333 3556; baseline -0.001 -26"><span class='ocrx_word' id='word_1_246' title='bbox 124 3490 206 3544; x_wconf 86' lang='lat' dir='ltr'><strong>que</strong></span> <span class='ocrx_word' id='word_1_247' title='bbox 232 3493 361 3548; x_wconf 83' lang='lat' dir='ltr'><strong>opus</strong></span> <span class='ocrx_word' id='word_1_248' title='bbox 385 3493 542 3556; x_wconf 75' lang='lat' dir='ltr'><strong>anno</strong></span> <span class='ocrx_word' id='word_1_249' title='bbox 573 3487 794 3548; x_wconf 87' lang='lat' dir='ltr'><strong>quarto.</strong></span> <span class='ocrx_word' id='word_1_250' title='bbox 821 3474 1092 3532; x_wconf 82' lang='lat' dir='ltr'><strong>Remissiu</strong></span> <span class='ocrx_word' id='word_1_251' title='bbox 1124 3475 1343 3548; x_wconf 85' lang='lat' dir='ltr'><strong>quidem</strong></span> <span class='ocrx_word' id='word_1_252' title='bbox 1373 3476 1708 3547; x_wconf 83' lang='lat' dir='ltr'><strong>captivitatis</strong></span> <span class='ocrx_word' id='word_1_253' title='bbox 1734 3473 2048 3530; x_wconf 63' lang='lat' dir='ltr'><strong>Iudaeorum</strong></span> <span class='ocrx_word' id='word_1_254' title='bbox 2081 3480 2136 3529; x_wconf 89' lang='lat' dir='ltr'><strong>et</strong></span> <span class='ocrx_word' id='word_1_255' title='bbox 2166 3473 2323 3528; x_wconf 72' lang='lat' dir='ltr'><strong>venia</strong></span> <span class='ocrx_word' id='word_1_256' title='bbox 2353 3472 2540 3544; x_wconf 86' lang='lat' dir='ltr'><strong>templi</strong></span> <span class='ocrx_word' id='word_1_257' title='bbox 2560 3472 2866 3528; x_wconf 67' lang='lat' dir='ltr'><strong>aediﬁcandi</strong></span> <span class='ocrx_word' id='word_1_258' title='bbox 2907 3473 3009 3530; x_wconf 90' lang='lat' dir='ltr'><strong>sub</strong></span> <span class='ocrx_word' id='word_1_259' title='bbox 3028 3475 3170 3546; x_wconf 77' lang='lat' dir='ltr'><strong>Cyro</strong></span> <span class='ocrx_word' id='word_1_260' title='bbox 3191 3489 3333 3529; x_wconf 80' lang='lat' dir='ltr'><strong>exor-</strong></span> 
     </span>
    </p>
   </div>
   <div class='ocr_carea' id='block_1_50' title="bbox 121 3557 3334 3643">
    <p class='ocr_par' dir='ltr' id='par_1_50' title="bbox 121 3557 3334 3643">
     <span class='ocr_line' id='line_1_52' title="bbox 121 3557 3334 3643; baseline 0 -19"><span class='ocrx_word' id='word_1_261' title='bbox 121 3571 244 3626; x_wconf 88' lang='lat' dir='ltr'><strong>dium</strong></span> <span class='ocrx_word' id='word_1_262' title='bbox 269 3575 459 3630; x_wconf 88' lang='lat' dir='ltr'><strong>habuit</strong></span> <span class='ocrx_word' id='word_1_263' title='bbox 495 3594 509 3630; x_wconf 89' lang='lat'><strong>:</strong></span> <span class='ocrx_word' id='word_1_264' title='bbox 539 3580 962 3629; x_wconf 87' lang='lat' dir='ltr'><strong>consummatur</strong></span> <span class='ocrx_word' id='word_1_265' title='bbox 992 3588 1123 3628; x_wconf 87' lang='lat' dir='ltr'><strong>vero</strong></span> <span class='ocrx_word' id='word_1_266' title='bbox 1149 3573 1410 3643; x_wconf 89' lang='lat' dir='ltr'><strong>templum</strong></span> <span class='ocrx_word' id='word_1_267' title='bbox 1443 3573 1547 3627; x_wconf 85' lang='lat' dir='ltr'><strong>sub</strong></span> <span class='ocrx_word' id='word_1_268' title='bbox 1583 3570 1748 3626; x_wconf 91' lang='lat' dir='ltr'><strong>Dario</strong></span> <span class='ocrx_word' id='word_1_269' title='bbox 1778 3587 1794 3624; x_wconf 92' lang='lat'><strong>:</strong></span> <span class='ocrx_word' id='word_1_270' title='bbox 1826 3571 1956 3642; x_wconf 89' lang='lat' dir='ltr'><strong>quia</strong></span> <span class='ocrx_word' id='word_1_271' title='bbox 1984 3557 2396 3642; x_wconf 32' lang='lat' dir='ltr'><strong>vicinaa&#39;gentes</strong></span> <span class='ocrx_word' id='word_1_272' title='bbox 2423 3570 2664 3628; x_wconf 83' lang='lat' dir='ltr'><strong>assiduis</strong></span> <span class='ocrx_word' id='word_1_273' title='bbox 2691 3570 3008 3628; x_wconf 85' lang='lat' dir='ltr'><strong>incursibus</strong></span> <span class='ocrx_word' id='word_1_274' title='bbox 3029 3571 3334 3626; x_wconf 68' lang='lat' dir='ltr'><strong>aediﬁcatio-</strong></span> 
     </span>
    </p>
   </div>
   <div class='ocr_carea' id='block_1_51' title="bbox 123 3665 3335 3741">
    <p class='ocr_par' dir='ltr' id='par_1_51' title="bbox 123 3665 3335 3741">
     <span class='ocr_line' id='line_1_53' title="bbox 123 3665 3335 3741; baseline 0.001 -21"><span class='ocrx_word' id='word_1_275' title='bbox 123 3681 220 3721; x_wconf 80' lang='lat' dir='ltr'><strong>nem</strong></span> <span class='ocrx_word' id='word_1_276' title='bbox 244 3671 426 3741; x_wconf 89' lang='lat' dir='ltr'><strong>templi</strong></span> <span class='ocrx_word' id='word_1_277' title='bbox 458 3668 856 3740; x_wconf 84' lang='lat' dir='ltr'><strong>impedierant.</strong></span> <span class='ocrx_word' id='word_1_278' title='bbox 881 3666 1131 3724; x_wconf 88' lang='lat' dir='ltr'><strong>Clemens</strong></span> <span class='ocrx_word' id='word_1_279' title='bbox 1177 3683 1394 3739; x_wconf 87' lang='lat' dir='ltr'><strong>quoque</strong></span> <span class='ocrx_word' id='word_1_280' title='bbox 1436 3668 1688 3739; x_wconf 89' lang='lat' dir='ltr'><strong>congruit</strong></span> <span class='ocrx_word' id='word_1_281' title='bbox 1725 3667 1782 3722; x_wconf 91' lang='lat' dir='ltr'><strong>in</strong></span> <span class='ocrx_word' id='word_1_282' title='bbox 1830 3667 2006 3738; x_wconf 90' lang='lat' dir='ltr'><strong>primo</strong></span> <span class='ocrx_word' id='word_1_283' title='bbox 2055 3673 2316 3722; x_wconf 87' lang='lat' dir='ltr'><strong>stromate</strong></span> <span class='ocrx_word' id='word_1_284' title='bbox 2365 3665 2439 3720; x_wconf 89' lang='lat' dir='ltr'><strong>ita</strong></span> <span class='ocrx_word' id='word_1_285' title='bbox 2477 3667 2724 3723; x_wconf 85' lang='lat' dir='ltr'><strong>scribens</strong></span> <span class='ocrx_word' id='word_1_286' title='bbox 2760 3683 2775 3721; x_wconf 89' lang='lat'><strong>:</strong></span> <span class='ocrx_word' id='word_1_287' title='bbox 2812 3685 2831 3718; x_wconf 80' lang='grc' dir='ltr'><strong>ι</strong></span> <span class='ocrx_word' id='word_1_288' title='bbox 2867 3665 2934 3722; x_wconf 82' lang='grc' dir='ltr'>Ει</span> <span class='ocrx_word' id='word_1_289' title='bbox 2971 3669 3335 3738; x_wconf 85' lang='lat' dir='ltr'><strong>perseveravit</strong></span> 
     </span>
    </p>
   </div>
   <div class='ocr_carea' id='block_1_52' title="bbox 118 3760 3336 3834">
    <p class='ocr_par' dir='ltr' id='par_1_52' title="bbox 118 3760 3336 3834">
     <span class='ocr_line' id='line_1_54' title="bbox 118 3760 3336 3834; baseline 0.001 -20"><span class='ocrx_word' id='word_1_290' title='bbox 118 3764 374 3833; x_wconf 81' lang='lat' dir='ltr'><strong>captivitas</strong></span> <span class='ocrx_word' id='word_1_291' title='bbox 405 3766 579 3820; x_wconf 91' lang='lat' dir='ltr'><strong>annis</strong></span> <span class='ocrx_word' id='word_1_292' title='bbox 620 3763 988 3834; x_wconf 88' lang='lat' dir='ltr'><strong>septuaginta,</strong></span> <span class='ocrx_word' id='word_1_293' title='bbox 1018 3779 1191 3834; x_wconf 90' lang='lat' dir='ltr'><strong>usque</strong></span> <span class='ocrx_word' id='word_1_294' title='bbox 1229 3762 1297 3818; x_wconf 91' lang='lat' dir='ltr'><strong>ad</strong></span> <span class='ocrx_word' id='word_1_295' title='bbox 1327 3763 1625 3820; x_wconf 89' lang='lat' dir='ltr'><strong>secundum</strong></span> <span class='ocrx_word' id='word_1_296' title='bbox 1665 3778 1868 3817; x_wconf 88' lang='lat' dir='ltr'><strong>annum</strong></span> <span class='ocrx_word' id='word_1_297' title='bbox 1891 3760 2037 3816; x_wconf 88' lang='lat' dir='ltr'><strong>Darii</strong></span> <span class='ocrx_word' id='word_1_298' title='bbox 2067 3761 2162 3816; x_wconf 93' lang='lat' dir='ltr'><strong>ﬁlii</strong></span> <span class='ocrx_word' id='word_1_299' title='bbox 2194 3760 2500 3833; x_wconf 87' lang='lat' dir='ltr'><strong>Hystaspis,</strong></span> <span class='ocrx_word' id='word_1_300' title='bbox 2535 3762 2629 3832; x_wconf 88' lang='lat' dir='ltr'><strong>qui</strong></span> <span class='ocrx_word' id='word_1_301' title='bbox 2666 3760 2871 3827; x_wconf 86' lang='lat' dir='ltr'><strong>Persis,</strong></span> <span class='ocrx_word' id='word_1_302' title='bbox 2899 3769 2952 3818; x_wconf 90' lang='lat' dir='ltr'><strong>et</strong></span> <span class='ocrx_word' id='word_1_303' title='bbox 2997 3761 3256 3833; x_wconf 82' lang='lat' dir='ltr'><strong>Assyriis,</strong></span> <span class='ocrx_word' id='word_1_304' title='bbox 3289 3773 3336 3818; x_wconf 80' lang='lat' dir='ltr'><strong>et</strong></span> 
     </span>
    </p>
   </div>
   <div class='ocr_carea' id='block_1_53' title="bbox 119 3843 3333 3930">
    <p class='ocr_par' dir='ltr' id='par_1_53' title="bbox 119 3843 3333 3930">
     <span class='ocr_line' id='line_1_55' title="bbox 119 3843 3333 3930; baseline -0.002 -20"><span class='ocrx_word' id='word_1_305' title='bbox 119 3851 318 3925; x_wconf 64' lang='lat' dir='ltr'><strong>Egypto</strong></span> <span class='ocrx_word' id='word_1_306' title='bbox 339 3858 646 3930; x_wconf 82' lang='lat' dir='ltr'><strong>regnavit:</strong></span> <span class='ocrx_word' id='word_1_307' title='bbox 683 3857 792 3912; x_wconf 89' lang='lat' dir='ltr'><strong>sub</strong></span> <span class='ocrx_word' id='word_1_308' title='bbox 824 3871 934 3927; x_wconf 92' lang='lat' dir='ltr'><strong>quo</strong></span> <span class='ocrx_word' id='word_1_309' title='bbox 967 3856 1197 3928; x_wconf 70' lang='lat' dir='ltr'><strong>Aggreus</strong></span> <span class='ocrx_word' id='word_1_310' title='bbox 1235 3864 1290 3912; x_wconf 89' lang='lat' dir='ltr'><strong>et</strong></span> <span class='ocrx_word' id='word_1_311' title='bbox 1339 3856 1659 3922; x_wconf 84' lang='lat' dir='ltr'><strong>Zacharias,</strong></span> <span class='ocrx_word' id='word_1_312' title='bbox 1685 3843 1909 3913; x_wconf 59' lang='lat' dir='ltr'><strong>et°unus</strong></span> <span class='ocrx_word' id='word_1_313' title='bbox 1938 3871 2007 3911; x_wconf 87' lang='lat' dir='ltr'><strong>ex</strong></span> <span class='ocrx_word' id='word_1_314' title='bbox 2047 3855 2358 3923; x_wconf 88' lang='lat' dir='ltr'><strong>duodecim,</strong></span> <span class='ocrx_word' id='word_1_315' title='bbox 2392 3857 2485 3926; x_wconf 90' lang='lat' dir='ltr'><strong>qui</strong></span> <span class='ocrx_word' id='word_1_316' title='bbox 2507 3867 2735 3912; x_wconf 86' lang='lat' dir='ltr'><strong>vocatur</strong></span> <span class='ocrx_word' id='word_1_317' title='bbox 2766 3857 3026 3928; x_wconf 89' lang='lat' dir='ltr'><strong>Angelus,</strong></span> <span class='ocrx_word' id='word_1_318' title='bbox 3057 3853 3333 3928; x_wconf 80' lang='lat' dir='ltr'><strong>propheta-</strong></span> 
     </span>
    </p>
   </div>
   <div class='ocr_carea' id='block_1_54' title="bbox 116 3949 3316 4022">
    <p class='ocr_par' dir='ltr' id='par_1_54' title="bbox 116 3949 3316 4022">
     <span class='ocr_line' id='line_1_56' title="bbox 116 3949 3316 4022; baseline 0 -21"><span class='ocrx_word' id='word_1_319' title='bbox 116 3958 216 4004; x_wconf 87' lang='lat' dir='ltr'><strong>runt</strong></span> <span class='ocrx_word' id='word_1_320' title='bbox 244 3969 256 4004; x_wconf 90' lang='lat'>:</span> <span class='ocrx_word' id='word_1_321' title='bbox 281 3953 606 4008; x_wconf 87' lang='lat' dir='ltr'><strong>sacerdotio</strong></span> <span class='ocrx_word' id='word_1_322' title='bbox 635 3966 860 4022; x_wconf 91' lang='lat' dir='ltr'><strong>quoque</strong></span> <span class='ocrx_word' id='word_1_323' title='bbox 908 3950 1126 4007; x_wconf 83' lang='lat' dir='ltr'><strong>functus</strong></span> <span class='ocrx_word' id='word_1_324' title='bbox 1174 3960 1255 4008; x_wconf 89' lang='lat' dir='ltr'><strong>est</strong></span> <span class='ocrx_word' id='word_1_325' title='bbox 1287 3950 1448 4007; x_wconf 86' lang='lat' dir='ltr'><strong>Jesus</strong></span> <span class='ocrx_word' id='word_1_326' title='bbox 1481 3953 1626 4006; x_wconf 87' lang='lat' dir='ltr'><strong>ﬁlius</strong></span> <span class='ocrx_word' id='word_1_327' title='bbox 1654 3949 1940 4007; x_wconf 74' lang='lat' dir='ltr'><strong>Iosedech.</strong></span> <span class='ocrx_word' id='word_1_328' title='bbox 1988 3971 2008 4004; x_wconf 76' lang='grc' dir='ltr'><strong>ι</strong></span> <span class='ocrx_word' id='word_1_329' title='bbox 2044 3949 2171 4006; x_wconf 66' lang='lat' dir='ltr'><strong>Haec</strong></span> <span class='ocrx_word' id='word_1_330' title='bbox 2211 3951 2562 4020; x_wconf 87' lang='lat' dir='ltr'><strong>supradictus</strong></span> <span class='ocrx_word' id='word_1_331' title='bbox 2595 3950 2698 4007; x_wconf 85' lang='lat' dir='ltr'><strong>vir.</strong></span> <span class='ocrx_word' id='word_1_332' title='bbox 2734 3949 2886 4016; x_wconf 86' lang='lat' dir='ltr'><strong>Quod</strong></span> <span class='ocrx_word' id='word_1_333' title='bbox 2917 3962 3096 4004; x_wconf 87' lang='lat' dir='ltr'><strong>autem</strong></span> <span class='ocrx_word' id='word_1_334' title='bbox 3126 3954 3316 4017; x_wconf 88' lang='lat' dir='ltr'><strong>septt&#39;ta</strong></span> 
     </span>
    </p>
   </div>
   <div class='ocr_carea' id='block_1_55' title="bbox 115 4042 3332 4116">
    <p class='ocr_par' dir='ltr' id='par_1_55' title="bbox 115 4042 3332 4116">
     <span class='ocr_line' id='line_1_57' title="bbox 115 4042 3332 4116; baseline 0.001 -24"><span class='ocrx_word' id='word_1_335' title='bbox 115 4042 319 4104; x_wconf 68' lang='lat' dir='ltr'><strong>gesimus</strong></span> <span class='ocrx_word' id='word_1_336' title='bbox 348 4059 546 4099; x_wconf 85' lang='lat' dir='ltr'><strong>annus</strong></span> <span class='ocrx_word' id='word_1_337' title='bbox 573 4042 937 4100; x_wconf 87' lang='lat' dir='ltr'><strong>desolationis</strong></span> <span class='ocrx_word' id='word_1_338' title='bbox 966 4045 1146 4115; x_wconf 91' lang='lat' dir='ltr'><strong>templi</strong></span> <span class='ocrx_word' id='word_1_339' title='bbox 1173 4046 1343 4100; x_wconf 91' lang='lat' dir='ltr'><strong>altero</strong></span> <span class='ocrx_word' id='word_1_340' title='bbox 1369 4060 1512 4100; x_wconf 90' lang='lat' dir='ltr'><strong>anno</strong></span> <span class='ocrx_word' id='word_1_341' title='bbox 1542 4045 1693 4100; x_wconf 86' lang='lat' dir='ltr'><strong>Darii</strong></span> <span class='ocrx_word' id='word_1_342' title='bbox 1721 4046 1883 4101; x_wconf 81' lang='lat' dir='ltr'><strong>fuerit</strong></span> <span class='ocrx_word' id='word_1_343' title='bbox 1905 4045 2176 4116; x_wconf 90' lang='lat' dir='ltr'><strong>expletus,</strong></span> <span class='ocrx_word' id='word_1_344' title='bbox 2202 4045 2542 4100; x_wconf 90' lang='lat' dir='ltr'><strong>domesticus</strong></span> <span class='ocrx_word' id='word_1_345' title='bbox 2586 4046 2746 4100; x_wconf 89' lang='lat' dir='ltr'><strong>testis</strong></span> <span class='ocrx_word' id='word_1_346' title='bbox 2768 4054 2852 4100; x_wconf 89' lang='lat' dir='ltr'><strong>est</strong></span> <span class='ocrx_word' id='word_1_347' title='bbox 2882 4043 3176 4099; x_wconf 83' lang='lat' dir='ltr'><strong>Zacharias</strong></span> <span class='ocrx_word' id='word_1_348' title='bbox 3213 4057 3332 4112; x_wconf 89' lang='lat' dir='ltr'><strong>pro-</strong></span> 
     </span>
    </p>
   </div>
   <div class='ocr_carea' id='block_1_56' title="bbox 116 4129 3333 4210">
    <p class='ocr_par' dir='ltr' id='par_1_56' title="bbox 116 4129 3333 4210">
     <span class='ocr_line' id='line_1_58' title="bbox 116 4129 3333 4210; baseline 0.001 -24"><span class='ocrx_word' id='word_1_349' title='bbox 116 4129 243 4199; x_wconf 80' lang='lat' dir='ltr'><strong>pheta</strong></span> <span class='ocrx_word' id='word_1_350' title='bbox 266 4139 522 4192; x_wconf 87' lang='lat' dir='ltr'><strong>secundo</strong></span> <span class='ocrx_word' id='word_1_351' title='bbox 543 4152 694 4191; x_wconf 90' lang='lat' dir='ltr'><strong>anno</strong></span> <span class='ocrx_word' id='word_1_352' title='bbox 721 4135 873 4190; x_wconf 92' lang='lat' dir='ltr'><strong>Darii</strong></span> <span class='ocrx_word' id='word_1_353' title='bbox 905 4137 976 4190; x_wconf 91' lang='lat' dir='ltr'><strong>ita</strong></span> <span class='ocrx_word' id='word_1_354' title='bbox 1007 4137 1234 4193; x_wconf 88' lang='lat' dir='ltr'><strong>dicens:</strong></span> <span class='ocrx_word' id='word_1_355' title='bbox 1268 4157 1286 4189; x_wconf 73' lang='grc' dir='ltr'><strong>ι</strong></span> <span class='ocrx_word' id='word_1_356' title='bbox 1325 4137 1551 4194; x_wconf 88' lang='lat' dir='ltr'><strong>Domine</strong></span> <span class='ocrx_word' id='word_1_357' title='bbox 1583 4139 1953 4210; x_wconf 89' lang='lat' dir='ltr'><strong>omnipotens,</strong></span> <span class='ocrx_word' id='word_1_358' title='bbox 1981 4153 2266 4209; x_wconf 91' lang='lat' dir='ltr'><strong>quousque</strong></span> <span class='ocrx_word' id='word_1_359' title='bbox 2294 4139 2648 4196; x_wconf 87' lang='lat' dir='ltr'><strong>misereberis</strong></span> <span class='ocrx_word' id='word_1_360' title='bbox 2675 4138 3040 4202; x_wconf 87' lang='lat' dir='ltr'><strong>Hierusalem,</strong></span> <span class='ocrx_word' id='word_1_361' title='bbox 3065 4146 3119 4192; x_wconf 93' lang='lat' dir='ltr'><strong>et</strong></span> <span class='ocrx_word' id='word_1_362' title='bbox 3155 4137 3333 4191; x_wconf 82' lang='lat' dir='ltr'><strong>civita-</strong></span> 
     </span>
    </p>
   </div>
   <div class='ocr_carea' id='block_1_57' title="bbox 113 4225 1978 4306">
    <p class='ocr_par' dir='ltr' id='par_1_57' title="bbox 113 4225 1978 4306">
     <span class='ocr_line' id='line_1_59' title="bbox 113 4225 1978 4306; baseline 0.003 -28"><span class='ocrx_word' id='word_1_363' title='bbox 113 4225 229 4282; x_wconf 83' lang='lat' dir='ltr'><strong>tibus</strong></span> <span class='ocrx_word' id='word_1_364' title='bbox 249 4227 409 4300; x_wconf 81' lang='lat' dir='ltr'><strong>Juda,</strong></span> <span class='ocrx_word' id='word_1_365' title='bbox 448 4245 600 4302; x_wconf 87' lang='lat' dir='ltr'><strong>quas</strong></span> <span class='ocrx_word' id='word_1_366' title='bbox 638 4230 976 4301; x_wconf 86' lang='lat' dir='ltr'><strong>despexisti?</strong></span> <span class='ocrx_word' id='word_1_367' title='bbox 1006 4231 1110 4288; x_wconf 87' lang='lat' dir='ltr'><strong>Iste</strong></span> <span class='ocrx_word' id='word_1_368' title='bbox 1143 4233 1574 4306; x_wconf 85' lang='lat' dir='ltr'><strong>septuagesimus</strong></span> <span class='ocrx_word' id='word_1_369' title='bbox 1610 4248 1785 4291; x_wconf 87' lang='lat' dir='ltr'><strong>annus</strong></span> <span class='ocrx_word' id='word_1_370' title='bbox 1817 4243 1918 4289; x_wconf 90' lang='lat' dir='ltr'><strong>est.</strong></span> <span class='ocrx_word' id='word_1_371' title='bbox 1960 4252 1978 4284; x_wconf 74' lang='grc' dir='ltr'><strong>ι</strong></span> 
     </span>
    </p>
   </div>
   <div class='ocr_carea' id='block_1_58' title="bbox 165 4406 1666 4481">
    <p class='ocr_par' dir='ltr' id='par_1_58' title="bbox 165 4406 1666 4481">
     <span class='ocr_line' id='line_1_60' title="bbox 165 4406 1666 4481; baseline 0.005 -26"><span class='ocrx_word' id='word_1_372' title='bbox 165 4420 193 4455; x_wconf 82' lang='lat' dir='ltr'><strong>c</strong></span> <span class='ocrx_word' id='word_1_373' title='bbox 222 4406 451 4481; x_wconf 78' lang='grc' dir='ltr'>Εἰκοστὴ</span> <span class='ocrx_word' id='word_1_374' title='bbox 488 4408 699 4480; x_wconf 74' lang='grc' dir='ltr'>ἑϐδόμη</span> <span class='ocrx_word' id='word_1_375' title='bbox 745 4406 1030 4461; x_wconf 77' lang='grc' dir='ltr'><strong>δυναστεία</strong></span> <span class='ocrx_word' id='word_1_376' title='bbox 1053 4410 1277 4480; x_wconf 89' lang='grc' dir='ltr'>Περσων</span> <span class='ocrx_word' id='word_1_377' title='bbox 1310 4408 1570 4479; x_wconf 83' lang='grc' dir='ltr'>βασιλέων</span> <span class='ocrx_word' id='word_1_378' title='bbox 1597 4406 1666 4480; x_wconf 85' lang='grc' dir='ltr'><strong>η’.</strong></span> 
     </span>
    </p>
   </div>
   <div class='ocr_carea' id='block_1_59' title="bbox 114 4492 1672 4572">
    <p class='ocr_par' dir='ltr' id='par_1_59' title="bbox 114 4492 1672 4572">
     <span class='ocr_line' id='line_1_61' title="bbox 114 4492 1672 4572; baseline 0.005 -26"><span class='ocrx_word' id='word_1_379' title='bbox 114 4492 378 4572; x_wconf 74' lang='grc' dir='ltr'>Καμϐύσης</span> <span class='ocrx_word' id='word_1_380' title='bbox 411 4501 532 4554; x_wconf 75' lang='grc' dir='ltr'>ἔτει</span> <span class='ocrx_word' id='word_1_381' title='bbox 572 4499 818 4570; x_wconf 81' lang='grc' dir='ltr'><strong>πέμπτῳ</strong></span> <span class='ocrx_word' id='word_1_382' title='bbox 856 4500 954 4570; x_wconf 83' lang='grc' dir='ltr'>τῆς</span> <span class='ocrx_word' id='word_1_383' title='bbox 981 4499 1143 4553; x_wconf 77' lang='grc' dir='ltr'>αὑτοῦ</span> <span class='ocrx_word' id='word_1_384' title='bbox 1180 4499 1450 4570; x_wconf 75' lang='grc' dir='ltr'><strong>βασιλείας</strong></span> <span class='ocrx_word' id='word_1_385' title='bbox 1490 4500 1672 4554; x_wconf 85' lang='grc' dir='ltr'>ὲϐασί-</span> 
     </span>
    </p>
   </div>
   <div class='ocr_carea' id='block_1_60' title="bbox 115 4583 1666 4661">
    <p class='ocr_par' dir='ltr' id='par_1_60' title="bbox 115 4583 1666 4661">
     <span class='ocr_line' id='line_1_62' title="bbox 115 4583 1666 4661; baseline 0.008 -26"><span class='ocrx_word' id='word_1_386' title='bbox 115 4583 571 4661; x_wconf 72' lang='grc' dir='ltr'>λευσενΑίγύπτου</span> <span class='ocrx_word' id='word_1_387' title='bbox 586 4590 684 4661; x_wconf 76' lang='grc' dir='ltr'><strong>ἔτη</strong></span> <span class='ocrx_word' id='word_1_388' title='bbox 703 4588 775 4659; x_wconf 57' lang='lat'><strong>1/.</strong></span> <span class='ocrx_word' id='word_1_389' title='bbox 803 4589 991 4644; x_wconf 83' lang='lat' dir='ltr'><strong>Euseb.</strong></span> <span class='ocrx_word' id='word_1_390' title='bbox 1013 4591 1151 4660; x_wconf 82' lang='lat' dir='ltr'><strong>apud</strong></span> <span class='ocrx_word' id='word_1_391' title='bbox 1173 4591 1331 4660; x_wconf 79' lang='lat' dir='ltr'><strong>Sync.</strong></span> <span class='ocrx_word' id='word_1_392' title='bbox 1349 4608 1402 4661; x_wconf 76' lang='grc' dir='ltr'>ρ.</span> <span class='ocrx_word' id='word_1_393' title='bbox 1420 4593 1510 4657; x_wconf 88' lang='grc'><strong>76,</strong></span> <span class='ocrx_word' id='word_1_394' title='bbox 1529 4591 1666 4656; x_wconf 60' lang='grc' dir='ltr'>(λι).</span> 
     </span>
    </p>
   </div>
   <div class='ocr_carea' id='block_1_61' title="bbox 163 4656 1669 4735">
    <p class='ocr_par' dir='ltr' id='par_1_61' title="bbox 163 4656 1669 4735">
     <span class='ocr_line' id='line_1_63' title="bbox 163 4656 1669 4735; baseline 0.003 -23"><span class='ocrx_word' id='word_1_395' title='bbox 163 4656 187 4707; x_wconf 71' lang='grc'>6</span> <span class='ocrx_word' id='word_1_396' title='bbox 229 4656 577 4732; x_wconf 70' lang='grc' dir='ltr'>Ἰερᾶτευσεν</span> <span class='ocrx_word' id='word_1_397' title='bbox 625 4656 836 4731; x_wconf 75' lang='grc' dir='ltr'><strong>ἰὴσοῦς</strong></span> <span class='ocrx_word' id='word_1_398' title='bbox 862 4661 891 4712; x_wconf 87' lang='grc' dir='ltr'>ὁ</span> <span class='ocrx_word' id='word_1_399' title='bbox 921 4661 1014 4714; x_wconf 74' lang='grc' dir='ltr'><strong>τοῦ</strong></span> <span class='ocrx_word' id='word_1_400' title='bbox 1046 4656 1320 4726; x_wconf 75' lang='grc' dir='ltr'>Ἰωσεδὲκ,</span> <span class='ocrx_word' id='word_1_401' title='bbox 1349 4656 1468 4734; x_wconf 63' lang='grc' dir='ltr'>ἅμα</span> <span class='ocrx_word' id='word_1_402' title='bbox 1499 4667 1669 4735; x_wconf 85' lang='grc' dir='ltr'>Ζορω-</span> 
     </span>
    </p>
   </div>
   <div class='ocr_carea' id='block_1_62' title="bbox 113 4743 1670 4822">
    <p class='ocr_par' dir='ltr' id='par_1_62' title="bbox 113 4743 1670 4822">
     <span class='ocr_line' id='line_1_64' title="bbox 113 4743 1670 4822; baseline 0.007 -27"><span class='ocrx_word' id='word_1_403' title='bbox 113 4743 263 4804; x_wconf 72' lang='grc' dir='ltr'>εάϐελ.</span> <span class='ocrx_word' id='word_1_404' title='bbox 293 4751 446 4822; x_wconf 80' lang='grc' dir='ltr'>Ἀμα</span> <span class='ocrx_word' id='word_1_405' title='bbox 482 4753 752 4820; x_wconf 80' lang='grc' dir='ltr'>Ἀγγαῖος</span> <span class='ocrx_word' id='word_1_406' title='bbox 776 4750 868 4803; x_wconf 78' lang='grc' dir='ltr'><strong>καὶ</strong></span> <span class='ocrx_word' id='word_1_407' title='bbox 893 4751 1165 4822; x_wconf 78' lang='grc' dir='ltr'><strong>Ζαχαρίας</strong></span> <span class='ocrx_word' id='word_1_408' title='bbox 1194 4752 1285 4805; x_wconf 70' lang='grc' dir='ltr'><strong>καὶ</strong></span> <span class='ocrx_word' id='word_1_409' title='bbox 1318 4755 1346 4806; x_wconf 98' lang='lat'><strong>6</strong></span> <span class='ocrx_word' id='word_1_410' title='bbox 1370 4754 1434 4806; x_wconf 83' lang='grc' dir='ltr'><strong>ὲκ</strong></span> <span class='ocrx_word' id='word_1_411' title='bbox 1460 4753 1567 4806; x_wconf 84' lang='grc' dir='ltr'>τῶν</span> <span class='ocrx_word' id='word_1_412' title='bbox 1605 4751 1670 4806; x_wconf 83' lang='grc' dir='ltr'>ιϐ’</span> 
     </span>
    </p>
   </div>
   <div class='ocr_carea' id='block_1_63' title="bbox 115 4835 1668 4918">
    <p class='ocr_par' dir='ltr' id='par_1_63' title="bbox 115 4835 1668 4918">
     <span class='ocr_line' id='line_1_65' title="bbox 115 4835 1668 4918; baseline 0.008 -32"><span class='ocrx_word' id='word_1_413' title='bbox 115 4835 338 4918; x_wconf 47' lang='lat' dir='ltr'><strong>lngo;</strong></span> <span class='ocrx_word' id='word_1_414' title='bbox 368 4841 847 4915; x_wconf 80' lang='grc' dir='ltr'>προφητεύουσιν.</span> <span class='ocrx_word' id='word_1_415' title='bbox 879 4839 1076 4898; x_wconf 75' lang='lat' dir='ltr'><strong>Chron.</strong></span> <span class='ocrx_word' id='word_1_416' title='bbox 1108 4843 1288 4910; x_wconf 76' lang='lat' dir='ltr'><strong>pascit.</strong></span> <span class='ocrx_word' id='word_1_417' title='bbox 1314 4859 1366 4912; x_wconf 86' lang='lat' dir='ltr'><strong>p.</strong></span> <span class='ocrx_word' id='word_1_418' title='bbox 1397 4843 1519 4908; x_wconf 82' lang='grc'><strong>144,</strong></span> <span class='ocrx_word' id='word_1_419' title='bbox 1547 4845 1668 4900; x_wconf 77' lang='grc'><strong>145.</strong></span> 
     </span>
    </p>
   </div>
   <div class='ocr_carea' id='block_1_64' title="bbox 164 4933 1670 5010">
    <p class='ocr_par' dir='ltr' id='par_1_64' title="bbox 164 4933 1670 5010">
     <span class='ocr_line' id='line_1_66' title="bbox 164 4933 1670 5010; baseline 0.007 -28"><span class='ocrx_word' id='word_1_420' title='bbox 164 4946 186 4982; x_wconf 90' lang='lat' dir='ltr'><strong>c</strong></span> <span class='ocrx_word' id='word_1_421' title='bbox 218 4934 438 5006; x_wconf 82' lang='grc' dir='ltr'>Περσῶν</span> <span class='ocrx_word' id='word_1_422' title='bbox 474 4937 663 5008; x_wconf 81' lang='grc' dir='ltr'><strong>τρίτοι</strong></span> <span class='ocrx_word' id='word_1_423' title='bbox 694 4933 1051 4988; x_wconf 75' lang='grc' dir='ltr'>ἐϐασίλευσαν</span> <span class='ocrx_word' id='word_1_424' title='bbox 1082 4935 1174 4989; x_wconf 76' lang='grc' dir='ltr'>δύο</span> <span class='ocrx_word' id='word_1_425' title='bbox 1199 4937 1416 5008; x_wconf 73' lang='grc' dir='ltr'>ἀδελφοὶ</span> <span class='ocrx_word' id='word_1_426' title='bbox 1441 4939 1670 5010; x_wconf 82' lang='grc' dir='ltr'>Μέρδιος</span> 
     </span>
    </p>
   </div>
   <div class='ocr_carea' id='block_1_65' title="bbox 117 5021 1313 5101">
    <p class='ocr_par' dir='ltr' id='par_1_65' title="bbox 117 5021 1313 5101">
     <span class='ocr_line' id='line_1_67' title="bbox 117 5021 1313 5101; baseline 0.01 -29"><span class='ocrx_word' id='word_1_427' title='bbox 117 5021 184 5072; x_wconf 69' lang='grc' dir='ltr'><strong>καὶ</strong></span> <span class='ocrx_word' id='word_1_428' title='bbox 207 5023 492 5101; x_wconf 76' lang='grc' dir='ltr'>Πατζάτης</span> <span class='ocrx_word' id='word_1_429' title='bbox 528 5027 715 5099; x_wconf 75' lang='grc' dir='ltr'>μῆνας</span> <span class='ocrx_word' id='word_1_430' title='bbox 745 5025 810 5091; x_wconf 78' lang='grc' dir='ltr'><strong>ζ’.</strong></span> <span class='ocrx_word' id='word_1_431' title='bbox 837 5025 981 5081; x_wconf 76' lang='lat' dir='ltr'><strong>Idem</strong></span> <span class='ocrx_word' id='word_1_432' title='bbox 1009 5043 1061 5096; x_wconf 88' lang='lat' dir='ltr'><strong>p.</strong></span> <span class='ocrx_word' id='word_1_433' title='bbox 1093 5028 1215 5094; x_wconf 78' lang='grc'><strong>144,</strong></span> <span class='ocrx_word' id='word_1_434' title='bbox 1251 5027 1313 5084; x_wconf 87' lang='lat' dir='ltr'><strong>C.</strong></span> 
     </span>
    </p>
   </div>
   <div class='ocr_carea' id='block_1_66' title="bbox 165 5112 1669 5192">
    <p class='ocr_par' dir='ltr' id='par_1_66' title="bbox 165 5112 1669 5192">
     <span class='ocr_line' id='line_1_68' title="bbox 165 5112 1669 5192; baseline 0.005 -23"><span class='ocrx_word' id='word_1_435' title='bbox 165 5112 194 5164; x_wconf 74' lang='grc' dir='ltr'><em>ἀ</em></span> <span class='ocrx_word' id='word_1_436' title='bbox 223 5117 441 5189; x_wconf 84' lang='grc' dir='ltr'>Περσῶν</span> <span class='ocrx_word' id='word_1_437' title='bbox 491 5119 766 5189; x_wconf 77' lang='grc' dir='ltr'><strong>τέταρτος</strong></span> <span class='ocrx_word' id='word_1_438' title='bbox 813 5117 1156 5174; x_wconf 78' lang='grc' dir='ltr'>ἐϐασίλευσεν</span> <span class='ocrx_word' id='word_1_439' title='bbox 1202 5121 1422 5192; x_wconf 85' lang='grc' dir='ltr'>Δαρεῖος</span> <span class='ocrx_word' id='word_1_440' title='bbox 1475 5120 1669 5177; x_wconf 82' lang='grc' dir='ltr'>Ὑστά-</span> 
     </span>
    </p>
   </div>
   <div class='ocr_carea' id='block_1_67' title="bbox 117 5206 863 5278">
    <p class='ocr_par' dir='ltr' id='par_1_67' title="bbox 117 5206 863 5278">
     <span class='ocr_line' id='line_1_69' title="bbox 117 5206 863 5278; baseline 0.016 -28"><span class='ocrx_word' id='word_1_441' title='bbox 117 5214 223 5255; x_wconf 79' lang='grc' dir='ltr'>σπου</span> <span class='ocrx_word' id='word_1_442' title='bbox 256 5206 344 5278; x_wconf 74' lang='grc' dir='ltr'><strong>ἐτη</strong></span> <span class='ocrx_word' id='word_1_443' title='bbox 374 5206 492 5275; x_wconf 84' lang='grc' dir='ltr'>λς’.</span> <span class='ocrx_word' id='word_1_444' title='bbox 529 5206 770 5272; x_wconf 80' lang='lat' dir='ltr'><strong>Ibidem,</strong></span> <span class='ocrx_word' id='word_1_445' title='bbox 796 5207 863 5262; x_wconf 89' lang='lat' dir='ltr'><strong>D.</strong></span> 
     </span>
    </p>
   </div>
   <div class='ocr_carea' id='block_1_68' title="bbox 168 5297 1668 5380">
    <p class='ocr_par' dir='ltr' id='par_1_68' title="bbox 168 5297 1668 5380">
     <span class='ocr_line' id='line_1_70' title="bbox 168 5297 1668 5380; baseline 0.011 -35"><span class='ocrx_word' id='word_1_446' title='bbox 168 5310 190 5345; x_wconf 83' lang='lat' dir='ltr'><strong>e</strong></span> <span class='ocrx_word' id='word_1_447' title='bbox 229 5297 512 5370; x_wconf 69' lang='grc' dir='ltr'>Ἁρμόδιος</span> <span class='ocrx_word' id='word_1_448' title='bbox 535 5300 642 5352; x_wconf 79' lang='grc' dir='ltr'><strong>καὶ</strong></span> <span class='ocrx_word' id='word_1_449' title='bbox 687 5298 1095 5369; x_wconf 83' lang='grc' dir='ltr'><strong>Ἀριστογείτων</strong></span> <span class='ocrx_word' id='word_1_450' title='bbox 1127 5304 1335 5359; x_wconf 80' lang='grc' dir='ltr'>ἀνεῖλον</span> <span class='ocrx_word' id='word_1_451' title='bbox 1365 5307 1668 5380; x_wconf 83' lang='grc' dir='ltr'>Ἵππαρχον</span> 
     </span>
    </p>
   </div>
   <div class='ocr_carea' id='block_1_69' title="bbox 120 5382 1666 5467">
    <p class='ocr_par' dir='ltr' id='par_1_69' title="bbox 120 5382 1666 5467">
     <span class='ocr_line' id='line_1_71' title="bbox 120 5382 1666 5467; baseline 0.008 -26"><span class='ocrx_word' id='word_1_452' title='bbox 120 5382 351 5453; x_wconf 62' lang='grc' dir='ltr'>τύραννον·</span> <span class='ocrx_word' id='word_1_453' title='bbox 379 5392 511 5446; x_wconf 80' lang='grc' dir='ltr'>καθ’</span> <span class='ocrx_word' id='word_1_454' title='bbox 547 5389 655 5453; x_wconf 82' lang='grc' dir='ltr'>οὓς</span> <span class='ocrx_word' id='word_1_455' title='bbox 675 5391 876 5444; x_wconf 83' lang='grc' dir='ltr'>Λέαινα</span> <span class='ocrx_word' id='word_1_456' title='bbox 898 5396 931 5462; x_wconf 81' lang='grc' dir='ltr'>ἡ</span> <span class='ocrx_word' id='word_1_457' title='bbox 959 5395 1145 5467; x_wconf 79' lang='grc' dir='ltr'>ἑταίρα</span> <span class='ocrx_word' id='word_1_458' title='bbox 1167 5396 1260 5450; x_wconf 73' lang='grc' dir='ltr'><strong>ὑπ’</strong></span> <span class='ocrx_word' id='word_1_459' title='bbox 1280 5397 1457 5452; x_wconf 73' lang='grc' dir='ltr'>αὐτῶν</span> <span class='ocrx_word' id='word_1_460' title='bbox 1480 5400 1666 5465; x_wconf 75' lang='grc' dir='ltr'>ὲταζο-</span> 
     </span>
    </p>
   </div>
   <div class='ocr_carea' id='block_1_70' title="bbox 124 5475 1670 5558">
    <p class='ocr_par' dir='ltr' id='par_1_70' title="bbox 124 5475 1670 5558">
     <span class='ocr_line' id='line_1_72' title="bbox 124 5475 1670 5558; baseline 0.006 -23"><span class='ocrx_word' id='word_1_461' title='bbox 124 5475 227 5549; x_wconf 78' lang='grc' dir='ltr'><strong>μένη</strong></span> <span class='ocrx_word' id='word_1_462' title='bbox 270 5487 554 5537; x_wconf 82' lang='grc' dir='ltr'>κατειπεῖν</span> <span class='ocrx_word' id='word_1_463' title='bbox 605 5483 737 5545; x_wconf 79' lang='grc' dir='ltr'>τοὺς</span> <span class='ocrx_word' id='word_1_464' title='bbox 771 5486 1116 5554; x_wconf 82' lang='grc' dir='ltr'>συνωμότας,</span> <span class='ocrx_word' id='word_1_465' title='bbox 1161 5489 1258 5558; x_wconf 80' lang='grc' dir='ltr'>τὴν</span> <span class='ocrx_word' id='word_1_466' title='bbox 1300 5489 1495 5557; x_wconf 77' lang='grc' dir='ltr'>ἑαυτῆς</span> <span class='ocrx_word' id='word_1_467' title='bbox 1537 5492 1670 5545; x_wconf 86' lang='grc' dir='ltr'><strong>ἀπέ-</strong></span> 
     </span>
    </p>
   </div>
   <div class='ocr_carea' id='block_1_71' title="bbox 122 5573 1088 5644">
    <p class='ocr_par' dir='ltr' id='par_1_71' title="bbox 122 5573 1088 5644">
     <span class='ocr_line' id='line_1_73' title="bbox 122 5573 1088 5644; baseline 0.024 -31"><span class='ocrx_word' id='word_1_468' title='bbox 122 5580 251 5639; x_wconf 76' lang='grc' dir='ltr'>ιρησε</span> <span class='ocrx_word' id='word_1_469' title='bbox 275 5574 553 5642; x_wconf 83' lang='grc' dir='ltr'>γλῶσσαν.</span> <span class='ocrx_word' id='word_1_470' title='bbox 592 5573 760 5644; x_wconf 75' lang='lat' dir='ltr'><strong>Sync.</strong></span> <span class='ocrx_word' id='word_1_471' title='bbox 787 5590 837 5643; x_wconf 87' lang='lat' dir='ltr'><strong>p.</strong></span> <span class='ocrx_word' id='word_1_472' title='bbox 862 5577 991 5642; x_wconf 69' lang='grc'>258,</span> <span class='ocrx_word' id='word_1_473' title='bbox 1022 5579 1088 5636; x_wconf 84' lang='grc' dir='ltr'><strong>Β.</strong></span> 
     </span>
    </p>
   </div>
   <div class='ocr_carea' id='block_1_72' title="bbox 174 5663 1669 5744">
    <p class='ocr_par' dir='ltr' id='par_1_72' title="bbox 174 5663 1669 5744">
     <span class='ocr_line' id='line_1_74' title="bbox 174 5663 1669 5744; baseline 0.009 -25"><span class='ocrx_word' id='word_1_474' title='bbox 174 5663 197 5729; x_wconf 75' lang='grc' dir='ltr'><em>Ῑ</em></span> <span class='ocrx_word' id='word_1_475' title='bbox 223 5667 367 5722; x_wconf 75' lang='grc' dir='ltr'>Κατὰ</span> <span class='ocrx_word' id='word_1_476' title='bbox 406 5670 511 5740; x_wconf 78' lang='grc' dir='ltr'>μὲν</span> <span class='ocrx_word' id='word_1_477' title='bbox 556 5665 752 5736; x_wconf 75' lang='grc' dir='ltr'>Κῦρον</span> <span class='ocrx_word' id='word_1_478' title='bbox 793 5669 826 5738; x_wconf 79' lang='grc' dir='ltr'>ἠ</span> <span class='ocrx_word' id='word_1_479' title='bbox 863 5669 961 5738; x_wconf 82' lang='grc' dir='ltr'>τῆς</span> <span class='ocrx_word' id='word_1_480' title='bbox 1006 5673 1375 5744; x_wconf 78' lang='grc' dir='ltr'>αἰχμαλωσίας</span> <span class='ocrx_word' id='word_1_481' title='bbox 1404 5676 1498 5730; x_wconf 77' lang='grc' dir='ltr'><strong>τοῦ</strong></span> <span class='ocrx_word' id='word_1_482' title='bbox 1541 5680 1669 5732; x_wconf 86' lang='grc' dir='ltr'>Ἰου-</span> 
     </span>
    </p>
   </div>
   <div class='ocr_carea' id='block_1_73' title="bbox 124 5750 1668 5838">
    <p class='ocr_par' dir='ltr' id='par_1_73' title="bbox 124 5750 1668 5838">
     <span class='ocr_line' id='line_1_75' title="bbox 124 5750 1668 5838; baseline 0.01 -28"><span class='ocrx_word' id='word_1_483' title='bbox 124 5750 250 5811; x_wconf 73' lang='grc' dir='ltr'>εαίων</span> <span class='ocrx_word' id='word_1_484' title='bbox 286 5761 469 5827; x_wconf 73' lang='grc' dir='ltr'>ἔθνους</span> <span class='ocrx_word' id='word_1_485' title='bbox 513 5757 812 5832; x_wconf 75' lang='grc' dir='ltr'>ἐλευθερία</span> <span class='ocrx_word' id='word_1_486' title='bbox 856 5761 1084 5830; x_wconf 89' lang='grc' dir='ltr'>γίνεται,</span> <span class='ocrx_word' id='word_1_487' title='bbox 1125 5767 1218 5820; x_wconf 72' lang='grc' dir='ltr'><strong>καὶ</strong></span> <span class='ocrx_word' id='word_1_488' title='bbox 1263 5771 1295 5834; x_wconf 81' lang='grc' dir='ltr'>ἡ</span> <span class='ocrx_word' id='word_1_489' title='bbox 1329 5768 1668 5838; x_wconf 81' lang='grc' dir='ltr'>συγχώρησις</span> 
     </span>
    </p>
   </div>
   <div class='ocr_carea' id='block_1_74' title="bbox 1775 4406 3334 4480">
    <p class='ocr_par' dir='ltr' id='par_1_74' title="bbox 1775 4406 3334 4480">
     <span class='ocr_line' id='line_1_76' title="bbox 1775 4406 3334 4480; baseline -0.001 -20"><span class='ocrx_word' id='word_1_490' title='bbox 1775 4409 1873 4479; x_wconf 83' lang='grc' dir='ltr'>τῆς</span> <span class='ocrx_word' id='word_1_491' title='bbox 1901 4407 1992 4462; x_wconf 84' lang='grc' dir='ltr'>τοῦ</span> <span class='ocrx_word' id='word_1_492' title='bbox 2031 4406 2174 4480; x_wconf 74' lang='grc' dir='ltr'>ἱεροῦ</span> <span class='ocrx_word' id='word_1_493' title='bbox 2215 4407 2521 4477; x_wconf 77' lang='grc' dir='ltr'>οἰκοδομῆςο</span> <span class='ocrx_word' id='word_1_494' title='bbox 2560 4409 2638 4471; x_wconf 87' lang='grc' dir='ltr'><strong>είς</strong></span> <span class='ocrx_word' id='word_1_495' title='bbox 2670 4407 2827 4479; x_wconf 79' lang='grc' dir='ltr'>ἔργον</span> <span class='ocrx_word' id='word_1_496' title='bbox 2859 4407 2921 4460; x_wconf 83' lang='grc' dir='ltr'><strong>δὲ’</strong></span> <span class='ocrx_word' id='word_1_497' title='bbox 2938 4409 3104 4478; x_wconf 88' lang='grc' dir='ltr'>χωρεῖ</span> <span class='ocrx_word' id='word_1_498' title='bbox 3132 4407 3234 4459; x_wconf 70' lang='grc' dir='ltr'><strong>καὶ</strong></span> <span class='ocrx_word' id='word_1_499' title='bbox 3253 4423 3334 4459; x_wconf 75' lang='grc' dir='ltr'>τεο</span> 
     </span>
    </p>
   </div>
   <div class='ocr_carea' id='block_1_75' title="bbox 1775 4496 3332 4570">
    <p class='ocr_par' dir='ltr' id='par_1_75' title="bbox 1775 4496 3332 4570">
     <span class='ocr_line' id='line_1_77' title="bbox 1775 4496 3332 4570; baseline -0.003 -17"><span class='ocrx_word' id='word_1_500' title='bbox 1775 4499 2011 4554; x_wconf 78' lang='grc' dir='ltr'>λειοῦται</span> <span class='ocrx_word' id='word_1_501' title='bbox 2042 4501 2071 4552; x_wconf 90' lang='lat'><strong>6</strong></span> <span class='ocrx_word' id='word_1_502' title='bbox 2110 4499 2236 4562; x_wconf 84' lang='grc' dir='ltr'>ναὸς</span> <span class='ocrx_word' id='word_1_503' title='bbox 2276 4498 2418 4552; x_wconf 81' lang='grc' dir='ltr'>κατὰ</span> <span class='ocrx_word' id='word_1_504' title='bbox 2456 4499 2518 4551; x_wconf 87' lang='grc' dir='ltr'>τὸ</span> <span class='ocrx_word' id='word_1_505' title='bbox 2548 4516 2582 4569; x_wconf 87' lang='grc' dir='ltr'><strong>η</strong></span> <span class='ocrx_word' id='word_1_506' title='bbox 2617 4499 2735 4561; x_wconf 74' lang='grc' dir='ltr'>ἔτος</span> <span class='ocrx_word' id='word_1_507' title='bbox 2753 4497 2979 4570; x_wconf 83' lang='grc' dir='ltr'>Δαρείου</span> <span class='ocrx_word' id='word_1_508' title='bbox 3012 4496 3105 4550; x_wconf 77' lang='grc' dir='ltr'>τοῦ</span> <span class='ocrx_word' id='word_1_509' title='bbox 3147 4497 3332 4550; x_wconf 81' lang='grc' dir='ltr'>Ὑστά·</span> 
     </span>
    </p>
   </div>
   <div class='ocr_carea' id='block_1_76' title="bbox 1775 4585 3335 4660">
    <p class='ocr_par' dir='ltr' id='par_1_76' title="bbox 1775 4585 3335 4660">
     <span class='ocr_line' id='line_1_78' title="bbox 1775 4585 3335 4660; baseline -0.003 -17"><span class='ocrx_word' id='word_1_510' title='bbox 1775 4607 1932 4654; x_wconf 87' lang='grc' dir='ltr'>σπου,</span> <span class='ocrx_word' id='word_1_511' title='bbox 1970 4589 2078 4643; x_wconf 84' lang='grc' dir='ltr'><strong>τῶν</strong></span> <span class='ocrx_word' id='word_1_512' title='bbox 2111 4589 2402 4660; x_wconf 86' lang='grc' dir='ltr'>περιοίκων</span> <span class='ocrx_word' id='word_1_513' title='bbox 2432 4589 2490 4641; x_wconf 85' lang='grc' dir='ltr'>ὲν</span> <span class='ocrx_word' id='word_1_514' title='bbox 2517 4589 2596 4660; x_wconf 80' lang='grc' dir='ltr'>τῷ</span> <span class='ocrx_word' id='word_1_515' title='bbox 2627 4587 2826 4660; x_wconf 75' lang='grc' dir='ltr'>μεταξὺ</span> <span class='ocrx_word' id='word_1_516' title='bbox 2853 4587 3030 4658; x_wconf 84' lang='grc' dir='ltr'>χρόνῳ</span> <span class='ocrx_word' id='word_1_517' title='bbox 3064 4585 3162 4658; x_wconf 79' lang='grc' dir='ltr'>τὴν</span> <span class='ocrx_word' id='word_1_518' title='bbox 3200 4588 3335 4640; x_wconf 82' lang='grc' dir='ltr'>οἱκο-</span> 
     </span>
    </p>
   </div>
   <div class='ocr_carea' id='block_1_77' title="bbox 1769 4677 3339 4752">
    <p class='ocr_par' dir='ltr' id='par_1_77' title="bbox 1769 4677 3339 4752">
     <span class='ocr_line' id='line_1_79' title="bbox 1769 4677 3339 4752; baseline -0.004 -16"><span class='ocrx_word' id='word_1_519' title='bbox 1769 4681 1936 4752; x_wconf 82' lang='grc' dir='ltr'>δομὴν</span> <span class='ocrx_word' id='word_1_520' title='bbox 1962 4681 2311 4751; x_wconf 77' lang='grc' dir='ltr'>ἐπισχόντων.</span> <span class='ocrx_word' id='word_1_521' title='bbox 2345 4679 2564 4751; x_wconf 80' lang='grc' dir='ltr'>Συνᾴδει</span> <span class='ocrx_word' id='word_1_522' title='bbox 2593 4679 2648 4733; x_wconf 83' lang='grc' dir='ltr'>δὲ</span> <span class='ocrx_word' id='word_1_523' title='bbox 2677 4678 2884 4742; x_wconf 83' lang='grc' dir='ltr'>τούτοις</span> <span class='ocrx_word' id='word_1_524' title='bbox 2909 4679 3002 4730; x_wconf 76' lang='grc' dir='ltr'><strong>καὶ</strong></span> <span class='ocrx_word' id='word_1_525' title='bbox 3032 4680 3060 4731; x_wconf 97' lang='lat'><strong>6</strong></span> <span class='ocrx_word' id='word_1_526' title='bbox 3091 4677 3339 4748; x_wconf 65' lang='grc' dir='ltr'><strong>Κλήμηςτ</strong></span> 
     </span>
    </p>
   </div>
   <div class='ocr_carea' id='block_1_78' title="bbox 1770 4768 3335 4846">
    <p class='ocr_par' dir='ltr' id='par_1_78' title="bbox 1770 4768 3335 4846">
     <span class='ocr_line' id='line_1_80' title="bbox 1770 4768 3335 4846; baseline -0.004 -20"><span class='ocrx_word' id='word_1_527' title='bbox 1770 4775 1798 4826; x_wconf 90' lang='lat'><strong>6</strong></span> <span class='ocrx_word' id='word_1_528' title='bbox 1828 4776 1885 4826; x_wconf 83' lang='grc' dir='ltr'>ὲν</span> <span class='ocrx_word' id='word_1_529' title='bbox 1906 4773 1982 4844; x_wconf 83' lang='grc' dir='ltr'><strong>τῷ</strong></span> <span class='ocrx_word' id='word_1_530' title='bbox 2006 4773 2203 4846; x_wconf 83' lang='grc' dir='ltr'>πρώτῳ</span> <span class='ocrx_word' id='word_1_531' title='bbox 2225 4771 2514 4845; x_wconf 83' lang='grc' dir='ltr'>Στρὼματι</span> <span class='ocrx_word' id='word_1_532' title='bbox 2538 4773 2763 4845; x_wconf 76' lang='grc' dir='ltr'>γράφων</span> <span class='ocrx_word' id='word_1_533' title='bbox 2789 4770 2981 4832; x_wconf 73' lang='grc' dir='ltr'>οὕτως’</span> <span class='ocrx_word' id='word_1_534' title='bbox 3007 4770 3115 4822; x_wconf 76' lang='grc' dir='ltr'><strong>Καὶ</strong></span> <span class='ocrx_word' id='word_1_535' title='bbox 3136 4768 3335 4839; x_wconf 62' lang='grc' dir='ltr'>ἕμεινεκ</span> 
     </span>
    </p>
   </div>
   <div class='ocr_carea' id='block_1_79' title="bbox 1772 4859 3338 4936">
    <p class='ocr_par' dir='ltr' id='par_1_79' title="bbox 1772 4859 3338 4936">
     <span class='ocr_line' id='line_1_81' title="bbox 1772 4859 3338 4936; baseline -0.004 -18"><span class='ocrx_word' id='word_1_536' title='bbox 1772 4865 1804 4935; x_wconf 83' lang='grc' dir='ltr'><strong>ή</strong></span> <span class='ocrx_word' id='word_1_537' title='bbox 1835 4865 2179 4935; x_wconf 74' lang='grc' dir='ltr'>αἰχμαλωσία</span> <span class='ocrx_word' id='word_1_538' title='bbox 2206 4864 2299 4936; x_wconf 83' lang='grc' dir='ltr'><strong>ἔτη</strong></span> <span class='ocrx_word' id='word_1_539' title='bbox 2328 4871 2391 4930; x_wconf 84' lang='lat' dir='ltr'><strong>o’,</strong></span> <span class='ocrx_word' id='word_1_540' title='bbox 2425 4863 2773 4935; x_wconf 79' lang='grc' dir='ltr'>καταλήξασα</span> <span class='ocrx_word' id='word_1_541' title='bbox 2806 4865 2884 4926; x_wconf 77' lang='grc' dir='ltr'>εἰς</span> <span class='ocrx_word' id='word_1_542' title='bbox 2920 4861 2980 4914; x_wconf 81' lang='grc' dir='ltr'>τὸ</span> <span class='ocrx_word' id='word_1_543' title='bbox 3014 4859 3057 4930; x_wconf 88' lang='grc' dir='ltr'><strong>β’</strong></span> <span class='ocrx_word' id='word_1_544' title='bbox 3090 4861 3208 4924; x_wconf 75' lang='grc' dir='ltr'>ἔτος</span> <span class='ocrx_word' id='word_1_545' title='bbox 3241 4862 3338 4912; x_wconf 81' lang='grc' dir='ltr'><strong>Δα-</strong></span> 
     </span>
    </p>
   </div>
   <div class='ocr_carea' id='block_1_80' title="bbox 1775 4949 3340 5027">
    <p class='ocr_par' dir='ltr' id='par_1_80' title="bbox 1775 4949 3340 5027">
     <span class='ocr_line' id='line_1_82' title="bbox 1775 4949 3340 5027; baseline -0.004 -19"><span class='ocrx_word' id='word_1_546' title='bbox 1775 4955 1914 5024; x_wconf 84' lang='grc' dir='ltr'>ρείου</span> <span class='ocrx_word' id='word_1_547' title='bbox 1943 4955 2057 5008; x_wconf 86' lang='grc' dir='ltr'>υίοῦ</span> <span class='ocrx_word' id='word_1_548' title='bbox 2097 4955 2401 5010; x_wconf 79' lang='grc' dir='ltr'>Ὑστάσπου</span> <span class='ocrx_word' id='word_1_549' title='bbox 2428 4953 2652 5027; x_wconf 84' lang='grc' dir='ltr'>Περσῶν</span> <span class='ocrx_word' id='word_1_550' title='bbox 2684 4955 2778 5008; x_wconf 74' lang='grc' dir='ltr'><strong>καὶ</strong></span> <span class='ocrx_word' id='word_1_551' title='bbox 2823 4954 3119 5025; x_wconf 81' lang='grc' dir='ltr'>’Λσσυρῐων</span> <span class='ocrx_word' id='word_1_552' title='bbox 3147 4949 3242 5004; x_wconf 76' lang='grc' dir='ltr'><strong>καὶ</strong></span> <span class='ocrx_word' id='word_1_553' title='bbox 3262 4951 3340 5002; x_wconf 80' lang='lat' dir='ltr'><strong>Al-</strong></span> 
     </span>
    </p>
   </div>
   <div class='ocr_carea' id='block_1_81' title="bbox 1770 5039 3340 5119">
    <p class='ocr_par' dir='ltr' id='par_1_81' title="bbox 1770 5039 3340 5119">
     <span class='ocr_line' id='line_1_83' title="bbox 1770 5039 3340 5119; baseline -0.002 -20"><span class='ocrx_word' id='word_1_554' title='bbox 1770 5048 2010 5115; x_wconf 83' lang='grc' dir='ltr'>γυπτίων</span> <span class='ocrx_word' id='word_1_555' title='bbox 2033 5047 2323 5119; x_wconf 80' lang='grc' dir='ltr'>γενομένου</span> <span class='ocrx_word' id='word_1_556' title='bbox 2349 5047 2628 5117; x_wconf 82' lang='grc' dir='ltr'>βασιλέως,</span> <span class='ocrx_word' id='word_1_557' title='bbox 2651 5047 2732 5115; x_wconf 81' lang='grc' dir='ltr'><strong>ἐφ’</strong></span> <span class='ocrx_word' id='word_1_558' title='bbox 2754 5039 2815 5098; x_wconf 76' lang='grc' dir='ltr'><strong>οὗ</strong></span> <span class='ocrx_word' id='word_1_559' title='bbox 2856 5046 3105 5114; x_wconf 84' lang='grc' dir='ltr'>Ἀγγαῖος</span> <span class='ocrx_word' id='word_1_560' title='bbox 3129 5045 3222 5098; x_wconf 75' lang='grc' dir='ltr'><strong>καὶ</strong></span> <span class='ocrx_word' id='word_1_561' title='bbox 3245 5043 3340 5096; x_wconf 79' lang='grc' dir='ltr'><strong>Ζαο</strong></span> 
     </span>
    </p>
   </div>
   <div class='ocr_carea' id='block_1_82' title="bbox 1772 5134 3339 5209">
    <p class='ocr_par' dir='ltr' id='par_1_82' title="bbox 1772 5134 3339 5209">
     <span class='ocr_line' id='line_1_84' title="bbox 1772 5134 3339 5209; baseline -0.001 -20"><span class='ocrx_word' id='word_1_562' title='bbox 1772 5136 1983 5208; x_wconf 88' lang='grc' dir='ltr'>χαρίας,</span> <span class='ocrx_word' id='word_1_563' title='bbox 2001 5139 2094 5191; x_wconf 76' lang='grc' dir='ltr'>καὶ</span> <span class='ocrx_word' id='word_1_564' title='bbox 2112 5141 2139 5190; x_wconf 91' lang='lat'><strong>6</strong></span> <span class='ocrx_word' id='word_1_565' title='bbox 2168 5139 2231 5190; x_wconf 87' lang='grc' dir='ltr'><strong>ὲκ</strong></span> <span class='ocrx_word' id='word_1_566' title='bbox 2260 5137 2370 5191; x_wconf 83' lang='grc' dir='ltr'><strong>τῶν</strong></span> <span class='ocrx_word' id='word_1_567' title='bbox 2396 5135 2461 5191; x_wconf 82' lang='grc' dir='ltr'>ιϐ’</span> <span class='ocrx_word' id='word_1_568' title='bbox 2491 5136 2754 5206; x_wconf 72' lang='grc' dir='ltr'>Ἀγγελος</span> <span class='ocrx_word' id='word_1_569' title='bbox 2783 5135 3206 5209; x_wconf 75' lang='grc' dir='ltr'>προφητεύουσι.</span> <span class='ocrx_word' id='word_1_570' title='bbox 3238 5134 3339 5187; x_wconf 64' lang='grc' dir='ltr'><strong>Κατ</strong></span> 
     </span>
    </p>
   </div>
   <div class='ocr_carea' id='block_1_83' title="bbox 1769 5227 3340 5302">
    <p class='ocr_par' dir='ltr' id='par_1_83' title="bbox 1769 5227 3340 5302">
     <span class='ocr_line' id='line_1_85' title="bbox 1769 5227 3340 5302; baseline -0.002 -20"><span class='ocrx_word' id='word_1_571' title='bbox 1769 5229 1941 5282; x_wconf 82' lang='grc' dir='ltr'>ταῦτα</span> <span class='ocrx_word' id='word_1_572' title='bbox 1969 5232 2065 5300; x_wconf 83' lang='grc' dir='ltr'>μὲν</span> <span class='ocrx_word' id='word_1_573' title='bbox 2098 5232 2127 5283; x_wconf 92' lang='lat'><strong>6</strong></span> <span class='ocrx_word' id='word_1_574' title='bbox 2156 5229 2414 5301; x_wconf 78' lang='grc' dir='ltr'>δηλωθεὶς</span> <span class='ocrx_word' id='word_1_575' title='bbox 2447 5231 2604 5302; x_wconf 78' lang='grc' dir='ltr'>ἀνὴρ.</span> <span class='ocrx_word' id='word_1_576' title='bbox 2645 5231 2779 5302; x_wconf 74' lang='grc' dir='ltr'>Περὶ</span> <span class='ocrx_word' id='word_1_577' title='bbox 2815 5230 2870 5283; x_wconf 75' lang='grc' dir='ltr'>δὲ</span> <span class='ocrx_word' id='word_1_578' title='bbox 2906 5231 3064 5301; x_wconf 87' lang='grc' dir='ltr'>μέχρι</span> <span class='ocrx_word' id='word_1_579' title='bbox 3097 5227 3340 5300; x_wconf 73' lang='grc' dir='ltr'>δευτέρον</span> 
     </span>
    </p>
   </div>
   <div class='ocr_carea' id='block_1_84' title="bbox 1771 5319 3319 5393">
    <p class='ocr_par' dir='ltr' id='par_1_84' title="bbox 1771 5319 3319 5393">
     <span class='ocr_line' id='line_1_86' title="bbox 1771 5319 3319 5393; baseline 0.001 -21"><span class='ocrx_word' id='word_1_580' title='bbox 1771 5319 1922 5384; x_wconf 74' lang='grc' dir='ltr'>ἔτους</span> <span class='ocrx_word' id='word_1_581' title='bbox 1961 5322 2186 5392; x_wconf 87' lang='grc' dir='ltr'>Δαρείου</span> <span class='ocrx_word' id='word_1_582' title='bbox 2225 5322 2288 5375; x_wconf 82' lang='grc' dir='ltr'>τὸ</span> <span class='ocrx_word' id='word_1_583' title='bbox 2318 5323 2358 5375; x_wconf 91' lang='lat' dir='ltr'><strong>o&#39;</strong></span> <span class='ocrx_word' id='word_1_584' title='bbox 2387 5323 2486 5392; x_wconf 77' lang='grc' dir='ltr'>τῆς</span> <span class='ocrx_word' id='word_1_585' title='bbox 2525 5322 2760 5393; x_wconf 78' lang='grc' dir='ltr'>ἐρημίας</span> <span class='ocrx_word' id='word_1_586' title='bbox 2791 5321 2884 5374; x_wconf 80' lang='grc' dir='ltr'>τοῦ</span> <span class='ocrx_word' id='word_1_587' title='bbox 2930 5321 3074 5393; x_wconf 83' lang='grc' dir='ltr'>ἱεροῦ</span> <span class='ocrx_word' id='word_1_588' title='bbox 3101 5321 3218 5384; x_wconf 74' lang='grc' dir='ltr'>ἔτος</span> <span class='ocrx_word' id='word_1_589' title='bbox 3244 5338 3319 5373; x_wconf 81' lang='grc' dir='ltr'><strong>πα</strong></span> 
     </span>
    </p>
   </div>
   <div class='ocr_carea' id='block_1_85' title="bbox 1775 5409 3345 5484">
    <p class='ocr_par' dir='ltr' id='par_1_85' title="bbox 1775 5409 3345 5484">
     <span class='ocr_line' id='line_1_87' title="bbox 1775 5409 3345 5484; baseline -0.003 -22"><span class='ocrx_word' id='word_1_590' title='bbox 1775 5413 2041 5481; x_wconf 88' lang='grc' dir='ltr'>ρατεῖναι,</span> <span class='ocrx_word' id='word_1_591' title='bbox 2097 5413 2306 5484; x_wconf 84' lang='grc' dir='ltr'>μάρτυς</span> <span class='ocrx_word' id='word_1_592' title='bbox 2351 5411 2610 5482; x_wconf 75' lang='grc' dir='ltr'>ἐχέγγυος</span> <span class='ocrx_word' id='word_1_593' title='bbox 2653 5413 2681 5464; x_wconf 89' lang='lat'><strong>6</strong></span> <span class='ocrx_word' id='word_1_594' title='bbox 2729 5412 3011 5482; x_wconf 69' lang='grc' dir='ltr'>προφήτης</span> <span class='ocrx_word' id='word_1_595' title='bbox 3054 5409 3345 5480; x_wconf 73' lang='grc' dir='ltr'>Ζαχαρίας.</span> 
     </span>
    </p>
   </div>
   <div class='ocr_carea' id='block_1_86' title="bbox 1770 5501 3340 5576">
    <p class='ocr_par' dir='ltr' id='par_1_86' title="bbox 1770 5501 3340 5576">
     <span class='ocr_line' id='line_1_88' title="bbox 1770 5501 3340 5576; baseline 0 -22"><span class='ocrx_word' id='word_1_596' title='bbox 1770 5501 1922 5566; x_wconf 74' lang='grc' dir='ltr'>ἔτους</span> <span class='ocrx_word' id='word_1_597' title='bbox 1947 5501 2196 5575; x_wconf 81' lang='grc' dir='ltr'>δευτέρου</span> <span class='ocrx_word' id='word_1_598' title='bbox 2227 5505 2450 5573; x_wconf 82' lang='grc' dir='ltr'>Δαρείου</span> <span class='ocrx_word' id='word_1_599' title='bbox 2474 5503 2660 5557; x_wconf 87' lang='grc' dir='ltr'>είπών·</span> <span class='ocrx_word' id='word_1_600' title='bbox 2693 5523 2711 5554; x_wconf 76' lang='grc' dir='ltr'><strong>ι</strong></span> <span class='ocrx_word' id='word_1_601' title='bbox 2739 5503 2910 5576; x_wconf 78' lang='grc' dir='ltr'>Κύριε</span> <span class='ocrx_word' id='word_1_602' title='bbox 2951 5503 3340 5573; x_wconf 86' lang='grc' dir='ltr'>παντόκρατορ.</span> 
     </span>
    </p>
   </div>
   <div class='ocr_carea' id='block_1_87' title="bbox 1770 5593 3340 5668">
    <p class='ocr_par' dir='ltr' id='par_1_87' title="bbox 1770 5593 3340 5668">
     <span class='ocr_line' id='line_1_89' title="bbox 1770 5593 3340 5668; baseline 0.003 -23"><span class='ocrx_word' id='word_1_603' title='bbox 1770 5593 1874 5656; x_wconf 74' lang='grc' dir='ltr'>ἕως</span> <span class='ocrx_word' id='word_1_604' title='bbox 1910 5594 2052 5657; x_wconf 85' lang='grc' dir='ltr'>τίνος</span> <span class='ocrx_word' id='word_1_605' title='bbox 2087 5597 2145 5648; x_wconf 82' lang='grc' dir='ltr'>οὐ</span> <span class='ocrx_word' id='word_1_606' title='bbox 2192 5596 2264 5668; x_wconf 86' lang='grc' dir='ltr'>μὴ</span> <span class='ocrx_word' id='word_1_607' title='bbox 2314 5597 2553 5668; x_wconf 84' lang='grc' dir='ltr'>ὲλεήσεις</span> <span class='ocrx_word' id='word_1_608' title='bbox 2591 5593 2686 5666; x_wconf 79' lang='grc' dir='ltr'>τὴν</span> <span class='ocrx_word' id='word_1_609' title='bbox 2725 5594 3096 5667; x_wconf 78' lang='grc' dir='ltr'>Ἰερουσαλὴμ,</span> <span class='ocrx_word' id='word_1_610' title='bbox 3130 5597 3224 5649; x_wconf 70' lang='grc' dir='ltr'><strong>καὶ</strong></span> <span class='ocrx_word' id='word_1_611' title='bbox 3252 5596 3340 5658; x_wconf 75' lang='grc' dir='ltr'>τὰς</span> 
     </span>
    </p>
   </div>
   <div class='ocr_carea' id='block_1_88' title="bbox 1772 5683 3344 5760">
    <p class='ocr_par' dir='ltr' id='par_1_88' title="bbox 1772 5683 3344 5760">
     <span class='ocr_line' id='line_1_90' title="bbox 1772 5683 3344 5760; baseline 0.003 -25"><span class='ocrx_word' id='word_1_612' title='bbox 1772 5683 1953 5748; x_wconf 84' lang='grc' dir='ltr'>πόλεις</span> <span class='ocrx_word' id='word_1_613' title='bbox 1995 5685 2182 5751; x_wconf 82' lang='grc' dir='ltr'>Ἰούδα,</span> <span class='ocrx_word' id='word_1_614' title='bbox 2232 5688 2299 5752; x_wconf 76' lang='grc' dir='ltr'>ἃς</span> <span class='ocrx_word' id='word_1_615' title='bbox 2359 5688 2636 5760; x_wconf 73' lang='grc' dir='ltr'>ὑπερίδεςς</span> <span class='ocrx_word' id='word_1_616' title='bbox 2672 5686 2828 5742; x_wconf 77' lang='grc' dir='ltr'>τοῦτο</span> <span class='ocrx_word' id='word_1_617' title='bbox 2884 5687 2924 5741; x_wconf 91' lang='lat' dir='ltr'><strong>o&#39;</strong></span> <span class='ocrx_word' id='word_1_618' title='bbox 2954 5689 3090 5753; x_wconf 71' lang='grc' dir='ltr'>ἔτος.</span> <span class='ocrx_word' id='word_1_619' title='bbox 3134 5707 3152 5741; x_wconf 73' lang='grc' dir='ltr'><strong>ι</strong></span> <span class='ocrx_word' id='word_1_620' title='bbox 3201 5687 3344 5744; x_wconf 71' lang='lat' dir='ltr'><strong>Ideni</strong></span> 
     </span>
    </p>
   </div>
   <div class='ocr_carea' id='block_1_89' title="bbox 1770 5775 2132 5844">
    <p class='ocr_par' dir='ltr' id='par_1_89' title="bbox 1770 5775 2132 5844">
     <span class='ocr_line' id='line_1_91' title="bbox 1770 5775 2132 5844; baseline 0.014 -16"><span class='ocrx_word' id='word_1_621' title='bbox 1770 5789 1824 5840; x_wconf 82' lang='grc' dir='ltr'>ρ.</span> <span class='ocrx_word' id='word_1_622' title='bbox 1854 5775 1975 5844; x_wconf 86' lang='grc'><strong>144,</strong></span> <span class='ocrx_word' id='word_1_623' title='bbox 2012 5777 2132 5832; x_wconf 70' lang='grc'><strong>145.</strong></span> 
     </span>
    </p>
   </div>
  </div>
