3804 6312
156 311 234 367 489
1395 309 1900 372 ειιιιοκιεοιιιιιι
1938 312 2069 374 LIB.
2097 312 2168 372 II.

3277 319 3421 379 490-

211 577 235 611 a
263 557 572 613 Alexander
627 559 912 613 adversum
964 558 1176 630 Illyrios
1205 566 1262 614 et
1315 557 1560 622 Thracas
1607 559 1842 616 feliciter
1885 562 2136 626 dimicat,
2189 568 2244 617 et
2282 561 2564 619 subversis
2609 560 2814 618 Thebis
2848 561 2926 634 (1)
2962 561 3018 617 in
3052 560 3281 629 Achaia,
3321 559 3381 617 in

157 654 320 710 Persas
350 670 505 708 arma
543 658 838 723 convertit,
869 664 924 713 et
958 650 1100 727 apud
1136 655 1433 711 Granicum
1475 656 1674 714 ﬂumen
1711 657 1876 730 regiis
1909 658 2144 714 ducibus
2171 659 2472 729 oppressis,
2510 659 2700 714 urbem
2733 655 2923 714 Sardis
2960 655 3129 732 capit.

1077 787 1270 828 OLYIP.
1345 789 1578 828 ABBAHA-
1651 787 1848 828 IACED.

1408 861 1512 900 IUS

1958 785 2106 828 PEBS.
2249 787 2376 827 80H.

1595 913 1880 985 Philippus
1930 913 2126 970 Darius
2201 912 2415 969 Consu‘

1075 1083 1284 1096 *-

1356 1083 1571 1096 ..-

1396 1146 1536 1201 1682

1394 1217 1537 1273 1685

1397 1288 1534 1342 16ᾳ4

550 1261 635 1338 Β.
680 1263 952 1336 CDXX.
1107 1266 1248 1334 112

2262 985 2340 1040 les

2029 1146 2065 1200 2
2244 1145 2350 1200 178

2029 1217 2065 1271 5
2247 1217 2347 1272 179

2032 1288 2067 1341 ι
2247 1287 2350 1342 180

205 1403 515 1469 Alexander,
551 1413 710 1475 capta
739 1403 905 1476 Tyro,
945 1402 1188 1458 Judteam
1221 1403 1451 1467 invadit,
1500 1417 1531 1456 a
1565 1415 1671 1472 qua
1707 1399 2080 1455 favorabiliter
2107 1406 2392 1470 exceptus,
2427 1398 2540 1456 Deo
2571 1399 2822 1456 victimas
2857 1397 3124 1463 immolat,
3159 1403 3215 1471 et
3244 1391 3376 1454 Jad-

157 1499 258 1550 dum
290 1497 600 1566 pontificem
639 1498 826 1567 templi
869 1497 1174 1552 honoribus
1225 1497 1477 1568 plurimis
1512 1495 1886 1568 prosequitur,
1933 1494 2320 1549 Andromacho
2369 1495 2614 1550 locorum
2659 1493 2886 1549 custode
2921 1492 3172 1558 dimisso,
3209 1507 3373 1563 quem

153 1601 301 1663 postea
336 1590 677 1647 Samaritani
717 1591 1113 1648 interﬁciumt:
1146 1592 1216 1646 ob
1249 1607 1371 1661 quae
1405 1591 1475 1644 ab
1503 1589 1742 1661 :Egypto
1773 1603 2031 1645 reversus
2060 1587 2371 1642 Alexander
2401 1589 2614 1659 magnis
2643 1601 2738 1643 eos
2777 1585 3059 1657 suppliciis
3091 1583 3292 1652 aﬂ'ecit,
3321 1593 3377 1642 et

152 1689 304 1743 urbem
330 1702 524 1740 eorum
559 1695 778 1757 captam
813 1685 1199 1743 Macedonibus
1229 1687 1294 1740 ad
1333 1683 1749 1739 inhabitandum
1787 1683 1937 1740 dedit
1973 1699 2119 1739 anno
2153 1683 2305 1754 regni
2339 1683 2424 1739 sui
2454 1691 2669 1753 quarto.

201 1851 224 1903 θ
258 1850 562 1906 Alexander
589 1851 829 1905 obtinuit
861 1849 962 1902 Ba—
1386 1847 1528 1903 1686

147 1925 356 1994 bylonem
401 1919 703 1994 interfecto
745 1921 907 1974 Dario
945 1939 958 1974 :

145 1991 184 2047 in
224 2009 319 2062 quo
367 2006 604 2062 regnum
671 1991 962 2062 Persarum

144 2061 452 2117 destructum
473 2071 563 2117 est
609 2077 759 2118 anno
793 2061 960 2133 septi-

143 2151 207 2187 m0
240 2135 378 2204 regni
409 2134 555 2202 ejus.

2027 1778 2060 1833 5
2246 1777 2340 1831 181

2026 1848 2061 1902 6
2241 1847 2346 1902 182
2497 1862 2526 1900 c
2563 1841 2935 1899 Romanorum
2984 1839 3179 1899 consul
3223 1837 3376 1898 Man-

2436 1917 2543 1972 lius
2596 1914 2908 1986 Torquatus
2962 1914 3132 1986 filium
3184 1927 3371 1986 suum,

2433 1986 2578 2058 quod
2619 1983 2811 2040 contra
2844 1985 3132 2058 imperium
3181 1984 3234 2037 in
3283 1983 3376 2037 huo

2439 2055 2578 2113 stem
2631 2063 2969 2127 pugnaverat
3021 2055 3372 2127 viceratque,

2431 2129 2600 2198 virgis
2631 2123 2843 2182 cae—sum
2871 2125 3052 2182 securi
3084 2123 3372 2196 percussit.

191 2245 220 2298 ὀ
253 2248 556 2304 Alexander
584 2247 874 2318 Hyrcanos
901 2248 1048 2318 capit
1081 2256 1135 2303 et
1166 2245 1386 2303 Mardos
1425 2265 1439 2302 :
1476 2255 1904 2318 revertensque,
1940 2261 2065 2301 cum
2099 2245 2441 2302 ascendisset
2469 2245 2537 2301 ad
2571 2244 2894 2301 Hammonis
2921 2243 3208 2316 templum,
3241 2252 3374 2298 cono

141 2338 250 2396 didit
277 2343 551 2400 civitatem
587 2343 648 2398 in
690 2342 862 2413 Libya
905 2343 1182 2409 inferiore,
1211 2360 1375 2416 quam
1407 2355 1606 2401 vocant
1639 2343 2028 2402 Paraetonium.

1211 2629 1402 2671 οιιιιιι.
1479 2625 1712 2670 ΔΒΩΑΙΙΑ·
1777 2630 1979 2670 IACEO.

1546 2702 1650 2742 IUS

1203 2925 1414 2937 .u-o—
1488 2926 1700 2938 --ο

1526 2988 1665 3043 1687

1771 2925 1983 2940 ——_

2091 2629 2216 2671 BOI.

1767 2755 1996 2809 Alexan-

1823 2827 1920 2880 der

1880 2983 1911 3041 7
2125 2987 2228 3042 185
2443 2982 2976 3060 Romanisamnltas
3007 2946 3372 3060 subigunt,‘et

2377 3058 2626 3112 colonias
2656 3057 2957 3112 deducunt.

187 3195 210 3232 e
240 3178 560 3236 Alexandria
592 3177 652 3235 in
693 3174 932 3250 [Egypto
960 3171 1182 3232 condita
1223 3177 1459 3248 septimo
1493 3176 1593 3250 [αι.
1633 3175 1814 3249 sexto]
1849 3191 1993 3231 anno
2024 3177 2175 3248 regni
2215 3176 2509 3232 Alexandri
2541 3189 2689 3247 :quo
2715 3185 2960 3246 tempore
2992 3177 3156 3232 etiam
3191 3171 3370 3234 Latini

137 3267 420 3328 altomanis
451 3273 760 3344 perdomiti
798 3279 946 3329 sunt.
977 3270 1289 3326 Alexander
1327 3280 1519 3342 regnat
1560 3271 1706 3326 Asia:
1755 3285 1900 3326 anno
1953 3271 2102 3342 regni
2157 3270 2240 3326 sui
2281 3271 2516 3341 septimo
2557 3269 2656 3342 [αι.
2705 3267 2879 3342 sexto}
2920 3279 2974 3325 et
3007 3277 3156 3326 tenet
3186 3272 3374 3327 omnia

137 3365 264 3418 mnis
294 3365 608 3421 duodecim.

1241 3477 1269 3544 λι
1291 3477 1380 3548 13
1519 3474 1659 3528 1688

186 3542 211 3610 f
233 3544 532 3600 Alexander
567 3543 802 3598 Aornim
837 3551 1044 3613 petram
1080 3558 1164 3597 ca-
1521 3545 1662 3599 1689

135 3613 194 3680 pit
212 3623 258 3668 et
275 3617 461 3670 ludum
489 3631 719 3670 amnem
741 3614 1162 3685 transgreditur.
1524 3615 1665 3670 1690

1529 3685 1655 3739 ιδθι

1249 3787 1388 3857 “4
1526 3757 1664 3811 ισοξ

1874 3474 1908 3550 8
2124 3476 2226 3550 181
2440 3473 2712 3548 Harpalus
2746 3474 2882 3548 fugit
2912 3477 2966 3533 in
2988 3475 3172 3532 Asiam
3198 3477 3273 3550 (ﬂ)

1846 3547 1914 3672 1?)
2445 3617 2653 3673 Bellum
2689 3616 2982 3672 Alexandri
3017 3617 3071 3672 in
3106 3615 3258 3674 India
3281 3628 3374 3676 ad-

1844 3687 1906 3742 11
2130 3687 2231 3742 187
2371 3701 2590 3744 versum
2624 3687 2823 3744 Porum
2849 3699 2902 3744 et
2933 3688 3200 3744 Taxilem.

1844 3757 1912 3812 12
2127 3758 2233 3813 188
2374 3829 2386 3831 _
2443 3777 2475 3831 g
2500 3759 2864 3815 Anaximenes
2881 3768 2934 3814 et
2947 3759 3217 3831 Epicurus
3237 3761 3373 3818 clari

2373 3829 2666 3886 habentur.

183 3915 212 3969 Ιι
241 3919 547 3978 Alexander
580 3917 872 3974 tricesimo
897 3917 1144 3974 secundo
1173 3915 1275 3988 [αι.
1298 3933 1432 3980 xxx,
1467 3917 1543 3971 al.
1581 3917 1779 3991 xxxm]
1803 3920 1980 3975 aetatis
2020 3936 2134 3976 suae
2170 3936 2316 3977 anno
2348 3922 2406 3978 in
2433 3923 2707 3994 Babylone
2734 3921 2970 3977 moritur
2999 3939 3013 3977 :
3047 3930 3174 3991 post
3207 3933 3369 3992 quem

133 4013 362 4068 translato
411 4016 469 4070 in
509 4015 725 4069 multos
778 4012 1030 4082 imperio,
1087 4011 1292 4066 diversi
1331 4021 1716 4080 regnaverunt.
1768 4011 1907 4068 Hinc
1957 4013 2455 4071 Alexandrinorum
2501 4015 2750 4072 nascitur
2799 4029 3025 4086 regnum
3092 4013 3241 4087 quod
3283 4017 3366 4073 es?

127 4097 314 4173 {Egypti
342 4121 358 4162 :
385 4115 443 4163 et
473 4123 580 4179 per
609 4107 864 4162 diversas
895 4111 1112 4175 gentes,
1138 4119 1277 4175 quas
1304 4101 1616 4160 Alexander
1641 4114 1915 4174 tenuerat,
1950 4107 2153 4163 diversi
2186 4117 2574 4179 regnaverunt.

178 4384 204 4419 α
243 4370 597 4442 Ἀλέξανδρος
643 4367 936 4438 Ἰλλυρίους
963 4368 1056 4422 καὶ
1087 4367 1306 4440 Θρᾷκας
1338 4363 1470 4432 εἷλε,
1502 4367 1684 4441 Θήϐας

125 4461 394 4533 κατέσκαψε
419 4504 434 4528 ,
483 4463 621 4525 τοὺς
668 4457 897 4530 Δαρείου
932 4463 1270 4532 στρατηγοὺς
1303 4463 1397 4515 ἐπὶ
1432 4461 1681 4532 Γρανικῷ

121 4557 313 4626 ποταμῷ
344 4557 539 4610 Λυδῶν
567 4555 811 4624 ἐνίκησε,
841 4553 1065 4624 Σάρδεις
1087 4549 1220 4620 εἷλε,
1245 4552 1419 4626 Τύρον
1444 4553 1682 4623 ἐπολιόρ-

122 4658 274 4713 κησεν,
338 4649 611 4704 Ἰουδαίαν
676 4645 1076 4717 προσελάϐετο,
1133 4648 1228 4700 καὶ
1273 4647 1365 4700 τὸν
1419 4646 1680 4718 ἀρχιερέα

128 4736 322 4805 Ἰαδδοῦς
354 4744 598 4814 ἐτίμησε
645 4740 815 4802 θύσας
856 4738 934 4809 τῷ
962 4739 1098 4810 Θεῷ·
1134 4735 1202 4812 ἦς
1241 4738 1555 4810 (Ἰουδαίας)
1587 4738 1681 4790 καὶ

119 4828 413 4906 ἐπιμελητὴν
477 4833 628 4906 μετὰ
679 4831 790 4883 τῶν
841 4829 1042 4882 λοιπῶν
1093 4832 1273 4883 τόπων
1319 4829 1680 4900 Ἀνδρόμαχον

117 4924 434 4996 κατέστησεν,
458 4927 522 4980 ὃν
551 4923 842 4987 ἀνελόντες
865 4924 913 4976 οἱ
939 4924 1038 4994 τὴν
1065 4922 1364 4994 Σαμαρέων
1383 4920 1678 4983 οἰκοῦντες,

115 5007 243 5076 δίκας
265 5015 442 5070 ἔτισαν
472 5014 875 5076 ἐπανελθόντος
909 5013 1256 5083 Ἀλεξάνδρου
1291 5012 1350 5078 ἐξ
1383 5012 1678 5081 Αἰγύπτουο

118 5099 192 5168 τὴν
230 5105 544 5177 Σαμάρειαν
597 5104 757 5157 πόλιν
802 5103 938 5156 ἑλὼν
989 5102 1334 5174 Ἀλέξανδρος
1366 5102 1682 5166 Μακεδόνας

117 5189 161 5237 ἐν
180 5194 298 5265 αὐτῇ
330 5197 674 5268 κατῴκισεν.
705 5193 856 5248 Idem
891 5209 942 5265 ρ.
973 5194 1106 5258 26οξ
1129 5194 1258 5249 261.

172 5287 196 5334 ο
225 5287 496 5361 Κατέσχεν
531 5285 837 5340 Βαϐυλῶνα
871 5282 1235 5356 Ἀλέξανδρος,
1272 5285 1365 5340 καὶ
1393 5287 1426 5357 ή
1455 5285 1680 5356 Περσῶν

121 5366 325 5435 βασιλεία
362 5379 673 5449 κατελύθη,
704 5375 1028 5448 διαμείνασα
1064 5377 1157 5433 σλ’.
1198 5375 1350 5431 Idem
1375 5395 1428 5448 p.
1457 5377 1581 5443 170,
1612 5376 1675 5432 C.

173 5639 236 5706 (l)
267 5640 342 5698 Al.
380 5658 485 5714 pro
542 5638 817 5696 subuersis
867 5630 1053 5694 Thebis
1103 5639 1268 5696 habet
1292 5639 1502 5710 ,‘quibus
1557 5638 1684 5695 subd

119 5713 264 5768 ursis.

359 5809 651 5866 Ριτιιοι..
683 5803 809 5864 Gtt.
839 5803 1012 5868 XIX.

1859 4383 1887 4421 c
1920 4365 2264 4439 (Ῥωμαίων)
2315 4366 2519 4432 ὕπατος
2564 4365 2656 4421 τὸν
2702 4365 2831 4423 ἴδιον
2869 4367 2984 4422 υἱὸν
3029 4365 3366 4430 ἐπελέκισεν.

1788 4459 1941 4531 παρὰ
1979 4461 2204 4531 γνώμην
2243 4458 2408 4512 αὑτοῦ
2454 4459 2799 4529 συμϐαλόντα
2827 4459 3060 4531 πόλεμον
3087 4461 3184 4516 καὶ
3213 4462 3369 4534 Vtut)-

1789 4569 1978 4608 σαντα.
2012 4551 2209 4606 Chron.
2243 4551 2425 4622 pascit.
2451 4566 2503 4619 ρ.
2534 4551 2657 4616 171,
2694 4551 2757 4606 Β.

1855 4645 1890 4696 d
1937 4643 2285 4714 Ἀλέξανδρος
2328 4643 2623 4714 Ὑρκανοὺς
2667 4646 2761 4698 καὶ
2789 4644 3046 4717 Μαρδοὺς
3073 4641 3371 4719 ὲχειρὼσαυυ

1783 4747 1863 4784 το.
1889 4731 2049 4802 Sync.
2081 4747 2132 4801 p.
2157 4731 2284 4796 261,
2311 4731 2376 4785 Β.

1853 4843 1880 4878 e
1924 4825 2296 4896 Ἀλεξάνδρεια
2324 4826 2358 4897 ή
2391 4823 2513 4880 κατ’
2538 4827 2808 4895 Αἴγυπτον
2841 4823 3053 4899 ἑϐδόμῳ
3076 4823 3184 4880 ἔτει
3223 4823 3370 4879 ’Λλει

1783 4913 2008 4988 ξάνδρου
2039 4916 2282 4989 ἐκτίσθη.
2322 4917 2549 4982 Ibidem,
2580 4919 2644 4972 Α.

1853 5009 1882 5078 Ῑ
1921 5008 2268 5082 Ἀλέξανδρος
2296 5010 2395 5079 τὴν
2429 5011 2658 5082 Ἀορνον
2689 5011 2893 5081 πέτραν
2917 5008 3252 5083 ἐχειρώσατο
3273 5007 3368 5064 καὶ

1785 5105 2027 5173 ποταμὸν
2068 5102 2226 5155 Ἰνδὸν
2261 5101 2435 5174 διέϐη.
2474 5102 2632 5174 Sync.
2663 5120 2714 5174 p.
2747 5104 2874 5168 961,
2907 5104 2974 5158 Β.

1858 5210 1891 5263 g
1932 5191 2285 5265 Ἀναξιμένης
2316 5194 2412 5249 καὶ
2453 5195 2771 5267 Ἐπίκουρος
2800 5194 3162 5268 ὲγνωρίζοντο
3219 5193 3370 5248 Jdcm

1785 5300 1839 5351 ρ.
1870 5283 1997 5346 ⁸275,
2028 5285 2095 5337 Α.

1857 5377 1889 5430 h
1932 5376 2274 5448 Ἀλέξανδρος
2301 5375 2377 5430 λϐ¹
2404 5377 2524 5442 ἔτος
2550 5379 2697 5447 ἄγων
2727 5377 2955 5450 τελευτᾷ
2983 5379 3043 5434 ὲν
3065 5375 3369 5436 Βαϐυλῶνι.

1865 5638 1942 5709 (2)
1981 5637 2092 5695 lmo
2129 5655 2194 5696 ea:
2239 5642 2370 5696 Asia
2406 5639 2782 5708 scribendum,
2833 5641 3164 5698 admonente
3227 5635 3366 5695 δεῖν

1801 5708 1994 5782 ligero.

3049 5805 3122 5864 16
