3804 6320
477 369 584 426 6ὶὸ
1130 370 1400 429 EUSEBll
1440 368 1804 427 CESARIEN
1813 366 1919 424 SIS
1955 366 2027 422 Ol

2209 367 2327 423 \RS
2363 365 2406 425 l.
2442 397 2512 407 -—
2549 366 2941 424 ιιιετοιιιω.
3613 369 3719 425 εει

476 620 661 691 piade,
693 627 747 676 et
780 619 850 676 ab
890 617 1286 675 instauratione
1317 618 1505 689 templi
1539 618 1645 673 sub
1690 616 1877 684 Dario,
1908 632 2085 687 usque
2118 617 2188 672 ad
2237 616 2554 689 Hyrcanum
2599 624 2656 673 et
2696 615 3057 673 centesimam
3085 614 3474 685 octogesimam
3511 622 3716 670 sextam

474 714 859 787 Olympiadem,
883 716 1042 769 annis
1070 727 1409 768 στρατηίη
1433 713 1489 767 in
1516 712 1697 768 medio
1723 712 2046 776 transactis,
2080 728 2222 785 quos
2255 712 2443 769 Daniel
2477 712 2750 785 signiﬁcat
2778 713 2972 770 dicens
3004 709 3104 765 :Et
3127 712 3261 765 scies
3288 717 3341 764 et
3368 708 3626 780 intelliges
3654 709 3716 764 ab

472 809 627 862 initio
654 810 909 862 sermonis
942 804 1287 875 respondendi
1305 814 1356 859 et
1383 804 1690 875 wdiﬁcundi
1716 802 2078 869 Hierusalem,
2111 821 2275 875 usque
2302 805 2371 859 ad
2400 804 2602 861 Christi
2627 805 3005 876 principatum,
3042 801 3386 857 hebdomade
3417 813 3634 873 septem,
3669 813 3719 859 et

470 898 811 956 hebdomadis
846 899 1120 970 sexaginta
1146 898 1268 953 dum
1298 896 1464 970 (Dan.
1508 913 1585 964 Ix,
1639 897 1734 967 25)
1764 918 1778 954 :
1815 914 1937 970 qum
1967 915 2094 954 LXIX
2148 898 2504 954 hebdomade
2551 897 2761 953 faciunt
2793 913 2971 954 annos
3002 912 3340 953 occanunt
3368 914 3382 950 :
3419 896 3475 951 in
3521 897 3719 967 quibus

469 997 685 1063 christi,
722 997 773 1052 id
819 1004 909 1052 est
936 994 1271 1061 sacerdotes,
1309 1009 1407 1065 per
1463 994 1780 1051 unctionem
1828 994 2164 1059 consecrati,
2202 999 2574 1065 regnaverunt
2621 1007 2798 1063 usque
2845 991 2911 1046 ad
2944 990 3257 1063 Hyrcanum
3288 1007 3303 1043 :
3333 1006 3444 1062 quo
3480 998 3721 1046 extremo

468 1091 714 1146 omnium
745 1106 775 1145 a
804 1089 1023 1145 Parthis
1049 1099 1229 1161 capto,
1263 1090 1507 1146 llerodes
1535 1088 1810 1160 Antipatri
1860 1088 2006 1143 ﬁlius
2037 1087 2170 1142 nihil
2202 1088 2271 1142 ad
2302 1103 2361 1143 se
2391 1088 2754 1158 pertinentem
2796 1084 3039 1143 Iudaeam
3066 1085 3134 1140 ab
3180 1085 3429 1153 Augusto
3449 1089 3504 1138 et
3530 1090 3723 1138 senatu

467 1184 704 1255 accipit;
741 1182 947 1254 ﬁliique
969 1184 1091 1251 ejus
1117 1192 1239 1254 post
1265 1197 1391 1239 eum
1420 1164 1809 1254 regnaverunt,
1835 1196 2012 1246 usque
2041 1178 2110 1233 ad
2140 1180 2495 1235 novissimam
2526 1179 3033 1251 Hierosolymorum
3085 1177 3488 1246 captivitatem,
3514 1189 3725 1244 nequa-

468 1292 632 1346 quam
661 1292 726 1331 ex
761 1277 1116 1332 successione
1139 1275 1500 1331 sacerdotalis
1528 1274 1745 1347 generis
1778 1273 2131 1344 pontiﬁcibus
2153 1275 2493 1337 constitutis,
2529 1289 2706 1344 neque
2752 1273 3119 1344 perpetuitate
3145 1270 3270 1325 vita:
3311 1266 3618 1326 secundum
3644 1266 3723 1319 le-

464 1385 586 1440 gem
614 1367 784 1439 Moysi
820 1367 1194 1423 servientibus
1240 1366 1370 1422 Deo.
1402 1364 1681 1438 lgnobiles
1711 1379 1843 1420 vero
1888 1364 2136 1436 quidam,
2166 1372 2222 1420 et
2267 1364 2375 1419 alio
2420 1371 2667 1433 tempore
2691 1362 2809 1427 alii,
2854 1371 2909 1417 et
2941 1360 3190 1417 nonnulli
3233 1359 3399 1413 unius
3429 1357 3579 1422 anni,
3611 1359 3724 1414 sive

463 1462 680 1517 modico
700 1462 955 1533 amplius,
985 1475 1014 1514 a
1050 1458 1318 1515 Romanis
1344 1459 1769 1529 imperatoribus
1790 1458 2157 1515 sacerdotium
2182 1459 2454 1515 emebant.
2497 1456 2630 1524 Quae
2654 1457 2841 1512 omnia
2872 1455 3038 1512 etiam
3072 1453 3262 1509 Daniel
3291 1451 3557 1524 propheta
3583 1452 3723 1507 vati-

463 1555 680 1608 cinatur
707 1554 779 1609 ita
807 1553 1000 1608 dicens
1027 1571 1041 1607 ς
1078 1551 1147 1605 Et
1178 1562 1296 1620 post
1328 1550 1677 1606 hebdomade:
1716 1567 1793 1605 vn
1824 1560 1873 1605 et
1911 1566 2047 1615 un,
2076 1550 2313 1605 interibit
2356 1550 2612 1614 chrisma,
2646 1559 2697 1604 et
2717 1547 2986 1618 judicium
3020 1564 3124 1601 non
3156 1548 3259 1600 erit
3289 1547 3345 1601 in
3373 1563 3433 1600 eo
3463 1560 3482 1599 .'
3515 1554 3563 1600 et
3588 1556 3719 1600 tem-

459 1649 604 1718 plum
628 1655 677 1701 et
706 1656 950 1701 sanctum
974 1654 1271 1712 corrumpet
1297 1647 1520 1714 populus
1543 1643 1673 1698 duce
1703 1643 1937 1698 veniente
1959 1660 1978 1698 :
2007 1650 2059 1697 et
2099 1641 2365 1697 credentur
2387 1642 2443 1696 in
2486 1642 2810 1711 cataclysmo
2847 1639 2971 1694 belli
3011 1639 3159 1710 (ibid.
3188 1636 3303 1707 26).
3340 1636 3409 1691 Et
3441 1638 3497 1692 in
3523 1653 3718 1694 conse-

463 1741 758 1810 quentibus
788 1758 803 1794 :
838 1738 908 1792 Et
938 1754 1094 1808 super
1144 1738 1413 1806 templum,
1438 1739 1630 1808 inquit,
1658 1737 1988 1791 abominatio
2042 1737 2432 1791 desolationum
2460 1751 2480 1790 :
2522 1745 2572 1789 et
2605 1752 2769 1807 usque
2819 1735 2888 1788 ad
2928 1734 3435 1787 consummationem
3476 1733 3721 1802 temporis

461 1832 845 1887 consummatio
870 1828 1087 1883 dabitur
1113 1845 1270 1901 super
1300 1828 1682 1885 desolationem
1703 1827 1868 1898 (Ibid.
1899 1828 2013 1900 27).

1420 2004 1611 2045 οιηι».
1687 2004 1925 2044 ABBABA-
1980 2003 2185 2045 AEGYPT.
2309 2004 2425 2044 JUD.
2585 2003 2714 2043 IOI.

1755 2075 1858 2117 ηε
1970 2130 2202 2201 Cleopa-
2246 2128 2492 2186 Herodes
2567 2129 2749 2197 Augu-

2043 2209 2130 2255 tra
2584 2210 2708 2254 stus

1970 2398 1978 2407 '
2029 2402 2064 2438 a
2088 2384 2130 2440 Ι.
2155 2383 2483 2440 HERODES
2513 2384 2842 2455 alienigena,
2873 2383 3162 2441 deﬁciente
3199 2399 3338 2456 pons

2172 2456 2380 2511 titicum
2409 2457 2742 2526 principatu,
2777 2457 2939 2511 annis
2967 2472 3175 2511 xxxvn.

531 2518 751 2575 Antonii
919 2519 995 2589 ῃ,
1041 2515 1353 2589 cccxx,
1439 2543 1574 2612 187
1719 2518 1856 2577 lost

2354 2515 2431 2580 ι’
2591 2515 2663 2580 ἠ

452 2621 510 2669 et
535 2612 760 2685 Augusti
783 2612 979 2671 fmdus.

525 2737 556 2789 b
582 2734 824 2792 Herodes
859 2733 1164 2789 Ananelum
1190 2732 1483 2805 quemdam
1511 2736 1578 2789 de
1610 2730 1888 2804 Babylone
1911 2732 2148 2788 accitum
2179 2733 2487 2804 pontiﬁcem
2520 2734 2833 2791 Judmorum
2864 2736 3151 2792 constituit
3177 2753 3189 2788 :
3218 2744 3272 2792 et
3307 2744 3434 2808 post
3464 2737 3723 2810 exiguum

452 2830 741 2901 temporis,
772 2829 1146 2885 Aristobulum
1196 2826 1437 2884 fratrem.
1465 2828 1657 2884 uxoris
1695 2845 1834 2894 suae,
1888 2836 2142 2900 nepotem
2191 2829 2457 2904 Hyrcani,
2494 2847 2873 2889 successorem
2902 2832 2955 2890 ei
2980 2832 3167 2889 dedit:
3201 2850 3311 2905 quo
3349 2843 3475 2906 post
3517 2850 3727 2890 annum

458 2921 774 2989 interfecto,
804 2938 1023 2977 rursum
1049 2921 1296 2977 Ananelo
1322 2919 1559 2976 reddidit
1584 2922 1977 2978 sacerdotium.

1729 3042 1870 3099 1985
2045 3043 2116 3099 19
2364 3046 2402 3101 2
2616 3047 2686 3102 12

1729 3113 1867 3170 1986
2043 3116 2118 3171 20
2365 3117 2401 3172 5
2618 3119 2686 3174 15

530 3044 786 3100 Colonias
812 3041 1087 3098 deduxere
1118 3041 1370 3096 Romani.

527 3131 555 3167 c
579 3120 856 3185 Augustus
895 3113 1247 3183 triumphavit
1273 3128 1371 3184 pe-

457 3184 1022 3241 destris’cet'taminis
1075 3185 1373 3254 triumpho.

525 3297 742 3354 Nicetes
760 3309 812 3355 et
833 3298 1077 3370 Hybreas
1107 3298 1206 3372 lal.
1239 3278 1510 3371 Tyhreas]
1555 3305 1609 3353 et
1633 3297 1976 3363 Theodorus,
2006 3305 2061 3355 et
2096 3297 2275 3357 Plutio
2306 3300 2635 3359 nobilissimi
2669 3304 2807 3360 artis
2836 3305 3125 3363 rhetoricae
3150 3307 3325 3364 Graeci
3354 3319 3727 3383 praeceptores

455 3393 743 3450 habentur.

454 3579 678 3649 Δαρεῖον
705 3574 1057 3639 ἀνανεώσεως
1088 3575 1181 3629 τοῦ
1225 3575 1393 3648 ἱεροῦ,
1430 3575 1573 3629 κατὰ
1601 3573 1699 3645 τὴν
1733 3575 2030 3648 ἑξηκοστὴν
2139 3580 2204 3631 ὲκ
2230 3578 2494 3648 προγόνου
2527 3578 2766 3652 διαδοχὴ,
2805 3583 3183 3655 ἀρχιερωσύνη
3208 3603 3269 3638 τε
3300 3589 3396 3641 καὶ
3435 3589 3582 3663 ἀρχὴ
3619 3591 3733 3643 τῶν

455 3672 549 3725 καὶ
577 3669 833 3740 πέμπτην
877 3668 1231 3740 Ὀλυμπιάδα,
1253 3668 1513 3739 λήξαντες
1538 3666 1595 3721 δὲ
1619 3669 1712 3722 ἐπὶ
1744 3667 2028 3739 Ὑρκανὸν,
2151 3669 2418 3723 Ἰουδαίων
2481 3671 2775 3742 κατελύθη,
2841 3676 3336 3750 συμπληρουμένης
3403 3680 3505 3753 τῆς
3573 3685 3735 3756 παρά

455 3762 552 3817 ini.
579 3764 678 3835 τῆς
708 3770 839 3834 pm,“
884 3761 1263 3832 Ὀλυμπιάδοςο
1294 3762 1363 3815 τὰ
1390 3762 1444 3814 δὲ
1473 3761 1673 3832 μεταξὺ
1704 3760 1908 3814 τούτων
1938 3778 2031 3831 γε·
2137 3762 2341 3833 Μωῦσῇ
2380 3762 2644 3835 λεγούσης
2672 3769 3028 3839 προφητείας·
3065 3771 3184 3824 Οὐκ
3216 3771 3488 3841 ἐκλείψει
3519 3772 3735 3846 ἅρχων

453 3857 643 3914 νέσθαι
689 3858 785 3927 ἔτη
833 3862 982 3925 υπγ’,
1008 3856 1183 3911 ὁπόσα
1210 3856 1274 3928 δὴ
1307 3860 1341 3928 ἡ
1372 3857 1463 3911 τοῦ
1498 3856 1696 3929 Δανιὴλ
1729 3858 2029 3930 προφητεία

456 3949 702 4014 θεσπίζει
736 3949 990 4018 λιὲγουσα⁹
1024 3948 1134 4003 Kal
1177 3947 1378 4019 γνώσῃ
1428 3950 1523 4004 καί
1573 3949 1866 4017 συνήσεις
1910 3950 2028 4006 ἀπὸ

456 4041 673 4109 ἐξόδου
703 4044 889 4115 λόγου
917 4042 1025 4097 τοῦ
1053 4042 1466 4113 ἀποκριθῆναι,
1514 4045 1612 4099 καὶ
1659 4044 1765 4099 τοῦ
1805 4046 2031 4099 οἰκοδο-

457 4134 649 4207 ιιῆσαι
691 4134 1100 4205 Ἰερουσαλὴμ,
1136 4136 1249 4202 ἕως
1281 4137 1536 4205 Χριστοῦ
1566 4138 1901 4208 ἡγουμένου
1938 4138 2029 4193 ἐϐ-

455 4226 712 4297 δομάδες
743 4228 893 4283 ἑπτὰ
939 4229 1039 4282 καὶ
1091 4226 1409 4297 ἑϐδομάδες
1436 4228 1540 4294 ξδ’.
1584 4224 1751 4283 Abte:
1784 4233 1838 4285 al
1874 4232 2030 4285 ἐννέα

456 4320 551 4374 καὶ
595 4314 858 4392 ἑξήκοντα
901 4320 1193 4392 ἑόδομάδες
1238 4320 1616 4393 συμπληροῦσι
1658 4322 1847 4394 χρόνον
1892 4322 2030 4376 ἐτῶν

455 4418 602 4480 υπγ’·
635 4412 805 4466 ὁπόσα
831 4411 924 4484 ἔτη
957 4411 1216 4482 τυγχάνει
1262 4411 1364 4481 τῆς
1410 4411 1587 4483 ἀρχῆς
1630 4412 1739 4465 τῶν
1790 4411 2029 4484 χριστῶν

455 4504 792 4575 ἡγουμένων⁸
839 4498 913 4557 ὧν
961 4503 1269 4558 τελευταίου
1323 4503 1591 4575 Ὑρκανοῦ
1641 4504 1751 4557 ἀπὸ
1802 4503 2033 4576 Πάρθων

453 4594 798 4667 αἰχμαλώτου
836 4595 1152 4666 ληφθέντος,
1187 4596 1217 4648 δ
1258 4593 1503 4667 Ἡρώδης
1534 4594 1629 4647 τοῦ
1675 4596 2031 4665 Ἀντιπάτρου

457 4688 624 4758 μηδὲν
667 4689 1047 4759 προσήκουσαν
1092 4686 1241 4758 αὐτῷ
1282 4686 1381 4759 τὴν
1427 4688 1535 4741 τῶν
1584 4687 1851 4741 Ἰουδαίων
1880 4687 2033 4757 βασι-

453 4778 605 4835 λείαν
636 4780 740 4833 ὑπὸ
779 4780 1089 4850 Αὐγούστου
1133 4782 1227 4834 καὶ
1258 4779 1560 4851 συγκλήτου
1600 4781 1886 4852 Ῥωμαίων
1928 4798 2033 4833 πα-

458 4870 812 4942 ραλαμϐάνει*
862 4872 1100 4926 κᾶπειτα
1149 4874 1198 4924 oi
1246 4871 1436 4925 τούτου
1485 4872 1671 4937 παῖδες
1723 4874 1883 4945 μέχρι
1933 4874 2034 4946 τῆς

459 4964 698 5034 ὑστάτης
741 4963 1127 5036 Ἱεροσολύμων
1157 4964 1487 5034 πολιορκίας·
1519 4966 1617 5019 οὐκ
1649 4966 1729 5019 ἔτι
1760 4969 1807 5020 ol
1831 4969 1895 5020 ὲκ
1919 4967 2035 5021 δια-

456 5056 619 5125 δοχῆς
644 5055 736 5110 τοῦ
767 5056 1038 5128 ἱερατικοῦ
1068 5056 1257 5125 γένους
1287 5058 1508 5128 ίερῶντο
1535 5058 1613 5129 τῷ
1636 5058 1775 5129 Θεῷ,
1809 5059 1929 5112 οὐδὲ
1947 5058 2034 5112 διὰ

462 5146 578 5216 βίου
607 5146 750 5201 κατὰ
778 5148 869 5201 τδν
902 5147 1181 5212 Μωῦσέως
1213 5148 1395 5219 νόμον·
1435 5149 1637 5221 ἄσημοι
1670 5150 1727 5204 δέ
1759 5164 1904 5214 τινες
1934 5149 2031 5205 άλ-

459 5239 581 5292 λοτε
606 5239 771 5294 ἄλλοι·
798 5241 891 5293 καὶ
911 5242 962 5294 οἱ
992 5242 1087 5313 μὲν
1109 5240 1388 5306 ἐνιαύσιοι,
1414 5244 1463 5295 οἱ
1480 5242 1535 5296 δὲ
1553 5243 1631 5296 ἔτι
1660 5242 1825 5313 ὀλίγῳ
1847 5242 2028 5305 πλέον,

462 5333 609 5404 παρὰ
640 5334 747 5385 τῶν
793 5333 1113 5405 Ῥωμαϊκῶν
1140 5335 1457 5408 ἡγουμένων
1494 5335 1593 5408 τὴν
1624 5335 2032 5407 ἀρχιερωσύνην

457 5423 769 5491 ἐξωνοῦντο.

540 5514 785 5589 Ἡρώδης
833 5518 1185 5590 Ἀντιπάτρου
1229 5504 1322 5575 τού
1367 5517 1765 5573 Ἀσκαλωνίτου
1801 5518 1896 5571 καὶ
1935 5534 2034 5589 μη-

457 5605 589 5676 τρὸς
612 5606 886 5679 Κύπριδος
927 5610 1254 5683 Ἀραδίσσης
1288 5610 1439 5664 οὐδὲν
1469 5611 1618 5681 αὐτῳ
1651 5610 2030 5681 προσήκουσαν

459 5695 559 5767 τὴν
594 5696 860 5754 Ἰουδαίων
890 5698 1167 5769 βασιλείαν
1196 5700 1303 5755 ὑπὸ
1333 5700 1621 5770 Ῥωμαίων
1648 5698 2030 5771 ἐγχειρίζεται,

462 5786 583 5839 καθ’
612 5787 671 5842 ὃν
702 5787 801 5858 τῆς
828 5787 919 5843 τοῦ
951 5790 1186 5861 Χριστοῦ
1215 5792 1521 5860 γεννήσεως
1547 5788 1967 5855 πλησιαζούσης,
1994 5792 2027 5859 ἧ

2133 3853 2203 3918 ἐξ
2255 3854 2458 3919 Ἰούδα,
2507 3856 2606 3910 καί
2645 3857 2848 3930 ἄρχων
2878 3862 2947 3915 ἐκ
2982 3862 3101 3917 τῶν
3123 3864 3335 3933 μηρῶν
3360 3865 3572 3928 αὑτοῦ,
3617 3868 3734 3934 ἓως

2135 3943 2212 3999 ἂν
2233 3948 2383 4017 ἔλθῃ
2403 3940 2453 4015 ᾧ
2475 3950 2803 4017 ἀπόκειται,
2828 3953 2926 4006 καὶ
2948 3954 3130 4021 αὐτὸς
3150 3957 3487 4025 προσδοκία
3506 3959 3732 4013 ἐθνῶν.

2146 4040 2303 4113 Ἑξῆς
2330 4041 2387 4095 δὲ
2419 4044 2447 4095 ό
2480 4042 2676 4115 Δανιὴλ
2708 4047 3041 4119 προφητεύει
3067 4046 3258 4116 λέγων·
3293 4049 3403 4103 Καὶ
3431 4051 3592 4119 μετὰ
3620 4051 3734 4117 τὰς

2132 4130 2178 4194 ζ’
2210 4133 2307 4187 καὶ
2340 4134 2425 4199 £6"
2454 4134 2786 4206 ἑϐδομάδας
2811 4138 3407 4209 ἐξολοθρευθήσεται,
3447 4142 3548 4196 καὶ
3599 4146 3738 4214 χρί-

2134 4241 2259 4295 σμα
2286 4230 2395 4281 οὐκ
2413 4227 2587 4281 ἔσται
2609 4228 2679 4282 ἐν
2698 4230 2880 4296 αὐτῷ,
2910 4230 3012 4285 καί
3037 4232 3105 4286 τὸ
3138 4235 3298 4302 ἱερὸν
3329 4235 3431 4289 καί
3458 4234 3524 4289 τὸ
3549 4236 3737 4307 ἄτιον

2134 4318 2435 4387 διαφθερεῖ
2455 4320 2605 4385 λαὸς
2629 4322 2967 4393 ἡγουμένου
3012 4323 3364 4395 ἐρχομένου,
3408 4327 3507 4381 καί
3540 4328 3740 4395 9:031:11-

2135 4426 2344 4462 σονται
2371 4410 2443 4463 ἐν
2487 4412 2894 4483 κατακλυσμῷ
2938 4414 3226 4485 πολέμουο
3268 4418 3366 4471 καί
3406 4417 3533 4488 ἑξῆς
3568 4436 3736 4491 φησι·

2135 4503 2246 4556 Καὶ
2274 4503 2371 4556 ἐπὶ
2418 4502 2486 4558 τὸ
2533 4504 2694 4573 ἱερὸν
2715 4505 3031 4579 ,βδέλυγμα
3069 4507 3188 4562 τῶν
3216 4508 3601 4578 ἐρημώσεων,
3634 4512 3739 4587 καί

2134 4595 2242 4660 ἕως
2272 4596 2629 4665 συντελείας
2666 4600 2875 4667 καιροῦ
2914 4599 3236 4654 συντέλεια
3271 4598 3601 4666 δοθήσεται
3631 4601 3739 4655 ἐπὶ

2135 4687 2252 4757 τὴν
2271 4688 2595 4758 ἐρήμωσιν.
2622 4688 2783 4761 Sync.
2809 4708 2859 4761 ρ.
2890 4692 3013 4755 509,
3040 4692 3165 4747 510.

2208 4795 2242 4832 a
2271 4778 2392 4830 Τῶν
2439 4780 2591 4852 παρὰ
2651 4781 2926 4848 Ἰουδαίοις
2980 4783 3282 4855 ἀρχιερέων
3335 4783 3739 4861 ἐκλειπόντων,

2150 4868 2395 4944 Ἡρώδης
2442 4873 2739 4945 ἀλλόφυλος
2799 4874 3089 4945 βασιλεύει.
3152 4874 3352 4932 Chron.
3419 4879 3610 4945 pascit.
3680 4892 3738 4946 ρ.

2140 4965 2264 5030 189,
2300 4966 2370 5018 Α.

2210 5052 2240 5105 b
2289 5053 2551 5127 Ἡρώδης,
2599 5056 2885 5128 Ἀνάνηλόν
2918 5075 3039 5111 τινα
3080 5057 3583 5129 μεταπεμψάμενος
3625 5058 3745 5112 ἀπὸ

2139 5145 2475 5212 Βαϐυλῶνος,
2521 5148 2799 5201 Ἰουδαίων
2840 5146 3101 5221 ἀρχιερέα
3144 5148 3454 5219 καθίστησι.
3494 5150 3645 5205 Μετ’
3677 5152 3747 5203 οὐ

2142 5238 2275 5293 πολὺ
2314 5238 2391 5303 δὲ,
2437 5239 2623 5293 τοῦτον
2664 5238 2895 5304 παύσας,
2938 5241 3339 5313 Ἀριστόϐουλον
3370 5240 3463 5293 τὸν
3493 5240 3748 5310 ἀδελφὸν

2137 5334 2237 5405 τῆς
2280 5328 2472 5386 ἑαυτοῦ
2519 5332 2795 5402 γυναικὸς,
2839 5331 2956 5385 υἱὸν
2995 5332 3123 5385 ὄντα
3172 5331 3464 5404 Ὑρκανοῦ,
3496 5333 3600 5385 ἐπὶ
3636 5333 3749 5404 τὴν

2130 5427 2304 5497 ’τιμὴν
2336 5425 2586 5497 προάγει.
2635 5426 2912 5478 Ἑνιαυτοῦ
2940 5425 2997 5478 δὲ
3020 5424 3424 5494 διαγενομένου,
3460 5423 3637 5477 πάλιν
3663 5424 3750 5497 τῷ

2152 5516 2427 5587 Ἀνανήλῳ
2486 5516 2798 5581 ἀποδίδωσι,
2865 5516 2957 5569 τὸν
3028 5513 3439 5587 ’Δριστόὸουλον
3491 5514 3748 5573 ἀνελών.

2141 5605 2290 5663 Idem
2322 5608 2527 5678 p.190,
2558 5607 2624 5674 Β,
2652 5616 2703 5662 et
2732 5606 2890 5679 Sync.
2918 5624 2971 5677 p.
3003 5607 3128 5671 su,
3164 5606 3214 5660 ο

2209 5716 2237 5754 c
2269 5700 2576 5769 Αὔγουστος
2620 5700 2784 5766 πεζὸν
2820 5699 3184 5771 ἐθριάμεευσε
3223 5698 3517 5771 θρίαμϐον.
3558 5696 3748 5773 Sync.

2134 5805 2187 5859 ρ.
2218 5790 2343 5853 305.
2371 5789 2436 5844 ο.
