3810 6298
541 299 642 355 551

1764 553 1960 594 OLYIP.
2035 552 2296 596 ειιιιιετυε
2405 553 2532 595 801.

1224 297 1494 356 EUSEBII
1533 297 2012 355 CESARIENSIS
2046 297 2198 354 OPP.
2240 296 2422 352 PARS
2461 297 2500 352 Ι.
2541 328 2612 339 -
2651 295 3040 357 HISTORICA.

3698 307 3810 362 55'}

2692 556 2724 593 a
2757 537 3040 596 Secundus
3078 548 3202 610 post
3236 539 3506 597 Neronem
3536 539 3810 598 Domitia-

2610 625 2715 665 nus
2740 610 3084 682 Christianos
3113 612 3466 682 persequitur
3492 632 3505 666 :
3531 621 3585 667 et
3606 613 3711 668 sub
3730 630 3810 667 eo

2364 678 2553 734 Domi-
2603 681 2884 750 apostolus
2944 678 3183 738 Joannes
3245 678 3308 736 in
3342 681 3594 738 Patmum
3645 684 3810 739 insu-

2364 751 2548 806 tianus
2601 750 2710 805 lam
2761 752 3033 824 relegatus
3086 753 3470 824 Apocalypsim
3517 753 3673 818 vidit,
3716 757 3810 808 uti

1764 851 1981 866 ...--
2049 850 2262 865 --
2336 850 2546 863 ————
2601 831 2788 876 narrat
2825 821 3080 879 lrenteus.

1749 941 1874 998 SEC
1883 940 2070 998 UNDA
2130 939 2587 998 PERSECUTIO.

2116 1053 2186 1112 95

2405 1056 2472 1112 M
2577 1128 2590 1134 _
2653 1060 2682 1134 ο
2725 1058 3047 1134 Apollonius
3097 1057 3351 1134 Tyaneus
3397 1070 3454 1116 et
3491 1060 3806 1134 Euphrates

2577 1128 2822 1202 insignes
2857 1128 3168 1201 philosophi
3200 1130 3495 1187 habentur.

499 1242 505 1265 τ
602 1240 632 1280 c
658 1220 1000 1278 Domitianus
1031 1232 1150 1288 eos,
1189 1221 1283 1292 qui
1315 1221 1382 1277 de
1417 1232 1617 1292 genere
1652 1219 1820 1276 David
1866 1227 2046 1287 erant,
2083 1218 2322 1276 interﬁci
2366 1221 2647 1291 praecepit,
2684 1229 2746 1276 ut
2787 1223 2973 1280 nullus
3010 1221 3325 1280 Judaeorum
3361 1226 3519 1297 regni
3549 1227 3802 1298 reliquus

528 1320 688 1376 foret.

486 1449 499 1472 λ
601 1414 799 1470 Scribit
859 1414 1110 1470 Bruttius
1162 1414 1433 1485 plurimos
1485 1413 1923 1470 Christianorum
1977 1414 2083 1471 sub
2134 1413 2446 1470 Domitiano
2483 1411 2681 1468 fecisse
2706 1413 3076 1486 martyrium:
3111 1415 3255 1471 inter
3280 1430 3423 1487 quos
3461 1424 3516 1472 et
3551 1415 3798 1472 Flaviam

525 1510 856 1567 Domitillam
883 1509 1058 1565 Flavii
1095 1508 1393 1566 Clementis
1421 1510 1668 1566 consulis
1705 1525 1772 1566 ex
1806 1525 1996 1565 sorore
2025 1516 2262 1580 neptem,
2295 1509 2352 1564 in
2385 1507 2620 1563 insulam
2646 1505 2898 1564 Pontiam
2932 1509 3245 1582 relegatam,
3277 1511 3408 1582 quia
3437 1526 3499 1567 se
3526 1509 3798 1566 Christia-

525 1621 650 1660 nam
680 1619 804 1660 esse
838 1609 1035 1658 testata
1067 1611 1170 1658 est.

598 1701 715 1755 Hoc
745 1719 883 1755 anno
915 1696 1095 1754 beatus
1131 1693 1417 1769 Dionysius
1461 1710 1615 1770 atque
1662 1684 1915 1754 Nicasius
1964 1715 2082 1753 cum
2132 1701 2288 1754 sociis
2325 1703 2436 1756 suis
2480 1720 2572 1772 per
2599 1719 2848 1757 coronam
2879 1703 3124 1773 martyrii
3161 1713 3505 1772 pervenerunt
3537 1704 3604 1758 ad
3632 1704 3794 1760 Chri-

524 1809 687 1850 stum.

595 1957 935 2030 Domitianus
983 1958 1202 2014 occisus
1251 1958 1304 2012 in
1349 1947 1590 2024 Palatio,
1641 1972 1739 2028 per
1845 1961 1988 2030 219

523 2030 852 2098 vespillones
876 2029 1186 2099 ignobiliter
1212 2038 1550 2099 cxportatur,
1591 2044 1736 2083 anno

523 2097 700 2170 artatis
732 2115 886 2170 xxxv,
906 2097 1003 2170 [aL
1038 2100 1186 2170 xiv].

597 2170 626 2240 f
654 2167 1037 2240 Alexandrina:
1066 2167 1334 2240 Ecclesia
1367 2169 1562 2223 tertius
1590 2167 1730 2240 repi-

522 2239 724 2309 scapus
762 2240 978 2310 praefuit
1009 2239 1186 2294 Cerdo
1211 2239 1374 2293 annis
1407 2239 1681 2294 undecim.

2130 1882 2199 1941 96
2414 1887 2483 1943 15
2659 1894 2693 1942 d
2728 1889 2892 1944 Multa
2923 1886 3078 1957 signa
3110 1896 3234 1959 atqu

2132 1955 2202 2011 97
2418 1962 2484 2014 16
2589 1967 2645 2015 et
2675 1961 2729 2014 in
2756 1965 2870 2016 toto
2898 1959 3031 2014 orbe
3069 1958 3234 2014 facta.

2123 2169 2192 2226 98
2442 2173 2469 2226 1

2659 1894 2693 1942 d
2728 1889 2892 1944 Multa
2923 1886 3091 1961 signa
3110 1896 3275 1959 atque
3318 1897 3573 1961 portenta
3599 1888 3788 1945 Roma:

2205 2115 2233 2152 e
2271 2096 2339 2153 Χ.
2370 2097 2605 2154 NERVA
2635 2115 2781 2155 anno
2819 2115 2861 2165 ι,
2891 2101 3175 2157 mensibus
3204 2116 3278 2156 tv.

2651 2188 2683 2242 g
2709 2170 2904 2226 Justus
2931 2187 2960 2224 a
2994 2171 3285 2229 Tiberiade
3307 2170 3618 2228 Judaeorum
3639 2172 3772 2227 seri-

2587 2250 2712 2312 ptor
2741 2243 3080 2312 agnoscitur.

589 2329 766 2386 NerVa
799 2331 991 2386 morbo
1024 2331 1165 2400 perit
1196 2335 1250 2384 in
1284 2331 1459 2386 hortis
1495 2331 1848 2389 Sallustianis
1880 2349 2027 2389 anno
2049 2336 2228 2390 aetatis
2263 2350 2434 2401 Lxxrt,
2468 2351 2592 2391 cum
2613 2337 2727 2404 jam
2769 2335 3069 2406 Trajanum
3106 2336 3425 2407 adoptasset
3458 2338 3516 2392 in
3556 2337 3739 2393 lilium.

592 2421 868 2492 Trajanus
899 2423 1211 2494 Agrippina:
1242 2424 1297 2478 in
1324 2423 1514 2480 Galliis
1546 2431 1845 2494 imperator
1873 2424 2074 2492 factus,
2106 2437 2271 2482 natus
2298 2427 2498 2484 Italicae
2525 2431 2580 2484 in
2613 2429 2893 2498 Hispania.

588 2517 622 2570 Ιι
663 2516 900 2574 Senatus
944 2519 1208 2583 decrevit,
1260 2525 1320 2572 ut
1353 2518 1535 2573 omnia
1582 2535 1703 2588 quae
1755 2520 2098 2578 Domitianus
2131 2529 2421 2588 statuerat,
2483 2523 2539 2577 in
2578 2521 2793 2577 irritum
2823 2522 3175 2578 ducerentur.
3211 2523 3402 2592 Itaque
3429 2524 3605 2587 multi,
3636 2538 3779 2593 quos

517 2612 726 2682 injuste
775 2612 1031 2682 ejecerat,
1076 2613 1144 2669 de
1197 2613 1391 2667 exsilio
1439 2613 1668 2677 reversi,
1711 2616 1961 2670 nonnulli
2007 2617 2150 2672 bona
2202 2617 2425 2687 propria
2476 2624 2815 2686 receperunt.
2874 2616 3042 2670 Aiunt
3088 2623 3142 2670 et
3176 2617 3486 2686 apostolum
3515 2615 3774 2670 Joannem

514 2707 621 2762 hoc
659 2714 906 2776 tempore
933 2706 1128 2761 exsilio
1175 2705 1477 2762 resolutum
1508 2704 1782 2776 Ephesum
1815 2708 2034 2764 venisse
2061 2727 2074 2763 :
2099 2707 2155 2762 in
2184 2723 2293 2779 qua
2331 2708 2468 2764 urbe
2499 2716 2553 2763 et
2593 2708 2888 2780 hospitium
2917 2712 2971 2762 et
3007 2707 3215 2762 amicos
3244 2707 3648 2763 amantissimos
3687 2709 3776 2762 sui

514 2800 773 2856 habebat.

587 2891 618 2946 k
645 2889 911 2946 Joannem
942 2893 1268 2961 apostolum,
1299 2908 1474 2963 usque
1498 2891 1566 2946 ad
1597 2887 1733 2948 Tra-

511 2962 628 3033 jani
678 2964 921 3034 tempora
971 2965 1205 3018 Irenazus
1255 2962 1548 3034 episcopus
1607 2980 1730 3028 per-

2258 2897 2280 2952 ί
2308 2894 2400 2953 XI.
2435 2893 2799 2951 TRAIANUS
2829 2893 2988 2950 annis
3021 2903 3137 2958 nx,
3171 2894 3459 2951 mensibus
3491 2908 3565 2949 vr.

515 3033 790 3088 mansisse
825 3033 1014 3088 scribit
1051 3052 1064 3087 =
1301 3037 1378 3104 R.
1422 3035 1716 3105 DCCCL.

2439 3036 2466 3089 1
2649 3036 2876 3092 Decreto
2941 3041 3164 3092 senatus
3219 3033 3397 3090 Nerva
3448 3036 3590 3090 inter
3640 3034 3773 3091 deos

513 3109 640 3174 post
671 3119 832 3173 quem
865 3105 1141 3159 auditores
1197 3173 1202 3174 γ
1429 3173 1467 3174 π
2081 3107 2186 3163 100
2433 3105 2470 3160 2
2575 3107 2803 3162 relatus.

513 3173 636 3244 ejus
666 3174 909 3244 insignes
941 3175 1168 3245 fuerunt
1188 3173 1402 3244 Papias,
1427 3173 1733 3245 Hierapoli-
2659 3177 2679 3230 ι
2737 3176 2998 3230 Romana:
3069 3173 3329 3230 Ecclesiae
3403 3177 3770 3245 episcopatum

512 3242 679 3300 tanus
717 3242 1031 3318 episc0pus,
1083 3255 1139 3318 et
1158 3242 1515 3318 Polycarpus,
1549 3242 1737 3317 Sinyr-
2103 3317 2116 3318 ί
2141 3316 2188 3318 __
2591 3255 2824 3318 quartus
2866 3246 3110 3316 suscepit
3143 3242 3622 3302 Evaristusannis
3667 3263 3770 3302 no-

511 3329 686 3384 naeus,
720 3323 775 3371 et
815 3317 1080 3388 lgnatius,
1114 3315 1513 3372 AntiOchenus.
1651 3315 1660 3317 ‘
1843 3321 1985 3390 220
2096 3316 2195 3372 101
2453 3317 2487 3372 5
2598 3315 2738 3374 vem.

2097 3455 2203 3531 1οἓ
2452 3457 2489 3531 ξ
2639 3530 2643 3531 ν
2665 3476 2714 3512 m
2732 3457 3000 3530 Trajanus
3019 3456 3088 3512 de
3105 3455 3267 3512 Dacis
3283 3465 3338 3512 et
3355 3456 3575 3531 Scythis
3590 3458 3771 3513 trium-

2097 3528 2204 3583 105
2455 3528 2489 3583 5

2595 3530 2747 3599 pltat.

592 3639 630 3677 η
667 3621 962 3693 Traianus,
1015 3625 1162 3680 victo
1209 3639 1338 3696 rege
1383 3612 1660 3690 Decibalo,
1712 3622 1930 3679 Daciam
1985 3621 2112 3678 fecit
2161 3625 2497 3695 provinciam
2540 3642 2553 3677 :
2595 3622 2796 3688 Iberos,
2846 3619 3147 3686 Sarmatas,
3197 3619 3498 3685 Osroenos,
3542 3619 3758 3683 Arabas,

509 3717 916 3789 Basphoranos,
946 3720 1199 3786 Colchos,
1231 3723 1289 3776 in
1323 3720 1482 3777 tidem
1531 3720 1741 3790 accepit
1771 3739 1783 3775 :
1815 3719 2142 3785 Seleuciam,
2183 3719 2621 3791 Ctesiphontem,
2658 3717 2989 3788 Bablenem
3027 3716 3320 3787 occupavit
3375 3723 3432 3771 et
3484 3715 3674 3770 tenuit.
3709 3713 3765 3766 in

519 3811 662 3865 mari
689 3808 879 3868 Rubro
911 3813 1142 3869 classem
1174 3814 1433 3879 instituit,
1471 3821 1530 3868 ut
1557 3828 1656 3884 per
1686 3828 1807 3869 eam
1838 3811 2005 3868 India:
2032 3812 2168 3869 ﬁnes
2199 3821 2459 3870 vastaret.

582 4027 615 4064 a
646 4011 907 4082 Δεύτερος
939 4014 1078 4084 μετὰ
1104 4012 1196 4067 τὸν
1223 4010 1453 4083 Νέρωνα
1479 4009 1805 4080 Δομετιανὸς
1829 4011 2087 4082 Χριστια-

509 4103 636 4166 νοὺς
661 4103 898 4169 ἐδίωξενο
933 4094 1019 4158 ἐπί
1049 4104 1215 4158 αὐτοῦ
1250 4104 1306 4157 δὲ
1333 4103 1427 4156 καὶ
1453 4104 1481 4155 6
1501 4102 1798 4165 ἀπόστολος
1833 4102 2086 4176 Ἰωάννης

510 4193 588 4256 είς
617 4191 836 4264 Πάτμον
865 4192 1166 4265 ἐξορίζεται
1204 4193 1302 4263 τὴν
1341 4193 1524 4262 νῆσον,
1556 4191 1680 4244 ἔνθα
1715 4191 1812 4262 τὴν
1859 4192 2089 4247 Ἀποκά-

506 4280 665 4352 λυψιν
698 4283 1001 4355 ἑωρακέναι
1025 4283 1265 4352 λέγεται,
1288 4282 1364 4345 ὡς
1389 4282 1538 4353 δηλοῖ
1555 4283 1862 4355 Εἰρηναῖος.
1887 4282 2083 4340 Chron.

503 4374 685 4444 pasch.
725 4391 776 4444 p.
799 4374 926 4439 250,
960 4375 1022 4431 C.

576 4466 608 4520 b
654 4466 1008 4532 Ἀπολλώνιος
1038 4469 1067 4522 ὁ
1096 4466 1338 4530 Τυανεὺς
1373 4467 1466 4520 καὶ
1493 4468 1786 4540 Εὐφράτης
1811 4470 2086 4540 φιλόσοφοι

504 4558 774 4633 ἦκμιζον.
812 4557 964 4614 Idem
994 4574 1047 4628 p.
1079 4557 1205 4622 545,
1241 4556 1303 4612 C.

576 4668 603 4705 c
635 4651 964 4721 Δομετιανὸς
1005 4651 1132 4713 τοὺς
1171 4649 1280 4703 ἀπὸ
1321 4649 1512 4718 γένους
1555 4651 1718 4706 Δαυῖδ
1745 4653 2086 4725 ἀναιρεῖσθαι

507 4741 861 4816 προσέταξεν,
896 4743 982 4795 ἵνα
1023 4743 1096 4812 μή
1137 4758 1220 4806 τις
1260 4743 1529 4798 Ἰουδαίων
1571 4745 1850 4817 βασιλικοῦ
1897 4747 2088 4816 γένους

504 4833 827 4905 ἀπολειφθῇ.
865 4833 1056 4887 Πολλοὶ
1080 4834 1136 4888 δὲ
1165 4836 1505 4907 Χριστιανῶν
1530 4839 1916 4914 ἐμαρτύρησαν
1944 4839 2085 4894 κατά

504 4925 850 4996 Δομετιανὸν,
891 4925 966 4988 ὡς
993 4927 1020 4979 6
1042 4927 1296 4998 Βρέττιος
1328 4930 1547 5003 ἱστορεῖ,
1575 4934 1632 4985 ἐν
1663 4927 1745 4997 οἷς
1765 4933 1860 4987 καὶ
1881 4932 2090 4988 Φλαυῒα.

505 5017 822 5087 Δομετίλλα,
872 5016 1137 5089 ἐξαδέλφη
1175 5019 1494 5092 Κλήμεντος
1533 5025 1764 5079 Φλαυῖου
1791 5025 2081 5090 ὑπατικοῦ,

503 5107 580 5170 ὼς
612 5106 913 5179 Χριστιανὴ
942 5107 1024 5173 είς
1049 5110 1210 5183 νῆσον
1236 5112 1466 5168 Ποντίαν
1505 5117 1885 5187 φυγαδεύεται.
1934 5115 2084 5172 Idem

503 5213 559 5266 ρ.
586 5199 716 5263 544,
742 5199 811 5254 Α.

575 5290 611 5344 d
657 5292 744 5346 Ἐν
784 5291 970 5367 Ῥώμῃ
996 5293 1152 5368 θεοση
1162 5299 1310 5368 μεῖαι
1341 5298 1530 5354 πολλαὶ
1558 5303 1650 5356 καὶ
1675 5297 1794 5357 καθ’
1821 5302 1948 5374 ὅλης
1971 5301 2075 5375 τῆς

501 5384 827 5456 οίκουμένης
852 5387 1128 5456 γεγόνασι.
1155 5390 1380 5447 Ibidem.

574 5492 602 5529 e
647 5475 927 5546 Ῥωμαίων
991 5480 1244 5550 βασιλεὺς
1309 5490 1338 5536 ι’
1389 5484 1635 5556 Νερούας
1721 5484 2073 5539 ἐϐασίλευσεν

501 5565 619 5631 ἔτος
651 5567 730 5624 ἐν.
761 5566 908 5625 Idem
932 5588 984 5642 ρ.
1011 5573 1135 5642 546,
1163 5573 1223 5630 C.

570 5659 598 5729 ί
643 5659 1046 5736 Ἀλεξανδρείας
1089 5668 1386 5735 ἐπίσκοπος
1429 5669 1650 5743 Κέρδων
1683 5671 1776 5743 ἐτη
1824 5678 1874 5727 ι’.
1924 5671 2073 5727 Idem

499 5767 556 5824 ρ.
585 5749 710 5820 sn,
737 5750 802 5808 Β.

2257 4029 2289 4082 g
2333 4010 2562 4074 Ἰοῦστος
2587 4009 2848 4083 Τιϐερεὺς
2876 4004 3127 4078 Ἰουδαῖος
3159 4027 3511 4085 συγγραφευς
3542 4010 3762 4081 ἐγνωρί-

2189 4103 2335 4167 ζετο.
2369 4103 2594 4169 Ibidem,
2627 4103 2696 4158 D.
3623 4105 3630 4114 '

2260 4195 2293 4248 Ιι
2325 4196 2652 4267 Δομετιανοῦ
2681 4197 2737 4250 αί
2771 4197 2926 4267 τιμαὶ
2954 4197 3340 4271 καθῃρέθησαν
3372 4197 3478 4251 ὑπὸ
3511 4197 3606 4266 τῆς
3638 4211 3764 4262 συγ-

2187 4287 2408 4358 κλήτου·
2438 4286 2534 4340 καὶ
2559 4288 2608 4339 οἱ
2644 4286 2844 4351 ἀδίκως
2869 4287 3268 4352 ἀπελασθέντες
3291 4289 3610 4358 ἐπανῆλθονο
3637 4286 3758 4338 ἔνιοι

2185 4378 2458 4432 ἀπέλαϐον
2487 4379 2581 4432 καὶ
2605 4379 2703 4444 τὰς
2723 4380 2929 4444 οὐσίας.
2965 4379 3113 4435 Idem
3137 4398 3188 4450 p.
3219 4382 3346 4444 245,
3375 4380 3436 4436 C.
3469 4380 3620 4433 Κατά
3641 4377 3759 4432 τοῦ·

2184 4488 2278 4524 τον
2311 4469 2401 4523 τὸν
2434 4471 2623 4542 χρόνον
2649 4473 2678 4524 6
2713 4470 2966 4542 βασιλεὺς
3003 4473 3252 4544 Νερούας
3287 4472 3646 4525 ἀνεκαλέσατο
3670 4471 3744 4521 τὸ·

2185 4563 2480 4618 ἀπόστολον
2519 4564 2773 4637 Ἰωάννην
2793 4566 2900 4619 ἀπὸ
2922 4567 3037 4620 Πάτ
3047 4583 3149 4636 μου
3178 4568 3278 4637 τῆς
3301 4567 3491 4636 νήσου,
3516 4564 3605 4617 καί
3630 4559 3750 4635 ἦλθ’

2186 4655 2347 4709 πάλιν
2373 4657 2452 4719 εἰς
2481 4657 2735 4726 Ἔφεσον.
2773 4657 2967 4712 Chron.
2992 4656 3173 4727 pasclt.
3205 4673 3257 4726 p.
3290 4657 3418 4722 251,
3453 4657 3520 4713 Β.

2260 4749 2282 4820 ἰν
2316 4747 2602 4819 Ῥωμαίων
2635 4753 2701 4802 ια’
2734 4749 3049 4803 ἐϐασίλευσε
3076 4748 3344 4820 Τραϊανὸς
3366 4749 3459 4821 ἐτη
3490 4749 3572 4803 ιθ’.
3601 4747 3750 4817 Sync.

2182 4857 2236 4912 ρ.
2269 4839 2396 4906 546,
2423 4839 2492 4894 D.

2254 4931 2284 4986 k
2327 4931 2580 5003 Ἰωάννην
2620 4931 2916 4986 ἀπόστολον
2962 4932 3250 5004 Εἰρηναῖος
3290 4931 3386 4985 καὶ
3429 4930 3576 4984 ἄλλοι
3620 4930 3750 4982 ἱστο-

2187 5022 2339 5095 ροῦσι
2373 5025 2712 5095 παραμεῖναι
2741 5024 2818 5095 τῷ
2854 5024 2953 5095 βίῳ
2979 5025 3083 5087 ἕως
3107 5024 3212 5076 τῶν
3238 5023 3447 5094 χρόνων
3473 5019 3747 5094 Τραϊανοῦ·

2187 5115 2306 5189 μεθ’
2327 5115 2386 5170 ὃν
2400 5115 2682 5179 Παππίας,
2712 5115 3081 5189 Ἱεραπολίτης
3097 5115 3190 5168 καὶ
3210 5115 3566 5186 Πολύκαρπος
3587 5111 3756 5182 Σμύρ-

2182 5227 2281 5281 νης
2308 5210 2605 5272 ἐπίσκοπος
2634 5210 2899 5265 ἀκουσταὶ
2925 5211 3091 5264 αὐτοῦ
3125 5210 3508 5283 ἐγνωρίξοντο.
3538 5208 3685 5263 Idem
3703 5220 3747 5274 ρ.

2183 5302 2308 5369 547,
2339 5301 2401 5358 C.

2253 5395 2272 5448 ι
2317 5395 2605 5466 Ῥωμαίων
2643 5394 2939 5461 ἐπίσκοπος
2986 5397 3291 5468 Εὐάρεστος
3338 5396 3434 5466 ἔτη
3489 5395 3553 5448 θ’.
3596 5391 3746 5462 Sync.

2179 5505 2231 5558 p.
2267 5489 2392 5552 544,
2422 5488 2491 5540 Α,

2249 5599 2302 5635 m
2332 5580 2599 5653 Τραϊανὸς
2630 5581 2812 5646 Δάκας
2841 5584 2934 5637 καὶ
2966 5582 3178 5647 Σκύθας
3207 5582 3443 5649 ὑπέταξε
3483 5582 3574 5635 καὶ
3610 5579 3748 5650 ἐθρι-

2182 5673 2474 5744 ἀμϐευσεν.
2506 5671 2729 5728 Ibidem.

2252 5783 2286 5820 n
2303 5763 2570 5835 Τραϊανὸς
2593 5765 3100 5839 ἐπαρχίαν-ἐποίησε
3129 5769 3227 5837 τὴν
3255 5768 3480 5824 Δακίαν.
3506 5762 3742 5828 1ὑὶά..ι1ι
