3810 6310
430 308 532 366 5η
1138 313 1404 368 EUSEBII
1445 313 1924 371 CESARIENSIS
1964 314 2114 372 OPP.
2159 317 2350 373 PARS.
2393 317 2435 375 Ι.
2477 348 2548 362 -
2586 319 2984 377 HISTORICA.
3571 323 3670 378 588

1671 551 1863 592 OLYIP.
1914 552 2175 594 ειιιιιετυε
2270 554 2399 594 BOI.

2193 679 2475 736 Constan-

1947 850 2160 861 __.—_

2252 751 2402 805 tinus

499 884 583 968 Cs-
610 885 918 968 istantinus,
948 884 1090 941 ﬁlius
1118 885 1484 954 Constantini,
1515 888 1633 946 (Σω-
1984 891 2086 947 527
2299 891 2368 944 i7
2545 910 2578 946 α
2609 891 2852 968 Licinius
2885 891 3291 968 Thessalonicae
3344 903 3537 952 contra
3586 898 3674 968 jus

431 955 754 1035 sar7facws7
821 1025 834 1035 7
1005 1026 1017 1035 7
1097 1028 1108 1035 7
1192 1028 1204 1035 7
1269 1027 1283 1035 7
1343 1028 1355 1035 7
1984 1031 2081 1035 ___
2307 1030 2357 1035 77
2475 966 2804 1020 sacramenti
2845 965 3092 1035 privatus
3121 965 3414 1023 occiditur.

495 1024 975 1098 Nazariusrhetor
1003 1026 1239 1098 insignis
1269 1027 1520 1082 habetur.
1982 1031 2088 1087 328
2298 1030 2365 1086 l8

447 1097 888 1178 “Constantinus
917 1113 1040 1178 cum
1126 1097 1223 1170 Β,
1279 1100 1614 1171 MLXXX.
1699 1107 1840 1174 277
1977 1101 2084 1157 529
2299 1101 2366 1157 19
2480 1172 2512 1178 _
2544 1102 2872 1178 subrogatus
2949 1102 3187 1178 Severus
3255 1106 3673 1178 archiepiscopus

427 1163 614 1246 Liberis
640 1167 781 1246 suis
820 1166 1063 1246 honori:
1147 1163 1233 1185 ""
1268 1163 1614 1246 _'_'___7'"—"'
1699 1163 1774 1174 ”’
1807 1163 1824 1174 ’
2472 1163 2900 1246 ΒοιΙιοηιάρεηεὶε
2937 1172 3041 1228 IV.

425 1233 556 1289 ﬁcas
587 1236 654 1290 ad
682 1236 980 1292 Antonium
1011 1239 1222 1294 litteras
1251 1241 1458 1311 dirigit.

490 1387 520 1440 ὁ
551 1389 780 1462 Crispus
808 1391 1150 1449 Constantini
1183 1395 1326 1450 ﬁlius
1383 1408 1436 1452 et
1482 1396 1726 1454 Licinius
1750 1397 1960 1468 junior,
1988 1400 2324 1456 Constantina
2347 1399 2692 1457 Constantini
2725 1401 2933 1458 sororis
2963 1409 3018 1458 et
3041 1400 3238 1458 Licinii
3275 1401 3442 1467 ﬁlius,
3482 1403 3672 1458 crude.

417 1482 626 1538 lissime
663 1485 1068 1541 interficiuntur
1111 1503 1256 1543 anno
1306 1489 1519 1560 imperii
1557 1491 1643 1546 sui
1675 1507 1840 1548 nono.

484 1686 514 1723 c
541 1667 863 1725 Vicennalia
893 1671 1243 1727 Constantini
1291 1671 1624 1728 Nicomedia:
1658 1681 1804 1741 acta,
1835 1585 2169 1744 etsezignti
2200 1584 2560 1729 annioﬂoma:
2587 1673 2754 1730 edita.

419 1873 570 1932 HUC
628 1874 872 1944 USQUE
925 1876 1350 1935 HISTORIAM
1387 1877 1684 1936 SCRIBIT
1727 1878 2098 1937 EUSEBIUS
2155 1878 2537 1935 PAMPHILI
2582 1877 2960 1936 MARTYRIS
3006 1879 3667 1950 CONTUBERNALIS,

1514 1971 1643 2028 CUI
1685 1971 1835 2027 N08
1875 1971 2044 2029 ISTA
2084 1972 2574 2030 SUBJECIMUS.
3264 1981 3271 1988 '

1981 2087 2079 2142 551
2295 2087 2359 2141 21

486 2249 763 2307 Arnobius
793 2249 982 2304 rhetor
1019 2249 1073 2302 in
1104 2245 1290 2301 Africa
1323 2245 1507 2300 clarus
1529 2245 1800 2301 habetur:
1841 2247 2084 2316 quicum
2119 2249 2173 2302 in
2210 2247 2437 2302 civitate
2491 2245 2660 2302 Sicca:
2710 2248 2776 2303 ad
2811 2247 3231 2304 declamandum
3263 2251 3499 2320 juvenes
3538 2271 3666 2310 eru-

413 2344 574 2407 diret,
607 2351 662 2399 et
697 2333 877 2397 adhuc
925 2340 1180 2396 ethnicus
1212 2339 1279 2394 ad
1312 2338 1697 2393 credulitatem
1746 2340 1973 2394 somniis
2012 2340 2405 2411 impelleretur,
2459 2357 2636 2414 neque
2685 2343 2752 2397 ab
2789 2343 3048 2413 episcopo
3114 2345 3434 2414 impetraret
3487 2347 3662 2410 ﬁdem,

411 2455 575 2508 quam
611 2451 825 2507 semper
861 2435 1302 2506 impugnaverat,
1343 2432 1691 2490 elucubravit
1734 2433 1999 2489 adversus
2031 2435 2318 2504 pristinam
2362 2436 2679 2506 religionem
2721 2436 3192 2492 luculentissimos
3225 2438 3397 2494 libros
3425 2459 3439 2494 :
3465 2448 3520 2494 et
3545 2449 3665 2495 tan-

411 2531 536 2589 dem
579 2530 726 2585 velut
753 2527 1084 2599 quibusdam
1129 2525 1419 2581 obsidibus
1454 2525 1677 2594 pietatis
1713 2523 1894 2580 fmdus
1927 2527 2260 2595 impetravit.

481 2623 784 2694 Drepanam
833 2621 1097 2694 Bithynize
1113 2620 1387 2676 civitatem
1433 2619 1488 2672 in
1512 2617 1774 2672 honorem
1806 2618 2064 2690 martyris
2093 2618 2316 2674 Luciani
2337 2619 2409 2674 ibi
2439 2620 2642 2674 conditi
2665 2619 3062 2676 Constantinus
3101 2620 3438 2686 instaurans,
3480 2639 3546 2679 ex
3576 2639 3667 2679 vo-

408 2715 608 2770 cabulo
637 2715 830 2770 matris
859 2729 972 2770 sua:
1002 2711 1377 2781 Helenopolim
1404 2707 1764 2778 nuncupavit.

478 2877 536 2930 In
576 2872 862 2930 Antiochia
905 2871 1269 2932 Dominicum.
1314 2874 1462 2941 quod
1509 2887 1606 2927 vo-
1961 2873 2068 2928 552
2279 2873 2350 2928 22
2525 2872 2922 2932 Constantinus
2951 2891 3176 2934 uxorem
3213 2892 3370 2932 suam
3403 2877 3663 2935 Faustam

405 2956 564 3002 catur
593 2946 856 3010 Aureum,
892 2943 1150 2997 aediﬁcari
1179 2953 1436 3013 coeptum.
2468 2946 2760 3003 interfecit.

476 3104 723 3162 Donatus
763 3103 1078 3175 agnoscitur
1112 3122 1125 3158 :
1154 3119 1185 3158 a
1213 3121 1324 3176 quo
1354 3121 1452 3176 per
1477 3103 1721 3158 Africam
1761 3101 2075 3158 Donatiani.

476 3198 778 3254 Antiochia
815 3205 938 3268 post
991 3195 1305 3267 Tyrannum
1367 3197 1662 3253 vicesimus
1719 3193 2008 3250 ordinatur
2088 3194 2380 3265 episcopus
2427 3193 2647 3251 Vitalis.
2707 3195 2840 3251 Post
2881 3211 3043 3266 quem
3110 3196 3411 3254 vicesimus
3460 3198 3664 3270 primus

404 3291 764 3364 Philogonus.
833 3291 934 3347 Cui
974 3293 1246 3348 successit
1291 3292 1591 3348 vicesimus
1649 3290 1925 3346 secundus
1986 3276 2271 3348 Paulinus.
2363 3290 2490 3347 Post
2532 3308 2692 3362 quem
2733 3293 3030 3348 vicesimus
3071 3295 3265 3349 tertius
3317 3295 3660 3350 Eustachins.

404 3391 526 3459 Quo
558 3393 613 3446 in
651 3390 905 3447 exsilium
932 3391 1003 3445 ob
1041 3390 1198 3446 ﬁdem
1229 3399 1404 3454 truso,
1446 3406 1622 3460 usque
1660 3389 1715 3443 in
1750 3396 2067 3459 praasentem
2109 3390 2272 3453 diem,
2310 3389 2497 3443 Ariani
2532 3389 2830 3445 Ecclesium
2871 3378 3297 3460 occupaverunt,
3333 3392 3387 3445 id
3425 3400 3511 3447 est
3555 3390 3664 3445 Eu-

408 3484 590 3546 lalius,
627 3481 918 3546 Eusebius,
965 3480 1332 3551 Euphronius,
1365 3479 1646 3544 Placillus,
1691 3477 2026 3550 Stephanus,
2063 3479 2346 3546 Leontius,
2391 3480 2694 3545 Eudoxius,
2738 3481 3006 3547 Melctius,
3038 3481 3297 3548 Euzoius,
3334 3483 3661 3548 Dorotheus,

405 3589 624 3629 rursum
659 3572 927 3630 Meletius.
950 3571 1195 3638 Quorum
1238 3573 1446 3630 idcirco
1479 3584 1724 3643 tempora
1749 3588 1859 3628 non
1892 3572 2286 3646 digessi,quod
2318 3591 2415 3632 cos
2450 3575 2638 3629 hostes
2669 3577 2850 3645 potius
2889 3575 3121 3643 Christi,
3153 3592 3318 3646 quam
3351 3578 3658 3648 episcopos,

405 3670 670 3739 judicem.

1685 3764 1826 3832 278
1964 3763 2071 3818 333
2281 3763 2352 3818 25
2462 3833 2465 3834 7
2528 3761 2864 3834 Porphyrius
2906 3765 3076 3819 misso
3127 3762 3194 3817 ad
3237 3763 3658 3818 Constantinum

2457 3833 2658 3904 insigni
2687 3833 2959 3889 volumine
2983 3835 3178 3888 exsilio
3218 3835 3505 3890 liberatur.

475 3989 748 4045 Iuvencus
776 3987 1079 4059 presbyter,
1115 3987 1336 4044 natione
1361 3986 1660 4060 Hispanus,
1691 3986 1980 4060 Evangelia
2005 3988 2241 4044 heroicis
2265 3987 2513 4044 versibus
2543 3988 2803 4059 explicat.

477 4149 856 4223 Alexandrina:
875 4145 1132 4223 Ecclesiae
1158 4148 1403 4223 decimus
1429 4163 1608 4203 nonus
1630 4192 1648 4223 ,
1957 4145 2065 4201 334
2277 4145 2346 4198 24
2496 4143 2756 4223 _Ditatu_r_
2783 4145 3289 4223 Constantinopolis
3343 4164 3483 4218 pene
3542 4165 3652 4223 o_m-

405 4221 694 4276 ordinatur
722 4221 1008 4290 episc0pus
1043 4219 1402 4274 Athanasius.
1478 4289 1481 4290 7
1631 4215 1641 4223 ⁷
2454 4215 2606 4290 nium
2638 4217 2854 4290 urbium
2895 4215 3164 4282 nuditate,
3211 4215 3501 4288 quae'ante
3554 4219 3654 4290 By-

479 4287 822 4362 lgletrodorus
860 4287 1605 4362 philosophusagnoscitur.
1961 4357 2062 4362 ___7
2281 4357 2345 4362 __
2453 4287 2694 4356 zantium
2715 4287 2882 4344 dicta.

473 4360 664 4434 Edicto
697 4357 1040 4418 Constantini
1075 4357 1359 4434 'gentiliuin
1407 4359 1606 4431 templa
1960 4357 2065 4414 355
2275 4357 2347 4410 25

403 4433 667 4488 subversa
699 4439 848 4489 sunt.

473 4589 656 4645 Romae
679 4589 996 4644 tricesimus
1025 4586 1304 4643 secundus
1341 4585 1641 4643 Ecclesiam
1675 4584 1856 4640 tenuit
1894 4583 2115 4638 Marcus
2153 4581 2438 4636 mensibus
2467 4589 2612 4637 octo.
2655 4579 2786 4637 Post
2811 4597 2973 4652 quem
3005 4582 3318 4639 tricesimus
3339 4585 3541 4641 tertius
3567 4599 3655 4638 or-

401 4683 624 4738 dinatus
655 4663 738 4740 est
768 4680 948 4737 Julius
973 4683 1134 4738 annis
1171 4681 1433 4747 sedecim,
1465 4681 1750 4737 mensibus
1781 4689 2042 4752 quatuor.

365 4877 377 4908 ς
1957 4839 2063 4896 356
2273 4837 2345 4892 26
2526 4835 2755 4892 Romani
2797 4836 3004 4893 Gothos
3046 4838 3104 4893 in
3135 4838 3518 4895 Sarmatarum
3568 4857 3649 4896 re—

366 4912 375 4952 ξ
1567 4913 1573 4921 “
2287 4978 2294 4979 7
2453 4907 2613 4979 gio_ne
2640 4908 2908 4979 vicerunt.

475 4984 831 5055 Constantius
883 4984 1028 5038 ﬁlius
1073 4982 1420 5038 Constantini
1484 4999 1606 5053 pro.
1678 4987 1819 5055 279
1959 4980 2065 5036 337
2275 4978 2346 5032 2'1
2459 4976 2476 4979 ⁷
2525 4977 2839 5055 Pestilentia
2858 4985 2977 5055 _et_
3021 4976 3198 5055 fama
3241 4979 3651 5055 innumerabilis

404 5057 623 5110 vehitur
652 5053 719 5108 ad
769 5070 1016 5120 regnum.
1485 5045 1503 5053 ’
1681 5045 1756 5055 ’⁷
1781 5045 1811 5054 ⁷
2284 5118 2300 5120 7
2326 5119 2331 5120 7
2455 5047 2748 5120 multitudo
2776 5049 2828 5102 in
2856 5045 3014 5120 Syria
3047 5048 3346 5118 Ciliciaque
3386 5053 3547 5120 perit.

477 5125 739 5180 Sarmatae
759 5133 813 5179 et
831 5118 1167 5192 Limigantes
1182 5121 1435 5175 dominos
1453 5138 1606 5183 suos.
1959 5120 2064 5192 {938
2276 5118 2346 5192 28
2523 5119 2834 5192 Calocaarus
2855 5118 2910 5173 in
2923 5118 3105 5189 Cypro
3128 5135 3216 5174 res
3239 5118 3412 5176 novas
3439 5122 3652 5176 molitus

403 5189 1116 5266 quinnncArcharagantes
1187 5193 1262 5263 Β,
1331 5193 1537 5265 ΜΧΟ,

1331 5193 1537 5265 ΜΧΟ.
1960 5189 2064 5246 5ὒ9
2275 5189 2345 5243 29
2452 5189 2794 5260 opprimitur.

407 5264 693 5328 vocantur,
735 5264 876 5318 facta
923 5279 1111 5323 manu.

404 5337 458 5390 in
490 5333 796 5390 Romanum
833 5335 1011 5391 solum
1046 5340 1392 5407 expulerunt.

471 5587 503 5624 η
536 5567 772 5628 Λικίνιος
793 5566 940 5629 τέλος
969 5567 1212 5636 σφαγείς.
1239 5567 1434 5622 Chron.
1465 5567 1644 5637 pasch.
1674 5581 1726 5634 ρ.
1751 5565 1878 5629 282,
1904 5565 1970 5618 Β.
2151 5579 2178 5615 c
2202 5563 2606 5624 Κωνσταντῖνος
2639 5560 3050 5632 εἰκοσαετηρίδα
3092 5560 3191 5630 τῆς
3235 5556 3513 5630 βασιλείας
3560 5551 3650 5607 αὖ·

471 5661 499 5714 b
533 5660 940 5723 Κωνσταντίνος
970 5659 1216 5730 Κρίσπον
1247 5659 1338 5712 τὸν
1365 5729 1371 5738 7
1394 5657 1523 5712 ἴδιον
1563 5659 1674 5711 υἱὸν
1719 5659 1971 5726 Καίσαρα
2079 5653 2172 5708 τοῦ
2203 5651 2322 5726 ἦξε,
2357 5656 2452 5710 καὶ
2480 5654 2676 5708 ἔδωκεν
2726 5657 2783 5707 ἐν
2811 5656 2876 5725 τῇ
2919 5652 3102 5723 Ῥώμῃ
3156 5651 3485 5721 βικεννάλισ..
3538 5645 3647 5702 Ibi-

397 5751 530 5807 ὅντα
561 5749 660 5805 καὶ
692 5747 1043 5814 διαϐληθέντα
1069 5751 1217 5815 αὑτῷ
1246 5749 1474 5807 ἀνεῖλεν.
1510 5749 1732 5814 Ibidem,
1758 5749 1824 5801 Β.

807 5747 1043 5814 ῡςῃθέντα
1069 5751 1217 5815 αὺτῷ
1246 5749 1474 5807 ἀνεῖλεν.
1510 5749 1732 5814 Ibidem,
1758 5749 1824 5801 Β.
2078 5746 2216 5811 dem,
2251 5746 2311 5802 C.
