3810 6310
384 357 482 416 891
512 413 528 431 ⁴
1163 343 1430 402 EUSEBH
1469 335 1946 399 CESARIENSIS
1984 335 2135 392 OPP.
2177 331 2359 388 PARS
2396 330 2436 385 ι.
2466 361 2534 372 --
2563 326 2957 384 HISTOHICA.
3539 321 3644 377 592

393 481 3614 525 _____________________________________________________.____.

1643 597 1836 638 οιῖιιγ.
1911 594 2174 636 CHRISTUS
2252 593 2380 632 HOII.

2162 717 2436 796 Constan-

2252 795 2366 840 tius

2190 883 2403 898 “—

465 1103 672 1160 Bellum
703 1101 983 1159 Persicum
1017 1110 1349 1159 nocturnum
1377 1097 1520 1170 apud
1554 1094 1880 1168 Singaram,
1915 1095 1968 1150 in
2013 1108 2122 1164 quo
2147 1089 2293 1146 haud
2337 1087 2559 1144 dubiam
2595 1085 2882 1141 victoriam
2917 1081 3152 1137 militum
3189 1078 3489 1137 stoliditate
3522 1092 3646 1148 pcr-

396 1200 655 1255 didimus.
687 1197 874 1270 Neque
903 1213 1034 1254 vero
1061 1198 1230 1253 ullum
1255 1194 1580 1252 Constantio
1611 1207 1679 1247 ex
1713 1206 1912 1253 novem
1951 1185 2292 1260 gravissimis
2323 1182 2523 1254 praeliis
2557 1187 2750 1234 contra
2787 1177 2986 1234 Persas
3021 1175 3241 1247 gravius
3275 1175 3482 1229 bellum
3529 1173 3645 1229 fuit.

396 1289 553 1354 Nam,
587 1298 640 1344 ut
670 1290 775 1345 alia
809 1292 1084 1356 omittam,
1118 1289 1296 1346 Nisibi
1326 1289 1578 1354 obsessa,
1613 1284 1864 1340 Bizabdaa
1893 1292 1946 1338 et
1977 1279 2168 1335 Amida
2204 1285 2376 1347 capue
2404 1284 2550 1330 sunt.

464 1381 928 1454 Quadragesimus
968 1383 1236 1439 Maximus
1264 1389 1388 1452 post
1437 1380 1733 1436 Macariurn
1791 1377 2289 1446 Hierosolymorum
2343 1371 2637 1441 episc0pus
2686 1367 2941 1422 moritur.
2990 1364 3124 1420 Post
3149 1379 3312 1436 quem
3351 1360 3650 1418 Ecclesiam

397 1473 587 1528 Ariani
617 1473 922 1530 invadunt:
956 1474 1008 1529 id
1034 1483 1119 1530 est
1147 1473 1409 1546 Cyrillus,
1448 1470 1775 1542 Eulycbius,
1813 1483 2035 1522 rursum
2070 1464 2329 1537 Cyrillus,
2362 1461 2618 1526 lrenmus,
2663 1460 2826 1515 tertio
2849 1458 3106 1530 Cyrillus,
3141 1455 3411 1518 Hilarius,
3454 1461 3654 1546 quarto

395 1569 672 1640 Cyrillus;
717 1584 950 1639 quorum
1003 1568 1262 1641 Cyrillus,
1317 1582 1444 1621 cum
1476 1582 1505 1619 a
1537 1563 1773 1618 Maximo
1824 1561 2020 1617 fuisset
2050 1561 2333 1631 presbyter
2373 1556 2680 1616 ordinatus,
2730 1562 2784 1608 et
2818 1561 2940 1624 post
2972 1558 3203 1607 mortem
3245 1549 3367 1619 ejus
3397 1548 3472 1601 ita
3501 1546 3552 1601 ei
3586 1545 3654 1600 ab

395 1659 904 1731 Acacio,episcopo
931 1659 1280 1724 Caesariensi,
1340 1666 1396 1714 et
1427 1658 1640 1714 caiteris
1673 1657 1949 1728 episcopis
2003 1656 2224 1710 Arianis
2269 1653 2620 1724 episc0patus
2663 1647 3095 1717 promitteretur,
3149 1642 3194 1698 si
3243 1641 3653 1697 ordinationem

397 1744 618 1804 Maximi
669 1749 1037 1820 repudiasset,
1095 1749 1365 1805 diaconus
1422 1748 1478 1803 in
1529 1748 1762 1804 ecclesia
1810 1747 2214 1803 administravit
2262 1765 2274 1800 :
2325 1745 2395 1798 ob
2443 1756 2606 1812 quam
2665 1740 3002 1810 impietatem
3060 1737 3354 1794 sacerdotii
3405 1734 3656 1792 mercede

395 1849 682 1913 pensatus,
713 1841 1047 1909 Heraclium,
1079 1856 1242 1911 quem
1288 1840 1532 1896 moriens
1573 1838 1843 1895 Maximus
1887 1838 1943 1893 in
1986 1854 2147 1895 suum
2180 1837 2360 1892 locum
2393 1834 2776 1900 substituerat,
2820 1832 2975 1887 varia
3007 1831 3200 1887 fraude
3221 1827 3553 1894 sollicitans,
3589 1826 3656 1882 da

401 1935 661 2005 episcopo
684 1933 739 1988 in
764 1933 1142 2004 presbyterum
1174 1923 1505 2004 regradavil.

1965 2021 2071 2078 554
2283 2021 2352 2077 i5

475 2137 742 2194 Romanae
771 2138 1031 2194 Ecclesiae
1064 2136 1379 2192 tricesimus
1410 2143 1640 2213 quartus
1683 2134 1969 2190 ordinatur
2003 2135 2292 2205 episcOpus
2329 2133 2596 2190 Liberius.
2621 2133 2741 2201 Quo
2771 2135 2827 2189 in
2871 2132 3124 2190 exsilium
3165 2131 3236 2187 ob
3287 2130 3448 2187 fidem
3480 2141 3656 2201 truso,

399 2248 590 2289 omnes
619 2232 804 2288 clerici
829 2232 1152 2301 iuraverunt
1193 2228 1338 2301 quod
1372 2229 1581 2284 nullum
1613 2228 1780 2282 alium
1813 2227 2174 2297 susciperent.
2209 2225 2408 2284 Verum
2457 2243 2586 2282 cum
2627 2224 2778 2282 Felix
2810 2227 2878 2281 ab
2896 2225 3116 2281 Arianis
3145 2223 3341 2280 fuisset
3383 2227 3438 2280 in
3469 2240 3654 2282 sacer-

403 2323 614 2379 dotium
644 2323 996 2387 substitutus,
1043 2322 1263 2394 plurimi
1295 2322 1681 2392 pejeraverunt
1713 2339 1727 2376 :
1772 2331 1826 2376 et
1862 2329 1986 2392 post
2016 2336 2218 2374 annum
2255 2336 2379 2376 cum
2412 2319 2594 2378 Felice
2626 2321 2785 2390 ejecti
2822 2326 2987 2386 sunt;
3032 2318 3160 2389 quia
3205 2315 3462 2375 Liberius
3495 2320 3661 2374 tzedio

409 2419 584 2474 victus
611 2418 812 2483 exsilii,
842 2428 896 2474 et
925 2420 982 2474 in
1001 2418 1257 2474 haeretica
1284 2419 1554 2490 pravitate
1582 2417 1963 2486 subscribens,
1994 2416 2224 2473 Romam
2255 2418 2415 2488 quasi
2439 2418 2614 2473 victor
2637 2418 2955 2472 intraverat.

469 2511 656 2569 Romae
688 2513 925 2583 p0pulus
954 2512 1220 2583 adversus
1259 2513 1600 2583 Magnentia-
2508 2511 2830 2568 Vetranioni
2861 2511 3002 2580 apud
3038 2511 3288 2583 Naissum
3316 2525 3346 2564 a
3371 2508 3649 2566 Constan—

400 2581 834 2709 nosdopehellans
885 2584 955 2640 ab
1003 2581 1292 2639 Heraclida
1348 2581 1602 2640 aenatore
2438 2585 2518 2640 tio
2557 2584 2768 2656 regium
2801 2583 3013 2653 insigne
3032 2582 3363 2636 detractum.

403 2670 500 2726 pro
545 2671 557 2708 l
589 2671 672 2712 ur.

474 2745 786 2818 Magnentio
812 2749 956 2820 apud
981 2748 1439 2820 Augustodunum
1478 2746 1775 2817 arripiente
1826 2746 2136 2818 imperium,
2186 2745 2460 2802 Constans
2506 2745 2650 2801 haud
2680 2746 2840 2817 longe
2879 2745 2947 2800 ab
2979 2743 3262 2814 Hispania,
3301 2757 3449 2797 anno
3479 2741 3658 2798 aetatis

399 2855 513 2895 sine
543 2840 846 2906 tricesimo,
881 2843 1096 2914 imperij
1133 2842 1216 2898 sui
1247 2841 1672 2908 tertiodecimo,
1717 2840 1772 2895 in
1801 2842 2044 2906 castello,
2071 2843 2158 2897 cui
2205 2855 2401 2895 nomen
2432 2847 2514 2894 est
2560 2839 2782 2904 Helene,
2824 2837 3172 2894 interficitur.
3218 2835 3394 2903 Quam
3433 2833 3506 2891 ob
3544 2849 3659 2890 rem

351 3002 356 3007 ἢ
398 2931 616 2986 turbata
640 2947 697 2988 re
727 2931 967 3007 publica,
999 2930 1257 2986 Vetranio
1290 2929 1508 2995 Μαι-ξω,
1529 2931 1866 3004 Nepotianus
1900 2933 2086 2988 Romae
2118 2931 2474 3000 imperatores
2505 2929 2655 2984 facti.

470 3024 760 3096 Nepotiani
791 3033 957 3097 caput
988 3027 1099 3096 pilo
1128 3043 1226 3098 per
1252 3025 1452 3082 Urbem
1488 3026 1894 3095 circumlatum,
1956 3027 2251 3096 multaque
2305 3024 2735 3096 proscriptiones
2772 3022 3041 3078 nobilium
3075 3028 3130 3078 et
3161 3018 3340 3076 czedes
3371 3019 3554 3077 facta.

1997 3143 2106 3197 555
2319 3143 2387 3196 Η

471 3210 730 3268 Nonnulli
761 3212 1027 3269 nobilium
1049 3213 1357 3269 Antiochia:
1385 3228 1414 3267 a
1446 3212 1605 3270 Gallo
1991 3212 2097 3269 556
2311 3213 2378 3268 15
2537 3209 2720 3266 Gallus
2741 3210 3047 3267 Constantii
3083 3207 3348 3280 patruelis
3365 3207 3552 3264 (Σπευ-
3584 3205 3663 3262 fa-

401 3282 692 3340 interfecti.
2444 3289 2587 3337 ctus.

469 3391 814 3467 Magnentius
841 3396 1039 3454 Μαι-επ
1061 3399 1277 3456 victus:
1309 3399 1365 3454 in
1395 3415 1505 3470 quo
1535 3399 1720 3470 praelio
1757 3397 2016 3454 Romanae
2045 3397 2189 3453 vires
2221 3395 2596 3452 conciderunt.

469 3487 658 3546 Gallus
703 3487 945 3556 Iudaeos,
997 3491 1092 3562 qui
1147 3491 1454 3547 interfectis
1505 3507 1602 3562 per
1651 3497 1892 3547 noctem'
1937 3490 2207 3545 militibus
2258 3504 2409 3543 arma
2455 3487 2522 3542 ad
2568 3485 2940 3542 rebellandum
2977 3486 3314 3549 invaserant,
3363 3490 3664 3556 oppressit,

400 3582 560 3638 caesis
585 3581 773 3637 multis
803 3582 1088 3636 hominum
1120 3582 1390 3650 millibus,
1439 3597 1613 3666 usque
1643 3583 1709 3637 ad
1743 3582 2016 3637 innoxiam
2056 3590 2269 3637 aetatem
2306 3598 2320 3633 :
2361 3589 2414 3636 et
2446 3580 2696 3635 civitates
2723 3594 2915 3635 eorum
2948 3577 3362 3642 Diocazsaream,
3388 3575 3661 3632 Tiberia-

401 3679 549 3741 dem,
595 3685 650 3733 et
680 3676 1003 3748 Diospolim,
1037 3677 1386 3749 plurimaque
1418 3662 1617 3750 oppida
1651 3678 1765 3749 igni
1797 3676 2041 3732 tradidit.

1708 3799 1853 3870 281i
1995 3795 2100 3870 ἓδῖ
2314 3791 2382 3870 ἲίέ

474 3861 1610 3935 GennadiusForojuliensisoralorRomm
1709 3853 1850 3870 ’ψ’
1994 3865 2100 3920 558
2319 3863 2384 3916 17
2526 3859 2823 3935 Minervius
2864 3858 3278 3935 Burdigalensis
3327 3857 3522 3912 rhetor
3557 3853 3671 3908 Ro-

403 3931 640 4004 insignis
669 3936 919 3990 habetur.
952 3931 966 3935 ⁷
2451 3949 2552 3986 ma:
2581 3932 2968 3987 florentissime
2993 3932 3172 3985 docet.

471 4019 815 4094 Magnentius
844 4024 1093 4098 Lugduni
1127 4026 1180 4082 in
1213 4027 1416 4098 palatio
1450 4027 1671 4097 propria
1703 4041 1762 4081 se
1789 4040 1953 4081 manu
1991 4023 2250 4080 interficit
2284 4039 2296 4076 :
2334 4031 2387 4079 et
2426 4020 2721 4077 Decentius
2762 4020 2930 4076 frater
2951 4019 3096 4090 ejus,
3133 4033 3293 4090 quem
3321 4017 3393 4073 ad
3427 4017 3672 4074 tuendas

403 4114 608 4172 Gallias
633 4116 908 4174 Caesarem
945 4119 1191 4185 miserat,
1223 4119 1367 4192 apud
1405 4117 1654 4176 Senonas
1686 4119 1882 4190 laqueo
1912 4117 2078 4172 vitam
2110 4117 2311 4188 explet.

1265 4238 1349 4308 Β,
1397 4235 1614 4311 ΜρΧ,
2007 4231 2112 4290 559
2329 4229 2395 4286 18
2468 4299 2501 4311 Α
2536 4227 2726 4311 Gallus
2753 4229 2936 4311 Gaesar
2961 4227 3290 4311 sollicitatus
3313 4225 3670 4311 .a_Constan.-

2465 4299 2541 4353 tio
2601 4300 2869 4370 patrueli,
2928 4299 3016 4353 cui
3072 4299 3125 4354 in
3177 4298 3571 4370 suspicionem‘
3599 4299 3672 4353 ob

477 4368 740 4427 Silvanus
782 4371 838 4426 in
884 4370 1059 4427 Gallia
1106 4388 1197 4428 res
1240 4389 1413 4428 novas
1456 4376 1618 4430 moli-

2461 4366 2666 4441 regiam
2689 4371 2948 4441 __indolem
3003 4366 3291 4435 νευρῇ-δι(
3321 4368 3496 4423 lstrize
3549 4366 3667 4441 [αι.

403 4449 495 4497 tua
525 4441 791 4499 vicesimo
827 4453 1021 4498 octavo
1055 4442 1144 4500 die
1168 4445 1479 4501 exstinctus
1504 4456 1613 4503 est.
2461 4438 2709 4513 uisione]
2737 4441 3027 4496 Occiditur.

478 4558 794 4614 Victorinus
826 4559 1013 4615 rhetor
1037 4567 1092 4615 et
1126 4558 1370 4617 Donatus
1398 4559 1792 4631 grammaticus
1827 4569 2133 4632 praeceptor
2167 4572 2326 4613 meus
2356 4553 2542 4611 Romae
2575 4555 2819 4626 insignes
2851 4554 3160 4610 habentur:
3184 4568 3215 4608 e
3241 4551 3444 4623 quibus
3467 4551 3670 4608 Victo-

400 4651 557 4706 rinus
587 4650 758 4703 etiam
779 4655 1016 4704 statuam
1046 4648 1102 4703 in
1142 4648 1262 4703 foro
1291 4647 1512 4718 Trajani
1544 4647 1645 4722 [al.
1676 4645 1950 4720 Romano]
1987 4645 2207 4700 meruit.

473 4759 745 4828 Alcimus,
777 4765 832 4812 et
887 4755 1209 4828 Delphidius
1257 4758 1507 4813 rhetores
1559 4761 1612 4813 in
1980 4755 2112 4812 ‘360
2329 4754 2394 4810 19
2540 4753 2804 4828 Paulinus
2823 4762 2876 4828 et
2896 4752 3192 4828 Rhodanus
3223 4751 3526 4828 Galliarum
3563 4758 3674 4826 epi-

400 4830 698 4896 Aquitania
727 4824 1122 4882 florentissime
1151 4827 1374 4882 docent.
2461 4826 2617 4896 scopi
2644 4827 2700 4880 in
2723 4824 2975 4881 exsilium
2991 4826 3062 4880 ob
3093 4824 3254 4880 fidem
3279 4824 3443 4880 trusi.

399 4897 670 5028 dolc’e‘trus
697 4897 1136 4968 Caesaraugustae
1161 4905 1350 4952 orator
1379 4898 1616 4970 insignis

506 4987 538 5026 e
569 5007 584 5022 .

474 5087 743 5151 Donatus,
779 5099 810 5141 a
841 5101 952 5157 quo
981 5101 1146 5158 supra
1173 5084 1508 5142 Donatianos
1538 5086 1648 5142 dici
1683 5089 1738 5143 in
1763 5085 1950 5142 Africa
1981 5082 2411 5143 memoravimus
2430 5121 2447 5148 ,
2500 5080 2835 5152 Carthagine
2879 5080 3116 5151 pellitur.
3162 5079 3397 5147 Quidam
3424 5089 3673 5142 sectato-

407 5198 498 5241 res
523 5180 647 5250 ejus
675 5183 841 5235 etiam
873 5178 1186 5235 Montenses
1222 5189 1442 5245 vocant,
1481 5195 1549 5236 eo
1579 5181 1725 5250 quod
1751 5179 2041 5236 ecclesiam
2072 5177 2258 5234 Romae
2288 5176 2526 5248 primum
2558 5174 2614 5230 in
2645 5182 2829 5228 monte
2855 5173 3058 5229 habere
3089 5180 3395 5244 coeperunt.

472 5273 743 5330 Eusebius
803 5270 1167 5327 Vercellensis
1197 5271 1507 5341 episcopus,
1544 5281 1600 5328 et
1620 5271 1859 5334 Lucifer,
1893 5287 1958 5326 ac
1994 5271 2288 5344 Dionysius
2331 5267 2679 5330 Caralitanae,
2713 5273 2766 5320 et
2788 5263 3212 5322 Mediolanensis
3244 5264 3507 5322 Ecclesiae
3549 5270 3674 5340 epi-

405 5367 579 5437 scopi,
635 5363 958 5422 Pancratius
983 5379 1202 5434 quoque
1251 5362 1530 5420 Romanus
1573 5364 1879 5436 presbyter,
1915 5371 1969 5418 et
2002 5363 2220 5419 Hilarus
2265 5362 2533 5417 diaconus
2573 5357 2909 5413 distantibus
2936 5357 3079 5414 inter
3106 5373 3168 5415 se
3195 5357 3264 5413 ab
3289 5358 3516 5413 Arianis
3538 5368 3597 5414 et
3640 5379 3669 5416 θ

401 5462 728 5515 Constantio
756 5461 1088 5522 damnantur
1111 5458 1342 5514 exsiliis.

472 5578 724 5636 Julianus
773 5575 943 5634 frater
975 5575 1114 5632 Galli
1162 5573 1450 5632 Mediolani
1491 5574 1603 5630 ϐω·
2531 5569 2841 5630 Sarmatha,
2867 5567 3151 5632 Amatb'as,
3189 5575 3245 5619 et
3267 5563 3547 5621 Macarius
3583 5568 3671 5624 di-

404 5667 496 5711 sar
535 5650 861 5720 appellatur.
962 5719 965 5720 ν
1033 5718 1068 5720 Α
1217 5718 1224 5720 Α
1296 5719 1299 5720 ν
1358 5717 1370 5720 _
1705 5649 1846 5719 285
2001 5643 2101 5699 ’561
2311 5645 2382 5699 20
2460 5640 2654 5720 sri_p_uli
2677 5639 2900 5720 antonii
2925 5637 3166 5720 insignes
3190 5636 3478 5716 habentur.

473 5706 739 5790 Reliquis:
763 5719 995 5790 apostoli
1029 5718 1304 5776 Timothei
1333 5717 1602 5772 Constan—
1707 5706 1842 5790 ’ξν
2450 5781 2484 5790 __
2531 5706 2782 5790 Liberius
2802 5709 3093 5778 episcopus
3115 5706 3395 5764 Romanus
3426 5707 3482 5761 in
3523 5711 3671 5764 exsi-

403 5771 993 5864 uob'éiuii'iiivéizié.”
1348 5771 1357 5772 ί
1392 5771 1395 5772 ν
1565 5771 1573 5772 ί
1748 5771 1770 5798 ”
2450 5781 2581 5838 lium
2609 5771 2859 5835 mittitur.
