3810 6314
157 309 248 364 593
1379 313 1876 371 CHRONICORUM
1911 314 2040 370 LIB.
2085 315 2150 370 II.
3285 317 3386 374 59‘

1389 579 1579 618 OLYIP.
1631 580 1894 621 ειιωετυε
1967 579 2095 620 BOI.

1909 748 2180 830 Constan-

1974 827 2085 872 IIIIS

222 992 484 1049 Antonius
515 993 824 1050 monachus
873 995 1168 1051 centesimo
1204 997 1395 1068 quinto
1428 1011 1572 1052 anno
1602 999 1776 1055 aetatis
1824 996 1881 1053 in
1926 1013 2111 1054 eremo
2159 997 2409 1062 moritur,
2444 999 2638 1054 solitus
2690 998 2875 1055 multis
2909 998 2978 1054 ad
3027 1014 3089 1056 se
3123 999 3388 1056 venienti-

168 1088 256 1143 bus
281 1087 345 1142 de
379 1085 554 1142 Paulo
582 1087 815 1159 quodam
847 1087 1081 1145 Thebaso
1118 1090 1268 1146 mirae
1317 1091 1665 1148 beatitudinis
1719 1093 1838 1146 viro
1889 1091 2094 1148 referre
2133 1093 2450 1162 complura:
2486 1091 2646 1162 cujus
2676 1107 2776 1149 nos
2802 1093 3006 1148 exitum
3027 1093 3174 1150 brevi
3203 1093 3386 1152 libello

168 1177 531 1248 explicuimus.

227 1267 454 1325 Hilarius
511 1269 804 1339 episcopus
844 1267 1199 1326 Pictaviensis
1255 1269 1488 1326 factione
1543 1271 1823 1327 Saturnini
1878 1273 2208 1329 Arelatensis
2241 1275 2503 1344 episcOpi,
2533 1275 2975 1345 reliquorumque
3015 1275 3108 1345 qui
3150 1289 3274 1330 cum
3316 1293 3394 1333 eo

168 1368 323 1427 erant,
350 1361 710 1425 Arianorum,
737 1370 862 1417 ante
885 1362 1181 1418 triennium
1213 1365 1269 1417 in
1305 1361 1592 1435 Phrygiam
1623 1366 1814 1435 pulsus
1843 1367 2010 1421 libros
2039 1366 2106 1421 de
2133 1373 2322 1421 nostra
2345 1366 2604 1437 religione
2631 1366 2926 1437 componit.

227 1450 476 1507 Saraceni
525 1453 587 1507 in
625 1454 1016 1510 monasterium
1055 1454 1197 1509 beati
1223 1453 1441 1510 Antonii
1468 1456 1740 1513 irruentes
1773 1456 2117 1512 Sarmatham
2146 1457 2494 1512 interficiunt.

225 1542 418 1610 Magnae
452 1543 887 1598 Alamannorum
920 1544 1088 1615 capia:
1116 1543 1260 1614 apud
1287 1544 1706 1617 Argentoratum
1739 1545 1837 1619 [αι.
1861 1547 2261 1618 Argentarium,
2285 1547 2428 1618 infra
2457 1547 3148 1622 Argentariam],oppidum
3177 1546 3381 1603 Gallia-

166 1653 290 1705 rum,
316 1654 347 1692 a
381 1637 603 1694 Caesare
621 1636 838 1694 Iuliano
862 1653 1155 1711 oppressae.

226 1790 520 1869 Evanthius
575 1790 982 1869 eruditissimus
1028 1793 1346 1869 grammati-
1695 1793 1800 1849 362
2010 1795 2077 1852 21
2279 1795 2605 1869 Constantio
2639 1794 2877 1869 ABomam
2927 1797 3202 1869 ingresso,
3254 1813 3379 1855 ossa

161 1877 341 1941 eorum
371 1861 854 1941 Constantinopoli
890 1861 1045 1941 diem
1083 1863 1216 1916 obiit
1245 1882 1258 1917 :
1289 1863 1345 1918 in
2183 1863 2409 1941 Andreae
2436 1867 2712 1941 apostolih
2736 1874 2791 1922 et
2815 1861 3013 1941 ΔΙλιιηξιῖ
3035 1861 3383 1941 evangelista:

161 1933 297 2015 cujus
327 1932 512 1987 locum
554 1947 623 1988 ex
659 1931 840 1988 Africa
883 1932 1148 1988 Cbrestus
1182 1948 1343 1989 assu-
2184 1953 2215 1990 a
2247 1931 2862 2007 Constantinopolitanis
2891 1938 3030 1994 miro
3053 1931 3236 1996 favoFe
3260 1955 3383 1996 sus-

160 2011 324 2057 Initur.
2181 2016 2358 2078 cepta.

210 2094 469 2152 Paulinus
525 2092 876 2150 Trevirorum
921 2095 1212 2167 episcopus
1243 2097 1297 2150 in
1325 2094 1558 2168 Phrygia
1599 2097 1698 2170 [αι.
1734 2097 1952 2173 Pythia]
1979 2103 2240 2158 exsulans
2286 2102 2534 2157 moritur.

215 2185 530 2242 Nicomedia
556 2192 716 2241 terra“.
743 2194 892 2240 motu
924 2184 1171 2257 funditus
1196 2201 1408 2251 eversa,
1441 2187 1635 2242 vicinis
1666 2187 1894 2245 urbibus
1926 2205 1991 2245 ex
2024 2197 2178 2260 parte
2206 2191 2465 2246 versatis.

1684 2279 1789 2334 563
2003 2279 2077 2334 2‘2

216 2390 460 2465 Synorius
495 2391 644 2462 apud
681 2392 984 2446 Ariminum
1027 2401 1083 2447 et
1125 2390 1424 2447 Seleuciam
1455 2389 1677 2446 Isauria:
1721 2390 1910 2448 facta:
1957 2393 2012 2448 iu
2058 2409 2170 2464 qua.
2197 2393 2425 2464 antiqua
2470 2390 2693 2450 Patrum
2729 2393 2883 2460 ﬁdes,
2913 2395 3102 2453 decem
3147 2397 3380 2468 primum

161 2486 466 2554 legatorum,
495 2484 695 2540 dehinc
725 2484 966 2538 omnium
997 2484 1302 2554 proditione
1331 2482 1586 2537 damnata
1611 2490 1715 2538 est.

219 2574 470 2649 Hilarius,
514 2591 642 2630 cum
693 2574 835 2649 apud
885 2574 1344 2649 Constantinopoo
1696 2575 1800 2634 364
2011 2577 2096 2631 23
2185 2647 2216 2649 μ
2260 2576 2567 2649 Honoratus
2588 2593 2653 2632 ex
2686 2579 2940 2646 praefecto
2971 2580 3226 2649 praetorio
3253 2579 3382 2634 Gal.

163 2646 240 2698 lim
269 2647 608 2720 librnm__pro
639 2647 1040 2720 se‘Constantio
1069 2649 1346 2717 porrexis-
1979 2691 1982 2695 .
2183 2647 2379 2700 liarum
2398 2647 2627 2720 primus
2673 2646 3145 2719 Constantinopoli
3187 2649 3380 2720 praefe-

163 2723 251 2772 set.
275 2717 338 2770 ad
370 2715 580 2771 Callias
607 2715 786 2770 rediit.
1074 2715 1085 2717 ⁷
2173 2725 2296 2772 ctus
2329 2715 2448 2770 urbi
2481 2716 2676 2774 factus.

224 2785 569 2842 Macedonius
590 2786 1062 2857 Constantinopoli
1101 2787 1358 2857 pellitur...
2252 2786 2568 2909 Gratianus.
2603 2789 2694 2857 qui
2730 2803 2876 2842 nunc
2931 2789 3230 2858 imperator
3271 2796 3376 2850 est,

2176 2872 2328 2912 nasci
2360 2873 2446 2910 ur.

222 2971 413 3030 Omnes
444 2989 585 3045 pene
609 2982 724 3030 toto
746 2975 878 3030 orbe
900 2973 1156 3030 Ecclesia:
1182 2975 1284 3030 sub
1303 2975 1519 3030 nomine
1549 2977 1699 3047 pacis
1720 2983 1774 3032 et
1801 2975 1944 3048 regis
1965 2975 2292 3030 Arianorum
2322 2973 2601 3029 consortio
2623 2974 2959 3045 polluuntur.

195 3061 1164 3152 :‘ConlstantiusApIopsocrenisinter
1207 3068 1340 3121 Cili-
1407 3082 1548 3152 i285
1694 3066 1798 3122 565
2013 3066 2084 3120 24
2203 3066 2726 3152 νϐῳειίιηιίηοροιί
2755 3066 2990 3121 maxima
3034 3063 3266 3121 ecclesia
3293 3065 3382 3121 de-

167 3135 286 3206 cium
331 3135 842 3206 Cappadociamque
882 3137 1146 3202 moritur,
1195 3153 1354 3191 anno.
1409 3135 1546 3152 ’νυ
2185 3137 2422 3192 dicatur.

166 3205 315 3260 atatis
335 3203 570 3278 mw.
596 3203 767 3278 nn];
2191 3277 2197 3278 ί
2255 3207 2428 3278 Gallia
2451 3221 2548 3276 per
2562 3204 2838 3278 Hilarium
2887 3204 3250 3278 Ariminensis
3275 3203 3378 3277 [αι.

2174 3275 2414 3348 Arianae]
2447 3275 2686 3347 perfidiae
2709 3275 2864 3331 dolos
2892 3275 3134 3331 damnat.

224 3408 458 3467 Heletius
498 3410 762 3466 Sebastia:
792 3412 1170 3468 Armeniorum
1205 3411 1492 3482 episcopus
1523 3410 1596 3466 ab
1627 3409 1830 3467 Acacio
1878 3424 1935 3470 et
1969 3412 2202 3486 Georgio
2254 3409 2528 3480 episcopis
2567 3409 2784 3464 Arianis
2822 3407 3168 3463 Antiochiam
3200 3417 3381 3464 trans-

168 3503 352 3558 fenur:
393 3511 448 3558 et
491 3511 618 3573 post
658 3519 767 3558 non
807 3504 1012 3576 grande
1059 3507 1318 3576 temporis
1362 3505 1729 3572 intervallum,
1775 3519 1902 3562 cum
1930 3502 2298 3576 presbyteros,
2347 3504 2442 3574 qui
2480 3503 2549 3558 ab
2590 3502 2836 3558 Eudoxio
2882 3510 3231 3560 antecessore
3277 3517 3378 3558 suo

166 3592 373 3666 depositi
405 3596 646 3660 fuerant,
677 3597 1034 3668 suscepisset,
1062 3599 1240 3652 exsilii
1265 3597 1627 3669 justissimam
1655 3613 1880 3656 causam
1919 3597 2100 3654 subita
2129 3595 2254 3653 fidei
2287 3595 2660 3662 demutatione
2685 3595 2903 3650 delusit.

235 3749 463 3826 Georgio
501 3770 599 3826 per
645 3753 1199 3826 seditionemhpopuli
1247 3755 1333 3826 in-
1902 3751 2194 3808 XXXVIII.
2225 3749 2556 3807 JULIANUS
2591 3767 2734 3805 anno
2761 3765 2889 3814 uno,
2923 3749 3203 3804 mensibus
3231 3756 3374 3803 octo.

168 3834 328 3899 cense,
345 3825 435 3893 qui
454 3823 519 3879 in‘
545 3829 720 3899 locum
738 3823 1018 3899 Athanasii
1065 3825 1133 3899 ab
1176 3825 1334 3899 Aria-

168 3892 241 3944 nis
287 3892 454 3948 fuerat
506 3894 814 3957 ordinatus,
851 3893 1184 3950 Athanasius
1214 3894 1334 3949 Ale-
1683 3893 1786 3948 566
2036 3894 2061 3948 I

170 3961 418 4019 xandriam
454 3967 770 4020 revertitur.

224 4077 424 4139 Juliano
479 4084 548 4138 ad
599 4083 869 4139 idolorum
909 4084 1115 4138 cultum
1159 4099 1444 4149 converso,
1494 4081 1691 4136 blanda
1732 4082 2040 4154 persecutio
2088 4080 2190 4134 fuit
2241 4079 2472 4134 illiciens
2516 4081 2712 4152 magis,
2765 4095 2928 4151 quam
2977 4079 3260 4150 impellens
3312 4077 3376 4132 ad

171 4175 556 4232 sacriﬁcandum
594 4197 608 4231 :
645 4178 702 4231 in
739 4190 848 4247 qua
880 4177 1033 4230 multi
1071 4191 1136 4231 ex
1168 4178 1374 4232 nostris
1400 4176 1677 4230 voluntate
1704 4176 1922 4245 propria
1955 4179 2302 4228 corruerunt.

226 4268 474 4329 Eusebius
498 4280 554 4327 et
583 4271 800 4327 Lucifer
817 4273 884 4327 de
910 4272 1106 4328 exsilio
1135 4282 1479 4329 revertuntur
1506 4293 1518 4328 ε
1545 4289 1575 4328 e
1609 4273 1806 4342 quibus
1837 4269 2052 4325 Lucifer
2105 4273 2305 4330 ascitis
2339 4271 2554 4327 duobus
2616 4270 3026 4326 confessoribus
3070 4269 3376 4331 Paulinum.

168 4360 417 4420 Eustachii
448 4365 696 4435 episcOpi
748 4365 1147 4437 presbyterum.
1171 4365 1264 4436 qui
1317 4381 1376 4421 se
1413 4380 1689 4436 nunquam
1717 4362 2094 4419 haereticorum
2120 4364 2506 4420 communione
2534 4361 2822 4432 polluerat,
2855 4359 2911 4414 in
2937 4367 3088 4429 parte
3111 4357 3378 4414 catholica

168 4453 438 4512 Antiochiae
468 4459 790 4528 episcopum
824 4454 980 4511 facit.

1691 4547 1796 4601 567
2038 4545 2074 4598 2
2193 4563 2196 4566 ’
2248 4542 2577 4599 )Emilianus
2611 4542 2682 4596 ob
2712 4556 2931 4596 ararum
2964 4538 3376 4596 subversionem

2178 4613 2462 4670 Dorostori
2495 4628 2525 4667 a
2553 4611 2762 4667 vicario
2784 4611 3111 4667 incenditur.

218 4734 578 4796 Proharesius
638 4738 882 4810 scphista
933 4739 1302 4804 Atheniensis,
1335 4739 1450 4810 lege
1492 4739 1638 4802 data,
1678 4754 1746 4793 ne
1777 4736 2072 4793 Christiani
2123 4733 2428 4789 liberalium
2478 4733 2674 4786 artium
2725 4730 2980 4786 doctores
3009 4731 3214 4790 essent.
3250 4737 3379 4781 cum

165 4832 249 4884 sibi
278 4835 585 4904 specialiter
605 4831 860 4886 Julianus
890 4830 1232 4895 concederet,
1263 4839 1322 4886 ut
1359 4830 1700 4886 Christianos
1723 4829 1965 4892 doceret,
1999 4825 2242 4884 scholam
2271 4832 2464 4896 sponte
2491 4820 2754 4880 deseruit.

222 4918 449 4978 Ecclesia
500 4920 806 4975 Antiochiae
861 4919 1069 4983 clausa,
1131 4927 1185 4974 et
1236 4919 1558 4989 gravissima
1600 4918 1934 4973 imminentis
1994 4915 2404 4988 persecutionis
2456 4913 2697 4986 procella
2741 4911 2834 4970 Dei
2867 4911 3148 4967 voluntate
3199 4908 3380 4979 sopita

165 5021 250 5067 cst.
293 5014 420 5070 Nam
461 5011 718 5070 Julianus
757 5013 813 5067 in
857 5013 1052 5068 Persas
1083 5010 1358 5083 profectus
1403 5021 1648 5067 nostrum
1679 5018 1802 5082 post
1837 5011 2124 5065 victoriam
2151 5009 2273 5066 diis.
2301 5009 2627 5080 sanguinem
2655 5012 2876 5063 voverat
2907 5023 2921 5058 :
2954 5003 3048 5059 ubi
3078 5017 3108 5057 a
3141 5000 3379 5074 quodam

167 5106 391 5166 simulato
440 5107 671 5181 perfuga
725 5108 790 5161 ad
824 5107 1036 5163 deserta
1079 5105 1398 5178 perductus,
1431 5121 1554 5162 cum
1589 5105 1732 5163 fame
1773 5116 1828 5162 et
1871 5106 1960 5161 siti
2009 5107 2268 5177 Apostata
2302 5105 2631 5176 perdidisset
2652 5101 2976 5165 exercitum,
3009 5105 3064 5154 et
3100 5097 3380 5154 inconsul-

169 5199 258 5256 tius
300 5219 328 5257 a
379 5217 604 5258 suorum
638 5208 848 5257 erraret
896 5201 1226 5272 agminibus,
1278 5203 1348 5257 ab
1380 5201 1540 5256 obvio
1586 5199 1728 5255 forte
1771 5200 2011 5255 hostium
2052 5199 2234 5269 equite
2273 5205 2436 5253 conto
2478 5197 2570 5250 ilia
2631 5195 2916 5266 perfossus
2970 5190 3200 5255 interiit,
3233 5204 3379 5244 anno

165 5294 314 5348 (etatis
363 5310 492 5349 xxxi
547 5293 648 5366 [aL
710 5291 907 5364 xxxn].
967 5293 1098 5347 Post
1152 5306 1311 5361 quem
1361 5291 1612 5362 sequenti
1663 5291 1769 5346 die~
1814 5288 2090 5344 Jorianus.
2126 5305 2192 5344 ex
2234 5287 2550 5358 primicerio
2593 5285 3022 5342 domesticorum
3081 5282 3377 5353 imperator

169 5377 316 5438 lactus
363 5393 466 5440 est.

1743 5471 1981 5529 XXXIX.
2023 5469 2361 5526 JOVIANUS
2387 5471 2668 5526 mensibus
2696 5476 2840 5524 octo.

222 5567 466 5640 Iovianus
493 5583 678 5624 rerum
708 5566 1048 5640 necessitate
1081 5565 1335 5640 compul-
1682 5634 1778 5640 μ’
2041 5633 2054 5640 _
2250 5629 2283 5640 _
2329 5631 2341 5640 _
2499 5639 2503 5640 ν
2633 5626 2684 5640 __

170 5649 248 5692 sus
284 5638 483 5694 Nisibin
529 5647 586 5694 et
644 5652 890 5705 magnam
938 5626 1338 5705 Mesopotamia:
1681 5634 1784 5690 368
2035 5633 2070 5685 1.
2244 5629 2568 5705 ευρνοᾳαηιε
2627 5626 2967 5705 Μᾳνεςζᾷειω
3023 5640 3374 5696 arearrpuco-

171 5717 350 5774 partem
379 5709 574 5779 Sapori
607 5707 719 5778 regi
738 5696 1047 5763 "Persarum
1083 5696 1325 5759 tradidit.
2174 5717 2270 5771 pm
2314 5696 2738 5770 Rothomagensis
2780 5696 2913 5751 VII.
