3810 6320
369 323 475 380 533
1061 325 1322 382 Ειλδευιι
1364 323 1840 380 (ΞΑΞΞΑΒΙΕΝΞΙΒ

2120 323 2260 378 AKS
2298 323 2341 378 Ι.
2374 355 2443 364 —-
2483 323 2879 382 HlS’l'OlllCA.‘
3506 324 3619 380 596

439 567 692 638 Synodus
723 565 1023 621 Antiochia:
1058 579 1088 618 a
1119 565 1331 619 Melctio
1370 571 1423 616 et
1465 563 1580 615 suis
1633 561 1796 624 facta,
1832 561 1888 614 in
1925 575 2034 632 qua
2084 560 2358 614 homomio
2390 575 2733 630 anomaroque
2764 567 2990 630 reiecto,
3024 559 3260 614 medium
3315 561 3456 615 inter
3501 561 3616 617 haec

365 658 690 713 hommusion
733 656 1179 712 Macetlonianum
1208 655 1402 724 dogma
1436 652 1871 708 vindicaverunt.

437 747 700 804 Jovianus
744 748 1030 808 cruditate.
1083 747 1198 802 sive
1234 744 1403 800 odore
1452 760 1776 815 prunarum,
1831 761 1969 814 quas
2012 745 2211 800 nimias
2265 745 2469 800 adoleri
2509 743 2772 814 iusserat,
2821 743 3145 799 Dadastanae
3187 747 3440 810 moritur,
3471 762 3619 803 anno

366 844 544 898 artatis
565 858 746 896 xxxiv.
771 839 900 896 Post
921 856 1080 910 quem
1101 839 1510 895 Valentinianus
1561 839 1816 893 tribunus
1847 839 2237 903 scutariorum,
2260 853 2290 893 e
2333 836 2612 891 Pannonia
2641 836 2948 893 Cibalensis
2977 836 3118 907 apud
3167 836 3400 892 Nicaeam
3433 840 3618 910 Augu-

367 947 488 993 stus
519 937 847 1008 appellatus,
876 934 1100 989 fratrem
1132 932 1410 988 Valentem
1431 931 1900 1002 Constantinopoli
1931 933 1984 986 in
2016 931 2352 986 consortium
2379 929 2531 1001 regni
2559 929 2816 985 assumit.

1599 1102 1791 1141 OIYIP.
1865 1101 2127 1141 CHRISTUS
2199 1101 2326 1140 ΒΟ..

2056 1157 2471 1213 Valentinianus

2239 1237 2294 1281 et

2166 1295 2366 1351 Valens

403 1464 729 1540 Apollinaris
749 1464 1104 1540 Laodicensis
1127 1465 1418 1534 episcopus
1443 1462 1578 1516 mul-
2117 1465 2214 1522 XL
2237 1499 2250 1514 .
2288 1457 2862 1540 VALENTllVlANUS,
2897 1470 2949 1518 et
2989 1459 3262 1516 VALENS
3296 1462 3458 1518 annis
3492 1475 3615 1528 xm,

362 1533 815 1625 timodamostrae
856 1536 1077 1625 religio-
1277 1554 1551 1625 MCXX.
1646 1555 1787 1625 287
1925 1599 2028 1625 mn
2282 1600 2303 1625 Ι
2415 1533 2697 1586 mensibus
2720 1548 2789 1594 v.;

362 1609 449 1661 nis
483 1607 684 1676 scripta
706 1599 1002 1677 componit.
1154 1599 1236 1627 "'
1277 1599 1551 1626 "‘“M'
1648 1599 1772 1625 ’δυ’
1925 1599 2028 1655 369
2281 1600 2307 1655 1

433 1697 852 1754 Valentinianus
898 1695 1150 1768 egregius
1199 1694 1335 1748 alias
1392 1695 1690 1762 imperator
1723 1703 1775 1748 et
1825 1693 2117 1747 Aureliano
2155 1691 2400 1746 moribus
2459 1693 2677 1758 similis,
2729 1695 2838 1750 nisi
2896 1696 3038 1766 quod
3104 1699 3452 1752 severitatem
3497 1697 3614 1766 ejus

364 1793 588 1846 nimiam
619 1799 672 1846 et-
698 1792 1019 1861 parcitatem
1047 1791 1267 1860 quidam
1304 1788 1681 1864 crudelitatem
1722 1793 1776 1842 et
1798 1787 2081 1841 avaritiam
2111 1785 2633 1856 interpretabantur.

432 1887 618 1942 Terra:
639 1898 787 1942 motu
821 1902 917 1956 per
949 1895 1120 1941 totum
1151 1885 1338 1938 orbem
1395 1882 1561 1948 facto,
1594 1897 1745 1937 mare
1775 1882 1924 1937 littus
1965 1879 2265 1952 egreditur,
2305 1887 2359 1935 ct
2401 1877 2599 1934 Siciliae
2647 1881 3055 1951 multarumque
3095 1884 3400 1938 insularum
3457 1890 3620 1939 innu-

365 1983 656 2038 rnerabilcs
694 1982 926 2052 populos
957 1979 1236 2049 Opprimit.

445 2072 642 2126 Valens
675 2073 743 2126 ab
793 2071 1035 2125 Eudoxio
1084 2070 1409 2124 Arianorum
1456 2071 1574 2140 epi-
1929 2069 2036 2124 570
2281 2068 2318 2121 2

367 2158 534 2213 scopo
562 2143 872 2212 baptizatus
901 2149 1120 2196 nostros
1149 2142 1515 2210 persequitur.

433 2235 759 2306 Procopius,
813 2236 906 2306 qui
950 2235 1092 2305 apud
1143 2234 1673 2304 Constantinopolim
1725 2233 2068 2304 tyrannidem
2110 2234 2405 2299 invaserat,
2437 2233 2583 2304 apud
2610 2228 2902 2306 Phl'ygiam
2952 2233 3256 2288 salutarem
3313 2234 3622 2288 exstinctus

365 2337 450 2384 est
487 2337 579 2385 :et
608 2329 825 2400 plurimi
863 2326 1213 2398 Proc0pianae
1243 2328 1415 2397 partis
1453 2326 1580 2381 caesi
1609 2334 1771 2396 atque
1808 2327 2120 2397 proscripti.

435 2418 694 2476 Romana:
741 2418 1000 2474 Ecclesia:
1029 2419 1342 2474 tricesimus
1369 2419 1594 2490 quintus
1623 2418 1906 2473 ordinatur
1949 2420 2238 2490 episcopus
2266 2418 2552 2476 Damasus.
2584 2418 2650 2472 Et
2676 2428 2800 2489 post
2836 2432 2945 2472 non
2983 2417 3213 2472 multum
3246 2421 3511 2487 temporis
3534 2419 3618 2472 in-

364 2512 650 2566 tervallum
696 2510 931 2568 Ursinus
963 2510 1059 2582 [αι.
1093 2510 1404 2585 Ursicinus]
1441 2529 1469 2566 a
1505 2513 1829 2583 quibusdam
1881 2512 2172 2582 episcopus
2204 2511 2534 2568 constitutus
2579 2510 2886 2566 Sicininum
2920 2527 3042 2566 cum
3077 2513 3194 2567 suis
3227 2513 3436 2566 iuvarlit
3466 2532 3479 2566 :
3515 2526 3624 2583 quo

365 2603 704 2662 Damasianae
735 2607 906 2677 partis
930 2606 1130 2676 populo
1166 2606 1492 2667 confluente.
1529 2606 1924 2662 crudelissimae
1963 2605 2368 2662 interfectiones
2393 2605 2593 2660 diversi
2629 2621 2793 2661 sexus
2821 2613 3161 2676 perpetratae.

434 2700 726 2756 Gratianus
757 2699 1127 2756 Valentiniani
1176 2701 1320 2756 filius
1349 2702 1568 2756 Ambia—
1919 2701 2017 2756 571
2269 2704 2302 2756 5
2478 2699 2634 2770 Apud
2688 2701 2979 2770 Atrebatas
3025 2700 3149 2753 lana
3183 2715 3213 2754 e
3257 2699 3401 2753 cmlo
3427 2700 3625 2769 pluvia

366 2771 456 2827 nis
479 2773 774 2844 imperator
803 2771 1004 2828 factus.
2412 2768 2575 2844 mista
2607 2768 2814 2844 defluit.

580 2868 590 2877 ι
2445 2840 2718 2922 _llilarius
2765 2838 3125 2897 Pictaviensis
3163 2841 3460 2911 episcopus
3503 2858 3621 2896 mc-

2414 2919 2572 2965 ritur.

437 3006 611 3062 Tanta
661 3008 1135 3080 ConstantinOpoli
1163 3016 1248 3063 est
1293 3017 1412 3062 orta
1457 3015 1776 3078 tempestas,
1824 3015 1882 3061 ut
1925 3007 2076 3063 mirae
2118 3009 2508 3080 magnitudinis
2545 3009 2805 3066 decidens
2856 3009 3063 3079 grando
3103 3010 3410 3066 nonnullos.
3447 3009 3624 3064 homi-

369 3114 497 3154 num
539 3099 894 3156 interfecerit.

440 3190 704 3264 Libanius
755 3192 1131 3249 Antiochenus
1187 3188 1372 3246 rhetor
1400 3206 1570 3262 agno-
1921 3189 2026 3244 572
2271 3192 2306 3247 4
2485 3191 2684 3257 Nicaea,
2740 3209 2862 3264 quae
2917 3209 3060 3262 saepe
3111 3201 3238 3248 ante
3301 3200 3624 3258 corruerat,

371 3261 564 3316 scitur.
1443 3261 1454 3262 ί
2416 3272 2576 3318 terra:
2607 3261 2771 3318 motu
2795 3261 3041 3319 funditus
3065 3279 3276 3318 eversa.

438 3332 594 3402 Agon
630 3333 1103 3404 Constantinopoli
1131 3348 1162 3386 a
1188 3332 1414 3388 Valente
1447 3332 1571 3387 red-
1639 3371 1777 3406 ηοο
1922 3401 2024 3406 ___
2280 3403 2309 3406 __
2486 3334 2752 3391 Eusebius
2779 3334 3142 3391 Vercellensis
3184 3336 3482 3406 episcopus
3511 3349 3626 3388 mo-

370 3371 594 3456 urn???"
632 3371 1162 3404 “”“⁹’““”“”””““
1447 3371 1541 3387 ’”“
1639 3371 1782 3441 288
1921 3401 2098 3472 575,
2277 3403 2313 3458 5
2421 3371 2582 3459 τίὶὗῗῖ

440 3496 806 3552 Athanaricus
856 3511 948 3552 rex
999 3496 1304 3552 Gothorum
1344 3497 1400 3549 in
1432 3494 1778 3550 Christianos
1811 3493 2192 3565 persecutione
2224 3502 2372 3550 mota
2429 3497 2698 3566 plurimos
2725 3496 2987 3553 interficit
3020 3505 3113 3552 :et
3143 3497 3212 3552 de
3249 3497 3490 3567 propriis
3537 3512 3630 3552 se-

371 3588 534 3646 dibus
559 3588 613 3642 in
649 3587 956 3642 Romanum
989 3589 1166 3642 solum
1192 3588 1432 3658 expellit.

443 3676 638 3748 Magna
667 3677 840 3734 fames
874 3678 930 3732 in
959 3675 1218 3748 Phrygia.
1929 3675 2033 3729 574
2284 3679 2317 3732 6
2459 3751 2469 3762 .
2496 3680 2972 3806 Condstaintirliopoli
3005 3680 3394 3749 Apostolorum
3430 3680 3631 3753 Marty-

2427 3768 2566 3805 rium
2637 3770 2684 3806 et
2708 3767 2788 3805 ica
2819 3767 2903 3804 ur.

2427 3768 2471 3805 ΓΙ
2480 3769 2566 3805 LIIII
2601 3767 2903 3806 dedicatur.

443 3833 667 3890 Lucifer
713 3835 1058 3891 Caralitanus
1099 3835 1389 3906 episcopus
1435 3837 1688 3901 moritur,
1720 3835 1813 3908 qui
1871 3853 1996 3891 cum
2029 3837 2293 3911 Gregorio
2345 3844 2600 3913 episcopo
2624 3843 3030 3914 Hispaniarum,
3065 3849 3117 3896 et
3156 3839 3387 3898 Philone
3426 3842 3630 3915 Libya,

371 3941 654 3997 nunquam
679 3942 738 3982 se
764 3926 979 3982 Arianae
1008 3927 1227 3982 miscuit
1254 3927 1530 3998 pravitati.

445 4018 771 4075 idaximinus
830 4017 1120 4090 praefectus
1159 4033 1390 4074 annona:
1429 4016 1708 4075 maleficos
1743 4019 1812 4074 ab
1842 4019 2172 4092 imperatore
2217 4023 2546 4095 investigare
2583 4022 2794 4092 jussus,
2828 4023 3094 4092 plurimos
3128 4021 3313 4078 Romae
3363 4025 3626 4080 nobilium

369 4113 598 4170 Occidit.

448 4203 772 4278 Valentinus
825 4205 907 4278 in_
933 4205 1234 4272 Britannia,
1279 4213 1573 4276 antequam
1927 4207 2033 4263 575
2281 4209 2312 4262 7
2488 4205 2780 4278 Presbyter
2805 4204 3019 4258 Siriuus
3053 4203 3393 4278 [a_L_Sirmii]
3413 4208 3630 4278 nequis-

376 4277 718 4349 tyrannidem
750 4276 1052 4343 invaderet,
1079 4292 1382 4349 oppressus
1408 4275 1512 4334 est.
2421 4277 2560 4333 sime
2608 4275 2928 4349 decollatur,
2964 4275 3108 4349 quod
3134 4275 3515 4349 Octavia—num
3541 4295 3633 4332 ex-

2421 4348 2749 4472 prtfconsule
2787 4349 2930 4418 apud
2963 4361 3023 4401 se
3055 4345 3356 4400 latitantem
3402 4349 3634 4417 prodere

2423 4434 2494 4473 no
2523 4426 2712 4474 uisset.

442 4510 557 4568 Lex
577 4512 762 4578 datur,
793 4511 1078 4568 nobilitate
1102 4511 1302 4574 deleta,
1338 4520 1400 4567 ut
1429 4513 1634 4583 quique
1662 4522 1858 4583 quarto
1884 4511 2077 4584 gradui
2113 4513 2432 4582 jungantur.

445 4605 708 4679 Didymus
735 4607 1137 4665 Alexandrinus
1167 4609 1336 4662 multa
1378 4608 1447 4663 de
1492 4617 1682 4664 nostro
1725 4608 1977 4680 dogmate
2009 4625 2103 4680 per
2129 4609 2376 4662 notarios
2414 4615 2816 4663 commentatur
2849 4627 2862 4662 :
2904 4605 2995 4677 qui
3026 4613 3150 4677 post
3201 4605 3456 4676 quintum
3489 4606 3632 4661 nati-

375 4699 557 4755 vitatis
591 4715 704 4756 suze
731 4715 934 4754 annum
964 4701 1262 4755 luminibus
1297 4701 1521 4756 orbatus
1548 4703 1939 4758 elementorum
1961 4718 2178 4773 quoque
2204 4702 2425 4772 ignarus
2457 4699 2578 4754 fuit.

446 4793 660 4852 Probus
695 4794 986 4866 prmfectus
1030 4795 1225 4866 Illyrici
1278 4795 1642 4865 iniquissimis
1671 4798 2003 4853 tributorum
2047 4797 2429 4853 exactionibus
2479 4805 2603 4851 ante
2634 4795 2975 4867 provincias,
3007 4808 3146 4866 quas
3193 4792 3440 4865 regebat,
3469 4808 3632 4866 quam

378 4903 409 4941 a
441 4887 688 4943 barbaris
721 4895 1088 4950 vastarentur,
1121 4889 1312 4943 erasit.

450 4978 752 5035 Eunomius
777 4979 1080 5048 discipulus
1105 4980 1242 5035 Aetii
1275 4979 1747 5055 ConstantinOpoli
1775 4985 2114 5055 agnoscitur,
2150 4999 2181 5038 a
2201 5000 2311 5055 quo
2337 4983 2563 5040 haeresis
2592 4983 2952 5039 Eunomiana.

447 5145 694 5222 Saxones
749 5143 878 5200 caesi
927 5142 1180 5201 Deusone
1225 5144 1281 5200 in
1339 5145 1580 5203 Franco-
1650 5189 1786 5222 ,οη
2285 5081 2322 5206 3
2499 5150 2943 5222 Burgundionum
2984 5148 3260 5213 octoginta
3307 5147 3480 5222 ferme
3513 5149 3632 5202 mil-

380 5189 878 5285 rudi-regione?"
931 5189 1180 5201 "“""'
1226 5189 1281 5200 ···
1339 5189 1577 5203 “ww
1649 5189 1786 5259 189

2289 5189 2317 5206 υ
2432 5189 3027 5292 ιὶίιῖυίίιῗξάωηῖιηίῃιειω
3061 5189 3238 5284 alitea,
3271 5219 3340 5272 ad
3383 5217 3632 5274 [tirenum

2438 5292 2859 5348 descenderunt.

453 5373 756 5432 Clearchus
788 5378 1080 5448 prafectus
1113 5379 1267 5437 urbis
1295 5378 1768 5455 Constantinopoli
1817 5383 2137 5457 agnoscitur
2164 5405 2180 5442 :
2213 5402 2244 5441 a
2279 5401 2390 5458 quo
2433 5386 2749 5442 necessaria
2785 5396 2836 5441 et
2861 5384 2955 5439 diu
2989 5389 3302 5454 exspectata
3329 5383 3474 5438 votis
3499 5395 3635 5454 aqua

383 5465 668 5522 inducitur
694 5469 923 5526 civitati.

461 5559 798 5617 “evandrius
840 5565 1132 5624 vicesimus
1187 5569 1474 5625 ordinatur
1525 5573 1813 5642 episcopus
1865 5571 2062 5628 Petrus
2094 5591 2110 5626 :
2139 5571 2233 5642 qui
2279 5579 2403 5643 post
2433 5570 2676 5628 Valentis
2705 5572 2983 5629 interitum
3026 5579 3138 5626 tam
3181 5569 3360 5625 facilis
3413 5570 3470 5624 in
3503 5567 3638 5624 rmi-

388 5654 602 5728 piendis
634 5657 906 5714 haereticis
939 5658 1061 5726 fuit,
1096 5670 1154 5717 ut
1183 5665 1462 5721 nonnullis
1501 5667 1868 5736 suspicionem
1895 5675 2130 5737 acceptae
2159 5666 2402 5737 pecuniae
2432 5667 2702 5723 intulerit.

459 5748 688 5804 iishmia
717 5751 1056 5810 nobilissima
1107 5757 1394 5814 mulierum
1433 5758 1798 5816 Romanarum
1837 5771 1889 5818 et
1932 5759 2229 5817 Marcellini
2267 5758 2543 5831 quondam
2587 5759 2832 5819 consulis
2872 5757 3001 5831 ﬁlia,
3033 5757 3197 5815 unico
3235 5763 3470 5828 praetore
3513 5765 3639 5812 tunc
