3810 6360
1239 490 1677 551 APPENDIX
1713 493 1827 550 AD
1868 493 2219 554 EUSEBII
2256 493 2752 559 CHRONICON

512 817 1310 1047 SlllllliLlS
1477 681 2566 1057 PﬂllSlll’l‘liltI
2712 827 3471 1059 ANlllNSlS

1540 1192 2426 1320 TEMPORUM

782 1446 1245 1581 USQUE
1317 1448 1512 1561 AD
1585 1448 1966 1563 SUAM
2043 1449 2676 1566 [ETATEM
2761 1456 3192 1570 RATIO

1408 1683 1436 1716 ι
1467 1681 1620 1718 ιωειιδ
1653 1681 2006 1718 αιςτοιιιεοιιωι
2032 1684 2274 1720 εσωιλτω
2310 1685 2562 1722 αοιιεετι.

596 1833 752 1875 OPUS
795 1831 882 1874 EX
931 1833 1227 1877 HAICANIS
1284 1833 1563 1886 QUINQUE
1618 1832 1944 1878 CODICIRUS
1978 1837 2060 1878 ΑΒ
2090 1835 2335 1879 JOANNE
2386 1837 2678 1882 ZOBRABU
2740 1838 3030 1882 DOCTORE
3085 1841 3373 1884 ARMENIO

844 1910 1228 1956 νιιιρεα-τεκ
1295 1913 1696 1956 Εχεεειιιδτυυ
1752 1915 1957 1966 ATQUE
2020 1915 2348 1958 EMENDA'I‘I

1629 1914 1696 1956 ΞΜ
1752 1915 1957 1966 ATQUE
2020 1915 2417 1958 EMENDA'I‘UM
2471 1917 2750 1961 JOANNES
2805 1917 3133 1962 ZOHRABL‘S

1147 1991 1225 2034 ΕΤ
1280 1992 1560 2034 ΔΝϐΕιυὸ
1632 1993 1828 2035 ΜΑιυε
1890 1995 2139 2037 PRIMUM
2193 1995 2574 2039 CONJUNCTIS
2632 1997 2821 2040 CUIUS-

1350 2071 1732 2114 ιιτιΝιΤΑΤΕ
1788 2071 2098 2116 ΒΟΝΑἸἭΜ
2157 2074 2471 2126 δοτιερυε
2528 2075 2625 2117 11.-

1573 2152 1949 2195 ιυετιιΑΤυιι
2011 2152 2402 2196 Ευωειιυκτ.

1507 2298 1809 2361 (Mediolani,
1832 2293 1980 2358 regiis
2007 2298 2153 2362 typis,
2172 2311 2463 2348 uncccxvm,

1201 2608 1352 2696 DE
1422 2604 1968 2697 SAMUELE
2067 2601 2737 2694 PRIE-FATIO.

1953 2806 2014 2817 σ--ς

425 2912 464 2966 ι.
498 2912 758 2968 Samnii:
785 2915 1135 2968 summarium
1165 2913 1434 2968 commode
1463 2929 1580 2965 cum
1617 2913 1844 2966 Eusebio
1881 2913 2324 2983 eanjungitur.—
2358 2909 2655 2980 Postquam
2698 2908 2985 2964 Eusebiani
3018 2908 3263 2965 Chronici
3301 2915 3453 2969 curis
3493 2915 3606 2968 cdt-

360 3005 636 3074 tionisque
680 3005 864 3061 labore
897 3005 1114 3060 tandem
1147 3005 1439 3075 aliquando
1469 3004 1718 3059 defuncti
1747 3004 1975 3067 fuimus,
2009 3022 2070 3059 ea
2104 3005 2284 3060 statim
2316 3003 2574 3073 cogitatio
2604 3017 2706 3058 nos
2733 3001 2920 3067 subiit,
2963 3003 3295 3058 solitatimne
3323 3006 3606 3060 mallemus

353 3095 492 3151 istos
534 3096 787 3153 Canones
839 3098 896 3153 in
950 3098 1126 3152 lucem
1159 3099 1430 3160 emittere,
1467 3111 1536 3150 an
1568 3105 1629 3150 ut
1657 3097 1814 3150 multi
1862 3095 2057 3162 Graeci,
2095 3104 2154 3149 ut
2183 3095 2325 3166 Syri,
2381 3104 2440 3148 ut
2463 3093 2641 3148 Latini
2715 3094 2875 3164 (quos
2903 3095 3046 3148 inter
3079 3093 3334 3164 princeps
3386 3094 3605 3158 Eusebii

351 3188 620 3258 interpres
662 3187 725 3244 D.
763 3187 1123 3259 Hieronymus
1177 3188 1496 3259 primusque
1525 3186 1699 3241 editor
1725 3185 2143 3242 Mediolanensis
2181 3184 2568 3256 Mombritius),
2602 3183 2968 3238 Eusabianum
3016 3199 3154 3254 opus
3186 3195 3606 3242 consecutorum

351 3298 656 3353 temporum
716 3282 882 3353 gestis
907 3282 1354 3348 curnuiaverunt;
1390 3297 1492 3336 nos
1525 3295 1740 3351 quoque
1760 3281 1887 3334 item
1914 3279 2205 3335 editionem
2233 3287 2479 3334 nostram
2505 3279 2804 3348 posteriore
2827 3279 3008 3350 aliqua
3045 3281 3276 3336 historia
3318 3285 3604 3338 eontinua~

353 3376 839 3447 remustEquidem
871 3378 964 3432 ubi
993 3377 1060 3432 de
1081 3375 1485 3446 prosequendis
1503 3374 1826 3430 Canonibus
1857 3376 2130 3430 sententia
2166 3375 2393 3444 placuit,
2426 3373 2562 3427 nihil
2597 3373 2959 3443 opportunius
3001 3372 3104 3427 fuit
3140 3373 3394 3430 Samuele
3430 3377 3593 3430 chro-

351 3470 632 3542 nograpbo
667 3470 945 3537 Armenio,
986 3471 1147 3540 cujus
1178 3471 1359 3526 omnis
1389 3472 1738 3527 industriam
1766 3486 1833 3526 eo
1870 3471 2288 3541 diligentissime
2317 3477 2530 3523 versata
2558 3477 2664 3531 est,
2708 3475 2767 3521 ut
2795 3467 2936 3537 apud
2965 3469 3194 3538 gentiles
3223 3485 3353 3525 suos
3384 3469 3600 3526 Eusebii

350 3562 454 3618 sibi
485 3579 773 3634 personam
794 3579 1094 3634 vocemque
1115 3570 1450 3632 capesseret.
1473 3561 1606 3616 Nam
1636 3578 1763 3617 cum
1792 3564 2050 3618 universo
2081 3577 2244 3632 opere
2258 3560 2501 3623 Eusebii,
2527 3560 2719 3615 latiore
2751 3561 3008 3614 nimirum
3034 3562 3260 3616 historia
3288 3578 3353 3617 ac
3377 3564 3602 3618 linearis

350 3654 584 3709 canonis
607 3655 843 3724 epitome
871 3659 1118 3708 uteretur
1149 3651 1392 3716 Samuel,
1422 3651 1567 3705 haud
1593 3653 1708 3722 ipse
1733 3653 2022 3708 consilium
2051 3655 2214 3722 cepit,
2236 3652 2382 3722 quod
2406 3651 2532 3706 olim
2555 3649 2731 3704 Latini
2763 3651 3028 3718 fecerunt,
3049 3661 3220 3706 totum
3246 3653 3377 3708 illud
3405 3656 3602 3726 prioris

351 3745 481 3800 libri
511 3747 763 3802 volumen
783 3745 962 3802 securi
991 3743 1235 3800 Tenedia~
1258 3747 1562 3813 resecandi;
1586 3761 1800 3811 verum,
1825 3748 2041 3804 mitiore
2065 3757 2354 3802 contentus
2373 3748 2662 3810 sententia,
2681 3749 2916 3817 priorem
2939 3747 3156 3818 quidem
3184 3749 3383 3804 librum
3411 3759 3488 3805 tot
3507 3767 3602 3804 au-

350 3848 562 3896 ctorum
607 3842 892 3897 sententiis
922 3840 1328 3894 redundantem
1377 3856 1442 3894 ac
1477 3841 1711 3905 varium,
1735 3843 1870 3897 satis
1897 3841 2045 3896 brevi
2073 3841 2398 3911 compendio
2449 3839 2758 3907 conclusit;
2788 3841 3145 3909 posteriorem
3171 3851 3352 3897 autem
3388 3844 3454 3898 ad
3517 3847 3594 3898 sui

350 3935 614 4004 temporis
663 3951 820 3990 usum
856 3935 1018 4005 paulo
1049 3934 1229 4004 aptius
1267 3931 1719 4000 accommodavit,
1755 3934 1938 3988 addita
1975 3933 2177 3990 Christi
2210 3948 2344 3996 tera,
2378 3936 2650 4001 rebusque
2676 3934 2864 3986 multis
2893 3948 3030 4002 quas
3057 3932 3325 3989 Eusebius
3349 3937 3601 4006 neglexe-

349 4039 480 4083 rat:
531 4037 647 4083 tum
705 4029 849 4099 quod
904 4028 1137 4085 instituti
1195 4034 1362 4096 caput
1387 4033 1526 4091 erat,
1560 4025 1696 4082 adeo
1744 4035 2047 4097 temporum
2090 4028 2447 4098 digestionem
2509 4024 2786 4094 produxit,
2835 4033 2892 4080 ut
2945 4027 3013 4080 ab
3051 4041 3194 4082 anno
3250 4027 3594 4084 Constantini

350 4120 526 4191 Magni
555 4120 830 4176 vicesimo
852 4119 931 4191 (in
956 4133 1065 4189 quo
1107 4119 1265 4172 linem
1291 4116 1417 4171 fecit
1449 4116 1738 4187 Eusebius)
1791 4118 1856 4172 ad
1890 4119 2143 4188 quintum
2203 4134 2378 4188 usque
2406 4129 2461 4172 et
2485 4117 2955 4188 quadragesimum
3018 4117 3283 4175 Manuelis
3335 4122 3596 4176 Comneni

349 4209 692 4274 deeurrerit;
736 4210 880 4278 quod
947 4209 1142 4278 ingens
1192 4207 1622 4262 additamentum
1675 4223 1763 4263 res
1805 4223 2076 4263 annorum
2137 4210 2571 4278 octingentorum
2638 4218 2691 4263 et
2747 4210 3141 4280 quinquaginta
3190 4213 3594 4282 complectitur.

349 4305 694 4374 Quanquam,
729 4311 788 4356 ut
810 4317 935 4356 vere
954 4301 1224 4364 dicamus,
1253 4300 1306 4356 id
1329 4299 1601 4370 praecipue
1632 4303 1900 4372 spectavit
1923 4301 2143 4356 Samuel
2177 4315 2480 4371 magnoque
2514 4302 2697 4356 studio
2733 4303 2980 4371 perfecit,
3013 4313 3074 4358 ut
3108 4322 3197 4362 res
3240 4307 3596 4367 Armeniacas

345 4413 576 4470 quarum
606 4395 813 4451 nullum
842 4394 1140 4464 ,vestigium
1181 4392 1325 4466 apud
1359 4392 1654 4449 Eusebium
1699 4392 1886 4449 videre
1941 4402 2046 4454 est.
2076 4409 2108 4448 e
2148 4407 2362 4448 summo
2419 4395 2600 4464 gentis
2648 4393 2912 4451 historico
2956 4396 3292 4454 Chorenensi
3338 4400 3487 4458 Mose
3540 4405 3594 4458 in

344 4506 502 4548 suam.
525 4489 956 4545 lucubrationem
985 4487 1308 4544 transferret
1332 4505 1347 4554 ;
1374 4487 1470 4542 ubi
1495 4503 1626 4543 vero
1643 4487 1735 4542 hic
1767 4489 1931 4542 etiam
1962 4487 2240 4551 deficeret,
2263 4487 2574 4557 complures
2593 4489 2730 4544 alios
2765 4499 2819 4544 et
2840 4506 3032 4561 graves
3052 4492 3436 4550 Armeniorum
3461 4499 3594 4553 scri-

343 4597 528 4658 ptores
548 4594 903 4656 excerperet;
937 4583 1005 4640 ad
1034 4595 1338 4640 extremum
1371 4600 1492 4655 qua:
1516 4585 1633 4654 ipse
1667 4584 1895 4648 viderat,
1924 4582 2373 4653 ebronographi’te
2420 4588 2804 4642 committeret.
2836 4587 2954 4643 Non
3011 4606 3121 4645 uno
3154 4599 3335 4646 autem
3367 4595 3587 4648 nomine

347 4680 663 4738 Eusebiana:
682 4681 907 4737 editioni
942 4679 1162 4751 prodest
1185 4675 1458 4732 Samuelis
1486 4677 1827 4746 conjunctio.
1856 4675 2101 4747 Namque
2133 4678 2187 4731 in
2226 4679 2417 4749 primis
2446 4680 2613 4750 priori
2651 4681 2930 4736 (lenonum
2955 4682 3391 4740 Eusebianorum
3423 4687 3590 4743 histo-

343 4776 437 4831 rian
467 4775 651 4846 (quam
684 4789 851 4845 prope
905 4760 1070 4828 stulte
1094 4771 1316 4842 quidam
1349 4768 1527 4823 critici
1578 4768 1692 4838 jam
1724 4768 1971 4823 (ictitiam
2006 4771 2323 4841 nullamque
2353 4787 2474 4826 esse
2496 4772 2780 4845 putabant)
2809 4776 3179 4830 testiinonium
3206 4780 3588 4848 gravissimum

343 4867 738 4936 tndubiumque
763 4864 952 4934 adjicit
995 4860 1236 4925 Samuel,
1260 4861 1390 4914 dum
1430 4867 1485 4914 et
1507 4859 1628 4927 ejus
1657 4861 1983 4930 prooemium
2023 4877 2193 4931 prope
2223 4863 2290 4917 ad
2315 4863 2548 4918 litteram
2580 4867 2855 4936 exprimit,
2874 4874 2928 4922 et
2959 4883 3047 4922 res
3068 4860 3393 4926 Chaldaicas
3451 4889 3509 4928 se
3538 4875 3588 4928 in

343 4957 600 5025 praedicto
622 4957 760 5013 libro
781 4958 980 5027 legisse
1010 4958 1424 5015 commemorat,
1453 4958 1508 5004 et
1536 4951 1680 5006 unde
1703 4951 1971 5009 Eusebius
1991 4953 2314 5009 Hebraicam
2348 4957 2754 5027 chronologiam
2797 4959 2868 5013 sit
2900 4974 3129 5016 exorsus
3159 4960 3340 5026 docet,
3366 4971 3422 5018 et
3449 4967 3592 5034 ejus-

343 5049 467 5104 dem
495 5048 737 5102 imitator
764 5047 891 5108 τοὺς
929 5041 1072 5098 LXX
1097 5041 1396 5096 Bibliorum
1425 5041 1751 5112 interpretes
1775 5046 2006 5112 pressim
2038 5047 2347 5115 sequendos
2370 5048 2665 5114 existimat,
2693 5057 2748 5104 et
2784 5050 2908 5105 illas
2931 5052 3120 5123 viginti
3149 5057 3499 5126 genealogias
3528 5061 3591 5114 ab

342 5143 530 5199 eodem
561 5141 799 5196 Eusebio
822 5143 1104 5192 mutuatur
1144 5153 1160 5188 :
1201 5149 1513 5204 quanquam
1550 5137 1668 5206 ipse
1697 5137 1915 5190 demum
1968 5138 2402 5206 patriarcharum
2451 5157 2651 5196 uxores
2698 5151 2891 5212 sponte
2931 5147 3120 5199 inserit
3161 5163 3228 5200 ex
3271 5149 3455 5220 aliquo
3487 5152 3591 5206 for-

343 5252 488 5296 tasse
541 5237 756 5294 Veteris
807 5230 1145 5288 Testamenti
1197 5231 1669 5302 pseudepigrapho
1702 5232 1864 5298 libro,
1922 5233 2134 5287 erudita
2171 5236 2492 5291 curiositate
2532 5239 2770 5293 delectas
2813 5238 2910 5309 (a).
2959 5239 3100 5306 Quid
3135 5245 3364 5297 autem?
3415 5261 3592 5299 nonne

343 5330 562 5386 Samuel
594 5326 884 5382 emendare
918 5321 1211 5376 Eusebium
1249 5323 1481 5388 videtur,
1499 5340 1623 5379 cum
1647 5323 1950 5379 Cainanum
1983 5325 2162 5397 (cujus
2195 5325 2461 5384 Eusebius
2491 5332 2679 5386 omissi
2709 5347 2875 5386 causa
2892 5341 2971 5386 tot
2993 5334 3222 5404 Syncelli
3250 5337 3592 5394 criminatio.

341 5425 501 5478 nibus
522 5419 716 5493 patuit)
737 5419 791 5473 in
813 5416 1244 5488 patriarcharum
1265 5417 1458 5472 ordine
1482 5417 1862 5473 collocandum
1884 5417 2263 5475 demonstrat?
2306 5420 2497 5478 Nonne
2536 5425 2756 5480 nomina
2782 5425 2897 5482 sive
2920 5426 3140 5497 propria
3185 5427 3302 5483 sive
3339 5433 3590 5501 gentilia,

369 5583 372 5588 '
413 5577 488 5647 (α)
517 5575 739 5647 Legesis
777 5572 1045 5630 Samuelis
1074 5574 1358 5646 prologum
1408 5583 1462 5629 et
1512 5574 1712 5643 prioris
1744 5575 1912 5644 partis
1954 5575 2132 5644 prima
2164 5578 2338 5648 capita
2365 5578 2491 5633 duo.
