3810 6298
118 299 184 353 (illi
1109 293 1197 350 DE
1236 293 1560 351 SAMUELE
1597 295 1870 352 ANIENSI
1909 297 2302 355 PREFATIO.
3207 308 3316 363 603

116 427 246 466 nonne
259 423 526 462 annorum
551 418 733 474 notas,
752 423 930 463 nonne
946 408 1051 462 alia
1063 409 1344 479 complura
1361 425 1481 480 quae
1498 411 1552 463 in
1570 408 1787 466 Eusebii
1807 411 2090 468 codicibus
2128 413 2311 469 luxata
2352 416 2595 480 luerunt,
2629 424 2778 473 recte
2807 415 3024 474 Samuel
3042 421 3314 478 interdum

116 500 371 557 constituit?
409 499 669 570 Denique
722 500 788 554 ad
817 499 1030 556 Eusebii
1065 502 1252 556 crisim
1275 502 1404 572 quid
1429 519 1538 556 non
1595 501 1683 556 hic
1725 501 1974 557 conferat
2026 513 2237 569 auctor,
2285 506 2379 576 qui
2427 506 2590 561 modo
2632 506 2924 563 Eusebium
2967 510 3036 565 ab
3077 527 3137 568 se
3177 528 3316 583 pene

113 597 288 649 ascribi
314 593 616 649 continuat
650 595 765 665 (a);
799 595 958 650 modo
988 596 1160 651 eidem
1189 596 1262 650 ita
1293 612 1352 652 se
1374 597 1621 651 innixum
1655 597 1878 664 fatetur,
1918 607 1994 666 ut,
2029 614 2094 654 eo
2123 599 2414 666 subducto,
2468 602 2604 657 nihil
2644 603 2885 660 scribere
2900 607 3074 676 possit
3103 606 3215 678 (b)?

161 709 206 763 ll.
237 709 496 765 Samuelis
519 717 726 780 patria,
759 712 948 767 notitia
977 714 1144 781 operis
1175 723 1227 768 et
1272 713 1557 769 Μωεεηαδ.
1586 746 1656 756 -
1691 714 1800 770 Sed
1831 715 2152 786 priusquam
2183 716 2251 772 de
2279 718 2566 789 multiplici
2597 718 2867 778 Samuelis
2893 723 3125 779 utilitate
3164 725 3318 779 dica-

115 819 411 874 nius,opem
438 807 682 875 pretium
721 815 802 861 est
833 805 901 861 de
930 807 1051 876 ipso
1100 807 1318 862 homine
1372 819 1428 863 et
1475 809 1543 864 de
1595 808 1906 871 codicibus,
1967 809 2111 866 unde
2157 825 2296 881 opus
2343 812 2704 882 protrahitur,
2757 829 2972 870 summa
3019 831 3148 872 cum
3189 818 3314 873 bre-

112 906 227 951 vitate
250 898 543 954 disserere.
601 898 892 964 Samuelis,
941 899 1207 969 dignitate
1240 901 1564 972 presbyteri,
1620 901 1800 970 patria
1833 900 2128 969 fuitAnia,
2160 903 2432 960 Armeniae
2476 905 2608 960 urbs
2660 906 2726 960 ad
2758 905 2960 962 flumen
3011 909 3311 966 Achurium

116 994 204 1054 sita,
237 991 284 1044 in
317 1006 380 1046 ea
423 993 726 1062 provinciae
751 991 1020 1046 Araratiae
1051 993 1271 1062 regione
1298 1007 1461 1061 quam
1485 991 1777 1061 geographi
1801 989 1994 1046 dicunt
2035 991 2324 1049 Siraciam.
2369 992 2494 1049 Haec
2545 994 2683 1048 Ania
2705 1010 2830 1049 eum
2862 1010 3007 1050 nono
3037 997 3311 1054 Christia-

109 1100 164 1138 ne
182 1099 281 1138 arte
310 1087 519 1140 saeculo
541 1101 653 1141 non
683 1085 894 1140 modica
928 1085 1260 1140 incrementa
1284 1085 1606 1154 accepisset,
1639 1089 1928 1154 prapterea
1959 1083 2104 1154 quod
2138 1084 2484 1155 Bagratuniis
2515 1086 2856 1157 principibus
2888 1089 3092 1158 regiam
3125 1090 3311 1146 sedem

114 1184 342 1254 praberet,
366 1183 591 1238 decimo
618 1182 836 1252 quidem
864 1180 1260 1251 undecimoque
1289 1181 1488 1236 sacculo
1510 1196 1620 1236 tam
1653 1181 1909 1252 frequens
1929 1193 2151 1252 tamque
2168 1182 2451 1251 splendida
2507 1183 2704 1248 evasit,
2742 1192 2804 1238 ut
2853 1184 3048 1240 domos
3086 1194 3310 1241 centum

111 1281 230 1343 mille,
255 1279 452 1350 templa
485 1287 670 1332 autem
690 1278 812 1347 plus
835 1277 978 1332 mille
1005 1277 1260 1332 habuisse
1285 1275 1493 1331 feratur
1521 1275 1612 1347 (c).
1643 1276 1814 1331 Porro
1844 1277 1960 1334 haec
1984 1277 2117 1332 urbs
2136 1277 2424 1347 diligenter
2444 1275 2779 1332 secernenda
2807 1283 2889 1333 est
2917 1277 2986 1332 ab
3010 1278 3152 1333 Anio
3181 1293 3311 1350 pro-

105 1373 261 1436 vincire,
293 1389 415 1442 quae
429 1371 639 1426 dicitur
664 1371 773 1424 alta
795 1369 1074 1438 Armenia,
1118 1371 1343 1426 castello
1370 1369 1516 1440 quod
1547 1369 1724 1426 Moses
1755 1371 2123 1427 Cliorenensis
2155 1379 2542 1426 commemorat
2562 1370 2664 1442 (ἀ).
2693 1371 2806 1442 Age
2837 1387 2968 1427 vero
3002 1373 3174 1443 ipsius
3207 1371 3312 1432 Sa-

103 1466 243 1520 muelis
269 1463 678 1534 chronographi
706 1463 1036 1518 mentionem
1070 1462 1275 1517 faciunt
1302 1464 1537 1534 primum
1561 1463 1780 1534 quidem
1832 1463 2078 1519 Armenii
2129 1465 2427 1534 scriptores
2469 1463 2734 1534 Cyriacus
2771 1463 3171 1536 Gapzaghenus
3205 1484 3310 1525 sse-

103 1562 174 1614 culi
217 1577 309 1614 xm
367 1561 571 1626 homo;
643 1559 840 1614 iterum
895 1565 1154 1627 sequente
1212 1559 1414 1615 saeculo
1475 1560 1558 1614 vir
1606 1561 1856 1616 eruditus
1904 1558 2194 1615 Vardanus
2241 1557 2758 1625 Barzerberdensis;
2813 1567 3043 1630 uterque
3093 1561 3149 1615 in
3191 1562 3308 1618 suis

103 1653 306 1710 llaicanis
327 1653 614 1708 historiis:
643 1652 878 1722 denique
925 1662 1199 1721 postrema
1230 1658 1390 1706 tetate
1421 1650 1710 1721 Serposius
1743 1654 1797 1705 in
1827 1651 2166 1706 Armeniaca:
2193 1651 2434 1706 historia:
2466 1654 2811 1723 compendio,
2840 1655 3004 1726 quod,
3039 1657 3310 1728 scriptore

104 1760 196 1800 usus
217 1760 485 1817 anonymo
517 1743 718 1810 amico,
753 1741 1017 1812 impensis
1037 1741 1408 1811 subsidiisque
1436 1741 1690 1797 maximis
1719 1741 2027 1804 adornavit,
2061 1740 2336 1796 Samuelis
2383 1741 2675 1799 chronicos
2731 1758 2974 1801 canones
3002 1746 3153 1816 justo
3183 1747 3302 1816 qui-

101 1841 184 1892 dem
218 1841 416 1902 rarius,
450 1839 550 1895 sed
596 1849 778 1894 tamen
808 1838 1097 1908 aliquoties
1137 1837 1446 1906 compellat.
1491 1835 1758 1892 Praeterea
1783 1835 2052 1892 Gallicani
2082 1835 2291 1906 aliquot
2338 1835 2583 1906 perdocti
2620 1837 2871 1895 homines
2902 1839 3111 1894 codicis
3156 1839 3309 1894 Pari-

101 1931 191 1983 siaci
214 1930 402 1984 notitia
433 1931 545 1993 usi,
581 1944 682 1984 nec
712 1929 951 2000 segniter
989 1944 1092 1983 nec
1126 1927 1498 1998 perfunctorie
1528 1925 1837 1982 Samuelem
1882 1937 2133 1984 nostrum
2183 1928 2582 1982 commendant.
2640 1929 2856 1985 Primus
2907 1931 2960 1986 in
3020 1932 3104 1987 his
3137 1930 3307 1988 Ville—

103 2020 242 2090 troyos
297 2020 572 2076 Samuelis
627 2019 939 2075 Chronicon
985 2019 1399 2090 diligentissime
1442 2021 1822 2084 contrectavit,
1876 2030 2039 2090 atque
2069 2021 2260 2091 aperis
2306 2022 2549 2077 universi
2600 2022 2868 2078 rationem
2931 2025 3184 2093 exposuit
3213 2025 3304 2098 (ε).

107 2114 202 2168 Exin
249 2113 530 2187 Villefroyi
586 2114 806 2170 schedis
839 2115 1144 2169 instructus
1195 2111 1452 2170 Freretus
1490 2112 1763 2172 Samuelis
1801 2115 2210 2186 clironologiam
2254 2131 2379 2170 cum
2431 2117 2610 2172 fructu
2669 2119 2954 2189 usurpavit
3009 2120 3065 2174 in
3093 2121 3305 2177 disser-

102 2213 260 2267 tatione
288 2211 359 2266 De
413 2229 558 2265 anno
615 2211 924 2264 Armeniaca
969 2210 1056 2280 (ι’).
1106 2209 1212 2265 Sed
1261 2213 1404 2266 enim
1457 2226 1617 2265 nemo
1665 2209 1978 2266 affluentius
2031 2211 2425 2266 laudabiliusve
2483 2210 2850 2269 Samuelianis
2905 2215 3080 2284 copiis
3139 2222 3310 2270 semet

107 2309 362 2370 exornavit,
401 2323 570 2377 quam
599 2307 932 2362 novissimus
961 2305 1381 2384 Sammartiuius
1407 2305 1502 2377 (g),
1534 2307 1617 2360 vir
1658 2307 2001 2362 orientalium
2053 2306 2360 2363 studiorum
2397 2315 2583 2360 nostra
2630 2316 2788 2363 aetate
2820 2307 3305 2378 prudentissimus,

97 2403 157 2468 qui
181 2403 241 2456 de
274 2401 545 2456 Armeniae
586 2400 813 2455 historia
854 2407 908 2455 et
953 2399 1282 2470 geographia
1335 2414 1490 2470 teque
1525 2399 1662 2455 bene
1705 2399 1787 2454 vel
1836 2399 2002 2454 etiam
2068 2399 2345 2468 copiosius
2389 2399 2688 2453 meriturus
2736 2407 2842 2464 est,
2884 2415 3046 2469 quam
3083 2401 3174 2456 ille
3213 2402 3306 2455 diu

97 2497 414 2551 memorabilis
463 2495 883 2550 Sancticrucius
937 2495 1005 2549 de
1055 2494 1350 2549 Alexandri
1409 2496 1580 2566 gestis
1636 2505 1800 2564 atque
1857 2494 2242 2566 scriptoribus.
2282 2493 2400 2548 Jam
2446 2510 2512 2550 ex
2565 2495 2684 2565 ipso
2731 2498 2916 2551 statim
2981 2497 3207 2567 prologo
3250 2505 3307 2552 et

99 2606 184 2645 mox
239 2607 268 2647 e
323 2593 527 2662 prioris
578 2591 752 2662 partis
795 2589 1155 2645 conclusione
1203 2590 1608 2660 cognoscimus,
1667 2589 1972 2645 Samuelem
2029 2588 2355 2659 patriarcha:
2403 2587 2652 2660 Gregorii
2702 2591 2956 2659 precibus
3017 2599 3303 2646 exoratum

99 2685 196 2739 hanc
241 2689 594 2741 su-mmariam
644 2694 947 2754 temporum
975 2683 1359 2737 tractationem
1397 2685 1724 2753 scripsisse:
1761 2683 1858 2747 sed
1907 2689 1992 2737 est
2038 2683 2332 2738 obscurum
2365 2681 2434 2735 ad
2475 2696 2636 2750 quem
2681 2680 3001 2750 Gregorium
3033 2680 3304 2739 Samuelis

97 2782 214 2832 tertia
241 2782 566 2850 pertineant.
604 2777 856 2832 Profecto
891 2777 1139 2833 nonnulli
1180 2778 1422 2847 cogitant
1447 2779 1514 2833 de
1540 2776 1804 2846 Gregorio
1835 2777 1948 2840 illo,
1985 2775 2077 2846 qui
2114 2790 2259 2830 anno
2285 2774 2492 2830 Christi
2528 2775 2667 2828 1116
2709 2775 2917 2830 electus
2947 2783 3030 2830 est
3061 2775 3305 2845 vixitque

99 2871 134 2922 in
166 2875 459 2940 pontificatu
488 2885 668 2925 annos
711 2885 840 2932 LIII;
885 2885 985 2924 nos
1034 2877 1218 2922 tamen
1255 2868 1526 2922 Samuelis
1575 2869 1773 2923 librum
1804 2866 2068 2938 Gregorio
2118 2868 2302 2937 potius
2329 2867 2537 2936 juniori
2567 2867 2810 2921 oblatum
2862 2883 3172 2929 censemus.
3206 2869 3300 2938 qui

98 2965 206 3030 Nersi
240 2969 470 3023 Claiensi
503 2965 775 3021 successit
807 2978 951 3016 anno
977 2962 1114 3016 H76
1145 2980 1158 3016 :
1192 2961 1352 3030 cujus
1394 2962 1471 3016 rei
1507 2962 1773 3030 permulta
1821 2962 2020 3016 indicia
2060 2970 2210 3023 sunt.
2243 2961 2337 3015 sed
2373 2960 2502 3014 illud
2537 2961 2696 3031 longe
2735 2962 3124 3026 certissimum,
3156 2964 3302 3035 quod

98 3059 297 3112 nimirum
331 3056 557 3113 Samuel
598 3060 796 3124 quarto
845 3049 1092 3120 Gregorii
1119 3050 1377 3120 junioris,
1417 3067 1514 3106 seu
1561 3050 1784 3124 Deghte,
1835 3067 1980 3106 anno
2021 3051 2430 3122 chronologiam
2473 3067 2501 3104 a
2531 3066 2592 3107 se
2633 3051 2952 3107 adornatam
3001 3055 3299 3120 concludit,

98 3157 149 3207 uti
175 3171 278 3209 mox
331 3153 622 3211 evidenter
677 3147 1018 3203 docebimus.

145 3269 208 3322 Ill.
237 3267 569 3326 Samueliani
601 3265 880 3318 summurii
915 3262 1142 3317 codices.
1178 3293 1248 3302 —
1282 3262 1679 3315 Chronicorum
1717 3261 1989 3317 Samuelis
2018 3277 2290 3316 canonum
2318 3263 2537 3318 codices
2585 3263 2727 3317 haud
2779 3263 3151 3335 infrequentes
3205 3282 3300 3322 oc-

97 3373 268 3416 currunt
299 3382 311 3418 :
340 3376 468 3415 nam
515 3364 714 3430 praeter
758 3357 1092 3424 complures,
1141 3354 1234 3423 qui
1283 3353 1336 3405 in
1367 3354 1746 3406 Armeniorum
1780 3353 2125 3407 bibliothecis
2181 3352 2531 3417 delitescunt,
2562 3352 2898 3408 Parisiaeum
2945 3371 3119 3426 nuper
3147 3371 3300 3410 com-

97 3455 500 3511 memoravimus.
550 3448 739 3518 Neque
781 3456 961 3500 tamen
1007 3446 1226 3500 Samuel
1285 3446 1368 3498 vel
1411 3445 1687 3514 Europa‘is
1731 3446 1815 3500 vel
1850 3444 2220 3500 Orientalibus
2253 3445 2394 3516 tvpis
2444 3454 2568 3500 ante
2620 3446 2722 3500 hoc
2759 3453 2994 3517 tempus,
3030 3460 3296 3520 quantum

97 3555 268 3618 scimus,
316 3551 624 3618 impressus
663 3549 768 3598 est.
831 3539 948 3594 Jam
986 3541 1040 3594 in
1069 3549 1218 3594 tanto
1248 3541 1498 3594 codicum
1558 3557 1787 3596 numero
1819 3541 1911 3596 vix
1953 3541 2098 3594 ullus
2126 3547 2229 3605 est,
2288 3541 2344 3595 in
2399 3556 2508 3611 quo
2555 3539 2824 3597 Samuelis
2874 3545 3124 3602 (ianones
3157 3549 3298 3604 ultra

97 3645 287 3699 auctoris
333 3642 656 3699 terminum,
691 3649 884 3702 nempe
913 3632 1056 3686 ultra
1085 3630 1292 3686 Christi
1335 3645 1536 3684 annum
1603 3631 1762 3693 1179,
1814 3647 1846 3685 a
1895 3631 2298 3686 recentioribus
2330 3631 2760 3705 clrronographis
2794 3637 2878 3691 vel
2909 3640 3070 3692 etiam
3101 3642 3299 3697 scribis

97 3738 268 3804 produci
303 3752 412 3790 non
448 3733 708 3794 soleant;
759 3742 867 3797 quo
917 3741 1115 3796 genere
1145 3723 1498 3778 additamenti
1540 3741 1608 3780 ne
1641 3725 1812 3779 codex
1850 3725 2069 3794 quidem
2102 3723 2413 3780 Parisiacus
2466 3734 2659 3794 caret;
2719 3727 2970 3799 idemque
3014 3731 3065 3785 in
3096 3730 3301 3790 Graecis

96 3832 214 3884 etiam
251 3845 309 3884 ac
335 3828 550 3882 Latinis
582 3823 812 3876 aliorum
838 3827 1124 3872 auctorum
1151 3817 1426 3871 chronicis
1449 3817 1690 3871 solemne
1720 3818 2209 3887 pervulgatuuique
2255 3824 2359 3870 est.
2411 3817 2651 3888 Denique
2700 3834 2809 3873 non
2870 3821 3044 3876 solum
3089 3831 3303 3893 protra-

96 3931 183 3976 ctus
210 3932 283 3977 est
313 3919 558 3982 Samuel,
590 3931 779 3968 verum
811 3915 972 3967 etiam
1009 3912 1170 3966 alieni
1209 3912 1372 3980 panni
1413 3911 1627 3965 laciniis
1651 3912 1982 3980 quandoque
2027 3912 2373 3974 intertextus,
2417 3927 2522 3982 qua
2560 3913 2628 3968 de
2661 3930 2720 3968 re
2743 3923 2884 3969 nota:
2909 3927 3110 3972 nostrae
3136 3920 3304 3974 lecto-

96 4024 158 4066 res
205 4011 487 4067 identidem
542 4005 934 4061 admonebunt.
999 4001 1155 4056 l'iunc
1202 4001 1623 4055 Mediolauensis
1673 4001 1943 4057 Samuels
1998 4002 2164 4056 editio
2217 4019 2247 4057 e
2297 4005 2538 4073 quinque
2591 4007 2839 4062 codicum
2893 4011 3182 4066 collatione
3239 4028 3303 4078 ac

96 4102 392 4157 varietatibus
448 4098 686 4153 conﬂata
738 4105 844 4150 est.
894 4093 1156 4161 Princeps
1220 4092 1491 4146 Samuelis
1542 4094 1851 4163 exemplar,
1900 4094 2046 4165 quod
2094 4093 2257 4147 veluti
2323 4093 2742 4152 fundamentum
2781 4099 3045 4156 editionis
3100 4114 3303 4159 nostra:

97 4197 345 4263 posuimus,
389 4195 540 4249 circa
603 4205 805 4244 annum
828 4204 950 4242 tera:
1008 4187 1348 4240 Armeniaca:
1387 4185 1490 4239 656
1538 4185 1770 4256 (Christi
1823 4187 1892 4241 ad
1953 4187 2226 4244 Samuelis
2281 4192 2724 4259 supputationem
2781 4195 2961 4267 1209)
3017 4210 3300 4256 exaratum

95 4290 243 4354 fuerat,
294 4291 522 4360 ideoque
568 4284 849 4339 tricesimo
903 4282 1016 4336 fere
1070 4272 1193 4351 post
1243 4278 1492 4335 Chronici
1537 4281 1697 4335 finem
1749 4297 1895 4334 anno
1937 4280 2246 4336 confectum
2299 4285 2674 4350 cognoscitur.
2726 4284 2972 4356 Namque
3031 4288 3300 4347 Samuelis

95 4383 474 4439 locuhrationem
522 4394 713 4434 revera
759 4391 903 4429 anno
946 4375 1084 4429 “79
1154 4374 1469 4444 explicitam
1530 4389 1686 4438 esse,
1748 4374 2038 4428 manifesto
2095 4375 2254 4430 docet
2325 4374 2573 4430 Chronici
2629 4377 2802 4433 codex
2866 4381 3022 4446 alter,
3080 4383 3133 4436 in
3191 4399 3301 4454 quo

95 4473 187 4528 licet
225 4493 350 4547 OpllS
393 4477 567 4528 multo
635 4469 866 4523 ulterius
926 4468 1298 4536 protrahatur,
1342 4466 1601 4538 praedicto
1639 4477 1817 4521 tamen
1865 4482 2008 4520 anno
2053 4467 2191 4522 1169
2225 4467 2494 4537 ejusmodi
2543 4469 2843 4524 admonitio
2890 4474 3296 4542 perscribitur:

98 4565 196 4620 Heio
241 4572 447 4638 explirit
497 4565 717 4637 facundi
755 4562 1020 4616 Samuelis
1072 4563 1422 4632 compositio,
1463 4562 1555 4632 qui
1612 4577 1740 4614 sane
1795 4559 2116 4614 vehementer
2179 4561 2381 4614 curarit
2435 4569 2492 4613 ut
2543 4561 2964 4618 emendatissime
3027 4566 3297 4624 scriberet.

94 4664 260 4726 Appulit
311 4673 484 4716 autem
520 4675 682 4728 usque
725 4660 792 4712 ad
849 4677 1003 4714 suam
1058 4662 1270 4714 omnino
1316 4669 1564 4723 atatem;
1615 4675 1734 4711 cum
1782 4658 2022 4711 historici
2074 4659 2309 4728 ofﬁcium
2353 4660 2421 4712 sit
2443 4659 2507 4712 de
2543 4662 2823 4728 prrcteritis
2853 4663 3299 4735 prwsentibusque

93 4753 331 4820 disserere;
372 4759 513 4810 ultra
563 4773 679 4809 vero
726 4773 788 4809 ea
832 4771 946 4825 quia
993 4755 1048 4807 in
1090 4756 1196 4808 vita
1251 4755 1499 4825 cujusque
1548 4762 1859 4818 versantur,
1901 4755 2144 4824 progredi
2191 4771 2294 4808 non
2351 4755 2525 4809 liceat.
2595 4754 2907 4824 Quanquam
2968 4757 3128 4826 igitur
3181 4773 3300 4827 post

97 4843 194 4899 hanc
229 4849 387 4902 locum
442 4851 611 4918 pergit
666 4849 836 4901 adhuc
893 4847 1114 4902 linearis
1165 4848 1605 4902 Armeniacarum
1662 4862 1835 4898 rerum
1888 4845 2152 4909 historia,
2217 4846 2557 4900 nihilominus
2601 4847 2871 4914 complura
2923 4849 3110 4902 menda
3166 4853 3298 4906 satis

97 4951 332 5009 coarguunt
360 4944 522 4997 alium
567 4957 679 4995 esse
726 4941 909 5010 scripti
961 4949 1268 5003 auctorem,
1300 4957 1424 4994 nam
1474 4947 1666 5008 prwter
1697 4936 1900 4992 Christi
1945 4955 2165 5008 certeque
2221 4938 2590 4992 Armeniorum
2640 4956 2838 5004 annos,
2896 4940 2974 4993 nil
3026 4957 3301 5012 propemo-

99 5026 190 5080 dum
233 5043 354 5088 recte
402 5051 457 5088 se
499 5033 675 5085 habet.
709 5031 898 5102 Neque
937 5040 1119 5086 tamen
1187 5031 1415 5085 reticere
1445 5031 1591 5092 licet,
1645 5033 1902 5101 princeps
1927 5030 2059 5085 illud
2112 5031 2386 5100 exemplar
2419 5031 2564 5102 putri
2621 5031 2729 5086 situ
2763 5032 2907 5086 haud
2947 5047 3075 5086 raro
3127 5033 3304 5090 fuisse

99 5129 361 5190 corruptum
400 5124 786 5194 nonuullisque
835 5115 1044 5183 chartis
1113 5127 1385 5183 mutilum.
1442 5123 1497 5180 ld
1561 5141 1692 5180 vero
1745 5125 2003 5180 damnum
2048 5133 2356 5196 rcparatutn
2415 5132 2500 5180 est
2566 5125 2786 5181 invento
2839 5126 2946 5180 alio
3001 5125 3297 5197 Byzantina

101 5205 140 5257 in
182 5213 293 5269 urbe
343 5216 640 5286 exemplari
703 5215 819 5288 (lt),
869 5221 1014 5292 quod
1074 5235 1220 5274 anno
1277 5217 1497 5290 quidem
1553 5231 1676 5271 azrze
1741 5217 2078 5272 Armeniaca:
2133 5213 2271 5267 1552
2323 5213 2571 5285 (Christi
2620 5217 2806 5290 1585)
2859 5219 3123 5288 scriptum
3179 5216 3298 5272 fue-

151 5421 209 5486 (a)
237 5423 375 5481 Part.
400 5445 440 5489 t,
468 5443 592 5493 cap.
621 5427 674 5491 7,
713 5425 802 5480 22.
1801 5419 1866 5491 (Γ)
1899 5419 2178 5475 Memoires
2204 5421 2268 5476 de
2317 5421 2523 5478 l‘Acad.
2553 5423 2642 5478 des
2673 5425 2860 5492 inscr.,
2892 5433 2932 5478 t.
2965 5422 3105 5490 XIX,
3142 5440 3196 5496 p.
3224 5423 3297 5480 85

150 5491 435 5568 tb_l_Prolog.
474 5497 586 5568 ἐξ).
664 5565 672 5568 _
860 5565 869 5568 _
1195 5563 1245 5568 __
1462 5560 1492 5568 __
1727 5507 1861 5568 sqq.
1909 5559 1985 5568 ___
2081 5561 2093 5568 _
2204 5561 2247 5568 ,Α
2373 5565 2383 5568 Α
2660 5565 2669 5568 Α
2842 5563 2852 5568 _
3160 5566 3169 5568 _
3214 5564 3223 5568 _

121 5562 207 5632 _(c)
233 5563 365 5637 Lege
387 5559 613 5621 lexicon
648 5565 922 5637 Armeniae
952 5563 1378 5634 geographicum
1413 5560 1617 5615 editum
1774 5559 1869 5637 '(g)
1898 5559 2174 5637 Memoires
2195 5561 2507 5637 historiques
2527 5571 2576 5616 et
2605 5563 3010 5634 géographtques
3031 5580 3124 5618 sur
3151 5564 3296 5620 FAr-

103 5622 476 5706 Ῡεῐιριὶᾕβῖθηηο
508 5638 668 5691 1769.
694 5634 850 5690 Nunc
878 5622 1017 5690 Διιῆ
1055 5622 1224 5706 pagus
1249 5647 1347 5686 εει.

821 5651 850 5690 c
878 5622 1017 5690 Ania
1055 5622 1224 5706 pagus
1249 5647 1347 5686 est.
1727 5622 1996 5706 ηιιξῆῇεε]ἴ
2022 5631 2060 5693 Ι,
2102 5635 2324 5698 passim.

150 5700 366 5775 (4)115“,
403 5724 464 5768 ιι,
502 5707 588 5759 Η,
789 5771 800 5775 Α
829 5764 849 5775 _
1055 5700 1072 5706 '
1128 5700 1148 5705 '
1466 5774 1475 5775 ί
1507 5773 1546 5775 γ’
1574 5773 1588 5775 _
1730 5769 1750 5775 _
1797 5702 1870 5775 (ξς)
1894 5701 2070 5775 _llujus
2099 5703 2424 5770 exemplaris
2448 5702 2814 5775 apographum
2843 5717 2871 5757 a
2893 5719 2951 5761 se
2984 5702 3293 5762 confectum

154 5764 207 5839 te)
239 5778 381 5848 Apud
407 5764 1162 5859 Montfauconiurii,Biblioth.
1207 5792 1332 5830 mss.
1371 5791 1422 5843 p.
1461 5773 1614 5829 1026.
1723 5769 1771 5827 J.
1806 5764 2096 5829 'Zchralius
2129 5764 2433 5827 conservat.
