3810 6308
459 325 570 383 605
1485 324 1825 380 APPENDIX
1865 327 1954 380 AD
1994 325 2266 385 EUSEBII
2306 327 2726 384 CHRONICON.
3615 327 3725 384 θαι

454 453 568 508 rat,
610 445 684 498 ita
717 453 898 501 tamen
939 453 998 500 ut
1028 444 1170 501 idem
1194 445 1262 500 ab
1292 443 1676 514 antiquissimo
1705 446 1950 498 omnium
1999 445 2190 503 codice
2223 456 2501 518 sumptum
2531 448 2809 502 diceretur
2832 485 2848 511 ,
2894 458 3088 512 nempe
3131 442 3199 496 ab
3250 444 3564 514 apographo
3623 460 3725 498 an-

463 539 555 594 nis
588 540 878 596 duodecim
911 551 1032 611 post
1069 542 1346 596 conditum
1382 555 1519 611 opus
1561 539 1832 595 confecto.
1867 539 2011 596 Sane
2073 543 2126 596 id
2173 543 2530 615 Byzantinum
2566 540 2844 611 exemplar
2898 551 3225 608 magnOpere
3263 536 3425 592 nobis
3451 536 3720 607 placebat,

456 630 690 701 ejusque
711 647 813 702 ope
842 648 983 704 saepe
1038 649 1232 703 pravas
1281 633 1727 703 interpolatioues
1782 635 2158 704 cognovimus,
2193 653 2313 706 quae
2366 637 2434 691 ab
2491 637 2732 690 auctoris
2793 630 3008 706 ingenio
3066 629 3412 685 vehementer
3461 629 3724 684 abhorre-

457 719 611 776 bant.
642 721 914 777 Hactenus
943 724 1044 775 tria
1073 722 1618 777 commemoravimus
1653 720 1921 775 Samuelis
1955 725 2285 794 exemplaria
2310 742 2324 789 ;
2361 725 2638 795 princeps,
2673 724 2724 778 id
2751 732 2834 778 est
2859 725 3322 795 antiquissimum,
3351 726 3583 780 alterum
3611 741 3721 795 quo

458 829 746 870 mouezuur
769 815 835 869 de
863 817 1012 884 justo
1037 816 1275 869 auctoris
1308 815 1565 878 conﬁnio,
1597 817 1819 870 tertium
1849 815 2230 885 Byzantinum.
2257 815 2349 871 llis
2369 817 2588 871 demum
2619 815 2722 870 alia
2749 817 2860 870 duo
2883 824 3254 880 accesserunt,
3274 831 3513 884 quorum
3546 831 3714 870 unum

459 922 562 962 nec
581 909 733 964 valde
761 911 1040 980 antiquum
1069 917 1122 963 et
1149 924 1311 978 porro
1338 909 1745 976 imperfectum;
1781 911 2010 964 alterum
2029 911 2488 978 recentissimum,
2517 909 2678 980 idque
2709 909 2761 962 in
2793 924 2993 964 annum
3014 909 3152 962 1698
3172 907 3455 970 desinens,
3482 915 3717 962 temera-

460 1000 559 1055 riis
602 998 849 1055 videlicet
875 1001 1286 1056 accessionibus
1329 1009 1493 1069 atque
1521 1001 2036 1070 interpolationibus
2083 1009 2320 1056 scatens.
2358 1000 2548 1069 Operis
2580 1001 2816 1069 denique
2852 1000 3044 1053 titulus
3078 999 3133 1052 in
3163 997 3450 1052 codicibus
3475 996 3714 1065 scriptus

458 1097 508 1150 is
565 1095 674 1150 fere
709 1105 792 1150 est
823 1112 981 1166 quem
1019 1097 1071 1150 in
1108 1096 1283 1149 fronte
1340 1095 1598 1151 editionis
1654 1098 1935 1164 posuimus
1973 1114 1987 1150 :
2023 1095 2287 1151 Samuelis
2331 1095 2620 1166 presbyteri
2665 1096 2909 1148 Aniensis
2945 1104 3233 1162 temporum
3274 1108 3440 1163 usque
3467 1091 3538 1145 ad
3565 1105 3717 1144 suam

457 1195 664 1242 aetatem
692 1188 830 1240 ratio
856 1204 882 1240 c
907 1187 1054 1240 libris
1078 1187 1448 1240 historicorum
1481 1187 1784 1239 summatim
1813 1185 2053 1240 collecta.

527 1274 616 1331 lV.
644 1276 748 1343 Qui
771 1279 841 1329 sit
873 1276 1201 1331 Samueliani
1225 1277 1504 1330 summai-ii
1534 1276 1845 1345 fructus.—
1872 1273 1977 1328 Sed
2004 1274 2224 1344 rogabit
2249 1273 2443 1343 aliquis
2467 1260 2574 1344 qua
2595 1272 2902 1327 communis
2927 1271 3180 1327 utilitatis
3212 1286 3308 1342 spe
3355 1285 3534 1341 quove
3584 1286 3717 1340 pru-

457 1369 606 1425 denti
634 1386 768 1425 cons
793 1372 865 1424 lio
908 1371 1225 1425 Armenium
1263 1373 1735 1442 chronographum
1771 1370 1838 1425 ad
1873 1371 2260 1440 Europaeorum
2293 1371 2472 1424 studia
2509 1369 2891 1440 perferendum
2939 1367 3232 1422 curemus?
3287 1381 3525 1437 namque
3577 1365 3712 1420 illud

451 1461 758 1530 justissime
797 1462 1000 1517 dicitur
1032 1481 1043 1516 :
1089 1463 1234 1517 Nova
1263 1472 1314 1518 et
1346 1464 1497 1517 utilia
1527 1465 1619 1532 qui
1645 1471 1850 1524 narrat,
1871 1471 2147 1517 auctorem
2166 1463 2313 1516 hunc
2337 1463 2616 1532 perhibeto
2645 1463 2872 1517 bonum.
2896 1460 3007 1515 Nos
3031 1473 3162 1514 sane
3189 1457 3444 1522 fatemur,
3483 1458 3714 1529 priorem

459 1552 730 1610 Samuelis
761 1562 968 1624 partem
1021 1570 1212 1625 parum
1244 1555 1594 1609 emolumenti
1633 1556 1650 1624 (
1678 1566 1873 1625 praeter
1927 1553 2145 1608 Eusebii
2183 1553 2687 1626 conﬁrmationem)
2719 1553 2912 1608 afferre
2949 1573 2961 1608 :
2994 1566 3082 1606 res
3107 1549 3255 1605 enim
3306 1547 3606 1605 Ilebraicas
3651 1557 3708 1603 et

458 1642 794 1712 reliquorum
827 1644 980 1698 orbis
1007 1644 1136 1697 olim
1170 1645 1378 1714 cogniti
1419 1645 1744 1715 populorum
1797 1645 1870 1698 ita
1918 1642 2158 1698 Samueli
2220 1643 2485 1699 Eusebius
2517 1647 2848 1716 suppeditat,
2898 1655 2958 1702 ut
3017 1651 3120 1704 hoc
3157 1651 3517 1704 summarium
3568 1648 3708 1704 nihil

459 1733 571 1792 fere
636 1738 829 1792 haheat
883 1746 1078 1806 praeter
1121 1737 1339 1793 Eusebii
1396 1741 1738 1809 aliorumque
1784 1740 2329 1810 chronographortnn
2390 1741 2606 1794 brevem
2634 1743 2924 1811 quamdam
2955 1745 3378 1814 repetitionem;
3423 1743 3706 1798 historiam

459 1844 623 1898 porro
670 1829 1050 1884 Armeniacam
1107 1847 1280 1901 usque
1323 1832 1390 1886 ad
1434 1832 1713 1887 Christum
1773 1832 1840 1888 de
1873 1831 2096 1902 Virgine
2145 1835 2383 1903 genitum
2438 1833 2663 1888 totidem
2718 1851 2861 1904 saepe
2895 1837 3076 1891 verbis
3116 1851 3147 1890 e
3195 1837 3339 1893 Mose
3372 1835 3712 1892 Chorenensi

459 1922 710 1978 videmus
789 1925 1066 1978 arcessiri.
1125 1925 1310 1996 Neque
1369 1936 1546 1981 tamen
1601 1937 1686 1982 est
1740 1943 1841 1981 cur
1893 1931 2182 1999 quisquam
2236 1936 2523 1997 preptcrea
2577 1928 2884 1983 Samuelem
2941 1930 3308 2000 spernendum
3370 1937 3548 2000 putet,
3596 1928 3705 1983 nisi

458 2016 602 2072 idem
639 2026 714 2070 tot
764 2014 988 2070 Latinos
1021 2025 1074 2071 et
1099 2063 1101 2065 .
1128 2015 1348 2072 Graecos
1387 2019 1834 2090 chronographos
1893 2037 2048 2090 asque
2139 2022 2366 2092 pedibus
2396 2022 2590 2083 trahat,
2636 2027 2726 2091 qui
2769 2024 3012 2095 plerique
3052 2041 3243 2082 omnes
3282 2042 3408 2080 cum
3463 2027 3533 2081 ab
3580 2026 3714 2081 orbe

457 2110 682 2164 condito
731 2110 1034 2174 ordiuntur,
1088 2114 1397 2166 necessaria
1443 2115 1651 2169 ratione
1697 2115 1754 2168 ﬁt
1791 2123 1849 2169 ut
1901 2116 2148 2171 eamdem
2176 2118 2450 2172 crambem
2500 2118 2790 2172 videantur
2835 2135 3186 2191 recoquere.-
3228 2122 3555 2191 Quanquam
3610 2135 3716 2176 nos

458 2219 548 2259 res
601 2202 955 2259 Armeniacas
995 2208 1290 2260 multorum
1343 2209 1409 2261 ad
1440 2224 1600 2264 aures
1651 2227 1796 2264 nunc
1827 2213 2058 2281 primum
2091 2224 2448 2282 perventuros
2483 2229 2793 2282 speramus,
2835 2217 3275 2286 quandoquidem
3317 2217 3484 2287 hujus
3539 2219 3721 2288 gentis

456 2311 547 2353 res
590 2295 827 2348 nondum
881 2298 1014 2351 satis
1054 2296 1106 2350 in
1159 2299 1403 2368 populari
1444 2299 1565 2353 luce
1628 2311 1938 2362 versantur,
1981 2312 2199 2372 propter
2243 2317 2432 2356 eorum
2465 2304 2816 2372 paucitatem,
2869 2305 2961 2374 qui
3007 2305 3076 2359 ad
3108 2305 3204 2362 has
3258 2307 3578 2362 scribendas
3625 2322 3722 2360 ae-

455 2396 760 2444 cesserunt.
818 2383 928 2444 "Sed
980 2391 1107 2444 licet
1141 2389 1284 2459 quod
1336 2391 1568 2460 quisque
1600 2392 1741 2446 volet
1824 2394 2124 2457 existimet,
2199 2394 2253 2448 in
2304 2401 2493 2449 nostra
2566 2394 2786 2466 quidem
2857 2397 3094 2451 editione
3162 2409 3427 2468 quantum
3497 2381 3721 2452 Eusebii

454 2482 663 2552 primus
705 2484 840 2538 liber
875 2484 1117 2540 secundo
1171 2485 1432 2555 dignitate
1462 2495 1702 2556 prmstat,
1739 2487 2070 2542 tantumdem
2105 2487 2376 2542 Samuelis
2431 2505 2555 2559 pars
2607 2489 2881 2558 posterior
2907 2491 3142 2559 prierem
3176 2488 3542 2558 iucunditate
3598 2488 3731 2542 fru-

453 2585 653 2649 ctuque
706 2590 948 2651 superat.
987 2581 1354 2637 Romanorum
1390 2594 1443 2638 et
1498 2584 1810 2639 Graecorum
1854 2586 2208 2656 imperatores
2257 2594 2473 2640 centum
2506 2587 2822 2640 scribuntur
2868 2587 3007 2655 apud
3038 2584 3344 2640 Samuelem
3376 2585 3445 2639 ab
3473 2585 3722 2656 Augusto

455 2666 522 2721 ad
579 2668 880 2726 Manuelem
938 2673 1296 2728 Coiuncnum.
1342 2674 1636 2730 Persarum
1696 2691 1912 2746 quoque
1957 2692 2116 2746 reges
2163 2678 2396 2747 primum
2427 2677 2726 2739 Arsacidae,
2768 2693 2890 2730 mox
2937 2676 3216 2733 Sasanidae
3258 2684 3380 2746 post
3427 2673 3714 2730 Christum

456 2775 628 2830 usque
663 2764 728 2816 ad
765 2764 1130 2820 Mahumetnm
1169 2767 1290 2836 plus
1321 2769 1542 2837 triginta
1594 2778 1930 2824 narrantur:
1981 2770 2075 2840 qui
2146 2780 2434 2840 postquam
2484 2771 2677 2825 fatales
2722 2772 2900 2826 exitus
2953 2771 3282 2831 habuerunt,
3328 2776 3534 2825 exortze
3584 2777 3720 2822 sunt

455 2847 852 2922 Saracenorum
888 2855 1197 2908 Amirarum
1239 2855 1576 2926 tyrannides,
1633 2873 1863 2925 quarum
1908 2858 2101 2926 ingens
2133 2858 2344 2927 imperii
2400 2859 2570 2913 moles
2597 2861 2792 2928 partim
2821 2858 3038 2929 quidem
3072 2859 3427 2916 internecivis
3471 2857 3612 2913 odiis
3648 2872 3712 2911 ac

455 2941 916 3007 dissensionibus,
943 2946 1136 3014 partim
1169 2963 1297 3001 vero
1323 2946 1646 3017 Scytharum
1674 2949 1907 3004 adventu
1931 2959 2054 3018 post
2085 2965 2258 3005 annos
2291 2951 2686 3020 quinquaginta
2716 2953 2936 3006 circiter
2963 2967 3126 3021 supra
3145 2951 3718 3026 ducentosdebilitata

456 3049 519 3089 ac
577 3035 842 3104 dissipata
890 3046 993 3092 est.
1055 3037 1339 3094 Praedictis
1397 3041 1664 3110 interjecti
1709 3041 1928 3095 fuerunt
1985 3045 2361 3098 Armeniorum
2419 3045 2663 3116 dynastas
2711 3045 2850 3100 miro
2894 3045 3023 3099 ludo
3075 3045 3308 3100 fortunae
3359 3045 3572 3115 jactati,
3609 3045 3719 3098 Ar-

457 3126 657 3182 sacidae
689 3130 950 3183 nimirum
991 3145 1167 3200 reges,
1205 3130 1514 3185 Mamicnnii
1547 3133 1839 3202 principes,
1873 3130 2096 3197 Gnunii,
2131 3132 2440 3197 Rbestunii,
2495 3134 2804 3199 Arzerunii,
2837 3133 3169 3204 Bagratunii,
3211 3142 3406 3205 praeter
3445 3135 3719 3200 Persicos,

459 3219 768 3284 Arabicos,
826 3219 1033 3283 Iberos,
1085 3220 1414 3292 Gra'cosque
1446 3223 1750 3292 praefectos.
1811 3222 1962 3279 Adde
2000 3225 2382 3279 Armeniorum
2420 3225 2760 3294 patriarchas
2824 3242 3102 3296 nunquam
3159 3227 3524 3284 intermissos.
3566 3229 3722 3286 Adde

459 3312 664 3367 Christi
710 3328 875 3368 teram
933 3329 963 3367 a
1017 3315 1419 3383 vulgari'satis
1466 3315 1922 3381 dissentientem,
1970 3333 2076 3387 qua
2135 3320 2189 3372 in
2234 3333 2292 3372 re
2343 3315 2615 3374 Samuelis
2675 3319 3066 3389 chronologia,
3119 3327 3341 3389 prepter
3395 3329 3631 3376 veterem
3664 3328 3721 3375 et

453 3405 830 3478 gravissimam
888 3419 1228 3459 summorum
1286 3409 1604 3462 eriticorum
1660 3407 1726 3462 de
1785 3423 1892 3461 aera
1942 3409 2149 3480 vulgari
2199 3411 2808 3482 controversiamla),
2845 3411 2990 3465 haud
3047 3411 3200 3465 ﬁocci
3257 3410 3509 3466 facienda
3586 3420 3704 3468 est.

455 3495 609 3550 Adde
645 3511 807 3552 mram
847 3495 1252 3559 Armeniacam,
1291 3512 1398 3550 non
1431 3505 1486 3551 ut
1515 3497 1676 3565 vulgo
1704 3497 1944 3552 Armenii
1978 3507 2294 3568 supputant,
2327 3499 2532 3552 Christi
2567 3515 2710 3554 anno
2753 3501 2878 3565 551,
2910 3501 3005 3556 sed
3039 3516 3183 3554 anno
3223 3501 3328 3554 555
3375 3501 3713 3559 institutam.

459 3585 608 3655 quod
672 3587 959 3641 verissime
1012 3601 1040 3638 a
1074 3584 1327 3641 Samuele
1383 3587 1493 3640 dici
1550 3587 1875 3656 jampridem
1926 3589 2254 3662 Villel‘royus
2318 3606 2382 3646 ex
2429 3605 2572 3644 anno
2633 3589 3136 3662 Hierosolymorum
3173 3591 3568 3648 aChristianis
3615 3607 3720 3647 ca-

461 3689 677 3748 ptorum
705 3679 1177 3733 demonstravisse
1202 3678 1414 3733 videtur
1448 3678 1542 3748 (b).
1571 3677 1689 3732 Jam
1716 3679 1846 3750 ipsa:
1881 3697 1968 3736 res
1991 3685 2240 3739 :etatihus
2270 3699 2453 3753 regum
2496 3684 2830 3753 interposita:
2855 3694 3072 3754 quanta:
3094 3684 3311 3738 demum
3337 3684 3507 3738 sunt?
3530 3682 3720 3750 Quan-

455 3791 619 3846 quam
660 3772 927 3826 Samuelis
949 3788 1057 3826 non
1091 3779 1175 3826 est
1199 3771 1445 3838 historia,
1474 3771 1567 3826 sed
1599 3772 1775 3841 capita
1798 3775 2042 3843 quaedam
2071 3785 2124 3831 et
2155 3778 2398 3832 historiae
2426 3778 2877 3843 commentarius,
2909 3779 3149 3831 virorum
3188 3783 3374 3831 tamen
3411 3777 3713 3832 illustrium

458 3866 702 3920 facinora
753 3865 1036 3919 innumera
1098 3871 1621 3917 commemorantur.
1658 3850 1724 3916 Et
1773 3865 1991 3934 quidem
2036 3867 2315 3922 laetissima
2365 3875 2448 3923 est
2508 3867 2836 3922 illuminatio
2882 3866 3292 3931 Armeniorum,
3325 3882 3434 3936 quo
3457 3875 3704 3937 tempore

456 3959 738 4034 gensilla
793 3959 1046 4011 universa
1099 3957 1402 4010 incredibili
1460 3955 1642 4011 studio
1694 3965 1747 4011 et
1799 3974 2067 4015 consensu
2126 3961 2194 4014 ad
2236 3961 2514 4016 Christum
2548 3961 2877 4023 convolavit,
2930 3957 3191 4029 prodigiis
3243 3958 3497 4028 plurimis
3537 3960 3713 4014 maxi-

459 4054 671 4123 misque
715 4049 816 4105 SS.
878 4049 1124 4109 Gregorii
1164 4059 1217 4102 et
1272 4047 1591 4118 Rhipsimize
1643 4049 2012 4120 comitumque
2055 4054 2352 4107 virtutibus
2415 4061 2522 4106 tota
2572 4052 2831 4105 Armenia
2878 4050 3244 4120 strepentibus
3307 4049 3402 4122 (c).
3454 4049 3589 4105 Exin
3639 4061 3718 4110 tot

455 4143 782 4212 templorum
818 4139 1306 4208 emnobiorumque
1361 4138 1609 4202 :ediﬁcia,
1649 4147 1728 4191 tot
1773 4142 2032 4213 martyria
2063 4141 2378 4207 fortissima,
2414 4148 2492 4202 tot.
2516 4141 2782 4196 doctrinis
2817 4141 3208 4210 laboribusque
3236 4143 3561 4196 conﬁrmata
3589 4145 3718 4198 reli-

458 4237 574 4309 gio.
623 4235 947 4304 Quanquam
1003 4248 1130 4287 vero
1191 4241 1380 4303 postea
1444 4249 1543 4287 nec
1588 4233 1822 4289 [nereses
1873 4249 2048 4305 neque
2115 4236 2412 4292 schismata
2464 4250 2642 4304 neque
2699 4235 2936 4305 partium
2979 4235 3283 4304 praesertim
3340 4233 3716 4290 furiosissima

457 4333 636 4390 studia
702 4331 1030 4393 defuerunt;
1090 4336 1271 4382 tamen
1321 4327 1467 4381 natio
1493 4327 1880 4382 Armeniorum
1915 4345 2195 4399 nunquam
2232 4345 2290 4383 se
2350 4343 2379 4381 a
2432 4329 2821 4383 communione
2855 4327 3103 4381 Romana
3158 4329 3400 4382 cunctim
3448 4328 3713 4396 scjunxit.

456 4426 594 4495 Quid
629 4422 879 4477 llaicame
915 4421 1233 4473 litteratura:
1281 4418 1720 4489 auspicatissima
1792 4420 1944 4474 initia
1997 4427 2052 4474 et
2107 4434 2427 4490 progressus
2462 4434 2632 4488 prope
2689 4418 3062 4482 admirabiles,
3091 4418 3195 4472 nisi
3254 4424 3371 4470 tam
3409 4433 3552 4490 saepe
3584 4435 3719 4490 pro-

455 4525 591 4580 cella
621 4503 947 4578 litterarum,
1004 4516 1166 4569 turbo
1205 4529 1269 4568 ac
1322 4521 1620 4584 tempestas
1663 4515 1993 4572 eruditionis
2020 4515 2201 4570 omnis
2256 4515 2457 4568 bellum
2508 4513 2786 4569 Persicum
2821 4521 2876 4568 et
2926 4528 3048 4566 mox
3076 4512 3372 4566 Arabicum
3406 4512 3460 4566 in
3510 4513 3714 4570 Arme-

455 4618 599 4673 niam
636 4608 1000 4685 pervasisset?
1026 4607 1399 4664 Mahumetica:
1423 4612 1677 4680 potentiae
1702 4612 2036 4666 incunabula
2059 4619 2111 4667 et
2137 4611 2471 4665 incrementa
2497 4608 2832 4680 (quanquam
2855 4608 3218 4663 communiori
3246 4606 3704 4665 Saracenicorum

455 4721 760 4780 temporum
809 4704 1055 4758 historiae
1089 4719 1279 4774 parum
1309 4721 1552 4760 consona
1577 4706 1594 4776 (
1624 4707 1657 4760 ά
1678 4708 1696 4778 )
1723 4747 1738 4771 ,
1771 4707 2045 4763 Armenia:
2091 4704 2470 4776 lacrymabiles
2528 4706 2881 4768 vastationes,
2919 4701 3236 4758 Latinorum
3277 4704 3332 4757 iu
3369 4701 3716 4760 Palaestinam

455 4803 828 4872 expeditiones
875 4803 1010 4854 satis
1065 4801 1228 4854 ubere
1264 4797 1405 4866 style
1465 4799 1823 4854 scribuntur:
1863 4815 2040 4870 neque
2073 4798 2237 4853 ullius
2293 4813 2431 4867 pene
2488 4797 2566 4852 rei
2628 4799 2861 4854 varietas
2900 4797 3276 4861 desideratur;
3335 4814 3444 4853 non
3498 4799 3716 4852 urbiqu

458 4891 755 4964 primordia
775 4901 827 4944 et
846 4891 1077 4956 excid‘a,
1103 4905 1209 4944 non
1230 4889 1404 4943 caedes
1432 4889 1750 4952 innumerae,
1783 4905 1890 4944 non
1916 4891 2234 4959 pestilentia:
2259 4888 2562 4959 famesque,
2597 4903 2703 4942 non
2737 4890 3082 4950 scelera,non
3119 4887 3360 4952 fraudes,
3380 4903 3489 4942 non
3516 4895 3715 4942 strata-

457 4991 691 5053 gemata,
738 4998 845 5036 non
901 4983 1137 5052 denique
1168 4983 1462 5035 multorum
1501 4983 1778 5036 hominum
1831 4983 2053 5048 litteris,
2109 4983 2496 5046 sanctimonia,
2536 4981 2729 5035 bellica
2778 4990 2895 5035 arte
2938 4980 3317 5050 praestantium
3349 4980 3710 5035 enumeratio.

457 5078 634 5142 Atque
661 5074 773 5127 haec
806 5073 989 5126 omnia
1031 5073 1174 5127 notis
1200 5072 1471 5128 editorum
1499 5074 1750 5143 plurimis
1779 5083 1830 5127 et
1875 5073 2330 5142 castigationibus
2368 5074 2694 5129 illustranda
2724 5081 2886 5128 erant
2917 5081 3081 5143 atque
3119 5070 3428 5142 purganda,
3460 5070 3566 5126 nisi
3609 5082 3709 5123 nos

458 5164 734 5221 festinatio
759 5164 940 5234 operis
969 5163 1038 5217 ab
1068 5163 1215 5216 omni
1244 5162 1354 5216 fere
1391 5161 1744 5230 exquisitiore
1772 5176 1904 5215 cura
1932 5173 2234 5218 avocasset.
2327 5165 2330 5172 '

528 5260 593 5319 γ.
634 5261 712 5317 De
748 5260 1014 5317 Samuelis
1053 5257 1364 5314 ort/wdoxia
1401 5258 1730 5328 conjecturae.
1783 5287 1855 5299 —
1903 5257 2059 5314 Nune
2097 5260 2143 5316 si
2200 5261 2325 5316 licet
2362 5259 2430 5317 de
2468 5260 2740 5332 religiosis
2780 5275 2997 5330 quoque
3041 5256 3315 5316 Samuelis
3355 5253 3709 5328 dogmatibus

529 5437 605 5509 (a)
633 5436 841 5509 Videisi
870 5437 1003 5509 nihil
1037 5436 1202 5497 aliud,
1241 5444 1386 5492 certe
1422 5437 1593 5491 libros
1631 5435 1848 5492 Henrici
1883 5435 2022 5492 San-
2126 5454 2255 5492 num
2287 5439 2484 5494 Christi
2517 5440 2620 5492 6.18
2650 5439 3044 5494 retrahendum
3074 5445 3157 5509 est
3203 5432 3395 5509 (quod
3445 5435 3564 5509 ipse
3601 5428 3711 5509 _Sa-

453 5501 725 5566 cle'tn'cntii
757 5508 832 5561 De
857 5508 1084 5578 vulgaris
1119 5524 1240 5562 «erat
1274 5508 1656 5578 emendatione.
1866 5576 1877 5578 _
1903 5577 1913 5578 ί
1939 5577 1946 5578 7
1973 5575 1990 5578 _
2126 5510 2270 5561 muel
2304 5510 2368 5561 ad
2403 5526 2489 5563 an.
2525 5510 2726 5564 Chris1i
2759 5509 2864 5578 67l8
2897 5510 3032 5564 satis
3062 5501 3221 5561 docet
3245 5501 3306 5573 )’;
3347 5501 3480 5556 tum
3510 5501 3700 5554 Mallu-

529 5579 602 5642 (ὁ)
635 5581 790 5649 Apud
807 5575 1544 5642 Montibuconium,Biblioth.
1571 5594 1722 5642 mss.,
1763 5593 1819 5647 p.
1861 5575 2020 5640 1016,
2125 5582 2253 5649 meti
2293 5579 2643 5646 priornmque
2670 5577 2964 5632 Califarum
3011 5593 3097 5631 res
3140 5586 3306 5649 gesta:
3353 5589 3420 5628 ex
3469 5583 3702 5626 accura-

456 5649 617 5706 1017.
685 5646 699 5649 ⁷
1771 5646 1774 5647 ⁷
2123 5647 2358 5702 tioribus
2389 5650 2627 5701 Arabum
2665 5649 2906 5702 historiis
2936 5646 3329 5716 cognoscendas
3364 5651 3530 5716 sunt,
3565 5653 3705 5709 quas

525 5721 597 5788 (ε)
639 5719 778 5788 Lege
806 5718 871 5773 ad
900 5717 1102 5774 Christi
1133 5733 1335 5772 annum
1369 5716 1492 5772 505.
1661 5785 1670 5788 Α
2125 5733 2233 5771 non
2276 5717 2462 5786 parum
2513 5717 2731 5773 Samuel
2775 5717 2842 5773 ad
2887 5735 2975 5775 an.
3013 5715 3134 5771 ⁷648
3176 5715 3502 5786 perturbare
3533 5721 3698 5780 atque

639 5761 871 5845 'séiﬁcéi
903 5761 1517 5860 tu'rnuliegira‘auini‘tium
1564 5785 1734 5841 multo
1767 5792 1888 5841 ante
1920 5801 2021 5841 an-
2126 5761 2420 5847 obsetirare
2450 5789 2681 5846 videtur,
