3810 6316
81 325 169 383 eos
1101 333 1190 390 ne
1226 331 1556 391 sanum
1585 333 1859 390 ANIENSI
1897 334 2283 390 PRAEFATIO.
2406 380 2412 387 .
2991 292 3003 305 ’
3205 336 3309 392 eos

85 450 333 519 indicium
376 451 753 527 interponere
779 494 795 520 ,
832 455 893 510 in
932 456 1121 526 primis
1156 456 1458 531 notandum
1496 464 1617 524 est,
1656 455 1964 513 Orientales
2001 456 2287 512 haereticos
2324 452 2787 538 (Samosatenum
2828 465 2958 525 puta
2983 495 2998 519 ,
3057 453 3309 509 Macedo-

87 544 217 596 nium
240 582 258 608 ,
298 543 637 602 Nestorium
678 556 839 617 atque
873 546 1031 617 alios)
1057 562 1166 602 non
1201 547 1436 603 obscure
1473 546 1528 601 in
1565 546 1670 601 hoc
1708 544 1966 601 Chronico
2003 545 2376 600 condemnari.
2415 540 2537 596 Jam
2578 545 2649 598 ab
2688 550 2804 612 ipsa
2843 542 3313 598 Chalcedonensis

87 638 263 709 synodi
309 643 742 713 oppugnatione
777 648 832 697 et
862 655 893 695 a
931 641 1163 697 crimine
1201 640 1673 712 MonOphysitico,
1700 640 1773 695 ob
1802 654 1924 710 quae
1962 639 2185 693 nomina
2224 637 2366 691 male
2395 636 2672 691 interdum
2699 634 2939 687 Armenii
2968 632 3312 699 audiverunt,

83 732 204 787 satis
240 730 471 789 Samuel
515 736 819 791 abhorrere
854 735 1091 792 videtur.
1134 737 1184 792 Is
1223 738 1427 808 quippe
1462 752 1608 790 anno
1644 736 1853 791 Christi
1894 736 1999 790 640
2039 734 2245 790 diserte
2283 733 2481 795 docet,
2524 732 2593 786 ab
2649 729 2823 785 Esdra
2863 727 3174 799 patriarcha
3210 727 3315 782 Ar—

84 824 374 879 meniorum
422 827 483 881 in
526 827 1003 883 Chalcedonensis
1024 827 1214 898 synodi
1236 828 1559 882 sententiam
1599 816 1828 897 pedibus
1868 826 2003 880 itum
2038 841 2200 892 esse;
2232 839 2355 879 cum
2396 831 2576 877 tamen
2611 835 2754 874 anno
2786 817 2991 873 Christi
3023 818 3128 872 527
3156 825 3318 874 caute

83 914 372 971 reticuisset
391 954 409 980 ,
459 917 837 986 patriarcham
865 919 1088 976 Nersem
1117 920 1572 977 Astarachensem
1593 962 1609 988 ,
1645 922 2104 994 Eutychianorum
2136 921 2419 996 fraudibus
2455 918 2888 975 circumventum
2918 913 3318 986 Persarumque

85 1011 234 1066 armis
268 1015 650 1069 conterritum
694 1016 769 1086 (a)
797 1053 812 1080 ,
854 1018 1125 1087 praedictae
1170 1019 1360 1091 synodi
1410 1034 1652 1074 canones
1698 1018 2033 1082 rescidisse,
2081 1032 2191 1087 quo
2248 1015 2470 1073 silentio
2510 1012 2728 1070 Samuel
2779 1014 3144 1069 calamitatem
3195 1013 3319 1082 ejus

82 1108 194 1163 iacti
230 1113 488 1168 studiose
528 1129 593 1169 se
632 1121 817 1184 tegere
856 1113 1055 1167 innuit.
1095 1111 1313 1169 Rursus
1352 1128 1499 1167 anno
1533 1112 1740 1169 Christi
1781 1113 1886 1168 856
1927 1111 2207 1166 Zachariae
2248 1110 2573 1183 patriarcha:
2604 1110 3007 1166 ecclesiasticas
3042 1111 3319 1165 constitu-

80 1205 236 1260 tiones
273 1204 507 1262 Samuel
563 1208 838 1262 collaudat
873 1224 887 1261 :
929 1210 1078 1277 atqui
1116 1208 1459 1277 exploratum
1499 1214 1616 1269 est.
1676 1207 1745 1262 ab
1796 1207 1903 1263 hoc
1956 1207 2215 1285 pontifice
2269 1205 2767 1261 Cbalcedonensem
2811 1202 3007 1256 iterum
3048 1200 3317 1285 synodum

82 1293 231 1349 fuisse
266 1300 692 1369 comprobatam
729 1301 825 1372 (ὁ).
857 1275 1046 1369 Quid?
1081 1275 1452 1375 Eutvehianos
1485 1304 1646 1367 duos,
1670 1302 1936 1359 Joannem
1958 1275 2457 1358 blairacomensem
2490 1306 2543 1354 et
2576 1298 2846 1368 Sergium,
2877 1312 3060 1352 nonne
3092 1275 3316 1351 Samuel

79 1396 248 1457 aperte
283 1401 627 1447 exsecratur
667 1394 783 1464 (c)?
835 1393 1052 1450 Utinam
1100 1405 1155 1451 et
1202 1395 1438 1451 Zenonis
1480 1395 1770 1450 llenoticon
1827 1404 1996 1467 atque
2046 1393 2326 1449 Anastasii
2380 1392 2732 1464 prmdictique
2778 1391 3013 1446 Zenonis
3064 1389 3316 1461 dogmata

77 1478 215 1549 nigro
246 1495 409 1551 teque
449 1484 646 1554 lapillo
683 1487 921 1557 signaret
959 1486 1038 1559 (ά)
1069 1488 1082 1541 l
1136 1488 1252 1544 Nisi
1305 1489 1447 1544 forte
1500 1488 1769 1545 Samuelis
1811 1488 1867 1543 hi
1906 1490 2014 1543 loci
2054 1488 2365 1555 interpolati
2404 1495 2533 1542 sunt
2569 1488 2637 1541 ab
2674 1488 2742 1542 iis
2779 1488 2979 1557 quibus
3017 1484 3318 1542 Chalcedo-

82 1588 234 1631 nense
270 1578 586 1633 concilium
626 1580 947 1652 displicuit;
988 1582 1134 1652 quod
1172 1599 1343 1654 genus
1382 1582 1861 1652 interpolationum
1900 1582 2030 1636 alibi
2068 1596 2286 1652 quoque
2346 1582 2403 1634 in
2459 1579 2730 1636 Samuelis
2779 1582 3062 1637 codicibus
3112 1580 3315 1650 depre-

76 1665 372 1725 bendimus.
418 1668 531 1724 Sed
578 1670 847 1733 Samuelis
896 1679 1274 1733 orthodoxiam
1314 1680 1390 1733 nil
1428 1679 1798 1734 vehementius
1834 1677 2195 1740 commendat,
2220 1693 2381 1748 quam
2420 1678 2565 1746 quod
2605 1676 2651 1733 is
2681 1678 2736 1732 in
2768 1678 2958 1748 Deglue
2996 1678 3317 1748 patriarchae

75 1756 305 1813 clientela
364 1758 473 1814 luit
503 1801 520 1820 .
573 1763 734 1832 cujus
782 1766 1022 1823 hominis
1069 1769 1318 1823 doctrina
1370 1769 1639 1824 catholica
1693 1784 1760 1824 ex
1814 1769 2061 1837 ejusdem
2118 1768 2341 1838 scriptis
2390 1769 2667 1839 rebusque
2729 1771 2898 1841 gestis
2939 1769 3314 1840 cognoscitur.

75 1843 296 1918 Namque
336 1849 530 1922 Degba
574 1854 795 1924 scriptis
833 1855 1030 1912 litteris
1069 1855 1167 1929 (et
1203 1858 1421 1928 quidem
1462 1859 1626 1911 etiam
1668 1856 1735 1911 ad
1773 1855 2132 1912 Caelestinum
2187 1856 2254 1911 llI
2304 1858 2542 1928 papam)
2595 1859 3079 1933 Monophysiticam
3111 1862 3318 1930 .labem

78 1938 369 1998 insectatus
409 1952 547 2009 est,
589 1954 781 2000 coacta
822 1959 1004 2003 autem
1045 1952 1255 2022 synodo
1293 1952 1441 2006 circa
1479 1966 1602 2006 eum
1645 1952 1821 2022 ipsum
1864 1967 2096 2016 annum,
2134 1968 2244 2022 quo
2283 1952 2580 2007 Chronicon
2621 1951 2892 2009 Samuelis
2949 1953 3318 2040 concluditur,

82 2036 203 2094 duas
236 2041 583 2097 solemniter
623 2042 832 2099 Christi
870 2054 1095 2101 naturas
1133 2047 1204 2101 ab
1241 2045 1514 2103 Armeniis
1554 2047 1983 2117 pronuntiandas
2022 2047 2235 2101 curavit
2294 2046 2384 2117 re).
2443 2046 2686 2117 Denique
2712 2048 2865 2119 quod
2907 2048 3081 2103 sancti
3119 2036 3315 2102 nomen

75 2128 248 2189 ἐθειιηί
288 2134 563 2192 Ozniensi
604 2138 833 2209 largitur
872 2139 1098 2195 Samuel
1138 2142 1217 2212 (Ι)
1250 2181 1266 2206 ,
1309 2142 1364 2196 in
1405 2143 1596 2212 primis
1630 2141 1912 2197 sciendum
1949 2149 2033 2198 est
2058 2182 2084 2207 ,.
2111 2142 2525 2199 criminationes
2558 2144 2823 2198 adversus
2856 2144 3002 2198 hunc
3042 2143 3316 2196 hominem

80 2227 291 2285 inventis
330 2248 552 2302 nupera
597 2240 755 2287 aetate
795 2231 1136 2286 documentis
1175 2247 1498 2305 magnopere
1551 2231 1721 2289 fuisse
1760 2232 1962 2289 fractas
1989 2273 2004 2297 ,
2046 2232 2409 2303 eumdemque
2448 2250 2478 2287 a
2519 2233 2959 2306 Monophysitica
2998 2236 3321 2305 suspicione

81 2318 345 2375 |iberatum
390 2323 496 2393 (g).
543 2321 612 2375 Et
650 2322 869 2393 quidem
908 2323 962 2377 in
1003 2331 1243 2378 veterum
1298 2324 1516 2394 scriptis
1569 2325 1745 2380 sancti
1799 2340 1995 2380 nomen
2052 2324 2232 2380 civilis
2292 2327 2673 2381 tantummodo
2729 2328 3036 2396 privatique
3094 2324 3320 2382 honoris

80 2427 225 2469 causa
264 2416 555 2471 interdum
596 2418 895 2471 tribuitur:
934 2414 1176 2471 Joannes
1208 2426 1387 2471 autem
1427 2416 1517 2471 hic
1553 2417 1842 2472 Ozniensis
1911 2417 1965 2470 in
2023 2431 2179 2471 saera
2233 2416 2616 2470 Armeniortun
2674 2417 3000 2471 Kalendalia
3062 2418 3321 2485 pleraque

81 2525 173 2564 non
219 2520 304 2568 est
344 2514 587 2569 relatus.
630 2511 890 2567 Miramur
924 2512 1052 2567 item
1095 2513 1423 2585 singularem
1467 2512 1735 2568 Samuelis
1788 2514 1844 2567 in
1899 2512 2149 2583 religiosa
2204 2512 2439 2567 historia
2489 2510 2779 2568 scribenda
2818 2508 3124 2577 tran-juillit
3162 2517 3269 2562 tem
3295 2545 3316 2575 ,

81 2616 188 2656 cum
222 2612 410 2661 tamen
447 2603 655 2659 Oriens
688 2604 899 2675 magnis
939 2602 1238 2659 factionum
1278 2603 1512 2659 ﬂammis
1541 2605 1691 2658 omni
1725 2612 1969 2675 tempore
1997 2606 2287 2660 exarserit.
2319 2606 2480 2661 Certe
2509 2603 2793 2674 permultis
2821 2600 3319 2657 controversiarum

85 2697 260 2754 harum
303 2699 689 2770 scriptoribus
729 2705 940 2753 tantum
981 2714 1124 2769 saepe
1161 2699 1399 2753 furorem
1438 2698 1849 2755 dissensionum
1887 2707 2055 2755 aestus
2094 2699 2293 2768 objecit
2317 2739 2333 2764 ,
2378 2707 2438 2753 ut
2473 2712 2661 2755 eorum
2712 2702 2920 2751 mentes
2970 2692 3113 2750 haud
3160 2691 3323 2748 valde

82 2785 243 2840 absint
282 2789 356 2842 ab
394 2788 621 2845 insania
647 2827 664 2852 ,
707 2786 908 2841 nedum
953 2785 1126 2841 facilis
1164 2786 1347 2843 aditus
1385 2788 1600 2842 veritati
1656 2789 2016 2858 relinquatur.
2065 2788 2230 2857 Atqui
2278 2803 2415 2857 opus
2462 2796 2546 2843 est
2586 2795 2645 2841 ut
2692 2787 3040 2841 Christianus
3087 2784 3319 2853 quisque

83 2872 316 2942 lenitati,
360 2878 823 2940 mansuetudini,
862 2886 1230 2949 pratlereaque
1261 2878 1489 2947 unitati,
1518 2879 1824 2935 concordiae
1855 2886 1909 2933 et
1944 2879 2261 2933 ubedientia:
2293 2879 2546 2933 studeat:
2580 2876 2820 2947 alioquin
2858 2876 3143 2930 videamus
3168 2913 3185 2937 ,
3218 2869 3320 2942 per

84 2960 232 3042 beam
274 2965 693 3023 immortaleml
737 2981 895 3035 quem
938 2966 990 3019 in
1029 2966 1208 3020 locum
1250 2982 1341 3022 res
1380 2982 1568 3023 sacras
1606 2976 1965 3039 perventuras
2005 2976 2282 3037 putemus.
2327 2965 2432 3021 Sed
2468 2968 2592 3036 quis
2628 2968 2847 3024 demum
2909 2965 3175 3021 Samuelis
3224 2980 3317 3019 or-

86 3057 379 3115 thodoxiam
421 3077 540 3116 non
576 3076 648 3115 ex
680 3075 744 3115 ea
782 3054 1099 3113 narratione
1137 3063 1458 3127 auguretur,
1498 3072 1607 3127 qua
1647 3056 1968 3128 Gregorium
2002 3056 2376 3128 patriarcham
2416 3055 2485 3110 ΙΙΙ
2522 3056 2839 3113 Armenium
2881 3073 2909 3113 a
2947 3056 3317 3112 Romanorum

86 3155 283 3223 regibus
332 3164 501 3227 atque
555 3153 908 3227 pontiﬁcibus
958 3165 1173 3204 summo
1220 3149 1431 3204 honore
1482 3151 1731 3205 allectum
1783 3151 2049 3221 gloriatur
2088 3150 2191 3221 (h),
2252 3164 2489 3220 eumque
2526 3151 2595 3206 ad
2630 3149 3090 3223 Jerosolymorum
3133 3148 3319 3202 urbem

88 3246 375 3312 profectum
402 3288 417 3313 ,
456 3263 489 3301 a
531 3246 748 3301 Latinis
783 3248 856 3302 ibi
894 3247 1242 3303 versantibus
1281 3246 1645 3303 orthodoxum
1684 3264 1805 3303 esse
1839 3249 2145 3319 judicatum
2170 3289 2185 3315 ,
2228 3255 2281 3302 et
2319 3261 2535 3301 summo
2570 3247 2750 3302 studio
2775 3248 3029 3317 omnique
3056 3244 3320 3298 cbaritate

86 3333 367 3391 dilectum:
410 3352 526 3408 qua
566 3352 629 3392 re
667 3336 898 3392 miriﬁce
934 3338 1239 3392 delectatus
1280 3335 1542 3403 Samuel,
1586 3339 1711 3392 hine
1754 3340 1859 3395 sibi
1897 3339 2114 3394 demmn
2154 3339 2495 3408 exploratum
2550 3339 2672 3404 ait,
2711 3346 2924 3407 gentem
2976 3350 3128 3391 suam
3178 3350 3321 3388 nun-

86 3442 232 3497 qnam
268 3433 517 3503 supremi
557 3430 812 3486 Numinis
848 3432 1020 3501 gratia
1052 3431 1369 3486 excidisse?
1403 3432 1523 3487 Jam
1565 3433 1698 3487 illud
1737 3441 1953 3503 quanta:
1993 3433 2222 3503 justitiae
2272 3441 2379 3500 est,
2435 3432 2580 3503 quod
2633 3439 2821 3487 narrat
2866 3430 3192 3502 Gregorium
3224 3444 3321 3500 pa-

87 3525 361 3583 triarcham
404 3527 569 3583 valde
608 3526 1002 3597 improbavisse
1058 3524 1440 3580 Armeniorum
1492 3527 1699 3598 aliquot
1748 3526 2102 3583 defectionem
2161 3528 2231 3582 ab
2282 3528 2615 3582 beterodoxo
2668 3544 2832 3599 rege,
2889 3529 2982 3598 qui
3038 3536 3212 3580 tamen
3262 3531 3319 3580 et

87 3618 393 3678 Christianis
434 3622 621 3679 sacris
659 3620 762 3676 ﬁde
815 3620 1049 3690 obligata
1087 3619 1341 3688 favebat,
1382 3630 1435 3676 et
1468 3622 1590 3692 jure
1628 3624 1896 3692 imperare
1951 3622 2237 3678 videbatur
2295 3622 2418 3694 (i)?
2454 3621 2773 3692 Quanquam
2812 3617 2939 3673 alibi
2980 3613 3322 3670 Saracenicae

87 3714 447 3783 superstitioni
478 3721 537 3769 et
568 3712 844 3784 tyrannidi
903 3729 1001 3785 pro
1029 3715 1223 3769 merito
1255 3715 1531 3771 maledicit
1560 3715 1799 3773 Samuel.
1832 3719 2057 3784 Quantae
2086 3735 2283 3774 rursus
2313 3718 2648 3774 fortitudinis
2674 3725 2758 3772 est
2783 3757 2798 3782 ,
2837 3714 2979 3786 quod
3009 3711 3318 3767 Graecorum

90 3810 373 3880 principum
401 3850 419 3874 ,
494 3823 737 3879 quorum
777 3808 891 3878 ipse
926 3809 1012 3863 vel
1048 3816 1209 3865 atate
1246 3811 1331 3865 vel
1382 3827 1551 3882 prope
1601 3813 1656 3867 in
1705 3813 1909 3869 ditione
1956 3816 2211 3879 vivebat,
2254 3814 2536 3885 perﬁdiam
2576 3814 2631 3869 in
2667 3810 2892 3867 Latinos
2929 3818 3091 3879 atque
3129 3806 3321 3875 impie-

90 3908 230 3958 tatem
261 3904 544 3960 adversus
582 3915 804 3957 causam
842 3899 1211 3956 Christianam
1249 3908 1360 3955 tam
1416 3911 1602 3973 aperte
1648 3905 1975 3960 condemnat
2023 3904 2165 3975 (j)?
2214 3904 2330 3960 Nisi
2371 3905 2543 3972 forte,
2584 3905 2728 3975 quod
2767 3906 2821 3957 in
2859 3916 2919 3955 re
2965 3898 3130 3955 simili
3182 3896 3321 3951 dixit

91 3991 432 4070 Hieronymus
472 3997 552 4068 (Ir)
581 4035 599 4059 ,
644 3987 804 4049 timor
840 3992 931 4048 Dei
972 3994 1252 4050 hominum
1291 3995 1538 4051 timorem
1577 3999 1815 4068 expellit.
1865 3997 2100 4054 Omnino
2140 3997 2358 4053 Samuel
2408 3996 2677 4067 ejusmodi
2727 3993 2962 4062 scriptor
2995 3996 3117 4054 est,
3157 4002 3320 4061 quem

89 4094 316 4156 genuisse
352 4090 613 4147 Armenii
651 4090 845 4144 merito
881 4090 1210 4161 glorientur,
1248 4090 1499 4165 Europaei
1538 4101 1723 4149 autem
1762 4110 1910 4150 nunc
1948 4109 2286 4166 cognoscere
2323 4095 2580 4165 gestiant.

145 4314 216 4402 (9)
250 4328 395 4401 Lege
430 4327 760 4399 Serposium
807 4328 1124 4397 Compendio
1177 4332 1372 4385 storico
1394 4371 1410 4396 ,
1461 4341 1502 4389 t.
1563 4332 1605 4388 ll
1628 4372 1647 4399 ,
1825 4332 1899 4402 (ῃ)
1938 4330 2080 4401 Lege
2113 4329 2453 4399 Serposium,
2486 4337 2536 4402 ﬁt.
2566 4326 2643 4402 ll,
2676 4322 3108 4402 p._42,_377-597
3136 4336 3315 4402 ξορα..

90 4410 133 4466 Ρ·
252 4390 372 4471 ξιιεὶ
540 4390 561 4399 ’
937 4390 947 4397 ’
1395 4390 1408 4396 ’
1630 4390 1642 4399 ’
1755 4390 1992 4471 itemque
2017 4390 2344 4456 vset‘tno'ucttt
2396 4390 2568 4470 ipsius
2605 4390 2896 4454 Oz'niensis
2924 4402 3108 4448 contra
3140 4390 3319 4448 Planit-

147 4468 213 4536 (δ)
251 4468 473 4545 seruos.
507 4471 820 4545 compend,
852 4481 892 4525 t.
924 4472 967 4527 ll
989 4513 1005 4539 ,
1034 4491 1087 4545 p.
1119 4473 1189 4527 46
1214 4482 1270 4529 et
1298 4473 1419 4527 454.
1756 4483 1811 4527 ta
1842 4468 1991 4526 licus.

154 4545 219 4612 (ς)
255 4541 334 4593 Ad
370 4558 465 4596 an.
501 4544 605 4597 (ἐὴ.
644 4542 769 4612 045.
1034 4540 1055 4545 ”

1034 4540 1055 4545 ”
1825 4545 1903 4612 (It)
1944 4541 2022 4594 At]
2053 4557 2145 4599 an.
2177 4541 2278 4597 Ch.
2314 4540 2472 4612 “lii.

150 4610 222 4683 id)
248 4612 336 4683 _Ad
371 4628 466 4665 an.
501 4613 609 4666 (Ill.
640 4610 749 4683 495
778 4620 831 4683 et
858 4612 980 4669 5H.
1202 4681 1237 4683 η
1828 4608 1901 4683 (ἱ)
1942 4613 2022 4665 Ad
2057 4628 2148 4666 an.
2181 4613 2281 4683 Ch.
2314 4608 2474 4683 i126.

146 4675 210 4754 (ιζ)
245 4678 382 4754 Lege
412 4682 746 4754 Serposijtm
778 4680 1090 4754 Compend.,
1124 4692 1165 4741 t.
1198 4681 1278 4752 Il,
1308 4698 1361 4754 p.
1394 4683 1521 4740 446.
1827 4675 1904 4754 (1")
1944 4682 2021 4754 Ad
2056 4697 2144 4754 an.
2180 4682 2280 4754 Ch.
2316 4682 2532 4754 i_099_e_t
2560 4675 2699 4754 μεθ

145 4748 217 4821 (fj
249 4747 341 4806 Adv
359 4769 453 4807 an.
491 4747 597 4807 Ch.
637 4751 757 4806 7l8.
910 4747 920 4754 ’
1076 4747 1084 4750 ⁷
1263 4747 1273 4752 ⁷
1309 4747 1327 4754 ’
1829 4747 1901 4825 (It)
1944 4751 2168 4821 νηπίω.
2207 4752 2274 4807 ad
2308 4748 2520 4805 Eusebii
2551 4747 2745 4805 Chron.
2777 4748 2833 4803 in
2864 4749 2992 4807 ﬁne.
