3810 6316
443 306 549 363 607

1208 538 3377 568 __..._____________._________________________

1503 315 1845 371 APPENDIX
1890 318 1981 373 AD
2020 318 2289 377 EUSEBll
2327 321 2744 384 CHRONICON.

3598 330 3709 389 608

3379 553 3704 571 ἡ*

1476 710 2049 869 διιιυιιιδ
2134 717 2679 873 ANIENSIS

1139 1000 1965 1120 SUMMARII
2098 1009 3021 1126 TEMPOBUM

1679 1242 1969 1335 PARS
2038 1244 2452 1337 PRIOR.

1754 1608 2425 1707 PROLOGUS.

560 1920 573 1934 .
615 1879 753 1932 Cum
788 1885 902 1932 tres
946 1877 1001 1931 in
1042 1884 1228 1947 partes
1255 1878 1570 1934 universum
1599 1881 1864 1951 temporis
1894 1898 2020 1952 spa-
2046 1893 2094 1948 Λ
2123 1890 2178 1938 et
2210 1882 2497 1938 ministros
2526 1887 2579 1937 et
2613 1881 2868 1936 conscios
2898 1895 3113 1937 arcana:
3151 1881 3454 1939 voluntatis
3482 1898 3596 1939 suae
3630 1884 3714 1939 fe-

447 1969 583 2021 tium
616 1966 783 2021 dividi
814 1968 1008 2031 soleat,
1045 1968 1099 2021 in
1124 1968 1461 2038 praeteritum
1489 1969 1761 2034 videlicet,
1796 1971 1849 2026 in
1881 1988 2023 2043 pra:-

449 2074 576 2114 scns
604 2066 769 2129 atque
816 2059 870 2113 in
905 2058 1170 2125 futurum,
1214 2059 1468 2116 humana:
1514 2070 1694 2117 tamen
1724 2065 2022 2122 voluntatis

449 2148 663 2207 affectio
693 2151 761 2206 ad
802 2151 1063 2221 prateriti
1107 2152 1284 2222 magis
1323 2159 1488 2223 atque
1522 2152 1714 2221 futuri,
1752 2170 1916 2225 quam
1953 2158 2020 2212 ad

449 2245 733 2316 praesentis
778 2244 1149 2315 cognitionem
1191 2244 1320 2301 ferri
1370 2246 1604 2301 videtur.
1646 2246 1766 2302 Jam
1810 2248 1926 2305 fore
1962 2258 2023 2303 nt

450 2341 718 2396 homines.
754 2341 870 2394 sive
914 2338 1059 2394 sacri
1114 2339 1229 2395 sive
1258 2338 1498 2409 profani,
1544 2339 1633 2394 illa
1667 2343 1849 2412 potius
1892 2352 2025 2398 tem-

445 2448 577 2502 pora
601 2431 961 2502 inquirerent,
988 2429 1182 2485 divina:
1207 2447 1427 2502 quoque
1456 2430 1756 2504 Scriptura:
1784 2449 1883 2490 nos
1921 2434 2022 2490 do-

445 2534 590 2587 cent,
620 2523 1059 2595 quandoquidem
1092 2524 1176 2578 vel
1209 2524 1344 2594 ipsis
1376 2523 1739 2582 familiaribus
1770 2528 1887 2584 suis
1909 2528 2022 2584 aie-

445 2617 535 2671 hat
581 2616 670 2671 ille
706 2614 967 2670 Vivilicus
994 2656 1011 2681 ,
1042 2634 1061 2666 ι
1090 2613 1208 2670 Non
1236 2623 1322 2670 est
1367 2629 1609 2670 vestrum
1653 2632 1817 2674 nosse
1859 2619 2020 2676 horas

441 2716 498 2763 et
518 2707 595 2781 (l)
624 2716 868 2777 tempora
898 2723 1020 2779 qua:
1044 2705 1206 2763 Pater
1228 2709 1408 2778 posuit
1431 2691 1485 2763 in
1510 2725 1605 2765 sua
1637 2718 1905 2781 potestate
1924 2712 1963 2765 ⁸.
1995 2732 2013 2765 ι

444 2800 601 2867 Quod
639 2800 858 2855 ell‘atum
903 2815 1014 2855 non
1050 2799 1117 2855 de
1166 2816 1424 2871 supremo
1457 2802 1635 2857 solum
1667 2804 2018 2873 exterminio,

442 2892 537 2948 sed
572 2890 640 2948 de
674 2893 1013 2961 temporibus
1056 2893 1312 2948 omnibus
1357 2892 1569 2948 idcirco
1605 2896 2017 2965 pronuntiatum

443 3000 607 3042 verax
647 2985 739 3038 ille
768 2983 1040 3040 Eusebius
1069 2984 1144 3038 ait
1170 2983 1269 3054 (2),
1299 2993 1358 3038 ut
1387 2985 1434 3040 si
1465 2986 1559 3055 qui
1593 2995 1723 3042 sunt
1755 2988 2022 3043 curiosio-

444 3094 533 3134 res
566 3086 729 3149 atque
776 3079 961 3133 inania
1011 3085 1344 3139 scrutantes,
1397 3077 1433 3132 ii
1480 3080 1669 3149 paucis
1716 3080 1802 3135 his
1838 3082 2019 3136 verbis

442 3169 870 3230 deterrerentur,
906 3168 1201 3237 quominus
1242 3167 1554 3222 doctrinam
1604 3177 1914 3239 temporum
1959 3188 2020 3227 se

2124 1974 2219 2039 cit,
2261 1988 2555 2044 rerumque
2595 1970 2949 2028 ineli‘abilium
3000 1986 3224 2042 gnaros,
3267 1987 3501 2043 quarum
3552 1974 3713 2031 lucu-

2123 2069 2271 2122 lento
2301 2065 2589 2136 splendore
2628 2072 2893 2121 creaturae
2931 2064 3203 2120 universae
3242 2073 3506 2122 saturatas
3554 2075 3725 2124 sunt.

2123 2157 2385 2214 Homines
2423 2155 2589 2228 igitur
2618 2157 2862 2211 omnium
2910 2171 3093 2213 rerum
3142 2164 3369 2213 naturas
3408 2159 3609 2224 edocti,
3640 2159 3716 2217 de

2123 2248 2431 2319 prarteritis,
2471 2248 3037 2319 praasentibus'atque
3070 2245 3270 2304 futuris
3307 2249 3558 2305 scribere
3604 2266 3709 2322 ag-

2122 2341 2299 2413 gressi
2336 2348 2486 2407 suut,
2525 2348 2712 2412 utpote
2740 2341 2809 2395 ab
2839 2340 2986 2395 illius
3028 2341 3242 2397 veracis
3273 2339 3569 2413 discipulis
3606 2358 3716 2398 no-

2111 2434 2273 2489 tione
2301 2431 2550 2487 veritatis
2592 2433 2822 2487 imbuti:
2849 2440 2962 2486 tum
3001 2432 3165 2486 etiam
3198 2431 3605 2491 disertissimus
3645 2442 3705 2489 et

2123 2524 2567 2596 sapientissimus
2611 2525 2843 2594 quisque
2874 2523 2941 2578 ad
2983 2523 3341 2581 elaborandas
3382 2526 3563 2596 gentis
3597 2540 3714 2582 sum

2121 2616 2587 2687 chronographias
2612 2615 2878 2670 incubuit.

2190 2710 2244 2766 5.
2289 2708 2438 2776 Quos
2477 2708 2620 2764 inter
2650 2708 2881 2780 (primos
2926 2708 3152 2780 inquam
3197 2710 3442 2783 itemque
3475 2710 3715 2766 novissi-

2122 2802 2262 2872 mos)
2294 2801 2692 2870 amplissimum
2725 2798 3011 2870 dignitatis
3040 2800 3219 2856 locum
3252 2802 3449 2857 beatus
3479 2801 3573 2858 ille
3601 2800 3715 2856 Eu-

2121 2895 2308 2950 sebius
2349 2893 2630 2948 obtinuit:
2673 2891 2872 2948 deinde
2904 2891 3162 2950 Socrates
3202 2888 3727 2967 historiographus,"

2121 2986 2323 3057 aliique
2353 2986 2688 3056 complures.
2725 2983 2937 3040 Nostra:
2965 3001 3129 3056 porro
3152 2987 3330 3059 gentis
3358 2987 3598 3058 primum
3621 2988 3725 3041 aio

2122 3076 2447 3133 historicum
2483 3076 2655 3131 fuisse
2680 3075 3143 3147 Agathangelum,
3166 3077 3263 3148 qui
3295 3078 3545 3149 origines
3566 3080 3709 3132 scri—

2123 3169 2231 3240 psit
2276 3168 2699 3225 illuminationis
2735 3166 2813 3241 (4)
2860 3168 3244 3225 Armeniorum
3297 3179 3533 3225 curante
3583 3169 3725 3225 divo

445 3262 661 3334 assequi
708 3277 869 3333 posse
896 3269 1046 3317 certa
1089 3262 1321 3317 scientia
1355 3261 1715 3318 confiderent.
1766 3263 2021 3320 Profecto
2055 3244 2092 3298 η
2122 3261 2408 3333 Gregorio,
2443 3261 2603 3332 cujus
2632 3261 2796 3316 etiam
2830 3260 3150 3317 multimoda
3179 3261 3444 3332 patientia
3471 3262 3707 3317 mirabi-

443 3352 685 3407 divinum
724 3352 827 3406 hoc
853 3350 1314 3422 Dominicumque
1344 3352 1629 3408 oraculum
1658 3368 1724 3408 eo
1747 3355 2020 3426 pracipue
2123 3355 2248 3408 liter
2284 3353 2560 3409 inclaruit.
2610 3351 2847 3409 Secutus
2886 3360 2971 3409 est
3004 3351 3182 3410 Moses
3213 3353 3594 3413 Cborcnensis
3622 3357 3713 3412 hi-

446 3445 671 3501 nomine
691 3444 901 3499 editum
925 3453 1034 3507 est,
1067 3452 1128 3499 ut
1151 3459 1414 3503 vanarum
1436 3460 1617 3500 rerum
1643 3447 2020 3517 exploratores
2123 3445 2325 3502 storiea
2351 3445 2707 3501 veridicentia
2746 3445 3064 3516 praenobilis
3094 3465 3108 3500 :
3136 3445 3338 3502 deinde
3362 3447 3620 3517 Elisreus,
3654 3458 3711 3504 et

443 3536 875 3592 incassolahore
921 3535 1335 3607 supersedeant.
1368 3536 1500 3604 Quae
1528 3537 1674 3592 enim
1701 3538 1919 3609 cognita
1965 3548 2021 3594 et
2119 3535 2363 3590 Lazarus
2413 3542 2467 3591 et
2510 3532 2767 3598 Faustus,
2823 3533 2917 3605 qui
2966 3540 3023 3588 et
3069 3532 3369 3606 Byzantius
3397 3535 3499 3607 (5),
3546 3538 3725 3606 paulo

444 3627 790 3682 considerata
824 3628 1081 3681 utilitatis
1127 3627 1336 3698 aliquid
1383 3627 1641 3694 all‘erunt,
1674 3644 1738 3683 ea
1786 3629 1904 3700 ipse
1940 3629 2018 3702 (⁸5)
2120 3629 2402 3698 antiquior
2447 3627 2791 3682 historicus:
2819 3641 2922 3682 nec
2970 3643 3081 3682 non
3128 3626 3416 3683 Heraclius
3475 3641 3508 3681 a
3541 3626 3710 3684 Sebio

443 3720 633 3772 docuit
664 3719 953 3787 palamque
987 3717 1115 3773 fecit
1156 3717 1213 3772 in
1242 3717 1579 3789 propheticis
1610 3719 1787 3785 libris,
1819 3720 2022 3790 quibus
2120 3719 2377 3789 episcopo
2415 3717 2671 3772 laudatus
2695 3715 2796 3789 (6),
2837 3726 2955 3772 tum
3002 3726 3056 3773 et
3087 3715 3350 3774 Leontius
3396 3720 3711 3792 presbyter,

444 3812 625 3864 omnia
673 3826 741 3865 ex
784 3809 976 3865 ordine
1021 3811 1374 3866 continentur
1412 3794 1717 3881 usqueaad
1774 3812 2016 3868 divinum
2120 3820 2173 3868 et
2200 3810 2495 3872 Sahuhius,
2523 3817 2576 3864 et
2611 3809 2867 3866 dominus
2894 3808 3158 3875 Joannes,
3185 3818 3240 3866 et
3263 3812 3577 3881 posteriore
3612 3812 3710 3868 de-

444 3899 686 3956 Verbum
739 3917 864 3956 cum
915 3911 1113 3956 natura
1172 3917 1373 3958 carnea
1421 3902 1799 3973 conjunctum,
1858 3913 2021 3976 capto
2121 3917 2269 3956 mum
2296 3908 2457 3956 aetate
2488 3899 2806 3971 Stephanus
2830 3901 3043 3967 doctor,
3085 3912 3455 3974 cognomento
3486 3903 3713 3962 Asolni-

447 3994 606 4049 initio
638 3993 709 4048 ab
735 3993 975 4049 oraculis
1005 4008 1100 4049 ore
1129 3992 1299 4049 Mosis
1328 3993 1592 4051 divinitus
1622 3995 1909 4067 evulgatis.
2120 3996 2279 4050 chius
2306 3994 2407 4064 (7).
2438 3993 2617 4064 Atque
2657 3993 2714 4047 hi
2744 3993 2813 4048 de
2857 3994 3025 4051 rebus
3054 3994 3419 4060 Armeniacis,
3465 3998 3723 4069 itemque

512 4086 571 4143 2.
609 4084 730 4141 Jam
759 4101 825 4141 ex
856 4084 1105 4156 plurimis
1146 4085 1267 4155 ejus
1300 4086 1377 4142 rei
1410 4088 1592 4143 causis
1628 4086 1766 4144 duas
1803 4096 2018 4145 tantum
2120 4087 2212 4141 alii
2272 4086 2497 4156 plurimi
2557 4084 2626 4141 de
2697 4086 2930 4159 singulis
2984 4088 3278 4158 gentibus,
3354 4090 3712 4148 narrationes

445 4180 748 4251 praecipuas
800 4186 992 4233 notare
1041 4177 1271 4233 sulliciat
1298 4198 1311 4233 :
1340 4163 1487 4249 quod
1533 4179 1767 4235 divinum
1819 4182 2021 4235 scilicet
2120 4193 2248 4234 suas
2273 4186 2567 4233 texuerunt
2589 4178 2967 4234 tantummodo
2994 4187 3116 4250 post
3146 4179 3415 4236 Adamum
3445 4184 3721 4254 paradiso

456 4271 680 4327 Verbum
710 4271 765 4326 in
800 4271 994 4342 primis
1037 4270 1271 4325 voluerit
1317 4287 1380 4327 os
1406 4287 1598 4327 eorum
1632 4274 2014 4344 comprimere,
2118 4272 2381 4327 emissum
2408 4310 2425 4337 ,
2489 4273 2601 4327 vita
2638 4270 2787 4343 —ejus
2840 4287 3006 4343 quam
3078 4272 3135 4328 in
3188 4274 3450 4345 paradiso
3524 4277 3712 4348 exegit

443 4364 536 4434 qui
566 4374 852 4419 creaturas
877 4362 1150 4434 principio
1175 4374 1229 4418 et
1268 4362 1371 4419 line
1392 4371 1644 4420 carentes
1676 4365 1859 4422 dicere
1897 4368 2018 4424 ausi
2119 4365 2324 4420 omissa
2341 4363 2439 4437 (8).
2476 4405 2491 4421 .
2527 4406 2542 4420 .
2580 4403 2596 4420 .
2628 4365 2707 4419 uti
2739 4364 3005 4421 Dominus
3032 4364 3234 4433 aiebat,
3266 4364 3411 4422 diem
3442 4368 3709 4423 nimirum

443 4463 601 4525 sunt;
640 4455 836 4511 deinde
862 4472 1083 4513 eversos
1133 4466 1359 4527 paterna
1409 4457 1725 4514 haereditate
1769 4459 2019 4515 homines
2119 4465 2174 4514 et
2203 4458 2417 4515 horam.
2468 4472 2577 4526 qua
2620 4457 2693 4512 sit
2743 4457 2863 4528 ipse
2909 4464 3195 4521 venturus,
3225 4472 3255 4511 a
3308 4459 3534 4515 nemine
3578 4467 3713 4513 ante

442 4564 539 4620 spe
594 4549 792 4605 laetitici
848 4550 1115 4606 adventus
1166 4551 1252 4606 sui
1307 4564 1555 4606 recreare
1588 4570 1601 4607 :
1638 4552 2018 4622 superioribus
2045 4598 2089 4622 η
2120 4550 2376 4621 cognosci
2402 4551 2423 4581 ¹
2459 4568 2473 4604 :
2505 4564 2630 4619 quae
2661 4549 2826 4605 verba
2860 4565 2984 4605 cum
3027 4548 3095 4603 ad
3124 4548 3351 4620 angelos
3395 4548 3712 4620 Filiumque

443 4598 535 4620 ,Γ
595 4598 792 4605 -η-----.
850 4598 1113 4606 __.----_-
1166 4598 1252 4606 -.--
1307 4598 1554 4606 ---η-η
1589 4598 1601 4607 .
1638 4598 2018 4622 “rum---
2124 4598 2376 4621 παπ----
2460 4598 2473 4604 -
2510 4598 2617 4619 τη
2675 4598 2826 4605 .--π
2865 4598 2984 4605 η---
3029 4598 3095 4603 η
3126 4598 3350 4620 ---σὴ-η
3395 4598 3707 4620 ---ηπ-,η

441 4639 801 4694 continuatim
838 4641 1054 4696 saeculis
1099 4640 1459 4696 humanitatis
1499 4656 1531 4696 a
1571 4658 1631 4698 se
1671 4644 2018 4699 assumendae
2044 4598 2089 4661 C
2120 4645 2298 4714 ipsum
2340 4643 2611 4705 retulerit,
2654 4643 3137 4714 interrogationem
3170 4641 3314 4697 hanc
3346 4650 3707 4697 commovet:

442 4733 759 4803 mysterium
790 4734 1065 4804 parabolis
1089 4735 1505 4804 visionibusque
1525 4735 2020 4807 conlirmans;po-
2119 4735 2281 4806 Atqui
2334 4735 2382 4791 si
2432 4743 2553 4790 erat
2586 4735 2703 4806 ipse
2749 4747 3042 4799 venturus,
3071 4750 3312 4804 quonam
3355 4733 3505 4789 idem
3549 4742 3715 4805 pacto

441 4834 646 4879 stremo
670 4832 848 4880 autem
874 4826 1271 4895 perfectissima
1302 4828 1533 4882 scientia
1562 4827 1863 4898 discipulos
1884 4844 2016 4884 suos
2120 4829 2311 4883 horam
2344 4827 2655 4883 nesciebat?
2683 4825 2826 4898 Ergo
2867 4842 2938 4884 ne
2983 4840 3222 4883 mmrore
3251 4827 3404 4897 ipsos
3447 4823 3711 4885 alliceret.

440 4915 714 4981 imbuens,
749 4928 942 4973 sancto
971 4916 1178 4989 Spiritu
1206 4918 1264 4974 in
1291 4919 1514 4976 eosdem
1559 4919 1808 4978 immisso
1835 4939 1849 4977 :
1875 4936 2016 4992 quos
2119 4920 2175 4977 id
2207 4922 2277 4977 ab
2307 4936 2373 4977 eo
2398 4921 2601 4978 dictum
2633 4922 2907 4978 existimo.

512 5072 533 5107 ⁸
569 5073 689 5130 Act.
715 5087 755 5139 ι,
788 5073 839 5130 7.
915 5076 937 5107 ³
973 5071 1141 5129 Marc.
1164 5090 1287 5140 xm,
1313 5074 1402 5129 52.

511 5231 588 5300 (I)
628 5229 704 5284 lta
754 5240 827 5298 et,
858 5246 966 5285 non
1001 5232 1099 5295 vel,
1134 5230 1339 5301 habent
1367 5229 1585 5284 Samuel
1626 5232 1865 5301 itemque
1900 5231 2012 5286 Eu-
2114 5232 2311 5288 muelis
2336 5232 2645 5289 codicibus.
2677 5232 2833 5299 Quod
2858 5241 3035 5288 autem
3060 5230 3256 5301 merito
3276 5230 3707 5301 mireris,etiarn

443 5302 628 5373 sebins
659 5301 1150 5373 iuProgemio,n_ec
1178 5316 1288 5373 non
1317 5300 1644 5373 Armeniaca
1664 5300 1785 5372 ipsa
1813 5301 2006 5356 Biblia.
2121 5302 2432 5373 Stephanus
2473 5303 2824 5358 Aselnichius
2869 5303 2923 5356 in
2964 5317 3088 5357 sua
3128 5300 3710 5373 Historite‘Prommio

442 5373 513 5425 At
540 5370 728 5427 Graeca
761 5380 816 5428 et
843 5371 1037 5425 Latina
1069 5371 1265 5433 Biblia,
1292 5370 1389 5425 vel.
1689 5370 1703 5372 ⁷
2118 5370 2368 5428 θιιηίόθιιι
2397 5374 2545 5429 hunc
2568 5376 2747 5429 locum
2775 5372 2963 5428 eadem
2990 5373 3330 5427 obscuritate
3354 5371 3707 5427 laborantem

629 5442 920 5569 ῗειῗεῗ¹⁰¹¹³
950 5443 1075 5498 mm
1106 5440 1399 5495 Prommlo.
2117 5444 2382 5594 efrii’eb'e
2410 5515 2500 5569 his
2545 5513 2818 5570 Armeniis
2868 5511 3150 5569 historicis
3181 5510 3314 5567 alibi
3359 5510 3713 5583 loquendum

534 5587 566 5639 4
628 5584 768 5657 Hinc
807 5585 966 5657 divus
1005 5584 1324 5656 Gregorius,
1371 5583 1441 5639 de
1468 5597 1578 5653 quo
1616 5598 1767 5648 mox,
1812 5582 2012 5639 dicitur
2116 5584 2354 5657 Videtur.
2611 5656 2617 5657 ί
2872 5656 2882 5657 ί
2952 5654 2961 5657 Α
3099 5652 3129 5657 _
3303 5651 3337 5657 __
3604 5655 3613 5657 μ
3693 5654 3704 5657 _

534 5582 589 5656 4)
628 5584 768 5656 Hinc
807 5585 966 5656 divus
1005 5584 1324 5656 Gregorius,
1371 5583 1441 5639 de
1468 5597 1578 5653 quo
1616 5598 1767 5648 mox,
1812 5582 2012 5639 dicitur
2116 5582 2354 5656 videtur.

440 5654 601 5736 vulsa
634 5654 1000 5736 Ξέιιμῖεεηαιρνο
1070 5654 1138 5736 .“
1230 5722 1270 5736 ..
1383 5732 1393 5736 -
1497 5720 1536 5736 η
1689 5724 1721 5736 --

514 5720 569 5791 (5
634 5722 863 5778 Videtur
892 5724 1182 5779 dicendum
1221 5722 1458 5779 Faustus
1492 5720 1842 5794 Byzantinus.

514 5731 592 5867 (ϐξ
631 5792 912 5850 Obscurus
934 5794 1017 5850 vel
1033 5803 1324 5865 corruptus
1336 5795 1551 5853 videtur
1566 5794 1655 5850 hic
1679 5794 1829 5851 locus
1848 5794 1901 5851 in
1922 5794 2017 5850 Sac

512 5792 592 5865 (6)
631 5792 912 5850 Obscurus
934 5794 1017 5850 vel
1033 5803 1324 5865 corruptus
1336 5792 1555 5853 videtur
1566 5794 1655 5850 hic
1679 5794 1829 5851 locus
1848 5794 1901 5851 in
1922 5794 2013 5850 διε

2189 5654 2271 5730 (8)_
2308 5654 2422 5730 Hoc
2449 5656 2569 5709 loco
2608 5656 2665 5711 in
2694 5654 3065 5712 emendatiore
3095 5651 3373 5709 Samuelis
3398 5654 3713 5730 exemplari

2119 5723 2371 5779 inuu’itur
2400 5726 2614 5780 lacuna.
3174 5760 3181 5767 -
