3810 6296
89 325 167 378 609

800 321 1147 379 SAMUELIS
1178 321 1502 378 ANIENSIS
1540 319 1880 380 SUMMARII
1915 327 2298 385 TESIPORUM
2334 328 2514 386 PARS
2550 329 2593 384 1.

3197 327 3302 384 611)

141 444 185 496 ι.
219 440 325 514 Ego
367 457 500 498 vero
543 439 834 514 imperitia
873 441 1213 511 inscitiaeque
1255 457 1390 498 meae
1431 441 1620 497 imme-
1648 443 1699 502 Δ
1725 441 2174 512 deprehenditur.
2216 446 2389 502 Porro
2438 455 2618 502 autent
2666 447 2703 501 ii
2747 453 2997 501 sanctum
3039 439 3301 516 Spiritum

87 549 200 600 mor,
228 541 279 588 te
316 540 580 604 rogante,
625 549 660 587 ο
707 532 1065 590 sanctimonia
1101 532 1618 606 fulgens'Gregori,

89 625 236 679 studio
279 625 375 679 tibi
407 625 752 695 obsequendi
803 625 1070 696 impulsus
1116 641 1235 680 sum
1280 625 1349 679 ad
1391 640 1454 680 ea
1501 641 1624 695 quae

88 719 162 773 tibi
194 726 339 774 erant
380 718 438 772 in
468 719 615 774 votis
662 718 972 776 scribenda.
1004 719 1198 790 Agesis
1249 720 1416 788 igitur
1445 718 1623 774 sancti

87 811 286 880 Spiritus
307 825 410 880 ope
438 809 639 876 fretus,
664 825 729 866 ex
754 810 840 866 bis
859 811 1128 865 historicis
1155 811 1393 866 breviter
1415 826 1626 866 sermo-

85 908 153 958 nis
188 907 276 959 mei
314 906 609 969 rationem,
647 914 807 976 prout
839 913 932 960 tua
961 905 1066 960 fert
1111 906 1404 970 sententia,
1433 906 1625 959 decer-

86 1014 212 1068 pant;
242 997 311 1051 ita
343 1005 530 1054 tamen
560 1007 620 1052 ut
653 1014 925 1072 nusquam
957 1012 988 1051 a
1017 997 1266 1054 veritatis
1295 997 1434 1052 calle
1457 996 1627 1052 deﬁe-

86 1100 219 1144 ctam.
249 1090 308 1144 Et
336 1090 562 1161 quidem
594 1107 661 1148 ex
707 1100 816 1146 tam
849 1091 1054 1162 ingenti
1087 1104 1315 1145 numero
1350 1089 1460 1144 duo
1490 1089 1624 1142 mihi

87 1185 318 1255 praecipue
369 1184 550 1239 facem
605 1184 938 1256 praefereut,
1000 1184 1268 1241 Eusebius
1321 1199 1385 1238 ac
1447 1183 1626 1238 Moses

84 1276 436 1332 Chorenensis.
467 1275 590 1331 Jam
621 1293 752 1332 vero
792 1278 1028 1348 primum
1064 1278 1282 1348 quidem
1323 1277 1392 1331 ab
1419 1276 1626 1332 Adamo

85 1368 335 1433 inclinans,
371 1369 628 1425 desinam
673 1370 729 1424 in
769 1368 1086 1424 Noaehum:
1119 1371 1244 1425 hinc
1275 1370 1343 1424 ad
1387 1369 1630 1425 Abraha-

85 1477 203 1514 mum
225 1476 390 1532 usque
407 1475 652 1532 pergant.
681 1462 876 1516 Postea
912 1462 1451 1532 chronograpborum
1478 1477 1628 1518 more

82 1554 237 1610 lineari
270 1557 484 1610 ratione
517 1565 757 1624 tempora
787 1554 855 1609 ad
885 1571 986 1611 nos
1013 1571 1187 1626 usque
1213 1555 1478 1626 digeram.
1521 1555 1626 1611 De.-

86 1649 218 1717 nique
245 1649 346 1702 hoc
377 1649 434 1702 in
467 1663 638 1718 opere
673 1648 720 1701 si
751 1663 891 1701 vana
937 1648 1202 1718 rejecero,
1237 1657 1290 1703 et
1319 1648 1628 1704 necessaria

83 1741 361 1810 complexus
404 1739 590 1806 fuero,
623 1755 739 1795 rem
784 1741 884 1796 tibi
923 1755 1011 1796 me
1051 1749 1264 1812 gratam
1308 1755 1471 1810 spero
1504 1754 1628 1795 esse

82 1831 337 1886 facturum.

133 1923 176 1976 5.
214 1920 416 1978 Revera
456 1937 931 1993 supervacaneum
969 1923 1222 1980 ducimus
1260 1922 1404 1977 haud
1433 1923 1630 1993 proba-

83 2016 191 2070 biles
232 2015 622 2072 Chaldaeorum
669 2017 928 2073 historias
977 2025 1032 2072 et
1079 2017 1364 2072 barbarica
1407 2017 1629 2070 nomina

82 2108 274 2163 recitare
293 2128 305 2163 :
322 2110 530 2180 quibus
553 2110 600 2166 si
624 2109 748 2180 quis
769 2109 1051 2181 indigebit,
1077 2119 1276 2180 praesto
1304 2119 1388 2164 est
1413 2109 1628 2163 miriﬁci

83 2200 264 2257 Eusebii
303 2203 464 2266 liber,
501 2203 630 2259 sine
665 2217 773 2273 quo
800 2202 1170 2272 nosmetipsos
1211 2201 1354 2256 haud
1389 2203 1630 2257 scribere

82 2309 209 2361 posse
256 2295 514 2351 fatemur.
567 2294 891 2366 Quanquam
952 2309 1144 2362 reapse
1196 2294 1460 2364 quidquid
1509 2295 1629 2365 ejus

81 2387 257 2454 generis
289 2389 362 2442 ibi
396 2389 673 2459 scriptum
702 2397 808 2454 est,
841 2404 1016 2460 neque
1048 2389 1456 2460 Opportunitate
1480 2397 1630 2444 caret

83 2495 222 2550 neque
267 2482 529 2536 utilitate.
593 2479 711 2536 Etsi
758 2481 901 2536 enim
965 2482 1271 2553 peregrinis
1312 2483 1628 2537 nominibus

81 2573 255 2638 priscos
280 2572 474 2627 Patres
517 2571 796 2643 indigitat.
833 2588 1214 2643 annorumque
1243 2574 1486 2629 rationes
1530 2575 1631 2627 im-

82 2665 274 2719 inaniter
312 2664 671 2720 exuberant:
699 2661 919 2718 Patrum
971 2673 1152 2720 tamen
1197 2680 1460 2719 numerus
1499 2679 1630 2720 con-

81 2755 194 2824 gruit
221 2772 337 2811 cum
367 2757 586 2814 divinis
617 2757 908 2827 Scripturis
933 2756 1032 2828 (9).
1063 2757 1185 2810 Alia
1212 2756 1438 2826 insuper
1460 2770 1628 2810 causa

83 2846 178 2908 luit.
208 2853 564 2921 quamobrem
620 2866 686 2906 ea
720 2849 1059 2906 referrentur
1101 2866 1221 2920 quae
1273 2851 1343 2903 ab
1383 2848 1490 2903 illis
1517 2849 1628 2918 (10)

81 2941 205 3005 quasi
229 2943 642 2996 somniantibus
666 2943 967 3011 excogitata
1013 2949 1142 2994 sunt
1169 2958 1181 2994 :
1211 2940 1338 3010 quia
1369 2940 1628 2993 nimirum

83 3029 328 3090 Chaldaeus
371 3033 479 3088 fuit
515 3033 887 3096 Abrahamus,
925 3033 1152 3104 ejusque
1185 3034 1422 3102 majores
1465 3032 1630 3086 Cban

81 3123 180 3178 dare
217 3124 508 3196 indigenae,
573 3139 741 3194 quam
786 3139 898 3178 rem
951 3124 1088 3178 liber
1128 3123 1403 3179 Geneseos
1446 3133 1630 3195 aperte

85 3215 374 3286 prodit(li).
409 3218 535 3272 lmo
589 3217 696 3270 illa:
746 3216 1098 3271 narrationes
1155 3217 1366 3270 nullum
1410 3216 1627 3271 veritati

83 3310 416 3365 testimonium
465 3326 588 3366 non
619 3310 990 3382 suppeditant,
1024 3327 1218 3381 nempe
1253 3310 1398 3380 quod
1434 3312 1630 3364 attinet

81 3401 131 3453 ad
158 3401 430 3469 diluvium,
466 3403 541 3457 ad
579 3402 749 3458 turris
785 3402 1084 3473 Opiﬁcium,
1122 3411 1283 3472 atque
1331 3402 1398 3456 ad
1432 3411 1628 3458 caetera

81 3509 172 3560 quae
198 3495 389 3556 ibidem
439 3504 885 3565 consequuntur.
931 3494 1030 3559 Ea,
1069 3495 1303 3566 inquam,
1358 3496 1497 3550 ratio
1528 3494 1630 3549 fuit

83 3585 222 3642 beatis
247 3588 351 3642 illis
380 3587 657 3642 Patribus
691 3602 797 3644 cur.
831 3587 944 3642 hare
969 3587 1444 3643 commemoranda
1475 3598 1630 3658 puta-

81 3688 191 3733 rent.
211 3679 372 3737 Nobis
408 3693 605 3736 tamen
632 3695 757 3734 cum
785 3680 1014 3734 istorum
1051 3681 1456 3736 lucubrationes
1485 3682 1630 3736 suni-

81 3784 177 3826 cere
195 3773 507 3837 videantur,
538 3787 607 3828 ea
646 3772 876 3826 materia
910 3770 1045 3826 satis
1070 3772 1195 3836 erit,
1225 3787 1345 3842 quae
1375 3773 1628 3828 instituto

81 3871 235 3918 nostro
257 3865 550 3920 conducit.

131 3955 176 4010 6.
210 3955 322 4010 lam
351 3959 615 4028 ipsorum
651 3952 1049 4008 Cbronicorum
1081 3953 1296 4008 initium
1325 3955 1394 4010 ab
1434 3954 1627 4010 Adami

79 4062 102 4101 ε
127 4050 376 4118 perbeatis
414 4051 535 4106 illis
567 4047 792 4104 sedibus
823 4051 971 4104 exitu
1010 4050 1257 4104 seniores
1299 4049 1375 4103 illi
1408 4050 1629 4120 sapien-

79 4139 241 4196 tissimi
289 4141 599 4213 petendum
649 4141 1142 4214 censuerunt(l2).
1191 4141 1452 4212 Quisquis
1502 4157 1630 4197 vero

78 4230 206 4286 aliter
252 4243 520 4304 nugatur,
573 4229 992 4285 diuturnitatem
1041 4231 1162 4300 ejus
1212 4232 1482 4287 incolatus
1523 4232 1628 4286 sibi

79 4336 175 4376 esse
219 4327 568 4395 exploratam
619 4322 916 4390 dictitans;
948 4332 1040 4376 aut
1092 4325 1161 4378 de
1209 4325 1333 4377 caeli
1383 4333 1438 4380 et
1483 4331 1629 4378 terra

79 4415 265 4470 conditu
299 4414 606 4472 temeraria
635 4413 814 4468 effutit
838 4415 980 4486 (15);
1018 4416 1167 4482 huic,
1213 4416 1458 4486 inquam,
1499 4430 1632 4471 cave

1656 1795 1702 1852 Β

1657 3150 1700 3209 C

1730 534 1925 591 ducem
1951 537 2154 594 habent
2178 539 2272 609 qui
2293 537 2648 609 Septuaginta
2669 535 2832 592 Viros
2855 544 3136 593 sectantur
3155 533 3298 609 ('15):

1713 628 1927 699 quibus
1953 645 2055 686 nos
2093 646 2308 701 quoque
2343 631 2709 697 adhaerentes,
2742 646 2878 696 rem,
2913 644 3079 702 quam
3111 644 3302 685 sumus

1725 723 1992 794 aggressi,
2019 723 2392 793 expediamus.
3285 727 3298 737 ’λ

2358 852 2588 910 CAPUT
2627 853 2668 910 1.

1729 988 1985 1055 Quaenam
2023 991 2160 1043 ratio
2191 997 2478 1059 temporum
2498 988 2638 1058 apud
2663 987 3010 1059 Septuaginta
3041 987 3306 1058 Interpre-

1828 1070 1902 1114 εει
1929 1061 2285 1128 perscribatur
2313 1061 2378 1114 ab
2406 1059 2611 1114 Adamo
2642 1077 2801 1130 usque
2821 1061 2889 1113 ad
2919 1060 3197 1114 diluvium.

1795 1196 1836 1250 1.
1877 1194 2100 1253 Priscus
2132 1197 2296 1252 homo
2331 1194 2575 1250 Adamus
2603 1200 2728 1264 post
2757 1193 2958 1248 exitum
2987 1207 3017 1246 e
3050 1190 3306 1262 paradiso

1727 1303 1873 1344 anno
1915 1291 2092 1344 aetatis
2131 1304 2307 1344 ccxxx
2349 1288 2535 1358 genuit
2579 1285 2803 1340 Sctbum
2834 1301 2899 1339 ex
2930 1283 3037 1338 Eva
3071 1285 3305 1352 conjuge

1727 1396 1828 1436 sua
1856 1400 1868 1435 :
1897 1382 2140 1452 vixitque
2163 1381 2342 1435 adhuc
2364 1381 2524 1435 annis
2545 1393 2641 1434 occ
2664 1393 2838 1448 usque
2865 1376 2931 1430 ad
2954 1390 3172 1430 cxxxvn
3194 1375 3302 1445 (l6)

1726 1486 1928 1524 annum
1975 1471 2278 1525 Malalielis.
2329 1469 2480 1524 Alios
2536 1483 2752 1539 quoque
2813 1466 3001 1537 genuit
3060 1465 3200 1520 ﬁlios
3251 1473 3305 1519 et

1728 1564 1891 1618 ﬁlias.
1925 1561 2072 1618 Obiit
2102 1562 2277 1617 aetatis
2311 1575 2456 1615 anno
2487 1575 2782 1616 nccccxxx.

1801 1655 1865 1709 11.
1912 1655 2114 1711 Sethus
2165 1670 2340 1711 annos
2377 1662 2541 1711 natus
2583 1668 2680 1708 ccv
2724 1651 2910 1722 genuit
2953 1647 3194 1704 Enosum
3239 1654 3306 1702 cx

1731 1748 1897 1802 Alora
1958 1747 2099 1818 (Π)
2161 1747 2394 1817 conjuge
2443 1761 2542 1802 sua
2597 1763 2611 1799 :
2667 1745 2911 1812 vixitque
2971 1741 3150 1795 adhuc
3207 1755 3308 1794 att-

1731 1842 1818 1896 nis
1878 1855 2052 1895 nccvu
2118 1854 2292 1908 usque
2344 1839 2410 1893 ad
2460 1854 2531 1892 xx
2578 1851 2781 1891 annum
2828 1833 3058 1888 Ettochi.
3112 1831 3310 1888 Genuit

1729 1932 1870 1988 ﬁlios
1903 1941 1958 1988 et
1995 1931 2153 1988 ﬁlias.
2189 1931 2337 1987 Obiit
2366 1932 2542 1985 aetatis
2575 1945 2718 1984 anno
2744 1942 2984 1983 occccxn
3019 1925 3148 1994 (l8).

1804 2022 1893 2077 111.
1937 2023 2152 2080 Enosus
2181 2039 2356 2078 annos
2381 2033 2543 2077 natus
2574 2036 2675 2076 cxc
2706 2021 2890 2091 genuit
2920 2019 3218 2073 Cainanum
3240 2032 3308 2070 ex

1729 2115 1922 2172 Nuena
1973 2119 2206 2188 conjuge
2243 2130 2341 2172 sua
2375 2134 2388 2172 :
2427 2115 2673 2184 vixitque
2717 2114 2894 2168 adhuc
2931 2112 3090 2167 annis
3139 2125 3308 2166 Dccxv

1730 2225 1904 2280 usque
1958 2209 2025 2262 ad
2079 2223 2175 2262 LIII
2228 2222 2432 2261 annum
2477 2206 2814 2260 Mathusalae.
2856 2203 3055 2259 Genuit
3087 2202 3227 2258 ﬁlios
3255 2209 3310 2258 et

1734 2300 1898 2355 ﬁlias.
1934 2299 2080 2356 Obiit
2111 2300 2290 2354 aetatis
2320 2313 2464 2352 anno
2498 2305 2738 2352 nccccv.:

1804 2391 1894 2448 IV.
1936 2392 2214 2447 Cainauus
2251 2405 2427 2445 annos
2475 2398 2638 2444 natus
2668 2404 2805 2444 eux
2854 2388 3041 2459 genuit
3071 2387 3308 2444 Malalie-

1729 2487 1834 2542 lem
1892 2501 1958 2540 ex
2015 2483 2276 2540 Malaleda
2331 2483 2563 2552 conjuge
2614 2497 2712 2537 sua
2771 2497 2784 2533 :
2840 2482 3084 2551 vixitque
3132 2479 3310 2534 adhuc

1731 2578 1891 2632 annis
1941 2591 2111 2629 nccxt.
2185 2589 2359 2644 usque
2420 2573 2487 2627 ad
2549 2588 2711 2626 Lxxxr
2768 2587 2970 2626 amnnn
3031 2569 3282 2625 Latnech‘

1729 2670 1930 2725 Geuuit
1964 2670 2102 2723 ﬁlius
2129 2677 2180 2723 et
2216 2667 2373 2720 ﬁlias.
2400 2664 2548 2720 Obiit
2574 2666 2749 2719 aetatis
2781 2680 2922 2718 anno
2952 2679 3174 2719 occccx.

1797 2758 1862 2815 γ.
1906 2759 2136 2813 Malaliel
2166 2773 2339 2813 annos
2368 2763 2531 2810 natus
2565 2769 2701 2810 Cva
2729 2754 2915 2825 genuit
2952 2752 3208 2808 Jarcdum
3241 2768 3307 2808 ex

1730 2849 1865 2906 Dina
1909 2851 2141 2922 conjuge
2187 2865 2332 2904 sua:
2376 2851 2616 2919 vixitque
2667 2848 2845 2902 adhuc
2896 2845 3054 2900 annis
3100 2857 3310 2900 nccxxx

1731 2961 1904 3016 usque
1961 2944 2028 2998 ad
2083 2957 2251 2998 vain
2297 2957 2499 2996 annum
2551 2939 2779 2994 Noaehi.
2828 2936 3027 2993 Genuit
3074 2938 3214 2991 ﬁlios
3257 2944 3312 2989 et

1731 3036 1892 3091 ﬁlias.
1924 3033 2070 3090 Obiit
2098 3034 2273 3088 aetatis
2306 3049 2450 3086 anno
2482 3047 2738 3086 ucccxcv.

1805 3125 1894 3182 Vl.
1934 3125 2166 3181 Jaredus
2206 3141 2381 3180 annos
2428 3132 2591 3181 natus
2620 3141 2763 3180 cun
2809 3123 2995 3194 genuit
3028 3119 3309 3176 Enochum

1736 3235 1803 3276 ex
1851 3217 2095 3272 Baracha
2149 3218 2260 3289 (l9)
2318 3217 2552 3286 conjuge
2602 3231 2699 3270 sua
2762 3235 2774 3270 :
2837 3215 3080 3285 vixitque
3131 3213 3313 3266 adhuc

1737 3313 1898 3368 annis
1965 3327 2097 3366 nccc
2168 3325 2341 3379 usque
2401 3309 2468 3362 ad
2533 3323 2738 3363 ccuxx
2818 3322 3020 3360 annum
3082 3301 3308 3359 Noachi.

1737 3404 1937 3461 Genuit
1969 3405 2108 3459 ﬁlios
2147 3412 2203 3458 et
2240 3402 2398 3456 ﬁlias.
2438 3399 2585 3456 Obiit
2616 3400 2794 3454 aetatis
2829 3414 2973 3452 anno
3014 3411 3306 3451 nccccun.

1808 3497 1918 3551 \‘ll.
1963 3495 2217 3550 linocbus
2266 3509 2440 3548 annos
2483 3499 2644 3546 natus
2688 3506 2827 3545 cuv
2869 3489 3055 3560 genuit
3097 3487 3313 3542 Mathu-

1737 3591 1908 3645 salam
1961 3604 2026 3644 ex
2074 3586 2310 3642 Jadnera
2361 3585 2594 3656 conjuge
2642 3599 2739 3638 sua
2782 3603 2795 3638 :
2846 3582 3088 3652 vixitque
3134 3581 3313 3634 adhuc

1737 3684 1897 3737 anuis
1936 3697 1998 3736 cc
2043 3699 2055 3735 :
2104 3694 2339 3749 cumque
2388 3677 2500 3733 Deo
2543 3677 2858 3748 placuisset,
2896 3676 3196 3730 translatus
3229 3682 3314 3729 est

1737 3789 1883 3827 anno
1963 3789 2133 3827 xxxiii
2195 3769 2474 3826 Lamccbi.
2537 3769 2736 3826 Genuit
2815 3768 2951 3823 ﬁlios
3006 3776 3060 3822 et
3119 3767 3312 3832 ﬁlias;

1737 3868 2040 3922 translatus
2085 3874 2169 3922 est
2217 3865 2398 3920 aetatis
2445 3879 2589 3918 anno
2629 3878 2852 3917 ccccxv.
2877 3860 2959 3915 Ab
2987 3861 3192 3915 Adamo
3222 3877 3315 3915 us-

1736 3976 1841 4032 que
1873 3960 1940 4014 ad
1971 3959 2250 4015 Enocbum
2281 3959 2606 4013 translatum
2649 3955 3026 4028 generationes
3050 3971 3122 4009 vn
3158 3953 3314 4008 anni-

1736 4069 1842 4124 que
1876 4067 2263 4107 uccccnxxxvn
2303 4050 2629 4106 conﬂantur.

1809 4142 1943 4197 Vlll.
1975 4141 2281 4197 blathusala
2311 4157 2485 4197 annos
2513 4151 2675 4196 natus
2702 4154 2882 4194 cum
2907 4137 3094 4209 genuit
3123 4136 3312 4191 Lame-

1737 4238 1899 4290 chum
1950 4250 2017 4288 ex
2065 4233 2217 4288 Edna
2261 4234 2495 4304 conjuge
2536 4248 2634 4286 sua
2670 4250 2684 4286 :
2715 4231 2958 4300 vixitque
2991 4230 3169 4284 adhuc
3214 4245 3312 4282 an-

1740 4330 1827 4385 nis
1873 4342 2068 4384 Dcccn.
2115 4327 2214 4382 llic
2264 4327 2423 4381 annis
2464 4342 2553 4379 xiv
2593 4324 2706 4395 (20)
2763 4323 2969 4378 diluvio
3017 4323 3310 4392 superfuit,

1739 4419 1882 4491 quod
1934 4436 2000 4474 ex
2049 4419 2222 4490 ipsius
2272 4417 2396 4471 vitae
2445 4416 2621 4486 spatio
2670 4413 3039 4484 cognoscitur.
3089 4411 3146 4466 In
3191 4412 3313 4467 aliis

78 4505 205 4561 tidem
220 4509 455 4563 tribuas.
489 4504 742 4575 Namque
771 4506 840 4560 ab
873 4521 938 4561 eo
961 4514 1226 4577 tempore,
1247 4524 1354 4577 quo
1379 4508 1470 4562 ille
1505 4523 1633 4563 sua-
1665 4512 1710 4570 ι)
1743 4517 1923 4564 tamen
1953 4507 2354 4578 exemplaribus
2389 4506 2592 4560 vixisse
2620 4505 2780 4558 annis
2816 4513 3092 4573 postquam
3121 4518 3312 4572 genua-

78 4596 267 4654 rissimo
297 4602 426 4655 vitae
457 4613 666 4670 genere
693 4597 894 4653 excidit
935 4600 1025 4669 qui
1047 4601 1158 4669 (M)
1193 4601 1436 4656 Adamus
1471 4615 1634 4656 voea-

75 4699 144 4742 tus
171 4703 248 4748 est
277 4695 410 4766 (quo
447 4692 679 4748 nomine
719 4708 914 4749 omnes
930 4697 1170 4749 cunctim
1203 4695 1449 4750 homines
1474 4695 1637 4765 signi-

79 4780 321 4860 ficantur),
361 4788 532 4854 inde,
580 4785 839 4855 inquam,
884 4793 1072 4842 nostra
1126 4796 1434 4859 temporum
1495 4788 1635 4843 ratio

75 4879 322 4934 exordium
367 4880 546 4952 cepit,
608 4894 674 4934 ea
713 4877 968 4934 videlicet
1013 4895 1134 4950 quae
1174 4881 1228 4934 in
1281 4877 1633 4952 Septuaginta

83 4969 296 5026 virorum
337 4973 806 5043 interpretatione
852 4979 938 5029 est
967 4992 981 5028 :
1008 4973 1151 5044 apud
1186 4973 1445 5032 Hebraeos
1487 4975 1632 5030 enim

76 5060 341 5123 discrimen
369 5069 576 5140 ingens
613 5066 672 5120 in
712 5073 1017 5138 temporum
1065 5068 1368 5138 praesertim
1405 5084 1634 5124 numero

131 5220 198 5290 (9)
232 5222 444 5280 Confer
470 5221 700 5279 Eusebii
730 5219 927 5278 Chron.
964 5219 1007 5289 l,
1040 5238 1102 5286 ιι,
1130 5221 1185 5279 8.

125 5293 226 5361 (ιο,
260 5295 564 5352 Chaldaeis.

131 5363 230 5428 (11)
268 5365 480 5422 Euseb.
530 5363 734 5420 Chron.
766 5364 810 5430 1,
841 5380 956 5427 xvr,
985 5363 1042 5417 2.

130 5433 232 5501 (12)
266 5435 478 5492 Euseb.
513 5434 715 5490 Chron.
747 5433 790 5497 l,
817 5451 930 5496 xvt,
961 5435 1082 5490 5-6.

129 5504 229 5578 l_l5)
258 5504 388 5578 Hoc,
411 5513 583 5578 pacto
610 5506 864 5578 videntur
887 5519 1132 5578 peccare‘
1145 5506 1470 5578 nominatim
1501 5505 1633 5577 Syn-

75 5573 315 5696 :lludsct
362 5573 660 5633 Cedrenus
708 5576 766 5630 in
812 5573 1040 5630 suorum
1091 5573 1474 5631 Chronicorum
1522 5573 1633 5649 pri-

119 5659 174 5696 0r
211 5662 296 5696 IIS.

75 5648 296 5701 mordiis.

133 5716 231 5788 (if)
259 5716 452 5773 Codex
482 5733 586 5788 pro
613 5716 706 5788 qui
737 5715 1100 5788 habetatque.

132 5783 230 5856 (15)
251 5783 593 5845 Conferatur
613 5783 815 5844 Euseb.
853 5783 1047 5841 Chron.
1088 5787 1128 5853 l,
1160 5802 1268 5856 xvr,
1305 5787 1335 5842 7
1362 5789 1520 5846 et”.

1742 4614 1826 4657 rut
1863 4603 2098 4656 traditur
2137 4615 2447 4655 DCCLXXXII.
2477 4598 2677 4655 Genuit
2709 4598 2849 4652 ﬁlios
2875 4607 2929 4652 et
2966 4597 3126 4653 ﬁlias.
3166 4595 3311 4652 Obiit

1737 4697 1915 4752 aetatis
1943 4711 2087 4750 anno
2112 4709 2422 4749 DCCCCLXIX.

1807 4786 1902 4843 1X.
1969 4784 2274 4841 Lamecbus
2333 4800 2510 4840 annos
2566 4793 2730 4839 natus
2791 4797 3066 4838 CLXXXVIII
3125 4781 3311 4853 genuit

1740 4879 2023 4934 Noachum
2074 4895 2104 4935 e
2152 4877 2338 4934 Bedna
2387 4877 2619 4948 conjuge
2665 4890 2766 4932 sua
2796 4895 2810 4930 :
2842 4875 3086 4946 vixitque
3133 4873 3311 4928 adhuc

1738 4974 1898 5028 annis
1929 4989 2136 5029 nxxxv.
2165 4972 2316 5027 Patri
2357 4987 2458 5028 suo
2492 4971 2810 5026 Mathusalae
2839 4977 3199 5041 praemortuus
3227 4975 3312 5022 est

1740 5061 2080 5127 Lamechus,
2131 5070 2418 5134 postquam
2483 5061 2696 5116 vixerat
2771 5073 2946 5132 usque
3010 5055 3079 5114 ad
3133 5074 3310 5113 nxxxv

1811 5224 1923 5297 (Hi)
1961 5224 2119 5297 Alius
2145 5221 2318 5297 codex
2350 5238 2512 5278 cxxx.

1806 5294 1918 5365 (17)
1946 5296 2031 5349 Al.
2062 5294 2210 5359 cod.,
2237 5295 2436 5347 Azora.

1836 5367 1922 5430 18)
1945 5367 2032 5420 Al.
2079 5365 2227 5429 cod.,
2257 5379 2520 5420 peccem.

1833 5436 1921 5506 19)
1948 5436 2036 5506 Al.
2062 5436 2212 5506 cod.,
2255 5436 2523 5490 Bavacha.

1805 5500 1920 5580 (Ξο)
1971 5504 2153 5580 Codex
2213 5522 2358 5562 unus
2394 5506 2585 5580 armis,
2605 5505 2812 5562 omisso
2861 5517 3131 5580 numero,
3167 5500 3312 5580 alius

1735 5574 1997 5635 mendose
2027 5578 2181 5631 annis
2204 5592 2366 5631 Lxxx.
2394 5575 2596 5632 Verum
2638 5575 2955 5644 supputatio
2979 5575 3140 5644 docet
3167 5574 3311 5627 serio

1733 5649 1973 5706 bendum
2021 5662 2130 5702 xiv.
2195 5645 2525 5703 Conferatur
2565 5640 2836 5702 Eusebius
2877 5643 2982 5698 col.
3034 5640 3135 5697 1ιῖ
3179 5656 3306 5698 cum

1732 5734 1789 5773 ιι.
1827 5719 1877 5772 1.
