3810 6348
441 355 541 410 611

447 571 592 616 anno
629 575 885 615 DCCXXIII.

519 649 586 706 X.
628 651 881 704 Noaclius
912 662 1085 702 annos
1116 652 1278 700 natus
1309 661 1342 698 ι)
1371 644 1558 714 genuit
1590 641 2008 706 Semum,‘Cha-

447 758 597 796 mum
655 751 816 811 atque
857 739 1108 810 Japetum
1157 753 1187 792 e
1238 735 1532 790 Noemzara
1567 734 1942 803 conjugesua
1993 748 2007 783 :

449 835 692 902 vixitque
731 831 906 885 adhuc
943 829 1100 883 anuis
1140 843 1169 881 c
1218 842 1390 897 usque
1429 826 1494 879 ad
1538 825 1800 879 diluvium
1843 840 1856 874 :
1891 831 2014 892 post

451 926 712 980 diluvium
773 930 953 975 autem
1019 919 1178 974 annis
1234 933 1386 972 (κει.
1439 914 1584 971 Obiit
1640 915 1816 970 astatis
1872 927 2014 967 anno

451 1029 668 1071 νείκει..
714 1014 796 1068 Ab
839 1011 1058 1066 Enocho
1102 1011 1370 1064 translato
1421 1024 1592 1077 usque
1633 1008 1704 1061 ad
1753 1006 2014 1061 diluvium

451 1103 824 1176 generationes
896 1111 1008 1155 tres
1071 1101 1308 1168 annique
1370 1113 1536 1152 nccnv
1605 1103 2012 1152 coacervantur.

450 1199 535 1251 Ab
585 1198 791 1250 Adamo
852 1191 1460 1264 autemgenerationes
1512 1190 1719 1256 decem,
1783 1189 2018 1258 annique

452 1303 729 1343 ιηιεωωι.

1071 1396 1301 1454 CAPUT
1341 1395 1407 1451 II.

455 1492 586 1557 Quae
641 1491 778 1545 ratio
843 1500 1150 1560 temporum,
1188 1484 1638 1560 scribatunapud
1683 1467 2024 1560 Septuaginta

493 1561 805 1629 Interpretes
833 1578 865 1614 a
896 1555 1052 1615 sema
1085 1558 1151 1612 ad
1185 1573 1380 1611 annum
1409 1555 1698 1609 Abraltami
1727 1555 1976 1623 primum.

523 1653 616 1706 XI.
651 1652 845 1706 Semus
863 1666 1036 1706 annos
1061 1662 1220 1704 natus
1239 1663 1268 1702 c
1289 1647 1472 1718 genuit
1488 1644 1858 1715 Arphaxadem
1884 1664 2027 1704 anno

460 1745 635 1798 altero
680 1752 802 1812 post
841 1743 1104 1797 diluvium
1155 1757 1185 1795 e
1220 1736 1563 1792 Dizaclibade
1605 1737 1833 1808 conjuge
1876 1755 1973 1793 sua
2010 1759 2024 1793 :

457 1835 700 1904 vixitque
731 1835 906 1888 adhuc
937 1835 1097 1888 annis
1128 1848 1181 1887 ι).
1211 1831 1409 1886 Genuit
1435 1828 1574 1882 ﬁlios
1605 1835 1658 1882 et
1691 1831 1848 1886 tilias.
1878 1829 2026 1890 Obiit

458 1925 632 1978 aetatis
665 1939 807 1978 anno
837 1938 922 1976 nc.

529 2011 641 2065 XII.
671 2013 1024 2082 Arpltaxades
1048 2028 1218 2068 annos
1245 2023 1406 2070 nattts
1431 2030 1607 2070 cxxxv
1632 2017 1817 2087 genuit
1845 2015 2025 2069 Salam

458 2119 529 2157 ex
587 2101 795 2156 Rabuia
849 2102 1079 2172 conjuge
1133 2120 1228 2159 sua
1284 2124 1298 2158 :
1351 2107 1590 2174 vixitque
1642 2106 1818 2161 adhuc
1870 2106 2029 2159 annis

462 2208 674 2247 CCCCIII.
733 2192 929 2248 Geuuit
977 2195 1115 2249 ﬁlios
1160 2202 1215 2249 et
1272 2195 1430 2252 ﬁlias.
1471 2196 1616 2252 Obiit
1663 2198 1840 2252 aetatis
1887 2211 2029 2250 anno

468 2297 737 2336 DXXXVIII.

537 2372 674 2428 XIII.
719 2373 843 2427 Sala
895 2388 1064 2429 annos
1110 2384 1271 2432 natus
1308 2391 1448 2432 cxxx
1490 2377 1675 2449 genuit
1703 2377 1968 2432 IIeberum
2002 2393 2032 2433 e

467 2462 659 2517 Mucha
680 2464 908 2534 conjuge
929 2480 1025 2520 sua
1045 2483 1057 2518 :
1077 2466 1316 2536 vixitque
1339 2468 1515 2522 adhuc
1537 2469 1694 2523 annis
1719 2483 1897 2522 ccccvt
1921 2468 2032 2538 (2|)

467 2572 643 2624 usque
675 2557 739 2610 ad
769 2573 841 2610 vn
871 2574 1070 2611 annum
1105 2558 1353 2614 Seruclii.
1385 2559 1586 2615 Genuit
1615 2561 1754 2616 ﬁlios
1781 2570 1836 2616 et
1871 2561 2030 2616 ﬁlias.

466 2647 611 2703 Obiit
639 2649 813 2704 aetatis
839 2647 993 2704 anno
1012 2667 1230 2704 nxxxvr.

535 2739 675 2794 XIV.
710 2740 952 2795 IIebertts
990 2757 1164 2797 annos
1197 2752 1360 2796 natus
1401 2756 1599 2796 cxxxtv
1624 2741 1811 2812 genuit
1842 2740 2034 2794 Phale-

467 2846 590 2886 cum
630 2848 661 2886 e
711 2831 858 2886 Zuba
900 2833 1130 2902 conjuge
1176 2849 1274 2888 sua
1325 2853 1338 2889 :
1378 2835 1616 2903 vixitque
1663 2833 1840 2887 adhuc
1882 2833 2039 2886 annis

468 2940 770 2978 ccccxxxtn
793 2941 967 2994 usque
997 2925 1061 2977 ad
1093 2941 1295 2978 xxxvut
1327 2940 1529 2981 annum
1555 2924 1811 2995 Nac‘bori.
1841 2923 2039 2980 Genuit

470 3015 610 3068 ﬁlios
629 3024 681 3069 et
710 3016 866 3071 ﬁlias.
899 3014 1044 3070 Obiit
1071 3017 1246 3071 :etatis
1273 3013 1419 3070 anno
1448 3032 1652 3070 oLxVIt.

1491 342 1833 400 APPENDIX
1869 343 1961 396 AD
1995 338 2266 397 EUSEBII
2292 334 2705 393 CIIRONICON.

445 485 646 526 annum
679 467 904 524 Noachi.
939 465 1136 523 Genuit
1179 464 1319 519 ﬁlios
1361 469 1414 518 et
1450 461 1609 518 ﬁlias.
1643 460 1792 516 Obiit
1827 457 2002 514 aetatis
2033 462 2076 517 Α
2105 470 2221 508 ram
2280 469 2347 508 ex
2401 451 2588 507 Iescha
2663 448 2895 518 conjuge
2967 460 3065 502 sua
3127 461 3140 495 :

3571 326 3688 382 6H

3201 444 3441 514 vixitque
3494 444 3687 499 adhuc

2110 546 2266 600 annis
2293 560 2418 600 cxnx
2450 558 2622 612 usque
2649 541 2715 595 ad
2747 556 2869 594 χιιι
2901 553 3101 593 annum
3130 537 3446 591 Abrahami.
3477 535 3692 592 Genuit

2111 636 2250 691 ﬁlios
2284 644 2339 690 et
2373 635 2527 688 ﬁlias.
2560 631 2705 688 Obiit
2727 632 2900 685 aetatis
2929 644 3072 684 anno
3099 643 3323 683 cxcvttt.

2182 725 2320 779 XIX.
2350 723 2526 778 Thara
2558 737 2730 777 annos
2757 730 2918 775 natus
2951 736 3055 774 LXX
3090 719 3274 788 genuit
3305 719 3692 774 Abrahamum

2113 835 2179 874 ex
2239 817 2389 871 Edna
2437 815 2665 884 conjuge
2715 828 2851 878 sua;
2901 813 3144 881 vixitque
3202 826 3375 881 usque
3427 810 3495 864 ad
3542 825 3696 865 xxxv

2115 923 2316 962 annum
2353 905 2543 970 Isaaci,
2583 919 2776 973 nempe
2817 901 3084 973 superfuit
3132 902 3291 955 annis
3331 915 3532 954 cxxxv.
3584 898 3698 954 Geo

2115 1003 2232 1056 nuit
2262 999 2401 1054 ﬁlios
2432 1007 2485 1054 et
2512 997 2670 1052 ﬁlias.
2693 996 2838 1051 Obiit
2860 995 3037 1050 Tliara
3067 995 3244 1050 aetatis
3269 1009 3414 1048 anno
3438 1009 3564 1049 ccv.

2187 1089 2305 1145 XX.
2355 1089 2574 1145 Primus
2628 1089 2919 1144 Abraliami
2969 1104 3166 1144 annus.
3226 1087 3609 1143 Conﬁciuntur
3664 1103 3698 1142 ιι

2117 1184 2320 1239 diluvio
2370 1197 2543 1252 usque
2585 1182 2651 1236 ad
2695 1197 2895 1236 annum
2945 1181 3181 1251 primum
3224 1180 3518 1234 Abrahami
3567 1195 3700 1250 pro-

2120 1273 2428 1328 creationes
2479 1287 2672 1328 novetn
2730 1271 2966 1339 annique
3015 1283 3314 1323 nccccxut.
3357 1269 3441 1323 Ab
3483 1269 3701 1323 Adamo

2121 1374 2302 1421 autem
2347 1365 2764 1436 procreationes
2799 1378 2888 1415 xtx
2932 1361 3168 1430 annique
3213 1375 3591 1422 IIICLXXXIV,
3625 1360 3702 1412 ita

2122 1470 2183 1516 ut
2227 1459 2569 1513 Abraliamus
2617 1456 2671 1510 in
2713 1453 2968 1509 vicesinta
3011 1453 3392 1524 procreatione
3433 1453 3527 1508 sit.
3574 1450 3706 1506 Ilaec

2126 1552 2343 1622 quidem
2396 1547 2696 1605 secundum
2741 1545 3096 1618 Septuaginta
3125 1543 3382 1599 Virorum
3425 1543 3708 1613 interpre-

2125 1645 2400 1698 tationem.

2728 1751 2956 1808 CAPUT
3003 1750 3093 1806 III.

2376 1846 2453 1901 De
2479 1847 2716 1901 Cainano
2743 1856 2792 1899 et
2823 1846 2945 1899 aliis
2973 1841 3284 1914 quibusdam
3315 1840 3454 1909 (25).

2201 1941 2252 1994 1.
2293 1937 2448 1993 Haud
2487 1938 2645 2008 pauci
2679 1937 2958 1992 enimvero
2998 1932 3409 2005 prudentissimi
3452 1929 3711 1986 historici

2129 2034 2193 2086 ad
2229 2031 2658 2102 procreationem
2690 2043 3062 2096 annorumque
3092 2040 3377 2080 numerum
3399 2023 3711 2078 Cainanum

2130 2119 2433 2189 adjungunt
2483 2133 2606 2171 cum
2668 2117 2826 2170 annis
2884 2131 3033 2181 cxx;
3101 2128 3335 2182 eumque
3390 2111 3549 2166 aiunt
3606 2111 3716 2164 Ar-

2131 2208 2376 2278 pliaxade
2409 2215 2595 2260 natum
2637 2203 2881 2274 Salaeque
2910 2209 3210 2273 parentem.
3241 2199 3374 2256 Rem
3407 2206 3590 2254 autem
3623 2200 3701 2253 ita

2131 2300 2450 2354 describunt
2490 2317 2502 2352 :
2540 2295 2892 2366 Arpliaxades
2937 2309 3107 2348 annos
3171 2301 3337 2347 natus
3378 2307 3603 2346 cxxxvn
3646 2307 3716 2344 ex

2132 2389 2338 2445 Itabuia
2395 2405 2564 2444 uxore
2628 2405 2725 2444 sua
2781 2387 2966 2458 genuit
3022 2385 3323 2439 Cainanum
3398 2401 3411 2435 :
3478 2395 3719 2450 cumque

2134 2482 2311 2536 adhuc
2339 2480 2498 2534 annis
2531 2493 2725 2534 ccccut
2756 2477 2998 2537 vixisset,
3034 2476 3339 2531 exstinctus
3367 2480 3474 2529 est.
3514 2472 3720 2527 Caina-

2133 2588 2238 2626 nus
2269 2585 2440 2624 annos
2473 2577 2632 2623 natus
2661 2583 2765 2643 cxx
2794 2566 2972 2620 Salam
3003 2581 3034 2620 e
3066 2564 3239 2619 Secha
3262 2578 3433 2617 uxore
3465 2577 3565 2618 sua
3590 2577 3718 2616 sus-

2135 2663 2321 2732 cepit:
2362 2677 2595 2731 cumque
2635 2661 2811 2715 adhuc
2863 2659 3022 2714 annis
3061 2670 3422 2712 ccccxxxxvu
3462 2654 3716 2716 vixisset,

2135 2755 2288 2809 obiit.
2319 2754 2490 2809 Porro
2518 2753 2682 2822 hujus
2711 2753 2789 2806 rei
2825 2753 3056 2808 testibus
3088 2757 3313 2805 utuntur
3335 2746 3722 2803 celeberrimis

2137 2845 2579 2914 doctissimisque
2607 2845 2774 2907 viris,
2822 2843 3055 2914 Origene
3096 2843 3302 2898 scilicet
3339 2838 3723 2909 Gregoriouue

2139 2933 2414 3004 Tlieologo
2449 2943 2610 3003 atque
2637 2933 2938 3003 Epiphanio
2965 2933 3162 3003 Cyprio
3202 2951 3214 2986 :
3249 2933 3358 2985 imo
3398 2931 3539 2984 adeo
3572 2927 3722 2982 Luca

2140 3025 2468 3095 evangelista
2495 3024 2666 3079 sancti
2697 3023 2934 3093 Spiritus
2965 3023 3142 3093 pleno,
3177 3020 3267 3092 qui
3297 3021 3448 3073 illum
3473 3019 3528 3072 in
3563 3031 3722 3072 suam

540 3104 658 3158 XV.
691 3104 954 3162 Pbalecus
997 3122 1168 3162 annos
1213 3115 1374 3161 natus
1400 3121 1598 3160 cxvxtv
1639 3105 1823 3176 genuit
1861 3105 2038 3176 Baga-

2160 3116 2512 3186 ;enealogiam
2562 3115 2740 3168 intulit
2777 3113 2910 3184 (24).
2947 3113 3020 3168 De
3063 3114 3253 3167 borum
3286 3127 3415 3182 ergo
3450 3109 3724 3165 sententia

471 3212 596 3249 vum
640 3212 670 3250 e
710 3196 870 3250 Ziura
909 3199 1139 3267 conjuge
1188 3212 1284 3252 sua
1329 3216 1342 3250 :
1383 3197 1622 3266 vixitque
1668 3185 1845 3250 adhuc
1887 3197 2043 3252 annis

471 3303 594 3342 acut
638 3304 813 3357 usque
863 3287 930 3341 ad
961 3304 1138 3342 Lxxvtt
1178 3287 1288 3358 (22)
1321 3302 1523 3340 annum
1569 3286 1818 3343 Seruchi.
1853 3286 2048 3342 Genuit

475 3381 616 3436 ﬁlios
646 3389 700 3435 et
749 3379 908 3435 ﬁlias.
956 3379 1100 3434 Obiit
1140 3381 1318 3434 anatis
1359 3394 1502 3433 anno
1539 3393 1791 3434 ccchnI.
1834 3379 2048 3436 Phaleci

471 3481 629 3529 aetate
693 3481 836 3528 terra
883 3473 1057 3528 divisa
1107 3481 1189 3526 est
1226 3487 1239 3524 :
1275 3473 1399 3525 nam
1441 3481 1494 3525 et
1525 3469 1789 3525 Phalecus
1822 3471 2046 3526 divisio-

476 3582 601 3620 nem
637 3566 926 3635 signilicat.
959 3563 1067 3618 Iste
1109 3563 1327 3632 quidem
1379 3562 1514 3632 patri
1561 3578 1660 3617 suo
1695 3573 2051 3632 prauum-tuus

473 3667 577 3714 est.
627 3655 688 3710 In
733 3657 978 3725 ejusdem
1028 3662 1242 3709 aetatem
1299 3656 1466 3708 turris
1508 3669 1724 3723 quoque
1775 3654 2048 3723 Opiﬁeium

477 3748 666 3804 incidit
708 3764 722 3800 :
755 3749 991 3817 itemque
1031 3747 1275 3816 loquela},
1310 3759 1430 3813 quae
1461 3757 1686 3799 eatenus
1716 3760 1821 3798 una
1859 3746 2048 3810 fuerat,

479 3839 535 3894 in
563 3837 825 3908 plurimas
861 3837 1123 3891 dialectos
1154 3849 1250 3905 pro
1282 3849 1509 3912 numero
1543 3835 1780 3888 tribuunt
1811 3834 2004 3888 divisio
2035 3850 2048 3884 :

481 3946 590 4001 qua
679 3945 841 3999 super
907 3945 964 3982 re
1032 3944 1156 3983 cum
1218 3927 1401 3981 divina
1462 3925 1744 3995 Scriptura
1803 3926 2052 3980 historici

481 4023 696 4077 externi
737 4023 1106 4076 consentiunt.
1145 4019 1521 4076 Conﬁeiontur
1559 4019 1740 4090 itaque
1784 4035 1814 4072 a
1852 4020 2054 4073 diluvio

487 4128 661 4182 usque
704 4113 770 4166 ad
825 4112 1016 4166 turrim
1065 4110 1472 4180 procreationes
1528 4111 1767 4179 quinque
1819 4110 2056 4179 annique

485 4219 648 4260 bxxv.
692 4203 774 4257 Ab
812 4202 1018 4258 Adamo
1067 4211 1248 4256 autem
1301 4201 1707 4272 procreationes
1745 4201 2055 4271 quindecim

486 4294 722 4363 annique
750 4308 1096 4348 unoccuvu.
1244 4293 1246 4296 ’

557 4385 696 4442 XVI.
728 4383 859 4441 Post
906 4384 1197 4440 Phalecum
1241 4399 1368 4438 vero
1409 4382 1661 4454 Bagavus
1700 4397 1871 4437 annos
1894 4390 2056 4438 natus

2144 3200 2486 3255 Abt‘aliamus
2516 3201 2732 3270 quidem
2773 3201 3091 3254 vicesimum
3121 3199 3350 3268 primum
3388 3197 3567 3250 locum
3597 3202 3725 3263 post

2143 3294 2409 3348 Adamum
2456 3301 2707 3362 occupat.
2759 3291 2982 3346 Summa
3022 3299 3201 3346 autem
3239 3303 3542 3347 annorum,
3582 3301 3725 3355 quos

2148 3385 2414 3440 ELsebius
2475 3387 2542 3440 ab
2592 3383 2801 3437 Adamo
2853 3384 2918 3437 ad
2956 3381 3324 3435 Abraliamum
3372 3392 3727 3432 unuCLxxxtv

2149 3477 2357 3538 scribit,
2391 3475 2456 3529 ad
2485 3488 2757 3527 uuucccw
2791 3472 3094 3541 consurgit.

2217 3568 2270 3621 2.
2315 3566 2540 3636 Insuper
2575 3573 2630 3620 et
2670 3565 2845 3620 Moses
2878 3563 3244 3619 Chorenensis
3288 3562 3728 3636 comparativum

2148 3660 2474 3713 latet-culum
2509 3658 2786 3712 instruens
2826 3657 3076 3726 stirpium
3109 3671 3274 3726 quam
3301 3659 3479 3712 tribus
3508 3659 3719 3714 Noacbi

2151 3751 2276 3805 ﬁliis
2329 3750 2397 3804 ad
2438 3749 2805 3803 Abrahamum
2857 3763 3034 3819 usque
3089 3748 3428 3818 pertingunt,
3476 3753 3728 3806 eumdem

2151 3840 2515 3912 patriarcham
2538 3840 2841 3894 Cainanum
2878 3839 2934 3893 in
2965 3853 3123 3894 suam
3153 3839 3441 3892 historiam
3479 3841 3732 3896 inseren-

2151 3934 2279 3987 dum
2323 3932 2565 3995 curavit,
2617 3939 2874 4001 quartum
2911 3947 2938 3985 a
2975 3930 3195 3985 Noaeho
3243 3939 3300 3987 ct
3338 3948 3367 3985 a
3408 3932 3571 3989 Senio
3615 3942 3728 3990 ter-

2155 4027 2290 4080 tium
2327 4042 2340 4079 :
2377 4027 2673 4094 eademque
2713 4026 2927 4080 ratione
2974 4023 3196 4077 Thiram
3243 4039 3272 4077 a
3303 4023 3528 4080 Noacho
3561 4041 3729 4096 quar-

2154 4124 2291 4179 tum,
2343 4116 2565 4170 tertium
2627 4125 2807 4169 autem
2867 4131 2896 4169 a
2953 4113 3177 4168 Iabetlio
3230 4130 3243 4165 :
3315 4123 3430 4169 tum
3495 4117 3732 4186 denique

2157 4207 2527 4261 Mestraimum
2593 4211 2848 4274 quartum
2909 4219 2938 4257 a
2995 4203 3258 4271 Noaclio,
3313 4204 3645 4278 tertiumque
3700 4223 3730 4260 a

2155 4299 2361 4354 Cltamo
2398 4296 2547 4351 dicit.
2579 4295 2698 4362 Qua
2729 4297 2796 4352 de
2820 4313 2881 4351 re
2912 4297 3051 4351 idem
3081 4295 3260 4351 Moses
3288 4296 3590 4352 historicus
3630 4298 3734 4353 hoc

2155 4396 2317 4460 pacto
2354 4389 2545 4444 scribit
2585 4390 2698 4461 (9.5)
2731 4407 2748 4446 :
2788 4408 2806 4441 ε
2842 4388 3086 4443 Arduum
3128 4390 3338 4445 scilicet
3375 4403 3522 4454 esse,
3567 4392 3732 4445 ratio.

485 4495 662 4536 cxxxv
692 4479 878 4550 genuit
909 4478 1212 4533 Seruchum
1233 4495 1264 4533 e
1291 4475 1431 4532 Sura
1464 4476 1690 4545 conjuge
1716 4490 1815 4528 sua
1849 4493 1862 4528 :
1896 4475 2054 4528 vixit-
2085 4484 2129 4539 ι)
2159 4497 2281 4536 nem
2341 4489 2646 4550 temporum
2721 4482 2845 4536 inde
2897 4495 3069 4551 usque
3123 4482 3221 4536 abs
3287 4496 3473 4535 rerum
3524 4484 3734 4553 origine

487 4588 594 4643 que
655 4573 835 4627 adhuc
883 4575 1042 4626 annis
1079 4584 1222 4625 ccvu
1283 4583 1458 4638 usque
1507 4568 1572 4620 ad
1621 4581 1803 4620 Lxxvn
1851 4579 2053 4619 annum

488 4663 743 4720 Nacliori.
782 4661 981 4719 Genuit
1021 4663 1162 4716 ﬁlios
1211 4667 1266 4715 et
1315 4659 1476 4714 ﬁlias.
1516 4657 1660 4712 Obiit
1699 4658 1876 4712 aetatis
1913 4670 2057 4710 anno

488 4771 616 4811 CCCX
625 4771 719 4810 LII.

559 4847 718 4900 XVII.
762 4845 1038 4902 Seruchus
1062 4858 1238 4898 annos
1267 4850 1430 4896 natus
1459 4855 1599 4894 cxxx
1636 4841 1820 4910 genuit
1847 4838 2060 4894 Nacho-

493 4956 615 4994 rum
644 4956 676 4994 e
705 4939 909 4994 Melcha
944 4938 1177 5006 conjuge
1220 4948 1318 4990 sua
1354 4951 1368 4988 :
1399 4933 1642 5002 vixitque
1679 4933 1857 4987 adhuc
1899 4933 2058 4988 annis

492 5049 554 5088 cc
596 5048 769 5102 usque
811 5032 880 5086 ad
914 5045 966 5084 ιι
997 5043 1200 5082 annum
1248 5025 1559 5080 Abrahami.
1608 5023 1805 5079 Genuit
1839 5025 1976 5079 ﬁlios
2005 5031 2059 5078 et

494 5125 651 5179 ﬁlias.
681 5124 830 5178 Obiit
859 5122 1037 5176 aetatis
1069 5133 1214 5173 anno
1241 5132 1472 5173 cccxxx.

564 5214 748 5270 XVIII.
780 5212 1068 5266 Nachorus
1103 5225 1277 5264 annos
1317 5217 1478 5264 natus
1508 5223 1676 5263 Lxxtx
1704 5208 1892 5278 genuit
1917 5208 2059 5262 Tha-

593 5411 683 5471 21)
708 5409 793 5465 Al.
817 5409 966 5471 cod.,
994 5424 1324 5465 ccccexxxx.

593 5481 683 5540 ‘22)
714 5483 796 5533 Al.
821 5481 968 5540 cod.,
1001 5496 1161 5535 Lxxv.

574 5551 686 5619 (23)
717 5549 851 5619 Exin
877 5551 1114 5619 capitum
1157 5551 1344 5607 titulos
1369 5567 1471 5606 nos
1501 5551 1780 5605 addemus.

577 5617 850 5690 (2t)rCum
883 5617 982 5674 nos
1018 5619 1320 5676 Samuelem
1352 5622 1543 5690 paucis
1571 5621 1858 5690 admodum
1903 5619 2065 5690 adno-

505 5689 801 5760 tationibus
830 5691 1206 5746 illustrandum
1227 5689 1643 5760 sumpserimus,
1674 5689 1818 5759 quod
1844 5689 2062 5760 quidem

507 5756 577 5809 ad
607 5758 746 5812 hunc
773 5761 1036 5815 famosum
1073 5762 1140 5816 de
1177 5756 1422 5816 Cainaito
1449 5762 1625 5816 locum
1655 5756 2062 5826 attinet,_lecto-

2157 4572 2490 4640 exploratam
2547 4571 2748 4627 habere
2807 4581 2970 4641 atque
3016 4571 3272 4641 colligere
3318 4586 3330 4622 :
3383 4573 3557 4626 multo
3603 4589 3731 4628 vero

2159 4661 2449 4722 dilIicilius,
2481 4661 2628 4731 ipsas
2669 4662 2935 4715 hominum
2968 4661 3297 4730 propagines
3331 4671 3734 4732 consequenter

2160 4767 2190 4806 a
2218 4753 2390 4806 tribus
2417 4749 2622 4806 Noachi
2651 4754 2838 4809 liberis
2862 4754 3246 4822 pervestigare.
3279 4751 3732 4825 Quandoquidem

2159 4851 2214 4898 et
2243 4841 2441 4896 divina:
2471 4842 2680 4904 litteraa,
2714 4843 2921 4896 delecta
2951 4856 3036 4904 ea,
3062 4855 3183 4909 quae
3214 4840 3278 4893 ad
3312 4854 3372 4894 se
3402 4843 3729 4910 pertinebat,

2162 4933 2307 4990 Semi
2330 4934 2608 5004 prosapia,
2633 4934 2969 5002 reliquarum
2995 4932 3199 4985 nullam
3223 4936 3494 4987 rationem
3529 4933 3729 4988 habue-

2159 5037 2304 5080 runt.
2346 5035 2604 5095 tanquam
2631 5031 2932 5093 Spretarum
2955 5023 3201 5078 videlicet
3231 5037 3408 5090 neque
3443 5021 3728 5092 dignarum

2160 5131 2279 5186 qua:
2307 5117 2360 5169 in
2389 5115 2654 5169 orationis
2677 5128 2788 5169 sua:
2807 5121 3010 5167 textum
3038 5112 3459 5167 insererentur.»
3488 5110 3728 5168 Rursus-

2162 5221 2268 5278 que
2301 5209 2374 5261 ait
2407 5227 2422 5262 :
2459 5226 2478 5257 ι
2522 5205 2671 5262 Licet
2689 5205 2743 5261 id
2771 5205 2824 5259 in
2857 5204 3008 5260 nullo
3039 5202 3507 5273 interpretationis
3534 5212 3732 5258 nostra:

2166 5433 2255 5472 res
2285 5423 2507 5469 nostros
2535 5409 2602 5465 ad
2639 5409 2940 5466 Calmetum
2974 5407 3030 5459 in
3058 5402 3182 5459 Gen.
3217 5417 3274 5465 x,
3307 5400 3403 5464 ει,
3434 5411 3491 5458 et
3518 5402 3584 5456 ad
3618 5401 3732 5456 Mil-

2167 5487 2297 5540 lium
2329 5487 2382 5538 in
2411 5483 2542 5537 Luc.
2575 5497 2658 5544 III,
2687 5479 2776 5542 56,
2803 5479 3033 5532 libenter
3056 5475 3391 5541 ablegamus,
3423 5474 3731 5544 apudquos

2164 5565 2217 5611 et
2267 5556 2434 5624 prisci
2468 5543 2658 5605 Patres
2697 5555 2750 5603 et
2787 5545 3034 5603 hodierni
3080 5544 3512 5600 critici'abunde
3549 5543 3732 5613 disput-

2164 5633 2300 5679 tant.

2238 5692 2350 5766 (25)
2384 5689 2528 5748 Hist.
2565 5707 2604 5755 ι,
2631 5690 2684 5743 ι.
