3810 6296
80 330 158 384 613
865 323 1211 381 SAMUELIS
1250 297 1566 381 ANIENblS
1607 324 1945 381 SUMMARH
1983 323 2371 382 TEMPORUM
2411 323 2589 382 PARS
2625 323 2666 382 1.

73 442 319 512 exemplari
351 453 649 499 exaratum
683 455 953 506 occurrat,
984 459 1161 513 neque
1203 444 1258 497 in
1295 443 1408 498 ullo
1442 443 1618 498 Chro-
1649 448 1696 506 Α
1795 442 1882 498 Vl.

75 542 170 590 nico
196 542 394 594 exstet.
429 543 803 604 praeterquam
834 535 973 604 apud
1019 535 1293 590 eruditum
1326 536 1616 603 quemdam

73 628 485 698 mgeniosumque
566 625 766 698 Syrum
858 628 1182 694 hominem;
1259 629 1619 684 nihilominus

75 721 202 790 plane
237 720 393 775 nobis
445 728 718 775 constare
768 719 1137 774 Mestraimum
1185 720 1433 775 eumdem
1497 736 1620 776 esse

70 816 199 878 atque
232 808 618 872 Mezraimum,
671 810 762 880 qui
804 809 1021 879 quidem
1070 809 1339 881 Azgyptus
1384 811 1617 877 videtur,

71 901 128 951 uti
171 897 471 954 Nebrothus
533 899 700 954 Belus
745 909 848 955 est.
897 919 917 952 ι
967 899 1086 954 Jam
1120 909 1174 956 et
1217 902 1412 955 harum
1454 904 1621 956 trium

68 991 269 1060 gentium
299 991 380 1046 sic
413 991 750 1047 latcrculum
776 992 992 1062 digerit.

151 1081 329 1138 Semus
408 1121 425 1136 .
511 1120 528 1136 .
608 1081 848 1138 Chamus
895 1124 910 1138 .
985 1122 1002 1137 .
1082 1124 1099 1137 .
1172 1083 1455 1140 Jabethus.

147 1175 528 1246 Arphaxades.
607 1176 823 1231 Chusus
897 1218 912 1233 .
990 1215 1008 1231 .
1088 1215 1104 1230 .
1182 1177 1469 1233 Gamerus.

145 1266 426 1320 Cainanus.
517 1307 532 1320 .
615 1265 961 1321 Mestraimus
1001 1305 1014 1318 .
1094 1309 1110 1324 .
1190 1267 1376 1322 Thira.

146 1357 256 1410 Sala
313 1396 329 1411 .
410 1397 423 1410 .
513 1397 528 1410 .
608 1357 920 1414 Nebrothus
996 1399 1010 1412 .
1091 1401 1103 1413 .
1181 1359 1546 1430 Thorgomus.

151 1447 422 1503 Heberus.
513 1491 528 1505 .
611 1449 808 1505 Babius
900 1491 914 1504 .
993 1490 1006 1504 .
1087 1491 1098 1504 .
1179 1449 1403 1506 Ilaicus.

143 1539 416 1597 Phalecus.
511 1581 524 1594 .
608 1542 812 1597 Anebis
901 1585 912 1596 .
993 1583 1007 1597 .
1087 1583 1099 1595 .
1177 1542 1532 1597 Armenacus.

143 1633 422 1703 Ragavus.
511 1676 526 1689 .
605 1633 838 1690 Arbelus
897 1674 911 1690 .
990 1676 1005 1688 .
1086 1675 1102 1690 .
1173 1635 1410 1690 Armais.

145 1726 430 1783 Seruchus.
519 1769 532 1782 .
611 1727 862 1783 Chzealus
901 1767 916 1782 .
996 1767 1010 1781 .
1090 1765 1105 1780 .
1182 1727 1426 1781 Amasia.

143 1818 440 1876 Nachorus.
511 1861 526 1874 .
605 1819 838 1876 Arbelus
899 1860 913 1874 .
991 1860 1007 1875 .
1087 1859 1102 1874 .
1179 1819 1458 1874 Gelamus.

141 1908 324 1964 Thara.
411 1951 426 1966 .
507 1953 523 1966 .
603 1910 818 1966 Ninus.
898 1953 910 1965 .
990 1953 1002 1966 .
1082 1951 1097 1965 .
1173 1909 1395 1966 "arma.

148 2003 526 2059 Abrahamus.
604 2003 810 2075 Ninyas
900 2044 915 2059 .
994 2043 1008 2058 .
1090 2045 1104 2058 .
1179 2003 1433 2058 Aranms.

113 2093 157 2145 3.
203 2092 404 2149 Deinde
431 2095 588 2148 addit
631 2113 644 2150 :
697 2113 716 2145 ι
756 2095 812 2149 ln
841 2094 1032 2149 Chami
1079 2095 1297 2166 quidem
1335 2109 1509 2163 usque
1557 2094 1626 2148 ad

64 2182 221 2236 Ninum
248 2186 520 2255 progenie
562 2200 760 2248 annos,
793 2186 993 2254 quibus
1021 2187 1253 2256 quisque
1282 2185 1616 2255 procreavit,

63 2286 293 2342 nusquam
337 2291 649 2345 expressos
679 2275 929 2358 reperiri,
972 2277 1053 2331 vel
1095 2276 1161 2329 ad
1195 2291 1295 2330 nos
1329 2284 1478 2330 certe
1511 2291 1622 2330 non

62 2366 338 2432 pervenisse
371 2385 385 2418 :
422 2375 546 2419 tum
581 2373 639 2421 et
683 2366 751 2420 de
780 2367 1008 2422 Jabetho
1036 2376 1224 2422 nostro
1253 2368 1387 2422 satis
1414 2379 1623 2422 certum

63 2455 168 2506 nihil
207 2455 390 2521 tradi;
447 2456 814 2512 nihilominus
855 2462 1161 2524 exposltum
1207 2457 1402 2511 harum
1455 2457 1623 2510 trium

63 2544 351 2601 familiarum
387 2564 574 2619 genus
603 2555 832 2603 eatenus
865 2565 987 2604 esse
1028 2549 1395 2612 verissimum,
1435 2558 1626 2619 quate-

64 2651 141 2690 uus
181 2640 600 2706 procreationes
651 2639 902 2694 undecim
950 2649 1079 2696 sunt
1121 2656 1296 2710 usque
1339 2641 1406 2694 ad
1449 2640 1623 2693 Abra-

64 2725 282 2791 haiuum,
357 2729 604 2801 Ninyam
671 2739 834 2800 atque
875 2730 1155 2786 Aramum.
1221 2734 1411 2790 Araeus
1479 2738 1624 2790 enim

63 2820 406 2877 duodecimum
455 2825 646 2878 locum
688 2824 899 2879 obtinet
922 2828 1307 2897 posteriorque
1331 2827 1471 2883 Nino
1492 2838 1572 2884 est
1606 2846 1618 2881 :

63 2909 274 2982 idemque
305 2916 514 2970 acerba
544 2923 705 2970 aetate
749 2927 974 2971 mortem
1009 2919 1143 2972 obiit
1187 2934 1216 2971 a
1264 2918 1624 2976 Samiramide

63 3019 222 3060 casus.
265 3025 284 3057 ι
323 3007 401 3062 De
434 3008 529 3062 his
559 3015 748 3062 autem
785 3007 927 3062 haud
963 3019 1047 3064 est
1077 3026 1176 3063 cur
1204 3013 1492 3081 quisquam
1521 3011 1624 3065 du-

3196 325 3303 382 διι

2545 445 2802 501 Davonus
2831 446 2972 502 saris
2995 463 3049 500 ι.

2455 577 2467 589 .
2545 537 2967 594 Evendorachus
2985 537 3126 594 saris
3142 553 3300 597 svnt.

2451 671 2464 684 .
2542 631 2930 701 Amempsinus
2963 632 3106 686 saris
3138 649 3191 686 ι.

1792 718 1882 773 IX.
1969 719 2272 774 Lamechus
2348 760 2362 776 .
2444 760 2458 773 .
2538 719 2774 776 Otiartes
2806 723 2948 778 saris
2975 739 3091 779 ιἰιι.

1794 811 1860 866 Χ.
1966 813 2243 867 Noachus.
2348 851 2362 866 .
2449 853 2462 863 .
2548 813 2848 868 Xisuthrus
2875 815 3193 868 sarisxvm.

1797 900 2115 957 Universum
2176 903 2362 956 dccem
2432 903 2626 956 horum
2673 920 2855 974 regum
2909 912 3121 958 mtatem
3161 905 3303 960 saris

1723 1001 1941 1047 centum
1974 994 2159 1063 viginti
2183 994 2469 1060 deﬁniunt,
2497 1009 2618 1063 quae
2639 1002 2766 1048 sunt
2800 1010 3065 1049 annorum
3100 996 3304 1065 myria-

1725 1084 1821 1139 des
1871 1093 1982 1140 tres
2017 1101 2184 1154 supra
2229 1086 2589 1155 quadraginta
2627 1098 3000 1156 praetereaque
3035 1085 3118 1142 his
3153 1086 3304 1140 mille

1725 1178 1874 1230 anni.
1925 1177 2048 1232 Haec
2102 1179 2527 1248 historiographi
2567 1178 2968 1233 Chald'eorum.
3020 1178 3129 1234 Nos
3171 1193 3304 1234 vero

1726 1267 1947 1323 incertis
1977 1269 2063 1323 his
2093 1268 2495 1338 prmtermissis,
2520 1267 2898 1338 aggrediamur
2921 1268 2988 1323 ad
3011 1267 3301 1323 dicendum

1727 1373 1847 1426 qua:
1878 1359 2050 1412 divini
2084 1359 2207 1413 libri
2239 1360 2342 1415 hoc
2374 1368 2531 1430 pacto
2562 1358 2804 1414 tradunt.

2334 1495 2561 1551 CAPUT
2595 1495 2684 1550 1V.

2149 1605 2395 1661 Gentium
2429 1607 2710 1662 divisiones
2736 1608 2874 1680 (9.7).

1977 443 2204 500 .laredus
2269 485 2283 499 .
2366 485 2380 499 .
2452 486 2465 499 .

1793 535 1904 590 VII.
1977 536 2278 592 Enochus.
2360 578 2373 593 .

1795 628 1928 682 Vlll.
1978 630 2280 683 Mathusala
2357 668 2374 684 .

1801 1720 1854 1774 l.
1889 1719 2050 1775 Semo
2076 1723 2340 1792 progeniti
2361 1733 2489 1778 sunt
2511 1724 2752 1793 quinque
2782 1722 2938 1777 liberi
2977 1741 2990 1776 :
3021 1719 3241 1776 Elamus
3270 1735 3304 1776 τι

1655 1791 1701 1851 Β
1729 1829 1836 1882 quo
1861 1813 2136 1880 Elamitm;
2164 1791 2396 1880 Asurus,
2428 1831 2457 1868 a
2474 1791 2582 1887 quo
2601 1791 2809 1886 Assyrii
2835 1832 2849 1880 ;
2875 1815 3248 1885 Arphaxades,
3273 1830 3305 1869 a

1727 1924 1836 1978 quo
1854 1907 2089 1962 Chaldzei
2112 1927 2126 1976 ;
2146 1908 2351 1972 Ludus,
2378 1925 2406 1962 a
2431 1925 2539 1978 quo
2558 1909 2688 1980 Lydi
2723 1909 2835 1981 (28)
2862 1927 2876 1974 ;
2907 1909 3142 1978 denique
3171 1909 3309 1962 Ara-

1729 2017 1872 2063 mus,
1899 2017 1929 2055 a
1963 2016 2071 2071 quo
2107 2002 2336 2057 Aranuei
2362 2003 2453 2072 qui
2480 2003 2642 2056 etiam
2671 1999 2791 2072 Syri
2822 2001 3152 2054 vocitantur.
3173 2001 3309 2052 Ara-

1729 2095 1802 2146 mi
1834 2093 1988 2147 liberi
2024 2101 2185 2148 sunt:
2213 2092 2346 2155 llus.
2373 2109 2402 2146 a
2435 2110 2544 2163 quo
2568 2092 2695 2163 Lagi
2718 2112 2732 2158 ;
2759 2091 2916 2155 Enul,
2945 2107 2975 2144 a
3011 2106 3120 2161 quo
3161 2088 3310 2143 Enu-

1728 2185 1825 2251 lii;
1859 2185 2059 2250 Gader,
2099 2202 2128 2238 a
2168 2202 2278 2256 quo
2314 2185 2624 2256 Gaspheni;
2657 2184 2968 2247 Mosochus,
2996 2199 3025 2237 a
3055 2198 3164 2253 quo
3199 2180 3311 2235 Mo-

1728 2279 1866 2334 seni.
1905 2277 2022 2331 Filii
2048 2279 2390 2342 Arphaxadis
2423 2298 2435 2332 :
2464 2278 2610 2340 Sala,
2647 2279 2806 2347 cujus
2865 2278 3006 2331 [ilius
3042 2275 3310 2341 Ileberus,

1728 2383 1892 2437 aquo
1922 2367 2132 2422 Hebraei
2173 2369 2307 2440 (‘29).
2346 2367 2467 2422 Filii
2517 2367 2712 2423 llelieri
2748 2387 2761 2423 :
2807 2367 3097 2428 Phalecus,
3131 2381 3160 2420 a
3200 2380 3311 2436 quo

1727 2460 1895 2529 stirps
1945 2461 2242 2514 Ahrahami
2317 2460 2698 2529 componitur;
2760 2458 3058 2522 Jcctanus,
3111 2474 3142 2512 a
3200 2473 3310 2528 quo

1727 2553 2164 2606 creanturlibcri
2199 2553 2501 2606 tredecim:
2550 2567 2785 2622 quorum
2846 2560 2977 2604 natu
3037 2549 3313 2603 maximus

1727 2642 2080 2707 Elmodadus,
2118 2659 2148 2696 a
2188 2658 2296 2713 quo
2329 2641 2446 2695 ludi
2476 2661 2490 2709 ;
2523 2651 2636 2696 tmn
2693 2642 2944 2702 Salccus,
2979 2624 3018 2693 an
3047 2656 3158 2710 quo
3207 2638 3310 2692 Ba-

1727 2735 1920 2787 ctriani
1947 2751 1960 2799 ;
1988 2733 2366 2797 Asarmothus,
2387 2748 2541 2803 aquo
2570 2733 2812 2798 Arabes;
2840 2731 3127 2792 Jareclius.
3148 2747 3178 2784 a
3198 2745 3309 2800 quo

1724 2821 1988 2877 Jarachzei
2013 2843 2026 2890 ;
2048 2823 2408 2887 Zodoramus,
2453 2838 2482 2874 a
2525 2839 2633 2892 quo
2662 2823 2896 2878 Carmeli
2924 2839 2938 2887 ;
2971 2821 3119 2882 Ezel,
3141 2834 3170 2873 a
3198 2835 3308 2888 quo

1726 2915 1956 2980 Ariani;
1994 2914 2176 2979 Decla,
2208 2929 2236 2966 a
2265 2929 2376 2984 quo
2405 2911 2694 2978 Gedrusii;
2729 2911 2917 2974 Gehal,
2945 2925 2974 2964 a
3018 2927 3131 2980 quo
3177 2909 3311 2980 Scy-

1727 3008 1862 3072 tha};
1897 3007 2166 3072 Abimeel,
2197 3021 2227 3060 a
2255 3020 2364 3076 quo
2395 3004 2669 3076 Hyrcani;
2705 3003 2868 3068 Salia,
2897 3017 2926 3055 a
2965 3015 3075 3072 quo
3103 3001 3313 3056 Arabes

64 3093 343 3152 bitationem
396 3115 519 3169 pra:
567 3115 628 3154 se
666 3097 823 3154 ferat.
856 3097 1067 3170 Quippe
1128 3101 1202 3156 ait
1247 3121 1260 3155 :
1319 3120 1338 3152 ι
1375 3102 1621 3156 Certiora
1653 3135 1696 3192 ο
1730 3099 1890 3168 primi
1942 3099 2093 3170 (30);
2140 3097 2334 3167 Uphir,
2364 3113 2392 3150 a
2441 3113 2550 3168 quo
2593 3095 2834 3160 Aramii;
2870 3093 3075 3156 “Levila,
3122 3107 3151 3146 a
3203 3106 3314 3160 quo

63 3201 255 3258 quaeque
283 3205 350 3244 ex
381 3190 565 3245 variis
594 3190 842 3245 historiis
875 3207 973 3260 pro
1007 3193 1148 3246 virili
1182 3201 1336 3264 parte
1376 3194 1625 3264 decerpsi

65 3293 159 3345 qua
187 3296 214 3333 a
257 3285 485 3338 nemine
531 3283 803 3352 prudente
827 3293 1200 3354 oppugnatum
1238 3285 1302 3338 iri
1334 3294 1486 3354 puto,
1521 3285 1628 3340 nisi

63 3368 198 3438 aliqui
237 3371 376 3426 forte
415 3372 675 3427 veritatis
708 3373 1117 3442 exstinguenda:
1141 3375 1436 3443 cupiditate
1475 3375 1628 3429 labo-

64 3464 298 3533 rantzqui
330 3465 379 3519 si
405 3464 511 3535 qui
546 3475 701 3528 sunt,
733 3464 909 3518 isthoc
940 3465 1157 3535 quidem
1181 3482 1242 3522 se
1274 3477 1432 3536 pacto
1455 3483 1630 3538 quan-

64 3558 153 3604 tum
175 3555 296 3608 libet
327 3557 640 3610 oblectent.
677 3574 697 3606 ι

117 3643 162 3695 4.
203 3643 308 3699 Nos
349 3647 530 3716 igitur
571 3645 686 3715 jam
733 3646 858 3702 inde
901 3660 932 3699 a
974 3647 1152 3703 tribus
1194 3648 1402 3704 Noachi
1443 3651 1630 3706 liberis

65 3748 205 3802 usque
269 3737 339 3792 ad
407 3737 592 3792 divini
653 3736 814 3794 Verbi
873 3741 1258 3797 revelationem
1309 3745 1626 3814 singillatim

65 3827 272 3884 scribere
315 3830 647 3888 ordiamur.
691 3830 926 3898 primum
971 3833 1189 3902 quidem
1239 3832 1384 3887 Semi
1431 3851 1628 3904 propa-

63 3919 230 3987 ginem,
277 3921 488 3977 deinde
540 3919 764 3986 Chami,
801 3932 1079 3991 postremo
1125 3925 1350 3980 Iabethi.
1383 3926 1626 3989 Semum,

63 4007 234 4066 Noachi
276 4023 474 4067 natum
533 4014 860 4080 maximum,
905 4023 1094 4084 gentes
1147 4026 1346 4071 extera:
1395 4017 1628 4072 Zcruani

63 4105 249 4159 nomine
275 4106 581 4169 denotant,
621 4103 892 4158 Chamum
923 4105 1128 4168 Titani,
1174 4107 1456 4163 Iahethum
1491 4109 1630 4179 lapi-

63 4195 211 4250 lostis.
250 4197 444 4267 Neque
486 4197 577 4250 his
622 4196 823 4261 solum,
856 4213 1040 4252 vermn
1074 4199 1236 4252 etiam
1278 4201 1502 4270 reliquis
1536 4218 1630 4271 pa-

63 4287 284 4344 triarchis
309 4299 483 4361 capto
524 4287 684 4342 initio
714 4289 782 4342 ab
810 4289 1016 4345 Adamn
1044 4292 1351 4349 inconditas
1391 4295 1630 4364 appella-

64 4376 208 4433 tiones
245 4381 543 4452 allingunt,
590 4387 756 4449 atque
801 4395 1068 4436 annorum
1113 4397 1402 4438 numerum
1436 4385 1630 4440 unius-

1731 3189 2242 3262 CymnosOphistze;
2277 3188 2506 3251 Joabus,
2559 3203 2587 3241 a
2639 3204 2746 3258 quo
2783 3186 2990 3239 Aradii.
3026 3184 3089 3238 Hi
3123 3197 3314 3238 omnes

1729 3281 1957 3338 Jectano
1988 3284 2152 3352 geniti
2188 3292 2313 3336 sunt
2339 3282 2506 3335 fratre
2530 3278 2749 3333 Phaleci
2783 3297 2795 3332 :
2829 3292 3132 3346 eorumque
3157 3278 3310 3330 inco-

1730 3375 1914 3428 latusa
1931 3373 2114 3427 Masiis
2134 3373 2246 3442 (51)
2274 3388 2443 3442 usque
2462 3372 2590 3425 dum
2611 3371 2795 3425 venias
2814 3369 2879 3423 ad
2908 3369 3171 3438 Spheram
3197 3367 3313 3440 (32)

1731 3474 1970 3519 montem
1999 3466 2317 3521 orientalem
2341 3505 2356 3525 ,
2389 3465 2643 3534 pertinet.
2681 3461 2746 3514 Et
2775 3462 2992 3531 quidem
3020 3460 3148 3513 alibi
3172 3460 3315 3513 dici-

1731 3565 1820 3612 tur
1850 3558 1960 3628 (5‘5)
2009 3557 2264 3612 universa
2313 3554 2458 3610 Semi
2496 3555 2714 3610 soboles
2761 3562 2997 3608 tractum
3033 3568 3250 3606 omnem
3281 3567 3314 3605 a

1730 3649 2034 3704 Bactriana:
2067 3649 2269 3705 ﬁnibus
2300 3649 2538 3703 incolere
2575 3647 2946 3701 Rhinocuram
2974 3645 3085 3716 (34)
3116 3660 3312 3716 usque,

1730 3756 1842 3811 quo
1874 3742 1995 3796 loco
2050 3740 2208 3813 Syria
2254 3741 2323 3796 ab
2361 3740 2600 3812 Egypto
2631 3741 2960 3801 secernitur,
2997 3737 3236 3806 itemque
3281 3749 3313 3789 a

1731 3832 1924 3887 Rubro
1955 3836 2125 3901 mari;
2149 3844 2201 3889 et
2225 3835 2294 3888 ab
2316 3849 2412 3888 ora
2445 3833 2618 3886 maris
2641 3831 2786 3902 quod
2809 3840 2893 3885 est
2923 3829 2991 3884 ad
3021 3829 3312 3884 Arsinoem

1731 3931 1998 3988 Indicam.

1815 4027 1870 4080 2.
1904 4022 2096 4078 Chami
2127 4021 2280 4075 liberi
2309 4019 2550 4089 quinque
2579 4036 2591 4071 :
2619 4031 2852 4087 quorum
2878 4023 3009 4069 natu
3042 4011 3316 4067 maximus

1731 4117 1974 4179 Chusus,
2005 4131 2034 4167 a
2089 4128 2197 4182 quo
2249 4111 2438 4165 Chusii
2481 4128 2494 4163 :
2554 4117 2667 4161 tum
2721 4106 3088 4168 Mestraimus,
3135 4119 3164 4156 a
3203 4118 3314 4172 quo

1730 4209 2002 4280 JEgyptii;
2050 4205 2296 4266 Pnudus,
2339 4217 2369 4256 a
2415 4217 2524 4271 quo
2554 4199 2928 4270 Tri-glodytze;
2969 4196 3314 4258 Chanaanes,

1732 4316 1762 4354 a
1795 4315 1906 4371 quo
1925 4298 2039 4352 Afri
2064 4306 2226 4368 atque
2253 4295 2564 4350 Phoenices.
2593 4290 2762 4346 Chusi
2791 4288 3123 4343 liherisunt:
3146 4283 3312 4348 Saba,

1732 4395 1828 4456 lla,
1887 4391 2109 4454 Sabaat,
2158 4389 2383 4458 llegma,
2431 4383 2761 4439 Sabacalha.
2811 4380 3027 4434 Rursus
3081 4377 3304 4447 Regmze

61 4467 297 4539 cuiusque
340 4471 646 4542 Ρτοίετυηῑ
691 4488 706 4524 ³
745 4486 938 4541 nempe
966 4473 1048 4528 Sic
1087 4489 1100 4525 ε
1141 4492 1160 4524 ί
1195 4471 1234 4528 l-
1265 4474 1468 4530 MONS
1489 4477 1631 4531 satis
1663 4475 1706 4529 Ι)
1737 4485 1916 4547 liberi,
1955 4483 2098 4537 Saba
2141 4489 2196 4535 et
2231 4478 2564 4534 Judadanes.
2613 4473 2782 4528 Aiunt
2817 4479 3081 4542 praeterea
3113 4469 3313 4523 divina:

64 4560 215 4616 decem
253 4564 394 4634 (26).
433 4583 455 4617 ι
497 4563 664 4634 (Saro
703 4571 881 4619 autem
925 4573 1009 4620 ter
1047 4565 1196 4622 mille
1242 4581 1306 4621 ac
1338 4578 1625 4623 sexcentos

63 4665 206 4710 annos
253 4665 562 4712 contentos
614 4655 789 4710 aiunt.
839 4653 1009 4712 Neros
1059 4658 1221 4713 etiam
1269 4660 1534 4728 quosdam
1573 4667 1628 4714 et

63 4755 193 4799 sosos
220 4746 541 4816 adiungunt
575 4761 591 4796 :
623 4759 816 4799 uerum
854 4748 982 4799 anni
1017 4748 1263 4801 sescenti
1303 4747 1626 4812 conﬁciunt,

61 4845 220 4890 sosum
245 4834 594 4908 sexaginta.)

115 4923 170 4982 ll.
293 4927 509 4984 Sethus
589 4968 602 4981 .
685 4967 701 4982 .
776 4967 792 4981 .

117 5017 192 5073 ΙΙΙ.
295 5021 527 5077 Enosus
595 5061 610 5075 .
692 5061 705 5072 .
779 5064 792 5076 .
869 5022 1116 5078 Almelon
1147 5025 1290 5078 saris
1319 5039 1439 5079 xm.

115 5109 192 5166 IV.
287 5114 605 5170 Cainanus.
690 5153 704 5166 .
773 5154 787 5168 .
869 5116 1171 5170 Ammenon
1197 5116 1342 5171 saris
1373 5131 1470 5169 xu.

118 5203 173 5261 ν.
289 5208 538 5264 Malaliel
584 5247 600 5263 .
680 5246 693 5259 .
777 5249 790 5262 .
858 5208 1213 5280 Amegalarus
1235 5209 1376 5263 saris
1405 5224 1564 5265 xvnt.

868 4928 1134 5000 Alaparus
1161 4930 1302 4986 saris
1330 4947 1413 4985 ιιι.

120 5359 220 5502 (26;
256 5364 471 5421 Confer
507 5361 714 5420 Euseb.
738 5361 935 5418 Chron.
973 5362 1015 5422 l.
1046 5379 1085 5430 ι,
1114 5363 1171 5418 2.

120 5434 199 5495 (‘27
269 5434 388 5489 Hac
415 5451 592 5502 super
622 5449 682 5486 re
729 5435 1049 5488 consulendi
1091 5451 1171 5488 sui

119 5432 220 5495 (Ξῖ)
269 5434 388 5489 Hac
415 5451 592 5495 super
622 5449 682 5486 re
729 5435 1049 5488 consulendi
1091 5441 1220 5488 sunt
1252 5432 1526 5488 Eusebius
1565 5434 1622 5489 in

119 5451 220 5502 ιιι)
269 5451 388 5489 nac
415 5451 483 5490 su
529 5451 592 5487 er
622 5451 682 5486 re
729 5451 1049 5488 consulendi
1091 5451 1220 5488 sunt
1254 5451 1526 5488 nusenms
1565 5451 1622 5489 in

65 5503 262 5574 exordio
292 5507 454 5568 libri,
481 5451 799 5574 gyncellus,
834 5521 885 5574 p.
922 5505 1112 5568 45-51,
1152 5505 1390 5571 itemque
1410 5503 1625 5574 gCedre-

67 5582 169 5634 nus,
194 5573 282 5629 fol.
310 5575 507 5642 12-14,
526 5571 868 5645 quibuscum
901 5592 1008 5631 non
1035 5577 1154 5632 sine
1188 5575 1368 5629 fructu
1401 5571 1624 5630 Samuel

66 5647 478 5712 comparabitur.
676 5716 687 5726 .

122 5715 225 5781 (28)
247 5717 333 5768 Ai.
360 5715 517 5776 cod..
550 5713 685 5768 Lazt

123 5755 224 5852 ἆὀὶ
245 5755 333 5842 lii:
360 5755 526 5852 ἲόἶιῗ,
543 5755 778 5863 ξιίῷξνι.

1735 4572 1949 4631 litterae,
1979 4585 2010 4622 a
2049 4568 2237 4621 Chuso
2267 4565 2509 4635 genitum
2560 4574 2685 4614 esse
2725 4557 3045 4619 Nebrotum,
3077 4554 3170 4624 qui
3202 4552 3315 4623 pri-

1735 4676 1860 4716 mus
1892 4662 1946 4714 in
1977 4661 2109 4714 orbe
2147 4657 2300 4728 gigas
2332 4655 2519 4718 fuerit,
2547 4661 2710 4722 atque
2753 4650 2897 4704 hunc
2919 4649 3187 4718 gigantem
3219 4659 3313 4700 co-

1737 4765 1854 4803 ram
1887 4749 2118 4802 Domino
2145 4747 2256 4802 Deo
2285 4743 2564 4800 venationi
2603 4756 2824 4812 operam
2859 4738 3078 4795 dedisse
3111 4756 3125 4790 :
3152 4751 3314 4792 eum-

1740 4841 1974 4912 demque
2015 4839 2358 4909 auspicatum
2396 4851 2520 4892 esse
2561 4848 2788 4906 regnum
2833 4847 2862 4885 a
2912 4829 3208 4900 Babylone,
3243 4825 3314 4883 ab

1739 4933 1940 4995 Oredo,
1978 4933 2047 4986 ab
2071 4928 2311 4992 Achade,
2355 4943 2386 4982 λ
2423 4927 2667 4982 Chalane
2703 4926 2756 4978 in
2799 4923 3018 4994 regione
3062 4918 3312 4975 Senaiar.

1737 5025 1981 5081 Indidem
2017 5032 2266 5078 exortum
2290 5036 2415 5076 esse
2442 5021 2704 5084 Asurum,
2738 5031 2768 5070 a
2797 5031 2905 5086 quo
2939 5013 3131 5069 Ninive
3154 5012 3314 5066 item-

1739 5133 1846 5188 que
1867 5115 2094 5172 Roboda
2128 5115 2261 5170 urbs
2285 5113 2627 5168 condebatur
2649 5126 2774 5166 cum
2803 5108 3047 5164 Chalane
3071 5126 3085 5160 :
3118 5113 3234 5161 tum
3258 5110 3315 5159 et

1743 5211 2100 5274 Raseznanes,
2132 5209 2274 5262 inter
2325 5205 2576 5260 Ninivem
2618 5213 2674 5258 et
2710 5203 3032 5265 Chalanem,
3064 5212 3187 5269 qua;
3228 5201 3316 5252 est

1803 5367 1916 5434 (50)
1951 5363 2116 5434 Sync.
2150 5372 2201 5434 et
2222 5360 2455 5416 Cedreu.
2489 5358 2692 5434 Argb”
2730 5357 2928 5434 Indch

1802 5422 1913 5501 l5!)
1953 5422 2118 5487 Biblia
2159 5433 2276 5485 Lat.
2304 5434 2518 5500 vulgata
2551 5430 2688 5485 Gen.
2727 5444 2782 5492 χ,
2819 5429 2907 5491 30,
2926 5425 2990 5480 de
3007 5422 3204 5479 Massa.

1805 5506 1914 5576 (59.)
1946 5505 2364 5576 Biblin_vnlgat_a
2399 5504 2622 5576 Sephqr.

1812 5568 1924 5644 (‘55;
1962 5574 2096 5628 Vide
2127 5568 2441 5643 Synéellum
2466 5568 2520 5624 et
2545 5568 2880 5644 Ce_d_renum.
3027 5641 3037 5644 _
3215 5630 3251 5644 Δ.

1807 5639 2252 5717 (54)ο1θ1ιὶηοςιὶτα
2304 5656 2502 5717 nomen
2547 5639 2700 5692 urbis
2736 5639 2974 5705 itemque
3022 5639 3310 5699 tonantis,

1738 5710 2009 5773 Interdum
2042 5714 2302 5770 scribitur
2325 5710 2696 5764 Rhinicorura.
