3810 6308
479 315 587 371 615

484 530 589 585 ter,
625 520 833 576 creavit
879 516 1192 580 Ludimum,
1219 532 1248 570 a
1280 531 1389 586 quo
1418 514 1594 586 Lydi;
1645 514 1986 580 Seneimum,
2028 533 2056 570 a

482 627 594 685 quo
623 611 962 682 Pamphylii;
1009 607 1286 671 Salbium,
1318 623 1348 662 a
1402 625 1510 678 quo
1553 609 1746 674 Libes;
1782 607 2064 678 Nepthali»

485 721 634 760 mum
663 711 715 758 et
748 702 1254 765 Patrosonimum,a
1283 716 1392 770 quo
1423 699 1649 767 Cretes;
1682 701 2060 762 Caslinimum,

487 814 517 852 a
550 811 658 868 quo
685 795 856 867 Lycii,
880 794 1023 848 unde
1051 799 1104 847 et
1140 808 1312 862 genus
1352 792 1754 849 Philistzeorum
1777 812 1791 859 ;
1819 793 2061 862 Captho-

490 892 708 952 rimum,
741 904 771 941 a
794 902 903 958 quo
948 886 1098 940 Daci.
1135 884 1310 940 Porro
1339 885 1666 940 Chanaanes
1692 888 1929 956 primum
1963 899 2062 938 na-

489 995 669 1038 torum
712 978 954 1048 suscepit
998 976 1278 1041 Sidonem,
1319 995 1476 1050 aquo
1512 977 1744 1041 Sidonii,
1776 984 1830 1030 et
1859 975 2064 1038 Chetaz,

487 1082 542 1130 et
573 1072 826 1133 Jebusaei,
859 1079 913 1125 et
940 1069 1266 1132 Amorrlizei,
1303 1078 1355 1124 et
1386 1068 1679 1138 Gergeszei,
1711 1074 1768 1122 et
1797 1065 1993 1129 Levaei,
2013 1073 2068 1120 et

486 1164 750 1227 Arvacaai,
777 1163 922 1218 unde
947 1160 1229 1233 Tripolitre
1257 1177 1478 1232 quoque
1505 1167 1559 1216 et
1588 1160 1846 1226 Aminaei;
1870 1158 2066 1213 deinde

486 1254 772 1320 Aradium,
804 1267 834 1306 a
865 1268 975 1322 quo
1010 1253 1238 1319 Aradii;
1274 1252 1614 1314 Samrinum,
1649 1265 1680 1304 a
1726 1266 1834 1320 quo
1865 1247 2068 1304 Ortho-

486 1347 553 1402 sii
574 1363 588 1412 ;
613 1347 926 1410 Amathum,
964 1361 995 1399 a
1028 1361 1136 1417 quo
1153 1345 1486 1400 Amathusii.
1514 1343 1653 1398 Hinc
1684 1342 2068 1413 proseminatae

488 1447 616 1493 sunt
659 1439 1094 1494 Chananaeorum
1129 1446 1321 1508 gentes
1351 1438 1580 1493 omnino
1605 1451 1756 1489 xxx"
1790 1454 1802 1489 :
1834 1448 2068 1504 quarum

489 1532 624 1587 ﬁnes
654 1531 873 1586 fuerunt
901 1547 931 1584 a
961 1529 1164 1585 Sidone
1197 1546 1372 1601 usque
1395 1530 1525 1584 dum
1550 1528 1814 1583 Geraram
1857 1528 2064 1587 venias,

487 1633 540 1679 et
570 1640 598 1678 a
633 1624 778 1679 Gaza
811 1639 987 1694 usque
1015 1623 1144 1677 dum
1196 1621 1490 1676 Sodomam
1521 1629 1576 1675 et
1617 1617 1981 1674 Gomorrham
2015 1625 2070 1672 et

489 1718 748 1774 Adcmam
773 1724 826 1772 et
845 1715 1162 1771 Sehoimum
1194 1724 1248 1769 et
1279 1714 1474 1769 Lasam
1503 1713 1712 1767 venias.
1745 1711 1867 1765 Alio
1888 1719 2068 1764 tamen

1499 311 1834 367 APPENDIX
1870 310 1961 365 AD
1999 308 2270 366 EUSEBII
2310 308 2730 365 CHRONICON.

481 429 618 485 urbs
645 426 902 482 maxima.
923 425 1042 480 Jam
1066 434 1121 481 et
1152 423 1518 490 Mestraimus,
1545 423 1928 496 Egyptiorum
1962 440 2060 495 pa-
2095 431 2141 486 Α
2305 392 2318 399 δ

3638 309 3744 363 616

2801 420 3028 478 CAPUT
3053 421 3114 478 V.

2734 511 2876 568 Semi
2904 513 3170 582 prosapia.

2239 602 2288 656 l.
2324 603 2516 673 Agesis
2541 618 2670 673 ergo
2704 603 2830 658 inde
2866 603 3082 656 initium
3104 603 3318 673 capiam
3362 603 3459 659 ubi
3496 603 3739 660 ordinem

2166 695 2606 764 procreationum
2665 695 2892 765 abrupi,
2939 711 3168 765 quaeque
3246 695 3554 766 interjecta:
3615 714 3739 755 sum

2168 786 2513 840 narrationes
2570 785 2838 839 omittam.
2899 784 2976 838 lbi
3042 786 3253 840 scilicet
3310 787 3523 840 dictum
3579 796 3742 849 cst,a

2166 877 2347 930 Thara
2375 892 2549 931 annos
2580 886 2710 930 nato
2740 892 2844 930 Lxx
2878 878 3090 947 genitos
3121 878 3299 934 fuisse
3347 879 3741 942 Abrahamum,

2168 977 2222 1023 et
2246 967 2558 1024 Naeborum
2591 977 2646 1022 et
2683 968 2938 1023 Aranem.
2964 968 3138 1023 Porro
3159 971 3394 1034 Aranes,
3422 971 3607 1041 genito
3638 969 3742 1025 Lo-

2165 1060 2282 1123 tho,
2335 1059 2545 1130 parenti
2596 1075 2696 1115 suo
2743 1059 2935 1115 Thara:
2968 1073 3330 1131 praemortuus
3358 1071 3444 1118 est
3496 1063 3552 1116 in
3582 1063 3742 1116 natali

2167 1159 2314 1206 terra
2375 1150 2648 1204 Chaldzea.
2699 1149 3081 1220 Adjunxerunt
3146 1160 3330 1207 autem
3395 1153 3502 1207 sibi
3549 1169 3742 1207 uxores

2169 1244 2514 1300 Abrahamus
2545 1252 2600 1299 et
2626 1242 2953 1311 Nachorus;
2990 1244 3179 1300 Suram
3214 1246 3592 1310 Abrahamus,
3616 1247 3741 1302 Mel-

2169 1337 2327 1390 cham
2357 1335 2535 1390 Arane
2555 1343 2738 1389 natam
2763 1334 3066 1391 Nachorus.
3104 1338 3375 1392 Caeterum
3415 1339 3557 1392 Sara
3587 1340 3742 1394 steri-

2171 1428 2239 1482 lis
2268 1427 2472 1481 nullam
2501 1443 2566 1481 ex
2602 1442 2660 1482 se
2693 1427 2902 1497 prolem
2941 1428 3156 1483 edebat.
3201 1429 3338 1483 Exin
3377 1427 3595 1486 Tharas
3621 1447 3740 1485 cum

2169 1521 2356 1576 liberis
2377 1520 2687 1574 Chaldaeum
2723 1519 2989 1576 deserens
3024 1531 3083 1576 ut
3120 1523 3172 1576 in
3223 1522 3598 1580 Chananaeam
3644 1527 3743 1579 mi-

2169 1619 2373 1681 graret,
2425 1610 2672 1666 Charras
2727 1627 2902 1681 usque
2964 1614 3255 1682 processit,
3315 1614 3506 1685 ibique
3562 1616 3740 1670 sedem

2173 1705 2317 1771 lixit;
2352 1701 2585 1774 cumque
2625 1704 2800 1758 aetatis
2829 1719 3032 1758 annum
3058 1707 3498 1762 ducentesimum
3538 1717 3739 1778 ageret,

490 1811 612 1864 loco
644 1809 904 1862 dicuntur
937 1804 1048 1876 (35)
1081 1806 1164 1860 hae
1195 1813 1388 1876 gentes
1422 1819 1453 1857 a
1498 1801 1868 1856 Rhinicorura
1895 1816 2067 1871 usque
2099 1779 2140 1833 Β
2167 1795 2392 1851 Charris
2413 1805 2620 1852 natura:
2649 1797 2940 1854 concessit.

489 1899 733 1954 Gadiron
760 1898 1032 1953 australes
1064 1897 1319 1968 regiones
1344 1895 1668 1951 incoluisse.

562 2034 616 2089 5.
657 2032 872 2089 Rursus
897 2049 961 2090 ex
987 2011 1176 2089 eodem
1201 2031 1477 2088 Geneseos
1506 2033 1666 2094 libro,
1687 2031 1903 2087 Jabethi
1935 2031 2070 2086 libe-

491 2123 539 2178 ri
571 2143 585 2178 :
622 2123 907 2186 Gamerus,
944 2139 973 2177 a
997 2139 1106 2193 quo
1128 2121 1332 2176 Camiri
1375 2122 1526 2193 (56);
1563 2122 1848 2193 Magogus,
1889 2137 1919 2175 a
1959 2137 2068 2191 quo

491 2217 658 2270 Celtic
685 2223 738 2269 et
766 2212 999 2282 Galatae;
1028 2213 1184 2267 Mada
1209 2230 1238 2267 a
1272 2230 1382 2283 quo
1407 2213 1583 2280 Medi;
1616 2211 1878 2277 Javanus,
1905 2230 1934 2267 a
1961 2227 2070 2283 quo

495 2301 745 2358 llellenes
803 2303 917 2373 (37)
965 2312 1018 2356 et
1057 2301 1252 2369 Iones;
1287 2302 1433 2357 Elisa
1465 2311 1518 2358 ct
1547 2303 1848 2367 Thobelus,
1891 2320 1931 2356 a-
1959 2317 2069 2372 quo

491 2395 773 2464 Thessali;
824 2395 1140 2461 Mosochus,
1168 2411 1199 2450 a
1236 2411 1348 2466 quo
1377 2395 1582 2469 illyrii;
1621 2397 1842 2461 Thiras,
1894 2412 1923 2450 a
1959 2412 2070 2466 quo

490 2487 767 2554 Thraces;
801 2488 1144 2553 Cbeteimus,
1180 2505 1209 2543 a
1234 2505 1343 2560 quo
1376 2489 1722 2545 Macedones.
1752 2488 1926 2543 Porro
1961 2488 2070 2542 Gn-

491 2581 626 2635 meri
657 2582 812 2636 liberi
845 2600 858 2635 :
899 2581 1277 2645 Aschanazus,
1313 2599 1343 2636 a
1382 2598 1494 2652 quo
1528 2581 1826 2648 Sarmatae;
1862 2581 2071 2653 Ripha-

491 2672 603 2736 tha,
632 2687 660 2726 a
683 2689 790 2743 quo
823 2671 1161 2728 Sauromata:
1182 2673 1328 2744 (58);
1355 2671 1704 2744 Thorgomus
1731 2673 1867 2744 (59),
1905 2689 1934 2727 a
1960 2691 2070 2744 quo

493 2764 716 2819 ilaicani
753 2766 887 2836 (40).
933 2764 1159 2821 Javanis
1206 2773 1392 2820 autem
1437 2765 1639 2821 liberi;
1683 2766 1828 2822 Elisa
1866 2765 2000 2838 (sit),
2038 2783 2070 2821 a

491 2871 601 2924 quo
623 2855 937 2912 Sicilienses
960 2865 1014 2912 et
1043 2858 1410 2914 Athenienses
1438 2876 1453 2925 ;
1490 2857 1741 2925 'l‘harsis,
1774 2874 1803 2912 a
1839 2876 1948 2929 quo
1971 2859 2064 2912 lii-

494 2947 611 3002 beri
655 2955 708 3000 et
739 2945 1049 3018 Tyrrheni;
1087 2948 1251 3012 Citis,
1293 2964 1324 3002 a
1370 2964 1480 3019 quo
1534 2949 1766 3004 Romani
1799 2958 1854 3006 et
1889 2950 2067 3006 Latini

493 3045 549 3090 et
575 3036 792 3091 Rhodii.
818 3037 896 3092 Ex
933 3038 1017 3093 his
1058 3039 1241 3092 coloni
1279 3038 1498 3094 deducti
1528 3049 1658 3095 sunt
1693 3057 1790 3111 per
1820 3043 2066 3112 gentium

495 3132 704 3188 insulas
728 3133 783 3186 in
800 3149 927 3189 suas
947 3133 1150 3205 quique
1171 3135 1440 3205 regiones,
1466 3137 1649 3207 populi
1667 3139 1890 3192 omnino
1910 3139 2071 3209 quin-
2097 3143 2139 3197 C

494 3224 671 3279 decim
699 3264 714 3289 ,
746 3225 910 3296 hique
938 3243 968 3281 a
1000 3227 1172 3284 Medis
1205 3230 1271 3284 ad
1309 3227 1624 3299 Hesperiam
1661 3245 1835 3299 usque
1865 3233 2071 3301 pertin—

488 3326 791 3388 guut,qn3e
829 3327 976 3389 patet
1021 3320 1089 3375 ad
1133 3319 1414 3376 Oceanum
1446 3330 1500 3376 et
1547 3321 1822 3376 borealem
1857 3323 2068 3393 plagam

490 3418 820 3480 prospectat.
850 3411 1118 3484 Deinceps
1158 3422 1518 3468 recensentur
1559 3413 1745 3483 populi
1785 3429 1861 3476 LI,
1908 3414 2067 3468 item-

491 3519 598 3572 que
625 3520 813 3558 eorum
839 3505 1080 3561 ditiones
1105 3521 1203 3576 per
1234 3506 1608 3576 aquilonarem
1631 3513 1868 3560 tractum
1901 3520 1931 3558 a
1958 3505 2070 3560 Me-

491 3596 578 3650 dis
607 3610 782 3664 usque
803 3595 1064 3650 Gadiron.
1097 3595 1293 3650 Patent
1333 3595 1546 3650 scilicet
1590 3595 1660 3649 ab
1708 3611 1868 3651 amne
1904 3594 2070 3650 Pota-

493 3687 645 3742 mino
674 3686 788 3757 (4‘2)
823 3703 998 3757 usque
1023 3686 1091 3740 ad
1117 3686 1436 3741 Mastusiam
1472 3685 1618 3756 quod
1649 3696 1733 3741 est
1771 3685 1908 3741 llion
1932 3687 2066 3764 (45).

563 3842 617 3896 4.
672 3839 779 3896 Sed
811 3841 958 3896 enim
993 3856 1095 3912 ego
1125 3850 1324 3912 gentes
1360 3840 1606 3912 singulas
1647 3841 1813 3895 trium
1863 3839 2064 3896 Noachi

495 3931 729 3986 filiorum
761 3931 1022 3987 distincte
1053 3948 1139 3987 me
1159 3933 1540 4002 expositurum
1585 3933 1766 4001 recepi
1801 3946 1974 4000 usque
2002 3933 2066 3988 ad

493 4021 775 4077 Christum
804 4039 929 4077 cum
975 4023 1214 4081 humana
1246 4033 1440 4080 natura
1480 4024 1859 4094 conjunctum,
1895 4042 2069 4095 quan-

493 4129 657 4184 quam
698 4113 898 4168 divina:
954 4113 1147 4169 littera:
1181 4113 1454 4170 Semitica:
1488 4123 1697 4169 tantum
1734 4114 1954 4171 familia
1981 4132 2068 4171 se-

495 4206 629 4260 riem
662 4205 871 4275 scripto
893 4207 1208 4270 continent;
1239 4205 1307 4260 de
1336 4205 1542 4258 Chamo
1572 4211 1754 4260 autem
1788 4215 1951 4276 atque
1976 4205 2069 4260 Ja-

493 4293 676 4359 hetbo,
701 4303 897 4364 praeter
917 4295 1065 4349 dicta
1088 4311 1118 4349 a
1145 4310 1232 4349 me
1263 4295 1539 4367 superius,
1570 4296 1707 4350 nihil
1744 4305 2065 4350 memorant.

493 4385 633 4457 Ergo
664 4385 808 4441 Scmi
838 4387 1067 4458 stirpem
1103 4401 1131 4440 a
1155 4387 1337 4457 primo
1393 4386 1687 4442 Abrahanii
1737 4402 1882 4441 anno
1921 4403 2068 4442 nunc

2238 1887 2294 1943 2.
2331 1888 2489 1941 Anno
2531 1889 2706 1944 aetatis
2737 1891 3142 1962 septuagesimo
3169 1891 3366 1962 quinto
3394 1891 3744 1947 Abrahamus

2171 1978 2263 2034 Dei
2287 1982 2618 2038 revelatione
2638 1982 2836 2054 dignus
2857 1983 3078 2038 habitus
3100 1991 3220 2046 est,
3244 1994 3298 2038 et
3326 1985 3505 2040 solum
3533 1995 3745 2041 vertere

2167 2071 2380 2140 jussus.
2413 2070 2596 2139 Quare
2617 2073 2844 2128 Charris
2866 2074 3070 2128 relictis
3095 2073 3463 2130 Cliananazam
3494 2076 3743 2130 incoluit.

2171 2163 2308 2218 Tum
2336 2181 2510 2220 annos
2537 2181 2633 2220 sex
2675 2181 2842 2235 supra
2881 2166 3157 2236 octoginta
3197 2165 3312 2235 jam
3360 2176 3528 2223 natus
3575 2169 3746 2223 lilium

2170 2270 2234 2309 ex
2267 2255 2442 2325 Agare
2475 2254 2624 2309 Sarae
2653 2257 2851 2310 ancilla
2881 2256 3152 2324 suscepit,
3185 2256 3275 2309 cui
3316 2273 3519 2313 nomen
3551 2259 3748 2314 indidit

2170 2347 2419 2416 lsmaeli,
2449 2350 2594 2405 unde
2623 2347 3017 2405 lsmaelitarmn
3048 2329 3199 2404 natio
3219 2357 3303 2406 est
3328 2368 3344 2418 ;
3368 2351 3745 2422 Agarenorum

2172 2442 2455 2508 videlicet,
2487 2443 2580 2512 qui
2612 2442 2778 2497 etiam
2811 2441 3070 2495 Saraceni
3119 2448 3174 2494 et
3223 2438 3437 2512 Tagikii
3492 2445 3603 2514 (44)
3653 2461 3751 2499 vo—

2171 2543 2388 2589 cantur.
2418 2533 2646 2604 lnsuper
2674 2549 2818 2588 anno
2849 2543 2973 2588 ante
3018 2533 3379 2588 centesimum
3430 2534 3572 2590 Deus
3618 2552 3747 2589 cum

2174 2626 2268 2680 illo
2293 2623 2472 2682 fmdus
2501 2627 2602 2680 init
2630 2625 3101 2690 eircunicisionis,
3131 2625 3364 2695 ideoque
3390 2627 3510 2698 ipse
3534 2629 3751 2682 cuncti-

2173 2736 2280 2790 que
2323 2720 2518 2775 domus
2563 2719 2684 2788 ejus
2733 2735 2912 2774 mares
2962 2719 3387 2775 circumcisione
3432 2721 3512 2774 uti
3562 2736 3746 2791 caepe-

2174 2820 2337 2866 runt:
2373 2820 2485 2864 tum
2516 2812 2676 2864 etiam
2707 2809 3050 2864 Abrahamus
3079 2824 3178 2880 pro
3205 2810 3447 2864 Ahramo
3466 2851 3482 2875 ,
3511 2811 3751 2881 itemque

2175 2902 2339 2958 Sarra
2387 2918 2487 2974 pro
2538 2903 2673 2956 Sara
2725 2903 2855 2957 dicti
2896 2908 3044 2958 sunt.
3094 2899 3283 2971 quue
3323 2916 3474 2956 anno
3505 2902 3750 2957 nondum

2171 2998 2360 3066 elapso
2392 2995 2656 3050 Dominus
2689 2993 2832 3051 Deus
2866 3009 2991 3049 eum
3021 2995 3233 3064 angelis
3267 2992 3415 3063 apud
3451 2992 3752 3048 Mamlirem

2173 3089 2348 3144 eidem
2384 3103 2691 3158 apparens,
2739 3087 2884 3142 ultro
2929 3086 3134 3156 prolem
3182 3087 3388 3155 recepit
3432 3102 3492 3141 se
3521 3087 3570 3140 ei
3611 3102 3754 3141 con-

2177 3197 2485 3237 cessurum.
2516 3177 2699 3234 Primo
2731 3179 2874 3235 inter
2914 3180 3212 3251 prophetas
3252 3179 3573 3235 Abrahamo
3609 3183 3755 3236 (livi—

2177 3290 2309 3328 num
2339 3272 2576 3328 Verbum
2612 3272 2848 3326 humana
2882 3273 3061 3342 specie
3093 3273 3490 3342 aspectandum
3523 3288 3581 3327 se
3613 3289 3754 3343 prae-

2178 3367 2316 3420 bens
2357 3364 2702 3420 ethnicorum
2751 3365 3092 3420 vocationem
3135 3365 3542 3434 portendebat,
3585 3381 3753 3435 quam

2178 3473 2273 3527 per
2305 3456 2674 3527 evangelicam
2703 3456 2922 3511 demum
2950 3455 3120 3511 divini
3149 3453 3314 3511 Verbi
3346 3455 3661 3510 doctrinam
3700 3458 3753 3510 in

2177 3551 2336 3607 nobis
2366 3551 2544 3616 Deus,
2577 3550 2632 3604 id
2659 3560 2737 3606 est
2781 3551 2835 3604 in
2874 3552 3117 3622 gentium
3165 3551 3568 3616 universitate,
3611 3567 3752 3605 con-

2177 3644 2492 3699 summavit.

2247 3737 2299 3793 5.
2318 3734 2438 3791 Jam
2455 3751 2585 3791 vero
2604 3735 2964 3791 centesimum
2995 3749 3199 3788 annum
3223 3735 3405 3805 agenti
3431 3733 3749 3789 Abrahamo

2179 3844 2212 3883 e
2247 3827 2382 3882 Sara
2414 3828 2647 3896 conjuge
2683 3835 2847 3882 natus
2892 3834 2978 3881 est
3021 3826 3285 3880 lsaacus:
3330 3841 3444 3896 quo
3485 3836 3754 3881 nascente

2178 3918 2329 3974 Sara;
2371 3919 2545 3988 ipsius
2587 3919 2978 3989 nonagesimus
3017 3932 3196 3972 annus
3237 3918 3577 3972 vertebatur.
3626 3916 3751 3973 lima

2175 4020 2358 4068 autem
2386 4026 2510 4064 cum
2535 4009 2682 4064 edito
2706 4009 2895 4064 lsaaco
2921 4009 3081 4064 annis
3106 4018 3309 4078 septem
3333 4015 3388 4061 et
3409 4008 3636 4078 triginta
3663 4025 3751 4062 su-

2179 4104 2474 4173 perfuisset
2501 4143 2516 4167 ,
2555 4104 2664 4157 vita
2697 4103 2937 4158 excessit
2989 4102 3122 4157 Post
3152 4103 3304 4157 Sara:
3328 4102 3545 4156 obitum
3575 4103 3754 4157 Abra-

2178 4199 2371 4251 hamus
2402 4195 2802 4250 Damascenum
2829 4194 3149 4249 Eleazarum
3183 4193 3448 4248 famulum
3481 4195 3536 4249 in
3571 4194 3750 4250 Meso-

2175 4287 2474 4360 potamiam
2502 4287 2702 4358 legavit
2728 4326 2742 4350 ,
2783 4286 3202 4356 Reheccamque
3237 4285 3500 4341 Bathuele
3530 4296 3750 4346 natam.

2176 4379 2382 4435 Labani
2430 4393 2711 4443 sororem,
2752 4377 2940 4433 lsaaco
2970 4378 3082 4432 lilio
3131 4392 3234 4432 suo
3279 4377 3664 4431 collocandum
3700 4379 3749 4431 in

490 4478 745 4533 exordiar
783 4479 1096 4534 :hactenus
1127 4479 1274 4533 enim
1313 4479 1368 4533 in
1421 4478 1801 4550 superioribus
1847 4477 2066 4548 scripsi,
2104 4508 2145 4561 υ
2177 4473 2528 4528 matrimonio
2570 4473 2804 4526 curavit.
2857 4469 2996 4525 Exin
3043 4471 3163 4540 ipse
3208 4485 3429 4541 quoque
3477 4467 3748 4525 (ἔρειπε-ειη

491 4567 643 4623 brevi
675 4569 804 4623 licet
833 4571 996 4640 stylo,
1027 4569 1216 4624 multis
1243 4571 1626 4640 praetermissis
1652 4589 1664 4623 :
1691 4585 1800 4640 quo
1822 4569 2070 4622 scriben-

489 4659 545 4712 di
574 4674 773 4730 genere
807 4661 861 4714 in
887 4661 1247 4730 sequentibus
1277 4662 1440 4714 etiam
1467 4669 1612 4724 utar,
1634 4676 1756 4731 qua:
1791 4661 1858 4715 de
1889 4661 2070 4714 since-

490 4752 570 4804 ris
599 4760 711 4804 tmn
743 4751 950 4806 exteris
981 4759 1096 4804 tum
1130 4752 1335 4807 nostris
1356 4751 1637 4807 historicis
1665 4759 1829 4822 prout
1849 4766 2065 4820 mquum

491 4841 790 4902 videbitur,
824 4840 1184 4896 coacervabo.

564 5037 673 5112 (ᾗῇ)
713 5037 844 5112 Vide
874 5039 1187 5112 Syiieelliim
1218 5046 1272 5094 et
1300 5037 1627 5112 (legi-eitum.

565 5109 678 5231 (:56)
719 5107 928 5177 Nempe
961 5107 1323 5177 Cappadoces.
1369 5108 1506 5165 Vide
1552 5109 1749 5167 Euseb.
1790 5125 1914 5181 pag.
1962 5109 2058 5172 43,

491 5193 550 5232 n.
584 5193 634 5234 ι.

566 5247 678 5317 (57)
727 5244 930 5318 Nempe
961 5247 1153 5303 ϐπερὶ.
1205 5247 1272 5302 Et
1313 5249 1530 5318 quidem
1561 5249 1807 5305 Armenii
1846 5247 2063 5304 Graecos

495 5315 901 5387 vulg-equidem
933 5318 1097 5373 Ionas
1132 5315 1354 5384 dicunt;
1382 5336 1505 5373 eum
1536 5330 1716 5375 autem
1741 5321 1931 5374 volunt
1957 5321 2066 5374 ele-

495 5389 722 5460 ganjius
745 5387 915 5460 loqui,
955 5389 1236 5460 Hrelleuas:
1271 5405 1550 5460 nunquam
1579 5407 1708 5448 vero
1731 5390 1961 5444 ercos.

567 5457 676 5524 (58)
701 5458 786 5512 Al.
815 5459 961 5524 cod.,
986 5459 1344 5514 Soromaclue.

565 5528 676 5600 ('59)
709 5526 860 5600 l-laiei
890 5539 1044 5600 pater
1061 5531 1426 5600 Thorgomus,
1445 5546 1604 5600 quem
1629 5531 1876 5587 nominat
1897 5530 2062 5584 etiam

497 5596 746 5651 Ezechiel
777 5596 950 5665 xxvii,
984 5599 1071 5664 Μ,
1094 5611 1149 5654 et
1182 5596 1416 5665 xixvul,
1444 5596 1498 5656 6.

566 5668 677 5739 (40)
703 5666 878 5739 Vulgo
894 5671 1150 5725 Armenii.

567 5737 794 5810 μυιΑι.
819 5737 1181 5811 cod.,__Elias.

2177 4565 2281 4620 sibi
2313 4579 2536 4620 uxorem
2566 4564 2848 4636 adiunxit,
2881 4562 2950 4617 de
2977 4576 3087 4632 qua
3121 4562 3322 4616 liberos
3353 4576 3451 4616 sex
3483 4561 3746 4628 suscepit.

2175 4657 2353 4727 Atque
2386 4659 2459 4712 ita
2489 4658 2801 4712 Abrahamo
2849 4655 3030 4709 tribus
3077 4671 3106 4710 θ
3152 4653 3481 4726 conjugibus
3532 4653 3750 4709 soboles

2174 4748 2368 4801 oborta
2427 4757 2559 4813 est;
2617 4747 2794 4818 primo
2851 4745 3071 4816 quidem
3131 4761 3200 4798 cx
3257 4744 3440 4815 Agare
3492 4743 3748 4816 Egyptia

2173 4838 2367 4894 lsmael
2389 4877 2404 4902 ,
2435 4853 2463 4890 a
2495 4853 2604 4907 quo
2633 4852 2768 4907 gens
2797 4837 3196 4893 lsmaelitarum
3223 4853 3238 4901 ;
3265 4843 3380 4888 tum
3409 4851 3443 4890 e
3477 4835 3611 4890 Sara
3642 4836 3752 4890 lsa-

2238 5037 2351 5105 (ιη)
2386 5035 2675 5106 Syncellus
2704 5043 2758 5088 et
2787 5035 3086 5099 Cedrcnns,
3119 5033 3308 5106 Tanai.

2196 5108 2347 5190 _(45)
2384 5105 2652 5190 Ita-etiam
2681 5106 2983 5190 gedrenus,
3019 5105 3234 5190 (σιμ,
3261 5105 3750 5190 ἓωςνζδίααστουςξας

2164 5175 2262 5248 τῆς
2295 5177 2438 5230 κατὰ
2470 5178 2650 5248 Ἴλιον.
2695 5175 2899 5248 Verum
2945 5176 3451 5248 Syncellus_p_._50,
3486 5177 3590 5248 ἕως
3633 5176 3750 5248 Ma:

2170 5242 2426 5311 σ’ἑουσίας
2458 5247 2558 5316 τῆς
2598 5246 2739 5301 κατὰ
2769 5247 2941 5317 ἥλιον,
2973 5242 3134 5314 usque
3181 5244 3250 5297 ad
3286 5242 3615 5298 Mastusiam
3651 5244 3750 5298 soli

2171 5321 2489 5384 oppositam.

2236 5335 2519 5458 18ῗῖαὲξῶ
2562 5387 2778 5458 nomine
2819 5384 3066 5440 Armenii
3109 5384 3627 5458 barbaros_Arabi:e
3658 5400 3749 5455 po-

2211 5453 2302 5511 ulo
2332 5457 2635 5527 antiquitus
2667 5457 3110 5525 indigitaverunt.
3157 5454 3233 5507 Ita
3267 5455 3322 5527 in
3355 5453 3529 5509 Biblis
3559 5453 3746 5512 Arun.

2196 5529 2212 5580 Ι
2250 5526 2497 5582 Mat-hab.
2530 5543 2639 5587 xu,
2679 5527 2763 5580 40.
2802 5527 2894 5581 Sic
2921 5529 3083 5580 etiam
3139 5526 3395 5594 sequiore
3435 5534 3598 5581 atate
3627 5541 3749 5594 iap-

2168 5599 2444 5667 pellabant
2500 5596 2804 5652 Saracenos
2849 5597 3121 5650 Armenia:
3169 5593 3551 5667 oppressores.
3607 5593 3749 5661 Quin

2169 5664 2302 5722 adeo
2325 5682 2465 5736 quos
2493 5667 2734 5735 Europaei
2768 5667 3196 5734 Turcaadieunt,
3225 5665 3472 5721 Armenii
3505 5664 3749 5734 Tagi/tios

2168 5752 2314 5792 nunc
2348 5739 2649 5791 nominant.
