3810 6296
121 297 206 363 eu
865 295 1206 358 SAMUELIS
1244 299 1563 356 ANIENSIS
1605 285 1946 354 SUMMARH
1987 289 2372 353 'ru'upon'u‘u
2407 299 2590 354 psus
2616 292 2660 352 ‘l.

3263 305 3368 361 618

121 436 263 492 acus,
297 434 327 481 a
362 437 474 497 Quo
507 443 646 498 gens
671 413 980 480 Iudaorum
1007 447 1020 480 :
1048 433 1387 497 postremum
1417 440 1448 479 e
1479 424 1682 479 Cetura
1710 426 1758 482 Α
1787 418 1955 473 tionis
1988 419 2128 471 intra
2159 433 2336 474 annos
2366 433 2516 472 xxvii
2561 417 2846 488 perduxit,
2888 431 3142 489 annoque
3186 427 3368 479 atatis

121 539 234 595 gens
262 521 598 576 Parthorum
625 519 865 580 exstitit,
893 533 1124 588 quorum
1158 531 1380 587 germen
1410 525 1495 571 est
1517 515 1685 569 Arsa—

119 630 198 669 ces
226 612 315 668 me
348 613 595 684 inclytus
624 610 1067 666 Pahlaviensium
1099 620 1152 664 et
1180 610 1571 665 Arsacidarum
1605 607 1687 662 fa—

121 706 372 760 miliarum
402 706 747 776 progenitor.
781 703 952 775 Igitur
978 702 1322 756 Abrahamus
1370 709 1496 772 post
1535 701 1687 772 geni-

121 808 217 851 tum
249 795 502 853 lsaacum
545 797 794 867 quinque
836 793 1013 848 adhuc
1043 794 1204 848 annis
1244 801 1298 847 et
1337 791 1685 862 septuaginta

122 889 376 960 peractis,
408 887 489 942 ita
525 896 586 942 ut
617 903 794 942 annos
834 886 1064 941 omnino
1107 892 1328 938 centum
1369 891 1423 938 et
1464 891 1685 952 septua-

119 983 250 1054 ginta
277 981 528 1052 quinque
558 981 824 1042 vixisset,
861 978 974 1032 fato
1001 992 1104 1032 suo
1149 976 1373 1033 functus
1413 984 1519 1032 est.
1563 975 1683 1030 Iam

120 1072 319 1128 lsaaeus
347 1071 704 1141 sexagesimo
749 1070 924 1124 atatis
945 1083 1087 1122 anno
1123 1066 1359 1122 Esavum
1401 1066 1589 1137 genuit
1634 1077 1688 1122 et

117 1161 400 1226 Iacobum,
435 1172 734 1232 postquam
781 1159 942 1214 annis
993 1158 1184 1229 viginti
1236 1158 1292 1211 in
1336 1158 1686 1211 matrimonio

118 1271 229 1309 cum
255 1253 512 1310 Rebecca
549 1254 749 1307 fuerat.
776 1243 1040 1320 Idemque
1071 1250 1231 1305 anuis
1276 1249 1455 1303 adhuc
1493 1249 1683 1320 viginti

119 1354 166 1400 et
192 1353 403 1400 centum
435 1352 726 1413 superstes
751 1343 1085 1410 octogesimo
1111 1347 1165 1396 et
1188 1341 1490 1396 centesimo
1513 1344 1686 1397 atatis

121 1449 248 1488 anno
277 1432 553 1490 decessit.

181 1526 228 1580 ι.
266 1524 475 1581 Iacobo
507 1524 608 1579 filii
642 1521 926 1578 duodecim
955 1538 1078 1576 cum
1124 1517 1230 1578 filia
1272 1522 1440 1595 geniti
1486 1529 1615 1579 sunt
1657 1532 1688 1575 e

121 1619 314 1675 duabus
330 1612 554 1673 Labani
585 1616 801 1672 ﬁliabus
819 1658 833 1681 ,
858 1615 954 1671 Lia
986 1617 1194 1672 scilicet
1225 1625 1387 1687 atque
1408 1615 1646 1672 Rachele
1670 1659 1686 1683 ,

123 1725 210 1766 nec
229 1725 334 1766 non
363 1727 436 1766 ex
459 1710 665 1764 barum
692 1709 904 1763 ancillis
933 1707 1148 1764 duabus
1177 1710 1325 1763 Balla
1354 1709 1680 1780 Zelphaque.

1789 511 2090 565 centesimo
2117 519 2172 565 et
2201 510 2418 564 decimo
2449 511 2605 566 obiit.

1862 603 1915 657 7.
1972 601 2162 657 Iesum
2208 603 2540 673 prafectura
2588 602 2842 658 Iudicum
2895 605 3190 660 subsecuta
3235 615 3368 673 est;

1791 707 2026 764 quorum
2059 695 2268 764 primus

1867 787 1908 839 Ι.
1957 785 2229 842 Godoniel
2263 787 2422 842 annis
2452 803 2519 841 xi.

1860 876 1925 931 ll.
1980 878 2202 934 Avodus
2233 879 2393 934 annis
2423 895 2586 933 Lxxx.

1859 969 1950 1024 111.
2008 969 2246 1025 Baracus
2279 979 2332 1026 et
2362 970 2572 1025 Debora
2605 971 2764 1026 annis
2797 987 2884 1026 ιι..

1861 1060 1953 1115 IV.
2011 1061 2341 1134 Samegarus
2369 1073 2559 1133 postea
2584 1064 2678 1133 qui
2710 1065 3047 1134 alienigenas
3077 1075 3366 1122 sexcentos

1789 1151 2119 1208 trucidavit.

1859 1244 1927 1299 V.
1964 1244 2186 1302 Gedeon
2217 1248 2376 1302 annis
2409 1263 2498 1302 ιι..

1862 1335 1952 1390 Vl.
1984 1337 2371 1394 Abimelechus
2399 1340 2558 1394 annis
2593 1355 2669 1393 Ill.

1861 1427 1978 1482 Vll.
2015 1427 2188 1484 Thola
2218 1433 2377 1485 annis
2406 1445 2563 1484 xxui.

1863 1519 1994 1575 Vlll.
2025 1521 2211 1578 Iairus
2245 1524 2403 1578 annis
2431 1538 2570 1576 χιιι.

1863 1612 1954 1667 IX.
1989 1613 2304 1683 Iephthaus
2333 1615 2496 1669 annis
2523 1631 2598 1668 Vl.

1860 1704 1928 1760 X.
1968 1704 2219 1761 Hesebon
2271 1707 2433 1761 annis
2481 1723 2582 1764 vri.
2635 1706 2882 1775 (Baraco
2935 1709 3091 1764 liberi
3143 1715 3364 1779 septuas

121 1799 427 1872 Quanquam
458 1816 598 1857 vero
627 1799 837 1870 primus
865 1800 914 1855 ei
947 1808 1108 1854 natus
1165 1801 1238 1854 sit
1296 1798 1488 1855 Ruben
1519 1817 1684 1871 quem
1719 1797 1760 1820 ”
1787 1799 1961 1870 ginta,
2004 1797 2274 1854 Heseboni
2301 1799 2524 1868 triginta
2551 1799 2769 1852 fuerunt
2800 1797 3066 1876 [4849]).
3096 1801 3366 1856 Heseboui

123 1908 250 1947 anno
276 1895 457 1949 atatis
493 1894 692 1962 quinto
720 1899 774 1947 et
799 1893 1135 1963 octogesimo
1165 1892 1352 1963 genuit
1381 1932 1395 1954 ,
1447 1901 1563 1947 tum
1596 1891 1688 1946 Si-

1788 1893 1848 1946 in
1879 1891 2234 1947 Hebraornm
2263 1892 2561 1962 exemplari
2590 1893 2847 1948 subditur
2876 1893 3038 1948 Elon
3064 1894 3231 1964 judex
3261 1909 3359 1947 an-

123 2000 263 2039 meon
294 1993 454 2040 sexto
484 1992 547 2039 et
575 1985 955 2057 octogesimo;
989 1983 1224 2039 Levinus
1250 1992 1430 2039 tamen
1462 1985 1687 2055 prafer-
1788 1985 1874 2040 nis
1922 1999 1995 2048 x,
2039 1999 2203 2054 quem
2247 1991 2430 2038 tamen
2479 1983 2835 2055 Septuaginta
2881 1985 3211 2055 lnterpretes
3259 2001 3368 2040 non

117 2076 200 2131 'tur
219 2077 273 2132 in
297 2078 532 2142 ordine,
557 2093 720 2148 quem
743 2079 920 2132 atatis
949 2079 1184 2148 septimo
1228 2078 1338 2148 (I5)
1369 2085 1423 2133 et
1465 2087 1688 2149 octoge-

123 2167 245 2221 simo
272 2181 419 2222 anno
453 2171 670 2222 creavit
694 2207 710 2232 ,
736 2168 810 2223 'de
838 2167 998 2237 cujus
1043 2168 1205 2224 etiam
1227 2183 1428 2239 genere
1459 2179 1689 2238 magnus

124 2259 202 2314 ille
237 2259 417 2314 Moses
448 2267 685 2314 exortus
713 2266 796 2314 est
835 2278 848 2313 :
885 2271 1006 2328 qua
1045 2275 1137 2314 res
1184 2259 1257 2314 ita
1311 2259 1686 2315 describitur:

1791 2073 2243 2146 agnoscunt(50).
2269 2073 2444 2143 Hujus
2473 2089 2621 2128 anno
2651 2075 2811 2131 tertio
2835 2076 2991 2130 Ilium
3016 2085 3237 2146 captum
3263 2086 3366 2133 est.

1861 2165 1952 2222 XI.
1990 2166 2213 2223 Labdon
2243 2168 2402 2222 annis
2426 2179 2548 2222 vui.
2580 2167 2756 2237 Hujus
2784 2167 3146 2240 quadraginta
3175 2169 3328 2224 liberi
3353 2211 3368 2232 .

1790 2261 2102 2330 horumque
2132 2258 2229 2314 filii
2259 2259 2486 2330 triginta
2533 2263 2588 2315 in
2627 2261 2970 2332 septuaginta
3013 2262 3186 2318 asinis
3214 2265 3370 2336 equi-

121 2347 338 2406 Iacobus
371 2366 559 2406 annos
592 2343 756 2406 natus
774 2366 1001 2405 Lxxxvn
1023 2366 1053 2406 e
1072 2349 1168 2405 Lia
1191 2351 1425 2423 conjuge
1465 2366 1566 2408 sua
1587 2349 1692 2405 Le-
1788 2353 2008 2407 tabant.

123 2445 288 2498 vinum
315 2443 615 2515 suscepit;
647 2442 882 2499 Levinus
911 2459 1086 2500 annos
1133 2452 1295 2499 natus
1337 2458 1465 2498 vai
1505 2443 1692 2514 genuit

123 2533 412 2590 Cahathum
440 2554 456 2602 ;
481 2535 774 2589 Cahathus
797 2550 970 2591 annos
995 2547 1156 2590 natus
1182 2550 1318 2590 Lxul
1351 2535 1540 2607 genuit
1563 2535 1692 2589 Am-

126 2637 315 2678 ramum
340 2643 354 2691 ;
380 2625 688 2678 Amramus
715 2638 888 2678 annos
914 2632 1076 2680 natus
1099 2640 1204 2679 ιιι
1233 2624 1423 2696 genuit
1449 2622 1651 2680 Mosem
1676 2643 1691 2692 ;

124 2714 284 2774 Moses
326 2733 510 2772 annos
545 2726 711 2772 natus
741 2733 878 2771 ωαχ
915 2715 1150 2788 Egypto
1182 2717 1444 2788 populum
1479 2717 1690 2773 eduxit.

184 2811 232 2866 5.
270 2810 490 2867 Rursus
543 2811 846 2865 secundum
901 2812 1193 2866 chronicos
1251 2809 1473 2867 Eusebii
1525 2827 1694 2866 cano-

123 2911 210 2958 nes
230 2903 337 2975 (16)
363 2902 586 2959 Iacobo
617 2918 817 2958 annum
847 2902 1148 2957 secundum
1177 2912 1231 2958 et
1279 2903 1695 2974 nonagesimum

128 2998 287 3068 agenti
318 2999 386 3054 de
415 2997 670 3052 Rachele
699 3013 869 3052 uxore
899 2995 1168 3066 Iosephus
1214 3004 1378 3052 natus
1413 3004 1532 3052 est:
1579 3006 1694 3052 tum

1863 2442 1976 2496 Xll.
2013 2443 2288 2514 Sampson
2323 2446 2481 2500 annis
2512 2462 2601 2498 xx.

1868 2533 2006 2590 Xlll.
2049 2535 2167 2590 Heli
2203 2538 2361 2590 anuis
2397 2552 2482 2589 ιι..
2521 2535 2720 2588 Verum
2767 2537 2821 2590 in
2875 2536 3231 2606 Septuaginta
3282 2533 3362 2588 ln-

1791 2635 2096 2700 terpretum
2124 2629 2425 2698 exemplari
2455 2629 2773 2683 scribuntur
2803 2645 2873 2683 xx
2905 2629 2947 2680 ³.

1868 2719 2011 2776 XIV.
2057 2720 2277 2775 Samuel
2309 2728 2472 2790 atque
2505 2719 2634 2773 Saul
2665 2721 2824 2776 annis
2852 2735 2939 2774 XL.

1867 2813 1922 2868 8.
1959 2811 2102 2867 Sane
2133 2827 2258 2866 cum
2290 2812 2346 2865 in
2377 2812 2676 2866 evolvenda
2709 2811 2854 2866 Semi
2882 2813 3053 2883 stirpe
3072 2854 3088 2880 ,
3118 2830 3372 2883 procrea-

1795 2904 2009 2958 tionum
2044 2904 2241 2959 seriem
2283 2903 2429 2956 haud
2477 2904 2716 2956 alienam
2764 2904 2832 2957 ab
2875 2906 3189 2975 evangelica
3239 2907 3355 2960 Mat

1801 2998 1922 3052 thai
1961 2997 2174 3050 ratione
2194 3035 2208 3058 ,
2242 3013 2416 3066 usque
2447 2995 2514 3050 ad
2545 2995 2843 3064 Iuscphum
2875 3007 2928 3050 et
2971 2998 3198 3051 Mariam
3243 3015 3375 3053 cou-

128 3098 172 3143 et
207 3088 476 3162 Iosephus
500 3105 654 3146 anno
678 3090 854 3147 atatis
875 3089 1086 3146 decimo
1114 3091 1346 3160 septimo
1373 3105 1402 3145 a
1434 3089 1696 3146 fratribus
1725 3109 1770 3169 ρ
1805 3094 2057 3141 texturos
2085 3102 2186 3142 nos
2210 3087 2667 3156 promiserimus;
2696 3103 2726 3141 e
2755 3085 2944 3141 Jacobi
2976 3088 3162 3143 liberis
3187 3101 3375 3158 optare

131 3184 361 3242 venditus
396 3186 692 3241 concessit
727 3183 782 3239 in
808 3183 1097 3257 Egyptum
1122 3203 1138 3252 ;
1165 3198 1397 3254 cumque
1417 3182 1492 3238 ibi
1518 3184 1698 3238 trede-

130 3276 221 3331 cim
251 3280 409 3334 annis
439 3280 499 3334 in
516 3279 802 3349 ergastulo
829 3279 1042 3343 fuisset,
1063 3293 1206 3332 anno
1225 3277 1401 3332 atatis
1423 3277 1700 3332 tricesimo

132 3367 323 3442 Egypti
357 3369 717 3428 dominatum
749 3372 1021 3436 obtinuit,
1054 3385 1164 3442 quo
1195 3386 1290 3440 per
1333 3383 1508 3424 annos
1547 3377 1700 3424 octo-

131 3461 262 3529 ginta
289 3464 659 3533 perfunctus.
705 3481 850 3518 anno
890 3464 1108 3520 demum
1145 3461 1446 3517 centesimo
1487 3460 1701 3514 decimo

131 3559 254 3615 diem
299 3578 630 3633 supremum
673 3563 827 3616 obiit.
872 3563 1052 3616 l‘rimo
1078 3561 1413 3631 Egyptiaca
1435 3558 1701 3613 ubertatis

133 3667 258 3711 anno
287 3673 475 3713 rerum
511 3655 867 3710 moderamen
895 3655 961 3709 ad
987 3653 1287 3724 Iosephum
1312 3653 1548 3708 delatum
1577 3661 1660 3706 est
1685 3670 1696 3704 :

132 3761 259 3801 anno
296 3759 494 3803 autem
539 3755 745 3800 'octa‘vo
787 3747 976 3801 savire
1024 3745 1224 3800 ibidem
1280 3744 1451 3799 fames
1497 3743 1699 3813 capit,

135 3838 274 3907 cujus
304 3839 649 3895 calamitatis
679 3853 823 3891 anno
852 3839 1024 3892 altero
1051 3836 1288 3892 Iacobus
1319 3837 1374 3890 in
1406 3834 1700 3906 Egyptum

134 3931 399 3987 descendit
451 3947 606 3986 anno
649 3931 826 3986 atatis
871 3945 1050 3993 cxxx,
1099 3931 1378 3999 vitamque
1418 3928 1492 3982 ibi
1541 3927 1701 3980 annis

136 4024 295 4080 adhuc
321 4041 442 4082 xvn
474 4024 807 4097 productam
841 4038 986 4078 anno
1015 4021 1230 4077 demum
1260 4035 1440 4076 chvn
1469 4020 1699 4080 clausit.

130 4131 227 4184 quo
259 4126 515 4190 tempore
556 4131 738 4173 rerum
777 4115 1088 4186 potiebatur
1118 4129 1263 4169 anno
1287 4116 1400 4184 jam
1437 4122 1593 4170 sexto
1624 4113 1702 4166 vi-

135 4210 433 4280 cesimoque
461 4206 742 4278 Iosephus
762 4247 777 4270 ,
812 4207 904 4278 qui
935 4215 990 4262 et
1025 4206 1185 4262 annis
1215 4221 1305 4261 Liv
1336 4205 1628 4277 superfuit.

193 4300 242 4355 6.
277 4300 530 4373 Iosepho
555 4316 588 4356 e
614 4300 752 4356 vivis
776 4307 982 4370 erepto,
1009 4299 1329 4355 servitutem
1361 4300 1454 4354 ﬁlii
1484 4298 1702 4355 lsraelis

133 4393 430 4451 serviebant
466 4391 746 4464 Egyptiis
774 4393 933 4448 annis
963 4407 1140 4446 chiv.
1189 4383 1352 4445 Fiunt
1391 4406 1522 4462 ergo
1551 4407 1582 4444 a
1609 4391 1702 4446 Ia-

1799 3176 1994 3231 Iudam
2023 3176 2419 3243 debueramus,
2455 3194 2484 3231 a
2531 3192 2641 3247 quo
2683 3179 3094 3248 procreationes
3138 3181 3375 3236 deduce-

1802 3285 1988 3325 remus
2016 3287 2030 3334 ;
2077 3269 2335 3338 quoniam
2368 3286 2433 3323 ex
2467 3271 2630 3338 hujus
2663 3271 2885 3324 surculo
2916 3270 3178 3328 Dominus
3217 3289 3376 3328 exor-

1802 3372 1892 3418 tus
1951 3370 2055 3418 est.
2104 3361 2495 3416 Verumtamen
2540 3377 2769 3418 necesse
2821 3362 2960 3426 fuit,
3011 3364 3064 3416 in
3115 3364 3279 3418 Mosis
3324 3374 3378 3417 et

1801 3458 1931 3516 Iesu
1965 3458 2413 3527 reliquorumque
2443 3455 2674 3525 gratiam
2696 3495 2710 3519 ,
2745 3456 2837 3526 qui
2867 3457 3072 3526 populo
3103 3473 3276 3528 usque
3309 3461 3375 3511 ail

1805 3551 2066 3607 Davidem
2117 3549 2210 3618 jus
2266 3546 2675 3614 reddiderunt,
2735 3547 3000 3603 Levinum
3053 3550 3174 3604 loco
3225 3548 3380 3605 Iuda

1803 3657 2260 3702 commemorare.
2300 3639 2455 3696 Nunc
2491 3650 2673 3696 autem
2707 3641 2850 3697 unde
2881 3657 2979 3712 par
3013 3651 3096 3697 est
3133 3658 3246 3698 rem
3279 3643 3378 3698 de-

1802 3755 1915 3794 nuo
1948 3748 2279 3808 repetamus.

1874 3832 1928 3886 9.
1972 3831 2319 3885 Abrahamus
2372 3831 2559 3900 genuit
2611 3830 2857 3900 lsaacum
2882 3848 2896 3895 ;
2952 3831 3168 3886 lsaacus
3214 3829 3379 3886 Iaco-

1805 3925 1971 3989 bum;
2007 3922 2246 3978 Iacobus
2295 3936 2440 3976 anno
2479 3921 2656 3976 atatis
2687 3937 2928 3974 Lxxxviu
2971 3920 3165 3976 Iudam
3205 3939 3236 3978 e
3284 3923 3381 3978 Lia

1804 4031 1974 4070 uxore
2005 4016 2251 4084 suscepit
2280 4033 2294 4079 ;
2325 4013 2498 4068 Iudas
2530 4029 2708 4067 annos
2741 4020 2904 4066 natus
2940 4028 3107 4067 vam
3144 4010 3377 4066 Pharem

1805 4105 2031 4176 genuit;
2064 4103 2269 4158 Phares
2298 4113 2478 4156 autem
2511 4116 2656 4154 anno
2681 4101 2858 4153 atatis
2902 4115 3031 4153 LVIII
3068 4098 3178 4170 (51)
3209 4098 3380 4151 Ezroa

1801 4205 1974 4254 nem;
2033 4188 2210 4242 Ezron
2262 4203 2408 4240 anno
2461 4185 2639 4240 atatis
2692 4199 2822 4237 LVIII
2858 4183 3044 4252 genuit
3078 4182 3378 4246 Aramum;

1805 4285 2039 4340 Aramus
2084 4295 2229 4335 anno
2277 4278 2454 4334 atatis
2506 4291 2646 4330 vau
2703 4274 2888 4343 genuit
2941 4274 3378 4338 Aminadabum;

1808 4372 2179 4429 Aminadahus
2234 4385 2378 4424 anno
2427 4368 2602 4422 atatis
2652 4385 2754 4423 ην
2809 4366 2997 4437 genuit
3049 4363 3376 4418 Naasonem.

132 4485 244 4539 cobi
282 4457 573 4543 descensu
582 4457 738 4538 vanni
780 4498 940 4538 ccxv.
973 4483 1133 4538 Anno
1171 4457 1480 4539 servitutisv
1505 4489 1703 4552 quarto
1739 4465 1782 4520 θ
1807 4465 2014 4530 Porro,
2070 4462 2248 4532 ἱηίιυὶι
2284 4460 2397 4530 (52)
2420 4499 2435 4523 ο
2505 4467 2626 4552 θτίξξ
2670 4457 3044 4552 Αωίξιίιάθψιδ
3095 4457 3380 4552 copiarum

136 4589 286 4645 supra
317 4574 731 4646 sexagesimum
758 4573 937 4630 Moses
959 4575 1134 4628 lucem
1164 4574 1407 4644 aspexit;
1436 4577 1530 4643 qui
1553 4582 1706 4628 octo-

133 4668 271 4736 ginta
291 4683 476 4724 annos
503 4667 787 4738 ingressus
806 4706 822 4730 ,
849 4680 972 4722 cum
1005 4665 1172 4720 fratre
1195 4665 1407 4720 Aarone
1429 4672 1544 4720 tres
1575 4664 1703 4720 item

134 4765 182 4810 et
210 4761 490 4832 octoginta
537 4773 715 4814 annos
765 4765 921 4821 nato,
972 4757 1232 4828 populum
1289 4755 1529 4828 Egypto
1574 4757 1704 4810 sub-

132 4847 276 4904 duxit
301 4869 315 4904 :
337 4853 435 4907 cui
482 4857 776 4921 postquam
809 4849 971 4904 annis
997 4847 1361 4920 quadraginta
1398 4850 1450 4902 in
1483 4849 1702 4903 deserto

138 4941 473 5007 prafuisset,
526 4956 674 4996 anno
711 4942 887 4996 atatis
933 4941 1198 4996 vicesimo
1241 4957 1407 5010 supra
1456 4942 1702 4996 centesi—

140 5046 274 5088 mum
310 5037 573 5090 moritur.
610 5031 741 5088 Post
772 5033 974 5088 Mosam
1003 5032 1164 5088 Iesus
1193 5032 1329 5087 Navi
1356 5032 1533 5096 filius,
1587 5028 1708 5087 Ior-

137 5124 264 5181 dane
283 5127 639 5188 transmisso,
674 5127 930 5194 populum
958 5126 1068 5195 (Π)
1093 5125 1148 5178 in
1172 5135 1374 5179 terram
1409 5127 1707 5180 annuntia-

197 5258 235 5285 "
264 5256 555 5324 Iudic.m,
591 5258 679 5311 3|.
757 5259 776 5287 ³
817 5255 832 5309 1
872 5256 1004 5328 Reg.
1056 5276 1136 5323 iv,
1178 5259 1261 5312 l8.

204 5387 310 5455 {45)
354 5390 441 5442 Al.
473 5389 599 5442 cod.
624 5428 638 5451 ,
669 5402 837 5444 sexto.

204 5457 315 5525 (I6)
357 5458 497 5514 Vide
529 5460 597 5510 ad
627 5475 718 5513 an.
751 5460 1044 5514 Abrahami
1078 5459 1204 5514 252.

205 5527 314 5598 (Π)
352 5528 528 5583 Codd.
563 5529 740 5591 Ariu.,
771 5547 856 5582 eos
888 5546 986 5599 pro
1013 5531 1284 5599 populum.

204 5599 422 5668 (ιε-49)
459 5599 584 5652 Alio
615 5600 668 5653 in
711 5598 900 5654 codice
953 5598 1299 5656 desideratur
1339 5598 1445 5651 hoc
1491 5611 1708 5654 comma

144 5669 449 5731 parenthesi
495 5671 766 5724 clausum.

150 5802 159 5812 ο
209 5736 325 5812 (50)-
358 5738 439 5792 Ita
466 5742 630 5812 etiam
661 5738 929 5812 Eusebius
954 5741 1020 5794 ad
1049 5757 1138 5796 an.
1170 5738 1528 5812 8521Verum
1560 5739 1702 5812 idem

147 5809 196 5860 in
245 5809 432 5879 priore
474 5810 614 5863 libro
664 5811 834 5864 semel
879 5813 1030 5882 ponit
1080 5814 1232 5881 (col.
1262 5810 1358 5864 164
1390 5809 1406 5879 )
1441 5817 1492 5865 et
1537 5809 1704 5864 semel

453 5907 892 5987 PATROL.-GR.
927 5910 1103 5974 XIX.

1807 4558 1960 4614 Iuda
1993 4557 2126 4619 dux,
2161 4569 2271 4624 quo
2303 4560 2548 4622 tempore
2579 4549 2757 4606 Moses
2799 4547 3020 4604 lsraelis
3064 4547 3378 4618 progeniem

1806 4667 1874 4708 ex
1929 4649 2167 4722 .Egypto
2223 4645 2467 4701 deduxit.
2519 4641 2842 4698 Condantur
2901 4638 3066 4712 igitur
3120 4655 3150 4693 a
3200 4638 3380 4708 primo

1809 4739 2106 4797 Abrahami
2139 4752 2283 4792 anno
2320 4749 2492 4806 usque
2523 4732 2592 4787 ad
2628 4730 3011 4802 migrationem
3043 4743 3107 4785 ex
3145 4725 3384 4797 Egypto

1809 4830 2220 4904 procreationes
2255 4845 2381 4890 viu,
2418 4826 2655 4896 annique
2689 4838 2755 4878 ογ
2785 4839 2800 4888 ;
2837 4821 2906 4876 ab
2947 4819 3156 4875 Adaiuo
3200 4826 3383 4871 autem

1811 4923 2220 4997 procreationes
2251 4935 2453 4986 xxviii,
2485 4917 2724 4985 annique
2757 4926 3167 4968 uuuncuxxxrx.

1882 5017 1969 5072 10.
2006 5014 2226 5071 Naason
2259 5027 2434 5067 annos
2469 5019 2632 5065 natus
2667 5023 2792 5062 κων
2825 5005 3011 5076 genuit
3048 5003 3382 5058 Salmonem.

1813 5109 2084 5179 Eratque,
2121 5107 2196 5160 ait
2231 5105 2379 5174 (53),
2418 5102 2635 5157 Naason
2679 5102 2934 5172 princeps
2983 5097 3137 5152 Iuda
3179 5097 3386 5168 myria-

1811 5387 2016 5439 omittit
2065 5385 2215 5449 (col.
2257 5383 2395 5450 168)
2443 5381 2711 5434 Ailonem.
2763 5377 2916 5431 Nunc
2972 5375 3190 5451 quidem
3210 5371 3383 5451 “apud

1813 5455 1952 5509 LXX
2011 5441 2202 5517 Viros,
2238 5470 2360 5517 cap.
2382 5441 2508 5515 'xu,
2561 5453 2656 5507 ll.
2707 5464 2805 5502 nec
2852 5461 2960 5500 non
2991 5441 3153 5514 'apud
3210 5441 3382 5495 Biblia

1811 5527 1961 5580 Arm.
1994 5527 2235 5579 occurrit
2271 5523 2452 5576 ΑΞιοη.

1884 5596 1998 5664 (51)
2039 5595 2121 5647 Al‘.
2155 5594 2308 5664 cudi.
2338 5609 2449 5645 1.1x.
2570 5645 2598 5658 ,,

1887 5654 2001 5736 (59.)
2039 5663 2193 5736 Apud
2257 5654 2584 5725 Eusebium,
2618 5677 2656 5723 ι,
2706 5659 2789 5721 16,
2832 5658 2939 5722 22,
2985 5654 3238 5712 Naauon
3278 5666 3384 5706 non

1815 5735 2203 5790 Aminadabus.

1891 5806 2002 5877 (53)
2043 5803 2274 5860 Ibidem.

2995 5888 3075 5950 20
