3810 6342
437 301 538 351 (319

1459 297 1798 352 ΑΡΡΕΝΒΙΧ
1837 296 1928 350 ΑΙ)
1968 295 2238 354 EUSEBII
2271 295 2692 352 CIIRONICON.

3597 300 3697 353 620

436 417 566 470 dum
597 417 652 470 in
683 416 935 486 deserto,
966 417 1195 489 ejusque
1237 433 1394 474 soror
1418 417 1695 474 Elisabeth
1741 417 2004 472 Eleazaro
2033 423 2079 480 Α
2106 417 2246 472 haus
2264 417 2538 488 captivum
2568 415 2814 479 abduxit,
2834 429 3126 486 regemque
3152 414 3694 473 dixitEliachimum.

436 505 670 562 Aaronis
701 509 813 562 ﬁlio
846 518 1013 580 nupta
1046 509 1184 576 fuit,
1216 525 1326 580 quo
1355 509 1611 579 conjugio
1658 521 1877 565 creatus
1925 515 2010 564 est

430 595 706 672 ‘Phinees,
750 607 914 670 atque
958 601 1032 654 ita
1079 601 1303 670 contigit
1355 607 1412 654 ut
1453 599 1609 655 Iudae
1661 617 1832 671 genus
1883 616 2007 655 cum

437 687 678 746 Levitico
708 691 965 746 afﬁnitate
992 692 1333 763 jungeretur.
1373 691 1594 747 Salmon
1632 708 1808 749 annos
1843 700 2007 748 natus

437 797 580 837 xxxv
614 785 802 854 genuit
843 783 1104 839 Boosum.
1147 785 1406 856 Eratque,
1431 786 1531 848 ait,
1557 785 1783 839 Salmon
1828 785 2006 840 tribus

433 870 587 927 Judze
643 875 924 945 princeps,
977 891 1086 944 quo
1131 885 1375 946 tempore
1421 873 1583 931 Jesus
1631 892 1756 930 cum
1801 877 2004 946 populo

432 960 723 1018 Jordanem
755 965 988 1034 trajecit.
1043 966 1094 1022 Is
1151 982 1374 1022 uxorem
1423 967 1698 1038 c0pulavit
1741 967 1846 1024 sibi
1897 967 2008 1022 Ra-

432 1049 629 1106 haham
649 1091 666 1118 ,
700 1069 860 1123 quam
908 1053 1066 1110 divus
1097 1056 1428 1127 evangelista
1452 1056 1583 1112 dicit
1615 1055 1930 1112 Rechabam
1959 1060 2002 1112 ⁸.

435 1147 578 1203 Idem
605 1149 1011 1205 Bethlehemum
1034 1153 1225 1208 urbem
1249 1153 1305 1209 in
1326 1153 1480 1209 Iuda:
1502 1155 1708 1210 ditione
1731 1155 2001 1212 fundavit.

504 1241 586 1298 II.
626 1241 838 1300 Boosus
884 1260 1058 1301 annos
1104 1256 1265 1302 natus
1314 1263 1447 1303 cvm
1498 1249 1687 1320 genuit
1733 1249 2000 1307 Obedum.

428 1332 603 1388 Booso
634 1337 818 1405 nupsit
859 1335 1040 1391 Rutlia
1097 1339 1348 1396 Moabitis
1389 1339 1612 1396 femina.
1659 1340 2002 1413 Epiphanius

427 1424 789 1480 Amanitidem
814 1427 890 1480 ait
910 1425 1146 1482 Rutham
1170 1469 1184 1494 ,
1212 1431 1422 1486 scilicet
1445 1432 1830 1488 Amonitidem.
1860 1432 2005 1490 Obe-

427 1515 530 1571 dns
557 1531 728 1572 annos
754 1527 916 1574 natus
943 1535 994 1574 οι
1023 1523 1210 1591 genuit
1235 1520 1532 1590 Jesszeum;
1556 1523 1795 1581 Jessaeus
1827 1542 2001 1582 annos

427 1618 587 1664 natus
629 1625 781 1665 'cxxx
832 1613 1021 1682 gen-uit
1075 1612 1372 1682 Davidem;
1424 1614 1593 1670 David
1629 1632 1804 1674 annos
1836 1628 2002 1675 natus

427 1713 559 1754 mn
594 1705 782 1769 genuit
837 1694 1207 1760 Solomonem.
1258 1705 1352 1761 Illc
1394 1707 1720 1764 tricenarius
1769 1725 2000 1781 regnum

2189 508 2372 564 XVIII.
2417 508 2748 564 Eliachimus
2775 549 2792 576 ,
2841 507 3094 578 idemque
3133 507 3494 576 ioachimus,
3539 510 3696 566 annis

2117 616 2215 654 χιι.
2249 598 2424 668 Hujus
2458 613 2602 652 anno
2629 597 2846 668 decimo
2887 596 3130 652 Iuda-am
3181 597 3694 654 Nabuchodonoso-

2115 707 2212 747 rus
2243 691 2452 745 domuit
2471 732 2484 755 .
2520 699 2572 746 et
2602 698 2726 760 post
2756 701 3035 762 acceptum
3083 690 3152 746 ab
3182 690 3488 746 Eliachimo
3520 693 3695 747 tribu«

2117 793 2229 838 tum
2264 785 2553 839 abscessit.

2185 871 2325 926 XIX.
2368 872 2718 938 Joachimus,
2753 873 3001 943 idemque
3039 871 3335 928 Jechonias
3357 912 3374 936 ,
3406 873 3694 928 mensibus

2116 981 2199 1020 ιιι.
2236 964 2511 1021 Reversus
2557 965 3133 1020 Nabuchodonosorus
3170 963 3522 1019 Joachimum
3553 981 3692 1036 quo-

2113 1074 2219 1128 que
2251 1059 2304 1112 in
2336 1059 2701 1128 captivitatem
2734 1056 3058 1126 deportavit.

2183 1149 2302 1204 XX.
2344 1150 2650 1206 Mathanias
2672 1190 2687 1214 ,
2726 1149 2978 1219 idemque
3011 1148 3306 1206 Sedecliias
3327 1190 3343 1217 ,
3382 1151 3548 1205 annis
3578 1167 3654 1206 χι.

2184 1242 2516 1298 Duodecimo
2577 1242 2857 1298 Sedechiae
2911 1259 3056 1297 anno
3109 1243 3692 1302 Nabuchodonosorus

2110 1334 2398 1390 Chaldaeus
2441 1335 2616 1405 captis
2649 1334 3041 1406 Hierosolymis
3088 1338 3350 1407 templum
3399 1342 3688 1394 cremavit.

2112 1429 2385 1484 Manserat
2439 1429 2702 1498 templum
2750 1429 2910 1484 annis
2959 1444 3222 1485 cccchn.
3277 1429 3335 1485 In
3378 1433 3690 1504 quadrage-

2111 1523 2264 1578 sima:
2304 1521 2548 1592 septima:
2585 1521 2908 1592 Olympiadis
2952 1537 3155 1576 annum
3198 1532 3458 1594 quartum
3497 1525 3690 1580 incidit

2111 1613 2446 1685 captivitatis
2497 1611 2744 1677 initium,
2781 1614 3080 1684 eademque
3127 1630 3301 1670 annos
3333 1619 3690 1688 septuaginta

2109 1707 2418 1777 occupavit.
2450 1705 2583 1760 Post
2609 1720 2818 1759 annum
2849 1706 3188 1776 captivitatis
3218 1707 3546 1763 vicesimum
3580 1707 3689 1762 Na-

428 1794 743 1862 auspicatus
767 1802 884 1860 est,
915 1797 1184 1867 annisque
1213 1814 1282 1852 χι.
1326 1799 1552 1854 retinuit
1573 1839 1587 1865 ,
1624 1802 1735 1856 vita
1787 1802 1856 1857 ad
1906 1818 1990 1858 se-
2031 1791 2073 1846 Β
2102 1799 2598 1857 buchodonosorus
2628 1816 2659 1855 e
2691 1801 2801 1854 vita
2831 1800 3104 1871 migravit.

423 1887 825 1958 ptuagesimum
857 1904 1058 1944 annum
1086 1897 1379 1960 protracta.
1411 1889 1667 1947 Solomon
1703 1908 1876 1948 annos
1897 1910 1998 1949 na-

426 1987 514 2033 tus
551 1996 668 2034 χχιι
699 1981 812 2051 (54)
840 1984 1024 2052 genuit
1056 1981 1419 2039 Rohoamum.
1463 1983 1609 2039 Idem
1659 1993 1858 2056 quarto
1910 2003 1998 2042 re-

427 2072 518 2141 gni
553 2073 639 2128 sui
673 2088 818 2128 anno
849 2075 1033 2146 templi
1065 2075 1352 2132 azdificium
1397 2078 1687 2134 excitabat.
1732 2079 1750 2149 (
1770 2078 1816 2133 A
1851 2078 1999 2136 Mose

427 2178 761 2236 egressuque
786 2182 849 2222 ex
880 2167 1118 2239 ngypto
1146 2185 1318 2240 usque
1348 2169 1416 2224 ad
1459 2169 1807 2226 Solomonem
1852 2179 1996 2228 tem-

427 2259 609 2327 plique
659 2259 934 2329 Opiﬁcinm
983 2262 1346 2317 conﬁciuntur
1393 2265 1521 2317 anni
1571 2279 1863 2320 ccccuxx.
1915 2263 1998 2320 Ab

428 2352 632 2406 Adamo
679 2361 860 2408 autem
917 2356 1300 2426 διιιιιιιοιχιχ.)
1355 2353 1500 2410 Idem
1556 2357 1862 2414 duodennis
1910 2374 1998 2414 re-

426 2460 587 2515 gnum
620 2445 848 2515 adeptus
891 2455 975 2503 est
1023 2446 1173 2519 (55),
1225 2448 1373 2519 quod
1422 2464 1489 2502 xt.
1544 2450 1705 2506 annis
1758 2450 1992 2518 insedit,

426 2537 609 2593 vivens
636 2540 794 2594 annis
823 2554 916 2594 LII.

490 2652 577 2706 12.
618 2651 747 2708 Post
804 2651 1149 2710 Solomonem
1201 2654 1417 2712 Israelis
1471 2673 1694 2727 regnum
1746 2657 1995 2714 bifariam

423 2744 655 2801 divisum
689 2754 792 2803 est.
859 2746 1120 2804 Samarite
1162 2749 1349 2806 decem
1392 2751 1648 2807 tribubus
1705 2753 1992 2825 imperavit

423 2835 780 2893 Jeroboamus
812 2837 1006 2894 Nabati
1045 2841 1219 2906 ﬁlius,
1254 2842 1411 2914 isque
1453 2860 1548 2900 rex
1596 2843 1810 2900 Israelis
1845 2847 1995 2901 voci-

422 2937 568 2986 tatus
597 2936 701 2985 est.
735 2929 1086 3003 Jerosolymis
1115 2941 1296 2988 autem
1339 2935 1626 3005 imperavit
1671 2935 1990 2993 Roboamus

424 3020 735 3076 Solomonis
770 3023 912 3080 ﬁlius
932 3063 948 3089 ,
980 3023 1136 3094 isque
1167 3041 1260 3080 rex
1292 3025 1446 3082 Iuda:
1477 3028 1781 3098 appellatus
1813 3039 1917 3085 est.

491 3111 532 3167 I.
577 3112 888 3171 Roboamus
913 3127 1103 3188 regnat
1125 3115 1482 3192 Jerosolymis
1508 3121 1670 3178 annis
1697 3137 1831 3176 xvn.

488 3202 557 3261 II.
597 3207 765 3264 Abias
796 3209 955 3265 annis
988 3225 1071 3265 ιιι.

487 3295 577 3354 III.
616 3297 727 3355 Asa
759 3299 870 3372 (56)
900 3302 1060 3358 annis
1088 3317 1198 3357 xu.

486 3391 576 3447 IV.
617 3391 945 3464 Josaphatus
977 3396 1136 3452 annis
1172 3413 1276 3451 xxv
1318 3396 1453 3470 (57).

487 3482 554 3537 V.
594 3483 848 3543 Joramus
883 3487 1043 3544 annis
1079 3503 1200 3542 vnt.

485 3574 576 3630 VI.
618 3577 885 3636 Ochosias
919 3595 1064 3635 anno
1099 3596 1137 3634 ι.

483 3668 598 3725 VII.
638 3669 862 3726 Godolia
891 3683 1065 3727 mater
1095 3673 1216 3743 ejus
1244 3676 1404 3729 annis
1437 3689 1535 3729 vn.

487 3758 623 3813 VIII.
661 3758 859 3817 Joasus
891 3764 1052 3818 annis
1082 3779 1173 3818 χι..
1207 3762 1342 3819 Tres
1377 3765 1544 3820 hosce
1575 3780 1764 3836 reges,
1793 3781 1988 3837 nempe

413 3847 708 3906 Ochosiam
758 3868 884 3907 cum
935 3853 1165 3908 Godolia
1217 3865 1423 3921 matre,
1471 3854 1698 3911 Joasum
1736 3864 1789 3912 et
1821 3857 1988 3912 Ama-

403 3940 549 3996 siam
570 3982 585 4008 ,
614 3943 818 3999 idcirco
847 3946 900 3998 in
928 3960 1088 4000 suam
1116 3948 1486 4016 genealogiam
1511 3948 1847 4018 evangelista
1876 3965 1986 4005 non

401 4035 628 4098 intulit,
659 4036 804 4106 quod
836 4037 928 4092 illa
961 4037 1071 4091 ﬁlia
1091 4076 1105 4101 ,
1137 4037 1196 4091 hi
1225 4048 1450 4108 nepotes
1485 4039 1695 4094 Achabi
1727 4038 1981 4096 fuissent.

481 4124 573 4181 IX.
613 4125 862 4183 Amesias
894 4128 1054 4184 annis
1082 4144 1232 4183 xxtx.

478 4219 547 4274 Χ.
590 4221 850 4284 Azarias,
902 4221 1155 4291 idemque
1199 4221 1401 4289 Ozias,
1458 4225 1618 4280 annis
1669 4239 1766 4279 LII.
1821 4223 1981 4279 Anno

409 4308 554 4366 Ozize
583 4311 1004 4382 quadragesimo
1035 4327 1180 4368 nono
1209 4315 1384 4383 prima
1416 4316 1688 4388 Olympias
1719 4323 1838 4371 acta
1871 4325 1975 4371 est.

480 4403 573 4461 XI.
614 4404 936 4460 Joathamus
966 4407 1124 4462 annis
1154 4423 1269 4462 xvt.

2174 1888 2261 1943 I5.
2303 1887 2552 1944 Jamvero
2581 1890 2638 1943 in
2663 1888 2900 1943 Matthaei
2931 1890 3243 1961 genealogia
3265 1889 3564 1947 Jechonias
3589 1907 3686 1961 ge-

2103 1981 2222 2036 nuit
2254 1980 2603 2037 Salathielem
2653 1997 2798 2036 anno
2823 1983 2998 2038 artatis
3029 1999 3114 2038 Lvt
3172 2002 3184 2036 :
3235 1984 3323 2038 hic
3369 1982 3687 2040 Zorobabe-

2103 2074 2206 2129 lem
2249 2089 2395 2130 anno
2448 2091 2533 2128 LVI
2565 2091 2579 2141 ;
2635 2075 2724 2129 hic
2747 2074 3021 2130 Abiudum
3065 2091 3208 2130 anno
3236 2092 3339 2130 xu'
3369 2094 3384 2142 ;
3417 2076 3510 2131 hic
3540 2075 3685 2129 Elia-

2101 2165 2339 2220 chimum
2372 2182 2515 2220 anno
2545 2182 2647 2233 1.x;
2685 2165 2771 2220 hic
2787 2166 3015 2221 Azorem
3039 2182 3182 2221 anno
3211 2183 3414 2232 xxxix;
3455 2168 3546 2222 hic
3585 2167 3686 2222 Sa-

2101 2257 2335 2312 dochum
2373 2274 2519 2312 anno
2550 2275 2700 2314 χχχι.
2727 2258 2908 2314 Primo
2941 2257 3176 2313 Sadochi
3202 2275 3346 2314 anno
3374 2260 3686 2315 Alexander

2101 2348 2326 2404 Macedo
2366 2350 2645 2404 inclaruit.
2676 2350 2728 2404 Is
2755 2349 2978 2404 Achiam
3001 2365 3144 2403 anno
3170 2351 3346 2404 astatis
3374 2365 3570 2414 xxxiv;
3593 2349 3683 2404 hic

2097 2439 2352 2494 Eliudum
2394 2455 2539 2493 anno
2587 2456 2726 2499 xxx;
2754 2439 2842 2492 hic
2869 2437 3174 2492 Eliazarum
3231 2453 3376 2491 anno
3401 2454 3558 2505 1.x”;
3592 2439 3682 2493 hic

2100 2530 2409 2585 Mathancm
2457 2544 2600 2583 anno
2651 2545 2898 2595 xxxvnt;
2943 2527 3029 2580 hic
3063 2526 3322 2581 Jacobum
3365 2542 3514 2582 anno
3569 2543 3678 2593 1.x;

2097 2618 2187 2674 hic
2228 2618 2525 2688 Josephum
2589 2633 2734 2674 anno
2771 2633 2954 2672 Lxxvt.
3021 2615 3181 2670 Iesus
3227 2615 3488 2672 Christus
3534 2619 3679 2688 apud

2097 2713 2249 2767 Judae
2283 2711 2692 2765 Bethlehemum
2736 2709 3000 2763 nascitur.
3058 2707 3282 2762 Summa
3331 2711 3599 2779 temporis
3647 2726 3679 2765 a

2100 2803 2286 2875 templi
2335 2802 2682 2872 reparatione
2735 2801 2800 2855 ad
2851 2801 3054 2856 Christi
3110 2801 3311 2853 natalia
3365 2803 3498 2856 anni
3550 2814 3680 2859 sunt

2095 2913 2264 2952 nxvtn
2291 2916 2306 2964 ;
2339 2912 2368 2950 a
2394 2895 2688 2952 Solomone
2713 2896 2999 2966 primoque
3027 2894 3213 2964 templi
3240 2894 3475 2948 aedilicio
3505 2911 3679 2964 usque

2096 2991 2164 3045 ad
2191 2990 2489 3045 secundum
2541 2987 2671 3042 anni
2718 2988 2974 3054 nxn;ab
3003 2986 3150 3040 exitu
3201 2985 3268 3039 ad
3320 2987 3676 3042 Solomonem

2097 3083 2224 3138 anni
2253 3097 2524 3138 ccccuxx
2560 3097 2574 3146 ;
2607 3080 2675 3134 ab
2703 3079 3018 3135 Abrahamo
3046 3080 3112 3132 ad
3140 3078 3345 3133 exitum
3386 3080 3524 3133 anni
3565 3094 3635 3132 uv
3660 3097 3674 3144 ;

2098 3193 2128 3230 a
2157 3175 2364 3230 diluvio
2391 3173 2458 3228 ad
2491 3172 2862 3228 Ahrahamum
2906 3171 3034 3225 anni
3060 3185 3333 3225 ncccchn
3364 3189 3379 3236 ;
3432 3171 3501 3225 ab
3530 3171 3679 3224 Ada-

2097 3283 2189 3322 mo
2244 3267 2311 3322 ad
2339 3267 2601 3322 diluvium
2648 3265 2776 3320 anni
2822 3279 3076 3318 unccxtu
3115 3283 3127 3317 :
3168 3278 3382 3317 summa
3437 3263 3677 3333 denique

2097 3360 2359 3432 temporis
2393 3359 2462 3413 ab
2489 3356 2698 3411 Adamo
2745 3356 2812 3410 ad
2856 3355 3058 3411 Christi
3108 3355 3310 3408 natalia
3361 3353 3495 3408 anni
3544 3366 3677 3411 sunt

2096 3465 2651 3514 ιιιιιιιιιοιχχχχνιιι,
2708 3456 2871 3520 prout
2929 3447 3285 3518 Septuaginta
3339 3445 3675 3518 Interpretes

2095 3545 2310 3600 docent.

2166 3659 2253 3713 M.
2293 3657 2425 3713 Post
2451 3657 2657 3712 obitum
2691 3655 3003 3712 Solomonis
3025 3695 3041 3720 ,
3077 3663 3136 3710 ut
3164 3655 3278 3724 jam
3310 3655 3527 3712 dictum
3549 3671 3672 3723 est,

2093 3751 2376 3806 Roboamo
2425 3765 2649 3820 regnum
2705 3763 2942 3810 exorso,
2991 3748 3101 3801 imo
3153 3749 3332 3816 primo
3384 3753 3675 3820 regnantis

2094 3855 2240 3896 anno
2261 3881 2277 3907 ,
2311 3839 2572 3896 Samaria:
2601 3839 2789 3894 decem
2821 3837 3072 3892 tribubus
3103 3837 3373 3908 imperare
3405 3843 3577 3912 cmpit

2163 3935 2208 3990 Ι.
2247 3932 2606 3989 Jeroboamus
2635 3929 2830 3984 Nabati
2861 3930 3004 3984 ﬁlius
3035 3932 3195 3983 annis
3225 3945 3364 3987 χχιι.

2161 4025 2282 4080 Jam
2316 4026 2395 4080 uti
2430 4024 2650 4079 Davidis
2699 4031 2855 4078 aetate
2898 4023 3360 4094 prophetaverant
3407 4023 3672 4091 Gaddus,

2089 4118 2402 4184 Nathanes,
2455 4117 2746 4187 Asaphus;
2795 4132 3097 4186 rursusque
3147 4116 3462 4174 Solomonis
3510 4126 3676 4174 aetate.

2094 4213 2409 4275 Sadochus,
2441 4209 2646 4264 Achias
2677 4208 2938 4265 Silonites
2977 4218 3031 4263 et
3077 4207 3343 4277 Sameas;
3386 4210 3464 4264 ita
3503 4211 3673 4266 etiam

2086 4303 2401 4361 “.Ieroboami
2485 4300 2692 4370 filiique
2748 4301 2869 4370 ejus
2918 4300 3112 4355 Nabati
3166 4310 3329 4357 astate
3381 4302 3670 4359 vaticinati

2090 4402 2218 4451 sunt
2262 4391 2498 4457 Achias,
2545 4389 2806 4455 Sameas,
2856 4401 2969 4445 tum
3017 4399 3071 4446 et
3115 4392 3203 4446 ille
3236 4395 3331 4463 qui
3376 4395 3447 4449 ad
3492 4395 3672 4464 ipsam

476 4496 593 4554 XII.
636 4497 889 4553 Acbazus
917 4499 1076 4556 annis
1104 4516 1218 4556 χνι-
1246 4499 1546 4557 Undecimo
1573 4503 1780 4558 Achazi
1829 4517 1976 4558 anno

2127 4491 2347 4546 amariae
2376 4502 2524 4541 aram
2557 4486 2600 4550 ⁸,
2635 4499 2738 4540 nec
2768 4499 2878 4538 non
2909 4481 3107 4538 Joasus
3131 4525 3144 4546 ,
3181 4495 3233 4539 et
3259 4483 3376 4541 Joel
3397 4527 3413 4552 ,
3443 4495 3497 4544 et
3526 4488 3672 4542 Aza-

408 4589 572 4644 Israel
604 4589 658 4643 in
689 4589 1008 4645 servitutem
1041 4604 1072 4644 a
1103 4588 1487 4648 Salmanasaro
1515 4595 1770 4650 redactus
1799 4605 1905 4650 est.

476 4680 613 4737 XIII.
651 4680 915 4735 Ezechias
954 4682 1111 4737 annis
1142 4700 1292 4738 χχιχ.
1326 4683 1480 4740 Nono
1532 4686 1781 4741 Ezechiae
1831 4703 1976 4742 anno

406 4769 633 4826 Romam
665 4772 912 4827 condidit
945 4771 1212 4829 Romulus
1232 4816 1247 4841 ,
1279 4777 1370 4845 qui
1401 4785 1515 4832 erat
1561 4781 1626 4832 al.-
1661 4779 1972 4836 Abrahamo

408 4878 586 4919 annus
615 4878 929 4918 ucczxxxnt
961 4864 1094 4935 (58).

477 4953 616 5010 XIV.
658 4955 940 5012 Manasses
968 4956 1130 5012 annis
1159 4972 1251 5020 .Lv.

477 5043 593 5097 XV.
637 5043 876 5099 Amosus
905 5045 1065 5098 annis
1103 5061 1209 5099 χιι.

474 5133 614 5189 XVI.
657 5136 834 5191 .Iosias
863 5137 1022 5192 annis
1053 5153 1210 5192 χχχι.

474 5225 640 5280 XVII.
680 5225 985 5284 Joaehasus
1019 5230 1296 5286 mensibus
1341 5247 1422 5287 ιιι.
1465 5230 1794 5288 Joachasum
1838 5230 1976 5288 Nec-

471 5382 496 5416 ⁶
531 5382 720 5438 Matth.
767 5401 804 5448 ι,
845 5385 900 5439 5.
979 5387 999 5416 ⁵
1039 5386 1108 5440 III
1138 5387 1271 5459 Reg.
1307 5403 1422 5453 χιιι,
1468 5389 1519 5441 I.

474 5539 587 5607 (54)
626 5541 711 5596 AI.
743 5541 898 5603 cod.,
928 5557 1026 5596 χιι.

474 5610 585 5682 (55)
625 5612 703 5666 Ita
734 5612 809 5686 ait
837 5621 889 5668 et
915 5613 1245 5685 Eupolemus
1267 5614 1408 5686 apud
1431 5613 1725 5671 Eusebium
1742 5657 1757 5684 ,
1781 5615 1964 5685 Prcp.

402 5680 583 5748 evang.
617 5699 667 5736 ιχ
689 5721 704 5746 ,
736 5680 824 5736 50.

477 5751 588 5826 (56)
625 5754 710 5810 Al.
744 5753 866 5810 cod.
888 5794 901 5819 ,
932 5754 1196 5826 Amp/tus.

2089 4586 2198 4640 rias
2227 4583 2478 4650 idemque
2501 4577 2692 4634 Addus
2710 4616 2726 4642 ,
2760 4584 2922 4646 atque
2950 4574 3210 4630 Ananias.

2156 4673 2221 4730 II.
2263 4673 2501 4728 Nabatus
2537 4669 2696 4726 annis
2725 4684 2785 4723 ιι.

2157 4765 2246 4822 ιιι.
2286 4764 2447 4833 Bajas
2477 4762 2588 4833 (5|)
2623 4760 2782 4816 annis
2815 4777 2964 4838 xxiv.

2157 4858 2246 4914 IV.
2287 4855 2384 4910 Ela
2415 4855 2574 4910 annis
2605 4870 2666 4910 ιι.

2154 4953 2221 5009 V.
2263 4951 2484 5008 Zambri
2511 4949 2796 5006 mensibus
2822 4965 2919 5004 vn.

2155 5045 2244 5099 VI.
2286 5045 2438 5098 Amri
2472 5044 2633 5099 annis
2663 5061 2762 5098 χιι.

2151 5135 2264 5192 .VII.
2309 5138 2600 5194 Achaabus
2633 5138 2793 5193 annis
2826 5151 2964 5192 χχιι.

2153 5229 2267 5284 Sub
2298 5232 2399 5285 huc
2427 5232 2702 5301 propheta:
2733 5231 2952 5286 fuerunt
2981 5229 3213 5297 Abdias,
3247 5229 3396 5288 Elias
3418 5273 3433 5298 ,
3465 5231 3632 5289 Jesus
3660 5274 3674 5298 ,

2155 5542 2265 5606 (57)
2302 5539 2387 5596 Al.
2419 5539 2540 5594 cod.
2563 5580 2580 5604 ,
2611 5555 2784 5595 χινιι.

2153 5613 2266 5683 (58)
2304 5611 2508 5683 Moenia
2529 5612 2838 5683 tgnplaque
2864 5611 3049 5670 Romae
3073 5613 3176 5670 hoc
3194 5629 3342 5671 anno
3367 5630 3399 5670 a
3424 5613 3668 5676 Romulo

2081 5680 2345 5740 aediﬁcata
2373 5680 2538 5735 tradit
2563 5680 2850 5737 Eusebius.

2154 5753 2268 5825 (59)
2303 5750 2504 5810 Euseb.
2524 5793 2539 5822 ,
2571 5751 2803 5809 Baasus.
