3810 6296
119 323 204 376 (ὶΞὶ
859 314 1202 373 SAMUELIS
1239 310 1558 369 ANIENSIS
1592 310 1932 367 SUHMARH
1971 311 2356 368 TEMI’ORUM
2387 311 2567 367 PARS
2602 313 2640 368 1.

3257 319 3361 374 (222

118 436 284 503 01iel,
333 435 582 492 Michael
615 455 631 503 ;
677 436 797 491 falsi
843 443 1018 491 autem
1071 435 1346 506 propheta
1391 432 1686 489 Sedechias
1713 434 1763 493 Δ
1787 431 2048 488 dimissos
2077 431 2320 497 Judaos,
2351 432 2585 502 praside
2617 431 2952 489 Zorobabele
2978 434 3071 503 qui
3100 435 3362 504 templum

122 538 266 598 atque
294 527 535 584 Eliezer.

180 617 308 672 VIII.
349 617 631 674 Ochosias
659 619 824 672 annis
859 633 919 671 Il.

183 707 273 762 IX.
313 708 582 764 Joramus
640 709 800 764 annis
859 723 958 763 ιιι.
1023 705 1222 762 Iterum
1288 707 1689 777 prophetabant

119 801 249 855 Elius
279 809 334 854 et
368 800 628 856 Elisaus.
659 799 904 870 Septimo
943 798 1150 854 Jorami
1202 815 1349 854 anno
1401 799 1545 854 Elias
1600 816 1688 853 su»

118 894 348 964 perlatus
384 902 496 950 est.

176 982 239 1038 X.
279 982 384 1038 Jeu
413 985 585 1038 annis
615 998 810 1037 xxvm.

177 1074 386 1139 Minas,
423 1091 571 1146 quas
603 1075 696 1129 Dei
761 1073 911 1128 furor
938 1076 991 1128 in
1033 1075 1312 1130 Achahum
1355 1091 1684 1146 uxoremque

111 1167 222 1236 ejus
261 1165 583 1222 Jezabelem
636 1167 970 1229 intenderat,
1019 1166 1121 1222 Jeu
1173 1167 1240 1221 ad
1287 1184 1402 1222 rem
1453 1171 1684 1224 contulit

113 1262 252 1315 casis
280 1261 640 1331 septuaginta
674 1260 878 1314 Achabi
914 1259 1132 1324 liberis,
1162 1275 1262 1315 nec
1292 1276 1400 1315 non
1435 1250 1684 1317 Jezahele

115 1352 345 1418 Sidonia,
371 1363 429 1408 et
450 1353 871 1424 quadringentis
891 1353 1209 1408 exsecrandi
1231 1353 1358 1408 idoli
1383 1355 1678 1425 prophetis.

110 1445 202 1501 Per
227 1447 278 1501 id
313 1457 542 1516 tempus
575 1446 720 1515 apud
753 1447 1002 1500 lsraelem
1037 1447 1400 1516 prophetahat
1429 1448 1677 1504 Azarias.

170 1537 256 1593 XI.
295 1536 621 1592 Joachazus
652 1537 812 1592 annis
844 1553 973 1590 xvu.
1009 1537 1184 1608 Hujus
1211 1547 1371 1593 atate
1402 1554 1495 1594 rex
1524 1538 1681 1596 Juda

107 1630 288 1686 Joasus
315 1631 583 1684 Azariam
635 1629 938 1695 interfecit,
967 1638 1081 1685 tum
1109 1639 1163 1686 et
1193 1630 1419 1687 Elisaus
1449 1632 1559 1686 vita
1587 1649 1676 1688 ex-

104 1722 282 1776 cessit.

171 1813 276 1868 XII.
299 1813 510 1869 Joasus
531 1813 694 1868 annis
728 1827 839 1867 xvi.

169 1903 299 1958 XIII.
325 1905 746 1960 Hieroboamus
787 1904 945 1958 annis
980 1919 1088 1959 xu.
1138 1902 1314 1974 Hujus
1344 1913 1506 1961 atate
1534 1907 1677 1960 vati-

103 1998 254 2051 cinati
291 2007 425 2053 sunt
457 1995 937 2062 0seas,Amosus,
977 1995 1144 2052 Isaias
1167 2005 1220 2052 et
1241 1995 1430 2053 Jonas.

165 2088 299 2145 XIV.
326 2089 642 2144 Zacharias
675 2088 956 2144 mensibus
986 2105 1057 2142 vi.

167 2183 275 2239 XV.
311 2181 605 2238 Sellumus
635 2181 830 2237 diebus
849 2196 978 2236 ην.

165 2275 300 2328 XVI.
333 2275 672 2330 Manaemus
707 2273 868 2328 annis
898 2290 953 2328 x.

166 2367 320 2426 XVII.
364 2367 622 2422 Phaceas
645 2367 801 2422 annis
835 2383 890 2421 x.
921 2364 1076 2422 Nono
1108 2366 1273 2438 hujus
1324 2382 1469 2424 anno
1499 2367 1674 2438 prima

101 2462 357 2531 Olympias
392 2469 521 2515 acta
551 2468 662 2515 est.

161 2552 344 2610 XVIH.
381 2553 637 2608 Phaceas
675 2552 834 2609 annis
864 2569 956 2607 xx.

162 2645 297 2701 XIX.
322 2645 506 2702 Oseas
538 2643 703 2699 annis
734 2660 812 2700 ix.

163 2735 294 2794 Osca
325 2745 625 2808 regnante,
652 2735 835 2791 decem
869 2736 1046 2792 tribus
1075 2733 1325 2792 servituti
1352 2733 1674 2806 mancipata

104 2839 270 2884 sunta
302 2828 728 2891 Salmanasaro,
778 2826 1129 2898 deletumque
1174 2824 1534 2881 Israeliticum
1579 2823 1676 2879 Sa-

101 2926 268 2980 maria
289 2940 553 2997 regnum,
581 2937 728 2979 anno
778 2923 982 2977 Achazi
1007 2920 1332 2992 imperantis
1357 2919 1668 2984 undecimo,

103 3025 374 3087 postquam
399 3016 569 3071 annis
602 3029 704 3069 CCL
727 3019 992 3070 stetisset.
1041 3012 1181 3068 Hinc
1205 3020 1387 3067 autem
1425 3010 1493 3066 ad
1531 3017 1673 3066 tem-

1795 523 2096 595 urbemque
2152 525 2395 580 restituit
2431 545 2444 579 :
2481 533 2596 579 tum
2612 534 2670 580 et
2702 525 2989 594 pontiﬁces
3035 526 3364 582 exstiterunt

1791 632 1964 685 usque
1990 626 2058 669 ad
2089 623 2313 670 unctum
2340 616 2557 680 ducem,
2594 617 2648 671 in
2672 633 2783 687 quo
2813 617 3138 688 patriarcha
3170 616 3361 674 Jacobi

1788 708 2104 762 vaticinatio
2141 709 2347 762 exitum
2408 709 2604 762 sortita
2649 715 2736 763 est
2765 708 2998 764 dicentis
3027 728 3042 765 :
3074 707 3229 765 Haud
3261 709 3360 764 de-

1788 798 2056 853 fecturum
2083 815 2112 852 e
2132 796 2270 851 Juda
2305 797 2639 867 principem,
2671 797 2755 853 vel
2779 797 2847 853 de
2877 798 3122 867 ejusdem
3157 798 3362 855 femore

1787 888 2003 952 ducem,
2037 889 2214 957 quoad
2237 887 2326 941 ille
2354 886 2673 942 adventaret
2723 888 2791 943 ad
2811 904 2971 956 quem
3002 889 3236 960 pertinet
3260 891 3360 943 im-

1785 981 1999 1052 perium
2029 983 2070 1036 ‘.
2098 980 2216 1035 Jam
2239 981 2379 1037 duce
2410 981 2745 1038 Zorobabete
2777 983 3023 1053 pontifex
3049 991 3167 1039 erat
3195 983 3359 1040 Jesus

1782 1073 2070 1130 Josedechi
2101 1074 2246 1129 ﬁlius
2283 1091 2295 1124 :
2323 1077 2446 1129 exin
2492 1073 2774 1130 Jachimus
2802 1115 2817 1139 ,
2855 1075 2995 1130 idem
3021 1077 3113 1146 qui
3137 1075 3360 1130 Joachi-

1785 1182 1928 1229 mus,
1957 1165 2087 1222 Jesu
2120 1167 2302 1223 ﬁlius:
2336 1182 2436 1223 nec
2487 1182 2596 1221 non
2658 1167 2851 1222 Elarus
2878 1168 3011 1237 (60),
3067 1168 3208 1224 idem
3264 1169 3357 1236 qui

1783 1258 2088 1322 Esiasibus,
2126 1260 2270 1316 filius
2313 1257 2570 1315 Jachimi.
2631 1259 2758 1314 Erat
2782 1261 3008 1330 insuper
3045 1259 3250 1316 Esdras
3277 1276 3362 1314 Sa-

1781 1351 2000 1417 cerdos,
2025 1351 2207 1406 scriba
2247 1351 2427 1422 legum
2472 1367 2778 1416 sacrarum,
2833 1353 3143 1422 nobilisque
3169 1353 3360 1406 doctor

1781 1458 1973 1498 eorum
1990 1443 2082 1514 qui
2116 1443 2392 1514 Babylone
2447 1443 2500 1498 in
2551 1443 2794 1499 Judaam
2828 1443 3188 1500 ascenderant
3221 1444 3356 1515 (6t).

1779 1534 1978 1591 Joadas
2011 1535 2165 1589 Asibi
2202 1535 2364 1600 tilius,
2400 1535 2504 1590 sub
2529 1551 2638 1605 quo
2664 1534 2958 1590 Nehemias
2998 1537 3219 1590 Artaxis
3239 1537 3360 1604 pin-

1780 1643 1968 1693 cerna,
1989 1643 2187 1700 genere
2207 1626 2488 1692 Hebraus,
2513 1626 2789 1698 Babylone
2816 1629 2962 1684 venit
2987 1627 3358 1700 Hierosolyma

1785 1735 2081 1790 murosque
2105 1718 2387 1775 excitavit.
2419 1717 2661 1774 Joannes
2685 1718 2870 1774 Joada
2899 1718 3062 1775 filius.
3118 1719 3355 1774 Joannis

1783 1812 1927 1868 Illius
1954 1811 2182 1875 Jaddus,
2206 1811 2366 1880 cujus
2388 1819 2546 1866 atate
2582 1810 2804 1866 Macedo
2833 1811 3139 1866 Alexander
3166 1811 3360 1866 Hiero-

1782 1905 1993 1975 solyma
2021 1902 2301 1972 ingressus
2333 1901 2501 1957 Deum
2525 1903 2796 1958 adoravit.
2818 1901 2989 1957 Ouias
3013 1901 3170 1956 Jaddi
3195 1903 3359 1957 filius.

1782 1996 2006 2050 Simeon
2033 2000 2395 2064 cognomento
2433 1990 2648 2048 Justus.
2688 1991 2960 2048 Simeonis
3011 1992 3177 2048 frater
3206 1991 3363 2048 Elca-

1781 2103 1964 2149 zarus,
1988 2086 2094 2142 sub
2108 2099 2218 2154 quo
2241 2082 2602 2154 Septuaginta
2645 2083 2761 2138 Viri
2794 2084 3008 2139 divinos
3040 2084 3210 2139 libros
3233 2082 3362 2136 Pto-

1779 2179 1950 2234 lemai
1975 2179 2124 2250 regis
2148 2179 2309 2248 jussu
2337 2178 2403 2233 ad
2446 2176 2651 2231 Graca
2684 2176 2880 2248 lingua
2909 2175 3360 2231 consuetudinem

1777 2267 2222 2322 transtulerunt.
2281 2266 2563 2322 Manasses
2618 2265 2860 2320 Eleazari
2912 2274 3158 2336 patruus.
3190 2265 3360 2320 Onias

1780 2354 2056 2409 Simeonis
2083 2353 2226 2410 Justi
2272 2355 2436 2411 Illius.
2477 2353 2629 2409 Onia
2678 2355 2820 2410 Iilius
2855 2355 3098 2418 Simeon,
3123 2356 3228 2410 sub
3253 2372 3361 2425 quo

1776 2454 1903 2501 erat
1929 2443 2094 2502 Jesus
2132 2445 2369 2500 Sirachi.
2407 2445 2680 2501 Simeonis
2710 2446 2852 2502 filius
2879 2444 3066 2501 Onias.

1849 2539 1940 2594 I8.
1974 2538 2112 2594 Tres
2141 2537 2339 2595 deinde
2377 2554 2442 2592 ac
2468 2537 2691 2609 triginta
2721 2547 2845 2609 post
2871 2553 3043 2592 annos
3057 2540 3359 2594 Antiocnus

1780 2629 2092 2700 Epiphanes
2122 2629 2365 2685 Judaam
2420 2630 2708 2700 ingressus
2764 2631 3139 2700 pontificatum
3165 2629 3359 2684 Judai-

1777 2737 1901 2777 cum
1925 2737 1957 2776 a
1993 2719 2126 2777 Jesu
2154 2727 2519 2792 cognomento
2539 2719 2742 2775 Jasone
2769 2721 2836 2774 ad
2857 2721 3100 2789 ejusdem
3136 2719 3357 2776 fratrem

1776 2809 1974 2867 Oniam
2041 2812 2368 2878 transtulit;
2426 2827 2622 2867 rursus
2686 2811 2812 2866 huic
2870 2818 3116 2881 ereptum
3144 2850 3159 2874 ,
3208 2808 3358 2865 Onia

1725 2936 1736 2950 ο
1775 2914 2135 2975 cognomento
2169 2902 2412 2959 Menelao
2439 2903 2606 2958 dedit.
2648 2901 2770 2958 Mox
2814 2903 3002 2974 elapso
3033 2904 3352 2972 quinquen—

1776 2997 1869 3051 nio
1905 2996 2188 3068 occupatis
2237 2993 2628 3067 Hierosolymis
2679 2995 2940 3064 templum
2995 2993 3243 3064 diripuit,
3279 2994 3357 3048 si.

103 3084 242 3177 plum
271 3107 686 3180 Hierosolymis
720 3105 1245 3162 Nabuchodonosori
1279 3104 1333 3160 vi
1366 3103 1471 3160 sub
1498 3101 1668 3158 Sede-

1790 3106 1942 3162 ;num
1993 3087 2144 3146 Jovis
2183 3087 2445 3160 Olympici
2508 3086 2707 3143 ibidem
2752 3086 3070 3152 collocavit;
3116 3087 3170 3140 in
3198 3084 3358 3139 Cari-

103 3201 208 3256 chia
237 3217 498 3258 eversum
533 3199 667 3255 anni
695 3207 1054 3255 numerantur
1082 3214 1227 3254 CLVI.

160 3296 239 3351 I5.
269 3295 311 3349 Ε
343 3295 808 3366 Paralipomenis.
842 3293 961 3348 Jam
999 3295 1067 3349 de
1109 3292 1300 3347 Levini
1360 3305 1563 3363 genere
1593 3303 1684 3345 sa-

102 3386 335 3442 cerdotes
355 3401 541 3456 usque
561 3383 632 3438 ad
662 3383 1040 3454 captivitatem
1102 3382 1324 3437 fuerunt
1349 3382 1440 3436 hi:
1472 3381 1680 3439 Aaron.

95 3476 401 3544 'Eliazarus,
440 3477 710 3542 Ihinees,
740 3477 1008 3540 Abiudus,
1037 3477 1320 3541 Borchias,
1355 3473 1540 3537 Ozias,
1575 3472 1682 3526 Za-

106 3587 237 3634 reas,
261 3571 603 3634 Mariothus,
661 3569 933 3632 Amarias,
981 3568 1304 3628 Achitobus.
1371 3565 1679 3631 Sadochus,

104 3662 407 3728 Achiamas,
438 3663 698 3727 Azarias,
718 3660 916 3724 Jonau.
942 3661 1187 3722 Azarias.
1211 3659 1482 3721 Amarias,
1514 3657 1682 3712 Achi-

103 3755 269 3820 tobus,
303 3756 630 3816 Sadochus,
666 3752 895 3808 Elumus
920 3793 935 3816 ,
973 3751 1249 3818 Helchias,
1285 3752 1534 3814 Azarias,
1571 3749 1680 3804 Za-

107 3861 254 3912 raus,
297 3847 674 3909 Josedechus,
734 3846 827 3914 qui
872 3845 1199 3916 Babylonem
1261 3845 1532 3900 concessit
1567 3859 1678 3913 quo

104 3948 332 4009 tempore
362 3938 948 3994 Nahuchodonosorus
1001 3935 1196 3990 Judam
1231 3937 1500 3991 servitute
1521 3951 1676 4006 pres-

105 4031 182 4086 sit.
210 4030 334 4087 Hac
356 4031 801 4101 Paralipomenis
825 4029 1208 4084 commendata
1236 4037 1387 4083 sunt.

165 4124 248 4178 I6.
282 4125 458 4196 Igitur
477 4122 630 4178 Josia
664 4123 882 4176 tertium
908 4122 1019 4190 jam
1068 4130 1121 4175 et
1160 4121 1432 4175 decimqu
1471 4135 1674 4174 annum

103 4209 243 4268 Juda
289 4215 628 4284 imperante,
695 4211 909 4265 initium
958 4211 1323 4284 prophetandi
1369 4209 1673 4266 Hieremias

105 4301 221 4357 fecit
251 4326 263 4360 :
303 4316 424 4359 tum
457 4313 514 4358 et
548 4291 696 4357 anno
743 4303 986 4372 ejusdem
1044 4302 1188 4370 regis
1224 4302 1466 4356 secundo
1508 4315 1675 4370 supra

107 4397 421 4453 \icesimum
447 4396 762 4467 Sophonias
815 4403 870 4450 et
909 4394 1210 4451 Hieremias
1239 4397 1671 4466 prophetabant:

1790 3183 1916 3238 zino
1941 3181 2052 3254 (62)
2081 3191 2262 3238 autem
2323 3178 2473 3236 Jovis
2515 3178 2812 3249 llospitalis
2840 3181 2883 3234 ⁷.
2928 3178 3004 3254 Ea
3034 3185 3357 3248 tempestate

1789 3253 2077 3332 Matathias
2126 3273 2348 3344 quidam
2398 3271 2657 3327 sacerdos
2700 3253 3004 3326 Asamonai
3055 3269 3242 3333 ﬁlius,
3285 3285 3351 3324 cx

1785 3369 1990 3440 Oppido
2025 3367 2302 3434 Hodimo,
2356 3366 2499 3420 bello
2545 3365 2809 3419 adversus
2862 3363 3048 3434 copias
3096 3363 3355 3418 Antiochi

1785 3478 1911 3519 cum
1938 3460 2066 3516 [iliis
2087 3458 2205 3516 suis
2226 3456 2565 3514 decertabat.
2611 3454 2677 3510 Et
2712 3453 2883 3510 Judas
2929 3469 3064 3510 sane
3101 3454 3243 3509 filius
3273 3453 3356 3507 fu-

1784 3567 1906 3623 gam
1933 3549 2192 3621 Syrorum
2210 3547 2360 3612 fecit,
2393 3546 2765 3616 templumque
2788 3543 3058 3608 lustravit,
3083 3558 3148 3598 ac
3179 3545 3354 3612 patria

1783 3657 1941 3699 sacra
1975 3641 2238 3704 restituit,
2273 3655 2396 3710 qua
2452 3637 2692 3693 triennio
2717 3635 3118 3692 obsoleverant.
3151 3633 3355 3688 Deinde

1781 3737 2008 3792 Menelai
2061 3732 2377 3790 Judaorum
2417 3730 2694 3801 pontiﬁcis
2739 3727 3103 3785 sacerdotium
3156 3727 3356 3797 excipit

1781 3830 2047 3891 Alcimus,
2092 3828 2238 3883 idem
2288 3825 2382 3896 qui
2423 3824 2726 3886 Jachimus,
2777 3823 2990 3878 alienus
3020 3821 3145 3876 licet
3167 3821 3352 3892 generi

1779 3921 2126 3977 sacerdotali.
2178 3919 2544 3986 Quamobrem
2589 3917 2756 3970 Onias
2793 3913 3074 3970 sacerdote
3099 3914 3351 3984 progeni-

1776 4024 1867 4070 tus
1908 4016 1962 4068 in
1993 4013 2289 4084 IEgyptum
2315 4011 2702 4080 proﬁciscitur,
2739 4008 2922 4077 ibique
2952 4007 3139 4060 urbem
3164 4005 3353 4060 condit

1776 4107 2082 4176 Amopolim
2111 4106 2317 4174 (65).in
2348 4119 2520 4172 eaque
2551 4103 2813 4170 templum
2863 4099 2928 4152 ad
2964 4099 3138 4152 instar
3166 4096 3354 4151 Hiero-

1779 4196 2092 4266 solymitani
2147 4193 2467 4264 erigendum
2493 4199 2672 4246 curat.
2711 4190 2957 4244 A-lcimus
3014 4195 3194 4241 autem
3226 4201 3352 4240 cum

1776 4287 1915 4343 Juda
1950 4286 2252 4357 conﬂigens
2300 4285 2451 4340 brevi
2485 4300 2516 4338 a
2549 4282 2661 4338 Deo
2715 4295 3012 4350 percussus
3077 4279 3280 4333 interiit
3306 4277 3347 4330 ⁸.

1778 4380 1943 4450 Igitur
1967 4379 2243 4434 communi
2300 4377 2560 4448 suIIragio
2612 4373 2979 4431 sacerdotium
3036 4372 3102 4426 ad
3155 4368 3350 4424 Judam

107 4504 402 4560 rursusque
431 4503 579 4542 anno
611 4485 888 4543 Sedechia
919 4495 1117 4556 quarto
1145 4487 1426 4541 Baruchus
1459 4495 1512 4542 et
1544 4486 1669 4542 Ilie-
1704 4502 1747 4556 ι)
1780 4474 2036 4528 conatum
2061 4477 2166 4525 θεί-

110 4583 297 4636 remias
327 4599 341 4634 :
374 4590 576 4634 octavo
604 4587 784 4633 autem
837 4579 1167 4648 captivitatis
1194 4593 1337 4632 anno
1358 4577 1542 4633 Daniel
1573 4577 1674 4631 Ba-

109 4671 292 4741 bylone
323 4680 382 4727 et
417 4670 710 4725 Ezechiel:
747 4679 860 4722 tum
897 4685 1042 4724 anno
1063 4677 1257 4724 octavo
1305 4684 1368 4723 ac
1389 4670 1672 4725 tricesimo

108 4763 329 4833 Aggaus
372 4771 430 4818 et
478 4761 817 4816 Zacharias:
862 4769 1015 4816 sexto
1053 4760 1290 4830 denique
1315 4775 1458 4815 anno
1503 4775 1669 4829 supra

104 4858 503 4927 sexagesimum
537 4853 700 4908 iidem
729 4855 958 4924 Aggaus
984 4869 1048 4907 ac
1075 4853 1391 4916 Zacharias.
1435 4853 1673 4922 itemque

109 4946 415 5004 Halachias.
444 4948 565 5001 Atia
614 4945 842 5001 historia
878 4946 1048 4999 tradit
1092 4947 1411 5001 vaticinatus
1440 4961 1562 5000 esse
1589 4946 1675 4999 his

106 5040 442 5109 temporibus
497 5036 829 5098 Nahumum,
857 5035 1313 5100 Ambachumum,
1341 5035 1664 5090 Malachiam

106 5142 259 5200 atque
284 5132 593 5187 Danielem.

172 5219 256 5273 I7.
292 5220 540 5277 lamvero
561 5234 672 5290 quo
691 5227 850 5288 pacto
873 5217 1120 5275 videntes
1140 5227 1194 5274 et
1225 5219 1504 5290 propheta
1527 5218 1670 5288 apud

106 5324 540 5384 captivoserant,
578 5314 769 5369 eodem
791 5315 952 5368 etiam
992 5322 1114 5382 post
1156 5327 1261 5364 ιιι
1319 5326 1494 5365 annos
1526 5311 1666 5379 apud

1853 4609 1936 4663 I9.
1964 4609 2003 4662 ι.
2031 4606 2222 4669 Judas,
2254 4605 2346 4674 qui
2391 4611 2445 4658 et
2475 4600 2871 4660 Macchabaus.
2929 4599 3087 4654 annis
3115 4614 3175 4652 ιιι
3206 4599 3349 4653 intra

1775 4698 2132 4772 Olympiadem
2160 4696 2513 4752 centesimam
2545 4692 3049 4764 quinquagesimam
3078 4691 3346 4760 quintam.

1850 4812 1913 4868 ll.
1946 4811 2229 4874 Jonathas,
2261 4809 2352 4879 qui
2385 4815 2438 4862 et
2463 4805 2751 4878 Aphuthus
2773 4844 2787 4867 ,
2812 4803 2970 4857 annis
2991 4818 3105 4856 xix.

1852 4902 1938 4956 III.
1969 4902 2180 4966 Simon,
2204 4900 2299 4970 qui
2322 4908 2376 4954 et
2403 4898 2647 4962 Tarscis,
2684 4896 2845 4950 annis
2873 4910 2994 4948 vni.

1849 4993 1940 5048 IV.
1970 4991 2279 5064 Hyrcanus,
2305 4990 2400 5060 qui
2429 4997 2483 5044 et
2509 4987 2772 5052 Joannes,
2805 4989 2965 5041 annis
2995 5001 3142 5040 xxvi.

1849 5106 1916 5161 ν.
1957 5107 2298 5163 Aristabulus
2326 5121 2470 5160 anno
2497 5121 2532 5158 ι.
2576 5103 2655 5158 Ad
2683 5103 3046 5159 sacerdotium
3067 5099 3352 5155 Aristabu-

1777 5195 1865 5254 lus
1894 5199 2142 5253 diadema
2165 5198 2370 5268 regium
2388 5196 2605 5266 adjecit.

1851 5311 1934 5364 VI.
1959 5309 2236 5375 Jannaus,
2275 5311 2440 5380 quiet
2467 5307 2802 5372 Alexander,
2836 5306 2995 5362 annis
3024 5321 3171 5360 xxvii
3215 5303 3346 5374 (δι).

169 5468 193 5500 ⁸
227 5467 368 5526 Gen.
410 5486 563 5525 xux.
604 5468 692 5523 I0.
768 5469 786 5498 ⁷
817 5465 863 5522 ll
897 5468 1139 5523 Machab.
1175 5485 1250 5532 vi,
1291 5467 1345 5520 2.
1420 5468 1441 5498 ⁸
1478 5463 1516 5519 ΙΙ
1551 5463 1807 5523 Machab.
1842 5483 1918 5531 ix,
1958 5432 2046 5533 55,
2077 5466 2166 5521 56.

175 5605 290 5674 (60)
324 5605 397 5659 Ita
421 5605 642 5661 codices
674 5603 964 5660 Samuelis.

174 5678 287 5744 (6|)
313 5676 512 5731 Confer
538 5674 833 5729 Eusebium
857 5676 925 5730 ad
961 5693 1050 5738 an.
1085 5676 1239 5730 I558.

180 5747 295 5820 (62)
325 5745 492 5803 Codd.
505 5785 520 5812 ,
550 5745 792 5800 Samrin.

1850 5574 1962 5674 (653
1989 5602 2279 5665 Eusebius,
2309 5602 2374 5656 ad
2399 5619 2600 5656 annum
2629 5601 2783 5665 I856,
2821 5600 3078 5672 Onuplu's.

1851 5674 1963 5745 (δι)
1995 5674 2074 5728 Al.
2112 5675 2257 5739 cod.,
2298 5689 2502 5728 xxxv”.
