3810 6316
390 337 496 392 625

1437 316 1777 374 APPENDIX
1815 316 1905 370 AD
1943 315 2217 372 EUSEBII
2256 310 2673 370 CHRONICON.

3567 299 3673 356 624

461 451 576 507 VII.
611 447 922 503 Alexandra
962 457 1099 498 uxor
1154 439 1448 496 Alexandri
1498 437 1656 491 annis
1715 449 1794 489 ιιι.
1849 433 1974 489 Haec
2003 443 2053 497 Α
2152 432 2239 488 IV.
2281 432 2498 494 Zames,
2526 429 2621 499 qui
2645 436 2699 483 et
2731 424 2961 488 Ninuas,
2993 419 3152 474 annis
3184 435 3356 472 xxxii.

383 541 707 598 Alexandra
732 537 919 592 Salina
944 540 1136 591 vocata
1177 537 1280 586 est.

460 632 597 689 VIII.
626 631 916 704 Hyrcanus
939 626 1098 681 annis
1127 639 1294 677 xxxiv
1331 621 1468 691 (65).

459 728 553 782 ‘20.
583 726 722 781 Cum
751 720 1094 776 Aristabulus
1139 725 1193 771 et
1236 713 1524 784 Hyrcanus
1551 710 1849 767 Alexandri
1882 709 1978 764 ﬁlii

396 823 540 876 inter
571 833 632 874 se
665 817 1071 872 concertarent,
1095 807 1390 877 Pompeius
1415 806 1693 859 Romanus
1715 819 1980 875 superve-

396 907 942 970 niensAristabulum
965 903 1218 958 vinctum
1239 915 1425 956 secum
1453 898 1700 964 abduxit,
1729 896 1983 968 Hyrcano

397 1015 578 1062 autem
616 1000 998 1074 pontiﬁcatum
1025 992 1398 1054 conﬁrmavit,
1431 991 1524 1062 qui
1561 990 1784 1060 quidem
1821 987 1983 1044 annis

395 1110 631 1170 quatuor
667 1093 1002 1164 trigintaque
1025 1097 1149 1160 post
1183 1102 1214 1141 a
1251 1085 1471 1140 Parthis
1516 1091 1712 1152 captus
1737 1089 1844 1138 est.
1893 1077 1987 1134 Sic

395 1191 706 1245 Iudaeorum
760 1200 988 1255 regnum
1011 1182 1273 1250 unctique
1331 1175 1592 1248 prazsides
1640 1173 1986 1249 desiverunt,

398 1285 477 1339 uti
515 1281 703 1335 Daniel
745 1277 1067 1350 praedixerat
1095 1290 1108 1326 :
1156 1279 1450 1327 unctorum
1477 1274 1659 1323 autem
1686 1264 1988 1337 praesidum

401 1377 621 1431 nomine
649 1371 938 1444 pontiﬁces
958 1368 1364 1438 intelliguntur,
1400 1363 1493 1433 qui
1533 1368 1662 1431 post
1698 1358 1990 1414 redituma

400 1469 724 1540 captivitate
748 1464 955 1536 populo
983 1461 1324 1532 prazfuerunt
1353 1477 1366 1510 :
1404 1455 1611 1525 quique
1635 1451 1749 1507 orsi
1778 1464 1810 1502 a
1834 1461 1993 1504 sexa-

402 1566 607 1633 gesima
630 1559 821 1630 quinta
851 1553 1160 1627 Olympiade
1195 1551 1301 1606 sub
1331 1548 1517 1611 Dario,
1553 1542 1862 1616 Olympiade
1895 1541 1991 1633 def

402 1632 552 1709 mum
579 1652 878 1708 centesima
905 1647 1238 1716 octogesima
1281 1650 1435 1698 sexta
1496 1640 1657 1694 ﬁnem
1701 1632 1989 1692 fecerunt:

2148 526 2212 579 V.
2254 525 2419 578 Arius
2448 522 2610 578 annis
2637 536 2765 573 xxx.

2152 616 2240 672 Vl.
2281 615 2504 668 Aralius
2530 615 2690 666 annis
2719 625 2807 663 ιιι..

2151 706 2262 761 VII.
2304 704 2535 767 Xerxes,
2571 701 2666 772 qui
2692 708 2746 756 et
2775 700 2992 762 Baleus,
3025 697 3186 752 annis
3217 711 3346 748 xxx.

2152 797 2286 853 VIII.
2329 795 2713 851 Armamithris
2745 793 2905 848 annis
2937 806 3171 848 xxxvm.
3247 793 3250 804 '

2153 891 2244 947 IX.
2285 891 2554 946 Belochus
2577 888 2736 944 annis
2767 903 2931 943 xxxv.

2155 982 2223 1038 X.
2266 981 2458 1036 Baleus
2489 980 2647 1035 annis
2675 996 2743 1034 xv
2769 977 2904 1048 (69).

2157 1074 2249 1130 XI.
2290 1072 2516 1128 Altadas
2543 1072 2702 1126 annis
2724 1086 2896 1125 xxxn.

2158 1165 2272 1220 Xll.
2315 1164 2578 1219 Mamelus
2606 1162 2766 1217 annis
2798 1177 2926 1216 xxx.
2953 1161 3112 1214 Anno
3142 1157 3308 1228 bujus
3347 1163 3546 1227 quarto
3574 1151 3673 1209 do-

2092 1260 2234 1316 cimo
2265 1257 2538 1328 Iosephus
2567 1256 2722 1310 obiit.

2164 1350 2304 1406 Xlll.
2345 1349 2612 1420 Mamylus
2643 1347 2780 1400 alter
2809 1343 2968 1400 annis
2997 1358 3127 1398 xxx.

2165 1440 2304 1496 XIV.
2348 1439 2664 1512 Sparzetbus
2696 1437 2854 1492 annis
2886 1451 2973 1490 ιι..

2167 1535 2283 1591 XV.
2325 1531 2672 1588 Manchaleus
2705 1529 2865 1585 annis
2895 1543 3022 1582 xxx.

2168 1626 2308 1682 XVI.
2374 1625 2632 1696 Sphaerus
2693 1621 2852 1677 annis
2915 1636 3007 1674 xx.
3077 1616 3251 1687 Ilujus
3309 1630 3457 1671 anno
3513 1614 3679 1670 tertio

403 1743 552 1814 quod
586 1741 849 1812 temporis
890 1713 1233 1793 intervallum
1266 1733 1453 1788 Daniel
1487 1730 1751 1802 propheta
1777 1734 2056 1814 septua-n
2098 1721 2336 1790 Cecr0ps
2368 1717 2599 1773 Athenis
2631 1716 2841 1787 primus
2875 1713 3141 1784 regnavit.

406 1800 558 1910 ginta
587 1800 986 1891 hebdomadum
1039 1831 1202 1886 titulo
1234 1800 1677 1884 adumbraverat.
1722 1823 1982 1894 Equidem
2017 1800 2058 1853 Β
2091 1811 2327 1910 "XVII.
2362 1809 2602 1866 Ascades
2629 1807 2742 1879 (70)
2765 1807 2932 1910 'annis
2957 1822 3044 1910 XL:
3071 1803 3244 1875 Hujus
3285 1811 3478 1910 octavo
3529 1813 3681 1910 anno

408 1887 534 2000 post
558 1927 872 1998 Hyrcanum
903 1939 1063 1978 nemo
1091 1922 1194 1977 fuit
1221 1937 1251 1976 e
1273 1935 1471 1992 genere
1506 1887 1853 1977 sacerdota-li,
1890 1911 1986 1968 sed
2091 1905 2267 1961 Moses
2309 1903 2422 1974 jam
2465 1900 2849 1973 octogenarius
2882 1897 3142 1968 populum
3183 1909 3248 1948 ex
3284 1890 3521 1962 Egypto
3545 1887 3680 1945 sub-

411 2016 608 2086 ignotze
639 2014 828 2084 stirpis
854 2011 1116 2066 menstrui
1142 2009 1364 2081 quidam
1390 2009 1473 2064 vel
1501 2005 1666 2061 annui
1701 2002 1984 2076 praesides.

411 2105 551 2160 Tum
578 2106 816 2175 denique
841 2103 1082 2160 Herodes
1103 2103 1408 2174 alienigena
1459 2114 1687 2172 regnum
1726 2097 1986 2160 obtinuit,

413 2194 574 2266 cuju's
595 2197 873 2252 tricesimo
907 2195 1148 2251 secundo
1183 2211 1326 2249 anno
1363 2192 1628 2250 Dominus
1671 2189 1872 2248 Noster
1893 2188 1987 2246 Je-

415 2305 512 2345 sns
533 2289 791 2345 Christus
827 2298 988 2343 natus
1019 2295 1124 2343 est.

1027 2419 1256 2476 CAPUT
1282 2420 1373 2477 VI.

875 2534 1062 2589 Chami
1094 2537 1343 2604 prosapia
1387 2534 1528 2605 (66).

487 2653 542 2706 «ι.
578 2647 856 2705 Hactenus
887 2665 987 2706 nos
1022 2664 1120 2720 pro
1145 2657 1402 2719 suscepto
1430 2649 1713 2720 proposito
1744 2655 1993 2718 posteros

419 2741 566 2798 Semi
592 2743 660 2796 ad
689 2743 981 2797 adventum
1015 2757 1190 2812 usque
1229 2741 1434 2797 Christi
1485 2741 1686 2796 divinis
1727 2741 1884 2796 libris
1907 2743 1998 2795 in—

419 2837 531 2890 nixi
559 2835 908 2907 digessimus.
942 2835 1098 2889 Nunc
1135 2836 1201 2889 ad
1238 2834 1505 2889 Chamum
1556 2849 1678 2905 quae
1721 2834 1998 2903 pertinent

418 2926 706 2980 scribenda
763 2935 926 2993 sunt;
973 2925 1118 2979 haud
1171 2940 1333 2991 sane,
1384 2933 1444 2978 ut
1467 2923 1637 2988 Semi,
1695 2924 1997 2979 liberorum
2035 2935 2053 2959 ο

421 3019 732 3083 successio,
767 3019 862 3072 sed
894 3033 1159 3072 annorum
1204 3031 1499 3084 numerus,
1529 3031 1720 3087 regum
1752 3015 1996 3080 nomina,

421 3118 538 3164 tum
559 3125 807 3181 quamam
841 3118 1030 3181 gentes
1073 3111 1317 3180 potentia
1361 3117 1536 3164 auctae
1577 3110 1872 3165 alterutras
1906 3108 2002 3164 de-
2028 3147 2072 3207 C

418 3201 694 3267 vicerunt,
727 3216 901 3270 usque
925 3201 990 3256 ad
1017 3202 1313 3256 humanam
1369 3199 1681 3256 Servatoris
1722 3207 1996 3253 naturam.

421 3289 504 3346 Ex
528 3293 777 3363 eoigitur
807 3292 948 3354 loco,
991 3293 1048 3346 in
1103 3308 1214 3363 quo
1267 3306 1448 3347 sermo
1495 3300 1685 3347 noster
1733 3289 1999 3355 substitit,

423 3399 548 3438 cum
581 3381 774 3440 Chami
814 3385 1240 3453 procreationes,
1258 3394 1422 3455 prout
1453 3399 1550 3440 eas
1581 3398 1756 3438 sacrae
1784 3382 2004 3438 Littera:

2089 1997 2263 2053 duxit.

2159 2088 2349 2147 XVIII.
2391 2088 2655 2160 Amyntas
2685 2083 2845 2140 annis
2879 2097 3003 2137 va.

2158 2179 2305 2236 XIX.
2347 2177 2613 2234 Belechus
2643 2174 2756 2247 (71)
2789 2173 2950 2228 annis
2983 2185 3109 2225 xxv.

2162 2272 2283 2328 XX.
2325 2272 2616 2342 Balepares
2641 2267 2803 2323 annis
2838 2280 2966 2320 xxx.

2167 2364 2308 2419 XXI.
2349 2362 2674 2435 Lamprides
2705 2359 2866 2414 annis
2896 2371 3070 2412 xxxu.

2165 2457 2330 2513 XXII.
2371 2457 2627 2529 Pannyas
2653 2454 2814 2510 annis
2847 2468 2974 2507 va.

2164 2549 2356 2606 XXIII.
2399 2549 2690 2605 Sosarmus
2729 2545 2889 2602 annis
2926 2559 3040 2598 xtx.

2165 2642 2356 2699 XXIV.
2399 2641 2632 2697 Zosares
2664 2638 2827 2695 annis
2861 2654 2954 2691 xx.

2167 2736 2334 2792 XXV.
2377 2734 2699 2806 Lamprides
2733 2733 2894 2788 annis
2931 2746 3060 2784 xxx.

2169 2829 2359 2886 XXVI.
2403 2829 2681 2882 Mithraans
2717 2825 2878 2880 annis
2907 2838 3078 2877 xxvn.

2168 2921 2384 2978 XXVII.
2433 2919 2708 2974 Taulanes
2740 2915 2898 2970 annis
2927 2929 3077 2967 xxxi.
3116 2910 3277 2963 Anno
3311 2905 3585 2962 Tautanis
3608 2903 3696 2961 vi-

2102 3019 2306 3074 cesimo
2336 3015 2528 3084 quinto
2563 3011 2695 3065 urbs
2725 3008 2882 3063 Ilium
2913 3015 3070 3076 capta
3105 3012 3208 3060 est.

2172 3105 2413 3164 XXVIII.
2455 3104 2708 3160 Teutteus
2731 3099 2892 3154 annis
2921 3114 3008 3152 ιιι..

2174 3196 2364 3252 XXIX.
2406 3195 2680 3252 Othencus
2706 3191 2867 3247 annis
2892 3205 3018 3244 xxx.

2177 3289 2348 3346 XXX.
2397 3287 2679 3360 Dercyllns
2711 3286 2871 3341 annis
2910 3299 3000 3338 ιιι..

2173 3385 2367 3442 XXXI.
2404 3384 2658 3455 Eupalles
2705 3382 2864 3437 annis
2907 3393 3138 3435 xxxvtn.
3171 3375 3389 3430 Tertius
3435 3387 3501 3426 ac
3530 3370 3703 3424 trice-

422 3477 740 3542 tradebant,
768 3475 1198 3546 descripsimus;
1237 3461 1456 3542 exin-de,
1481 3476 1730 3546 inquam,
1760 3475 2002 3531 ordiatur

2170 3497 2282 3537 mus
2321 3479 2486 3548 hujus
2523 3491 2702 3531 annus
2741 3474 2934 3543 incidit
2979 3473 3034 3525 in
3087 3479 3341 3541 quartum
3378 3465 3703 3520 Solomonis

425 3571 668 3624 narratio
689 3585 719 3624 e
750 3578 915 3623 certa:
945 3569 1068 3622 ﬁdei
1107 3569 1265 3624 libris
1321 3570 1540 3634 hausta,
1585 3585 1782 3639 nempe
1807 3584 2004 3624 secun-

426 3661 556 3716 dum
607 3662 956 3715 narrationes
1006 3661 1395 3716 chronicorum
1456 3661 1680 3717 Eusebii
1726 3676 2006 3717 canonum

2103 3589 2313 3628 annum
2346 3580 2510 3641 atque
2535 3571 2592 3623 in
2626 3567 2812 3637 templi
2836 3564 3138 3635 opiﬁcium.

2179 3663 2394 3720 XXXII.
2435 3661 2804 3716 Lavostbenes
2858 3656 3018 3712 annis
3078 3670 3200 3708 XLV.
3264 3651 3415 3707 Gens
3468 3648 3705 3705 Iudaica

424 3753 793 3822 historicique
847 3751 1234 3807 Armeniorum
1260 3753 1428 3810 Mosis
1447 3754 1841 3822 Chorenensis;
1871 3772 2010 3826 quo-
2109 3757 2357 3814 bifariam
2389 3753 2668 3810 dividitur.

430 3860 553 3898 rum
597 3845 818 3914 quidem
868 3852 1181 3915 postremus
1237 3845 1319 3901 sic
1377 3846 1453 3900 ait
1485 3847 1636 3916 (67):
1682 3845 1801 3902 «De
1857 3846 2005 3913 Belo,

432 3936 593 4004 cujus
616 3943 774 3991 aetate
788 3936 1057 3992 maximus
1080 3944 1270 3993 noster
1297 3940 1612 4008 progenitor
1634 3938 1769 3992 vixit
1784 3937 2006 4005 Haicus,

434 4027 591 4082 multi
619 4030 788 4083 multa
823 4029 1083 4098 variaque
1099 4029 1474 4099 tradiderunt;
1510 4047 1609 4103 ego
1641 4040 1821 4088 autem
1846 4049 2009 4104 quem

437 4118 734 4174 Saturnum
781 4130 1098 4192 nuncupant
1150 4133 1314 4193 atque
1373 4123 1558 4179 Belum
1592 4165 1607 4192 ,
1675 4124 2009 4182 Nebrothum

433 4210 608 4267 fuisse
635 4214 720 4268 aio
749 4229 762 4264 :
794 4229 900 4283 qua
931 4229 1095 4284 super
1115 4231 1173 4270 re
1202 4214 1445 4287 Egyptii
1474 4233 1598 4272 cum
1622 4217 1770 4274 Mose
1790 4219 2012 4289 conspi-

438 4311 581 4371 rant,
600 4314 988 4375 percensentes
1025 4306 1353 4376 Vulcanum,
1381 4309 1562 4365 Solem
1594 4326 1658 4364 ac
1686 4309 2010 4377 Saturnum,

435 4397 528 4467 qui
578 4405 707 4450 sunt
753 4399 1014 4462 Chamns,
1068 4399 1248 4455 Cusus
1313 4416 1377 4455 ac
1429 4400 1764 4467 Nebrothus,
1807 4405 2013 4460 omisso

2181 3847 2416 3904 XXXIII.
2457 3845 2736 3916 Pertiages
2767 3844 2881 3916 (72)
2913 3841 3071 3897 annis
3093 3855 3222 3895 xxx.

2180 3940 2424 3998 XXXIV.
2462 3939 2730 4010 Ophrates
2754 3937 2912 3993 annis
2942 3953 3036 3992 xx.

2179 4034 2396 4089 XXXV.
2431 4033 2776 4106 Ophratanes
2800 4031 2960 4086 annis
2987 4046 3039 4084 ι..

2187 4126 2424 4182 XXXVI.
2469 4124 2762 4196 Acrapales
2792 4122 2954 4178 annis
2986 4135 3120 4174 xm.

2183 4219 2446 4276 XXXVII.
2489 4219 2751 4274 Thonnus
2771 4215 3131 4278 Concolerus,
3155 4211 3342 4266 Graece
3362 4207 3546 4265 dictus
3561 4206 3710 4265 Sar-

2114 4313 2454 4384 danapallus,
2486 4310 2643 4364 annis
2670 4325 2761 4362 xx.

2187 4404 2241 4458 5.
2285 4399 2710 4470 Sardanapallus
2742 4397 2830 4453 hic
2862 4395 3175 4450 tricesimus
3205 4399 3474 4462 septimus
3504 4406 3536 4445 a
3567 4389 3709 4447 Belo

438 4487 750 4544 Mestraimo
777 4505 791 4541 :
826 4490 1063 4560 primum
1092 4497 1238 4554 enim
1289 4495 1433 4564 apud
1465 4512 1524 4550 se
1555 4495 1833 4551 hominem
1857 4497 2012 4550 aiunt
2047 4493 2088 4548 D
2121 4495 2240 4556 fuit,
2266 4507 2561 4563 regumque
2591 4489 2938 4559 Assyriorum
2967 4494 3297 4556 postremus.
3341 4481 3490 4537 Idem
3543 4482 3714 4538 volu-

439 4581 610 4637 fuisse
639 4580 966 4637 Vulcanum.
996 4603 1012 4634 ι

503 4673 558 4728 2.
600 4673 742 4746 Ergo
773 4690 837 4728 ex
873 4675 976 4729 hoc
999 4676 1135 4747 zipso
1167 4679 1296 4732 Belo
1338 4687 1528 4734 noster
1564 4679 1719 4735 hicce
1749 4688 2018 4738 tractatus

435 4767 776 4823 inchoandus
805 4775 909 4825 est.

507 4857 550 4916 ι.
585 4858 746 4915 Belus
776 4862 1049 4917 universis
1076 4861 1218 4917 Asiae
1251 4861 1569 4932 provinciis,
1606 4873 1800 4934 praater
1826 4858 2014 4932 Indos,

438 4951 750 5008 dominatur
777 4956 936 5010 annis
959 4971 1069 5009 an
1100 4956 1240 5025 (68).

511 5041 574 5102 II.
614 5044 788 5102 Ninus
818 5047 945 5102 item
977 5056 1101 5116 post
1138 5047 1326 5102 Belum
1367 5050 1527 5106 annis
1561 5067 1657 5106 LII.
1694 5051 1819 5106 Nini
1851 5053 2018 5122 hujus

443 5135 861 5207 quadragesimo
910 5145 1107 5206 quarto
1165 5153 1309 5193 anno
1354 5141 1697 5197 Abrahamus
1751 5160 1782 5197 a
1840 5143 2019 5197 'I‘hara

441 5227 657 5297 genitus
687 5234 792 5283 est.

513 5317 597 5374 III.
642 5319 962 5377 Samiramis
996 5321 1120 5376 Nini
1143 5323 1341 5394 conjux
1375 5326 1531 5380 annis
1568 5342 1698 5380 XLII.

519 5479 630 5548 (65)
661 5481 746 5534 Al.
781 5483 927 5547 cod.,
960 5500 1146 5537 xxxvr.

541 5549 630 5616 66)
657 5551 808 5605 Ilnnc
829 5553 1046 5606 titulum
1073 5555 1276 5609 habent
1297 5555 1538 5611 codices.

541 5618 630 5688 67)
670 5620 832 5686 Hist.,
861 5641 896 5682 ι,
922 5623 976 5679 6.

544 5690 630 5773 ἓξ)
675 5694 833 5773 θυεον
865 5698 1056 5755 Deriv.
1089 5699 1200 5769 Dei,
1229 5717 1340 5771 xvr,
1372 5700 1652 5772 I7,scrEhEt
1683 5716 1805 5755 1.xv.

519 5759 628 5824 (69)
671 5759 932 5833 Αι.“εοιι.,
975 5783 1072 5824 ιιι.

2120 4587 2308 4658 ptariae
2337 4584 2576 4639 mollitiae.
2605 4580 2940 4650 luxuriazque
2963 4577 3143 4635 studio
3189 4583 3423 4632 cunctos
3466 4575 3563 4645 qui
3598 4577 3714 4632 sibi

2121 4681 2510 4750 praecesserant
2545 4670 2842 4744 superavit.
2874 4667 3239 4734 Quamobrem
3271 4663 3549 4720 Varnaces
3581 4667 3716 4736 qui-

2121 4769 2267 4833 dam,
2305 4769 2479 4838 patria
2511 4763 2722 4827 Medus,
2747 4763 2912 4817 homo
2931 4759 3139 4813 viribus
3160 4757 3491 4828 egregioque
3517 4758 3715 4813 animo

2120 4861 2398 4932 praeditus,
2433 4873 2556 4912 cum
2592 4856 2872 4912 Medorum
2901 4853 3012 4907 dux
3040 4859 3207 4917 esset,
3244 4865 3501 4920 unusque
3532 4866 3606 4905 ex
3642 4851 3714 4907 iis

2121 4957 2212 5026 qui
2243 4955 2312 5008 ad
2355 4953 2544 5008 urbem
2576 4950 2777 5006 Ninum
2809 4946 3105 5019 quotannis
3136 4944 3432 5000 veniebant
3467 4944 3718 5000 ducatus

2122 5059 2290 5099 causa
2331 5040 2620 5097 exercendi
2649 5059 2664 5107 ;
2697 5039 2768 5102 is,
2804 5037 3049 5106 inquam,
3080 5035 3304 5105 cognito
3348 5035 3494 5104 regis
3535 5049 3718 5104 pravo

2123 5137 2360 5208 ingenio,
2396 5134 2601 5189 amicos
2651 5132 2752 5187 sibi
2791 5131 3112 5185 liberalitate
3159 5128 3426 5192 devinxit,
3472 5127 3719 5182 Belesim

2124 5230 2180 5283 in
2217 5227 2411 5298 primis
2453 5238 2728 5281 summum
2766 5223 2958 5278 ducem
3007 5221 3453 5292 Babyloniorum,
3485 5219 3720 5288 quicum

2122 5319 2260 5372 inita
2290 5321 2550 5372 societate
2581 5314 3035 5384 Sardanapallum
3067 5312 3381 5377 debellavit,
3417 5313 3515 5383 qui
3555 5326 3721 5368 sece-

2149 5527 2153 5531 .
2189 5485 2306 5552 (70)
2351 5483 2425 5536 Ita
2479 5483 2641 5536 etiam
2672 5478 2964 5536 Eusebius.
3001 5479 3146 5536 Idem
3173 5488 3360 5533 tamen
3403 5475 3556 5539 alibi,
3608 5479 3719 5530 As-

2124 5556 2360 5609 caludes.

2195 5625 2307 5693 (71)
2342 5625 2564 5687 Euseb.,
2594 5623 2875 5678 Belechus.

2197 5695 2308 5765 (ἷὲ)
2341 5697 2441 5761 Id.,
2475 5693 2789 5749 Pcrt'tiades.
