3810 6296
112 319 196 374 €25
815 317 1156 374 SAMUELIS
1186 319 1502 376 ANIENSIS
1546 321 1890 378 SUMMARII
1929 313 2316 377 'I'EMPORUM
2344 319 2524 375 PARS
2559 319 2601 377 I.

3228 321 3333 376 626
3371 321 3374 325 ’

112 440 220 492 dens
245 437 297 496 in
321 436 529 508 regiam
554 437 806 494 incendio
833 447 1002 495 semet
1026 443 1304 497 cremavit.
1339 442 1477 497 Tum
1505 443 1647 499 Bele-
1677 453 1720 509 Α
1820 445 1873 500 5.
1915 442 2070 498 Nunc
2102 458 2201 514 age
2228 442 2506 497 Medorum
2538 456 2695 511 reges
2717 443 3072 511 exponamus.
3105 437 3332 497 Exstin-

114 532 194 584 sim
216 528 467 600 Babyloni
498 547 685 601 regem
750 532 1008 602 imposuit
1031 533 1326 598 Varbaces,
1356 535 1648 605 itidemque

111 620 358 674 Parcarum
412 632 666 677 nostrum
719 633 939 693 propter
984 624 1087 680 sibi
1129 633 1378 680 navatam
1429 643 1648 697 operam

112 713 382 768 diademate
433 717 653 768 ornavit
694 715 844 785 (73);
893 715 1007 785 ipse
1065 725 1244 771 autem
1303 717 1648 789 Assyriorum

109 801 163 855 ad
188 799 360 856 Medos
408 803 692 858 transtulit
735 803 1042 872 imperium.
1098 803 1233 859 Exin
1282 806 1649 876 interregnum

109 902 202 948 erat
227 911 392 964 usque
423 897 490 950 ad
520 895 797 952 Medorum
824 912 1006 968 regem
1032 897 1298 968 Dejocem.
1329 896 1652 954 Intermedio

108 995 320 1057 tempore
342 987 583 1042 Chaldaei
624 1004 804 1044 rerum
841 990 995 1061 politi
1035 998 1201 1057 sunt;
1247 1007 1477 1060 quorum
1517 1000 1653 1046 tem-

107 1091 216 1145 pora
246 1084 297 1132 et
321 1080 706 1135 successiones
733 1095 857 1135 cum
897 1081 1013 1136 suis
1038 1083 1404 1152 peculiaribus
1435 1085 1653 1154 regibus

104 1166 314 1221 seorsim.
337 1169 674 1224 scribuntur.

160 1259 208 1312 4.
243 1258 338 1314 Hic
361 1275 497 1331 ergo
526 1260 948 1334 Babyloniorum
976 1279 1133 1335 reges
1167 1275 1457 1336 ponantur.

160 1347 196 1402 I.
230 1347 376 1404 Pbua
427 1353 590 1408 annis
642 1369 757 1409 xvi.
802 1353 977 1426 Hujus
1024 1365 1181 1410 sexto
1242 1355 1454 1411 decimo
1513 1370 1656 1409 anno

106 1445 256 1512 prima
283 1443 552 1515 olympias
586 1455 706 1500 acta
732 1455 838 1502 est.

162 1531 218 1586 II.
252 1532 774 1607 Thaglatphalsarus
802 1538 961 1596 annis
989 1556 1161 1595 xxvn.
1189 1540 1241 1598 Is
1264 1542 1426 1598 tertio
1445 1541 1658 1598 decimo

106 1639 226 1680 anno
259 1642 583 1697 progressus
622 1629 678 1683 in
707 1627 946 1685 Iudaeam
968 1671 984 1698 ,
1012 1632 1281 1701 potiorem
1313 1631 1434 1703 ejus
1461 1632 1659 1689 incola-

107 1729 205 1768 rum
231 1724 437 1786 partem
464 1718 738 1788 captivam
767 1720 1012 1777 abduxit.

1753 544 1842 589 cto
1871 533 2264 603 Sardanapallo
2287 533 2494 602 primus
2519 533 2762 602 regnavit

1823 625 1864 680 I.
1909 625 2184 681 Varhaces
2215 625 2374 679 annis
2403 641 2593 679 xxvm.

1821 715 1888 771 II.
1929 716 2225 772 Sosarmus
2253 717 2413 770 annis
2446 733 2576 771 xxx.

1826 804 1913 860 IIl.
1955 805 2214 860 Mamicar
2241 806 2400 861 annis
2427 822 2512 861 ιιι..

1824 898 1914 954 IV.
1954 898 2250 954 Cardiceus
2277 900 2434 953 annis
2464 915 2584 954 xm.

1825 989 1888 1045 V.
1931 989 2159 1061 Dejoces
2191 991 2350 1046 annis
2386 1007 2494 1045 LIV.
2529 990 2626 1045 Hic
2657 990 2929 1046 Ecbatana
2953 991 3217 1050 condidit.

1827 1079 1914 1136 VI.
1958 1079 2251 1136 Phraortes
2277 1079 2434 1134 annis
2465 1096 2613 1133 xxrv.

1826 1172 1938 1228 VII.
1977 1174 2250 1244 Cyaxares
2283 1173 2443 1228 annis
2474 1189 2643 1228 xxxn.

1825 1263 1962 1319 VIII.
2004 1263 2320 1334 Asdahages
2345 1263 2506 1317 annis
2532 1279 2762 1317 xxxviii.

1827 1355 1983 1412 lIunc
2009 1355 2282 1412 interfecit
2303 1354 2566 1426 Tigranes
2588 1355 2858 1410 Haicanus
2887 1354 2998 1425 (77)
3019 1352 3162 1424 Cyro
3193 1349 3325 1406 Pcr-

1760 1465 1833 1504 δίε
1855 1447 2059 1504 ﬁndere
2085 1449 2332 1518 junctus.
2350 1447 2672 1518 Quanquam
2699 1446 2964 1501 Eusebius
2986 1444 3095 1517 (78)
3126 1445 3324 1516 aliique

1761 1541 2008 1596 historici
2037 1539 2307 1609 dejectum
2335 1538 2674 1611 Asdahagem
2706 1539 2772 1594 ab
2793 1553 2902 1593 uno
2921 1537 3062 1610 Cyro
3087 1536 3264 1601 aiunt,
3293 1553 3322 1590 a

1760 1647 1867 1704 quo
1891 1631 2168 1686 Medorum
2201 1647 2418 1702 quoque
2449 1647 2672 1702 regnum
2696 1631 2968 1687 sublatum
2993 1638 3108 1688 est:
3132 1633 3327 1687 nihilo-

1760 1725 1943 1779 minus
1964 1721 2142 1778 Moses
2157 1723 2268 1794 (79)
2291 1721 2490 1778 czedem
2515 1722 2818 1794 Asdahagis
2841 1739 2872 1777 a
2888 1722 3120 1794 Tigrane
3140 1731 3326 1795 patra-

159 1805 239 1861 III.
281 1807 706 1868 Salmanasarus
739 1811 979 1886 Assyriis
1026 1814 1300 1882 imperavit
1336 1814 1497 1870 annis
1536 1830 1648 1869 xvr.
1681 1839 1726 1895 Β
1751 1823 1861 1870 tam
1889 1814 2075 1871 refert.
2128 1813 2183 1868 Id
2239 1823 2421 1870 autem
2479 1815 2776 1870 verisimile
2832 1816 3012 1870 evadit
3053 1815 3124 1870 ob
3171 1815 3325 1885 plura

106 1899 146 1953 ls
170 1900 283 1955 item
325 1901 494 1958 tertio
542 1904 695 1974 regni
739 1903 827 1960 sui
873 1919 1038 1972 anno,
1083 1913 1276 1960 octava
1322 1906 1651 1977 Olympiade,

104 1988 262 2045 decem
294 1993 553 2048 tribubus
574 1995 628 2049 in
653 1995 1020 2066 captivitatem
1050 1995 1370 2066 deportatis,
1397 1996 1657 2050 Samaria:

104 2095 299 2151 regnum
328 2084 552 2139 delevit.

157 2173 234 2228 IV.
276 2175 706 2235 Senecherimus
733 2179 972 2252 Assyriis
1005 2180 1282 2249 imperavit
1313 2179 1472 2236 annis
1499 2195 1654 2234 xvm.

105 2266 144 2319 Is
188 2267 444 2325 adversus
504 2268 881 2342 Hierosolyma
936 2271 1340 2342 expeditionem
1393 2271 1654 2340 suscepit,

103 2355 378 2430 hrdzeaeque
407 2361 578 2416 urbes
608 2362 841 2417 obsedit.
873 2362 957 2417 Ab
996 2363 1102 2417 hoc
1133 2362 1198 2416 ad
1227 2360 1660 2416 Nabuchodono-

106 2465 262 2505 sor-um
338 2454 595 2509 historici
667 2454 1043 2511 Chaldzrorum
1118 2470 1292 2511 annos
1369 2465 1660 2510 numerant

105 2557 311 2600 Lxxxvm
362 2547 506 2616 (74).
561 2545 720 2618 Apud
771 2549 990 2604 eosdem
1036 2558 1158 2619 post
1212 2546 1656 2604 Senecherimum

105 2638 332 2698 scribitur

160 2729 214 2785 ι’.
249 2733 568 2789 Asordanes
600 2733 744 2791 ﬁlius
776 2735 896 2805 ejus
927 2736 1086 2792 annis
1117 2753 1234 2793 vui.

159 2821 236 2878 Vl.
271 2825 482 2881 Asodes
519 2825 636 2897 (75)
664 2828 822 2882 annis
848 2843 959 2882 xxi.

160 2912 259 2970 VII.
299 2914 494 2972 Frater
525 2917 646 2988 ejus
670 2918 829 2974 annis
858 2933 971 2972 xxr.

161 3005 279 3062 VIII.
317 3008 745 3080 Nabupalsarus
779 3011 938 3066 armis
967 3027 1041 3067 xi.

157 3099 236 3156 IX.
273 3101 650 3159 Marudacbus
680 3101 949 3160 Baldanes
978 3104 1140 3162 annis
1170 3121 1223 3161 x.

1757 1925 1878 1980 qua:
1926 1909 2285 1977 acciderunt,
2341 1917 2568 1980 propter
2627 1910 2805 1964 somni
2860 1909 3072 1966 scilicet
3117 1910 3322 1974 visum,

1755 2005 2108 2074 dolosamque
2142 2003 2448 2072 Asdabagis
2499 2002 2903 2058 simulationem
2947 2016 3054 2072 qua
3097 2001 3199 2057 sibi
3235 1999 3330 2055 Ti-

1759 2096 1944 2168 granis
1972 2112 2215 2153 sororem
2248 2096 2595 2150 matrimonio
2614 2095 2974 2166 copulandam
3002 2103 3286 2149 curaverat
3312 2113 3326 2148 :

1759 2190 1844 2241 cui
1874 2188 2073 2243 mentis
2095 2201 2312 2257 quoque
2341 2201 2455 2241 sua:
2493 2186 2796 2250 consiliumf
2817 2199 3077 2240 arcanum
3112 2199 3328 2240 resera-

1758 2278 1856 2331 vit.
1883 2276 1962 2333 Re
2002 2287 2182 2332 autem
2221 2277 2496 2330 intellecta
2528 2274 2814 2345 Tigranes,
2850 2275 2994 2344 quod
3048 2274 3326 2330 somnians

1759 2369 1990 2433 viderat,
2031 2369 2224 2424 diurna
2257 2368 2380 2422 luce
2407 2374 2701 2422 exsecutus
2726 2375 2830 2422 est.
2867 2365 2924 2421 Id
2964 2375 3143 2421 tamen
3183 2367 3325 2422 haud

1761 2459 1995 2515 absurde
2025 2458 2170 2530 Cyro
2200 2458 2300 2527 ipsi
2329 2457 2588 2511 tribuitur
2612 2471 2630 2510 :
2655 2472 2777 2509 cum
2801 2457 2944 2510 enim
2963 2457 3150 2511 eadem
3172 2465 3330 2513 aetate

1762 2550 1921 2604 ambo
1954 2549 2211 2614 vixerint,
2244 2556 2298 2602 et
2326 2546 2543 2618 quidem
2578 2546 2843 2615 Tigranes
2875 2547 3136 2602 societate
3169 2563 3326 2603 com-

1762 2643 1941 2696 militii
1973 2641 2116 2715 Cyro
2159 2642 2446 2698 devinctus
2483 2640 2666 2705 fuerit,
2699 2640 2941 2709 ejusdem
3000 2643 3320 2698 mandatum

1761 2735 2052 2791 exhaurire
2085 2736 2236 2791 visus
2269 2743 2373 2790 est.

1834 2824 1888 2880 6.
1955 2825 2147 2896 Agesis
2190 2827 2296 2882 hoc
2337 2827 2460 2881 loco
2509 2824 2782 2896 Lydorum
2833 2840 3050 2895 quoque
3103 2842 3328 2897 mgnum

1713 2933 1724 2946 ·
1764 2916 1942 2986 placet
1986 2917 2277 2974 collocare.
2347 2921 2506 2973 Anno
2559 2916 2804 2974 Sosarmi
2850 2917 3132 2973 Medorum
3184 2918 3329 2987 regis

1763 3009 2085 3065 duodecimo
2115 3009 2382 3082 olympias
2415 3010 2591 3082 prima
2623 3017 2841 3082 peracta
2869 3019 2952 3066 est
2972 3051 2986 3077 ,
3033 3011 3332 3081 eodemque

1765 3115 1910 3156 anno
1953 3102 2165 3172 primus
2195 3101 2339 3172 apud
2365 3102 2542 3174 Lydos
2571 3104 2819 3174 regnavit

158 3189 219 3245 Χ.
263 3191 847 3249 Nabuchodonosorus
895 3194 1090 3251 deinde
1145 3196 1306 3252 annis
1363 3211 1536 3261 xuii,
1591 3191 1728 3252 abC
1833 3189 1876 3247 I.
1953 3191 2198 3264 Ardysus
2228 3193 2459 3263 Alyatta:
2489 3192 2650 3247 annis
2697 3207 2884 3252 XXXVI.

106 3281 378 3360 Olympiade
413 3283 664 3341 secunda
705 3301 871 3356 supra
907 3287 1397 3360 quadragesimam.
1433 3287 1484 3345 Is
1517 3305 1662 3344 anno

107 3372 358 3440 Eliachimi
427 3377 652 3434 decimo
708 3377 927 3435 Iudaeos
993 3380 1048 3435 in
1115 3396 1268 3436 suam
1335 3388 1661 3452 potestatem

107 3467 298 3541 redegit,
334 3483 668 3543 partemque
697 3471 1009 3527 earumdem
1049 3474 1340 3528 maximam
1379 3473 1662 3530 famulatui

107 3559 431 3619 addicendam
463 3563 722 3619 abduxit.
766 3561 904 3618 Tum
931 3563 1092 3619 etiam
1129 3563 1408 3620 Danielem
1443 3572 1664 3636 tresque

107 3664 272 3719 pueros
301 3655 548 3710 triennio
569 3661 695 3724 post
723 3672 738 3709 :
771 3668 963 3709 rursus
989 3654 1134 3709 enim
1163 3655 1332 3719 venit,
1363 3655 1664 3727 ipsumque

109 3738 412 3800 loachimum
449 3744 640 3800 avexit
669 3745 960 3816 captivum.
992 3745 1128 3800 Cum
1163 3746 1278 3815 jam
1308 3762 1512 3803 annum
1553 3755 1664 3804 ter-

109 3831 215 3886 tium
245 3849 408 3906 supra
437 3835 771 3891 vicesimum
803 3843 1054 3906 regnaret
1086 3834 1661 3906 Nabuchodonosorus,

108 3919 452 3994 Hierosolyma
488 3936 651 3998 capta
679 3933 807 3982 sunt
840 3944 854 3982 :
889 3926 1140 3997 quintum
1160 3935 1338 3983 antem
1366 3937 1488 3999 post
1520 3945 1666 3986 men-

109 4027 199 4068 sem
266 4020 533 4090 princeps
599 4018 896 4073 satellitum
959 4017 1385 4076 Nabuzardanes
1464 4025 1664 4094 templo

108 4122 254 4175 ignem
293 4111 560 4183 subjecit.
604 4109 877 4166 Vicesimo
924 4110 1158 4184 denique
1194 4112 1440 4168 Judaicw
1495 4118 1666 4190 capti-

110 4197 261 4260 vitatis
284 4218 427 4257 anno
452 4200 1036 4259 Nabuchodonosorus
1063 4205 1175 4258 vita
1202 4204 1474 4262 discessit.
1495 4205 1684 4276 Cujus.

107 4303 150 4344 ιιι
173 4291 336 4349 locum
368 4295 716 4351 substitutus
748 4301 833 4350 est
861 4295 1006 4350 ﬁlius
1033 4295 1274 4367 ejusdem

110 4382 243 4518 DXI.
297 4383 594 4448 Baltasar,
658 4384 746 4454 qui
803 4392 858 4438 et
909 4383 1324 4442 Ilmarudachus
1380 4389 1538 4444 annis
1602 4405 1660 4445 ιι.

145 4469 283 4518 einda

145 4469 283 4527 einde

159 4560 261 4617 XII.
299 4566 580 4637 Astyages
631 4562 743 4635 (76)
799 4578 944 4620 anno
998 4583 1036 4620 I.
1097 4566 1146 4622 Is
1202 4581 1295 4623 eas
1349 4569 1560 4623 litteras
1608 4570 1662 4624 in

110 4653 282 4717 pariete
306 4663 576 4710 exaratas
605 4654 741 4708 vidit
773 4669 921 4725 quas
937 4654 1120 4710 Daniel
1146 4657 1533 4726 interpretatus
1560 4667 1660 4715 est.

163 4743 288 4805 XIII.
331 4747 543 4803 Darius
575 4745 771 4803 Medus
801 4749 961 4804 annis
991 4765 1064 4804 ιν.

164 4835 287 4896 XIV.
329 4840 538 4898 Darius
568 4838 815 4894 Arsaviri
844 4841 1003 4894 annis
1035 4857 1114 4896 ιιι.

161 4927 284 4985 Exin
307 4933 598 4986 sublatum
631 4935 717 4984 est
748 4928 1161 5000 Babyloniorum
1197 4933 1503 5001 iniperium.

169 5191 268 5260 (73)
297 5191 436 5247 Vide
461 5191 674 5249 Mosen!
694 5185 884 5252 Cbor.,
909 5186 1052 5242 Hist.
1080 5203 1119 5251 ι,
1147 5187 1237 5254 2i,
1261 5197 1315 5243 et
1338 5189 1664 5257 Samuelem,

114 5263 510 5398 cap74;.Coni’er
543 5328 862 5392 Eusebium,
895 5343 935 5393 ι,
964 5327 1017 5392 5,
1061 5327 1115 5381 2.

169 5331 270 5466 A75)
301 5404 387 5457 Al.
419 5400 578 5466 cod.,
609 5401 914 5466 Asamoges.

190 5399 270 5471 75)
301 5404 387 5457 Al.
419 5400 578 5468 cod.,
609 5401 914 5471 Asamoges.

117 5468 273 5606 mgf)
320 5471 398 5525 Ita
450 5473 558 5526 hoc
602 5471 748 5534 loco,
776 5468 1070 5541 Astyages;
1113 5479 1166 5525 at
1213 5468 1464 5539 inferius,
1497 5473 1670 5526 Asdao

173 5610 272 5682 (77)
309 5611 385 5667 Ita
432 5611 678 5666 Armenii
709 5611 942 5681 primum
975 5613 1121 5666 hunc
1152 5610 1439 5680 Tigranem
1478 5613 1671 5671 distin-

117 5691 265 5753 guunt
285 5699 318 5753 τι
343 5683 754 5753 posterioribus
777 5682 964 5753 Stirpis
989 5683 1395 5740 Arsacidarum.

177 5750 276 5822 (78)
307 5750 424 5808 Lib.
463 5767 502 5820 ι,
536 5751 716 5820 15,7.

1832 3282 1898 3338 II.
1940 3283 2186 3356 Alyattes
2215 3286 2376 3340 annis
2408 3302 2520 3340 xiv.

1835 3373 1922 3428 III.
1966 3375 2132 3432 Meles
2160 3377 2319 3434 annis
2355 3394 2453 3432 xu.

1836 3465 1928 3522 IV.
1970 3467 2278 3525 Candaules
2307 3483 2440 3524 xvn.

1828 3558 2125 3616 Candaulis
2157 3560 2320 3631 hujus
2358 3562 2642 3618 historiam
2673 3571 2858 3617 narrat
2878 3559 3330 3631 Herodotus(80),

1766 3668 1958 3724 nempe
1997 3654 2140 3726 quod
2175 3655 2222 3711 is
2251 3656 2420 3710 nimio
2445 3672 2573 3730 erga
2619 3673 2774 3714 suam
2816 3656 3099 3728 conjugem
3152 3654 3334 3709 studio

1763 3745 2106 3809 elatus,banc
2133 3746 2454 3802 feminarum
2482 3749 2725 3803 omnium
2760 3747 3178 3820 pulcherrimam
3220 3745 3336 3799 exi-

1763 3837 2097 3903 stimaverit,
2149 3839 2513 3912 nudatamque
2551 3841 2796 3898 vestibus
2846 3837 2980 3912 Gygi
3032 3839 3174 3893 clam
3243 3838 3337 3892 dc-

1765 3932 2150 3986 monstraverit
2180 3949 2194 3998 ;
2229 3947 2338 4002 qua
2370 3933 2670 4004 ignominia
2722 3933 2942 4003 sapiens
2965 3946 3102 3984 uxor
3136 3929 3205 3984 ad
3230 3929 3338 3982 ira—

1767 4019 2022 4074 cundiam
2052 4031 2324 4078 commota
2371 4024 2732 4079 occidendum
2786 4023 3084 4089 curaverit,
3127 4021 3339 4090 sibique

1766 4112 1942 4168 virum
1969 4111 2261 4168 adsciverit
2298 4113 2522 4185 Gygem.

1838 4201 1901 4256 V.
1942 4202 2117 4274 Gyges
2138 4206 2310 4260 annis.
2329 4220 2516 4260 xxxvi.

1841 4291 1926 4345 Vl.
1968 4293 2146 4364 Ardys
2167 4295 2324 4348 annis
2358 4309 2585 4348 xxxvm.

1835 4382 1952 4440 VII.
1993 4383 2271 4440 Sadiartes
2323 4385 2484 4440 annis
2514 4401 2603 4439 xv.

1840 4475 1956 4534 VIII
2017 4479 2260 4549 Alyattes
2287 4478 2447 4532 annis
2480 4491 2629 4530 1le.

1839 4569 1932 4623 IX.
1971 4568 2196 4624 Crmsus
2229 4568 2386 4622 annis
2430 4583 2518 4622 xv.

1843 4655 1943 4711 Hic
1975 4671 2121 4710 anno
2171 4655 2296 4726 Cyri
2347 4653 2758 4725 quartodecimo
2799 4653 3000 4708 dicitur
3050 4652 3120 4708 ab
3144 4653 3336 4707 eodem

1766 4746 1910 4817 Cyro
1956 4744 2297 4800 interfectus.
2331 4742 2406 4796 Ita
2431 4741 2702 4813 Lydorum
2730 4757 2956 4812 regnum
2989 4740 3198 4794 ﬁnitum
3234 4747 3338 4795 est.

1767 4838 2145 4892 Armeniorum
2194 4845 2370 4890 tamen
2401 4835 2694 4889 historicus
2722 4832 2898 4888 Moses
2949 4833 3199 4887 Crassum
3251 4847 3340 4885 ca-

1772 4938 1924 4999 ptum
1961 4928 2414 4998 interfectumque
2441 4928 2508 4981 ab
2538 4927 2837 4987 Artaxerxe,
2873 4924 3076 4980 Partho
3104 4925 3214 4994 (8i)
3241 4925 3338 4990 ait,

1847 5194 1957 5260 (79)
1996 5193 2166 5256 Hist.,
2193 5193 2356 5257 “es,

1844 5263 1965 5336 (80)
1995 5263 2108 5336 Hac
2144 5278 2309 5336 super
2352 5278 2410 5336 re
2449 5264 2720 5336 recolatur
2765 5263 2932 5336 Musis
2969 5260 3342 5336 Qhorenensis

1773 5331 2010 5390 locus'in
2043 5331 2281 5388 Eusebio
2309 5333 2376 5385 ad
2407 5333 2936 5388 annum.Abrahami
2965 5334 3093 5388 I501
3121 5346 3154 5386 a
3183 5333 3342 5385 nobis

1773 5407 1998 5462 relatus.
2038 5402 2103 5456 Et
2133 5403 2350 5474 quidem
2376 5401 2591 5457 Samuel
2623 5419 2652 5458 a
2677 5403 2842 5461 Mosis
2867 5409 3342 5474 progymnasmate

1771 5476 1954 5546 potius
1988 5489 2150 5544 quam
2191 5474 2260 5532 ab
2292 5472 2564 5528 Herodoto
2598 5482 2878 5532 mutuatus
2906 5472 3046 5527 hanc
3090 5472 3342 5526 notitiam

1771 5547 2002 5600 videtur.

1846 5615 1958 5684 (81)
1992 5614 2193 5669 Partho
2241 5618 2458 5675 scilicet
2493 5613 2860 5687 cognomine;
2903 5621 3019 5670 erat
3065 5611 3209 5667 enim
3255 5609 3342 5663 hic

1773 5687 2040 5743 Armenia:
2072 5701 2184 5744 rex.
