3810 6324
437 347 538 402 627

1501 332 1847 390 APPENDIX
1875 330 1966 386 AD
2007 326 2276 385 EUSEBII
2313 323 2726 383 CHBONICON.

3579 299 3729 353 css-

439 463 668 534 ejusqu'c
702 461 781 518 rei
821 459 1130 532 complures
1186 463 1356 510 testes
1406 453 1642 515 invocat,
1678 458 1737 504 nt
1780 451 1834 503 in
1889 449 2008 519 ejus
2040 454 2086 512 Α
2188 445 2306 502 XII.
2372 439 2862 506 Archelausﬁannis
2883 453 3030 493 xxiv.

442 553 582 608 libro
609 553 720 623 (82)
756 551 938 606 videre
970 559 1074 605 est.

512 645 565 702 7.
605 644 745 716 Ergo
775 645 876 698 hoc
905 650 1087 714 pacto,
1113 633 1809 710 proutnarratur,sublatis
1837 631 2009 701 Baby-

443 736 742 799 loniorum,
770 733 1048 789 Medorum
1107 731 1489 803 Lydorumque
1523 726 1766 796 imperiis
1818 731 2012 794 regnat

511 826 554 884 ι.
591 828 765 899 Cyrus
795 824 952 879 annis
986 839 1117 877 xxx.
1153 823 1204 876 Is
1231 821 1408 891 primo
1437 817 1586 886 regni
1622 817 1708 870 sui
1743 829 1886 868 anno
1914 811 2012 867 .Iu-

444 919 611 974 :Iaica:
637 900 821 988 gentis
849 915 1241 986 quinquaginta
1273 910 1444 965 millia
1468 908 1809 979 captivorum
1847 906 2012 959 Iiber-

444 1021 555 1067 tate
583 1011 802 1066 donavit
834 1027 848 1064 :
877 1010 968 1077 qui
999 1006 1220 1077 quidem
1261 1002 1642 1070 Hierosolyma
1665 997 1876 1053 reversi
1931 995 2011 1048 al-

444 1113 560 1157 tare
590 1102 982 1162 excitaverunt,
1016 1097 1313 1166 templique
1345 1092 1708 1148 fundamenta
1725 1089 2007 1158 jecerunt:

441 1191 586 1261 quod
608 1199 785 1245 tamen
809 1189 1163 1242 finitimarum
1180 1185 1419 1254 gentium
1438 1195 1605 1236 causa
1629 1175 2014 1248 imperfectum

440 1281 692 1335 manebat
728 1294 902 1349 usque
933 1278 998 1332 ad
1035 1277 1255 1330 Darium
1279 1273 1582 1343 Vestaspis.
1613 1269 1868 1341 Tomyris
1901 1267 2012 1321 Ma-

440 1379 747 1441 sagetarum
779 1370 1003 1425 heroina
1036 1368 1237 1439 Cyrum
1268 1365 1562 1421 interfecit.

511 1459 575 1513 Il.
615 1459 913 1530 Cambyses
951 1459 1110 1511 annis
1139 1472 1215 1511 Ix.

510 1551 598 1608 ιιι.
639 1550 779 1622 Magi
811 1551 921 1606 duo
951 1550 1150 1605 fratres
1182 1547 1466 1603 mensibus
1497 1561 1619 1600 vm.

509 1644 600 1700 IV.
639 1643 836 1699 Darius
867 1643 1149 1712 Vestaspis
1185 1641 1328 1695 filius
1351 1639 1508 1693 annis
1532 1651 1712 1690 xxxvr.

505 1735 676 1806 Hujus
727 1737 897 1790 altero
930 1749 1074 1788 anno
1111 1730 1409 1786 Zorobabel
1450 1729 1709 1798 templum
1759 1723 2010 1787 aediﬁcat,

2187 536 2326 591 Xlll.
2370 533 2596 590 Orestes
2622 532 2782 586 annis
2814 544 2896 586 III.

2187 627 2328 682 XIV.
2370 626 2674 681 Archelaus
2705 622 2866 677 annis
2911 634 3000 674 ιιι.

2180 718 2294 773 XV.
2324 720 2585 790 Amyntas
2615 730 2760 770 anno
2790 729 2828 768 I.

2186 810 2329 866 XVI.
2372 808 2671 864 Pausanias
2701 820 2846 861 anno
2876 821 2913 858 I.

2184 903 2349 958 XVII.
2391 905 2656 972 Amyntas
2684 897 2843 953 annis
2868 912 2942 950 vt.

2180 995 2364 1051 XVIII.
2402 994 2630 1064 Argmus
2654 990 2813 1044 annis
2832 1004 2892 1042 ιι.

2188 1089 2329 1146 XIX.
2356 1087 2620 1158 Amyntas
2650 1072 2811 1138 annis
2839 1093 2998 1134 xvul.

2183 1182 2302 1238 XX.
2344 1177 2650 1235 Alexander
2687 1189 2833 1229 anno
2856 1189 2894 1228 ι.

2182 1273 2323 1327 XXI.
2367 1271 2690 1326 Ptolemaeus
2717 1265 2876 1320 annis
2903 1279 2975 1316 ιγ.

2187 1365 2355 1421 XXII.
2395 1361 2658 1418 Perdicca
2683 1357 2844 1412 annis
2881 1369 2952 1408 IV.

2186 1453 2377 1510 XXIII.
2410 1450 2697 1519 Philippus
2727 1444 2884 1498 annis
2917 1455 3068 1500 xxw.

2183 1546 2373 1603 XXIV.
2410 1541 2716 1600 Alexander
2751 1534 2985 1605 Philippi
3009 1529 3170 1586 annis
3219 1541 3296 1580 xu
3325 1530 3381 1580 et
3405 1519 3694 1578 mensibus

1989 1654 1996 1662 '
2111 1658 2187 1697 vr.
2211 1639 2311 1693 Hic
2340 1638 2528 1692 orbem
2559 1641 2832 1688 terrarum
2870 1621 3244 1693 compluribus
3283 1614 3506 1685 regibus
3546 1609 3694 1688 deje-

2111 1732 2216 1788 ctis
2240 1727 2493 1790 obtinuit,
2508 1735 2786 1791 annosque
2800 1732 2949 1772 xxxii
2964 1720 3124 1768 natus
3138 1708 3410 1778 Babylone
3429 1703 3570 1758 diem
3595 1714 3691 1756 su-

443 1793 605 1898 quod.
621 1842 766 1883 anno
785 1837 979 1897 quarto
1011 1823 1332 1896 Olympiadis
1359 1793 1754 1891 quintae-supra
1793 1831 2014 1887 sexage-
2043 1800 2090 1862 Β
2118 1835 2363 1892 premum
2405 1815 2558 1871 obiit.
2597 1809 2805 1866 Exinde
2833 1805 3120 1876 imperium
3153 1799 3272 1868 ejus
3308 1797 3455 1898 inter
3503 1793 3692 1898 plures

444 1923 638 1977 simam
669 1923 981 1978 absolutum
1018 1928 1122 1975 est.

514 2010 579 2067 V.
619 2011 833 2066 Xerxes
856 2010 1005 2064 Darii
1063 2009 1224 2064 annis
1257 2025 1365 2062 xxi.

515 2101 604 2158 VI.
641 2103 956 2158 Artabanus
977 2101 1260 2157 mensibus
1313 2114 1414 2154 vu.

513 2192 627 2248 VII.
697 2195 934 2249 Artaxes
990 2193 1360 2262 Longimanus
1414 2189 1573 2244 annis
1610 2205 1696 2243 ιι..
1758 2185 2018 2240 Nonnulli

445 2283 728 2341 Estherem
753 2286 857 2340 sub
876 2286 978 2340 hoc
1000 2284 1281 2344 exstitisse
1313 2284 1496 2339 aiunt:
1523 2282 1670 2353 quod
1689 2297 1789 2352 ego
1807 2290 2014 2344 tamen,

444 2375 623 2446 inquit
683 2376 952 2432 Eusebius
985 2375 1132 2447 (83),
1187 2389 1296 2428 non
1337 2375 1531 2445 probo,
1575 2369 2016 2444 quandoquidem

443 2469 629 2525 Esdra:
667 2469 792 2524 libri
817 2485 913 2540 per
935 2483 1054 2523 eam
1078 2474 1294 2522 etatem
1322 2465 1510 2535 scripti
1549 2464 1752 2518 nullam
1796 2462 1916 2532 ejus
1940 2458 2023 2514 rei

445 2563 777 2617 mentionem
809 2561 1036 2615 faciunt.

518 2654 645 2708 VIII.
700 2653 908 2709 Xerxes
938 2652 1216 2708 mensibus
1245 2667 1303 2705 ιι.

513 2747 604 2800 IX.
658 2747 964 2818 Sogdianus
998 2745 1282 2801 mensibus
1316 2760 1406 2799 vn.

517 2838 583 2891 X.
648 2837 847 2892 Darius
896 2837 1112 2892 Notbus
1148 2836 1310 2890 annis
1340 2851 1459 2900 xix,
1492 2835 1559 2887 ab
1587 2831 1894 2903 olympiade
1923 2843 2018 2883 oe-

441 2931 704 3001 togesima
740 2945 902 2985 nona.

516 3020 606 3075 XI.
646 3021 878 3076 Artaxes
907 3019 1158 3075 Mnemon
1185 3017 1348 3074 annis
1381 3032 1468 3070 XL.
1517 3013 1632 3068 Sub
1661 3013 1765 3069 hoc
1824 3011 2020 3066 Esther

447 3114 571 3169 fuit.

519 3203 636 3259 XII.
678 3204 932 3268 Artaxes,
961 3202 1054 3273 qui
1108 3209 1164 3255 et
1217 3197 1422 3263 Ochus,
1455 3196 1615 3251 annis
1657 3209 1804 3249 xxvr.

521 3296 657 3352 XIII.
699 3298 930 3352 Artaxes
960 3293 1095 3351 Ochi
1121 3293 1282 3348 annis
1310 3308 1383 3349 tv.

515 3388 655 3444 XIV.
696 3389 894 3443 Darius
927 3388 1143 3443 Arsami
1173 3385 1331 3440 annis
1361 3400 1436 3438 vr.

519 3483 773 3538 IIiannos
801 3496 975 3535 ccxxx
1008 3484 1411 3548 occupaverunt
1433 3474 1568 3547 (84).
1600 3472 1736 3527 Exin
1787 3472 2020 3525 Alexan-

447 3569 544 3626 der
565 3568 784 3624 Macedo
802 3577 993 3639 regnat
1006 3581 1152 3622 anno
1166 3567 1341 3635 primo
1368 3563 1694 3635 Olympiadis
1712 3562 2020 3617 centesimae

449 3661 770 3725 undecima,
824 3660 1161 3730 septimoque
1214 3660 1368 3728 regni
1393 3657 1478 3712 sui
1525 3672 1668 3710 anno
1693 3655 2019 3725 Babylonem

448 3755 616 3824 capit,
644 3754 941 3824 occisoque
965 3751 1132 3807 Dario
1175 3751 1470 3807 Persarum
1533 3749 1826 3819 imperium
1859 3748 2020 3803 delet.

522 3867 575 3921 8.
616 3865 771 3920 Nunc
830 3865 1084 3934 quoniam
1108 3865 1162 3918 in
1183 3861 1474 3919 Alexandri
1495 3862 1818 3915 mentionem
1837 3860 2020 3920 incidi.

451 3957 604 4011 lubet
631 3957 699 4010 ab
754 3955 962 4026 origine
1021 3964 1254 4010 cunctos
1285 3952 1641 4008 Macedonum
1694 3966 1849 4022 reges
1900 3950 2025 4004 huic

455 4050 659 4115 scripto
688 4049 1028 4119 consignare.
1052 4046 1239 4118 Neque
1267 4047 1410 4102 enim
1446 4045 1753 4099 Alexander
1787 4043 2028 4098 Macedo-

454 4157 584 4196 num
602 4158 697 4198 rex
729 4142 940 4212 primus
968 4140 1088 4204 fuit,
1112 4141 1206 4196 sed
1240 4147 1471 4211 quartus
1491 4153 1656 4208 supra
1686 4139 2022 4194 vicesimum.

451 4233 564 4303 jam
608 4233 816 4305 primus
863 4232 1219 4289 Macedonum
1260 4248 1357 4287 rex
1391 4231 1491 4286 fuit

523 4324 567 4379 Ι.
637 4325 885 4380 Caranus
919 4326 1078 4380 annis
1106 4341 1240 4380 xxii.

522 4415 587 4470 II.
662 4417 866 4473 Coenus
899 4417 1056 4471 annis
1082 4433 1155 4470 xu

523 4510 612 4564 Ill.
654 4509 961 4581 Tyrimmas
995 4510 1153 4564 annis
1186 4524 1412 4562 xxxvm.

522 4600 614 4656 IV.
654 4601 913 4657 Perdicca
954 4601 1112 4656 annis
1142 4617 1212 4654 LI.

522 4693 590 4748 V.
634 4694 897 4764 Argelaus
932 4694 1096 4748 annis
1131 4706 1359 4746 xxxviii.

522 4785 614 4841 VI.
648 4785 936 4856 Philippus
968 4785 1129 4840 annis
1173 4798 1406 4838 xxxvnt.

524 4874 640 4930 VII.
682 4875 897 4930 Ennius
927 4875 1040 4945 (85)
1080 4873 1240 4926 annis
1273 4888 1420 4925 xm.

461 4994 463 4996 -
525 4967 663 5024 VIII.
707 4968 922 5023 Alcetas
950 4964 1114 5020 annis
1138 4979 1286 5017 xxix.

526 5061 618 5116 IX.
669 5065 931 5131 Amyntas
970 5056 1130 5111 annis
1153 5072 1207 5110 ι..

525 5154 592 5207 X.
658 5151 965 5207 Alexander
997 5148 1155 5205 annis
1176 5161 1326 5202 xuv.

527 5246 619 5300 XI.
650 5243 909 5298 Perdicca
939 5239 1120 5310 annis;
1140 5253 1335 5294 xxvnt.

552 5505 641 5562 85)
672 5508 752 5560 Ad
792 5522 986 5560 annum
1016 5505 1174 5560 1553.

553 5569 643 5642 84)
676 5576 834 5632 Hunc
870 5592 1084 5646 quoque
1115 5574 1503 5646 numerunrab
1534 5572 1766 5646 Eusebio
1795 5569 2030 5646 desumit

473 5640 711 5701 Samuel.
737 5640 946 5716 Quippe
972 5640 1240 5703 Eusebius
1282 5644 1444 5716 apud_
1467 5643 1792 5702 Cedrenum,
1816 5656 1869 5709 p.
1903 5640 2027 5702 195,

487 5718 553 5788 A.
584 5717 772 5788 scribit
822 5713 858 5770 θ’
882 5713 1043 5788 Ἐςιο
1070 5717 1163 5788 _ad
1203 5713 1571 5788 Alexandrum
1627 5725 1800 5788 annos
1833 5724 2026 5788 ccxxx.

464 5787 787 5844 Conferatur
839 5781 1016 5843 autem
1065 5786 1356 5842 Eusebiani
1395 5799 1580 5849 regum
1627 5781 1872 5837 Iaterculi
1919 5781 2028 5833 col.

549 5439 641 5577 82)
674 5437 844 5499 Hist.,
879 5435 1044 5498 11,12.

552 5511 621 5562 85
672 5508 752 5560 Ad
792 5507 1040 5560 annuml

525 5441 643 5646 ἓξςι)
676 5576 834 5632 Hunc
870 5592 1044 5646 quoqu

2114 1883 2346 1968 divisum
2368 1918 2472 1964 est.
2501 1906 2638 1976 Ipsis
2655 1901 2873 1974 quidem
2905 1893 3288 1952 Macedonibus
3312 1889 3547 1976 imperat
3559 1883 3691 1976 Phi-

2114 2004 2294 2073 lippus
2319 1999 2410 2070 qui
2434 2005 2487 2052 et
2511 1973 2778 2058 Aridaeus;
2809 1985 3150 2043 Alexandria:
3177 1993 3308 2073 vero
3323 1973 3696 2073 [Egypti‘l’t'o-

2116 2064 2354 2149 lett-nens
2367 2089 2527 2158 Lagi:
2550 2095 2663 2140 tum
2693 2082 2852 2137 annis
2881 2079 3118 2150 quinque
3136 2082 3257 2144 post
3277 2071 3513 2138 imperat
3535 2064 3696 2118 Asia-

2072 2188 2075 2190 ’
2116 2185 2202 2240 nis
2235 2155 2538 2253 Antigonus
2566 2195 2582 2244 ;
2613 2174 2936 2231 duodecimo
2969 2168 3203 2237 denique
3245 2169 3370 2234 post
3396 2155 3695 2253 Alexandri

2116 2275 2325 2331 obitum
2361 2246 2507 2326 anno
2539 2267 2714 2339 Syris,
2745 2259 3005 2333 Babyloni
3057 2253 3343 2328 plagisque
3390 2246 3696 2320 superiori-

2118 2368 2221 2423 bus
2269 2364 2581 2420 dominatur
2605 2357 2869 2413 Seleucus
2909 2351 3162 2405 Nicanor.

2187 2459 2242 2514 9.
2281 2457 2395 2527 Age
2421 2467 2554 2509 vero
2571 2443 3017 2522 quandoquidem
3047 2441 3212 2494 hosce
3233 2426 3694 2490 commemoravi—

2116 2567 2260 2614 mus,
2293 2516 2635 2617 singulorum
2664 2551 2886 2610 quoque
2913 2531 3137 2589 nomina
3159 2516 3696 2596 scripto_complecti

2301 2641 2462 2693 ineat.

2388 2656 2462 2693 at.

2115 2656 2497 2788 “omittam
2540 2741 2572 2782 e
2617 2722 2759 2780 vivis
2795 2724 3006 2789 erepto,
3033 2707 3426 2769 Macedonibus
3471 2697 3696 2773 proprie

2119 2827 2352 2880 imperat

2193 2839 2361 2966 lg:
2402 2907 2710 2978 Philippus,
2735 2901 2905 2974 quiet
2929 2896 3198 2957 Aridatus,
3229 2887 3388 2944 annis
3416 2899 3514 2939 vu.

2189 3001 2380 3058 XXVI.
2423 2999 2702 3056 Casander
2725 2993 2885 3050 annis
2908 3005 3004 3045 xix
3035 2985 3169 3058 (86).

2195 3093 2410 3152 XXVII.
2443 3091 2569 3147 Filii
2611 3089 2777 3158 hujus
2798 3086 2958 3140 annis
2979 3099 3052 3137 tv.

2189 3183 2428 3242 XXVIII.
2468 3178 2776 3253 Demetrius
2808 3174 2968 3229 annis
2998 3189 3032 3229 v
3067 3167 3204 3241 (87).

2189 3276 2380 3334 XXIX.
2420 3273 2661 3347 Pyrrhus
2697 3267 2978 3325 mensibus
3009 3278 3108 3317 vn.

2191 3368 2360 3426 XXX.
2400 3339 2762 3439 Lysimachus
2791 3361 2952 3415 annis
2981 3374 3013 3411 ν
3047 3364 3101 3412 et
3124 3349 3410 3408 mensibus
3435 3359 3513 3439 vit
3555 3339 3696 3412 (88).

2190 3462 2382 3520 XXXI.
2422 3436 2748 3516 Ptolemaeus
2769 3455 3051 3510 Ceraunus
3064 3459 3206 3500 anno
3220 3460 3238 3498 I
3254 3449 3309 3498 et
3323 3436 3605 3495 mensibus
3622 3449 3696 3488 ix.

2196 3554 2411 3610 XXXII.
2456 3551 2724 3620 Meleager
2752 3544 3032 3601 mensibus
3061 3554 3122 3592 II.

2197 3647 2438 3704 XXXIII.
2477 3645 2769 3713 Antipater
2799 3639 2993 3694 diebus
3018 3649 3142 3688 va.

2193 3739 2431 3796 XXXIV.
2473 3737 2774 3792 Sostbenes
2795 3730 2956 3785 annis
3001 3743 3064 3783 ιι.

2202 3831 2418 3888 XXXV.
2469 3829 2774 3898 Antigonus
2801 3823 3044 3879 Gonatas
3071 3818 3230 3874 annis
3254 3831 3444 3873 xxxvt.

2197 3919 2439 3978 XXXVI.
2483 3916 2792 3972 Demetrius
2805 3913 2963 3967 annis
2997 3927 3051 3964 x.

2189 4009 2456 4068 XXXVII.
2496 4009 2805 4078 Antigonus
2834 4004 2994 4058 annis
3026 4017 3117 4056 xv.

2199 4102 2485 4161 XXXVIII.
2517 4101 2804 4171 Philippus
2833 4097 2992 4152 annis
3022 4110 3160 4152 XLII.

2198 4193 2444 4251 XXXIX.
2479 4191 2712 4246 Perseus
2738 4190 2899 4242 annis
2930 4205 2982 4242 x.

2201 4285 2496 4342 Interfecto
2525 4281 2748 4345 Perseo,
2777 4279 3014 4334 Romani
3054 4277 3448 4335 Macedonibus
3467 4280 3700 4338 liberta-

2132 4390 2240 4435 tem
2271 4375 2532 4446 impertiti
2559 4381 2708 4438 sunt,
2741 4372 2931 4442 eisque
2960 4371 3041 4427 sui
3065 4371 3207 4440 juris
3231 4386 3353 4426 esse
3411 4385 3701 4428 concesse-

2055 4493 2103 4552 ι)
2135 4481 2261 4527 runt
2295 4469 2453 4524 annis
2482 4483 2572 4521 xlv
2595 4465 2731 4535 (89).

2193 4561 2302 4617 XL.
2342 4559 2536 4614 Falsus
2560 4557 2842 4626 Philippus
2869 4569 3012 4610 anno
3041 4569 3083 4607 1.

2211 4653 2435 4706 Summa
2468 4663 2736 4704 annorum
2759 4661 2996 4702 nchvu.

2207 4769 2296 4823 I0.
2336 4764 2567 4820 Interest
2627 4772 2684 4819 et
2731 4770 2929 4818 caetera
2961 4775 3128 4831 regna
3173 4759 3504 4819 describere.
3541 4762 3703 4818 Anno

2136 4869 2259 4934 post
2305 4856 2601 4914 Alexandri
2625 4857 2736 4910 fata
2763 4855 2956 4925 quinto
2984 4853 3218 4925 imperat
3249 4855 3473 4911 Asianis

2193 4956 2235 5011 I.
2280 4954 2584 5022 Antigonus
2610 4949 2767 5003 annis
2790 4964 2942 5004 xvnl.

2202 5046 2267 5102 II.
2306 5044 2616 5098 Demetrius
2645 5041 2979 5097 Poliorcetes
3009 5041 3169 5098 annis
3191 5059 3323 5097 xvn.

2209 5137 2508 5192 Amborum
2570 5133 2873 5189 dominatio
2929 5133 3221 5204 conjuncta
3271 5149 3445 5190 annos
3474 5139 3704 5202 occupat

2135 5247 2298 5286 xxxv.
2323 5227 2513 5300 Operae
2549 5228 2783 5296 pretium
2839 5233 2926 5280 est
2951 5239 3048 5280 eos
3085 5225 3212 5280 item
3243 5225 3336 5294 qui
3367 5225 3455 5280 his
3483 5237 3703 5280 succes-

2135 5427 2261 5486 209,
2277 5440 2401 5480 cum
2438 5431 2564 5477 nota
2591 5423 2641 5476 5.

2207 5497 2318 5565 (85)
2350 5493 2446 5565 llic
2476 5491 2711 5559 Αῑτοριιδ
2742 5493 2826 5565 vel
2855 5489 3106 5565 @ropas.

2209 5559 2320 5636 (86)
2353 5563 2632 5636 Vetustior
2657 5564 2849 5623 codex,
2879 5559 3243 5616 Casamandcr
3268 5560 3424 5617 armis
3453 5572 3550 5618 xx.

2208 5634 2318 5701 (8'7)
2347 5637 2429 5688 Al.
2457 5634 2602 5693 cod.,
2633 5649 2720 5685 xv.

2205 5706 2314 5775 (88)
2350 5704 2676 5758 Conferatur
2713 5703 2979 5775 Eusebius
3011 5717 3048 5765 I,
3079 5702 3168 5767 38,

2213 5772 2321 5843 (89)
2348 5775 2441 5830 Dic
2475 5791 2558 5828 xix
2600 5789 2722 5826 cum
2756 5773 3008 5839 Eusebio,
3043 5775 3146 5826 ('ol.
3184 5772 3287 5824 239i
