3810 6376
397 367 509 425 835

1303 328 1312 336 “
1391 355 1733 416 APPENDIX
1769 359 1861 414 Αιι
1902 359 2174 416 EUSEBll
2207 360 2624 423 cunomcou.

3565 369 3676 425 656

473 482 606 537 Post
656 497 812 552 reges
851 481 1184 552 pmiuernnt
1238 479 1421 534 Roma:
1471 481 1728 536 consules
1759 495 1788 534 a
1817 480 1986 535 Bruto
2015 485 2061 543 Α
2090 484 2274 544 sitam,
2300 499 2463 553 quam
2492 493 2546 540 et
2571 483 2858 539 Harchiam
2884 487 3236 557 nuncupavit.
3259 484 3483 541 Interim
3506 472 3696 544 Belus;

403 575 630 639 exorsi;
689 573 884 628 deinde
937 572 1162 635 tribuni,
1220 586 1346 624 mox
1400 571 1696 625 dictatores
1749 571 1984 642 (nempe

403 667 781 736 eloquentes);
828 681 1023 720 rursus
1061 663 1336 727 consules,
1379 664 1472 733 qui
1517 678 1547 715 a
1586 660 1886 734 Tarquinio
1917 664 1984 718 ad

403 757 596 812 Caium
627 756 827 811 Julium
861 755 1185 810 exstiterunt
1217 755 1374 807 annis
1404 769 1625 808 ccccu.

472 849 604 904 Post
664 849 761 901 hos
821 861 962 900 anno
1031 847 1203 900 altero
1266 846 1577 901 centesima:
1641 846 1987 915 octogesimas

407 949 618 1014 quartae
655 939 980 1011 olympiadis
1009 954 1278 993 summam
1323 946 1645 1009 potestatem
1697 939 1839 1008 apud
1878 938 1989 992 Bo-

405 1049 595 1088 manos
640 1031 879 1088 exercuit
915 1029 1081 1084 Caius
1119 1028 1298 1085 Julius
1338 1032 1497 1084 annis
1539 1032 1804 1101 quinque,
1837 1047 1989 1085 men-

405 1127 558 1181 sibus
637 1133 839 1204 septem
897 1125 1100 1178 minus.
1166 1122 1302 1177 Exin
1364 1121 1638 1177 Caesarum
1703 1123 1989 1193 app;_l|atio

403 1217 661 1272 obtinuit.
703 1214 823 1270 Jam
876 1217 982 1270 huc
1020 1232 1196 1286 usque
1242 1215 1369 1268 anni
1404 1214 1514 1269 duo
1544 1215 1841 1286 Cleopatras
1887 1233 1992 1268 nu-

405 1314 724 1374 merantur;
774 1305 1016 1376 reliquos
1066 1305 1259 1376 viginti
1301 1302 1486 1359 eadem
1535 1306 1641 1359 sub
1701 1304 1968 1360 Romanis

407 1398 680 1470 exigebat.

475 1491 752 1562 Augustus
781 1490 941 1544 annis
967 1505 1076 1556 LVI,
1115 1489 1396 1544 mensibus
1425 1504 1499 1545 γι.
1527 1488 1610 1543 Ab
1640 1489 1800 1558 liujns
1817 1489 1993 1559 primo

408 1598 554 1637 anno
588 1583 916 1637 Antiocheni
946 1597 1075 1637 suos
1109 1595 1283 1636 annos
1316 1591 1626 1636 numerant.
1655 1581 1832 1651 Hujus
1864 1583 1990 1636 item

405 1690 550 1728 anno
573 1674 784 1730 decimo
809 1672 1119 1728 Judreorum
1145 1674 1404 1742 przesules
1434 1674 1601 1727 amoti
1627 1681 1775 1736 sunt,
1808 1689 1994 1742 regna-

405 1764 590 1834 vitque
671 1763 914 1819 Herodes
948 1763 1269 1831 alienigena.
1348 1759 1486 1815 Ecce
1534 1770 1712 1815 autem
1763 1760 1990 1830 Augusti

407 1858 581 1911 altero
606 1865 658 1910 ct
687 1855 1128 1926 quadragesimo,
1159 1851 1390 1906 Herodis
1425 1853 1596 1907 altero
1631 1863 1683 1906 et
1713 1853 1987 1909 tricesimo
2020 1836 2061 1890 Β

407 1964 573 2014 anno,
601 1965 797 2004 carens
828 1955 1072 2018 tempore
1105 1945 1290 2000 Fumus
1318 1944 1415 1998 DEI
1454 1952 1643 1999 sancta
1675 1961 1740 1999 ex
1768 1943 1991 2016 Virgine

407 2041 656 2096 nascitur
680 2041 734 2095 in
765 2048 1011 2110 tempore
1035 2038 1167 2109 (15).

1003 2170 1232 2226 CAPUT
1273 2169 1383 2227 Vll.

753 2284 966 2340 Jabethi
1002 2287 1251 2354 prosapia
1290 2286 1634 2340 Armeniaca.

475 2399 697 2456 Priores
735 2399 872 2454 duas
913 2401 1290 2470 genealogias,
1329 2397 1475 2453 Semi
1529 2397 1783 2451 videlicet
1827 2404 1991 2467 atque

406 2491 616 2558 Chami,
650 2492 884 2547 breviter
917 2493 1316 2556 recensnimus,
1343 2490 1692 2558 easdemque,
1725 2497 1987 2559 quantum

407 2569 586 2648 licuit,
621 2601 718 2654 per
749 2586 1132 2641 successiones
1162 2593 1215 2639 et
1250 2592 1494 2653 tempora
1527 2581 1595 2636 ad
1629 2597 1752 2636 eum
1785 2597 1987 2636 annum

407 2693 579 2748 usque
617 2677 966 2742 deduximus,
1009 2694 1120 2748 quo
1181 2676 1561 2731 manifestatus
1605 2683 1688 2730 est
1730 2673 1992 2728 Dominus

405 2772 498 2841 qui
545 2771 838 2825 humanam
879 2778 1072 2841 sponte
1110 2777 1361 2823 naturam
1393 2767 1644 2822 adscivit.
1675 2766 1787 2834 Age
1820 2780 1987 2828 nunc,

404 2863 545 2933 quod
590 2864 841 2933 superior
887 2862 1063 2917 oratio
1111 2868 1299 2915 nostra
1341 2859 1625 2930 promisit,
1672 2857 1740 2911 ad
1776 2856 1992 2911 Jabetbi

403 2971 621 3026 quoque
643 2955 952 3026 progeniem
975 2951 1392 3007 describendam
1420 2948 1748 3004 accedamus
1786 2967 1800 3003 :
1833 2947 1991 3017 cujus

406 3048 732 3104 successivm
753 3047 1160 3118 procreationes
1186 3047 1252 3098 ad
1277 3043 1508 3098 Parthos
1532 3057 1704 3111 usque
1725 3040 1988 3105 deﬂuunt,

412 3156 517 3212 l{uo
560 3144 616 3194 lit
665 3152 723 3196 ut
769 3157 893 3194 eum
942 3140 1198 3209 denique,
1231 3138 1322 3206 qui
1370 3137 1496 3190 fecit
1537 3143 1768 3204 utraque
1798 3149 1988 3198 unum,

413 3233 719 3298 Dominum,
781 3235 1026 3304 inquam,
1081 3240 1327 3285 nostrum
1394 3229 1795 3297 contingamus.
1855 3205 2062 3279 Cumc

413 3327 572 3398 igitur
615 3327 855 3396 prtedicti
896 3324 1167 3381 sermonis
1203 3321 1374 3376 nostri
1414 3335 1610 3376 cursus
1653 3319 1717 3373 ad
1748 3317 1992 3388 Thorgo-

414 3434 558 3473 mum
589 3420 888 3484 devenerit,
921 3415 1170 3487 sequitur
1199 3422 1259 3468 ut
1293 3414 1359 3468 ab
1388 3428 1452 3468 eo
1481 3414 1602 3468 loco
1624 3415 1992 3468 narrationem

413 3514 602 3565 rursus
629 3511 1002 3565 exordiantur.

413 3655 416 3662 ,
480 3601 534 3655 1.
586 3603 630 3655 Α
677 3600 989 3670 Tliorgomo
1039 3599 1114 3651 ait
1183 3595 1389 3668 (Moses
1443 3595 1809 3660 Cliorenensis,
1852 3613 1891 3664 ι,
1935 3597 1992 3669 9)

412 3702 755 3762 procreatum
789 3691 1037 3745 Haicum.
1072 3688 1190 3743 Jam
1216 3688 1305 3742 hic
1329 3687 1530 3745 Haicus
1559 3707 1626 3745 cx
1652 3705 1842 3743 eorum
1875 3697 1994 3743 erat

411 3785 689 3854 gigantum
743 3798 973 3838 numero
1025 3785 1116 3853 qui
1165 3783 1476 3852 arrogantia
1523 3782 1713 3834 tumidi
1767 3781 1991 3850 impium

413 3876 696 3928 consilium
761 3874 1140 3928 construenda:
1184 3874 1348 3926 turris
1393 3880 1757 3942 pepererunt;
1789 3871 1992 3941 quique

414 3973 538 4034 post
563 3967 682 4034 ejus
710 3965 969 4020 immanis
993 3965 1205 4020 mdiﬁcii
1235 3964 1449 4018 ruinam
1477 3979 1600 4018 cum
1631 3962 1742 4031 jam
1771 3963 1912 4016 inter
1933 3979 1993 4018 se

414 4069 637 4127 propter
692 4059 996 4129 linguarum
1059 4057 1383 4112 divisionem
1437 4071 1549 4110 non
1603 4055 1987 4126 intelligerent,

413 4151 672 4220 superbia
717 4151 842 4204 elati
881 4159 1125 4206 mutuum
1165 4150 1504 4205 dominatum
1538 4149 1880 4203 affectabunt.
1917 4147 1988 4212 ls,

414 4243 648 4313 inquam,
687 4242 891 4298 [laicus
951 4244 1077 4299 Belo
1124 4244 1394 4299 obsistere
1444 4258 1615 4297 ausus
1676 4249 1780 4306 est,
1832 4243 1990 4312 cujus

415 4336 654 4391 studium
705 4351 770 4391 co
824 4337 1102 4406 spectabat
1148 4348 1226 4403 ut,
1283 4338 1501 4393 cunctis
1550 4335 1656 4391 sibi
1705 4335 1988 4404 subjectis,

414 4429 716 4500 generalem
766 4432 1107 4500 tyrannidem
1165 4439 1464 4486 exerceret.
1515 4428 1593 4485 Ne
1649 4427 1777 4483 Belo
1827 4429 1992 4499 igitur

414 4521 812 4590 obtemperaret
866 4521 1088 4586 l-laieus,
1146 4538 1269 4576 cum
1319 4523 1448 4585 ﬁlio,
1497 4535 1659 4591 quem
1719 4518 1990 4590 Babylone

414 4622 749 4682 susceperat,
799 4617 1122 4676 Armenaco,
1159 4614 1291 4684 petit
1348 4613 1679 4674 Araratiam,
1730 4611 1987 4666 trecentis

413 4703 546 4760 viris
593 4705 821 4774 aliisque
863 4705 1104 4769 advenis,
1138 4704 1228 4773 qui
1256 4718 1314 4756 se
1351 4703 1429 4756 illi
1454 4703 1843 4770 adjunxerant,
1867 4717 1989 4754 cor-

416 4794 724 4850 roboratus.
758 4793 833 4849 lbi
865 4811 993 4849 vero
1030 4795 1096 4848 ad
1141 4794 1346 4846 montis
1397 4791 1610 4846 radices
1652 4790 1988 4844 domicilium

415 4889 633 4952 excitat,
685 4888 850 4957 idque
907 4902 1031 4940 mox
1082 4886 1375 4939 Armenaci
1430 4885 1540 4937 ﬁlio
1585 4883 1786 4938 Cadmo
1835 4882 1991 4936 attri-

416 4980 609 5046 buens,
655 4981 872 5050 longius
925 4980 1038 5049 ipse
1097 4991 1419 5048 progressus
1468 4983 1552 5030 est
1599 4976 1662 5028 ad
1709 4975 1986 5046 regionem

418 5071 709 5140 quamdam
773 5071 916 5124 inter
965 5068 1098 5123 solis
1147 5081 1402 5122 occasum
1467 5077 1519 5121 et
1565 5067 1985 5137 septentrionem

489 5250 598 5321 (15)
632 5249 874 5321 Samum,
917 5245 1206 5321 plenique
1243 5244 1435 5321 legenti
1467 5252 1702 5321 constat.
1750 5245 1988 5321 priorem

419 5316 639 5376 Eusebii
673 5317 871 5387 librum
917 5316 1024 5387 h_uc
1053 5331 1225 5385 usque
1254 5316 1310 5369 in
1346 5316 1727 5384 compendium
1761 5317 1984 5387 redegit.

417 5392 588 5446 Porro
621 5402 746 5442 eum
776 5384 917 5456 idem
940 5383 1311 5439 Romanorum
1343 5383 1699 5456 imperatores
1722 5385 1862 5438 ultra
1888 5383 1991 5456 pri.

419 5477 568 5515 mum
619 5456 701 5512 vel
746 5455 974 5507 alterum
1015 5458 1305 5519 Caesarem
1337 5473 1444 5510 non
1496 5454 1787 5516 describat,
1845 5454 1986 5513 haud

419 5530 624 5584 scimus
644 5541 721 5596 an
745 5524 874 5596 hinc
895 5528 1088 5596 merito
1116 5528 1530 5596 conjectandum
1559 5525 1654 5589 sit,
1682 5522 1987 5585 Samuelem

419 5599 608 5654 mutilo
639 5593 860 5648 Eusebii
903 5595 1090 5653 codice
1123 5593 1283 5652 usum
1333 5612 1470 5652 esse.

493 5669 604 5738 (14)
650 5663 876 5718 Codices
919 5665 1120 5740 aliique
1163 5670 1458 5738 scriptores
1509 5667 1670 5721 etiam
1699 5711 1713 5734 ,
1766 5670 1989 5725 Arame-

421 5754 603 5794 nacus.

489 5811 598 5882 (15)
642 5811 973 5869 Manavazns
1007 5811 1154 5865 llaici
1187 5809 1327 5865 tilius
1354 5851 1367 5875 ,
1405 5809 1691 5866 Armenaci
1723 5811 1911 5865 frater.

2087 574 2140 626 in
2205 575 2442 643 reliquos
2491 591 2683 630 omnes
2734 576 3071 630 dominatum
3127 578 3388 647 adeptus,
3439 557 3694 634 Haicum'

2085 678 2300 733 quoque
2341 664 2665 736 Babylonem
2701 667 2932 719 accersit
2969 685 2982 719 :
3014 683 3246 737 eumque
3284 667 3489 722 [laicus
3517 685 3680 722 man-

2085 754 2213 808 data
2267 771 2373 810 non
2419 755 2641 820 faceret,
2690 757 2970 827 egreditur
3019 759 3281 814 adversus
3325 775 3451 814 eum
3507 758 3680 815 Belus

2092 849 2320 903 immani
2366 851 2673 918 arrogantia
2716 849 2912 904 elatus.
2960 847 3065 904 Sed
3103 851 3244 904 enim
3291 852 3397 905 telo
3428 851 3574 905 ictus
3605 852 3679 904 ab

2087 940 2254 994 Haico
2287 940 2397 992 vita
2425 941 2690 1009 spoliatur
2726 958 2739 994 :
2773 942 2864 1010 qui
2890 941 3105 1012 quidem
3146 943 3289 996 baud
3319 943 3511 1013 paucis
3547 951 3678 1014 post

2090 1027 2254 1083 annis
2283 1029 2392 1081 vita
2424 1028 2710 1098 producta,
2737 1027 2958 1085 ditionis
2981 1030 3247 1086 haeredem
3276 1034 3521 1087 moriens
3554 1035 3680 1088 reli-

2089 1121 2203 1192 quit
2225 1123 2606 1179 Armenacum.

2157 1214 2211 1270 9..
2255 1215 2590 1269 Armenacus
2623 1215 2734 1286 (14)
2776 1211 2931 1270 Haici
2970 1214 3134 1278 ﬁlius,
3161 1225 3285 1286 post
3323 1217 3532 1272 obitum
3570 1234 3674 1289 pa-

2093 1302 2192 1356 tris
2214 1344 2226 1367 ,
2267 1302 2465 1357 fratres
2493 1303 2632 1357 duos
2663 1303 2902 1358 Cborum
2939 1311 2992 1359 et
3024 1303 3378 1360 Manavazum
3425 1307 3483 1361 in
3527 1307 3676 1361 Har-

2091 1393 2279 1447 chensi
2333 1395 2610 1462 provincia
2651 1395 2906 1464 reliquit,
2946 1395 3185 1466 itemque
3229 1397 3432 1452 Bazum
3480 1399 3675 1455 Mana-

2091 1486 2208 1539 vazi
2243 1486 2350 1555 (15)
2393 1487 2580 1542 lilium.
2617 1485 2788 1541 Porro
2823 1503 2852 1542 a
2887 1488 3187 1543 Manavazo
3223 1489 3475 1560 Bazoque
3506 1491 3674 1546 dictae

2093 1573 2344 1629 feruntur
2386 1578 2638 1648 satrapia:
2663 1576 2971 1634 Manavazia
3005 1589 3058 1636 et
3094 1581 3390 1645 Bcznunia,
3427 1586 3674 1656 itemque

2093 1679 2157 1719 ea
2187 1682 2307 1735 quae
2340 1665 2580 1722 Ordunia
2615 1669 2957 1738 appellatur:
2993 1688 3021 1724 a
3051 1671 3232 1727 Cboro
3263 1683 3446 1728 autem
3477 1686 3678 1745 gentes

2096 1758 2545 1814 Cborclioruniae.
2599 1761 2721 1831 Ipse
2751 1777 2880 1816 vero
2909 1762 3249 1820 Armenacus
3291 1765 3436 1819 ultra
3484 1775 3676 1822 trans-

2089 1865 2355 1920 gressus,
2409 1851 2463 1904 in
2515 1852 2744 1922 planitie
2798 1855 3042 1909 consedit
3087 1857 3235 1926 jugis
3282 1858 3673 1925 circumdata,

2091 1958 2320 2012 quorum
2347 1944 2559 1998 elatiori
2583 1961 2778 2001 nomen
2803 1947 2925 2002 fecit
2947 1949 3190 2019 Aragazo
3214 1969 3227 2005 :
3262 1959 3377 2004 tum
3401 1953 3678 2009 Armzeiso

2091 2041 2214 2104 post
2289 2035 2494 2106 aliquot
2565 2037 2689 2091 vitae
2739 2052 2912 2094 annos
2980 2041 3197 2109 genito,
3245 2041 3339 2095 diu
3388 2043 3516 2098 exin
3573 2060 3676 2099 su-

2091 2134 2302 2196 perstes
2336 2127 2551 2181 demum
2586 2135 2797 2184 natura:
2829 2129 3113 2185 satisfecit.

2161 2219 2214 2271 5.
2257 2217 2552 2273 Armaeisus
2583 2219 2695 2290 (16)
2735 2221 3024 2276 Armenaei
3069 2221 3211 2278 [ilius
3243 2226 3538 2279 stationem
3569 2225 3678 2280 sibi

2091 2309 2144 2362 in
2178 2309 2318 2363 colle
2353 2309 2420 2363 ad
2455 2311 2632 2365 amnis
2659 2312 2833 2382 ripam
2865 2312 3118 2371 aediﬁcat.
3166 2314 3344 2384 Atque
3373 2317 3678 2372 stationem

2090 2401 2310 2472 quidem
2351 2417 2452 2457 suo
2496 2401 2562 2457 de
2605 2405 2827 2460 nomine
2878 2406 3210 2460 Armaviram
3242 2409 3518 2477 appellat,
3555 2425 3680 2463 am-

2092 2510 2214 2548 nem
2245 2502 2422 2548 antem
2471 2511 2533 2550 ex
2581 2494 2774 2551 Erasto
2809 2507 3002 2567 nepote
3047 2514 3148 2552 suo
3191 2498 3486 2554 Erascbem
3519 2501 3682 2554 voci-

2092 2594 2168 2640 tat
2197 2586 2334 2656 (17).
2373 2585 2495 2642 Mox
2531 2587 2772 2644 Sancum
2807 2590 2970 2644 ﬁlium
2993 2631 3007 2654 ,
3047 2593 3196 2662 prole
3240 2592 3465 2648 divitem
3509 2601 3684 2663 atque

2093 2694 2340 2734 voraeem
2385 2681 2537 2751 (18),
2586 2682 2807 2736 boream
2851 2699 3041 2738 versus
3086 2684 3140 2738 in
3188 2694 3551 2755 campestrem
3598 2688 3682 2742 lo-

2093 2785 2218 2823 cum
2250 2771 2451 2825 emittit
2484 2774 2620 2828 satis
2649 2773 2868 2827 uberem
2902 2781 2956 2826 et
2993 2774 3356 2829 fructuosum.
3395 2775 3576 2846 llujus
3611 2779 3685 2834 de

2094 2861 2316 2915 nomine
2347 2862 2495 2934 regio
2520 2863 2610 2916 illa
2647 2863 2856 2918 Siracia
2906 2874 3220 2936 nuncupata
3279 2875 3386 2922 est.
3416 2866 3540 2922 Jam
3573 2870 3679 2923 Ar-

2093 2954 2316 3008 maaisus
2371 2953 2647 3008 Amasiam
2693 2957 3026 3026 procreavit,
3075 2959 3276 3014 diuaue
3325 2961 3509 3016 adhuc
3564 2964 3684 3016 vita

2095 3059 2230 3098 usus
2261 3059 2577 3113 supremum
2622 3045 2764 3099 diem
2797 3046 2949 3100 obiit.

2164 3134 2216 3188 4.
2258 3135 2507 3191 Amasias
2537 3135 2787 3192 ΑΠηωὶδὶ
2824 3136 2999 3200 ﬁlius,
3035 3139 3197 3192 vitam
3233 3148 3448 3210 agitans
3475 3142 3681 3194 Arma-

2095 3226 2255 3288 viree,
2295 3226 2598 3282 Gelamium
2634 3229 2820 3298 genuit
2853 3237 2904 3283 et
2940 3229 3282 3285 Pbarocbum
3319 3241 3485 3302 atque
3516 3232 3685 3287 Zola-

2095 3319 2263 3374 cium.
2303 3318 2448 3373 Idem
2486 3321 2686 3390 Oppida
2717 3322 2827 3376 duo
2870 3322 2922 3377 in
2971 3322 3253 3379 radicibus
3297 3327 3502 3380 montis
3548 3326 3684 3380 fun-

2094 3409 2282 3475 davit,
2316 3412 2653 3482 totidemque
2698 3412 2826 3469 ﬁliis
2871 3416 2984 3469 suis
3026 3415 3312 3470 iucolenda
3359 3420 3676 3482 concessit,

2095 3497 2385 3557 Pbarocho
2433 3504 2643 3558 scilicet
2691 3504 2818 3559 forti
2869 3515 2920 3561 et
2970 3505 3190 3562 Zolaeio
3234 3506 3514 3572 formoso,
3551 3526 3682 3580 quae

2095 3593 2310 3662 quidem
2351 3595 2540 3648 horum
2569 3598 2789 3651 nomina
2825 3599 3058 3652 retinent
3088 3597 3450 3655 Paracliotum
3481 3611 3536 3656 et
3567 3603 3678 3658 Zo-

2094 3683 2376 3739 lacertam.
2431 3684 2662 3740 Montem
2709 3686 2944 3757 denique
2989 3689 3056 3744 de
3105 3706 3207 3745 suo
3257 3694 3486 3748 nomine
3535 3694 3680 3748 dixit

2096 3771 2378 3829 Masisium
2413 3776 2548 3847 (19).
2593 3777 2642 3832 Is
2707 3767 2831 3833 cum
2862 3781 3019 3833 annis
3050 3789 3308 3849 praeterea
3341 3799 3452 3838 non
3476 3787 3678 3854 paucis

2092 3866 2256 3920 vitam
2290 3876 2689 3935 sustentasset,
2724 3870 3022 3926 Armavirae
3052 3872 3308 3928 decessit.

2163 3959 2217 4014 5.
2258 3957 2535 4016 Gelatnius
2566 3960 2803 4016 Amasias
2848 3963 2988 4018 ﬁlius
3036 3963 3293 4020 llarmam
3337 3970 3678 4038 procreavit.

2093 4045 2238 4102 Idem
2275 4049 2532 4118 oppidum
2568 4050 2621 4103 in
2651 4066 2746 4105 ora
2790 4051 2944 4106 lacus
2991 4054 3236 4107 condidit
3260 4093 3274 4120 ,
3318 4065 3678 4129 montemque

2091 4141 2400 4210 proximum
2434 4140 2623 4196 Gelum
2655 4142 2823 4210 dixit,
2855 4144 3041 4198 urbem
3074 4143 3461 4212 Gelacuniam,
3490 4150 3676 4204 lacum
3717 4160 3725 4165 ‘

2091 4233 2324 4302 denique
2353 4248 2499 4288 mare
2529 4233 2883 4290 Gelacunium
2915 4236 3047 4309 (9.0).
3075 4238 3323 4293 Gelamio
3355 4239 3503 4294 ﬁlius
3537 4244 3678 4298 alter

2091 4326 2195 4380 fuit
2223 4324 2446 4383 Sisacus
2466 4367 2480 4391 ,
2511 4330 2600 4382 cui
2632 4329 2767 4386 ﬁnes
2795 4331 3019 4386 ditionis
3043 4333 3328 4387 constituit
3359 4335 3429 4388 ab
3453 4351 3522 4389 eo
3549 4337 3675 4391 lacu

2091 4418 2354 4473 orientem
2386 4435 2609 4486 versus,
2644 4437 2750 4491 qua
2794 4420 2913 4476 ﬁuit
2943 4423 3122 4477 amnis
3154 4421 3427 4480 Erascbes
3459 4425 3674 4497 ingenti

2092 4510 2305 4578 agmine
2333 4518 2386 4563 et
2419 4512 2646 4580 strepitu
2680 4513 2733 4566 in
2764 4529 2858 4569 eos
2888 4530 3109 4584 campos
3141 4515 3399 4585 delapsus
3442 4517 3539 4586 qui
3582 4517 3671 4573 di-

2091 4610 2293 4656 cuntur
2327 4602 2638 4660 Cltalavazi.
2689 4604 2749 4657 Ei
2795 4605 3001 4676 regioni
3053 4623 3252 4661 nomen
3301 4616 3383 4662 est
3435 4608 3670 4665 Siunia:

2091 4693 2184 4746 sed
2212 4693 2554 4751 commodius
2599 4695 2778 4752 Persae
2823 4697 3011 4751 dicunt
3056 4695 3406 4754 Sisicaniam.
3458 4700 3668 4756 Urbem

2089 4785 2251 4840 etiam
2283 4786 2528 4840 condidit
2559 4787 2858 4843 Gelamiam
2902 4789 2967 4843 de
3012 4804 3114 4842 suo
3157 4791 3377 4846 nomine
3425 4793 3667 4857 dictam,

2090 4894 2212 4948 quae
2240 4886 2428 4949 postea
2459 4879 2526 4934 de
2558 4878 2793 4936 Garnico
2823 4891 3018 4949 nepote
3060 4882 3182 4951 ejus
3221 4880 3425 4937 Garnia
3468 4884 3666 4938 audiit.

2089 4969 2229 5025 Hinc
2292 4979 2446 5026 ortus
2499 4979 2584 5028 est
2635 4973 2944 5027 consecutis
2992 4975 3329 5043 temporibus
3397 4975 3502 5029 sub
3560 4976 3665 5029 Ar-

2092 5072 2312 5120 taxerxe
2331 5063 2574 5120 Varazus
2594 5065 2684 5120 ille
2703 5065 3049 5120 venationum
3076 5065 3365 5136 praefectus
3380 5065 3668 5123 Varaznu-

2163 5249 2274 5312 (16)
2315 5248 2486 5303 Aliter
2517 5247 2714 5307 etiam.
2753 5249 3094 5303 Aramaisus.

2162 5318 2274 5387 (17)
2314 5318 2516 5387 Nempe
2543 5320 2798 5372 Araxem.

2162 5387 2274 5459 (I8)
2314 5389 2641 5460 Conl‘eratur
2666 5391 2767 5460 hac
2794 5404 2958 5458 super
2985 5405 3043 5443 re
3070 5390 3322 5460 adagium
3355 5387 3501 5460 apud
3526 5389 3667 5444 Clio-

2091 5458 2376 5516 renensem
2398 5499 2413 5523 ,
2449 5458 2592 5513 Ilist.
2628 5477 2681 5525 ι,
2715 5459 2798 5512 11.

2161 5530 2274 5600 (19)
2316 5529 2472 5582 Hunc
2520 5530 2808 5600 immanis,
2834 5527 3160 5600 altitudinis.
3195 5538 3431 5584 montem
3477 5529 3659 5584 divina

2090 5599 2262 5654 Biblia
2293 5599 2518 5669 alia-que
2544 5610 2733 5668 gentes
2761 5599 2950 5652 dicunt
2976 5599 3197 5654 Ararat.

2163 5671 2275 5738 (‘20)
2318 5668 2444 5722 Hoc
2485 5685 2634 5725 mare
2687 5674 2824 5737 (seu
2860 5671 3086 5739 lacum)
3147 5671 3346 5739 posteri
3397 5668 3653 5724 dixerun'
3700 5685 3708 5719 δ

2093 5739 2574 5861 etiaJnWSelcanium
2611 5741 2678 5795 ab
2714 5739 2890 5794 insula
2925 5737 3192 5803 Sevania,
3228 5741 3316 5794 ubi
3364 5755 3459 5793 arx
3496 5747 3658 5809 eaptt.

2094 5827 2184 5861 μοι·
2227 5827 2236 5861 l
2281 5825 2345 5861 lCl
2375 5825 2418 5861 :s

2093 5810 2418 5878 perdillicilis
