3810 6260
120 293 214 350 837

834 294 1184 351 SAMUELIS
1216 295 1534 352 ANIENSIS
1573 295 1922 353 SUMMARII
1957 295 2343 353 TEMPORUM
2373 295 2554 352 PARS
2591 295 2632 350 1.

3271 296 3376 352 638

122 411 212 464 nia:
253 407 480 462 familiae
519 407 672 464 fons.
705 407 918 463 Harmaa
967 411 1079 464 lilio
1102 410 1380 468 Gclamius
1430 413 1486 466 in
1539 428 1694 466 man-
1723 419 1770 476 Α
1868 412 1928 468 8.
1960 413 2104 468 Arazi
2133 413 2294 466 Arato
2323 410 2492 482 geniti
2524 410 2669 466 filius
2710 410 3074 466 Anusavanus
3112 410 3232 466 fuit.
3274 410 3374 467 Hic

120 502 244 556 datis
294 499 489 564 dedit,
557 510 620 556 ut
674 501 969 556 Armavirze
1029 503 1337 569 habitaret,
1399 504 1694 574 multisque

119 603 225 665 post
255 594 418 648 annis
465 596 786 651 exstinctus
805 604 908 650 est.
935 594 1137 650 Harma
1159 596 1401 651 Gelamio
1440 598 1690 668 genitus,

118 698 356 757 suscepto
382 686 503 741 ﬁlio
536 689 768 754 Aramo,
802 696 924 758 post
951 703 1128 744 annos
1158 690 1364 758 aliquot
1392 690 1544 744 obiit,

175 782 223 836 6.
263 783 509 836 Aramus
547 779 767 836 Har-ma:
799 782 940 836 lilius
976 797 1072 851 per
1114 782 1241 836 sazvi
1285 783 1479 837 martis
1517 792 1692 836 certa-

117 875 246 928 mina
271 889 330 928 re
363 889 516 942 saepe
545 873 806 944 praeclare
829 884 979 943 gesta
1004 874 1268 928 ditionem
1289 889 1444 928 suam
1475 889 1692 944 quaqua

115 980 288 1020 versus
317 964 581 1032 protulit.
617 963 715 1017 Ab
760 963 922 1031 hujus
971 963 1192 1016 nomine
1239 977 1512 1018 consensu
1559 979 1690 1034 gen-

115 1057 234 1109 tium
290 1056 548 1109 omnium
609 1055 761 1125 regio
814 1063 1000 1108 nostra
1057 1055 1323 1124 appellata
1373 1064 1502 1108 est:
1563 1069 1689 1109 nam

116 1146 268 1202 Caeci
298 1148 534 1217 quidem
568 1147 861 1201 Armenios
883 1186 898 1208 ,
932 1145 1055 1216 Syri
1100 1163 1229 1202 vero
1269 1157 1323 1201 et
1368 1146 1548 1202 Persa
1586 1147 1689 1200 Ar-

116 1238 310 1292 tneniclt
357 1255 470 1294 nos
521 1237 740 1293 dicunt.
787 1237 880 1292 llle
923 1237 1234 1308 Nycharum
1283 1237 1492 1293 Madem
1545 1238 1688 1293 bello

115 1332 312 1395 captum
356 1325 428 1380 de
469 1326 655 1382 turris
698 1341 857 1380 muro
884 1326 1190 1396 suspendit.
1221 1326 1481 1382 Eumdem
1514 1327 1690 1384 Ninus

115 1419 402 1473 secundum
433 1435 466 1472 a
500 1435 565 1474 se
594 1419 736 1472 dixit
765 1420 924 1488 eique
955 1419 1205 1474 diadema
1244 1421 1558 1492 margaritis
1599 1421 1686 1474 in-

115 1509 248 1577 signe
271 1515 499 1578 gestare
526 1508 841 1572 concessit,
870 1509 1087 1562 tametsi
1115 1509 1296 1578 specie
1327 1519 1506 1563 tenus.
1539 1507 1684 1563 Idem

114 1600 415 1656 Barsamum
447 1603 570 1656 vita
602 1601 858 1671 spoliavit
883 1622 896 1656 :
926 1610 1040 1655 tum
1068 1610 1122 1657 et
1149 1602 1386 1656 titanum
1431 1601 1683 1672 Paeapum

114 1692 373 1747 Chalidem
406 1708 439 1748 e
474 1693 902 1748 mediterraneis
924 1694 1232 1756 submovit,
1259 1704 1418 1763 atque
1448 1694 1500 1747 in
1530 1694 1684 1748 insu-

115 1785 205 1838 lam
233 1787 539 1856 quamdam
576 1785 771 1840 Asiani
802 1788 973 1842 maris
1005 1787 1201 1858 adegit.
1236 1786 1378 1841 Idem
1408 1787 1462 1840 in
1487 1802 1550 1842 ea
1579 1803 1688 1840 me-

115 1861 396 1930 diterranea
420 1877 657 1947 regione
680 1877 950 1933 Mesacum
983 1879 1152 1948 stirpe
1180 1893 1280 1932 sua
1299 1886 1486 1932 ortum
1517 1878 1688 1932 collo-

115 1967 270 2030 cavit,
316 1967 410 2037 qui
465 1966 750 2022 Mazacam
803 1968 1086 2030 condidit,
1140 1968 1443 2023 Caesaream
1498 1977 1688 2039 postea

115 2066 360 2113 vocatam.
414 2059 706 2113 Mandavit
732 2068 995 2130 praeterea
1026 2070 1182 2114 terra:
1208 2059 1330 2130 ejus
1361 2059 1556 2116 incolis
1580 2100 1594 2124 ,
1627 2067 1687 2114 ut

113 2148 389 2204 llaicanam
451 2151 705 2221 linguam
765 2151 1154 2207 addiscerent:
1214 2153 1567 2222 quamobrem
1622 2167 1688 2208 ea

113 2256 246 2312 plaga
270 2241 488 2297 dicitur
516 2261 548 2296 a
581 2241 781 2297 Gra’cis
811 2242 1008 2312 πρώτη
1041 2245 1327 2313 Ἀρμενία,
1357 2244 1564 2299 scilicet
1585 2245 1689 2298 Ar-

112 2335 267 2387 menia
294 2335 506 2406 prima.
555 2333 701 2388 Hinc
742 2335 808 2389 ad
850 2335 984 2390 fines
1017 2351 1189 2405 usque
1220 2336 1473 2406 proprios
1519 2336 1687 2390 inter-

112 2420 266 2474 media
289 2424 409 2476 loca
438 2423 645 2478 incolis
669 2422 1052 2493 frequentavit,
1071 2441 1192 2496 quae
1213 2425 1484 2490 secundae,
1512 2427 1689 2482 tertiae

113 2512 204 2567 imo
227 2521 277 2569 et
303 2526 527 2588 quartae
554 2515 830 2570 Armeniae
873 2517 1265 2586 appellationes
1312 2526 1478 2572 nacta
1531 2527 1681 2574 sunt.

114 2601 220 2660 Haec
260 2608 323 2661 ad
373 2608 615 2662 verbum
658 2606 836 2663 Moses
881 2609 1013 2680 (21).
1063 2607 1262 2664 Verum
1308 2610 1400 2664 alii
1434 2610 1683 2665 historici

115 2697 306 2764 docent,
321 2716 352 2754 a
376 2702 644 2756 Casarea
667 2699 1023 2770 Cappadocia;
1041 2701 1108 2755 ad
1130 2700 1406 2756 Ponticam
1436 2702 1649 2773 plagam
1667 2742 1681 2767 ,

115 2789 205 2844 dici
231 2793 470 2862 primam
517 2792 884 2858 Armeniam;
932 2809 963 2848 a
1012 2791 1187 2849 Ponto
1230 2795 1298 2850 ad
1341 2793 1684 2860 Melitenem,

114 2884 385 2938 secundam
440 2884 807 2951 Armeniam;
843 2884 968 2939 hinc
1008 2886 1075 2938 ad
1114 2885 1333 2956 Zophize
1370 2888 1536 2952 lines,
1581 2895 1687 2942 ter-

114 2976 221 3028 tiam
245 2976 570 3031 Armeniam
598 2993 614 3040 ;
638 2975 836 3031 exinde
863 2976 929 3030 ad
954 2977 1145 3032 urbem
1180 2977 1477 3052 Martyrum
1508 2981 1688 3050 appel-

115 3063 256 3120 latam
297 3066 415 3137 (2‘2)
464 3067 521 3120 in
563 3065 773 3121 Alzniaa
811 3067 1106 3136 provincia;
1150 3084 1385 3134 occasu,
1429 3080 1678 3141 quartam

115 3157 460 3228 Armeniam;
525 3175 684 3214 suam
758 3159 992 3230 denique
1047 3163 1420 3232 magnitudine
1478 3164 1680 3235 insigni

114 3250 472 3317 provinciam,
518 3251 794 3307 Armenia:
836 3252 1062 3322 majoris
1102 3254 1322 3309 nomine
1365 3255 1680 3309 distinctam

115 3343 261 3397 voluit
277 3344 419 3416 (25).
442 3343 552 3399 Sed
570 3345 718 3400 enim
745 3345 909 3400 hasce
928 3345 1228 3402 divisiones
1257 3345 1550 3401 Mauricius
1568 3346 1679 3416 (Ἡ)

116 3435 473 3501 perturbavit,
507 3434 657 3504 quod
690 3434 781 3488 ubi
810 3450 898 3489 res
930 3435 1067 3488 feret
1113 3436 1370 3489 narrabo.
1413 3437 1677 3503 Aramus,

115 3524 250 3577 Anco
274 3526 496 3596 genito,
530 3526 830 3595 longtevam
861 3527 1027 3578 vitam
1060 3525 1295 3595 denique
1321 3527 1535 3580 clausit.

175 3616 218 3669 7.
254 3617 450 3672 Araeus
479 3616 710 3686 pulcher
735 3614 920 3668 Arami
953 3615 1095 3670 [ilius
1119 3615 1366 3669 eumdem
1397 3617 1678 3680 honorem,

117 3723 208 3777 quo
251 3718 408 3778 pater
461 3705 696 3762 affectus
745 3705 960 3773 fuerat,
1016 3722 1045 3759 a
1097 3705 1234 3759 Nino
1283 3707 1485 3760 retulit.
1541 3704 1681 3760 Nino

119 3809 276 3856 autem
309 3803 594 3858 esstincto
621 3843 635 3868 ,
670 3809 922 3870 proterva
971 3801 1061 3854 illa
1107 3799 1429 3854 Samiramis
1463 3799 1678 3854 Ancum

119 3893 382 3962 cupiditati
413 3909 531 3948 sua:
561 3894 786 3947 minime
815 3893 1202 3963 obsequentem
1231 3877 1372 3947 bello
1395 3903 1681 3962 persecuta

118 3992 215 4047 est,
243 3994 300 4038 ut
332 3986 390 4039 in
427 4000 587 4054 suam
624 3991 948 4054 potestatem
981 3983 1282 4054 redigeret,
1320 3982 1412 4052 qui
1459 3983 1678 4037 interim

121 4073 166 4128 in
191 4077 444 4133 conflictu
475 4077 679 4131 bellico
705 4077 884 4146 periit.
931 4075 1139 4129 Exinde
1171 4075 1460 4145 impudens
1489 4075 1677 4129 eadem

121 4163 426 4223 Samiramis
467 4169 742 4223 munitum
791 4167 922 4221 illud
977 4168 1237 4238 oppidum
1279 4168 1551 4235 condidit,
1591 4167 1681 4222 cui

123 4257 179 4313 ad
205 4261 340 4316 hanc
375 4276 554 4331 usque
585 4259 730 4314 diem
763 4269 943 4313 manet
972 4260 1262 4329 appellatio
1292 4258 1407 4314 Van
1441 4261 1553 4330 (25)
1583 4279 1596 4315 :
1625 4262 1681 4314 in

123 4347 423 4410 Cardosium
463 4363 683 4417 autem,
725 4351 866 4406 Araai
900 4352 1069 4405 tilium
1107 4362 1357 4422 captum,
1399 4353 1542 4407 Arati
1584 4368 1684 4407 no—

1797 503 2160 560 Anusavanus
2179 545 2196 570 ,
2222 503 2313 573 qui
2341 502 2520 558 Sausii
2549 517 2746 557 nomen
2768 503 2872 557 sibi
2902 503 3233 568 vindicavit,
3263 504 3376 558 for-

1798 595 2088 649 titudinem
2139 604 2194 650 et
2239 595 2584 665 prudentiam
2635 609 2694 648 re
2737 593 3009 663 dictisque
3052 595 3374 650 mirabiliter

1796 703 1908 758 prae
1935 703 1994 742 se
2019 687 2184 741 tulit:
2231 687 2370 756 apud
2421 685 2690 741 Zammum
2732 693 2915 742 autem
2959 687 3100 741 miro
3136 687 3374 742 ludibrio

1797 772 2042 841 habitus,
2093 776 2453 831 nihilominus
2495 777 2798 830 amicorum
2844 777 3112 847 praesidiis
3163 786 3388 846 partem.

1794 870 2126 938 aliquantam
2151 868 2392 938 regionis
2419 876 2624 922 nostra:
2649 868 2958 938 impetravit
2981 885 2994 921 :
3023 884 3149 922 mox
3174 877 3230 923 et
3252 870 3375 922 uni-

1791 974 2026 1014 versam.
2049 957 2181 1012 Post
2211 959 2354 1012 hunc
2382 958 2525 1012 baud
2557 974 2654 1028 pro
2682 959 2897 1028 generis
2919 959 3062 1028 jure,
3092 960 3186 1014 sed
3212 968 3372 1029 prout

1792 1051 2024 1121 quisque
2055 1059 2320 1120 tyrannus
2348 1049 2601 1119 potentiae
2627 1049 2835 1104 viribus
2866 1051 3250 1120 praepollebat,
3282 1067 3384 1107 re-~

1790 1142 1935 1212 gioni
1982 1148 2189 1195 nostra:
2218 1141 2486 1196 universae
2515 1140 2779 1194 dominati
2811 1149 2972 1206 sunt,
3003 1156 3238 1211 quorum
3265 1158 3371 1198 no-

1792 1233 1936 1286 mina
1966 1232 2081 1285 haec
2117 1250 2130 1286 :
2165 1231 2430 1296 Paretus,
2465 1231 2746 1294 Arbocus,
2795 1229 3077 1295 Zavanus,
3119 1230 3371 1286 Pharna-

1787 1340 1913 1387 ces,
1946 1323 2163 1381 Surius.
2212 1322 2386 1392 Hujus
2433 1330 2590 1376 aetate
2634 1319 2795 1376 Jesus
2842 1320 2975 1376 Navi
3013 1324 3097 1378 vir
3139 1325 3367 1389 caelebs,

1788 1429 2013 1478 sanctus
2036 1431 2089 1478 et
2116 1422 2276 1477 fortis
2295 1435 2419 1475 cum
2438 1418 2775 1474 Chanameos
2801 1418 3126 1473 debellasset
3145 1457 3160 1481 ,
3189 1433 3256 1472 ex
3284 1418 3372 1472 his

1787 1514 1996 1583 aliquot
2021 1513 2222 1585 Agram
2254 1513 2650 1584 profugerunt,
2680 1512 3025 1582 navibusque
3052 1511 3374 1566 conscensis

1788 1605 2038 1660 Tharsim
2072 1614 2297 1661 tenuere
2316 1644 2332 1669 ,
2363 1620 2483 1674 qua:
2512 1619 2601 1658 res
2631 1609 2852 1657 constat
2883 1617 2949 1656 ex
2977 1601 3138 1656 titulo
3165 1601 3369 1654 colum-

1789 1697 1878 1751 nis
1912 1697 1965 1750 in
2016 1696 2202 1750 Africa
2246 1696 2515 1766 inscripto
2555 1695 2707 1750 hisce
2748 1693 2968 1750 verbis:
3001 1712 3019 1744 ‹
3043 1691 3263 1746 Josuam
3293 1691 3371 1744 la.

1794 1797 2007 1843 tronem
2039 1786 2310 1858 fugientes
2351 1801 2454 1841 nos
2490 1785 2774 1856 principes
2813 1784 3248 1839 Cbananaaorum
3281 1798 3371 1838 se-

1799 1879 1896 1936 des
1940 1880 2046 1934 huc
2087 1879 2472 1934 transtulimus
2519 1878 2652 1949 (26).
2695 1897 2712 1930 ι
2739 1876 2816 1931 Ex
2840 1877 2908 1931 iis
2936 1891 3080 1932 unus
3128 1873 3370 1930 Chnidas

1793 1975 1968 2029 multo
1996 1975 2427 2031 honestissimus
2459 1974 2602 2028 inter
2635 1979 2909 2026 nostrates
2937 1969 3248 2026 Armeniam
3291 1978 3371 2023 te-

1794 2067 1934 2121 nuit.
1988 2065 2242 2121 Profecto
2294 2081 2352 2120 re
2388 2065 2578 2121 sedulo
2604 2064 2949 2119 considerata
2977 2069 3193 2132 gentem
3219 2059 3370 2114 Gen-

1793 2159 2042 2212 tbuniam
2072 2158 2140 2212 ab
2164 2173 2231 2212 eo
2251 2164 2605 2227 propagatam
2638 2155 2995 2225 cognovimus
3021 2172 3034 2206 :
3065 2161 3119 2206 et
3147 2151 3365 2221 quidem

1793 2252 1948 2322 origo
1977 2250 2285 2304 Chananaea
2318 2248 2566 2302 moribus
2609 2247 2788 2317 gentis
2823 2246 2994 2314 ipsius
3024 2243 3360 2313 coarguitur.

1864 2343 1918 2398 9.
1959 2340 2091 2395 Post
2135 2339 2355 2394 Surium
2402 2338 2784 2401 Havanacius,
2827 2334 3127 2399 Vastacus,
3163 2332 3364 2386 llaica-

1793 2436 1937 2492 cius.
1986 2432 2045 2486 ln
2103 2439 2319 2487 aetatem
2371 2430 2591 2485 Belochi
2624 2428 2738 2500 (Ξῖ)
2789 2426 3081 2482 llaicacius
3129 2423 3364 2479 traditur

1793 2526 2089 2587 incidisse,
2122 2522 2343 2592 fatoque
2372 2521 2697 2593 perfunctus
2745 2521 2800 2574 in
2842 2519 3080 2589 quodam
3123 2518 3367 2572 tumultu

1793 2629 1996 2675 temere
2029 2617 2097 2671 ab
2128 2631 2188 2670 se
2221 2616 2518 2670 concitato.
2554 2612 2731 2668 Secuti
2763 2620 2882 2666 sunt
2912 2610 3224 2671 Ambacus,
3254 2607 3366 2660 Ar.

1791 2727 1965 2768 nacus
1983 2750 1999 2775 ,
2035 2709 2335 2772 Savarsus,
2361 2707 2616 2762 Norzerus
2642 2745 2658 2773 ,
2687 2705 2958 2759 Varamus
2979 2746 2994 2771 ,
3027 2703 3234 2765 Garus,
3261 2700 3366 2755 Go-

1791 2819 1990 2866 racus,
2047 2800 2330 2863 Rhantus,
2388 2798 2681 2863 Enzacus,
2738 2797 3002 2860 Gelacus,
3056 2794 3366 2858 liauraeus,

1794 2893 2120 2948 Zarmmrus.
2157 2890 2258 2946 llic
2291 2899 2606 2962 postremus
2637 2890 2765 2944 dum
2813 2888 3032 2943 Priamo
3070 2886 3366 2940 auxiliatur

1792 3002 1823 3042 a
1857 2985 2105 3040 'l'autano
2133 2984 2246 3054 (28)
2283 2983 2488 3038 missus
2521 2999 2646 3038 cum
2691 2981 3010 3051 EtbiOpum
3051 2979 3295 3034 exercitu
3329 2994 3366 3034 a

1793 3079 2028 3133 fortibus
2061 3076 2265 3132 Graecis
2299 3078 2661 3146 interemptus
2706 3082 2811 3130 est.
2863 3072 3068 3129 Deinde
3107 3071 3369 3139 Perzius,

1784 3170 1973 3225 Davidi
2006 3168 2224 3225 lsraelis
2250 3169 2362 3240 regi
2403 3166 2854 3236 contemporalis.
2887 3164 3025 3218 Tum
3052 3165 3352 3228 Arbunius,

1780 3261 2061 3324 Bazucus,
2097 3259 2288 3324 Hoius,
2318 3259 2574 3323 Jusacus,
2605 3248 2913 3328 thpacius,
2957 3255 3311 3312 Schaeordius
3332 3294 3347 3320 ,

1778 3353 2052 3408 Paraerus.
2076 3352 2175 3406 ilic
2199 3351 2448 3408 Paraerus
2471 3351 2767 3406 Scbmrdii
2797 3351 2940 3406 tilius
2959 3391 2973 3413 ,
3005 3350 3158 3406 Haici
3181 3351 3358 3421 stirpe

1779 3457 1968 3511 ortus,
2011 3446 2161 3501 vires
2209 3461 2332 3499 cum
2383 3443 2628 3499 Varbace
2671 3443 2825 3499 Medo
2869 3443 2938 3498 ad
2985 3442 3356 3512 Sardanapal-

1780 3541 1891 3594 lum
1919 3553 2086 3608 regno
2111 3536 2455 3607 spoliandum
2485 3536 2716 3592 contulit
2744 3555 2757 3591 :
2784 3536 3136 3606 quamobrem
3163 3535 3352 3591 diade-

1781 3638 1927 3685 mate
1957 3645 1989 3685 a
2018 3628 2260 3686 Varbace
2283 3632 2540 3695 donatus,
2571 3632 2782 3702 primus
2809 3645 2876 3686 ex
2907 3627 3164 3684 Haicanis
3190 3643 3351 3683 coro-

1781 3729 1948 3777 natus
1981 3729 2090 3778 est.

1855 3815 1942 3868 10.
1983 3812 2272 3869 Rhacimus
2297 3813 2493 3883 Parmri
2523 3812 2668 3868 filius
2706 3828 2904 3868 nomen
2938 3811 3176 3867 Rhaciaai
3227 3811 3357 3866 ade-

1783 3913 1910 3975 ptus
1951 3914 2036 3960 est
2079 3905 2147 3960 ab
2197 3907 2484 3960 oculorum
2521 3905 2808 3975 ﬂagrantia
2842 3905 3137 3974 vultusque
3179 3904 3364 3973 splen-

1784 3996 1916 4052 dore
1951 3997 2082 4067 (29).
2115 3997 2292 4067 Hujus
2321 4005 2480 4052 aetate
2511 4012 2635 4052 cum
2668 3996 3245 4051 Nabuchodonosorus
3269 3995 3358 4050 Je-

1784 4089 2186 4158 rosolymorum
2211 4090 2360 4142 cives
2382 4089 2436 4142 in
2461 4087 2833 4156 captivitatem
2857 4088 3213 4151 abduxisset,
3246 4088 3368 4157 ipse

1784 4179 2002 4247 quidem
2035 4178 2351 4246 optimatem
2381 4177 2674 4248 quemdam
2704 4194 2734 4232 e
2761 4179 2996 4248 captivis
3023 4178 3224 4234 Judzeis
3259 4195 3361 4234 no-

1788 4271 1934 4325 mine
1969 4268 2358 4324 Schambatum
2388 4284 2419 4322 a
2447 4268 2986 4325 Nabuchodonosoro
3015 4270 3362 4340 impetravit,

1786 4377 1948 4432 quem
1993 4360 2390 4431 perbonoriﬁce
2433 4360 2577 4431 apud
2612 4375 2671 4416 se
2711 4360 2942 4416 habuit:
2983 4369 3144 4432 atque
3183 4377 3251 4416 ex
3293 4377 3367 4417 eo

123 4456 228 4498 men
252 4445 561 4500 transtulit.
597 4444 690 4497 Illa
725 4458 850 4496 mox
880 4459 910 4497 a
941 4442 1232 4498 Zoroastre
1257 4459 1449 4513 mago,
1497 4443 1686 4498 Media:
1718 4457 1762 4512 ι)
1790 4469 1923 4524 gens
1950 4451 2277 4521 Bagraumia
2305 4452 2567 4505 manavit.
2594 4449 2773 4518 Quare
2801 4459 2853 4507 et
2885 4451 3127 4508 Sembati
3159 4469 3364 4510 nomen

122 4539 379 4612 principe,
410 4525 558 4595 bello
589 4540 825 4609 appetita
858 4545 942 4593 est
973 4557 986 4592 :
1021 4538 1092 4593 ab
1135 4554 1200 4592 eo
1240 4539 1449 4596 scilicet
1481 4541 1685 4595 Zoroa-

124 4639 252 4698 stre,
283 4634 370 4687 cui
403 4632 706 4703 quotannis
749 4631 803 4684 in
847 4629 1161 4686 Armeniam
1203 4633 1476 4690 ventitans
1516 4634 1688 4707 Assy»

125 4724 244 4778 riam
285 4723 584 4795 regendam
626 4723 997 4792 permittebat.
1046 4721 1102 4776 Id
1142 4723 1342 4778 bellum
1371 4726 1532 4782 Araao
1549 4743 1686 4797 quo-

127 4827 214 4880 que
243 4816 378 4870 Anci
409 4813 524 4868 ﬁlio
561 4811 726 4867 fatale
757 4812 858 4866 fuit
886 4833 899 4868 :
931 4813 1062 4884 quin
1102 4822 1158 4869 et
1193 4815 1406 4886 impura
1445 4815 1686 4872 Samira-

127 4903 216 4958 mis
250 4903 388 4974 dum}
426 4903 611 4974 fugam
642 4904 698 4958 in
748 4903 1060 4959 Armeniam
1090 4905 1331 4971 molitur,
1365 4907 1564 4962 Ζέλωεί
1590 4909 1686 4964 lilii

131 4994 200 5046 sui
224 5010 413 5060 manu,
445 4996 540 5066 qui
571 5002 656 5050 est
684 4993 894 5051 Ninuas
913 5036 928 5062 ,
964 4996 1248 5052 interfecta
1275 5007 1378 5053 est.

191 5170 294 5313 (2t)
335 5172 507 5238 Hist.,
541 5188 596 5236 ι,
633 5171 820 5227 11-15.

191 5241 272 5313 (22
329 5243 458 5298 Haec
515 5244 656 5297 urbs
705 5244 816 5297 anti

191 5241 292 5312 (22)
329 5243 458 5298 Haec
515 5244 656 5297 urbs
705 5244 929 5312 antiquo
979 5243 1199 5298 nomine
1240 5242 1678 5312 ,Nepherocerta,

133 5304 368 5384 hodierno
405 5313 765 5384 Muphargag'n
785 5355 798 5373 .
839 5304 949 5367 "sub
991 5314 1209 5384 juniorc
1235 5304 1545 5368 Theodosio
1573 5304 1681 5371 dici

135 5379 283 5454 Vulgo
303 5386 469 5454 cmpit
495 5379 540 5438 U
546 5379 722 5437 7(1va
729 5379 1008 5452 artyrumf
1362 5399 1364 5402 '

195 5450 292 5530 (ἓξ)
329 5450 590 5530 Aliam!”-

193 5521 288 5594 (Ἃ)
327 5524 469 5578 Nihil
503 5525 607 5594 hac
639 5539 805 5592 super
830 5539 887 5578 re
918 5524 1216 5593 posteriore
1247 5526 1301 5578 in
1333 5535 1486 5594 parte
1516 5524 1679 5578 Sum-

141 5592 270 5646 marii
298 5596 486 5650 scribit
527 5593 751 5649 Samuel
792 5595 858 5648 ad
907 5592 1226 5664 imperantis
1255 5592 1498 5653 Mauricii
1543 5607 1677 5650 tem-

143 5669 266 5730 pora.
1198 5704 1222 5730 ,

197 5729 292 5796 (25)
331 5734 485 5790 Nunc
517 5735 681 5790 etiam
719 5735 823 5789 ista
859 5735 910 5789 in
941 5736 1070 5790 urbe
1103 5729 1330 5803 magnus
1374 5733 1672 5788 Turcarum

1787 4554 1872 4602 est
1901 4562 1930 4599 a
1961 4544 2306 4600 Scbambato.
2333 4543 2465 4601 Post
2494 4544 2805 4601 Rhaciacum
2839 4547 3086 4602 diadema
3114 4545 3358 4602 Pharna-

1786 4654 1885 4693 vas
1915 4637 2144 4707 adeptus
2171 4643 2254 4692 est
2279 4655 2292 4690 :
2327 4647 2441 4690 tum
2467 4635 2719 4693 Pazzezus
2738 4678 2753 4702 ,
2786 4636 3087 4703 Cornacus,
3118 4638 3360 4708 Pharus,

1789 4727 2063 4784 Haicacus
2083 4769 2097 4793 ,
2128 4727 2449 4796 Ervandus,
2486 4726 2769 4800 Tigranes.

1820 4857 1831 4866 -
1860 4822 1954 4876 11.
1992 4819 2092 4875 llic
2127 4818 2394 4890 Tigranes
2423 4821 2668 4876 omnium
2699 4821 2793 4890 qui
2826 4821 2930 4876 sibi
2962 4829 3356 4892 praecesserant

1788 4913 2206 4986 potentissimus
2240 4914 2344 4967 fuit
2371 4931 2385 4968 :
2416 4913 2575 4984 cujus
2602 4914 2916 4983 praestantis
2937 4914 3218 4985 dignitatis
3245 4915 3355 4969 lau-

1787 5007 1883 5060 des
1924 5019 1990 5060 ex
2028 5003 2258 5059 historia
2300 5007 2481 5074 magni
2520 5003 2686 5060 Mosis
2730 5019 3063 5076 cognoscere
3114 5006 3256 5061 licet.
3303 5007 3376 5062 ls'

1789 5188 2008 5250 satrapa
2022 5179 2204 5250 ‘degit.

1858 5247 1970 5319 (36)
2022 5247 2192 5314 Rem,
2241 5256 2440 5318 praeter
2487 5248 2892 5305 Chorenensem
2942 5250 3109 5311 Ηίθῑ..
3147 5265 3196 5311 ι,
3249 5250 3349 5311 18,

1785 5330 1975 5374 narrat
2003 5319 2304 5388 Procopius
2336 5319 2474 5376 Bell.
2509 5319 2680 5374 Vand.
2711 5321 2803 5373 lib.
2836 5335 2911 5382 ll,
2955 5321 3054 5384 10,
3086 5320 3352 5374 illustrat-

1785 5405 1890 5460 que
1922 5387 2232 5460 erghartds
2265 5387 2422 5458 Geog.
2456 5407 2595 5444 sacr.
2631 5407 2685 5455 1,
2721 5390 2812 5442 24.
3370 5413 3374 5418 ι

1859 5459 1974 5530 (27)
2015 5457 2182 5530 [legis
2210 5457 2584 5530 Assyriorum.

1856 5527 1971 5600 (2‘8)
2012 5527 2216 5600 Confer
2238 5527 2531 5584 Eusebium
2570 5529 2741 5600 [,715,
2774 5529 2828 5590 4,
2849 5529 2901 5583 5.

1855 5597 1966 5669 ('29)
1996 5597 2238 5652 Aliorum
2260 5615 2476 5669 quoque
2497 5599 2776 5654 nominum
2799 5601 2981 5654 liceret
2999 5598 3352 5668 etymologias

1783 5671 2074 5741 plerasque
2108 5671 2316 5724 venari.
