3810 6376
384 366 492 421 639

1365 349 1705 407 APPENDIX
1743 348 1832 404 AD
1863 345 2135 403 EUSEBll
2177 343 2594 400 CIIRONPCON.

3524 335 3640 391 640

384 496 568 536 nonus
597 483 714 534 erat
742 491 772 531 a
802 473 1020 530 Partem
1049 473 1224 544 primo
1267 485 1431 540 rege,
1472 468 1538 522 ad
1583 483 1744 538 quem
1788 465 1956 520 Sene-
1984 469 2029 525 Α
2063 461 2304 534 prudens
2317 468 2482 527 esset,
2498 461 2667 515 multa
2689 473 2751 513 ac
2771 454 3023 529 perutilia
3043 452 3294 509 instituta
3317 451 3627 519 adornavit,
3671 441 3681 469 ’

356 571 620 642 ,cberimi
651 569 745 624 lilii
780 565 1209 622 Adrameleehus
1240 570 1295 618 et
1339 562 1648 617 Sanasarus
1691 569 1815 613 eum
1860 571 1957 627 pa-

389 672 598 720 rentem
646 659 1056 717 interfecissent
1105 656 1217 728 (50)
1270 653 1652 726 profugerunt.
1707 650 1957 705 Paraarus

389 764 571 812 autem
609 752 940 808 Sanasarum
969 751 1026 804 in
1057 748 1308 818 partibus
1339 744 1619 816 Assyriam
1660 739 1956 812 spectanti-

389 850 495 904 bus
542 844 861 907 collocavit,
907 841 1066 910 cujus
1116 837 1320 894 sobolis
1362 837 1696 891 incrementa
1745 832 1954 887 Simum

393 946 631 995 montem
667 935 1044 1004 repleverunt,
1077 947 1143 988 ex
1176 932 1355 1002 iisque
1384 929 1630 984 nonnulli
1669 924 1955 997 prudentia

393 1040 449 1088 et
478 1030 733 1086 fidelitate
762 1026 1046 1096 conspicui
1090 1023 1446 1096 praafecturas
1482 1017 1765 1075 consecuti
1809 1023 1957 1072 sunt.

391 1123 512 1179 Jam
539 1122 608 1177 ab
630 1120 999 1176 Adramolano
1025 1119 1128 1173 orti
1161 1124 1290 1172 sunt
1309 1113 1593 1170 Arzerunii
1625 1121 1679 1168 et
1706 1109 1958 1167 Genunii.

391 1216 438 1270 A
471 1214 774 1270 Paschamo
802 1221 984 1267 autem
1020 1209 1265 1264 Haicacii
1301 1208 1414 1278 (3i)
1461 1213 1660 1277 nepote
1697 1204 1962 1274 originem

391 1307 551 1362 duxit
604 1305 983 1376 Angeldunus.
1035 1301 1287 1357 Jamvero
1330 1297 1596 1368 Tigranes
1637 1293 1920 1362 Asdahage
1946 1330 1963 1356 ,

391 1400 487 1471 qui
520 1399 829 1469 explicatur
858 1397 1028 1450 draco
1061 1393 1173 1465 ('52)
1196 1434 1212 1459 ,
1254 1390 1544 1446 interfecto
1566 1428 1581 1452 ,
1627 1385 1868 1442 Anusam
1901 1383 1967 1437 il-

392 1491 500 1546 lius
525 1490 656 1545 olim
689 1502 913 1543 uxorem
946 1501 1070 1540 eum
1102 1483 1348 1553 ejusdem
1381 1480 1527 1535 omni
1564 1477 1817 1549 progenie
1841 1490 1968 1546 par-

392 1582 492 1636 tim
527 1589 648 1651 post
675 1580 874 1650 partim
909 1577 976 1630 ad
1011 1577 1178 1630 imum
1208 1572 1488 1626 Masisium
1525 1580 1762 1623 montem
1799 1567 1970 1620 collo-

395 1671 574 1737 cavit,
605 1686 800 1741 nempe
824 1670 878 1723 in
906 1667 1171 1721 Tambato
1194 1678 1370 1732 usque
1398 1662 1463 1715 ad
1488 1658 1757 1714 Goltliiam
1783 1675 1798 1713 :
1829 1657 1970 1713 unde

401 1761 770 1819 Vernonzunii
808 1761 1122 1828 Astaiaeque
1152 1761 1467 1810 manarunt.

2059 553 2414 625 praefecturas
2442 568 2506 607 ac
2535 550 2884 622 principatus
2899 547 3092 603 detulit
3114 585 3127 611 ,
3163 545 3388 632 familiis
3408 585 3423 609 ,
3455 546 3633 616 genti-

2060 645 2193 708 bus,
2227 643 2455 697 urbibus
2476 681 2492 706 ,
2524 641 2766 696 castellis
2789 679 2804 705 ,
2841 638 2994 709 pagis
3017 675 3032 700 ,
3072 635 3346 690 militibus
3391 649 3456 688 ac
3488 648 3630 703 prae-

2062 737 2274 792 toribus
2303 743 2448 792 recte
2475 733 2874 790 constituendis
2903 745 3124 800 operam
3164 727 3465 798 impendit,
3511 741 3632 798 qua:

2006 821 2010 826 ’
2063 841 2154 882 res
2180 827 2420 882 breviter
2448 825 2833 896 percensendae
2857 829 3005 878 sunt.

2135 919 2222 974 15.
2261 917 2481 972 Initium
2519 918 2665 973 enim
2706 932 2736 969 a
2778 916 2955 986 capite
2994 931 3099 971 suo
3138 915 3344 970 faciens
3396 912 3636 982 Bagara-

2062 1016 2179 1065 tum
2212 1010 2456 1066 Judaeum
2525 1017 2879 1065 coronantem
2950 1016 3111 1078 atque
3152 1007 3392 1078 equitem
3449 1011 3634 1066 creat,

2065 1105 2170 1160 hoc
2208 1105 2469 1160 nimirum
2508 1104 2716 1159 honore
2757 1117 3026 1158 concesso
3066 1108 3126 1156 ut
3167 1100 3425 1156 diadema
3472 1097 3644 1164 capiti:

2063 1196 2208 1266 regis
2238 1196 2500 1266 imponat.
2548 1195 2854 1259 Praeterea,
2885 1194 2978 1265 qui
3022 1193 3126 1250 sibi
3165 1191 3517 1248 ehirothecas
3554 1189 3641 1244 inr

2065 1287 2235 1343 duant
2277 1285 2618 1342 Chananaaos
2647 1287 2914 1355 quosdam
2957 1285 3122 1355 legit,
3152 1297 3387 1353 eamque
3419 1289 3643 1353 gentem

2067 1377 2300 1448 appellat
2326 1376 2668 1432 Genthunios
2689 1416 2704 1441 ,
2733 1375 2875 1431 haud
2910 1377 3027 1432 scio
3053 1391 3122 1429 an
3153 1390 3183 1429 a
3227 1374 3464 1430 Chnida.
3507 1373 3644 1428 Cor-

2069 1469 2221 1541 poris
2251 1469 2333 1523 sui
2360 1468 2642 1524 custodem
2670 1467 2737 1522 de
2761 1467 2926 1521 Chori
2958 1465 3184 1521 ilaieani
3211 1467 3384 1536 stirpe
3408 1464 3648 1518 Malcha-

2071 1577 2192 1614 zum
2235 1560 2403 1616 facit:
2454 1559 2549 1616 sed
2595 1561 2888 1630 pristinum
2939 1559 3118 1630 gent-is
3169 1574 3368 1613 nomen
3416 1557 3648 1613 retinuit

2073 1653 2596 1708 Malchazuniorum.
2619 1651 2981 1708 Venatiouum
3009 1649 3320 1722 praefectum
3345 1665 3472 1705 esse
3493 1649 3654 1718 jubet

2073 1744 2271 1799 Datum
2304 1743 2540 1813 Carnieo
2565 1743 2795 1799 Gelamii
2829 1743 2940 1798 filio
2970 1743 3212 1813 genitum
3241 1759 3253 1795 :
3301 1741 3466 1810 cujus
3503 1740 3653 1794 ﬁlius

467 1853 556 1910 12.
599 1851 823 1922 Tigrani
872 1810 1047 1904 liberij
1080 1847 1195 1902 nati
1242 1852 1370 1900 sunt
1414 1841 1648 1904 Babius,
1695 1838 1962 1900 Tiranus,
2002 1810 2045 1864 Β
2073 1835 2360 1901 Varazus;
2413 1810 2770 1908 ejusdemque
2817 1836 2885 1891 de
2929 1810 3150 1891 nomine
3173 1853 3306 1908 gens
3339 1833 3654 1890 Varazunia

399 1943 659 2015 Vahagus
692 1959 721 1996 a
753 1958 862 2013 quo
893 1939 1188 2010 Vahagenii
1211 1977 1226 2001 ,
1259 1935 1568 1990 Aravanius
1608 1947 1637 1985 a
1689 1947 1798 2000 quo
1843 1938 1970 1985 sunt

401 2035 754 2092 Araveniani.
794 2033 877 2088 Ab
905 2032 1157 2086 Aravano
1192 2029 1421 2090 Nerses,
1449 2043 1479 2080 a
1509 2027 1676 2081 Nerse
1707 2024 1969 2078 Zarehius

403 2145 435 2184 a
471 2145 582 2200 quo
611 2142 742 2197 gens
781 2123 1174 2179 Zarehavania.
1217 2121 1259 2174 A
1301 2119 1531 2173 Zareliio
1575 2121 1871 2186 Armoges;
1905 2116 1972 2168 ab

404 2221 642 2290 Armoge
671 2217 942 2286 Bagamus
970 2231 987 2281 ;
1034 2230 1063 2268 a
1096 2213 1332 2284 Dagamo
1365 2210 1580 2276 Vanus,
1621 2225 1650 2264 a
1685 2209 1839 2262 Vano
1868 2207 1973 2259 Va-

405 2312 522 2366 hes.
551 2311 602 2365 Is
628 2323 750 2364 cum
784 2304 1091 2362 Alexandro
1112 2303 1397 2357 Macedone
1421 2303 1765 2356 conflictatus
1811 2302 1975 2354 inter-

408 2403 492 2458 iit.
541 2401 641 2456 Hic
676 2400 836 2454 finem
867 2396 1168 2452 dominatio
1193 2394 1444 2448 Haieanaa
1471 2393 1658 2463 stirpis
1681 2384 1838 2445 nacta
1869 2399 1973 2445 est.

407 2493 547 2547 Hinc
577 2499 758 2547 autem
789 2491 856 2544 ad
887 2488 1236 2542 Valarsaeem
1283 2487 1337 2539 in
1371 2485 1626 2540 Armenia
1659 2494 1975 2554 regnantem

405 2583 542 2639 nihil
571 2584 706 2640 satis
731 2592 940 2637 eertum
973 2579 1218 2650 proferre
1248 2579 1410 2642 licet,
1440 2578 1764 2632 tumultibus
1794 2575 1976 2630 omnia

409 2675 717 2730 tenentibus
735 2673 1042 2744 p0puloque
1068 2673 1121 2726 in
1154 2680 1373 2726 mutuas
1401 2670 1574 2725 caedes
1599 2679 1789 2724 ruente
1816 2687 1829 2723 :
1858 2684 1978 2738 qua:

408 2784 494 2824 res
515 2767 728 2822 facilem
749 2766 950 2820 Partho
965 2766 1152 2819 Arsaci
1187 2766 1241 2818 in
1271 2763 1581 2818 Armeniam
1613 2761 1814 2816 aditum
1835 2776 1976 2832 pra:-

405 2858 560 2920 buit,
595 2856 688 2926 qui
721 2856 941 2926 quidem
971 2870 1154 2924 regem
1190 2854 1460 2908 Armenia!
1491 2852 1838 2906 Valarsacem
1871 2851 1980 2904 fra-

409 2956 548 3005 trem
594 2948 857 3019 pratfecit.
892 2948 1066 3002 Porro
1097 2962 1126 3000 a
1159 2946 1286 3000 Belo
1315 2945 1466 3000 Haici
1498 2961 1660 2999 manu
1694 2943 1982 3000 interfecto

411 3057 583 3112 usque
605 3041 672 3095 ad
696 3038 1045 3096 Valarsaeem
1071 3039 1201 3094 anni
1233 3053 1466 3093 unseen
1489 3079 1504 3103 ,
1526 3038 1606 3093 vel
1633 3051 1945 3092 loccccxmt
1965 3079 1979 3102 ,

411 3139 804 3202 congeruntur.

481 3223 569 3279 15.
624 3222 917 3293 Postquam
978 3220 1230 3278 llaieante
1305 3219 1493 3289 stirpis
1551 3217 1838 3286 imperium
1916 3216 1992 3270 ab

409 3315 718 3372 Alexandro
748 3315 982 3369 deletum
1027 3325 1144 3378 est,
1193 3319 1421 3383 postque
1473 3310 1644 3380 ipsius
1694 3307 1986 3362 Alexandri

411 3423 555 3464 anno
581 3407 727 3478 regni
753 3405 1075 3460 duodecimo
1105 3406 1314 3459 obitum
1336 3441 1350 3466 ,
1381 3402 1614 3472 imperio
1634 3401 1756 3470 ejus
1777 3401 1830 3454 i—n
1852 3415 1986 3470 qua-

411 3507 537 3554 tuor
589 3499 746 3552 duces
767 3537 782 3561 ,
820 3504 880 3551 ut
926 3496 1037 3566 jam
1069 3495 1343 3559 diximus,
1377 3493 1592 3560 diviso;
1637 3509 1702 3548 ex
1733 3493 1820 3548 his
1846 3507 1986 3546 unus

415 3590 675 3646 Seleucus
727 3587 1053 3657 Babylonem
1109 3593 1233 3656 post
1277 3585 1641 3641 Alexandrum
1667 3584 1875 3648 tenuit,
1923 3599 1987 3637 ac

414 3686 608 3750 praeter
626 3677 763 3732 alias
775 3686 982 3747 gentes,
999 3676 1230 3730 Parthos
1261 3691 1476 3746 quoque
1495 3674 1697 3746 ingenti
1719 3675 1858 3730 bello
1876 3689 1992 3744 per-

415 3769 661 3834 domuit,
695 3783 798 3839 qua
828 3785 896 3824 ex
941 3785 998 3824 re
1024 3777 1441 3838 cognomentum
1471 3766 1756 3822 Nicanoris
1782 3767 1985 3822 retulit.

415 3857 468 3915 Is
496 3859 654 3914 annis
682 3875 813 3914 xxxt
840 3860 1106 3930 regnavit.
1129 3859 1324 3913 Deinde
1337 3860 1636 3915 Antiochus
1682 3859 1840 3914 Soter
1869 3858 1989 3927 ejus

416 3951 563 4006 filius
595 3950 757 4006 annis
787 3967 898 4004 xix.
925 3949 1062 4004 Tum
1094 3951 1395 4007 Antiochus
1421 3951 1560 4008 Deus
1583 3951 1741 4007 annis
1761 3967 1852 4006 xv.
1879 3951 1990 4004 Hu—

413 4041 506 4113 jus
534 4040 824 4097 undecimo
850 4056 996 4096 anno
1026 4039 1378 4097 Macedonum
1408 4042 1776 4098 obedientiam
1803 4040 1988 4095 Parthi

417 4133 718 4203 abjiciunt,
748 4133 890 4204 apud
921 4149 1058 4205 quos
1086 4135 1294 4205 primus
1327 4142 1516 4205 regnat
1549 4132 1728 4189 Fortis
1768 4133 1860 4188 ille
1897 4132 1993 4186 Ar-

419 4240 574 4281 saces
593 4266 610 4294 ,
639 4225 936 4282 Abrahami
965 4241 1164 4297 genere
1193 4236 1348 4282 ortus
1378 4225 1445 4280 de
1470 4233 1634 4297 gente
1657 4226 1900 4292 Ceturte,
1935 4225 1990 4280 in

419 4317 553 4373 urbe
575 4319 664 4374 cui
694 4333 894 4374 nomen
927 4317 1108 4373 Bahla:
1137 4318 1295 4374 annis
1325 4335 1480 4373 χιιι.
1513 4318 1718 4373 Deinde
1747 4319 1990 4389 ejusdem

419 4409 565 4467 filius
591 4411 826 4468 Artaxes
857 4411 1017 4467 annis
1048 4427 1174 4466 vat
1204 4429 1219 4476 ;
1251 4420 1374 4482 post
1415 4427 1574 4482 quem
1625 4411 1852 4484 Magnus
1892 4411 1995 4465 Ar-

417 4514 574 4556 saces
603 4503 761 4557 annis
791 4519 899 4557 Liv.

491 4591 580 4646 Η.
625 4591 854 4664 Magnus
884 4595 974 4652 hic
1003 4596 1240 4651 Arsaces
1277 4593 1624 4648 Valarsaeem
1659 4592 1880 4647 fratrem
1907 4594 2002 4645 Ar-

417 4682 610 4739 meniae
634 4693 836 4741 nostra;
865 4703 1046 4758 regem
1075 4688 1338 4758 imposuit
1361 4700 1506 4739 anno
1533 4684 1805 4740 Ptolemaei
1844 4683 2003 4738 Ever-

2074 1933 2360 2003 appellata.
2406 1931 2542 1987 Tum
2591 1941 2643 1988 et
2693 1930 2901 1986 Gabal'o
2931 1945 3160 1986 annonae
3187 1947 3300 1986 suae
3325 1947 3519 1986 curam
3552 1933 3650 1988 de-

2073 2025 2332 2090 mandat,
2355 2033 2409 2080 et
2428 2025 2596 2080 Abclo
2619 2041 2803 2080 rerum
2833 2024 3356 2081 administrationem
3380 2065 3395 2088 ,
3427 2025 3649 2081 traditis

2072 2119 2232 2174 etiam
2277 2119 2510 2189 oppidis.
2555 2119 2780 2174 Illorum
2814 2119 3035 2172 nomina
3091 2129 3278 2188 gentes
3309 2117 3537 2174 szelia
3571 2126 3651 2171 at-

2075 2227 2178 2281 que
2206 2211 2394 2266 Abelia
2419 2212 2677 2266 retinent.
2713 2211 2913 2266 Statuit
2942 2220 2995 2265 et
3025 2210 3330 2266 Arzrunios
3362 2227 3456 2264 seu
3489 2211 3653 2265 Arzi-

2074 2305 2272 2360 vunios
2297 2304 2410 2374 (ὂῖ)
2438 2322 2451 2370 ;
2484 2312 2599 2358 tum
2630 2314 2684 2358 et
2710 2303 3019 2357 Gbinunios
3049 2319 3138 2356 seu
3183 2301 3493 2357 Gbiniunos
3518 2302 3652 2372 ('54).

2075 2397 2252 2468 Atque
2285 2396 2338 2450 hi
2371 2396 2588 2467 quidem
2621 2395 2688 2451 de
2715 2411 2914 2467 genere
2946 2394 3315 2450 Senecberimi
3344 2403 3526 2449 erant.
3559 2393 3659 2448 Fe-

2077 2487 2146 2540 cit
2195 2494 2248 2540 et
2291 2485 2640 2556 Spaudunios
2683 2485 2833 2556 (55),
2881 2484 2974 2554 qui
3018 2483 3122 2538 sibi
3166 2483 3458 2538 macellum
3506 2499 3658 2538 eom-

2077 2577 2391 2632 mendatum
2443 2578 2744 2633 baberent:
2794 2578 2922 2632 item
2968 2575 3320 2648 Havenunios
3367 2575 3520 2645 (56),
3561 2576 3659 2644 qui

2075 2671 2366 2741 accipitres
2391 2678 2669 2742 gestarent
2699 2678 2752 2726 et
2797 2678 3058 2740 caperent
3087 2691 3099 2726 :
3139 2685 3336 2724 rursus
3384 2667 3660 2722 Ziunaea—

2077 2779 2178 2817 nos
2223 2763 2369 2833 (57),
2400 2764 2492 2832 qui
2525 2764 2704 2818 nivem
2744 2773 2934 2820 aestate
2968 2773 3338 2819 asservarent.
3388 2763 3530 2820 Exin
3576 2779 3661 2818 re-

2080 2854 2179 2925 giae
2206 2854 2461 2909 custodes
2491 2853 2620 2924 legit
2649 2855 2750 2910 sibi
2779 2855 2846 2909 de
2877 2855 3183 2926 priscorum
3227 2872 3419 2928 regum
3464 2873 3662 2928 proge-

2083 2947 2170 3002 nie
2191 2987 2206 3009 ,
2242 2947 2337 3017 qui
2370 2945 2575 3001 diserte
2601 2946 2790 3001 Ostani
2819 2947 2933 3020 (58)
2966 2950 3264 3018 nuncupati
3314 2958 3476 3014 sunt,
3524 2965 3680 3019 quos

2084 3039 2263 3093 adhuc
2293 3037 2473 3094 lberes
2505 3037 2859 3108 Sephezulios
2889 3039 3152 3094 vocitant.
3182 3038 3430 3110 Denique
3465 3057 3667 3096 secun~

2011 3146 2054 3209 ο
2088 3131 2187 3186 dos
2216 3139 2337 3201 post
2371 3146 2552 3202 regem
2583 3131 2706 3200 fecit
2733 3147 2828 3186 eos
2857 3131 2950 3202 qui
2982 3141 3136 3186 erant
3163 3132 3230 3187 de
3261 3149 3463 3203 genere
3491 3132 3672 3192 Asda-s

2093 3223 2250 3293 bagis
2273 3221 2450 3286 Medi,
2479 3223 2679 3292 quibus
2709 3221 2990 3278 Murenses
3019 3239 3219 3278 nomen
3249 3232 3356 3279 est.

2162 3314 2249 3369 16.
2291 3313 2403 3384 Age
2430 3330 2561 3369 vero
2591 3316 2857 3370 orientem
2887 3331 3082 3371 versus
3132 3315 3490 3386 praefecturas
3530 3316 3682 3382 duas~

2091 3406 2378 3460 constituit
2411 3405 2750 3460 Sisaeaniam
2773 3444 2789 3470 ,
2821 3407 2876 3460 in
2910 3423 3082 3476 caque
3127 3407 3316 3462 Cadmi
3357 3406 3622 3464 familiam
3650 3425 3682 3475 ς,

2093 3497 2235 3552 inter
2264 3497 2397 3552 solis
2423 3507 2602 3552 autem
2632 3504 2812 3552 ortum
2845 3505 2900 3553 et
2943 3499 3160 3553 boream
3198 3497 3441 3552 Aranum
3487 3499 3672 3569 posuit

2093 3585 2408 3656 praefectum
2441 3586 2508 3641 de
2539 3587 2710 3659 stirpe
2740 3585 2939 3644 Sisaci.
2972 3587 3046 3642 Ea
3077 3605 3205 3645 vero
3246 3590 3398 3659 regio
3444 3599 3671 3660 propter

2095 3692 2290 3732 suaves
2343 3679 2646 3733 incolarum
2705 3695 2887 3736 mores
2937 3681 3149 3735 Aluana
3203 3681 3318 3751 ('59)
3369 3681 3515 3735 dicta
3567 3690 3679 3746 est.

2093 3766 2270 3838 Hujus
2313 3783 2342 3821 a
2395 3769 2565 3840 stirpe
2601 3778 2784 3824 manat
2833 3786 2968 3841 gens
3007 3770 3313 3826 Uteorum:
3367 3778 3484 3824 tum
3533 3769 3671 3824 Gar-

2096 3861 2476 3915 dmanensium
2529 3870 2581 3917 et
2626 3861 2989 3918 Zaudensium
3022 3862 3134 3934 (40)
3163 3871 3218 3918 et
3245 3859 3669 3934 Gargarensium

2096 3955 2459 4024 principatus.
2495 3955 2722 4013 Gusaris
2753 3965 2934 4012 tamen
2963 3957 3131 4012 Sami
3165 3957 3332 4031 stirpe
3361 3965 3520 4013 ortus
3547 3972 3671 4028 pos-

2097 4045 2354 4101 sidendas
2383 4049 2591 4124 accepit
2615 4049 2936 4119 Cangariam
2968 4056 3130 4119 atque
3156 4047 3507 4109 lavachiam,
3524 4049 3673 4120 prin-

2097 4138 2335 4208 cipatum
2370 4138 2497 4193 item
2529 4137 2844 4195 Tasirorum
2877 4147 3039 4210 atque
3066 4139 3348 4197 Asozium.
3377 4140 3500 4194 Jam
3533 4157 3562 4195 e
3588 4155 3674 4194 re-

2098 4228 2257 4298 gione
2282 4226 2514 4283 Caucasi
2546 4229 2784 4284 validum
2815 4232 3073 4301 p0pulum
3095 4270 3111 4296 ,
3143 4230 3209 4286 de
3237 4247 3435 4305 genere
3462 4231 3675 4288 Mithri-

2097 4315 2240 4369 datis
2266 4314 2415 4368 Darii
2448 4324 2684 4388 satrapa:
2724 4319 3057 4385 collocavit,
3103 4335 3333 4389 eamque
3381 4321 3672 4390 appellavit

2101 4405 2502 4478 Gugarensium
2559 4409 2964 4478 praefecturam.
3019 4409 3161 4466 Exin
3217 4410 3271 4465 in
3329 4413 3511 4482 ampla
3539 4413 3674 4466 valle

2029 4497 2395 4556 DBasenensi
2449 4499 2816 4571 principatum
2871 4502 3021 4558 dedit
3075 4503 3230 4572 stirpi
3281 4501 3526 4556 Haieacii
3578 4500 3673 4556 Or-

2105 4587 2428 4644 duniensem
2467 4592 2822 4661 appellatum.
2857 4591 2995 4647 Tum
3043 4592 3113 4648 de
3163 4592 3451 4647 Paschami
3480 4608 3674 4664 genere

2104 4678 2377 4734 Torcbum
2414 4683 2703 4751 quemdam
2727 4723 2742 4748 ,
2777 4685 2867 4753 qui
2904 4692 3126 4754 propter
3159 4695 3413 4754 aspectus
3442 4684 3671 4740 torvita-

418 4781 552 4843 getaa
579 4774 846 4832 vicesimo
877 4780 1108 4848 septimo
1129 4819 1144 4842 ,
1174 4775 1502 4848 Olympiadis
1529 4786 1706 4831 autem
1732 4775 2004 4845 sexagesi—
2104 4780 2209 4826 tem
2232 4773 2529 4844 Anghelius
2555 4775 2666 4847 (41)
2689 4776 2993 4841 dicebatur,
3019 4778 3333 4848 praefectum
3359 4779 3671 4833 occidenta-

419 4880 521 4920 ma:
547 4867 792 4936 septimae
823 4885 985 4938 sopra
1039 4868 1390 4923 centesimam
1431 4881 1576 4921 anno
1607 4876 1834 4935 quarto,
1877 4883 1998 4938 per-

421 4952 607 5009 missis
636 4955 685 5010 ei
718 4956 1038 5027 regionibus
1064 4953 1276 5009 nostris
1305 4967 1429 5022 quae
1472 4953 1902 5023 septentrionem
1945 4960 2000 5006 et

421 5059 674 5101 occasum
705 5054 973 5118 spectant.
1006 5045 1054 5101 ls
1081 5053 1261 5100 autem
1315 5060 1438 5100 cum
1472 5045 1554 5099 vir
1581 5044 1736 5100 fortis
1763 5043 2000 5100 simulet

516 5217 604 5284 50)
637 5217 780 5286 Lege
805 5216 1096 5270 Eusebium
1133 5233 1170 5275 ι.
1196 5215 1249 5281 5,
1283 5217 1334 5270 1.

517 5287 607 5355 51)
643 5287 901 5341 Mendose
956 5286 1013 5338 in
1059 5287 1295 5342 editione
1351 5286 1516 5343 Mosis
1559 5287 1723 5343 Chor.
1789 5286 1944 5342 Haici
1977 5301 1997 5339 :

425 5355 560 5438 nam.
603 5367 656 5412 et
711 5357 931 5410 codices
979 5355 1145 5412 Mosis
1194 5366 1248 5411 et
1311 5356 1528 5414 Samuel
1592 5359 1792 5415 habent
1866 5356 1997 5410 Hai-

425 5442 581 5481 cacat.

499 5496 611 5560 (32)
641 5495 783 5564 Lege
809 5493 1097 5550 Eusebium
1130 5513 1165 5558 ι,
1207 5497 1258 5559 5,
1295 5499 1348 5560 '5,
1375 5506 1491 5553 not.

499 5564 612 5698 (55)
643 5562 850 5634 Neinpe
887 5566 1118 5634 aquilam
1151 5579 1434 5635 gestantes.

523 5634 612 5698 54)
654 5633 858 5698 Nempe
886 5638 988 5689 vini
1021 5653 1199 5689 curam
1225 5649 1434 5698 gerente.

523 5634 612 5707 μ)
645 5633 858 5707 Nempe
886 5633 988 5689 vini
1021 5633 1199 5689 curain
1224 5649 1475 5707 gerentes.

503 5703 615 5775 (ὅτῳ)
644 5703 846 5775 Nempe
875 5707 1005 5759 ειεάί
1024 5703 1349 5775 ρνηιροδῖιοε.

508 5773 617 5843 (36)
655 5774 856 5844 Nempe
883 5793 1123 5844 aucupes.

2104 4865 2207 4920 lem
2237 4867 2447 4921 ereavit
2466 4907 2481 4932 ,
2517 4868 2921 4938 provinciaeque
2950 4884 3149 4924 nomen
3177 4869 3539 4940 Angheltunia
3567 4878 3666 4924 est.

2173 4959 2261 5013 l7.
2302 4958 2475 5015 Porro
2515 4961 2569 5014 in
2611 4960 2868 5014 Armenia
2905 4968 3100 5030 quarta
3148 4963 3439 5015 maximam
3481 4959 3671 5031 praefe-

2099 5057 2310 5104 cturam
2341 5049 2707 5121 Zophienscm
2738 5051 3019 5116 fundavit,
3053 5061 3168 5106 tum
3207 5062 3260 5106 et
3307 5053 3446 5106 alias
3487 5053 3671 5124 praefe-

2171 5219 2283 5290 (37)
2315 5216 2518 5290 Nempe
2548 5220 2799 5272 vinarios.

2171 5287 2282 5358 (58)
2313 5287 2528 5358 Persica
2565 5293 2665 5342 hac
2699 5304 2830 5343 voce
2868 5287 3247 5358 significantur
3279 5291 3432 5358 regii.

2169 5357 2286 5427 (59)
2317 5357 2654 5412 Vocabulum
2691 5374 2790 5412 ALV
2823 5357 3060 5412 fatentur
3095 5374 3157 5412 se
3189 5357 3444 5427 ignorare
3471 5358 3675 5414 Wistoo

2098 5429 2150 5483 ni
2185 5429 2353 5483 Musis
2386 5429 2550 5484 Chor.
2581 5430 2925 5497 interpretes,
2957 5444 3078 5482 cum
3123 5432 3254 5482 satis
3294 5437 3475 5484 tamen
3504 5432 3671 5486 usita-

2098 5507 2210 5569 tum
2246 5500 2336 5553 sit.
2368 5497 2598 5554 Videtur
2627 5508 2806 5553 autem
2855 5499 3013 5552 nobis
3041 5497 3283 5552 derivari
3323 5499 3391 5552 ab
3431 5516 3500 5553 Al.
3536 5498 3671 5569 quod

2097 5568 2261 5621 salem
2291 5579 2467 5624 sonat.

2170 5638 2283 5708 (40)
2319 5637 2417 5692 Hic
2443 5639 2662 5694 codices
2695 5638 3022 5691 videbantur
3051 5637 3322 5693 mendosi.
3352 5637 3466 5696 Nos
3500 5648 3670 5694 tamen

2099 5709 2242 5762 hanc
2271 5709 2486 5778 interim
2512 5709 3016 5778 interpretationem
3048 5710 3424 5764 rxtundimus.

2173 5779 2286 5850 (41)
2315 5777 2517 5848 Nempe
2542 5777 2815 5847 deformis.
