3810 6302
105 344 181 397 sti
818 295 1161 422 SAMUELIS
1199 333 1517 390 ANIENSIS
1558 325 1901 386 summa"
1940 325 2328 381 TEMPORUM
2367 323 2546 379 PARS
2585 321 2628 380 ι.

103 486 262 530 cturas
284 472 637 546 Apalmniam
659 515 676 541 ,
705 469 1074 528 Manavaziam
1099 478 1152 526 et
1177 469 1529 525 Beznuniam.
1559 465 1657 522 Se-
1682 423 1730 502 A.

105 565 236 618 lacho
271 575 450 640 autem
492 564 616 619 viro
662 563 856 618 audaci
885 569 938 617 et
970 561 1272 618 fortissimo
1306 559 1440 630 (qui
1470 565 1653 612 utrum

102 650 154 707 de
173 655 330 722 stirpe
359 651 523 707 Haici
553 652 722 708 fuerit
747 668 816 706 an
846 651 1156 721 antiquiore
1181 650 1249 704 de
1278 656 1437 720 gente
1462 647 1656 702 oriun-

102 748 186 799 dus
235 759 342 798 non
396 752 485 800 est
550 744 690 800 satis
739 742 1124 812 exploratum)
1162 756 1364 812 paucos
1408 739 1656 796 homines

101 840 382 899 concessit,
413 851 662 905 eumque
686 835 854 904 jussit
882 841 1124 887 montem
1167 833 1319 886 illum
1357 831 1499 887 tueri
1544 831 1659 885 hir-

101 945 278 998 cosque
309 927 568 982 venando
603 928 880 982 lacessere
914 945 926 980 :
960 939 1195 995 eumque
1226 925 1489 995 p0pulum
1521 923 1659 978 dixit

99 1021 422 1078 Selacunios.
459 1019 522 1076 ld
566 1018 729 1075 oﬂicii
763 1017 1048 1073 Miandaco
1075 1031 1294 1088 quoque
1345 1015 1654 1079 mandavit,

99 1129 123 1166 a
147 1129 242 1183 quo
266 1112 599 1168 derivantur
627 1110 994 1165 Mandacunii.
1026 1108 1274 1179 Cumque
1301 1125 1332 1163 e
1364 1107 1658 1179 Vahagenii

100 1206 306 1275 posteris
339 1205 668 1260 sacerdotes
700 1203 954 1268 fecisset,
983 1210 1198 1274 gentem
1231 1218 1350 1258 eam
1375 1201 1660 1257 Vahunio-

97 1312 202 1350 rum
243 1297 468 1352 nomine
521 1295 802 1351 distinxit.
856 1292 947 1348 Sic
1002 1301 1058 1348 et
1109 1294 1441 1350 Arravenios
1497 1306 1660 1363 atque

97 1389 466 1445 Arehavenios.
507 1391 653 1444 Tum
683 1399 737 1445 et
767 1388 1101 1446 Sarasanum
1129 1389 1183 1442 in
1217 1387 1474 1442 Sanasari
1504 1385 1662 1439 fami-

97 1482 157 1534 lia
180 1491 394 1548 natum,
445 1497 712 1554 magnum
759 1482 881 1550 ejus
919 1481 1162 1552 regionis
1202 1479 1486 1550 Praesidem
1533 1477 1662 1533 fecit

96 1589 198 1644 quae
226 1575 366 1630 inter
397 1588 674 1629 occasum
703 1573 1102 1642 meridiemque
1132 1572 1313 1642 jacet,
1345 1570 1504 1641 eique
1536 1585 1663 1640 pro-

96 1667 306 1720 vinciam
353 1666 707 1720 Arzncnsem
782 1671 838 1719 et
882 1662 1146 1728 Taurum,
1186 1677 1380 1732 nempe
1427 1661 1660 1727 Simum,

96 1765 311 1812 montem
337 1799 353 1823 ,
390 1771 733 1826 omnemque
759 1755 1119 1826 Caelesyriam
1155 1753 1425 1824 permisit.
1460 1752 1662 1806 Eadem

97 1851 140 1902 in
155 1851 424 1919 provincia
451 1864 587 1903 cum
625 1847 931 1903 Mocensem
961 1846 1250 1918 quemdam
1277 1853 1470 1900 nactus
1495 1850 1661 1908 esset,

97 1941 457 2009 pmfecturam
513 1940 685 1992 aliam
737 1939 1008 2003 instituit,
1065 1935 1371 2006 iisdemque
1421 1935 1478 1989 in
1528 1933 1666 1990 locis

95 2033 362 2104 Cordyzeos
386 2071 404 2096 ,
435 2033 798 2088 Auzevenses
843 2041 1008 2102 atque
1037 2031 1318 2085 Aceenses
1353 2027 1661 2083 collocavit.

97 2123 468 2182 Verumtamen
503 2167 521 2191 ,
575 2125 724 2196 quod
757 2125 948 2178 attinet
983 2123 1050 2177 ad
1082 2121 1416 2176 Rhestunios
1447 2127 1502 2175 et
1530 2119 1666 2173 Gol-

98 2220 370 2283 tlinenses,
417 2234 550 2290 quae
584 2227 716 2273 sunt
759 2216 1148 2272 Sisacenorum
1188 2214 1446 2279 coloniae,
1478 2219 1665 2266 utrum

97 2326 160 2366 ea:
188 2313 486 2382 provincia:
538 2327 572 2364 a
622 2311 866 2364 virorum
896 2308 1212 2363 nominibus
1241 2306 1492 2361 vocitata
1519 2305 1662 2368 sint,

96 2418 150 2465 an
173 2421 201 2460 e
229 2405 651 2476 provinciarum
684 2400 1144 2473 appellationibus
1170 2400 1303 2470 ipsae
1329 2395 1666 2468 ιιι-πτερωταὶ

99 2498 295 2552 nomina
317 2497 538 2552 sortitae
568 2496 686 2550 sint
706 2533 722 2558 ,
748 2495 962 2565 ignoro.

155 2591 234 2644 l8.
271 2590 536 2645 Profecto
568 2589 736 2656 hujus
766 2589 908 2658 regis
953 2592 1183 2640 cunctas
1215 2584 1420 2654 optime
1450 2582 1665 2637 instruv

99 2693 198 2738 etas
225 2684 664 2739 constitutiones
692 2679 835 2734 haud
872 2686 1030 2732 vacat
1060 2676 1399 2748 perscribere
1420 2714 1436 2740 ,
1486 2687 1665 2743 neque

100 2777 207 2830 item
224 2779 456 2832 aliorum
481 2776 579 2846 qui
606 2774 687 2828 vel
703 2779 1098 2842 praecesserunt
1116 2771 1198 2824 vel
1213 2767 1495 2823 consecuti
1515 2773 1665 2833 sunt,

102 2883 304 2935 quorum
329 2885 420 2924 res
440 2878 618 2940 gesta:
651 2864 868 2920 abunde
901 2863 1098 2918 litteris
1131 2859 1526 2915 commendatae
1551 2859 1669 2913 fue-

99 2970 225 3016 runt.
270 2952 328 3016 ιὶι
383 2958 654 3032 praesenti
708 2963 890 3011 autem
943 2953 1390 3026 pmfccturarum
1427 2958 1668 3004 tantum-

100 3054 238 3108 modo
263 3054 709 3125 descriptionem
746 3049 1018 3121 persecuti
1052 3063 1264 3111 sumus,
1299 3059 1439 3116 quas
1463 3043 1511 3099 si
1543 3040 1668 3112 quis

99 3160 404 3213 Cognoscere
456 3152 725 3214 cuperet,
765 3157 858 3197 eas
910 3141 964 3194 in
1011 3148 1264 3210 promptu
1307 3153 1431 3192 cum
1481 3135 1670 3190 multis
1697 3159 1738 3216 ρ

98 3235 202 3290 aliis
223 3237 446 3293 haberet
476 3235 654 3306 regiis
688 3233 1084 3290 sanctionibus.
1113 3231 1193 3286 Ad
1223 3237 1529 3285 extremum
1559 3226 1670 3280 Va-

101 3340 313 3393 jarsaces
358 3343 495 3382 cum
537 3326 700 3380 annis
739 3324 955 3380 duobus
1011 3338 1075 3377 ac
1113 3322 1304 3392 viginti
1354 3326 1669 3390 regnasset,

101 3413 248 3471 Nisibi
279 3419 393 3486 (42)
419 3419 541 3471 vita
565 3414 826 3471 excessit.

159 3509 238 3564 l9.
279 3511 532 3566 Secutus
572 3515 657 3562 est
695 3509 927 3563 Arsaces
961 3506 1107 3560 ﬁlius
1139 3504 1297 3558 annis
1321 3517 1445 3557 xm.

159 3604 382 3660 Artaxes
414 3602 654 3656 Arsacis
675 3601 818 3655 ﬁlius
849 3601 1007 3654 annis
1034 3615 1158 3653 xxv.
1187 3597 1284 3651 Hic
1305 3595 1515 3651 viribus
1536 3609 1674 3648 cun-

93 3699 198 3750 ctos
221 3695 579 3766 praecellens,
617 3691 761 3747 haud
790 3705 982 3761 passus
1007 3696 1094 3744 est
1124 3685 1426 3743 secundum
1465 3699 1522 3739 se
1551 3697 1675 3738 esse

100 3799 126 3840 ι
149 3801 261 3858 rege
289 3787 636 3850 Persarum;
663 3783 796 3855 quin
845 3781 980 3836 adeo
1028 3779 1318 3836 Persarum
1358 3792 1538 3848 regem
1574 3791 1678 3832 se-

102 3877 254 3933 :undo
298 3875 610 3949 dignitatis
653 3874 824 3945 gradu
867 3872 1096 3936 locavit,
1151 3883 1385 3939 cumque
1428 3867 1674 3923 exercitu

91 3970 367 4026 innumero
431 3972 506 4025 in
570 3967 913 4024 occidentem
973 3977 1297 4035 progressus
1364 3961 1675 4032 complures

97 4070 262 4131 gentes
288 4063 536 4124 devicit,
568 4059 744 4114 donec
764 4071 794 4111 a
825 4057 943 4113 suis
975 4055 1336 4124 interemptus
1366 4058 1472 4106 est.

152 4152 412 4226 Tigranes
446 4152 606 4208 ﬁlius
635 4151 757 4220 ejus
789 4147 951 4203 annis
981 4161 1192 4209 xxxut,
1236 4145 1329 4214 qui
1377 4142 1521 4197 haud
1573 4157 1673 4212 pa-

98 4244 197 4301 triae
252 4243 614 4303 fortitudinis
661 4242 896 4312 degener
947 4239 1112 4294 rebus
1172 4236 1340 4308 gestis
1376 4234 1673 4298 inclaruit;

97 4353 394 4409 quanquam
450 4349 662 4392 rursus
694 4333 750 4386 in
783 4329 1027 4387 secundo
1073 4326 1356 4397 dignitatis
1399 4325 1522 4378 loco
1553 4326 1678 4392 post

91 4425 273 4486 Persas
302 4425 599 4486 consedit.
648 4423 780 4495 Ejus
806 4430 965 4478 aetate
1011 4418 1452 4491 cognoscebatur
1499 4413 1674 4469 Vaico

3232 325 3339 380 642

1755 439 2097 509 stipendiarii
2129 437 2257 492 facti
2301 445 2450 492 sunt.
2495 436 2730 506 Quippe,
2771 445 2829 490 ut
2859 437 2934 490 ait
2978 435 3338 506 evangelista,

1754 530 1996 584 manavit
2028 528 2268 584 edictum
2297 542 2327 580 a
2350 525 2565 582 Caesare
2603 527 2886 596 Augusto,
2945 532 3005 579 ut
3032 525 3184 582 orbis
3215 526 3340 580 uni-

1755 636 1948 677 versus
1981 619 2419 675 describeretur:
2459 617 2620 686 cujus
2643 617 2718 670 rei
2750 631 2916 671 causa
2943 617 3000 670 in
3021 617 3339 670 Armeniam

1757 728 1975 783 quoque
2003 719 2224 768 ventum
2241 721 2346 766 est.
2374 709 2450 765 Eo
2473 710 2684 766 scilicet
2706 723 2851 763 anno
2867 707 3131 764 Dominus
3151 714 3340 763 noster

1757 803 2011 875 Deusque
2037 801 2199 860 Jesus
2221 802 2478 858 Christus
2509 818 2541 857 e
2573 799 2796 872 Virgine
2833 809 2994 856 natus
3021 810 3128 857 est.
3167 799 3341 855 Porro

1759 899 1849 953 hic
1885 903 2004 952 erat
2044 911 2073 949 a
2112 894 2399 950 Valarsace
2448 909 2627 948 annus
2665 893 2914 947 decimus
2945 892 3212 962 septimus
3245 907 3338 948 su-

1759 1005 1855 1061 pra
1888 988 2282 1051 centesimum;
2320 986 2550 1056 Augusti
2605 983 2925 1054 imperantis
2963 984 3238 1038 secundus
3285 989 3339 1035 et

1758 1081 2240 1153 quadragesimus;
2275 1078 2505 1132 Herodis
2561 1075 2877 1146 alienigena:
2931 1073 3338 1146 Hierosolymo-

1760 1190 1882 1229 rum
1914 1175 2050 1244 regis
2086 1171 2362 1228 secundus
2401 1183 2566 1238 supra
2621 1168 2994 1233 tricesimum;
3043 1165 3338 1220 Arsacida-

1760 1282 1880 1321 rum
1910 1265 2168 1336 denique,
2202 1263 2294 1333 qui
2343 1272 2397 1317 et
2428 1259 2674 1314 Pahlavii
2711 1266 2974 1314 vocantur
2995 1297 3010 1321 ,
3059 1259 3176 1312 sive
3203 1255 3337 1311 Per-

1761 1373 1945 1415 sarum
1975 1357 2120 1426 regis
2149 1353 2393 1410 Arsaviri
2427 1358 2546 1407 erat
2575 1348 2870 1406 vicesimus
2912 1349 3141 1419 primus,
3175 1349 3336 1416 cujus

1761 1449 1980 1521 quidem
2022 1446 2284 1502 vicesimo
2311 1457 2540 1515 regnare
2569 1447 2808 1510 cleperat
2854 1441 2995 1511 apud
3053 1437 3336 1496 Armenios

1761 1542 2034 1612 Abgarus.

1827 1655 1920 1710 20.
1949 1652 2068 1707 Jam
2104 1667 2136 1706 a
2163 1651 2340 1723 primo
2373 1649 2578 1703 Arsace
2607 1643 2663 1700 hi
2700 1660 2851 1716 reges
2897 1643 3165 1698 habentur
3206 1638 3336 1696 Per-

1764 1761 1951 1802 sarum

1837 1880 1879 1938 Ι.
1904 1882 2137 1937 Arsaces
2158 1875 2337 1934 Fortis
2367 1877 2527 1931 annis
2552 1890 2701 1928 xxxi.

1836 1972 1900 2029 ll.
1930 1973 2162 2026 Artaxcs
2202 1970 2361 2024 annis
2387 1984 2533 2023 vat.

1837 2067 1926 2121 ill.
1961 2067 2193 2120 Arsaces
2216 2059 2442 2132 Magnus
2476 2058 2782 2115 Valarsacis
2811 2059 2978 2112 frater
3004 2070 3092 2108 an.
3122 2069 3231 2110 Liv.

1837 2157 1927 2212 1V.
1972 2161 2282 2211 Arsacanus
2305 2154 2464 2208 annis
2499 2167 2652 2206 xui.

1838 2250 1904 2306 V.
1937 2250 2249 2304 Arsanacus
2282 2246 2444 2300 annis
2471 2258 2601 2300 xxx.

1838 2342 1926 2397 Vl.
1951 2342 2118 2396 Arses
2137 2339 2297 2393 annis
2328 2351 2423 2391 xx.

1837 2432 1950 2486 Vl].
1986 2431 2277 2486 Arsavirus
2308 2428 2466 2482 annis
2491 2441 2638 2481 vat.

1837 2522 1897 2577 ln
1933 2522 2095 2591 hujus
2122 2519 2442 2574 vicesimum
2473 2519 2702 2586 primum
2732 2528 2932 2567 annum
2958 2511 3160 2565 natalia
3183 2509 3344 2564 Chri~

1767 2618 1838 2673 sti
1893 2615 2248 2677 inciderunt,
2305 2611 2401 2682 qui
2461 2610 2560 2663 fuit
2611 2606 2930 2678 Olympiadis
2981 2603 3344 2674 nonagesima

1769 2716 1975 2781 quarta:
2009 2719 2176 2776 supra
2205 2703 2559 2758 centesimam
2595 2715 2771 2754 annus
2812 2707 3060 2768 quartus.

1837 2826 1927 2879 21.
1969 2822 2137 2893 Igitur
2172 2825 2332 2892 prout
2377 2825 2501 2870 ante
2549 2813 2896 2886 promisimus
2938 2809 3200 2864 orationis
3245 2823 3348 2860 no-

1771 2927 1897 2973 stra:
1924 2924 2120 2968 metam
2154 2911 2454 2981 attigimus,
2496 2908 2589 2978 qui
2617 2905 2866 2960 videlicet
2913 2903 2980 2957 ad
3032 2901 3193 2956 Verbi
3250 2899 3345 2954 Dei

1770 3024 1893 3064 cum
1942 3022 2107 3060 carne
2156 3001 2391 3072 capulati
2440 2997 2932 3054 manifestationem
2993 2994 3344 3058 devenimus,

1771 3107 1931 3169 capto
1965 3097 2120 3151 initio
2149 3110 2176 3150 a
2205 3095 2381 3164 primo
2423 3089 2646 3146 condito
2699 3087 2938 3151 homine,
2975 3100 3095 3156 quae
3128 3092 3210 3140 est
3247 3098 3346 3136 an-

1773 3205 1965 3245 norum
2010 3199 2514 3242 nunncuxxxvm
2547 3180 2864 3250 congeries,
2912 3177 3210 3234 secundum
3256 3174 3349 3230 Iu-

1772 3291 2038 3351 terpretes
2069 3276 2420 3348 Septuaginta
2449 3315 2463 3338 ,
2517 3289 2678 3344 quam
2727 3285 2992 3326 summam
3028 3267 3347 3337 singillatim
3436 3253 3441 3264 ’

1773 3375 1847 3428 ita
1874 3373 2294 3444 perscribemus.
2325 3369 2406 3422 Ab
2431 3365 2639 3420 Adamu
2663 3362 2730 3417 ad
2761 3361 3025 3417 diluvium
3050 3361 3348 3414 conticinn-

1773 3475 1864 3521 tur
1893 3466 2020 3519 anni
2049 3476 2326 3518 nnccxut.
2367 3460 2412 3514 A
2439 3457 2644 3513 diluvio
2673 3455 2739 3510 ad
2775 3453 2967 3508 turrim
3017 3452 3146 3504 anni
3177 3465 3343 3503 oxxv.

1775 3555 1914 3611 Hinc
1941 3555 2009 3609 ad
2032 3555 2402 3609 Abraliamum
2436 3549 2563 3604 anni
2611 3560 2874 3601 ccccxvu.
2927 3545 2972 3597 A
3023 3542 3231 3597 diluvio
3277 3540 3346 3594 ad

1775 3648 2067 3704 Abrahami
2097 3645 2296 3700 natalia
2325 3644 2452 3698 anni
2475 3655 2773 3696 occccxm.
2816 3637 2902 3691 Ab
2933 3635 3243 3689 Ahrahamo
3277 3634 3346 3688 ad

1777 3741 1979 3797 Mosem
2005 3751 2395 3811 egressumque
2417 3751 2483 3790 ex
2499 3731 2734 3804 )Egypto
2756 3729 2882 3784 anni
2904 3743 2992 3782 nv.
3013 3727 3093 3780 Ab
3123 3739 3349 3798 egressu

1775 3849 1948 3904 usque
1977 3833 2042 3887 ad
2074 3830 2421 3886 Solomonem
2455 3828 2800 3896 primumque
2837 3820 3019 3890 templi
3058 3817 3349 3873 aediﬁcium

1779 3925 1907 3979 anni
1939 3937 2234 3978 ccccuxx.
2268 3918 2313 3972 A
2346 3917 2524 3988 primo
2554 3914 2731 3984 templi
2763 3911 2991 3968 aediﬁcio
3041 3909 3108 3963 ad
3151 3921 3353 3963 secun-

1775 4015 1905 4071 dum
1933 4013 2062 4068 anni
2085 4029 2197 4068 nxt.
2234 4009 2373 4064 Exin
2399 4007 2464 4062 ad
2492 4006 2700 4062 Christi
2747 4003 2946 4058 natalia
2977 4000 3104 4055 anni
3138 4012 3307 4052 nxvnt
3335 4014 3349 4050 :

1776 4120 2007 4176 quorum
2038 4115 2249 4158 summa
2299 4099 2354 4152 in
2395 4112 2569 4151 annos
2600 4103 3107 4149 IIIIICLXXXXVIII
3131 4101 3353 4142 consur-

1775 4199 1874 4271 git.
1899 4195 2111 4251 Rursus
2137 4209 2168 4247 a
2190 4191 2394 4248 Christi
2422 4188 2697 4245 natalibus
2725 4185 2793 4239 ad
2823 4185 3005 4238 divum
3030 4179 3353 4250 Gregorium

1780 4270 1906 4344 anni
1937 4297 2065 4343 sunt
2091 4299 2271 4341 cccxii
2303 4281 2454 4353 (43);
2492 4280 2620 4334 hinc
2655 4285 2836 4331 autem
2865 4275 2932 4329 ad
2970 4288 3133 4328 teram
3161 4270 3352 4325 Arme-

1777 4381 1993 4434 niorum
2023 4377 2153 4431 anni
2178 4388 2362 4429 ccht.

96 4521 299 4589 quidam
349 4521 550 4598 latro,
601 4530 635 4569 τι
673 4529 784 4585 quo
841 4525 999 4566 mons
1030 4507 1422 4564 VaicuniONm
1475 4518 1673 4561 nomen
1705 4508 1750 4563 Ι)
1846 4517 1938 4571 22.
1973 4515 2150 4585 Atque
2175 4526 2276 4582 ego
2308 4506 2526 4578 quidem
2548 4544 2564 4568 ,
2600 4519 2634 4558 ο
2662 4503 2954 4557 sanctitate
2987 4501 3208 4570 pra2dite
3255 4499 3355 4553 do-

97 4614 266 4671 traxit.

157 4704 504 4762 Artavazdes
525 4699 783 4772 Tigrauis
813 4696 958 4753 ﬁlius
992 4694 1154 4750 annis
1187 4707 1249 4750 tt.

158 4796 478 4859 Arciamus,
511 4791 772 4860 idemque
789 4785 1074 4849 Arsamus,
1102 4782 1358 4855 Tigranis
1382 4781 1552 4834 frater
1577 4793 1678 4832 an-

100 4889 178 4946 nis
203 4907 270 4945 xx
292 4931 309 4955 ,
357 4889 474 4946 sub
530 4901 643 4957 quo
686 4899 814 4955 pars
840 4881 1225 4937 Armeniorum
1253 4874 1540 4946 vectigalia
1569 4871 1680 4928 Ro-

102 4983 260 5054 manis
291 4981 546 5054 pendere
574 4977 763 5047 coepit.

161 5073 408 5145 Abgarus
446 5069 671 5125 Arsami
705 5066 849 5120 ﬁlius
901 5063 1059 5117 annis
1091 5076 1321 5115 xxxvut.
1373 5055 1550 5126 Hujus
1593 5070 1681 5110 re-

106 5167 300 5229 gnantis
325 5178 486 5219 anno
520 5158 770 5218 secundo
801 5155 1042 5211 Armenii
1061 5215 1063 5217 1
1083 5167 1277 5209 omnes
1305 5150 1679 5205 Romanorum

165 5321 288 5446 (42ζ
303 5320 532 5376 Nisibin
565 5317 759 5388 (quam
780 5314 1021 5370 Armenii
1051 5312 1261 5367 Mezbin
1288 5307 1514 5377 dicunt)
1547 5322 1683 5362 con-

165 5392 228 5444 dit
281 5391 619 5446 ’alarsaces.
654 5396 714 5441 ut
743 5386 894 5446 regni
924 5384 1080 5440 sedes
1101 5391 1268 5443 esset,
1301 5381 1393 5446 qui
1423 5378 1681 5432 nimirum

110 5378 228 5444 .lidit
252 5378 631 5456 Valarsace‘s;
654 5396 714 5441 ut
743 5386 894 5456 regni
924 5384 1080 5456 sedes
1101 5391 1268 5456 esset,
1301 5381 1393 5450 qui
1423 5378 1681 5456 nimiarum

110 5459 269 5515 honor
298 5446 355 5517 in
391 5446 464 5516 ea
498 5446 638 5513 urbe
683 5446 884 5510 mansit
925 5455 1085 5508 annis
1127 5446 1348 5507 circiter
1374 5464 1499 5502 cxx.
1536 5446 1684 5502 Con-

113 5533 298 5588 secutis
330 5531 541 5587 deinde
569 5527 910 5596 temporibus
952 5523 1160 5596 Nisibis
1193 5530 1352 5574 terra:
1386 5526 1534 5572 motu
1563 5533 1684 5596 ,νει-

115 5607 237 5676 alata
261 5587 371 5669 est,
418 5603 499 5676 i_t_a
527 5609 592 5654 ut
619 5587 872 5676 Abgarus
909 5595 1111 5665 regiam
1152 5607 1305 5676 suam
1342 5587 1687 5676 transtulerit

118 5657 384 5745 Edessam:
426 5669 637 5725 Verum
684 5657 846 5745 hujus
885 5657 1174 5721 suc'cessor
1227 5661 1562 5745 Sarratru‘ces
1590 5657 1688 5711 Ni-

119 5738 243 5791 sibin
277 5741 652 5793 iustam-utam
679 5728 830 5807 regni
860 5731 1426 5807 rursus__metropolim
1464 5728 1608 5782 fecit.

180 5809 283 5880 με)
321 5811 496 5880 Atqui
525 5812 579 5866 in
608 5803 766 5879 parte
797 5804 1090 5862 Sutnmarii
1123 5805 1290 5857 altera
1334 5803 1540 5871 primus
1591 5813 1686 5852 an-

1779 4608 1925 4664 mine
1975 4605 2051 4659 mi
2101 4599 2327 4671 Gregori
2355 4639 2372 4665 ,
2427 4595 2734 4652 vehementi
2787 4601 2968 4646 vestra
3022 4587 3355 4660 ﬂagitatione

1777 4697 2094 4769 compulsus
2148 4693 2408 4763 exiguum
2481 4685 2760 4758 ingenium
2832 4699 3010 4738 meum
3055 4681 3356 4751 rudemque

1779 4804 2003 4846 manum
2031 4787 2162 4842 huic
2188 4780 2560 4839 construendo
2603 4778 2756 4848 operi
2810 4774 3060 4836 admovi;
3091 4782 3354 4827 conatus-

1779 4897 1886 4954 que
1908 4895 2028 4936 sum
2060 4876 2212 4933 brevi
2255 4875 2421 4944 hujus
2448 4885 2728 4942 corporeae
2753 4868 2877 4922 vita:
2904 4865 3188 4921 intervallo
3231 4865 3357 4934 pul-

1781 4972 2109 5030 cherrimam
2146 4968 2258 5025 divi
2291 4965 2512 5021 Eusebii
2545 4959 3042 5030 chronographiam
3081 4957 3356 5020 evolvere,

1780 5080 1966 5138 quam,
1998 5071 2059 5117 ut
2106 5063 2181 5117 ita
2215 5061 2414 5123 dicam,
2444 5055 2733 5126 exscripsi.
2773 5052 2979 5108 Revera
3009 5056 3071 5103 ut
3103 5048 3358 5102 exorien-

1782 5159 1853 5213 tis
1899 5155 2032 5211 solis
2063 5151 2202 5207 radii
2254 5146 2562 5205 tenebrosis
2607 5144 2745 5201 locis
2787 5144 2963 5198 lucem
3020 5147 3360 5210 aspergunt,

1784 5328 1886 5368 nus
1910 5308 2019 5365 divi
2051 5305 2300 5377 Gregorii
2348 5303 2542 5358 incidit
2592 5300 2647 5377 in
2681 5297 2884 5377 Christi
2917 5308 3127 5374 annum.
3163 5305 3360 5377 eccm:

1783 5360 2332 5437 Nihilominusucum
2391 5388 2499 5426 atra
2585 5369 2970 5424 Armeniorum
3027 5362 3250 5437 incipiat
3296 5360 3362 5413 ab

1786 5429 2146 5514 Ξιίὶῖιόἰῖιζιὶῖξ
2192 5429 2284 5499 hic
2352 5452 2532 5514 autem
2573 5456 2602 5494 a
2658 5439 2784 5492 divo
2839 5433 3100 5514 Gregorio
3142 5429 3214 5482 ad
3244 5439 3362 5514 eam

1786 5498 1950 5578 ter-am
1995 5498 2354 5572 numerentur
2380 5513 2508 5566 anni
2552 5523 2733 5568 cem,
2762 5498 2974 5578 rursus
3000 5498 3362 5578 patere‘yide:

1786 5567 2479 5655 EIIFInQ-‘Jﬁiﬁiégurium
2535 5577 2777 5635 exordiri
2835 5567 3105 5653 ah_anno
3159 5567 3365 5648 Christi

2146 5637 2346 5714 mendo
2401 5652 2566 5724 igitur
2625 5643 3042 5703 amanuensium
3100 5637 3366 5707 suspicari

1790 5735 1934 5790 licet.
