3810 6330
445 364 546 423 est
1315 339 1318 342 ’
1445 360 1790 421 APPENDLX
1827 361 1919 417 AD

2171 364 2226 414 ιιι
2258 359 2686 419 CIIRONICON.‘
3591 362 3675 418 692

531 503 639 562 Per
673 503 842 563 hosce
870 505 988 563 dies
1019 506 1279 562 inclaruit
1310 503 1432 560 falsi
1469 505 1750 576 prophetae
1803 501 2207 558 Saracenorum
2270 500 2673 570 manifestatio,
2701 498 2950 557 Cerinthi
2987 506 3149 570 atque
3186 497 3515 553 Arianorum
3547 514 3674 555 asse-

449 596 571 661 σιω,
605 598 696 653 cui
725 614 925 654 nomen
954 597 1317 665 Mahumetus,
1347 608 1507 669 gente
1556 598 1868 661 Ismaelitm,
1899 596 1994 651 ﬁlii
2021 595 2240 667 Agaris,
2273 597 2366 665 qui
2393 603 2733 667 praeceptore
2755 601 3000 650 ususest
3028 593 3277 648 solitario
3299 593 3420 646 viro
3448 591 3675 662 quodam,

449 688 675 745 nomine
705 688 954 755 Bechira,
984 702 1133 746 secta
1161 689 1385 755 Ariano,
1424 689 1580 745 Sinai
1608 690 1812 745 deserti
1853 687 2030 744 incola
2072 703 2087 741 :
2119 702 2282 758 quem
2313 687 2373 741 in
2413 687 2591 742 locum
2624 685 2879 741 videlicet
2906 681 3243 739 conﬂuentes
3281 681 3562 738 Ismaelita:
3588 697 3674 736 nu-

449 794 602 835 mero
635 781 782 836 aucti
806 789 954 847 sunt,
983 797 1049 838 ex
1075 796 1185 854 quo
1216 789 1464 853 tempore
1492 781 1629 837 Sara
1657 781 1913 836 ancillam
1950 795 2107 836 suam
2135 780 2368 850 Agarem
2399 779 2628 850 expulit.

521 898 887 960 Constantino
916 900 1152 964 Heraclii
1216 901 1329 956 ﬁlio
1379 912 1640 973 regnante
1693 909 1854 971 capta
1885 915 1915 954 a
1945 898 2242 955 Saracenis
2313 898 2539 960 Devina,
2582 905 2645 952 ut
2672 898 2894 969 quidam
2939 897 3017 951 ait
3050 896 3371 960 historicus,
3420 893 3676 950 interfecta

452 999 585 1046 sunt
611 991 752 1048 festo
781 993 870 1050 die
898 992 1217 1064 Epiphania:
1247 994 1302 1048 in
1338 991 1526 1048 Sancti
1562 992 1735 1064 Sergii
1765 993 1880 1048 inde
1912 992 2204 1046 duodecim
2234 990 2406 1043 millia
2436 990 2740 1054 hominum,
2768 989 2840 1043 ita
2876 996 2935 1042 ut
2957 1003 3226 1045 cmsorum
3253 989 3514 1059 sanguine
3541 1002 3674 1042 sacra

450 1099 636 1139 mensa
651 1093 704 1140 et
721 1086 1064 1155 baptismatis
1095 1086 1220 1142 fons
1247 1086 1622 1140 redundarent
1657 1107 1670 1140 ε
1708 1086 1942 1140 abducta
1972 1099 2102 1140 vero
2126 1085 2179 1138 in
2203 1083 2575 1154 captivitatem
2601 1091 2728 1137 sunt
2757 1085 2878 1154 plus
2907 1083 3129 1155 triginta
3151 1084 3394 1154 quinque
3427 1082 3675 1137 hominum

450 1177 642 1233 millia.
686 1177 808 1233 Mox
840 1195 1075 1250 corpora
1103 1197 1314 1245 eorum,
1351 1183 1445 1252 qui
1486 1181 1589 1235 hoc
1623 1183 1767 1237 bello
1797 1181 2130 1248 ceciderant,
2165 1181 2386 1250 collegit
2428 1179 2628 1235 Nerses
2672 1179 3007 1249 patriarcha,
3046 1188 3209 1251 atque
3238 1179 3294 1233 in
3335 1178 3518 1236 eadem
3543 1193 3676 1232 sacra

446 1266 581 1330 aede,
610 1284 775 1339 quam
805 1270 1018 1336 refecit,
1052 1272 1372 1326 collocanda
1395 1271 1629 1326 curavit.

515 1382 771 1439 Jamvero
802 1384 1141 1443 Ismaeliticae
1171 1389 1350 1460 gentis
1374 1404 1470 1443 rex
1501 1387 1689 1443 eadem
1718 1387 1772 1440 in
1805 1386 1942 1450 urbe
1981 1385 2163 1441 sedem
2196 1383 2346 1449 ﬁxit;
2380 1385 2591 1455 primus
2621 1383 2848 1456 quidem
2880 1384 3099 1438 nomine
3122 1382 3474 1448 Chalarthus,
3504 1383 3567 1439 de
3585 1399 3678 1455 quo

444 1477 768 1532 vaticinium
801 1494 959 1534 sacra
991 1480 1168 1536 Biblia
1199 1482 1536 1541 cecinerant,
1572 1479 1687 1534 fore
1735 1480 1945 1535 scilicet
1977 1489 2033 1533 ut
2065 1477 2458 1534 Chalartalabii
2488 1478 2610 1548 (23)
2642 1479 2876 1550 populus
2909 1475 3121 1549 gladios
3148 1491 3280 1533 suos
3307 1492 3503 1532 cruore
3548 1485 3678 1532 satu-

445 1583 614 1628 raret.
650 1573 752 1630 Hic
775 1587 901 1631 octo
954 1587 1079 1648 post
1117 1593 1292 1632 annos
1323 1577 1458 1632 obiit
1493 1593 1509 1630 :
1542 1578 1925 1648 successitque
1966 1578 2278 1633 Amaranus
2309 1579 2475 1634 annis
2516 1593 2619 1632 xu.
2661 1576 2767 1634 Sed
2827 1579 2972 1633 enim
3007 1577 3096 1632 ille
3135 1564 3466 1632 Chalarthus
3508 1575 3679 1633 Dama-

455 1681 609 1720 scum
640 1684 816 1737 usque
843 1686 1171 1742 progressus
1198 1671 1396 1733 fuerat,
1421 1678 1474 1725 et
1499 1670 1555 1724 in
1586 1669 1974 1740 Mesopotamia
2005 1669 2253 1732 Amidam
2281 1671 2469 1725 urbem
2493 1667 2705 1723 inﬁnita
2731 1669 3035 1740 direptione
3063 1677 3396 1725 vastaverat.
3421 1669 3550 1724 Exin
3579 1677 3679 1724 tres

447 1760 616 1824 duces
646 1761 816 1816 alium
847 1764 957 1818 alio
990 1765 1310 1828 dimiserat;
1343 1766 1398 1820 in
1417 1764 1636 1819 Graecas
1666 1765 1884 1834 quidem
1914 1763 2225 1834 provincias
2270 1761 2449 1819 .Ialum
2485 1763 2599 1836 (24)
2619 1780 2714 1821 seu
2757 1762 2984 1832 Joelem,
3019 1764 3112 1836 qui
3143 1763 3456 1819 Graecorum
3488 1774 3680 1834 septua-

446 1852 598 1920 ginta
624 1855 797 1908 millia
833 1857 1064 1922 cecidit;
1096 1858 1149 1911 in
1173 1857 1455 1914 Persidem
1488 1874 1618 1914 vero
1649 1856 1979 1913 Othmanum
2007 1857 2248 1914 Amiram
2286 1858 2334 1911 Μ
2352 1859 2691 1928 avimumque
2717 1859 3002 1922 copiarum
3033 1858 3250 1922 ducem,
3282 1859 3376 1929 qui
3411 1858 3682 1914 debellave-

447 1955 579 2000 runt
605 1947 800 2018 viginti
827 1949 976 2004 mille
1007 1950 1269 2022 Myrdatis
1302 1952 1525 2017 milites,
1559 1952 1800 2022 itemque
1831 1949 2217 2006 Armeniorum
2255 1951 2452 2006 ducem
2503 1951 2761 2007 Musaeum
2795 1968 2917 2006 cum
2950 1952 3066 2008 suis
3092 1952 3372 2022 equitibus
3403 1969 3418 2007 :
3449 1959 3600 2021 atque
3619 1950 3681 2004 ita

448 2037 678 2109 contigit
713 2039 1084 2108 utArmeniis,
1114 2040 1317 2106 Persis,
1359 2043 1533 2113 Syris,
1569 2040 1863 2113 Egyptiis,
1892 2039 2084 2106 Medis,
2121 2039 2342 2096 Parthis
2376 2050 2429 2096 et
2458 2040 2768 2098 Palaestinis
2792 2043 3120 2114 potirentur.

519 2152 639 2208 Iam
671 2171 860 2222 causa,
891 2160 1244 2229 quamobrem
1277 2159 1330 2212 hi
1358 2159 1640 2218 consecuti
1666 2167 1798 2213 sunt
1827 2157 2191 2222 dominatum,
2225 2157 2496 2225 ejusmodi
2525 2157 2626 2213 fuit
2657 2179 2669 2214 :
2699 2160 2962 2231 Princeps
2995 2161 3214 2231 quidam
3248 2160 3588 2216 Damascenae
3611 2174 3682 2213 re-

447 2246 624 2315 gionis
657 2246 881 2318 Sergius
917 2251 1058 2304 haud
1105 2251 1318 2305 modica
1368 2267 1425 2306 re
1469 2259 1802 2305 mercatores
1829 2247 2181 2304 lsmaeliticos
2225 2249 2534 2318 spoliabat:
2563 2250 2896 2307 Chalarthus
2932 2259 3134 2315 autem,
3165 2268 3293 2306 cum
3326 2267 3468 2320 saepe
3504 2250 3566 2305 de
3606 2249 3680 2303 his

450 2339 666 2409 injuriis
698 2345 1123 2413 expostulasset,
1159 2360 1259 2400 nec
1290 2346 1381 2399 ille
1400 2346 1468 2400 ab
1489 2345 1706 2415 ingenio
1740 2342 2027 2398 decederet
2047 2342 2171 2406 ,-ad
2196 2352 2506 2398 extremum
2542 2345 2789 2401 collectis
2811 2345 2994 2417 gentis
3017 2361 3130 2400 suae
3160 2345 3507 2415 pedestribus
3533 2357 3680 2413 eque-

448 2431 764 2502 stribusqué
794 2434 972 2503 copiis
1008 2441 1092 2488 ter
1121 2434 1537 2506 impressionem
1574 2435 1631 2487 in
1654 2435 1868 2488 hostem
1899 2432 2048 2495 fecit,
2083 2448 2266 2502 neque
2289 2449 2346 2486 re
2371 2449 2470 2488 sua
2496 2443 2707 2490 tantum
2729 2436 2938 2506 potitus
2959 2443 3062 2500 est,
3092 2453 3278 2492 verum
3307 2437 3471 2492 etiam
3489 2436 3676 2491 aliena:

447 2539 620 2595 quare
647 2534 700 2579 et
727 2526 781 2580 in
814 2527 1130 2582 Armeniam
1157 2528 1395 2590 delatus,
1428 2527 1477 2580 vi
1518 2527 1824 2581 conabatur
1847 2527 2160 2596 religiosam
2185 2527 2491 2582 incolarum
2531 2525 2690 2582 ﬁdem
2724 2527 3060 2584 subvertere.

518 2641 786 2698 Praeterea
818 2641 1225 2698 Ismaelitarum
1259 2659 1352 2698 rex
1389 2643 1685 2712 praedictus
1718 2641 2131 2710 conspirantem
2169 2655 2358 2696 secum
2400 2650 2596 2695 nactus
2626 2648 2711 2696 est
2741 2642 3031 2711 quemdam
3064 2643 3285 2698 nomine
3335 2641 3677 2697 Mahumetum

441 2735 829 2809 Egyptiorum
877 2747 1247 2794 mercatorum
1271 2737 1595 2806 principem.
1630 2735 1730 2792 llic
1765 2737 1946 2805 legum
1971 2735 2334 2790 Mosaicarum
2374 2736 2586 2792 modice
2618 2738 2849 2807 peritus,
2886 2739 2982 2794 sed
3019 2739 3133 2792 Arii
3163 2739 3517 2810 Corinthique
3538 2749 3683 2794 secta:

442 2830 719 2895 addictus,
746 2830 841 2901 qui
866 2846 1094 2900 regnum
1129 2830 1395 2884 cmlorum
1432 2843 1755 2897 corporeum
1784 2843 1910 2882 esse
1955 2827 2191 2889 dicebat,
2226 2829 2280 2882 in
2328 2844 2439 2898 quo
2467 2829 2680 2885 scilicet
2717 2831 2995 2886 terrestris
3036 2831 3194 2886 cibus
3226 2833 3439 2888 ventris
3479 2833 3680 2898 inesset,

447 2923 684 2992 itemque
713 2924 1052 2976 connubium
1082 2930 1205 2992 post
1229 2923 1708 2976 resurrectionem.
1738 2920 1886 2985 Idem
1921 2922 2068 2992 leges
2101 2923 2245 2976 inter
2274 2937 2333 2977 se
2366 2923 2677 2977 contrarias
2707 2923 2916 2987 docuit,
2947 2924 3172 2994 antiqua
3223 2925 3435 2980 scilicet
3476 2934 3526 2980 et
3558 2939 3682 2980 nova

443 3023 669 3078 statuta,
693 3014 934 3070 absurda
959 3016 1386 3070 comminiscens
1439 3020 1604 3084 atque
1638 3015 1933 3070 insolentia
1976 3016 2302 3086 praedicans,
2341 3015 2620 3086 nimisque
2655 3017 3001 3088 impudenter
3031 3017 3211 3074 fmdus
3247 3019 3380 3074 illud
3409 3019 3682 3076 Abrahami

440 3122 830 3180 corrumpens,
861 3124 972 3179 quo
1002 3108 1217 3178 jussum
1254 3116 1337 3164 est
1374 3127 1390 3163 :
1431 3127 1448 3160 ι
1489 3108 1691 3164 Marem
1733 3125 1951 3164 omnem
2000 3109 2145 3180 apud
2179 3125 2276 3164 vos
2299 3109 2711 3165 circumcidetis
2735 3121 2929 3164 octava
2961 3111 3050 3166 die
3076 3110 3287 3180 (Cenes.
3324 3128 3506 3176 xxxiv,
3534 3112 3631 3181 15);
3659 3131 3676 3163 ο

440 3205 560 3276 ipse
587 3213 767 3262 autem
799 3221 911 3260 non
937 3219 1116 3261 mares
1134 3212 1368 3270 tantum,
1397 3221 1584 3261 verum
1610 3206 1796 3271 etiam,
1828 3200 1966 3275 proh
1991 3205 2199 3276 pudor!
2232 3204 2476 3258 femellas
2505 3223 2519 3258 :
2547 3204 2894 3275 signaculum
2929 3203 3195 3260 Dominici
3224 3205 3450 3262 fmderis
3469 3206 3678 3260 violans.

443 3298 645 3362 Statuit
675 3299 902 3371 insuper
932 3309 991 3353 ut
1020 3315 1161 3370 aqua
1194 3308 1407 3354 tantum
1435 3300 1545 3371 (25)
1569 3301 1818 3354 lavarent
1842 3308 2107 3370 perpetuo
2130 3301 2183 3354 in
2214 3299 2364 3353 fonte
2387 3300 2736 3370 baptismatis
2768 3321 2781 3356 ε
2809 3301 3119 3372 multasque
3140 3309 3403 3371 praeterea
3433 3299 3682 3358 absurdas

438 3394 712 3465 ejusmodi
743 3407 797 3451 et
829 3397 1055 3451 insanas
1084 3397 1310 3466 risuque
1333 3396 1528 3467 dignas
1552 3395 1985 3452 consuetudines
2017 3395 2225 3450 docuit.

510 3514 670 3574 I’Iunc
702 3515 1076 3572 Mahumetum
1145 3533 1272 3572 cum
1329 3517 1433 3571 sibi
1481 3517 1848 3587 legislatorem
1877 3525 1932 3570 et
1961 3517 2246 3571 oraculum
2301 3518 2695 3588 copiarumque
2752 3516 2945 3571 ducem
3007 3515 3266 3570 Saraceni
3337 3511 3685 3584 praefecissem

438 3609 602 3665 annis
632 3625 726 3671 xx,
760 3624 978 3664 summo
1009 3608 1226 3664 excidio
1291 3607 1705 3664 debellaverunt
1764 3608 2124 3673 Beznuniam,
2181 3607 2520 3662 Aleovidiam
2565 3616 2732 3678 atque
2767 3606 3061 3661 Taroniam
3093 3604 3229 3677 (‘26).
3262 3605 3576 3674 Quanquam
3598 3616 3684 3672 po-

442 3712 653 3760 stremo
680 3703 1031 3761 Mahumetus
1060 3720 1188 3760 cum
1220 3703 1409 3760 ﬁdeles
1439 3703 1792 3759 obluctantes
1821 3711 1986 3758 sectae
2019 3719 2133 3759 sum
2161 3705 2534 3773 cognovisset,
2563 3703 2743 3758 edicto
2767 3703 2978 3773 c0piam
3013 3701 3142 3756 iecit
3171 3700 3498 3755 nominatim
3519 3697 3686 3752 Arme-

439 3801 617 3856 niacis
641 3800 942 3870 provinciis
971 3800 1288 3856 Christiano
1320 3801 1429 3854 ritu
1460 3801 1670 3862 utendi,
1703 3809 1889 3870 atque,
1921 3807 1983 3852 ut
2022 3800 2096 3853 ita
2118 3798 2320 3864 dicam,
2359 3799 2682 3871 religionem
2714 3813 2879 3870 quam
2924 3797 3282 3853 sectabantur
3314 3794 3514 3859 eisdem
3565 3806 3685 3853 ven-

440 3895 603 3960 didit,
631 3896 881 3966 vectigali
909 3898 1196 3965 imperato,
1231 3913 1427 3967 nempe
1451 3906 1511 3950 ut
1536 3895 1754 3950 familiae
1775 3895 2004 3966 singulae
2031 3902 2272 3965 quatuor
2302 3911 2582 3959 nummos,
2610 3895 2822 3950 modios
2847 3895 3127 3948 aridorum
3159 3901 3294 3955 tres,
3327 3893 3681 3961 hippoperam,

438 3986 829 4059 cilicinumque
855 3989 1038 4044 ﬁmem
1071 3990 1470 4060 persolverent.
1499 3987 1677 4057 Hujus
1719 3997 1902 4042 tamen
1943 3987 2134 4042 tributi
2165 3987 2508 4042 immunibus
2539 4002 2666 4041 esse
2690 3986 2968 4041 concessit
2997 3985 3398 4048 sacerdotibus,
3432 3981 3684 4039 nobilibus

437 4087 497 4135 et
522 4081 815 4152 equitibus.
849 4083 1024 4153 Atque
1053 4082 1335 4149 Saraceni,
1399 4096 1664 4154 posquam
1696 4080 1924 4151 prolatis
1953 4080 2170 4152 imperii
2200 4079 2404 4141 ﬁnibus
2451 4079 2695 4134 omnium
2730 4078 2887 4147 potiti
2915 4087 3063 4138 sunt,
3099 4075 3208 4131 dici
3242 4082 3527 4147 coeperunt
3549 4069 3687 4126 Ami-

438 4174 895 4248 ralmumni(i7).
921 4175 1042 4232 Jam
1069 4186 1194 4250 post
1237 4177 1535 4232 Mahumeti
1578 4191 1754 4231 annos
1810 4191 1881 4230 xx
1910 4173 2048 4246 (28),
2095 4173 2364 4231 dominati
2409 4179 2540 4228 sunt
2590 4154 3000 4234 Abubechirus,
3032 4167 3340 4223 Othmanus
3371 4175 3425 4222 et
3471 4165 3685 4222 Omarus

437 4280 598 4323 annis
627 4287 859 4326 XXXVIII.

513 4381 624 4438 Hac
655 4394 982 4454 tempestate
1008 4385 1300 4455 imperium
1355 4400 1576 4462 quoque
1628 4383 1941 4445 Persarum,
1977 4383 2124 4454 quod
2167 4383 2454 4438 dicebatur
2509 4377 2933 4440 Sasanidarum,
2970 4375 3243 4431 sublatum
3277 4381 3383 4440 est,
3416 4380 3680 4462 postquam

437 4477 597 4534 anuis
629 4494 791 4532 ccccx
823 4487 1268 4549 perseveraverat
1299 4499 1311 4532 :
1345 4459 1628 4534 Persicum
1673 4487 1854 4531 autem
1879 4485 2153 4546 sceptrum
2209 4487 2471 4545 ceperunt
2512 4472 2794 4540 Saraceni,
2823 4471 2915 4541 qui
2939 4468 3069 4523 dicti
3108 4475 3234 4522 sunt
3263 4459 3679 4520 Amiralmumni.

1441 4653 1967 4710 SARACENOIIUM
2005 4648 2500 4707 AMIRALMUMNI
2535 4649 2666 4720 (‘29).

507 4833 852 4904 Mahumetus
908 4835 1070 4891 annis
1131 4832 1654 4906 xx;Abubechirus
1701 4833 1864 4886 annis
1914 4845 2053 4898 vui;
2097 4825 2404 4882 Othmanus
2453 4827 2615 4882 annis
2664 4841 2735 4891 x;
2786 4824 3025 4882 Omarus
3081 4823 3241 4880 annis
3293 4839 3405 4890 xx;
3449 4817 3680 4876 Maviazus

434 4931 597 4986 annis
623 4946 766 4997 xxn;
791 4930 1087 4985 Meruanus
1122 4943 1268 4982 anno
1299 4943 1314 4980 ι
1341 4943 1356 4994 ;
1382 4925 1629 4981 Jezithus
1664 4927 1825 4981 annis
1853 4943 1947 4992 In;
1991 4923 2440 4985 Abdelmeliehus
2489 4923 2648 4977 anuis
2695 4937 2846 4989 xxii;
2877 4920 3324 4984 Velithusannis
3352 4935 3440 4985 tv;
3471 4917 3680 4971 Omarus

434 5027 599 5082 annis
643 5042 714 5093 lt;
767 5025 999 5078 Ezithus
1055 5023 1217 5078 annis
1266 5021 1726 5089 v1;Heschemus
1784 5022 1946 5088 annis
2007 5037 2141 5088 xix;
2213 5018 2462 5074 Velithus
2511 5033 2654 5072 anno
2687 5033 2741 5084 t;
2789 5017 3083 5073 Meruanus
3137 5015 3297 5070 annis
3347 5029 3482 5079 vni;
3528 5006 3680 5066 Abdla

434 5120 597 5174 annis
624 5135 774 5182 xxu;
809 5116 1176 5171 Abdelazizus
1211 5117 1374 5172 annis
1425 5133 1522 5183 Ill;
1568 5117 1780 5172 Mahdis
1813 5117 1975 5172 annis
2016 5132 2094 5180 Ix;
2136 5114 2308 5170 Musis
2363 5114 2522 5168 annis
2564 5129 2633 5178 x;
2670 5111 2928 5168 Harunus
2983 5114 3142 5166 annis
3188 5124 3364 5176 xxiii;
3400 5106 3682 5162 Mahmetus

435 5212 598 5267 annis
624 5227 692 5277 v;
728 5208 1043 5263 Maimunus
1069 5207 1228 5262 annis
1259 5223 1450 5277 xxvn;
1482 5205 1859 5263 Ibenmeretus
1886 5207 2050 5264 annis
2086 5222 2176 5272 ix;
2218 5205 2478 5259 Ilarunus
2503 5204 2664 5257 annis
2689 5217 2852 5270 xvm;
2885 5201 3182 5273 Ciaphares
3204 5201 3367 5254 annis
3396 5215 3470 5254 x1.
3495 5196 3680 5251 Horum

436 5303 702 5361 memoria
733 5299 1040 5372 perditione
1066 5298 1354 5357 obruatur.

507 5505 620 5576 (~23)
634 5501 882 5577 Chalirth
903 5501 1238 5558 dicunturab
1262 5502 1534 5577 Armeniis
1551 5514 1693 5558 exta.
1713 5501 1827 5577 Hoc
1844 5510 2024 5577 autem
2195 5499 2310 5577 (ἐξ)
2348 5497 2600 5577 [Iasum
2628 5497 3010 5577 Armeniorum
3041 5494 3362 5577 provinciae.
3434 5565 3466 5577 μ.

436 5569 558 5630 loco
582 5569 728 5629 haud
761 5574 1174 5644 scimusutrum
1202 5575 1605 5644 respiciendum
1646 5577 1716 5628 sit
1758 5575 1824 5626 ad
1865 5572 2019 5626 Deut.
2149 5643 2154 5644 γ
2191 5569 2583 5644 (‘27)_Codices
2629 5569 2838 5644 partim
2882 5569 3522 5644 Amirimwmﬁ;_PaNim
3563 5569 3680 5614 vero

436 5661 634 5710 xxvm,
661 5646 753 5708 49,
793 5658 861 5696 an
893 5643 957 5696 ad
991 5642 1226 5698 Hierem.
1259 5637 1407 5706 xLVI,
1437 5645 1522 5707 10,
1544 5647 1625 5698 vel
1654 5645 1719 5698 ad
1737 5644 1874 5713 psal.
1910 5658 2018 5704 Lvt,
2125 5637 2557 5713 Amiirulgmunimi,
2597 5637 2794 5713 nempe
2820 5639 3160 5713 imperatores
3193 5637 3450 5713 ﬁdelium.

435 5715 493 5782 ὅ,
539 5707 710 5770 γεΙέιά
738 5707 893 5770 Lvttt.
931 5714 982 5767 8.
1018 5713 1150 5768 Ilcm
1183 5717 1273 5769 alii
1301 5715 1615 5784 diligentius
1646 5707 2014 5769 considerent.
2191 5711 2616 5784 (_28)(3_odd.,x_t..
2639 5707 2743 5763 Sed
2765 5708 2924 5762 iidem
2941 5717 3065 5763 ante
3082 5717 3378 5784 posteaque
3395 5707 3676 5784 habent“.

518 5787 630 5856 (9.4)
658 5785 759 5840 Hic
785 5786 1003 5840 codices
1045 5787 1220 5852 aliqua
1271 5776 1623 5856 corruptione
1666 5784 2012 5851 laborabant.
2154 5776 2295 5856 (Ἡ)
2323 5780 2417 5856 lIie
2452 5781 2642 5856 titulus
2694 5795 2816 5833 cum
2851 5776 3201 5856 sequentibus
3251 5776 3678 5831 Amiralmumms

511 5850 623 5930 (25)
654 5857 856 5928 Nempe
885 5856 1000 5912 sine
1033 5850 1209 5917 verbis
1239 5850 1457 5924 sacris,-
2117 5850 2284 5907 abest
2303 5853 2372 5906 ab
2411 5851 2721 5920 antiquiore
2751 5850 3067 5920 eretnplari,
