3810 6310
86 331 164 392 709
785 319 1130 380 SAMUELIS
1161 317 1474 375 ANIENSlS
1512 315 1850 373 SUMMARII
1884 313 2266 371 TEMPORUM
2304 312 2485 369 PARS
2522 312 2588 368 ll.
3178 308 3280 366 7W

103 469 3266 510 _________________._____._______.._..______.____._———.

732 597 920 640 οιῖιιι.
981 595 1197 636 CHRISTI
1289 596 1483 636 CONS‘I'.
1593 594 1740 634 ηιιι.
1879 592 2009 631 ΛΕΜ.
2151 591 2236 630 ΡΜ

1061 597 1197 636 ιιιετι
1289 596 1483 636 ςοΝδτ.
1593 594 1740 634 ηιιι.
1879 592 2009 631 ΑΕΗ.
2151 591 2308 630 ρΑτιι.
2432 589 2565 629 illa!

2438 660 2568 700 Αιιιι.

1333 788 1434 842 Mi-
1552 787 1784 857 Ciapha-
1844 784 2068 840 Semba-
2152 783 2306 839 Joan-

1838 1023 2051 1035 ...αο-

1297 859 1452 914 chael
1613 874 1699 914 res
1887 864 1976 910 tus
2179 871 2278 910 nes
2294 903 2298 912 .

771 1121 913 1190 407
1055 1117 1161 1190 859
1380 1113 1440 1190 -9
1681 1112 1718 1190 ἓ
1928 1109 1999 1190 ἓ]
2210 1109 2275 1190 Ἐξ

1057 1117 1161 1190 δξρ
1380 1113 1440 1190 -9
1681 1112 1718 1190 ἓ
1928 1109 1999 1190 zz
2210 1109 2279 1190 εξ
2454 1109 2561 1190 292

1055 1185 1154 1240 851
1374 1185 1441 1239 10
1685 1183 1719 1235 5
1927 1179 1999 1234 28
2212 1179 2278 1233 19
2455 1180 2562 1235 298

1056 1257 1160 1310 852
1371 1255 1394 1308 1
1412 1256 1432 1309 1
1683 1251 1718 1305 ι
1927 1248 1998 1302 29
2207 1249 2278 1302 20
2455 1249 2560 1304 299

775 1311 913 1381 408
1055 1326 1161 1382 853
1371 1323 1440 1379 ta
1683 1321 1719 1375 5
1929 1319 1999 1372 50
2208 1319 2269 1372 ei

1057 1326 1161 1382 853
1371 1323 1440 1379 12
1683 1321 1719 1375 5
1929 1319 1999 1372 50
2208 1319 2269 1372 2|
2456 1321 2561 1374 500

1055 1397 1159 1452 854
1376 1395 1438 1448 13
1683 1393 1718 1443 6
1931 1389 1990 1440 ’1
2208 1388 2280 1440 22
2455 1390 2554 1442 501

2129 1565 2522 1620 ZACHARIAS
2568 1567 2726 1621 annis
2779 1583 2923 1628 xm,
2973 1582 3004 1623 θ
3047 1565 3218 1624 Cotta

2335 1682 2534 1752 oppido
2574 1683 2736 1748 Zaga.

1026 1861 1131 1916 855
1346 1861 1412 1915 14
1668 1861 1698 1914 7
1911 1861 1981 1914 32
2231 1861 2258 1913 1
2441 1859 2540 1915 502

136 2093 397 2149 Pessimus
427 2092 668 2161 denique
701 2088 940 2144 omnium
971 2086 1154 2141 valido
1191 2101 1316 2141 cum
1350 2086 1594 2142 exercitu
1621 2087 2018 2157 superveniens
2052 2084 2240 2156 Bugha
2272 2085 2384 2157 (52)
2404 2125 2421 2150 .
2459 2102 2622 2156 quem
2653 2087 2854 2158 impius
2883 2086 3182 2158 Ciaphares
3223 2084 3292 2140 ad

85 2185 420 2242 ulciscendam
450 2183 719 2239 Abusethi
749 2196 937 2237 necem
963 2181 1018 2233 in
1049 2179 1360 2234 Armeniam
1385 2179 1656 2242 mittebat,
1689 2178 1937 2249 pluribus
1957 2177 2363 2233 calamitatibus
2384 2178 2644 2248 varioque
2661 2193 2944 2248 poenarum
2967 2194 3032 2234 ac
3056 2177 3294 2232 caadium

87 2294 253 2345 genere
283 2289 497 2350 gentem
528 2277 900 2343 excruciavit,
933 2275 1236 2346 praesertim
1280 2275 1492 2330 nobiles
1529 2282 1582 2329 et
1619 2274 1891 2345 equestris
1937 2272 2146 2327 militiae
2180 2273 2426 2328 ordinem
2477 2291 2490 2328 :
2541 2274 2741 2342 quibus
2774 2283 2952 2328 autem
2991 2274 3158 2331 vitam
3185 2272 3300 2326 lar-

88 2373 320 2440 giebatur,
358 2389 454 2429 eos
483 2383 544 2427 ut
575 2388 604 2426 a
639 2371 860 2426 Christo
889 2368 1185 2424 deﬁcerent
1214 2379 1376 2438 atque
1406 2367 1461 2423 in
1489 2376 1650 2424 sectae.
1692 2383 1807 2423 suae
1846 2367 2182 2436 impietatem
2231 2365 2597 2422 concederent
2632 2368 2916 2423 blanditiis
2952 2367 3301 2437 impellebat.

85 2462 251 2519 Verum
282 2467 500 2537 plurimi
528 2464 656 2519 forti
682 2464 863 2518 animo
891 2462 1139 2517 homines
1172 2469 1390 2516 scutum
1421 2461 1609 2530 sibiget
1637 2475 1789 2514 arma
1828 2458 2032 2514 Christi
2073 2457 2364 2513 induentes
2385 2498 2399 2524 ,
2437 2474 2652 2514 omnem
2701 2458 3096 2528 suppliciorum
3122 2457 3300 2538 .dolo-

85 2575 278 2631 rumque
306 2569 606 2625 terrorem,
634 2560 724 2630 qui
752 2559 855 2613 sibi
888 2558 957 2612 ab
989 2572 1054 2611 eo
1085 2556 1314 2612 scelesto
1352 2557 1706 2620 imminebat,
1772 2562 2097 2624 spreverunt
2133 2560 2355 2623 propter
2391 2553 2517 2607 vita:
2557 2553 2751 2607 futura:
2779 2553 2941 2608 bona.
2988 2553 3044 2606 In
3079 2551 3164 2605 his
3194 2549 3302 2604 fuit

87 2654 285 2712 dilectus
314 2657 426 2713 Deo
456 2657 688 2711 Atomus
717 2670 780 2710 ex
812 2654 1013 2723 Albage
1041 2652 1319 2722 provincia
1339 2690 1356 2714 ,
1387 2651 1480 2722 qui
1538 2666 1664 2704 cum
1695 2650 1860 2704 sociis
1890 2663 2138 2719 magnam
2168 2647 2276 2700 vim
2308 2646 2649 2702 cruciatuum
2678 2661 2971 2716 perpessus
3015 2641 3304 2714 pretiosis-

85 2747 243 2801 siniam
288 2762 551 2802 coronam
600 2747 826 2815 adeptus
871 2752 956 2799 est
1003 2764 1016 2799 :
1070 2754 1232 2814 atque
1280 2742 1335 2795 hi
1449 2750 1666 2796 centum
1701 2741 1813 2796 fere
1838 2737 2306 2809 etquinquaginta
2333 2736 2582 2798 fuerunt,
2612 2745 2806 2807 praeter
2837 2752 2932 2792 eos
2965 2735 3057 2805 qui
3089 2735 3143 2788 in
3175 2731 3303 2788 aliis

89 2840 354 2904 provinciis
386 2848 659 2909 martyres
689 2838 1052 2903 exstiterunt,
1078 2849 1311 2904 quorum
1337 2833 1517 2888 natale
1547 2831 1744 2888 festum
1775 2831 1864 2888 die
1926 2831 2115 2901 quinta
2152 2835 2207 2884 et
2248 2830 2502 2884 vicesima
2536 2829 2795 2898 Mebegan
2831 2827 2942 2899 (53)
2979 2825 3184 2881 mensis
3217 2825 3302 2878 in-

89 2933 260 2988 dictum
306 2943 411 2990 est.
465 2933 626 2988 Haud
677 2935 830 3004 pauci
872 2941 1054 2986 tamen
1108 2931 1356 2986 dolorum
1408 2930 1780 3000 impatientes,
1849 2929 2052 3000 probro
2089 2933 2260 2983 semet
2287 2927 2859 2993 commaculaverunt;
2906 2925 3072 2994 hique
3099 2923 3302 2978 amissa

85 3036 247 3081 acterna
281 3031 385 3083 vita
419 3037 743 3097 praesentem
778 3025 921 3079 haud
947 3024 1124 3094 adepti
1159 3029 1286 3077 sunt
1318 3020 1450 3091 (54).

158 3211 425 3283 improbus
452 3211 622 3281 igitur
651 3221 714 3260 ac
745 3221 920 3261 saevus
951 3203 1041 3259 ille
1071 3202 1256 3275 Buglia
1278 3245 1292 3270 ,
1339 3201 1430 3258 ubi
1459 3216 1574 3256 rem
1616 3215 1680 3255 ex
1715 3199 1882 3253 animi
1925 3200 2011 3254 sui
2051 3197 2322 3254 sententia
2368 3194 2593 3250 conﬁeri
2643 3194 2853 3258 sensit,
2885 3193 3124 3263 regionis
3154 3193 3301 3264 opti-

93 3313 262 3366 mates,
289 3303 489 3374 partim
523 3299 671 3363 dolo,
690 3298 886 3368 partim
926 3298 1249 3352 auctoritate
1291 3297 1344 3350 in
1391 3309 1544 3350 suam
1585 3301 1908 3364 potestatem
1952 3293 2200 3363 redegit:
2238 3305 2375 3362 quos
2405 3291 2546 3344 inter
2577 3302 2833 3358 magnum
2867 3301 3083 3358 quoque
3103 3285 3300 3341 ducem

95 3373 439 3450 Armeniarum
486 3389 838 3452 Sembatum,
869 3393 1233 3455 cognomento
1263 3385 1592 3456 Aplabasum
1612 3422 1627 3448 ,
1658 3396 1790 3437 sane
1823 3381 2030 3452 angelis
2063 3379 2424 3449 exoptabilem
2470 3382 2693 3447 propter
2721 3388 2906 3428 veram
2949 3373 3155 3428 Christi
3188 3388 3288 3427 no-

91 3486 264 3551 titiam,
295 3487 385 3557 qui
417 3493 475 3540 et
508 3480 794 3538 confessor
826 3480 1128 3550 appellatus
1157 3486 1262 3536 est.
1297 3478 1415 3534 Jam
1447 3491 1575 3532 vero
1620 3475 1797 3531 malus
1832 3475 1936 3530 iste
1963 3473 2148 3545 Bugba
2182 3472 2250 3527 ad
2279 3467 2534 3542 magnum
2565 3469 2809 3523 Amiram
2845 3467 3080 3524 reditum
3111 3476 3303 3520 matu-

91 3596 221 3645 rans,
252 3583 490 3653 reliquos
538 3578 774 3634 vinculis
797 3616 813 3642 ,
848 3575 1163 3632 Sembatum
1199 3583 1380 3630 autem
1409 3571 1599 3626 fraude
1623 3570 2013 3641 insidiosisque
2034 3569 2304 3625 bonorum
2333 3565 2616 3638 promissis
2647 3578 2832 3620 secum
2861 3562 3140 3616 avebebat.
3167 3557 3309 3614 Inte-

94 3679 174 3730 rim
196 3679 312 3748 quia
350 3676 594 3737 Joannes
619 3674 730 3728 vita
762 3679 1100 3735 excesserat,
1132 3669 1425 3724 Zacharias
1455 3669 1510 3722 in
1538 3675 1777 3722 sanctam
1804 3665 2122 3736 dignitatem
2154 3662 2487 3720 substitutus
2510 3668 2628 3726 est,
2659 3658 2754 3730 qui
2787 3657 2952 3713 unius
2983 3655 3090 3710 diei
3129 3653 3309 3723 spatio

93 3785 115 3821 a
137 3772 440 3839 sacerdotio,
475 3772 590 3825 imo
621 3784 652 3822 a
674 3767 988 3832 diaconatu,
1017 3767 1087 3821 ad
1117 3765 1302 3821 throni
1327 3763 1709 3835 patriarchalis
1741 3761 2020 3834 fastigium
2046 3759 2328 3816 transiliit.

151 3949 251 4020 Age
278 3967 405 4006 vero
437 3949 700 4006 omnibus
729 3945 822 4017 qui
852 3961 882 4000 a
911 3944 1146 3999 scelesto
1172 3942 1360 4013 Bugha
1388 3941 1606 3998 abducti
1643 3941 1897 4007 fuerant,
1926 3941 2178 4012 protinus
2217 3936 2457 4009 supremi
2489 3932 2707 4007 tyranni
2726 3931 2886 4002 jussu
2923 3941 3145 3982 carcere
3177 3937 3309 4020 con:

103 4043 245 4099 clusis
267 4087 281 4110 ,
313 4048 421 4101 nisi
451 4045 661 4100 Christi
693 4043 862 4112 legem
895 4046 1332 4103 exsecrarentur,
1363 4052 1473 4091 non
1501 4038 1617 4092 sine
1643 4036 1778 4092 diris
1817 4035 2155 4091 cruciatibus
2191 4030 2533 4088 moriendum
2571 4028 2692 4082 fuit.
2743 4025 2808 4080 Et
2839 4040 2971 4080 sane
3004 4036 3114 4076 non
3149 4014 3310 4088 pauci

100 4140 313 4209 corporis
341 4157 474 4195 nece
506 4110 784 4210 perterriti
817 4148 849 4187 a
877 4133 980 4187 lide
1005 4130 1361 4191 defecerunt;
1394 4136 1622 4198 excepto
1647 4127 1849 4198 inclyto
1880 4126 2160 4187 Sembato,
2188 4124 2281 4194 qui
2311 4122 2413 4177 etsi
2445 4121 2726 4176 Christum
2758 4122 3075 4172 constanter
3100 4110 3314 4181 palam-

97 4205 192 4300 ttue—
212 4205 580 4297 confitebatur,
616 4228 975 4286 nihilominus
1008 4227 1062 4280 in
1093 4225 1328 4280 vinculis
1361 4230 1536 4279 morte
1563 4235 1664 4278 sua
1693 4220 1851 4275 obiit.
1881 4217 2178 4272 Praefectus
2213 4213 2431 4269 interim
2464 4210 2686 4281 quidam
2733 4205 3077 4276 Stephanus,
3108 4215 3316 4300 cogno-

97 4328 222 4385 mine
244 4329 448 4393 Conus,
479 4322 756 4396 intrepide
785 4321 1062 4378 Christum
1089 4317 1379 4374 confessus
1406 4315 1653 4387 martyrii
1684 4315 1862 4385 palma
1889 4310 2124 4366 donatus
2160 4315 2245 4363 est
2274 4320 2419 4360 anno
2464 4316 2587 4358 aera:
2641 4299 3026 4354 Armeniorum
3065 4291 3313 4396 secundo

97 4435 234 4489 supra
281 4384 749 4476 trecentesimum.
794 4415 967 4470 Porro
1012 4411 1263 4485 praedicti
1323 4384 1567 4466 Sembati
1615 4384 1952 4464 confessoris
1994 4417 2194 4472 corpus
2234 4415 2359 4453 cum
2402 4395 2607 4468 ingenti
2654 4406 2851 4464 pompa
2893 4398 2947 4444 et
2991 4384 3312 4489 psalmodiis

99 4531 123 4565 a
152 4479 380 4570 lidelibus
414 4515 623 4570 elatum
653 4518 738 4566 est
785 4510 852 4564 ad
897 4479 1085 4563 Sancti
1123 4507 1364 4564 Danielis
1398 4519 1614 4562 sacram
1641 4503 1848 4566 aedem,
1885 4500 2015 4556 illuc
2045 4495 2306 4552 nimirum
2349 4494 2442 4548 ubi
2476 4492 2582 4547 iste
2613 4487 2745 4543 olim
2783 4485 3002 4539 leonum
3038 4480 3092 4534 in
3131 4479 3312 4532 lacum

99 4606 250 4662 fuerat
271 4609 567 4680 projectus.

155 4825 420 4884 Exstincto
454 4826 716 4883 Sembato
735 4864 752 4889 ,
784 4837 970 4879 rerum
1010 4821 1251 4876 habenas
1276 4817 1542 4888 corripuit
1567 4815 1714 4869 illius
1743 4815 1988 4886 ejusdem
2022 4810 2289 4876 Asutius;
2320 4808 2477 4878 isque
2509 4819 2620 4877 prre
2643 4799 2858 4857 cunctis
2880 4795 3181 4889 majoribus
3202 4788 3318 4889 suis

99 4882 306 4984 claruit,
333 4882 500 4992 seque
532 4882 850 4987 integritate
873 4923 928 4970 et
957 4912 1287 4983 benignitate
1316 4882 1454 4964 adeo
1471 4882 1896 4971 commendavit,
1922 4912 1985 4959 ut
2003 4901 2250 4958 omnium
2281 4900 2562 4955 amoribus
2586 4895 2795 4968 potitus
2821 4892 2914 4947 sit.
2939 4888 3021 4992 0h
3041 4882 3316 4988 ejusmodi

101 5015 342 5083 egregiam
372 4976 576 5067 famam
610 5011 813 5064 missus
838 5015 923 5062 est
954 5022 985 5059 a
1011 5019 1211 5075 magno
1245 5001 1431 5057 Amira
1455 4999 1674 5072 quidam
1703 4997 2105 5071 Aly-Armenus
2139 4994 2362 5048 nomine
2385 5006 2513 5046 cum
2539 4987 2861 5044 muneribus
2891 4983 2947 5037 in
2969 4976 3322 5083 .Armeniaﬂ‘h

101 5066 562 5172 quivadvAsutium
603 5107 801 5172 prmter
837 5066 1225 5168 prafecturam
1269 5066 1490 5147 titulum
1516 5105 1736 5160 quoque
1773 5066 2046 5160 principis
2083 5084 2390 5156 principum
2419 5079 2696 5137 contulit:
2739 5077 2794 5132 in
2824 5088 2934 5146 qua
2969 5066 3325 5172 is-dignitato

103 5158 241 5259 annis
261 5216 360 5254 ns
389 5158 732 5271 permansit:
764 5183 941 5248 donec
963 5191 1184 5246 virtutis
1220 5201 1351 5258 ergo
1393 5193 1556 5255 atque
1591 5158 1818 5255 operum
1859 5181 2188 5252 optimorum
2236 5177 2386 5247 regio
2423 5187 2640 5244 quoque
2686 5168 2986 5271 diademate
3027 5158 3328 5271 insignitus

103 5253 189 5355 est,
220 5253 630 5348 ircsﬁnrimirum
684 5303 715 5342 a
765 5286 978 5342 duobus
1022 5283 1243 5354 regibus
1285 5253 1646 5335 renuntiatus
1687 5274 2014 5331 lsmaelitico
2065 5278 2119 5326 et
2160 5267 2349 5324 Grmco
2397 5263 2692 5338 postremis
2736 5261 2979 5335 quinque
3015 5253 3330 5310 dominatus

102 5387 173 5439 sui
203 5398 351 5443 annts
379 5387 515 5457 (55).

169 5631 270 5772 :33),
305 5624 1396 5764 esseassulas“civittem"-‘
1501 5749 1512 5760 ,
1751 5590 2983 5772 εξξξξῇξξξρεπὲτκοτέει,ιε,η
3017 5643 3254 5706 suam
3288 5651 3324 5696 .

303 5723 1281 5842 uiﬁﬁ‘ﬁi'zii'imiﬁa‘féﬁi'£223»
1293 5760 1408 5819 unt,
1436 5749 1514 5805 uti
1538 5763 1667 5804 nar-
1772 5723 1970 5797 latiore
1994 5735 2220 5792 Joannis
2247 5729 2575 5803 patriarcha
2602 5723 2862 5781 Historia.
