3810 6298
161 313 246 369 715
861 319 1200 376 SAMUELIS
1229 320 1547 379 ANIENSIS
1585 325 1923 382 SUMMARII
1960 327 2343 386 TEMPORUM
2369 331 2550 388 PARS
2588 333 2651 391 ll.
3280 341 3394 402 7M

194 497 3353 542 "'——————r—————-—-—————————L_.—____

1021 621 1210 662 οιῖιιρ.
1287 623 1446 664 CXIRI-
1481 626 1668 667 CONST.
1708 627 1858 666 Ακιι.
1925 629 2055 670 AB“.
2119 631 2277 671 ΡΔΤΒ.
2344 633 2480 672 ΕΗΒ

1327 697 1415 736 ST!
2347 703 2476 743 ΔΒΗ.

1517 823 1628 879 Leo
1698 822 1850 908 Mah-
1913 825 2055 908 Asu-
2112 826 2279 908 Geor-

1690 903 1869 950 metus
1936 903 2044 952 tius
2129 903 2252 968 gius

1278 1116 1383 1171 889
1561 1115 1596 1168 2
1738 1116 1762 1169 1
1776 1115 1807 1170 7
1949 1119 2018 1174 54
2161 1119 2231 1175 15
2369 1121 2476 1178 556

1027 1189 1171 1260 417
1276 1187 1382 1260 899
1559 1187 1595 1260 ὃ
1736 1187 1806 1260 18
1945 1190 2019 1244 55
2160 1191 2228 1246 M
2373 1194 2478 1248 337

203 1257 432 1326 Asutius,
463 1271 724 1312 omnibus
751 1255 819 1312 ad
860 1254 956 1313 Dei
1053 1254 1116 1260 ’“
1141 1254 1154 1260 ⁷
1277 1257 1376 1312 891
1558 1255 1595 1311 4

1053 1254 1116 1260 ’“
1141 1254 1154 1260 ⁷
1277 1257 1376 1312 891
1558 1255 1595 1311 4
1737 1256 1804 1312 19
1945 1261 2016 1316 56
2159 1260 2229 1317 15
2371 1260 2474 1318 558

145 1329 374 1399 placitum
434 1327 734 1399 ordinatis,
783 1337 956 1384 morte

146 1398 448 1454 transfertur
511 1398 568 1452 in
639 1407 956 1454 sanctorum
1899 1399 2268 1456 SEMBATUS
2295 1405 2454 1461 annis
2483 1421 2630 1462 ulv.

143 1484 307 1540 regum
331 1469 601 1524 ordinem.

1275 1586 1382 1643 892
1556 1586 1594 1642 5
1731 1583 1804 1642 20
1983 1587 2007 1640 1
2157 1589 2225 1645 16
2365 1593 2471 1648 559
2596 1591 2779 1650 Semb:

1983 1587 2007 1640 1
2157 1589 2225 1645 16
2365 1593 2471 1648 559
2596 1591 2888 1651 Sembatus
2965 1597 3145 1654 Asutii
3215 1598 3361 1659 ﬁlius

1271 1725 1378 1781 895
1557 1724 1590 1780 6
1730 1727 1796 1782 21
1975 1726 2012 1780 2
2154 1729 2224 1784 Π
2364 1734 2470 1784 540
2519 1665 2660 1732 patri
2689 1667 2951 1723 succedit.

195 1798 392 1877 Abasus
420 1793 629 1854 militiae
651 1797 783 1877 dux,
811 1797 952 1877 A_su-
1020 1801 1163 1873 418
1555 1734 1590 1877 ἓ

1271 1734 1378 1781 895
1557 1734 1590 1780 6
1730 1734 1796 1782 21
1975 1734 2012 1780 2
2154 1734 2224 1784 t7
2364 1734 2469 1789 540

1020 1801 1163 1873 418
1268 1797 1376 1877 ἓξὲξ
1555 1796 1590 1877 Ζ
1728 1798 1801 1877 ἓὲ
1976 1797 2012 1877 ξ
2153 1799 2222 1877 ἐξ
2362 1805 2461 1877 ~34!

138 1867 558 1960 regisfrater,
574 1871 820 1960 (moleste
843 1869 951 1926 fert
1045 1866 1058 1871 ⁷
1080 1866 1156 1873 “
1550 1866 1587 1960 ξ

1973 1867 2011 1960 ξ
2149 1871 2222 1960 ἐξ
2554 1947 2566 1958 ι
2588 1876 2852 1960 Dominus
2872 1875 3178 1960 .Mastosius
3195 1956 3205 1960 Δ
3224 1880 3356 1960 re_li_-

139 1934 552 1997 dominationem
574 1938 839 1998 Sembati.
1516 1934 1585 2030 ‘2
1974 1937 2010 2030 ξ
2517 1947 2687 2030 gioso_
2707 1949 2833 2030 vitae
2859 1949 3124 2030 instituto
3159 1949 3362 2030 et‘phi-

1265 2007 1374 2062 897
1516 2004 1586 2060 to
1726 2007 1799 2062 25
1976 2008 2010 2061 6
2149 2010 2212 2064 at
2361 2015 2465 2069 544
2517 2004 2814 2088 iosophicis
2841 2019 3146 2090 disciplinis
3178 2004 3359 2076 clarus

1025 2075 1163 2149 419
1264 2078 1370 2134 898
1514 2075 1577 2130 it
1725 2078 1798 2135 26
1976 2077 2009 2131 7
2147 2081 2219 2137 22
2361 2084 2466 2140 545
2517 2088 2822 2144 habebatur

2433 2105 2466 2140 ἑ)
2517 2105 2822 2144 nanenatur

2146 2221 2543 2282 MASTOSIUS
2571 2229 2841 2288 oriundus
2872 2228 3105 2286 Sevania
3133 2243 3280 2285 anno
3312 2245 3354 2290 ι.

1260 2361 1368 2418 899
1510 2357 1580 2412 12
1717 2361 1790 2416 27
1965 2360 2000 2417 8
2175 2363 2203 2417 1
2341 2363 2454 2418 546

2139 2500 2442 2559 JOANNES
2477 2520 2640 2562 annts
2672 2521 2844 2562 xxvm
2873 2505 3016 2578 (60).

1257 2641 1365 2697 900
1504 2637 1574 2693 15
1711 2641 1783 2698 28
1959 2641 1994 2698 9
2172 2643 2200 2698 1
2347 2644 2453 2700 547
2574 2645 2761 2701 Domin

1959 2641 1994 2698 9
2172 2643 2200 2698 1
2347 2644 2453 2700 547
2574 2645 2837 2703 Dominus
2872 2647 2964 2701 hic
2995 2645 3236 2701 Joannes
3265 2647 3348 2702 di-

1257 2711 1358 2786 991
1504 2708 1574 2786 te
1710 2712 1782 2786 29
1925 2711 1996 2786 Io
2167 2713 2207 2786 ξ
2347 2716 2453 2786 548
2503 2716 2746 2786 scipulus

1925 2711 1996 2786 19
2167 2713 2207 2786 2
2347 2716 2453 2786 548
2503 2716 2746 2786 scipulus
2762 2716 2881 2786 ejus
2901 2716 3192 2784 (Mastosii)
3222 2717 3345 2782 fuit,

1006 2757 1152 2832 420
1255 2757 1364 2856 ἑόἐ
1504 2757 1576 2856 ἐξ
1711 2757 1784 2856 ξιό
1925 2757 1993 2856 ii
2169 2757 2208 2841 Ξ
2347 2757 2510 2840 Ξῖὸἲ

1925 2757 1993 2856 ii
2169 2757 2208 2841 Ξ
2347 2757 2453 2840 "alii
2505 2757 2746 2855 ἷᾶὲὲἵιῖἕ
2763 2757 3349 2856 ”³‹ἴιῖι;ᾗὶῖ””ἆῶἰιῖιέἰ’ἑ

1258 2851 1366 2908 905
1503 2847 1573 2905 16
1712 2853 1777 2909 at
1924 2853 1996 2908 ia
2168 2855 2206 2910 4
2348 2856 2453 2911 550
2505 2847 2762 2928 conjunct

1924 2853 1996 2908 12
2168 2855 2206 2910 4
2348 2856 2453 2911 550
2505 2847 2834 2928 conjunctus
2850 2847 3004 2928 7('6l)_
3024 2871 3147 2911 eum
3183 2858 3347 2928 spiri-

2498 2929 2595 2980 tali
2618 2939 2670 2980 et
2691 2926 3102 2984 divinitus'dato
3127 2927 3349 2982 homine

2497 2996 2594 3051 Dei
2621 2996 2880 3052 Mastosio
2908 3013 2920 3049 :
2954 2997 3222 3052 oriundus
3247 3011 3350 3051 au-

2498 3074 2608 3121 tem
2661 3067 2886 3138 Carnio,
2939 3067 3156 3138 Georgii
3203 3082 3348 3136 quo-

2497 3151 2638 3211 que,
2681 3137 2776 3207 qui
2822 3137 2924 3194 hos
2967 3137 3343 3211 praecesserat,

2498 3207 2696 3277 patria.

181 3382 262 3440 Hic
285 3386 431 3444 locus
461 3396 550 3444 est
573 3385 858 3452 innuendi,
890 3385 1346 3458 quemadmodum
1377 3386 1717 3446 lsmaelitica:
1739 3389 1917 3461 gentis
1939 3389 2185 3461 tyrannis
2218 3389 2286 3444 ad
2316 3390 2519 3445 exitum
2547 3405 2773 3461 vergere
2800 3391 3046 3463 cceperit.
3073 3389 3344 3446 Nimirum

121 3492 224 3535 cum
251 3482 573 3556 Bagratunia
605 3484 811 3539 familia
857 3500 966 3538 non
1013 3483 1134 3540 sine
1175 3482 1570 3541 lsmaelitarum
1613 3501 1886 3542 consensu
1920 3495 2202 3556 regnaret,
2236 3484 2405 3540 nihilo
2453 3492 2635 3540 tamen
2683 3485 2863 3541 secius
2905 3484 3176 3540 Armeniae
3213 3497 3346 3554 pars

121 3579 267 3648 major
289 3598 379 3652 per
409 3583 544 3638 illud
577 3589 813 3652 tempus.
854 3582 1014 3638 sicuti
1042 3585 1204 3637 etiam
1229 3597 1400 3646 nunc,
1434 3584 1490 3638 in
1521 3597 1711 3638 eorum
1741 3589 2010 3654 potestate
2039 3589 2196 3647 erat;
2232 3581 2375 3636 haud
2401 3591 2582 3636 tamen
2617 3581 2720 3636 sub
2752 3581 2916 3638 unius
2950 3579 3152 3635 Amiraa
3180 3586 3340 3642 nutu,

120 3673 184 3724 uti
209 3689 312 3731 mos
335 3674 510 3731 fuerat
536 3675 651 3745 jam
687 3673 812 3730 inde
838 3689 868 3727 a
902 3675 1078 3744 primo
1112 3674 1421 3731 Mahumeto
1450 3691 1624 3747 usque
1651 3676 1718 3731 ad
1749 3676 2070 3746 Ciapharem
2101 3690 2202 3730 nec
2226 3689 2335 3729 non
2355 3673 2434 3728 ad
2463 3673 2628 3743 hujus
2659 3673 2878 3729 liberos.
2907 3672 3117 3744 Quippe
3144 3688 3343 3729 conse-

122 3764 236 3818 cutis
265 3767 598 3837 temporibus
622 3775 832 3821 temere
863 3773 1024 3836 prout
1051 3767 1256 3822 libebat
1285 3767 1546 3837 praesides
1577 3769 2074 3825 constituebantur.
2103 3766 2164 3822 Id
2194 3776 2376 3822 autem
2415 3766 2677 3821 indicium
2704 3776 2788 3822 est
2814 3764 3013 3820 inﬁrmi
3039 3767 3346 3835 pereuntis-

120 3873 205 3926 que
230 3861 450 3932 imperii,
485 3862 787 3932 praesertim
813 3861 860 3917 si
893 3861 1194 3916 dominatio
1242 3862 1297 3916 in
1343 3863 1527 3933 plures
1557 3863 1852 3926 tribuatur,
1882 3862 2026 3934 quod
2058 3862 2126 3918 iis
2157 3877 2303 3916 nunc
2333 3861 2711 3916 usuvenicbat.
2738 3859 2985 3930 Namque
3032 3856 3344 3928 Sanphares

121 3952 460 4011 dominabatur
490 3960 547 4012 in
583 3956 920 4011 Chorasania
949 3957 1198 4027 regione;
1231 3955 1464 4011 Lavicus
1490 3958 1916 4028 Abuthoraphus
1945 3957 2000 4012 in
2028 3958 2163 4013 urbe
2198 3957 2373 4024 Dara;
2407 3955 2518 4013 lses
2548 3955 2708 4011 Sechi
2744 3956 2888 4012 ﬁlius
2927 3957 2980 4010 in
3010 3953 3298 4010 Palaestina
3325 3970 3342 4019 ;

120 4048 366 4123 Ahldelphi
415 4062 602 4108 autem
645 4051 792 4107 ﬁlius
823 4053 879 4106 in
909 4051 1244 4108 Telmarensi
1281 4053 1599 4122 provincia;
1632 4055 1721 4107 alii
1754 4053 1989 4124 denique
2023 4053 2153 4108 alibi
2185 4052 2510 4105 tumultibus
2545 4050 2889 4120 indulgentes
2920 4057 3111 4103 mutuo
3150 4055 3342 4118 tyran-

121 4145 268 4202 nidem
296 4150 640 4204 aﬂectabant.
675 4148 813 4203 Hinc
841 4148 901 4203 ﬁt
951 4156 1008 4203 ut
1050 4148 1340 4219 impiorum
1377 4150 1640 4205 horumce
1687 4157 2042 4220 tyrannorum
2086 4149 2306 4201 nomina
2340 4147 2726 4217 perturbentur
2754 4147 2808 4200 in
2837 4146 3058 4199 Conone
3101 4143 3341 4196 chrono-

121 4240 284 4310 logico.
313 4247 393 4301 Ab
422 4247 510 4300 his
542 4244 765 4299 interim
801 4244 1160 4314 undequaque
1195 4245 1547 4299 mittebantur
1585 4244 1640 4298 in
1672 4245 1855 4315 plagas
1887 4251 2104 4297 nostras
2138 4241 2388 4294 malevoli
2419 4241 2657 4308 saevique
2688 4247 3108 4310 procuratores;
3145 4245 3341 4302 nempe
3420 4310 3423 4314 ι

51 4351 60 4364 ·
120 4329 292 4391 ferinus
322 4337 411 4392 ille
441 4337 612 4402 Bula;
645 4344 700 4391 et
728 4335 1108 4401 iniquissimus
1144 4336 1423 4406 Aphsinus
1454 4335 1597 4391 ﬁlius
1629 4335 1770 4404 ejus,
1799 4332 2054 4405 quiante
2081 4331 2394 4402 praefuerat,
2428 4330 2644 4385 scelesti
2691 4326 3058 4396 Abusigilhw;
3099 4339 3200 4378 nec
3228 4337 3340 4376 ηοιὶ

119 4429 350 4500 malignus
396 4433 774 4501 exitiosusque
813 4431 1088 4501 tusuphus
1133 4431 1361 4502 Aphsini
1411 4429 1610 4498 frater;
1659 4438 1773 4484 tum
1811 4427 2035 4491 Nesras,
2069 4426 2392 4497 cognomine
2433 4423 2713 4489 Sbercha;
2747 4431 2860 4475 tum
2891 4419 2982 4474 alii
3013 4418 3099 4472 his
3132 4416 3339 4471 similes

117 4521 286 4581 Christi
322 4529 532 4595 hostes,
567 4529 660 4596 qui
705 4526 880 4598 usque
913 4527 980 4580 ad
1023 4526 1578 4581 Amiralmumnorum
1621 4525 1798 4596 gentis
1844 4522 2134 4594 Scythicae,
2169 4535 2291 4591 qua:
2319 4519 2497 4574 adhuc
2527 4522 2858 4588 perseverat,
2891 4511 3335 4566 dominationem.

119 4621 527 4686 populationibus
558 4622 837 4691 perpetuis
863 4620 1244 4675 Armeniorum
1276 4621 1602 4676 nostratium
1631 4620 1896 4674 terminos
1921 4623 2274 4673 vexavarunt.
2309 4613 2537 4678 Horum,
2572 4611 2871 4682 inquimus,
2902 4605 3126 4662 nomina
3171 4601 3338 4660 nullis

116 4708 159 4763 in
179 4710 426 4778 historiis,
459 4719 729 4784 quantum
759 4713 1018 4777 vidimus,
1053 4713 1258 4768 diserte
1285 4713 1509 4782 scripta,
1545 4712 1663 4767 ﬁeri
1696 4712 1883 4782 nequit
1928 4717 1988 4765 ut
2027 4708 2340 4780 singillatim
2368 4719 2707 4777 exponamus
2737 4720 2754 4758 :
2784 4697 3086 4774 praesrtim
3115 4709 3240 4748 cum
3270 4707 3340 4748 ne

114 4801 156 4855 in
179 4803 303 4860 libro
339 4807 559 4878 quidem
593 4807 718 4861 vitae
749 4806 845 4862 sed
871 4807 925 4859 in
955 4807 1246 4877 impiorum
1273 4808 1552 4862 memoriis
1577 4813 1800 4862 exarata
1832 4806 1964 4860 sint.

167 4919 342 4980 Postea
377 4924 595 4995 Scythae
628 4922 740 4994 (62)
775 4923 879 4977 hac
920 4923 1130 4979 ratione
1172 4923 1516 4996 tyrannidem
1567 4929 1993 4994 occupaverunt,
2041 4921 2118 4974 uti
2164 4919 2430 4989 scriptum
2476 4915 2757 4986 comperio
2794 4929 2826 4968 a
2871 4927 3070 4982 magno
3115 4911 3340 4966 doctore

113 5011 382 5074 Sarcavaco
417 5019 531 5090 (65)
573 5018 665 5087 qui
699 5018 778 5072 sic
810 5017 1051 5086 loquitur
1082 5033 1096 5070 :
1139 5035 1158 5068 ‹
1199 5017 1334 5072 Dum
1367 5018 1550 5074 Persae
1581 5026 1634 5073 et
1661 5017 1800 5072 Medi
1832 5020 2043 5072 alterna
2084 5015 2304 5070 fortuna
2336 5014 2476 5068 inter
2507 5027 2567 5068 se
2595 5009 2858 5065 dimicant
2891 5008 2957 5062 ad
2982 5008 3122 5061 hanc
3165 5022 3340 5076 usque

113 5109 245 5178 diem,
285 5115 536 5187 Scythica
574 5129 707 5184 gens
743 5111 910 5181 (haud
947 5111 1072 5166 dico
1103 5111 1475 5168 Graecanicam
1505 5115 1603 5168 sed
1627 5111 1942 5184 barbaram)
1975 5112 2030 5165 in
2074 5125 2264 5165 eorum
2299 5107 2549 5179 regiones
2576 5107 2821 5175 ingressa
2850 5103 2956 5157 hoc
3001 5107 3160 5170 pacto
3204 5099 3341 5154 dici-

113 5210 199 5263 lur.
223 5207 476 5267 Plurimis
509 5207 744 5263 devictis
770 5207 1086 5263 nationibus
1117 5224 1272 5279 reges
1300 5209 1420 5278 ejus
1451 5209 1650 5276 aetatis,
1679 5222 1914 5280 quorum
1963 5207 2185 5261 nomina
2230 5205 2389 5260 nobis
2435 5204 2622 5274 ignota
2654 5208 2782 5255 sunt
2825 5200 3151 5270 (propterea
3190 5193 3338 5265 quod

166 5483 262 5557 (60)
281 5487 519 5544 Joannes
550 5487 652 5541 hoc
675 5487 896 5540 nomine
921 5493 1108 5557 sextus
1135 5481 1443 5557 patriarcha
1471 5482 1646 5557 histo—
1754 5488 1950 5557 tumet
1979 5478 2327 5557 ébulfedam.

109 5539 910 5631 ﬁatut-pairiamelegantissimo
932 5539 1278 5611 haieanismo
1302 5553 1542 5622 scripsit.
1831 5552 1950 5631 (65)
1981 5549 2187 5631 Prii-ter
2213 5547 2615 5631 hmehistorica
2640 5539 3308 5631 ASOarcavaciljidge-sgtugiq

185 5611 265 5702 (ξε)
296 5611 1016 5702 Nempeob:discipulatum
1045 5634 1103 5702 e_t_
1126 5639 1316 5702 genus:
1495 5691 1507 5702 .
1563 5692 1577 5702 _
1753 5611 2265 5702 (ποῶ).νίἰτιεςιηοῐρῐειζ
2295 5621 2414 5702 aliae
2443 5611 3050 5702 exstantiudodicibus
3076 5611 3333 5683 perutiles

185 5626 262 5693 6|)
296 5628 501 5700 Nempe
530 5628 603 5682 ob
631 5626 1016 5693 discipulatum
1045 5634 1097 5680 et
1126 5639 1316 5694 genus.
1753 5626 1890 5686 coni)
1926 5626 2226 5700 fragmenta
2249 5659 2262 5681 ,
2295 5626 2414 5672 aliae
2443 5626 2659 5698 exstant
2685 5626 2739 5670 in
2766 5626 2801 5669 (Ξ

164 5626 263 5768 162)
298 5699 500 5771 Nempe
530 5696 870 5766 Setgiukidaz,
900 5696 966 5750 de
993 5696 1193 5766 quibus
1226 5693 1347 5748 vide
1385 5690 1642 5747 Herbelo-
1754 5692 2086 5761 eruditaeque
2114 5690 2356 5759 ejusdem
2393 5689 2801 5743 lucubrationes

521 5815 796 5874 l’arnon.
837 5809 957 5871 Gn.
995 5811 1168 5872 XIX.
2932 5800 3009 5860 23
