3810 6310
479 317 582 374 715
1451 317 1791 373 APPENDIX
1823 317 1914 372 AD
1944 317 2214 373 EUSEBII
2254 318 2671 376 CHRONICON.
3629 326 3724 384 746

480 437 685 493 nemini
717 453 860 493 curae
895 438 996 493 fuit
1029 453 1210 494 rerum
1255 439 1545 494 memorias
1587 437 2007 508 principumque
2051 437 2510 496 horum.nomina
2551 439 2856 509 posteritati
2889 439 3484 512 propagare),tandem
3529 448 3584 498 et
3623 444 3721 514 ipsi

479 533 770 586 diuturnas
801 532 982 588 clades
1016 534 1084 588 ab
1117 532 1264 588 Indis
1297 534 1564 603 perpessi,
1589 534 1950 588 niaximorum
1979 547 2075 603 spe
2100 531 2369 589 donorum
2399 549 2431 588 a
2459 534 2706 589 barbaris
2739 535 3012 605 praedictis
3036 536 3355 607 adjumenta
3381 538 3508 594 belli
3543 553 3719 596 accer-

479 630 726 684 siverunt
763 646 776 681 :
812 645 1042 700 quorum
1084 631 1344 685 societate
1379 629 1525 684 aucti
1559 627 1811 684 felicibus
1843 628 2046 698 praeliis
2077 628 2228 684 brevi
2264 629 2518 684 rebellem
2550 629 2892 684 devicerunt.
2939 614 3060 686 Mox
3102 632 3247 688 bello
3277 634 3545 689 adversus
3574 649 3716 689 eum-

477 725 600 778 dem
637 724 1026 794 redintcgrato,
1061 725 1322 779 barbaros
1352 723 1475 779 illos
1503 723 1597 794 qui
1625 738 1782 793 opem
1812 721 2080 787 ferebant,
2110 737 2140 776 a
2175 738 2236 778 se
2285 724 2707 794 prohibuerunt.
2760 724 2937 793 Atque
2976 727 3200 782 interim
3233 743 3330 783 rex
3355 731 3468 784 vita
3500 728 3718 786 excedt,L

476 818 590 874 bat.
623 819 758 874 Tum
789 819 947 877 Medi.
983 819 1242 875 societate
1267 834 1391 874 cum
1421 819 1508 874 his
1537 819 1787 874 barbaris
1818 819 1974 884 inita,
1998 817 2197 874 Persas
2228 820 2572 889 expellebant
2603 838 2618 874 :
2644 826 2805 890 atque
2833 821 2907 874 ita
2937 821 3255 876 roboratum
3287 831 3371 879 est
3395 823 3712 886 dominium,

480 920 538 966 ut
576 914 824 968 nonnulli
863 914 1120 977 tradunt,
1156 913 1479 985 Scytharum
1508 953 1524 978 ,
1569 929 1664 968 seu
1698 913 1879 984 potius
1904 954 1919 977 ,
1961 921 2021 967 ut
2067 929 2170 985 ego
2201 913 2493 976 existimo,
2528 912 2937 968 Bactrianorum
2986 914 3079 984 qui
3131 929 3299 984 regna
3355 915 3711 985 complurium

479 1009 718 1078 gentium
767 1007 1015 1061 maximis
1053 1007 1209 1062 bellis
1256 1007 1714 1076 internecivisque
1758 1007 2098 1062 deleverunt.
2140 1025 2158 1058 ι
2206 1005 2322 1060 Hoc
2367 1005 2585 1076 quidem
2621 1006 2823 1075 scripto
2853 1006 3162 1077 philologus
3205 1014 3392 1062 noster
3424 1024 3515 1063 res
3543 1016 3711 1078 gestas

476 1111 796 1172 persecutus
838 1109 920 1156 est
960 1101 1248 1172 usquead
1276 1101 1592 1156 Melichsahi
1631 1117 1874 1172 regnum,
1916 1101 2062 1172 quod
2094 1117 2196 1156 suo
2244 1102 2362 1156 loco
2409 1101 2654 1155 dicemus
2702 1101 2892 1156 eodem
2943 1113 3164 1157 auctore
3194 1111 3442 1170 utentes;
3476 1111 3710 1173 tempora

476 1199 754 1266 inquimus
791 1197 1031 1268 parentis
1058 1198 1200 1266 ejus,
1237 1198 1452 1252 cruenti
1495 1214 1689 1268 nempe
1719 1197 2059 1268 Alphaslani,
2095 1206 2208 1252 tum
2253 1197 2338 1251 avi
2385 1197 2669 1266 abavique,
2721 1212 2956 1266 quorum
2996 1199 3217 1252 nomina
3248 1197 3620 1255 Tullubecbus
3663 1206 3712 1254 et

476 1293 776 1349 Mahmutes
800 1303 852 1348 ct
878 1293 1163 1364 Sclgiukus
1199 1293 1448 1348 feruntur
1481 1313 1495 1348 :
1531 1295 1612 1348 sic
1640 1293 1784 1348 enim
1811 1293 2012 1348 diserte
2041 1293 2315 1363 quondam
2348 1292 2576 1362 legimus
2604 1291 2657 1345 in
2680 1292 2872 1346 codice
2899 1307 3063 1345 manu
3094 1292 3338 1363 ejusdem
3365 1292 3704 1362 conscripto:

475 1389 633 1459 cujus
679 1390 722 1445 si
757 1389 961 1444 codicis
995 1389 1152 1444 nobis
1196 1390 1376 1444 denuo
1408 1389 1565 1460 capia
1605 1390 1787 1453 fuerit,
1837 1398 2054 1443 utemur
2079 1388 2327 1458 equidem
2365 1385 2432 1439 ad
2478 1387 2619 1440 hanc
2663 1388 3146 1457 compositionem;
3201 1388 3246 1442 si
3291 1387 3496 1452 minus,
3534 1386 3710 1456 utique

474 1481 788 1536 omittemus
819 1480 1067 1535 homines
1096 1480 1212 1536 suis
1238 1482 1448 1537 viribus
1473 1481 1806 1536 conﬁdentes
1841 1480 2028 1549 reique
2068 1494 2222 1534 vanae.
2259 1479 2554 1533 innitentes
2587 1478 2681 1549 qui
2714 1477 2808 1534 Dei
2844 1480 3216 1549 penetralibus
3242 1487 3499 1550 terraque
3532 1479 3708 1533 viven-

471 1578 610 1631 tium
642 1575 904 1648 prohibiti
953 1583 1100 1631 sunt.
1137 1574 1247 1632 Nos
1294 1585 1476 1631 autem
1512 1575 1606 1632 Dei
1640 1576 1929 1630 clementia
1979 1575 2103 1630 freti
2145 1574 2503 1630 conﬁteamur
2530 1575 2739 1630 nomini
2772 1575 2914 1646 ejus,
2947 1575 3039 1646 qui
3074 1575 3180 1630 hoc
3228 1574 3388 1643 fecit;
3428 1575 3708 1645 animoque

472 1688 627 1744 tequo
661 1672 924 1737 feramus,
959 1671 1087 1742 quia
1111 1672 1260 1727 mitis
1289 1680 1373 1728 est
1397 1688 1524 1744 erga
1563 1680 1782 1729 sanctos
1818 1686 1970 1728 suos.

542 1795 699 1851 Nunc
737 1796 902 1867 igitur
929 1795 997 1850 ad
1028 1797 1398 1853 intermissum
1427 1810 1696 1851 canonum
1735 1794 1980 1849 ordinem
2023 1799 2384 1862 revertamur,
2412 1807 2632 1865 unaque
2661 1784 2803 1848 serie
2830 1791 2940 1864 (64)
2979 1793 3052 1847 ob
3100 1792 3420 1862 praedictam
3447 1789 3703 1846 rationem

471 1894 716 1953 exclusa.
780 1891 1026 1948 latanter
1065 1892 1352 1950 dicamus:
1399 1891 1511 1961 Ipsi
1559 1892 1622 1945 de
1667 1905 1827 1946 manu
1867 1899 1960 1944 tua
1999 1890 2196 1958 repulsi
2239 1899 2395 1954 sunt;
2440 1905 2534 1944 nos
2573 1896 2749 1944 autem
2795 1888 3017 1958 populus
3063 1897 3185 1943 tuus
3231 1897 3282 1944 et
3336 1905 3452 1943 oves
3507 1901 3704 1955 pascua

475 1995 580 2040 ωιε
608 1983 742 2058 (65).

1289 2320 1477 2364 omne.
1553 2322 1766 2365 canier
1852 2321 2046 2365 cons'r.
2165 2321 2295 2364 ω.
2424 2305 2616 2372 eum]
2721 2319 2858 2360 zu

2723 2389 2853 2431 ΑΒΚ.

1885 2495 1996 2552 Leo
2114 2494 2340 2552 Semba-
2385 2555 2390 2560 ,
2418 2493 2559 2551 Joan

2173 2574 2262 2622 tus
2442 2582 2542 2622 nes

535 2793 895 2865 Curopalates
963 2793 1044 2850 Ad
1052 2809 1240 2851 roner-
1596 2796 1704 2851 904
1915 2797 1986 2850 47
2197 2797 2268 2852 45
2516 2796 2551 2851 5

1957 2797 1986 2850 7
2197 2797 2268 2852 45
2516 2796 2551 2851 5
2727 2795 2827 2850 554

463 2865 631 2919 schus
663 2863 704 2918 δή
727 2863 982 2921 Sembato
1007 2881 1239 2922 corona-
1595 2866 1704 2921 905
1915 2866 1984 2921 48
2197 2867 2266 2922 44
2514 2865 2548 2920 6

1957 2866 1984 2921 8
2197 2867 2266 2922 44
2514 2865 2548 2920 6
2725 2865 2832 2920 552

463 2942 554 2988 tur
584 2950 676 2990 rex
705 2933 1005 2992 lberorum.
1299 2940 1428 3011 1,21
2511 2935 2549 3022 Ζ

1957 2935 1984 3022 9
2195 2937 2264 3022 ἐξ
2511 2935 2549 3022 Ζ
2721 2936 2830 3022 ἓξὲξ

1595 3007 1704 3062 907
1911 3007 1984 3062 20
2196 3005 2265 3062 46
2509 3005 2544 3060 8
2720 3005 2826 3060 554

1596 3077 1703 3151 000
1912 3077 1979 3151 21
2194 3077 2267 3151 17
2483 3075 2542 3151 ,0
2722 3075 2827 3151 555
2950 3146 2983 3151 __
3006 3075 3403 3131 Sembatavana
3435 3075 3546 3151 (66)
3577 3089 3694 3131 con-

505 3141 795 3225 .Princeps
842 3145 1246 3225 Gaghicusco-
1325 3213 1445 3225 ,υ
1596 3147 1703 3225 000
1911 3147 1984 3225 22
2195 3145 2265 3225 10
2476 3146 2545 3225 10

1957 3147 1984 3225 ἓ
2195 3145 2265 3225 εξ
2476 3146 2545 3225 19
2933 3146 3100 3225 ditur.

466 3215 680 3292 piaj-um
729 3213 839 3274 dux
899 3213 1246 3292 a'.Sembato
1307 3213 1453 3285 422
1596 3217 1703 3292 010
1912 3217 1985 3292 25
2195 3217 2265 3292 49
2476 3216 2541 3292 44

1957 3219 1985 3292 5
2195 3219 2222 3292 4_
2231 3217 2265 3292 0
2476 3216 2541 3292 11
2723 3215 2829 3292 557
3004 3217 3253 3292 Abelgari
3262 3233 3365 3288 pus
3429 3217 3694 3274 Sebastem

458 3284 683 3360 deﬁcit.j
962 3284 982 3292 ’
1173 3307 1175 3310 ·
1335 3284 1412 3285 ί
1597 3288 1696 3360 911
1913 3289 1984 3360 24
2195 3287 2270 3360 20
2478 3285 2549 3360 12

1957 3289 1984 3343 ι
2195 3287 2270 3360 eo
2478 3285 2549 3360 19
2724 3286 2829 3360 erait}
2935 3287 3244 3360 canum).

1598 3359 1703 3430 912
3004 3356 3128 3412 Iusu
3139 3356 3276 3430 phus
3305 3359 3552 3430 iApilgite
3585 3370 3694 3425 pro-

1597 3429 1703 3488 945
1913 3429 1984 3486 26
2195 3427 2268 3484 22
2477 3427 2548 3483 14

1957 3429 1984 3486 6
2195 3427 2268 3484 22
2477 3427 2548 3483 14
2723 3426 2829 3482 560
2935 3426 3207 3483 curatoris
3242 3426 3387 3484 ﬁlius
3427 3426 3480 3484 in
3527 3429 3696 3481 Arme-

2935 3499 3083 3552 niam
3128 3499 3352 3554 veniens
3402 3501 3694 3564 doiosisque

1877 3567 2180 3626 ALEXIUS
2209 3568 2326 3640 (68)
2367 3567 2528 3624 annis
2554 3572 2639 3627 in.
2935 3570 3146 3646 artibus
3199 3569 3526 3624 discordiam
3570 3569 3693 3646 inter

1328 3684 1466 3759 423
1600 3710 1706 3780 914
1949 3712 1978 3766 1
2194 3637 2317 3763 2‘5:
2479 3707 2548 3780 15

2217 3637 2225 3640 ’
2307 3637 2317 3640 ⁷
2934 3637 3220 3708 ρνωΐθοιοε
3293 3655 3483 3694 serens
3536 3637 3695 3706 regio-

1957 3712 1978 3766 ι
2194 3707 2268 3780 25
2479 3707 2548 3780 15
2936 3711 3023 3780 nis
3099 3719 3303 3764 nostra:
3369 3709 3691 3780 tyrannidem

1599 3779 1705 3837 945
1949 3781 1986 3836 2
2195 3779 2268 3834 24
2480 3777 2550 3832 46
2725 3775 2832 3833 562
2937 3779 3169 3846 invasit;
3217 3775 3452 3850 cumque
3491 3776 3692 3832 Semba-

2935 3859 3050 3905 tum
3096 3865 3277 3918 regem
3302 3850 3600 3923 'captivun1_
3616 3857 3692 3923 po-

2123 3915 2626 3976 INTERREGNUM
2647 3933 2738 3975 an.
2761 3934 2859 3975 vn.
2939 3928 3141 3975 slremo
3162 3915 3435 3975 inauditis
3463 3915 3692 3974 cruciati-

2931 3989 3036 4045 bus
3082 3990 3378 4046 occidisset
3396 4031 3412 4052 ,
3461 3987 3689 4042 eumdem

1597 4060 1702 4117 916
1949 4059 1988 4116 5
2193 4101 2206 4121 ι
2233 4059 2262 4113 1
2479 4058 2549 4115 17

1957 4059 1988 4116 5
2193 4059 2262 4121 ,1
2479 4058 2549 4115 17
2722 4058 2828 4114 565
2934 4061 3120 4130 probri
3175 4075 3340 4115 causa
3391 4062 3534 4130 ligno
3578 4069 3688 4130 sus-

2967 4129 3117 4184 endit
3172 4131 3228 4185 in
3292 4127 3686 4185 urbe—Deviua.

2975 4209 3218 4270 ropterea
3261 4202 3328 4254 ad
3370 4197 3685 4270 septennium

1914 4267 2248 4328 ROMANUS
2279 4269 2439 4325 annis
2465 4280 2661 4323 xxvm.
2932 4267 3084 4351 regio
3116 4281 3302 4327 nostra
3333 4267 3573 4342 priucipe
3609 4277 3688 4318 ca-

2936 4349 3065 4396 ruit.

1603 4413 1711 4468 947
1958 4411 1984 4464 1
2239 4411 2275 4465 2
2487 4409 2556 4463 18
2732 4409 2836 4465 564

1312 4489 1458 4560 1,24
1602 4483 1706 4538 948
1956 4481 1992 4534 2
2237 4481 2273 4535 5
2487 4479 2556 4534 19
2731 4481 2836 4534 565

1601 4552 1706 4608 919
1957 4552 1992 4605 δ
2237 4549 2274 4604 4
2484 4547 2556 4603 20
2731 4549 2838 4604 566

1601 4622 1707 4677 920
1954 4620 1990 4676 4
2239 4620 2275 4675 5
2485 4619 2549 4672 21
2729 4619 2834 4674 567

1598 4692 1698 4746 921
1953 4691 1990 4746 5
2239 4689 2274 4744 6
2484 4689 2556 4742 22
2733 4689 2836 4744 568

1315 4776 1410 4845 42
1416 4776 1457 4845 5
1600 4761 1704 4816 922
1953 4759 1988 4815 6
2241 4757 2276 4814 7
2483 4759 2555 4813 25
2729 4759 2835 4814 569

2146 4896 2450 4956 ASUTIUS
2492 4900 2649 4955 annis
2673 4915 2787 4956 vur.
3003 4897 3228 4952 Asutius
3286 4898 3356 4953 ad
3401 4897 3684 4952 Graecorum

2934 4966 3317 5037 imperatorem
3433 4969 3686 5038 profectus

558 5034 1044 5119 u‘supbus‘dissidii
1073 5051 1241 5094 causa
1596 5039 1702 5119 025
1952 5038 1985 5119 7
2229 5040 2261 5119 1
2323 5097 2326 5100 ,
2472 5039 2543 5119 24
2937 5034 3240 5119 honoribus
3268 5039 3336 5091 ab
3363 5034 3684 5119 eo'cumulaf

465 5106 739 5161 excitandi
782 5106 1015 5161 obtrusit
1060 5123 1241 5178 regem
1596 5109 1702 5164 924
1949 5108 1984 5163 8
2227 5109 2265 5162 2
2472 5109 2544 5163 25

465 5175 738 5230 Armeniis
770 5175 935 5230 alium
965 5177 1240 5242 Asutium,
1330 5239 1343 5245 Δ
1371 5242 1388 5245 _
1422 5242 1442 5245 _
1595 5179 1701 5234 925
1949 5177 1984 5232 9
2230 5179 2264 5232 5
2473 5179 2543 5232 26

1957 5108 1984 5163 Β
2227 5109 2265 5162 2
2472 5109 2544 5163 25
2723 5108 2821 5160 574
2935 5115 3021 5163 tus
3041 5116 3143 5168 cst.
3163 5109 3467 5179 dignusque
3491 5107 3686 5161 habitus

1957 5177 1984 5232 9
2230 5179 2264 5232 5
2473 5179 2543 5232 26
2721 5177 2826 5230 572
2934 5179 3026 5245 qui
3049 5179 3169 5245 jure
3201 5181 3342 5245 patri
3378 5194 3475 5234 suo
3503 5176 3685 5244 inclyte

465 5195 738 5230 Armenlls
770 5195 935 5230 auum
965 5195 1240 5242 Asuuum,
1949 5195 1984 5232 θ
2230 5195 2264 5232 ο
2473 5195 2543 5232 Συ

465 5246 558 5310 qui
608 5245 870 5327 patruelis
925 5254 1042 5301 erat
1099 5250 1242 5321 regis
1309 5239 1452 5313 426
1595 5249 1700 5303 926
1915 5247 1984 5302 10
2229 5249 2264 5301 4
2475 5249 2546 5301 27

465 5315 664 5372 Asutlt.
1596 5319 1698 5373 927
1915 5317 1977 5372 44
2228 5319 2262 5372 5
2473 5318 2544 5371 28

1957 5195 1984 5232 Η
2230 5195 2264 5232 ο
2473 5195 2543 5232 20
2721 5195 2826 5230 042
2934 5195 3026 5261 ψη
3049 5195 3169 5245 jure
3201 5195 3342 5258 ρελιτι
3378 5195 3475 5234 SUO
3503 5195 3685 5244 ιιιεψυ

1957 5248 1984 5372 2
2228 5249 2264 5372 ς
2473 5249 2546 5371 ξέ
2720 5246 2828 5372 si
2933 5247 3190 5373 2:52:23
3221 5263 3278 5301 ιη

649 5357 664 5370 .
1596 5333 1694 5373 921
1915 5333 1977 5372 11
2228 5333 2262 5372 5
2473 5333 2544 5371 26

1957 5333 1977 5372 ι
2228 5333 2262 5372 5
2473 5333 2544 5371 26
2723 5333 2828 5372 014
2933 5333 3168 5374 εεοετει.

686 5586 890 5670 Ξεημρθ
925 5589 1254 5670 Amirarum.
1492 5659 1550 5670 __
2216 5591 2326 5670 (67)
2367 5589 2725 5661 Abelgaripus
2764 5588 3119 5647 Havenunius
3143 5591 3255 5647 dux
3299 5593 3558 5649 exercitus
3592 5587 3692 5654 Ara,

535 5656 650 5725 (65)
687 5656 838 5712 Psal.’
866 5675 1104 5722 Lxxxvn,
1137 5659 1189 5724 6,
1229 5675 1455 5725 Lxxvm,
1486 5659 1574 5715 45.
2136 5656 2502 5716 zer'uniorum.

531 5729 647 5800 (66)
688 5728 743 5782 id
774 5736 856 5782 est
883 5728 1115 5784 Sembati
1144 5728 1410 5797 oppidum.
2210 5732 2320 5802 (68)
2361 5730 2503 5786 Idem
2533 5744 2732 5786 nomen
2762 5738 2926 5802 atque
2953 5733 3268 5788 Alexanaer.
