3810 6306
463 299 563 356 731
1469 303 1809 360 APPENDIX
1847 305 1940 359 AD
1977 304 2240 361 EUSEBII
2273 307 2688 364 CHRONICON.
3587 285 3682 376 r32

463 440 572 496 fuit
612 440 746 512 (91).
785 441 971 512 Neque
1008 442 1288 510 ingenium
1328 458 1576 501 moresve
1617 447 1790 517 patris
1831 447 1915 501 sui
1953 449 2242 505 aemulatus
2279 457 2402 518 est;
2444 451 2554 506 imo
2599 451 2734 506 adeo
2784 459 2890 506 tam
2939 457 3209 511 contraria
3259 459 3441 514 studia
3487 477 3598 531 pra
3633 478 3685 518 se

464 535 590 590 tulit
619 576 634 600 ,
692 545 749 591 ut
789 551 1016 606 prorsus
1055 536 1392 591 existimaret
1444 537 1580 591 nihil
1635 540 1878 609 iniquius
1901 579 1918 606 ,
1954 541 2088 596 nihil
2121 543 2244 614 paci
2279 550 2373 598 aut
2403 546 2626 600 omnino
2665 544 2916 602 humana:
2947 551 3071 605 vitae
3105 551 3486 610 adversantius
3527 555 3686 612 fuisse

467 646 631 715 quam
665 631 837 701 patris
888 633 970 687 sui
1029 630 1258 686 consilia
1295 641 1350 687 et
1389 633 1720 690 voluntates.
1763 633 1883 706 Ipse
1922 637 2090 708 igitur
2127 638 2265 696 bene
2304 641 2519 697 cunctis
2556 641 2867 712 dispositis,
2908 644 3195 714 prudentia
3227 646 3353 701 item
3386 661 3450 701 ac
3479 647 3685 703 fortitu-

467 726 596 784 dine
635 730 838 784 multos
876 743 1072 800 reges,
1127 734 1180 782 et
1223 731 1370 779 certe
1397 740 1620 790 omnes,
1671 727 1765 796 qui
1815 729 2304 786 utcmorianostra
2354 732 2721 797 exstiterunt,
2779 716 3136 803 praecellens,
3199 735 3335 790 nihil
3387 736 3682 806 impensius

470 826 753 896 satagebat
779 866 793 886 .
837 841 1000 896 quam
1039 833 1100 878 ut
1123 823 1429 893 justissime
1460 823 1666 878 viveret
1692 865 1706 891 ,
1746 825 2061 896 neminique
2090 827 2292 898 injuria
2326 837 2420 882 aut
2448 828 2703 899 superbia
2737 829 3004 885 molestus
3033 837 3198 884 esset.
3231 826 3372 893 Quin
3399 835 3455 882 et
3486 828 3688 882 liberali

470 921 639 974 animi
678 929 872 974 natura
914 919 1176 990 praeditus
1215 923 1334 973 erat
1360 957 1375 983 ,
1419 919 1640 988 altoque
1678 921 1880 976 mentis
1919 922 2153 977 consilio
2184 963 2199 989 ,
2241 930 2449 978 statura
2489 924 2724 994 denique
2760 924 3006 994 corporis
3045 940 3167 994 quae
3203 941 3382 996 regem
3421 923 3683 978 decebat:

473 1022 621 1069 tanta
657 1030 786 1070 vero
824 1013 1184 1069 mansuetudo
1224 1027 1543 1082 morumque
1583 1015 1828 1070 suavitas
1870 1016 1926 1070 in
1967 1033 2033 1072 eo
2072 1025 2228 1084 erat,
2261 1027 2321 1074 ut
2351 1019 2578 1075 mirifice
2606 1020 2941 1089 diligeretur.
2970 1017 3148 1087 Atque
3177 1029 3278 1085 ego
3307 1012 3527 1084 quidem
3555 1027 3683 1065 non—

469 1110 576 1164 nisi
615 1124 797 1180 regem
835 1109 1105 1178 ejusmodi
1143 1108 1397 1163 existimo
1450 1124 1573 1164 esse
1620 1109 1863 1192 divitem.
1906 1111 2006 1168 I-lic
2043 1113 2196 1168 brevi
2236 1125 2479 1185 tempore
2515 1122 2788 1170 terrarum
2837 1113 3024 1167 orbem
3069 1119 3280 1165 tantum
3328 1121 3440 1162 non
3485 1105 3686 1160 univer-

469 1223 590 1264 sum
630 1208 845 1279 subegit
879 1225 892 1262 :
933 1222 1066 1264 cum
1095 1205 1289 1273 reliqui
1328 1220 1481 1275 reges
1519 1207 1603 1260 vel
1644 1214 1766 1276 post
1805 1207 2075 1263 diutinum
2114 1217 2327 1281 tempus
2369 1211 2448 1266 vel
2493 1225 2772 1280 nunquam
2818 1215 2970 1262 tanto
3013 1203 3241 1274 imperio
3265 1199 3428 1271 petiri
3469 1199 3686 1253 soleant.

469 1299 576 1353 Sed
630 1299 679 1354 is
729 1300 991 1354 nimirum
1043 1298 1422 1354 benevolentia
1471 1300 1644 1370 magis
1693 1310 1748 1356 et
1795 1305 2053 1359 comitate
2100 1319 2261 1374 quam
2314 1306 2507 1361 bellica
2545 1305 2599 1360 vi
2637 1305 2909 1360 utebatur.
2964 1300 3083 1356 Jam
3126 1300 3172 1354 si
3216 1305 3326 1350 tam
3367 1294 3539 1348 multa
3589 1299 3688 1346 tam

471 1393 625 1449 brevi
663 1393 941 1459 obtinuit,
980 1393 1224 1466 profecto
1249 1437 1263 1460 ,
1307 1395 1386 1447 uti
1427 1394 1663 1449 arbitror
1687 1435 1702 1459 ,
1758 1394 2002 1451 futurum
2040 1405 2160 1452 erat
2186 1439 2201 1462 ,
2245 1406 2304 1452 ut
2345 1414 2411 1454 ne
2449 1398 2664 1470 Europa
2703 1397 2920 1468 quidem
2973 1410 3002 1448 a
3055 1389 3206 1461 regni
3245 1388 3366 1458 ejus
3409 1385 3606 1440 finibus
3642 1399 3692 1448 δε

471 1483 836 1549 subduceret,
877 1486 982 1542 nisi
1024 1487 1071 1542 is
1108 1490 1379 1546 maturius
1415 1492 1523 1545 vita
1564 1493 1914 1549 excessisset.
1949 1511 1971 1548 ι
2010 1493 2136 1550 Haec
2178 1494 2518 1551 Sarcavacus
2563 1496 2629 1551 de
2682 1494 2847 1564 hujus
2886 1492 2997 1547 vita
3049 1486 3258 1550 tradit,
3300 1480 3396 1553 qui
3435 1479 3594 1534 annis
3628 1492 3691 1531 ιι

471 1577 784 1636 dominatus
822 1589 926 1639 est.
969 1583 1093 1640 Mox
1131 1601 1232 1658 ego
1272 1602 1394 1658 quae
1430 1587 1498 1643 de
1537 1589 1786 1659 ejusdem
1825 1598 2002 1648 morte
2037 1591 2331 1664 praedictus
2368 1592 2573 1648 Auctor
2610 1597 2839 1657 narrat,
2889 1589 3200 1646 subtexam.

2857 1793 3682 1819 -Μ

1424 1931 1621 1976 οιῖΙΡ.
1693 1933 1910 1974 CHRISTI
1983 1933 2175 1977 CONST.
2285 1935 2448 1976 PATR.
2574 1935 2711 1974 ΑΞΒΙ

2573 2006 2702 2046 ΔΒΗ.

2019 2123 2122 2178 Μί-
2267 2120 2476 2193 Grego-

1987 2193 2143 2248 chael
2335 2208 2426 2249 ras

2266 2358 2398 2371 —-—
2406 2353 2478 2372 αι.
2549 2353 2760 2368 -—-———-

1977 2481 2284 2540 MICHAEL
2320 2481 2480 2537 annis
2516 2494 2633 2536 vm.

1707 2659 1846 2716 1075
2021 2618 2026 2625 ’
2059 2662 2086 2715 1
2337 2660 2372 2717 9
2584 2657 2688 2712 522

543 2839 698 2896 Anno
732 2853 855 2899 arae
892 2852 1046 2894 rxxu
1084 2838 1300 2908 vigente
1350 2837 1781 2895 Sarracenorum
1833 2838 2122 2912 tyrannide
2157 2837 2399 2894 Ausinus
2441 2836 2551 2910 (92)
2594 2837 2856 2906 princeps
2903 2833 3188 2904 digressus
3238 2841 3323 2887 est
3372 2829 3702 2885 haereditaria

471 2933 677 2990 ditione
715 2949 814 2990 sua
851 2933 940 2988 cui
979 2948 1177 2988 nomen
1228 2931 1461 2989 Maireaz
1498 2933 1702 2990 Ciurch
1725 2975 1741 3000 ,
1784 2943 1978 2990 contra
2021 2933 2330 3004 Ganzagam
2372 2935 2476 2989 sita
2500 2973 2515 2998 ,
2556 2930 2948 2987 comitantibus
2986 2927 3156 2983 fratre
3193 2926 3461 2997 Algamo,
3501 2935 3700 2983 matre.

473 3025 706 3096 conjuge
757 3025 989 3096 aliisque
1035 3040 1248 3082 summa
1297 3027 1587 3083 nobilitate
1639 3029 1815 3097 viris,
1858 3037 2048 3085 avecta
2105 3029 2269 3084 etiam
2322 3029 2470 3083 omni
2512 3026 2891 3098 supellectile:
2936 3025 3322 3096 ingressusque
3361 3021 3604 3075 Ciliciam
3630 3059 3644 3080 ,
3679 3033 3706 3070 e

476 3117 904 3175 Sarracenorum
945 3127 1215 3191 potestate
1254 3122 1359 3178 sibi
1398 3121 1696 3178 vindicavit
1743 3123 2160 3180 celeberrimam
2197 3121 2592 3194 Lampruniam
2643 3134 2823 3175 arcem
2849 3158 2864 3185 ,
2907 3118 2975 3173 ad
3025 3112 3196 3168 Tauri
3248 3111 3453 3166 montis
3505 3109 3706 3163 radices

474 3207 567 3263 ubi
605 3217 660 3264 et
695 3206 904 3265 Tarsus
942 3210 1279 3280 metropolis.

1712 3390 1850 3446 1076
2059 3391 2096 3445 2
2314 3390 2381 3445 10
2592 3385 2698 3442 525
2909 3381 3173 3436 Dominus
3205 3384 3216 3431 t

2314 3390 2381 3445 10
2592 3385 2698 3442 525
2909 3381 3173 3436 Dominus
3205 3380 3478 3452 Gregoras
3513 3394 3580 3432 on
3611 3394 3705 3432 cu-

1709 3463 1850 3516 1077
2059 3462 2096 3516 5
2311 3461 2374 3514 11
2590 3457 2696 3512 521
2839 3453 3066 3507 randam
3127 3451 3394 3506 librorum
3455 3451 3706 3518 interpre-

1457 3515 1600 3582 464
1711 3515 1852 3588 1073
2062 3515 2099 3585 4
2311 3529 2382 3584 12
2591 3526 2700 3584 525
2843 3524 3105 3645 tationtem
3179 3515 3705 3589 Constantinopolim

2851 3609 2998 3666 pergi
3031 3631 3045 3646 .

545 3758 706 3814 Anno
743 3772 864 3813 aera;
900 3773 1042 3815 nxxv
1079 3758 1352 3834 Gaghicus
1388 3770 1485 3810 rex
1521 3753 1756 3812 Tarsum
1797 3756 1864 3811 ad
1903 3750 2287 3826 Apelgaripum
2325 3749 2704 3806 Armeniorum
2758 3749 3061 3821 principem
3104 3748 3206 3805 sibi
3251 3749 3707 3820 consanguineum

478 3863 538 3905 se
574 3849 808 3904 contulit
839 3868 851 3904 :
895 3864 1019 3906 cum
1059 3868 1190 3908 vero
1227 3853 1419 3925 pedem
1461 3850 1590 3906 inde
1627 3850 1856 3906 referret
1893 3865 1924 3904 a
1963 3848 2274 3904 Graecorum
2315 3847 2653 3918 principibus
2680 3859 2847 3917 prope
2875 3843 3092 3912 Argiam
3123 3843 3176 3895 vi
3211 3842 3488 3911 appetitus
3529 3843 3710 3908 laqueo

476 3944 644 3999 vitam
684 3944 878 4002 finivit.
923 3947 1029 4002 Alii
1067 3955 1246 4004 tamen
1287 3951 1478 4012 aiunt,
1517 3947 1665 4003 hunc
1697 3947 1972 4003 venationi
2014 3945 2258 4002 deditum
2297 3949 2352 3995 et
2389 3940 2530 3996 forte
2577 3938 2936 3992 dormientem
2987 3949 3016 3986 a
3064 3932 3425 3986 Mandalianis
3468 3930 3575 4000 (95)
3623 3942 3710 3978 (ιιι

477 4050 629 4113 ptum
667 4058 828 4110 esse;
871 4045 996 4100 exin
1037 4052 1260 4099 auctum
1301 4044 1355 4096 in
1396 4058 1574 4098 arcem
1629 4042 2086 4098 Candruscoriam
2133 4039 2317 4109 ibique
2364 4035 2731 4091 interfectum.
2784 4031 2861 4084 Eo
2922 4038 3133 4085 terrore
3183 4026 3480 4082 exanimati
3524 4021 3704 4091 reliqui

475 4140 746 4211 principes
783 4141 1163 4196 Armeniorum
1201 4141 1325 4212 fuga
1365 4141 1561 4210 dilapsr
1600 4147 1752 4195 sunt.
1793 4139 1870 4194 Ex
1905 4141 2100 4194 horum
2146 4148 2328 4191 tamen
2369 4145 2600 4212 numero
2637 4129 2892 4202 princeps
2932 4125 3156 4194 quidam
3204 4123 3437 4193 Gaghici
3487 4133 3708 4175 consan-

477 4233 704 4304 ευίηευε
730 4271 744 4296 9
799 4233 1019 4288 nomine
1071 4231 1330 4289 Rubenus
1383 4233 1495 4304 (94)
1521 4273 1536 4298 ,
1592 4235 1684 4304 qui
1735 4232 2084 4288 Causilarum
2113 4245 2315 4284 .arcem
2369 4208 2624 4291 tenebat,
2663 4227 2878 4295 cognita
2921 4219 3149 4290 Gaghici
3189 4233 3324 4272 nece
3350 4257 3365 4280 ,
3409 4231 3530 4271 cum
3567 4212 3707 4268 omni

475 4324 638 4379 domo
673 4339 772 4380 sua
811 4323 867 4378 in
904 4323 1151 4396 Phrygia:
1181 4333 1362 4393 partes
1396 4325 1691 4395 migravit,
1733 4323 2101 4394 oppidumque
2139 4319 2503 4376 Colmesolum
2543 4317 2761 4371 insedit.
2821 4313 2920 4368 His
2970 4313 3112 4368 forte
3149 4313 3205 4366 in
3246 4311 3524 4366 montibus
3561 4323 3707 4361 com-

477 4422 662 4486 plures
700 4415 969 4486 degebant
1007 4415 1344 4471 Armeniaca:
1380 4416 1557 4485 gentis
1599 4415 1820 4479 coloni,
1861 4414 2062 4485 quibus
2086 4414 2187 4468 sibi
2216 4411 2512 4482 praeclarus
2548 4407 2866 4477 Rhupenius
2897 4403 3172 4474 adjunctis
3202 4409 3255 4460 et
3279 4403 3418 4459 satis
3455 4399 3709 4456 corrobo-

477 4519 628 4569 ratus
666 4517 984 4567 montanam
1023 4525 1296 4582 regionem
1335 4512 1504 4567 armis
1538 4513 1754 4576 tenuit,
1797 4511 2084 4582 putsisque
2123 4509 2329 4564 Graecis
2355 4548 2370 4574 ,
2414 4520 2604 4563 eorum
2642 4502 2838 4574 oppida
2874 4496 3122 4556 incoluit.
3203 4547 3207 4552 .

1705 4687 1846 4742 1079
2059 4688 2096 4742 5
2307 4685 2376 4739 15
2589 4680 2696 4735 526

1704 4759 1845 4811 1080
2057 4756 2091 4811 6
2306 4754 2375 4808 14
2587 4751 2692 4806 527

1709 4828 1840 4881 1081
2061 4827 2093 4879 7
2303 4824 2372 4877 is
2587 4820 2692 4874 593

1461 4880 1604 4949 465
1709 4898 1848 4953 4082
2060 4897 2094 4951 8
2304 4892 2373 4948 te
2584 4888 2692 4944 529

551 5080 822 5150 Georgius
856 5085 910 5150 et
941 5077 1252 5148 Stephanus
1280 5078 1380 5134 do-
2010 5073 2314 5134 ALEXIUS
2354 5074 2513 5130 annis
2550 5083 2783 5128 xxxvm.

483 5163 666 5209 ctores
706 5149 937 5219 scriptis
983 5151 1260 5220 rebusque
1285 5164 1381 5220 ge-

483 5205 586 5279 stis
609 5205 944 5276 clarescunt.
1168 5205 1188 5220 ⁸
1285 5205 1315 5220 ν
1719 5210 1858 5270 1085
2068 5213 2094 5266 1
2318 5208 2387 5265 17
2597 5205 2704 5262 550

558 5463 883 5538 (9l)_Melich
910 5465 1136 5538 Arabice
1163 5487 1276 5535 rex,
1309 5471 1489 5527 schiah
1519 5469 1738 5526 Persice
1769 5469 1896 5525 item
1926 5484 2046 5523 rex.
2227 5465 2340 5537 (95)
2379 5463 2654 5538 Μειηάθιθε
2683 5468 2800 5538 erat
2809 5459 3035 5538 graecus
3069 5456 3291 5538 quidam
3325 5455 3708 5538 paterfamilias

485 5527 995 5612 Ilinpqufcavacus
1024 5535 1160 5612 facit
1181 5527 1275 5595 res
1305 5560 1502 5612 regum.
1651 5610 1659 5612 Α
1889 5608 1930 5612 _
2035 5609 2044 5612 _
2153 5527 2259 5612 aut
2277 5527 2597 5612 praefectus,
2621 5532 2778 5612 cujus
2803 5531 2896 5612 filii
2923 5537 3014 5586 aut
3039 5527 3301 5585 satellites
3327 5527 3438 5584 dici
3460 5527 3706 5584 videntur

561 5604 674 5685 £92)
717 5601 815 5657 Hic
851 5603 1091 5685 Allﬁiltus
1117 5608 1337 5685 Nersem
1360 5601 2051 5685 LamprunienseiqTarsi
2159 5620 2188 5659 a
2227 5601 2866 5685 ξςείεῃυειθιΙιΙαηάιᾳίαηὶτ

492 5669 813 5743 ενίεθόοιιω
844 5675 1168 5748 scriptisque
1197 5683 1450 5750 plurimis
1481 5669 1686 5737 clarum
1718 5679 1924 5752 genuit.
2238 5675 2347 5745 (94)
2392 5674 2651 5731 [iubentis
2683 5670 2949 5744 dynastis
2971 5669 3402 5728 Rubeniensium
3435 5675 3646 5725 auctor.
