3810 6330
125 310 210 367 735
297 350 302 352 ν
834 315 1178 372 SAMUELIS
1207 307 1527 374 ANIENSIS
1566 317 1903 375 SUMMARII
1935 319 2316 377 TEMPORUM
2350 321 2528 378 PARS
2565 324 2631 380 ll.
3228 331 3333 390 73‘

122 472 1475 499 _—_—————_———

1480 482 3302 508 Ἦ

1099 594 1290 633 οιῑηιι.
1367 593 1578 633 CBBlSTl
1651 593 1841 634 CONST.
1951 594 2109 634 PATR.
2219 594 2352 632 ΕΒΔΞ

2207 665 2336 704 ΔΒΗ.

1599 803 1826 860 Alexius
1897 803 2131 862 Basilius

1068 971 2388 989 -—-—_-.-_—-—n-—__—n————

1848 1124 2164 1180 BASlLlUS
2201 1127 2360 1184 annis
2429 1196 2463 1202 _
2501 1124 2784 1202 Exstincto
2837 1129 3057 1186 domino
3084 1131 3322 1202 Gregora

2025 1212 2199 1256 xxx".
2429 1196 2763 1254 Pahlavunio
2786 1203 3049 1256 successit
3070 1196 3323 1260 dominus

2421 1267 2652 1325 Basilius
2705 1272 2911 1325 sororis
2961 1272 3079 1338 ejus
3135 1271 3320 1335 ﬁlius,

1363 1335 1503 1408 1081
1715 1335 1751 1408 ἓ
1964 1336 1989 1408 1
2208 1336 2303 1408 531
2419 1355 2578 1408 quem
2670 1347 2828 1394 antea

1964 1336 1989 1408 1
2208 1336 2303 1408 531
2419 1355 2578 1408 quem
2670 1347 2828 1394 antea
2907 1335 3325 1396 consecraverat

1363 1406 1504 1480 ωδε
1715 1406 1749 1480 ξ
1959 1405 1995 1480 ἓ
2207 1407 2312 1480 sas
2418 1405 2672 1480 dominus
2700 1411 2867 1480 ipset

1959 1405 1995 1480 g
2207 1407 2312 1480 sse
2418 1405 2672 1480 dominus
2700 1411 2814 1480 ipse
2854 1409 3149 1480 Gregorius
3191 1412 3320 1465 dum

1116 1483 1256 1548 466
1364 1476 1502 1551 Ψδρ
1714 1476 1748 1551 1
1961 1477 1995 1551 ᾇ
2207 1476 2310 1551 sas
2417 1479 2620 1551 ξιειιίηε

1961 1477 1995 1551 5
2417 1479 2587 1551 iterin
2613 1476 2827 1551 exteras
2853 1476 3037 1551 plagas
3060 1481 3320 1534 librorum

1715 1545 1749 1620 ξ
2418 1544 2866 1618 interpretandori

1958 1547 1992 1620 ᾖ
2418 1544 3317 1620 ἰηιθτρτειειιιάονίι111⁷³110Γοιιιίιυθ

1713 1614 1750 1697 εξ
2424 1614 2759 1689 negotiorum
2802 1634 2968 1674 causa
3001 1614 3236 1690 pararet.

1102 1717 1241 1782 467
1364 1684 1498 1758 1189
1718 1685 1750 1738 7
1961 1686 1994 1738 6
2206 1685 2312 1738 556

1362 1753 1500 1809 1090
1713 1754 1747 1808 8
1964 1755 1995 1807 7
2205 1755 2312 1810 537

181 1825 440 1880 llorrenda
483 1824 671 1879 fames
725 1824 998 1892 regionem
1360 1825 1494 1877 1091

807 1824 998 1886 :ionem
1360 1825 1494 1877 1091
1713 1825 1747 1878 9
1959 1825 1994 1879 8
2206 1825 2311 1879 558

114 1906 334 1950 nostram
373 1896 649 1954 vastavit.
696 1910 818 1948 cum
852 1895 1000 1949 vide—
1361 1894 1499 1948 1092
1679 1894 1748 1948 10
1958 1894 1991 1948 9
2208 1894 2313 1949 559

112 1965 220 2020 l’u-et
256 1967 552 2020 sceleribus
583 1965 788 2021 nostris
809 1979 1000 2020 cumu-
1109 1963 1248 2031 468
1359 1963 1499 2018 1095
1678 1965 1739 2018 11
1925 1966 1994 2019 10
2204 1965 2310 2019 510
2486 1965 2598 2022 Hoc
2626 1983 2770 2022 anno
2797 1966 3160 2024 Melichsabus
3203 1965 3334 2030 Sul—

112 2036 182 2090 lus
207 2048 339 2092 esset
367 2035 684 2106 impositus.
1357 2035 1498 2089 1094
1676 2033 1744 2089 12
1923 2035 1983 2089 11
2205 2034 2303 2090 541
2416 2044 2577 2094 tanus
2606 2039 2763 2093 obiit.

165 2238 263 2306 Age
304 2251 434 2291 vero
475 2234 738 2306 quoniam
788 2241 1052 2304 regnante
1099 2232 1430 2288 Melichsaho
1480 2248 1614 2303 pace
1663 2233 1823 2290 orbis
1872 2235 2164 2291 universus
2214 2236 2626 2307 praesertimque
2673 2236 2934 2291 Armenia
2983 2236 3157 2306 potita
3205 2242 3327 2302 est,

108 2331 177 2382 cui
214 2329 422 2399 quidem
464 2327 780 2398 superiores
819 2327 1038 2398 tyranni
1078 2327 1336 2396 poculum
1373 2326 1596 2382 exitiale
1634 2327 1824 2380 tandiu
1864 2308 2332 2398 pr0pinaverant;
2374 2329 2523 2384 lubet
2561 2331 2729 2384 verba
2767 2330 3078 2385 laudatoria
3129 2329 3328 2401 praedi-

107 2419 163 2470 cti
197 2419 372 2472 eximii
411 2419 661 2474 doctoris
702 2417 977 2472 ascribere
1002 2457 1017 2482 ,
1058 2417 1151 2486 qui
1192 2415 1484 2470 admodum
1523 2417 1857 2471 elaboratam
1897 2419 2276 2488 prolixamque
2313 2421 2616 2474 orationem
2658 2435 2853 2475 rursus
2892 2420 3122 2484 scribit,
3177 2425 3330 2490 post-

105 2528 239 2579 quam
277 2512 485 2566 scilicet
518 2525 608 2565 res
645 2509 875 2564 viventis
913 2510 1145 2564 absolvit
1185 2510 1264 2564 sic
1299 2509 1542 2580 ejusdem
1577 2509 1786 2563 obitum
1828 2526 2081 2566 narrans.
2116 2529 2134 2561 ι
2162 2509 2319 2565 Anno
2355 2526 2476 2565 rem
2511 2526 2637 2564 oxu
2681 2526 2971 2580 supremus
3006 2510 3324 2566 Melichsabi

107 2602 360 2658 Persarum
402 2606 552 2674 regis
601 2603 926 2659 administer
974 2605 1195 2659 occisus
1240 2614 1364 2668 est,
1419 2605 1579 2674 cujus
1625 2619 1825 2659 nomen
1874 2604 2126 2660 llasanus
2155 2645 2168 2669 ,
2223 2605 2516 2675 dignitatis
2566 2615 2744 2660 autem
2795 2606 2988 2661 titulus
3031 2607 3326 2663 Vezrucius

106 2698 299 2769 tgbogia.
343 2699 489 2769 Octo;
523 2706 706 2752 autem
745 2707 800 2753 et
836 2698 1026 2768 viginti
1067 2705 1190 2768 post
1228 2697 1345 2752 dies
1386 2697 1501 2767 ipse
1540 2712 1757 2767 quoque
1812 2697 2176 2752 Melichsahus
2224 2698 2433 2752 interiit
2487 2713 2697 2753 veneno
2725 2737 2739 2760 ,
2792 2703 2851 2750 ut
2900 2697 3044 2749 fama
3091 2704 3176 2751 est
3199 2682 3326 2763 ,'ab

105 2802 246 2844 uxore
281 2797 578 2859 corruptus
609 2807 622 2842 :
666 2789 750 2842 vir
787 2789 840 2843 in
877 2804 1068 2844 omnes
1105 2788 1401 2844 benevolus
1441 2797 1604 2858 atquc
1642 2789 1966 2844 mitissimus
1991 2828 2005 2852 ,
2039 2790 2094 2842 in
2137 2788 2482 2844 Christianos
2530 2799 2709 2842 autem
2741 2802 2910 2858 prope
2950 2787 3323 2856 singulariter.

106 2877 248 2949 Hujus
283 2883 492 2938 obitum
533 2882 873 2938 incredibilis
912 2883 1153 2937 omnium
1193 2884 1436 2954 gentium
1477 2884 1816 2953 perturbatio
1855 2891 2153 2939 consecuta
2205 2892 2290 2939 est
2330 2900 2427 2955 per
2465 2883 2913 2955 quadriennium.
2949 2881 3085 2935 Nam
3117 2889 3170 2936 et
3209 2880 3324 2935 fra-

105 2983 169 3027 ter
202 2975 460 3034 Dedusius
499 2984 555 3033 et
594 2979 739 3034 ﬁlius
778 2977 1184 3034 Bechiarucbus
1226 2980 1311 3034 bis
1352 2978 1511 3034 annis
1549 2980 1690 3035 bella
1722 2981 1930 3037 cientes
1961 2996 2125 3036 omne
2161 2995 2333 3051 genus
2364 2981 2768 3035 institutionum
2798 2979 3063 3033 bonarum
3096 2977 3323 3032 subver-

106 3077 291 3136 tcrunt,
329 3071 457 3127 dum
499 3081 696 3128 neuter
731 3088 900 3144 regno
940 3074 1168 3128 ﬁrmiter
1206 3074 1494 3144 potiretur.
1555 3075 1794 3146 Sanguis
1836 3077 2057 3132 interim
2099 3076 2424 3131 torrentium
2477 3075 2656 3130 instar
2709 3075 2962 3129 manabat
3000 3089 3111 3128 non
3149 3073 3324 3127 solum

105 3156 246 3215 Marte
279 3165 610 3218 certantium
637 3205 653 3229 ,
696 3180 884 3220 verum
924 3167 1089 3220 etiam
1129 3168 1309 3223 omnis
1349 3168 1558 3224 ordinis
1598 3169 1798 3224 civium
1838 3178 1894 3226 et
1931 3169 2390 3241 provincialium:
2434 3179 2630 3238 praeter
2668 3169 2804 3224 alias
2855 3182 3126 3223 aerumnas
3165 3164 3326 3220 famis

106 3260 239 3320 atque
273 3256 679 3325 captivitatum.
721 3253 814 3311 Sic
852 3256 1110 3310 nimirum
1148 3256 1382 3312 felicitas
1419 3272 1544 3311 cum
1587 3258 1698 3312 vita
1736 3259 1882 3330 regis
1919 3260 2077 3328 pulsa
2116 3266 2242 3314 est:
2286 3257 2354 3311 ad
2395 3272 2558 3328 quem
2597 3257 2816 3325 quidem
2874 3271 3127 3311 curarum
3167 3269 3326 3324 rega-

105 3344 211 3400 lium
244 3349 391 3405 labor
429 3351 817 3421 pertinuerat;
860 3350 929 3404 ad
966 3351 1104 3406 alios
1141 3367 1273 3407 vero
1313 3351 1430 3406 sive
1467 3352 1760 3420 optimates
1805 3355 1920 3408 sive
1956 3353 2199 3424 plebeios
2241 3352 2452 3408 fructus
2506 3368 2696 3407 earum
2733 3360 2786 3407 et
2831 3351 3188 3407 commoditas
3235 3365 3324 3406 re-

109 3440 453 3511 dundaverat,
492 3442 622 3498 vitae
658 3457 852 3513 nempe
889 3445 1199 3513 securitas,
1239 3460 1424 3500 rerum
1466 3445 1689 3500 ubertas
1744 3446 2125 3516 malorumque
2177 3445 2450 3516 depulsio.
2506 3444 2559 3500 ls
2615 3444 2752 3500 adeo
2805 3453 3019 3516 gentem
3073 3451 3320 3500 nostram

109 3527 304 3596 dilexit,
342 3540 403 3586 ut
441 3545 640 3602 preces
675 3538 994 3601 exposceret
1033 3546 1096 3586 ac
1135 3532 1593 3588 benedictiones:
1635 3532 1798 3604 cujus
1831 3535 1911 3590 rei
1945 3549 2115 3591 causa
2154 3534 2523 3606 patriarcbam
2557 3549 2774 3605 quoque
2803 3535 2869 3589 ad
2913 3535 3093 3589 aulam
3131 3549 3321 3590 accer-

108 3621 228 3676 sivit.
264 3623 438 3695 Atque
479 3623 690 3678 utinam
724 3621 791 3676 ad
829 3621 1137 3678 Christiana
1172 3638 1329 3678 sacra
1361 3640 1651 3695 moresque
1678 3627 2002 3684 transisset!
2035 3647 2054 3681 ›
2083 3627 2299 3701 imperii
2330 3627 2452 3696 ejus
2483 3627 2641 3684 sedes
2672 3627 2962 3699 Aspabana
3001 3627 3107 3682 fuit
3132 3669 3148 3698 ,
3189 3643 3313 3698 qua:

107 3715 387 3784 metropolis
425 3713 722 3770 Persarum
759 3721 880 3780 est,
924 3712 1237 3784 ibidemque
1273 3712 1443 3768 vitam
1483 3713 1776 3770 conclusit.

1319 3949 1458 4006 1095
1635 3953 1707 4010 15
1883 3955 1954 4008 12
2166 3957 2272 4011 512

1320 4021 1458 4076 1096
1635 4024 1704 4078 14
1881 4025 1952 4080 15
2163 4027 2270 4082 545
2468 4025 2784 4083 Revolvitur

1881 4025 1952 4080 15
2163 4027 2270 4082 545
2468 4025 2784 4083 Revolvitur
2833 4029 3018 4100 cyclus
3057 4029 3321 4100 quingen-

2397 4106 2574 4168 torum
2603 4114 2868 4153 annorum
2900 4099 3032 4168 (95).

160 4162 542 4220 Constantinus
572 4163 825 4234 princeps
865 4180 968 4219 no-
1327 4162 1467 4234 1097
1641 4164 1711 4220 15
1890 4163 1957 4234 14
2165 4165 2273 4220 541
2450 4167 2719 4222 Dedusius
2754 4162 3002 4222 Damasci
3027 4206 3042 4229 ,
3074 4166 3321 4221 Palaesti-

106 4234 442 4307 ster,>llubeni
469 4233 616 4290 ﬁlius
637 4275 650 4299 ,
682 4235 851 4290 eﬁ'usa
882 4237 976 4289 bu—
1076 4235 1222 4307 469
1327 4233 1465 4307 1005

1891 4233 1962 4307 15
2175 4235 2280 4307 515
2387 4251 2503 4299 nae,
2537 4237 2888 4306 ﬁnitimasque
2919 4238 3158 4305 regionis
3191 4251 3315 4291 rex.

105 4305 333 4361 manitate
383 4306 691 4360 Romanam
755 4313 970 4374 gentem
1101 4301 1113 4303 “
1137 4301 1160 4306 ⁷
1183 4301 1209 4307 ⁷
1325 4301 1464 4356 1099
1641 4305 1710 4358 17
1896 4302 1965 4358 16
2177 4303 2280 4359 516
2388 4307 2579 4374 praelio
2607 4301 2940 4359 interimitur
2959 4301 3258 4374 Aspabanaa
3287 4321 3318 4358 a

105 4385 393 4438 prosecutus
421 4417 437 4442 ,
486 4377 694 4432 honore
726 4376 970 4431 vicissim
2377 4374 2750 4429 Bechiarucho
2779 4391 2921 4429 anno
2948 4389 3069 4429 atrae
3098 4390 3280 4428 nxuv.

106 4456 299 4503 ornatus
329 4454 432 4503 εει.

159 4644 368 4705 Romani
405 4665 506 4722 per
542 4650 832 4706 Thraciam
870 4653 925 4707 in
963 4651 1149 4709 Asiam
1187 4651 1607 4716 transmittunt,
1651 4657 1712 4705 ut
1755 4649 2084 4720 Scytharum
2111 4688 2126 4715 ,
2169 4647 2460 4706 Persarum
2498 4655 2662 4720 atque
2698 4647 3094 4703 Saracenorum
3126 4645 3317 4700 adver—

103 4757 180 4799 sus
209 4744 540 4824 Qhristianos
570 4747 800 4818 injurias
829 4749 1001 4802 ultum
1029 4755 1175 4803 eant.
1205 4746 1465 4802 Plurimis
1495 4755 1675 4801 autem
1701 4746 2064 4802 incommodis
2109 4745 2416 4801 aliiciuntur
2459 4762 2490 4800 a
2527 4745 2639 4801 ﬁlio
2693 4744 2907 4799 Satanae
2945 4742 3132 4797 Alexio
3169 4739 3318 4795 lira:-

103 4851 262 4893 corum
298 4841 354 4896 in
385 4842 523 4898 urbe
553 4840 1152 4913 Constantinopolitana
1173 4858 1318 4913 rege.
1351 4840 1450 4896 llic
1488 4840 1687 4910 partim
1715 4841 1954 4907 arcanis,
1988 4842 2188 4911 partim
2216 4842 2525 4898 manifestis
2557 4840 2773 4897 insndiis
2796 4880 2811 4906 ,
2840 4839 3124 4894 mortifero
3153 4839 3318 4892 etiam

102 4932 200 4988 cibo
231 4939 622 5007 grassabatur:
667 4946 781 4992 tum
822 4938 991 4994 iidem
1033 4939 1172 4992 mari
1211 4953 1551 5006 suorumque
1591 4936 1813 4992 ducatui
1863 4937 2103 5007 pessimo
2160 4939 2395 4994 artiﬁcio
2431 4938 2716 4994 commissi
2755 4934 3101 5006 signiﬁcabat
3139 4943 3318 4989 astute

103 5021 316 5085 barbaris
344 5045 450 5100 qua
480 5029 695 5084 ratione
724 5038 1065 5099 caperentur.
1094 5027 1220 5083 Haec
1247 5027 1510 5083 Dominus
1553 5027 1849 5097 aliquando
1881 5028 2179 5083 ulciscatur
2204 5030 2216 5082 !
2252 5029 2520 5100 siquidem
2559 5029 2649 5083 hic
2678 5029 2841 5082 homo
2869 5027 3107 5096 itemque
3145 5035 3321 5081 mater

103 5118 200 5187 eius
224 5164 239 5190 ,
276 5128 351 5181 uti
391 5142 459 5182 ex
503 5125 695 5181 multis
737 5125 1068 5190 audivimus,
1109 5123 1426 5179 Christiano
1459 5123 1569 5177 ritu
1603 5124 1764 5178 alieni
1799 5132 1973 5178 erant.
2011 5121 2066 5176 ld
2101 5123 2266 5177 etiam
2297 5124 2637 5180 Sarcavacus
2683 5124 2876 5178 doctor
2906 5128 3317 5174 commemorat.

158 5319 366 5384 Romani
408 5329 789 5400 Hierosolyma
825 5333 878 5387 vi
919 5332 1209 5389 Saracenis
1255 5335 1496 5404 eripiunt
1553 5334 1709 5390 caesis
1755 5332 1994 5387 hostium
2029 5334 2310 5404 sexaginta
2351 5335 2590 5404 quinque
2628 5333 2869 5388 millibus
2917 5333 2971 5386 in
3012 5333 3233 5403 templo,
3267 5341 3321 5387 et

105 5410 320 5480 pluribus
341 5421 522 5477 adhuc
561 5423 618 5477 in
656 5423 809 5480 urbe.
842 5423 1103 5482 Dominus
1143 5425 1451 5480 Vabramus
1488 5428 1801 5484 versabatur
1835 5422 2227 5496 Hierosolymis
2259 5426 2386 5480 dum
2420 5428 2552 5481 urbs
2585 5426 2899 5496 capiebatur
2925 5423 3056 5495 (96).

295 5637 490 5716 ﬁecole
517 5640 586 5696 ad
618 5656 707 5716 an.
741 5643 809 5697 10
836 5659 957 5699 τετε
984 5647 1131 5700 Arm.
1279 5714 1288 5716 _
1368 5715 1372 5716 ί
1409 5715 1417 5716 ί
1751 5647 1969 5716 ricopc.
1995 5644 2146 5700 Latet
2181 5655 2359 5700 autem
2401 5648 2454 5700 in
2485 5647 2672 5702 eadem
2710 5645 2998 5712 mendum;
3034 5659 3156 5698 nam
3183 5643 3316 5699 Gre-

161 5705 260 5779 (96)
296 5709 648 5770 Desideratur
677 5713 732 5769 in
762 5716 1058 5772 vetustiore
1084 5714 1378 5786 exemplari
1407 5715 1520 5771 haec
1544 5731 1636 5788 pe-
1743 5705 1903 5788 gora's
1938 5715 2239 5774 Vahramus
2279 5725 2402 5774 ante
2434 5731 2608 5772 annos
2637 5733 2723 5773 xv:
2755 5718 2862 5772 vita
2885 5705 3218 5775 excesserat.
