3810 6302
103 335 176 386 737
776 319 1117 380 SAMUELIS
1147 319 1464 376 ANIENSIS
1497 318 1839 376 SUMMARII
1873 317 2260 380 TEMPORUM
2288 318 2466 374 PARS
2503 321 2568 374 11.
3215 325 3320 382 758

1041 577 1230 616 omne.
1309 575 1525 616 caatsrt
1605 573 1797 616 consr.
1879 561 2060 632 (pars.
2203 575 2340 615 alia

2196 645 2326 685 ΔΒΕ.

1626 699 1779 782 palo-
1885 697 2094 778 Grego-

1621 785 1782 841 joan-
1931 785 2052 824 rtus

1661 855 1764 895 nes

1025 961 2359 980 —*—C__*

1671 1048 2160 1108 CALOJOANNES
2183 1052 2261 1124 (1)
2291 1051 2436 1107 haud
2467 1051 2660 1124 paucis
2697 1051 2856 1109 annis
2883 1051 3148 1125 regnavit.

1363 1217 1494 1274 1121
1719 1216 1747 1287 1
1997 1215 2033 1287 6
2213 1216 2318 1272 568
2395 1284 2424 1287 η
2460 1213 2973 1287 Ειειίηειοᾼιθιίο
3023 1180 3215 1287 regnat
3254 1213 3320 1269 li-

163 1287 400 1343 Praalium
426 1295 593 1370 atrox
623 1285 1001 1370 Ca_rn1iroviti-
1073 1291 1212 1361 475
1713 1285 1752 1370 2
2000 1286 2034 1370 '1
2391 1284 2502 1370 Iiu‘s
2532 1287 2653 1354 ejus
2684 1286 3067 1370 Calojoannes.

105 1375 224 1421 cum,
257 1375 362 1429 quo
412 1359 598 1412 victus
630 1365 713 1412 est
759 1356 998 1411 Franco-
1097 1352 1110 1360 ’
1136 1352 1149 1360 ’
1173 1352 1206 1361 ⁷
1361 1358 1503 1412 1125

106 1440 275 1506 rumet
309 1430 695 1506 Armeniorum
728 1429 999 1506 exercitus

1999 1355 2036 1411 8
2214 1357 2320 1411 570
2463 1352 2744 1411 Iberorum
2784 1352 2880 1411 rex
2912 1353 3082 1408 David
3127 1352 3322 1408 Elcha-

2214 1427 2317 1506 521
2392 1426 2534 1506 ziu_m
2557 1426 2925 1506 e_t_Melcli_ium
2952 1425 3106 1481 clade
3137 1425 3321 1506 allicit.

107 1499 264 1570 fraude
292 1514 608 1570 procerum.
639 1497 795 1552 Tunc
818 1507 872 1570 et
901 1496 1004 1551 Ro-
1360 1497 1502 1570 1125
1721 1494 1756 1570 ξ
1967 1497 2037 1570 If)
2215 1496 2321 1570 5ῖὲ
2465 1495 2637 1553 David
2666 1512 2764 1554 rex
2790 1495 3051 1551 Tellisum
3083 1496 3250 1566 capit.

105 1569 255 1641 geritis
292 1563 633 1641 -Antiocltiae
678 1569 1002 1641 ﬁrmemus
1074 1572 1216 1641 416
1362 1566 1500 1622 1126

816 1569 1002 1623 :fectus
1074 1572 1216 1641 [ηδ
1362 1566 1500 1622 1126
1717 1563 1752 1618 6
1966 1567 2030 1622 11
2215 1567 2320 1623 575

105 1639 246 1693 multo
284 1655 409 1694 cum
449 1640 624 1694 milite
659 1637 1004 1694 desideratus

105 1717 189 1762 ea.

164 1889 550 1956 lncursionum,
600 1890 938 1960 rapinarum,
971 1887 1262 1943 exitiorum
1306 1894 1360 1943 et
1404 1885 1663 1951 cladium,
1704 1887 1906 1958 quibus
1947 1887 2086 1942 lberi
2117 1887 2365 1942 certatim
2406 1885 2776 1956 Saracenique
2815 1885 3151 1956 provinciam
3177 1886 3328 1940 Aniae

104 1981 358 2046 vexabant,
391 1982 610 2051 perttesi
640 1981 876 2052 denique
903 1979 1054 2033 Anize
1077 1979 1230 2034 urbis
1256 1978 1593 2049 Siraciaeque
1632 1979 1874 2050 regionis
1903 1980 2119 2045 incolae,
2146 1986 2206 2034 ut
2240 1979 2381 2033 hanc
2415 1993 2445 2032 a
2479 1995 2538 2035 se
2561 1978 2855 2049 procellam
2879 1977 3231 2047 depellerent,
3261 1976 3329 2031 ad

106 2059 293 2127 Davidis
324 2070 609 2125 Iberorum
651 2071 795 2138 regis
843 2069 1155 2124 clientelam
1187 2067 1484 2139 confugere
1527 2068 1909 2125 decreverunt.
1964 2068 2132 2139 Igitur
2163 2069 2511 2138 conjuratum
2557 2077 2642 2124 est
2675 2068 2936 2123 adversus
2966 2068 3330 2138 Apelsuarum

106 2164 327 2228 amiram,
362 2161 632 2218 Manuciei
671 2162 860 2227 tilium,
895 2163 988 2232 qni
1026 2163 1299 2218 exstincto
1326 2160 1465 2231 patri
1497 2161 1550 2214 in
1585 2159 1739 2214 Aniae
1776 2160 2118 2216 dominatum
2153 2169 2538 2228 successerat;
2584 2159 2752 2214 David
2787 2167 2967 2216 autem
3009 2175 3102 2214 rex
3142 2170 3332 2230 paten-

106 2256 222 2311 tibus
267 2257 439 2326 portis
484 2256 542 2310 in
582 2256 773 2311 urbem
808 2264 1098 2326 receptus:
1137 2272 1245 2327 quo
1294 2256 1373 2311 sic
1401 2263 1622 2325 repente
1663 2255 2019 2326 introgresso,
2073 2271 2235 2310 nemo
2276 2256 2402 2310 vitae
2453 2256 2839 2312 detrimentum
2887 2271 3086 2326 passus
3126 2262 3230 2310 est.
3282 2253 3333 2310 Is

102 2358 288 2417 captum
319 2363 446 2402 cum
493 2347 618 2402 ﬁliis
649 2348 1012 2417 Apelsuarum
1050 2349 1103 2402 in
1136 2346 1362 2403 lberiam
1395 2363 1581 2402 secum
1618 2347 1821 2412 avexit,
1854 2347 2083 2417 locoque
2122 2347 2258 2402 adeo
2289 2347 2565 2418 pestilenti
2597 2347 2873 2417 deposuit,
2906 2357 2965 2402 ut
2995 2347 3146 2402 brevi
3180 2353 3334 2417 pater

102 2453 201 2492 cum
230 2439 413 2494 liberis
445 2439 661 2494 duobus
689 2440 929 2509 perierit.
969 2439 1188 2495 Interim
1249 2455 1373 2494 cum
1417 2438 1575 2493 fortis
1605 2453 1822 2510 quoque
1856 2437 2024 2493 David
2056 2448 2266 2494 natura:
2300 2439 2689 2503 concessisset,
2721 2437 2908 2494 Iberia:
2937 2453 3164 2508 regnum
3199 2438 3335 2492 adiit

101 2531 376 2589 Demetrius
410 2534 658 2602 ejusdem
691 2533 853 2601 filius,
882 2536 1030 2589 omni
1071 2535 1232 2590 laude
1264 2534 1526 2604 juvenilis
1555 2534 1861 2604 disciplinae
1891 2534 2384 2591 cumulatissimus.
2417 2532 2557 2588 Tum
2602 2548 2732 2588 vero
2764 2533 3068 2587 Phatlunus
3097 2531 3334 2585 filiorum

101 2629 352 2698 Apelsuari
378 2638 514 2683 natu
543 2630 839 2687 maximus.
869 2631 962 2700 qui
997 2631 1186 2686 tandiu
1215 2630 1354 2701 apud
1382 2645 1635 2700 magnum
1668 2631 1895 2684 amiram
1936 2631 1989 2684 in
2022 2628 2360 2685 Chorasania
2396 2629 2804 2695 diversabatur,
2838 2626 3054 2698 cognita
3088 2625 3336 2696 parentis

100 2723 380 2776 calamitate
409 2723 777 2792 stationisque
822 2723 984 2776 noxia
1019 2730 1238 2786 natura,
1272 2723 1326 2776 in
1363 2723 1613 2791 regiones
1657 2734 1877 2778 nostras
1915 2721 2212 2776 maturavit
2255 2721 2558 2786 incurrere,
2587 2721 2967 2792 pratfectisque
3002 2719 3336 2776 suburbanis

100 2815 319 2880 devictis,
351 2817 699 2886 metropolim
731 2817 1016 2873 obsidione
1051 2817 1292 2872 vallavit.
1347 2816 1501 2870 Saeva
1541 2815 1740 2870 dehinc
1774 2815 1946 2872 fames
1987 2805 2191 2870 annum
2226 2816 2498 2887 integrum
2547 2815 2875 2886 occupavit:
2909 2829 3142 2885 cumque
3187 2815 3335 2870 cives

101 2905 155 2960 ad
177 2909 595 2978 comparandam
623 2923 804 2964 escam
832 2916 998 2963 noctu
1030 2907 1440 2980 egrederentur,
1471 2906 1698 2962 structis
1722 2905 1940 2963 insidiis
1969 2906 2143 2962 hostis
2173 2907 2322 2963 viros
2351 2907 2572 2978 quidem
2603 2905 2914 2976 jugulabat,
2943 2905 3018 2959 ita
3053 2913 3113 2959 ut
3137 2916 3334 2960 cruore

100 3006 142 3052 et
172 3001 381 3056 ossibus
425 3009 574 3056 terra
621 3003 914 3072 squaleret,
963 3001 1196 3058 feminas
1234 3012 1416 3058 autem
1457 3017 1767 3074 puerosque
1808 3003 2096 3058 vendebat.
2151 3002 2259 3058 Sed
2313 3012 2497 3057 tamen
2536 3001 2830 3056 identidem
2854 3017 2919 3056 ex
2954 3000 3126 3056 Iberia
3165 2999 3335 3054 duces

101 3090 298 3148 aderant
327 3095 433 3149 viri
465 3096 693 3167 egregii,
727 3104 785 3150 nt
814 3097 904 3152 ille
939 3097 1123 3153 clarus
1147 3113 1211 3152 ac
1241 3107 1500 3154 strenuus
1531 3096 1721 3154 lvanes
1741 3097 1998 3152 Abulethi
2030 3098 2174 3152 filius
2201 3096 2297 3168 qui
2331 3096 2459 3152 forti
2484 3098 2672 3151 animo
2712 3096 3026 3151 incursores
3053 3094 3294 3150 caedebat
3319 3111 3333 3147 :

104 3197 311 3254 cumque
347 3184 658 3242 Phatlunus
698 3201 890 3256 magna
919 3188 971 3241 vi
1011 3188 1200 3242 urbem
1239 3187 1642 3258 aggrederetur,
1676 3187 1792 3257 ipse
1822 3187 2011 3257 paucis
2040 3187 2296 3258 stipatus,
2328 3186 2714 3256 adjuvantibus
2751 3185 2983 3250 civibus,
3011 3185 3202 3240 urbem
3242 3199 3340 3255 pe-

104 3277 249 3334 riculo
283 3281 581 3352 expedivit.
614 3281 800 3352 Neque
838 3297 968 3337 vero
1008 3283 1350 3338 reticendum
1390 3292 1470 3337 est
1504 3280 1719 3336 femina:
1757 3282 2044 3351 cujusdam
2077 3283 2128 3336 in
2159 3297 2226 3337 eo
2267 3283 2568 3336 certamine
2595 3281 2752 3336 virile
2781 3280 3016 3347 facinus,
3047 3296 3168 3352 qua:
3202 3279 3337 3334 satis

104 3374 334 3431 audacter
371 3377 653 3433 moenibus
688 3378 950 3434 insistens
998 3378 1237 3449 lapidum
1269 3379 1474 3433 ictibus
1509 3378 1698 3434 hostes
1735 3378 1992 3447 pellebat,
2027 3377 2242 3445 sagittis
2279 3377 2479 3447 quibus
2513 3376 2857 3431 extrinsecus
2892 3375 3178 3445 petebatur
3204 3388 3338 3428 con-

105 3471 314 3537 temptis.
341 3470 582 3526 Femina:
610 3487 807 3527 nomen
839 3472 1067 3543 Caprea.
1099 3473 1244 3544 quod
1293 3473 1412 3543 ejus
1443 3481 1560 3528 erat
1602 3472 1915 3542 pernicitati
1949 3480 2404 3528 consentaneum.
2435 3471 2827 3528 Verumtamen
2862 3486 3031 3542 regno
3053 3468 3336 3525 Iberorum

106 3562 316 3615 nondum
353 3563 410 3618 in
449 3580 516 3619 ea
548 3566 680 3621 urbe
709 3567 842 3622 satis
874 3567 1220 3632 confirmato,
1253 3567 1396 3624 fame
1427 3583 1490 3623 ac
1519 3569 1760 3624 aedibus
1795 3569 1852 3623 in
1879 3569 1995 3624 dies
2035 3568 2410 3633 saevientibus,
2442 3575 2714 3639 coguntur
2748 3568 2895 3623 cives
2931 3568 3122 3622 urbem
3155 3566 3338 3620 denuo

107 3651 159 3703 ad
185 3650 430 3710 Phatlnni
458 3665 784 3726 potestatem
818 3659 1138 3723 transferre,
1177 3659 1282 3714 fide
1305 3660 1488 3730 jurata
1517 3661 1586 3715 ab
1622 3661 1813 3715 eodem
1840 3667 2086 3731 accepta,
2129 3661 2326 3730 nequid
2363 3667 2555 3714 contra
2585 3660 2758 3730 patris
2787 3659 3125 3728 fratrumque
3153 3657 3339 3728 prodi-

105 3747 231 3799 tores
261 3755 546 3802 statueret.
578 3749 635 3803 Id
662 3751 749 3804 ille
793 3750 972 3807 fcedus
1001 3752 1102 3806 etsi
1139 3752 1194 3806 in
1227 3753 1487 3822 praesenti
1522 3769 1632 3807 non
1670 3753 2018 3818 detrectavit,
2050 3753 2414 3808 nihilominus
2454 3752 2664 3823 pacatis
2692 3751 2876 3816 rebus,
2913 3766 3008 3806 eos
3033 3753 3184 3806 vario
3229 3750 3340 3805 cri-

110 3837 441 3896 minationum
490 3858 691 3913 genere
721 3860 1010 3916 aggressus
1045 3854 1126 3901 est
1172 3854 1338 3918 atque
1368 3848 1636 3902 multavit.
1671 3848 1748 3903 Eo
1815 3855 2079 3920 regnante
2113 3864 2143 3903 a
2172 3849 2452 3904 consuetis
2474 3847 2702 3918 quidem
2738 3847 3148 3902 incursionibus
3181 3848 3340 3916 quies

113 3928 156 3982 in
181 3932 425 3990 Armenia
470 3935 597 4002 fuit,
629 3937 724 3992 sed
762 3945 877 3992 tum
909 3939 1182 4010 praaterita
1204 3940 1426 3998 damna.
1468 3949 1583 3995 tum
1612 3935 1963 4013 vectigalium
2005 3942 2436 4013 rapinarumque
2476 3943 2560 3996 vis
2602 3956 2873 3997 summam
2908 3939 3052 4011 apud
3091 3955 3193 3994 nos
3215 3952 3342 4010 ege~

113 4032 280 4081 statem
307 4044 606 4100 rerumque
638 4030 882 4085 omnium
921 4033 1206 4102 penuriam
1236 4034 1556 4102 effecerunt,
1585 4052 1706 4108 quae
1738 4037 1959 4108 quidem
1995 4037 2064 4091 ab
2087 4051 2152 4092 ea
2181 4051 2354 4107 usque
2378 4043 2536 4090 mtate
2564 4034 2916 4090 incrementis
2941 4040 3101 4088 aucta
3135 4032 3339 4088 nostris

114 4118 264 4174 adhuc
288 4122 628 4192 temporibus
658 4133 986 4192 perseverat.

170 4213 230 4267 At
259 4216 399 4277 enim
433 4225 660 4271 sanctus
689 4217 997 4286 patriarcha
1026 4218 1260 4291 fideique
1301 4220 1533 4278 antistes
1559 4219 1815 4277 dominus
1840 4217 2158 4290 Gregorius,
2188 4220 2317 4290 quia
2357 4216 2534 4272 foedus
2558 4216 2848 4272 amicabile
2875 4230 2998 4272 cum
3035 4214 3339 4285 Apelsuaro

115 4301 309 4374 fecerat,
331 4322 442 4379 quo
470 4307 631 4364 sedes
662 4308 732 4363 ab
756 4325 824 4366 eo
845 4317 1242 4382 protegeretur,
1271 4313 1458 4369 audita
1484 4313 1541 4369 in
1567 4313 1715 4368 hunc
1737 4311 2060 4368 Aniensium
2086 4311 2516 4379 conspiratione,
2544 4308 2792 4364 criminis
2830 4306 3147 4363 auctoribus
3175 4306 3339 4362 vehe-

116 4407 298 4457 menter
325 4403 646 4460 succensuit
675 4403 774 4474 (2).

1378 4582 1519 4636 1127
1739 4583 1773 4636 "l
1986 4583 2056 4636 12
2233 4580 2340 4635 574

1378 4653 1519 4707 1128
1735 4654 1770 4708 8
1984 4654 2055 4708 15
2232 4651 2339 4705 575

1379 4722 1519 4776 1129
1734 4724 1770 4778 9
1983 4723 2052 4777 14
2233 4721 2340 4775 576

146 4781 196 4837 1η
219 4783 440 4865 Halbata
457 4789 1022 4865 obiitinChristoma-
1091 4795 1234 4865 1,77
1380 4792 1522 4865 1150
1700 4795 1770 4849 10
1981 4793 2050 4865 15
2229 4791 2337 4865 527
2447 4790 2754 4865 Demegrius
2785 4807 2884 4865 re;
2910 4790 3335 4865 cmi-assum?“

117 4857 838 4945 gusdoctorArme‘niorum
858 4860 1024 4918 Joan-
1117 4857 1131 4864 ’
1156 4857 1170 4865 ⁷
1204 4857 1218 4864 ⁷
1381 4862 1513 4917 1151

1981 4863 2049 4918 16
2231 4862 2335 4918 578
2409 4864 2502 4934 qui
2533 4879 2591 4919 se
2623 4864 2828 4945 in'arce
2861 4857 3339 4945 Atb‘abegiimulto

117 4936 196 4977 nes
220 4941 578 4998 cognomento
604 4928 966 4987 Sarcavacus.

119 4991 544 5082 mliedcmptoris
559 5001 703 5056 mdes
721 5017 878 5082 sacra
899 5017 1022 5082 (ΞΨ-

2409 4928 2533 4988 cum
2585 4935 2758 4988 milite
2815 4928 3194 4992 conclusei'at,
3246 4946 3343 4984 ex-

2410 5003 3094 5082 pugnavi_t.Eodent_anno
3138 5000 3342 5080 Abule7

119 5067 207 5144 mi!
235 5067 386 5144 {nite
409 5072 498 5144 die
529 5087 640 5144 xvn
673 5074 876 5128 mensis
915 5072 1030 5127 Ma-
1383 5072 1524 5127 1155
1703 5076 1772 5131 15
1990 5075 2057 5129 18
2235 5075 2340 5132 580
2413 5067 2540 5129 thus
2562 5082 2615 5130 et
2641 5074 2830 5130 lvanes
2856 5075 2997 5128 filius
3018 5069 3341 5126 Damaniam

119 5138 208 5188 reri
238 5138 308 5210 (5)
335 5139 472 5195 feria
500 5142 714 5212 quinta.
2413 5155 2694 5214 ceperunt.
2756 5145 2956 5200 Eodem
3007 5145 3342 5214 itemtanno

2413 5211 2602 5272 lvanes
2620 5225 2782 5286 atque
2806 5214 3097 5270 Sembatus
3129 5211 3345 5268 Cbuna-

2411 5286 2501 5340 nia
2535 5289 2690 5356 potiti
2712 5295 2861 5342 sunt.

175 5340 280 5426 Hoc
314 5349 1020 5426 annaqmitplarissimus
1092 5354 1234 5426 1,73
1380 5355 1521 5412 tm
1703 5356 1770 5411 It
1988 5355 2054 5410 49
2234 5356 2330 5412 58I
2481 5340 2789 5412 Phatlunus
2820 5340 2875 5410 in
2904 5352 3103 5426 praelio
3128 5352 3338 5426 exstin-

119 5409 288 5472 doctor
314 5419 486 5477 David
506 5421 876 5479 Aluciililius.
1092 5409 1233 5426 Ἦν
1396 5409 1427 5410 id
1461 5409 1518 5412 7‘
1710 5409 1767 5411 ³
2031 5409 2039 5410 ί
2409 5409 2945 5500 guitiiranhorﬁslji
2970 5409 3345 5500 §eplin10=,ei‘

2408 5493 2516 5570 que
2548 5498 2793 5554 succedit
2816 5493 3128 5550 hlahmutus
3146 5493 3340 5548 frater.

176 5683 245 5764 (1)
276 5685 371 5764 llic
404 5694 490 5743 est
520 5701 759 5764 soannes
789 5687 1196 5764 IrComnenus.
1303 5756 1337 5764 __
1553 5758 1568 5764 _
1771 5691 2291 5764 abanranttensibus
2315 5694 2520 5757 addita,
2545 5710 2665 5764 quae
2699 5708 2799 5748 nos
2823 5693 2990 5764 missa
3016 5693 3265 5749 fecimus.

180 5755 250 5824 (2)
288 5757 380 5814 llic
423 5758 794 5828 sequebantur
840 5758 894 5812 in
935 5760 1094 5814 codd.
1147 5756 1374 5814 moralia
1415 5758 1662 5829 quaedam
1843 5761 1920 5831 (5)
1950 5761 2060 5818 lIoc
2094 5778 2237 5819 anno
2264 5755 2537 5822 incidebat
2563 5755 2629 5820 "in
2657 5763 3008 5820 Decembrem.
