3786 6312
435 291 541 348 743
1445 289 1534 343 AD
1568 285 1836 344 EUSEBH
1875 284 2268 342 CHRONICON
2305 283 2669 340 APPENDIX.
3569 288 3660 349 7a

1261 463 1563 471 .——_—_—_

1848 618 2269 681 MONITUM.

511 816 660 892 Qua:
685 826 1032 896 sequuntur
1059 815 1359 894 opuscula
1383 813 1824 891 chronologica
1854 823 1908 871 et
1933 810 2354 872 astronomica
2372 828 2510 871 cum
2533 809 2705 888 apud
2736 808 3017 870 eruditos
3043 808 3313 888 plurimi
3333 807 3591 880 valeant,
3615 817 3665 868 et

439 919 522 980 iis
551 919 732 996 quasi
761 917 1162 994 fundamento
1191 917 1484 976 nitantur
1520 915 1890 990 chronologi
1927 911 2282 974 Christiani
2309 919 2563 981 veteres,
2610 910 2790 970 nobis
2827 907 3183 987 faciendum
3223 909 3574 987 putavimus
3605 917 3666 968 ut

437 1035 509 1076 ea
531 1014 979 1083 recuderemus,
1013 1012 1296 1074 studioso
1333 1011 1579 1072 Lectori
1613 1019 1928 1088 acceptam
1966 1011 2104 1088 fore
2149 1006 2524 1086 confidentes
2575 1008 2733 1069 hanc
2762 1004 2845 1067 ad
2895 1004 3156 1066 Eusebii
3176 1004 3460 1068 Canones
3502 1007 3638 1067 chro

432 1117 608 1178 nicos
637 1135 765 1177 non
784 1114 1204 1196 paenitendum
1237 1116 1621 1176 mantissam.
1651 1116 1832 1174 Eorr.

1194 1437 1891 1601 VETERUM
1983 1481 2903 1598 SCRIPTORUM

1873 1734 2282 1797 OPUSCULA

985 1935 1922 2034 CHRONOLOGICA
1991 1936 2146 2028 ET
2215 1934 3118 2030 ASTRONOMICA.

2021 2181 2095 2195 ⁸*

1340 2335 1786 2400 DIONYSIUS
1816 2337 1931 2399 PE
1942 2336 2236 2401 unus
2271 2337 2649 2402 LECTORI
2673 2332 2778 2418 (α).

503 2515 652 2575 Inter
676 2529 917 2575 auctores
947 2519 1092 2589 infra
1126 2521 1292 2575 editos
1315 2522 1520 2590 primus
1547 2531 1622 2576 est
1643 2521 1913 2584 Geminus.
1949 2525 2040 2594 qui
2063 2533 2184 2579 ante
2215 2542 2384 2580 annos
2411 2526 2638 2595 amplius
2661 2524 3018 2596 quadraginta
3045 2524 3450 2592 prodiit,Gra’ce
3471 2521 3675 2580 Latine-

427 2633 526 2687 que
553 2619 617 2672 ab
645 2617 826 2672 Edone
865 2615 1170 2678 Ililderico:
1206 2619 1432 2686 scriptor
1473 2619 1717 2673 eruditus
1751 2629 1800 2675 et
1831 2621 2100 2689 antiquus.
2143 2621 2290 2674 Vixit
2335 2623 2473 2675 enim
2514 2620 2679 2677 Sulla:
2725 2637 2786 2675 ac
2817 2619 3083 2675 Ciceronis
3132 2619 3366 2680 swculo,
3418 2626 3476 2670 ut
3511 2633 3576 2672 ex
3617 2617 3676 2670 iis

429 2720 634 2764 constat
663 2729 780 2782 qua:
812 2712 880 2766 ad
904 2728 1023 2782 pag.
1053 2713 1117 2768 i9
1152 2713 1205 2766 in
1239 2714 1378 2766 notis
1408 2712 1763 2770 observamus.
1802 2714 1996 2768 Patria
2038 2713 2303 2768 Rhodium
2338 2715 2500 2784 fuisse
2525 2717 2664 2769 inter
2688 2732 2867 2769 omnes
2899 2715 3158 2768 convenit.
3187 2715 3290 2768 Sed
3328 2711 3528 2772 Romte,
3555 2710 3676 2765 etin

429 2797 595 2858 Italia
619 2805 832 2865 vixisse,
862 2821 963 2857 non
991 2805 1112 2857 levis
1153 2813 1228 2858 est
1261 2805 1588 2873 conjectura,
1627 2806 1802 2875 ibique
1833 2807 2274 2859 commentarium
2300 2805 2436 2859 hunc
2470 2807 2766 2875 scripsisse.
2797 2815 2857 2860 ut
2896 2808 2949 2860 in
2983 2807 3167 2860 iisdem
3203 2805 3420 2859 scholiis
3464 2802 3678 2858 adnota-

427 2897 612 2950 vimus.
645 2900 721 2950 Ac
758 2896 834 2950 vel
868 2897 1074 2950 nomine
1108 2897 1219 2964 ipso
1252 2895 1465 2951 Gemini
1500 2898 1633 2951 satis
1655 2897 1751 2950 hoc
1787 2897 2069 2961 evincitur,
2097 2896 2409 2950 Latinorum
2443 2915 2542 2952 usu
2572 2908 2620 2952 et
2656 2899 2969 2952 commercio
3001 2899 3329 2968 implicatum
3360 2913 3472 2952 esse
3516 2894 3677 2950 hami~

427 3004 580 3053 nem;
607 3006 669 3042 ac
700 2987 941 3044 libertum
975 2988 1217 3058 fortean,
1259 2997 1352 3041 aut
1386 2988 1629 3042 clientem
1676 2988 1907 3056 alicujus
1945 2987 2112 3056 fuisse
2142 2988 2389 3057 familiae,
2421 2988 2506 3041 cui
2555 2987 2822 3057 peculiare
2860 3003 3142 3055 cognomen
3205 2985 3260 3038 id
3304 2995 3460 3047 erat,
3509 3000 3680 3053 nempe

428 3083 792 3139 Serviliorum.
850 3084 1069 3140 Proclus
1125 3085 1180 3138 in
1223 3083 1636 3139 Commentariis
1681 3084 1749 3137 ad
1793 3085 1997 3153 priores
2030 3083 2268 3137 Euclidis
2317 3084 2478 3138 libros
2532 3101 2636 3138 non
2683 3083 2844 3138 semel
2876 3082 3149 3137 Geminum
3185 3083 3407 3146 laudat,
3456 3099 3606 3151 quem
3638 3088 3682 3135 et

425 3175 651 3246 Γεμῖνον
705 3188 951 3247 perpetuo
987 3177 1265 3241 nominat,
1317 3176 1662 3245 circumﬂexa
1707 3176 2044 3245 penultima:
2086 3175 2419 3246 indidemque
2453 3177 2762 3245 colligitur,
2810 3178 3053 3244 qua'dam
3089 3177 3240 3229 illum
3289 3175 3353 3230 de
3405 3178 3682 3247 geometria

426 3267 716 3333 scripsisse.
743 3268 908 3338 Cujus
937 3270 1089 3340 ﬁdem
1125 3269 1252 3338 facit
1283 3268 1556 3337 catalogus
1583 3267 1864 3334 librorum,
1887 3270 1977 3338 qui
2009 3285 2074 3323 ea:
2106 3269 2438 3322 Barocciana
2471 3269 2784 3323 bibliotheca
2816 3285 2980 3336 nuper
3004 3269 3056 3322 in
3085 3269 3331 3336 Angliam
3362 3269 3529 3322 avecti
3547 3278 3680 3329 sunt,

424 3371 552 3422 quos
577 3359 713 3412 inter
743 3357 949 3414 Gemini
975 3360 1106 3416 liber
1133 3376 1308 3420 exstat
1339 3366 1572 3439 nondum
1587 3365 1795 3426 editus.
1836 3365 1939 3422 Sed
1979 3377 2029 3421 et
2062 3366 2244 3422 Procli
2275 3366 2498 3437 Sphaara
2528 3367 2662 3420 nihil
2697 3365 2846 3420 aliud
2881 3374 2960 3420 est
2987 3375 3180 3434 praeter
3208 3363 3460 3436 lsagoges
3488 3363 3682 3419 Gemini

427 3455 606 3521 capita
636 3456 901 3525 queedam,
938 3460 1077 3528 quod
1102 3479 1197 3516 suo
1229 3463 1341 3517 loco
1379 3463 1792 3518 declaravimus.

496 3543 674 3614 Hujus
699 3566 794 3601 nos
824 3552 1119 3605 testimonio
1156 3555 1430 3620 scriptoris
1463 3569 1598 3620 stupe
1634 3569 1696 3605 ac
1729 3552 1948 3607 libenter
1971 3553 2058 3606 usi
2086 3570 2266 3606 sumus
2299 3553 2354 3605 in
2383 3552 2464 3605 his
2490 3567 2606 3622 qua:
2636 3553 2705 3604 ad
2746 3567 2943 3605 annum
2985 3551 3203 3606 Gra'cia:
3231 3553 3417 3606 veteris
3443 3560 3494 3604 et
3524 3549 3668 3619 Az'gy-

425 3636 656 3702 pliacum
690 3652 945 3705 spectant.
978 3643 1120 3697 Nam
1150 3647 1214 3700 de
1243 3649 1417 3713 priore
1448 3649 1541 3700 illo
1572 3665 1722 3702 nemo
1755 3658 1868 3710 est,
1914 3649 2004 3718 qui
2031 3648 2342 3719 diligentius
2372 3649 2772 3716 expressiusque
2812 3649 2966 3701 verba
3020 3648 3198 3716 fecerit
3225 3688 3240 3706 .
3290 3647 3542 3719 cujusque
3574 3662 3681 3714 pro-

427 3736 540 3793 pter
574 3731 942 3800 antiquitatem
971 3745 1019 3788 et
1057 3738 1401 3792 eruditionem
1428 3741 1566 3793 ratio
1593 3741 1766 3809 major
1813 3740 1993 3794 haberi
2015 3718 2221 3794 debeat.
2257 3739 2423 3805 Quem
2449 3739 2496 3791 si
2521 3739 2575 3790 in
2601 3737 2880 3791 consilium
2913 3737 3238 3791 adhibuisset
3277 3718 3548 3806 Scaliger,
3598 3740 3681 3786 aut

427 3819 478 3872 si
509 3837 626 3872 eum
650 3825 902 3876 attentius
929 3825 1158 3895 legisset,
1195 3845 1356 3899 neque
1398 3831 1806 3900 pra'judicatam
1845 3830 1994 3883 illam
2024 3847 2178 3883 suam
2206 3829 2269 3882 de
2304 3845 2444 3881 anno
2479 3825 2661 3881 Graeco
2699 3826 2968 3896 πρόληψιν
3016 3826 3086 3880 ad
3120 3828 3266 3880 illius
3323 3825 3682 3879 tractationem

428 3910 713 3974 attulisset,
740 3929 840 3967 non
887 3917 982 3970 illa
1012 3919 1159 3972 nobis
1213 3923 1340 3974 anni
1369 3919 1543 3976 σι’ωεὶ
1601 3930 1650 3976 et
1696 3923 1863 3976 Attici
1909 3930 2200 3976 commenta
2238 3921 2558 4000 peperisset,
2595 3935 2711 3990 qua:
2747 3929 2798 3972 et
2853 3917 3242 3972 absurdissima
3283 3925 3406 3970 sunt
3448 3927 3498 3969 et
3531 3915 3679 3968 unius

427 4013 620 4072 prmter
650 4015 866 4062 cteteros
900 4010 1102 4064 Gemini
1129 4017 1442 4070 auctoritate
1468 4016 1804 4079 refelluntur.
1849 4015 2001 4069 Ilune
2028 4018 2189 4086 igitur
2215 4032 2332 4069 cum
2364 4013 2567 4067 Latina
2601 4012 3032 4081 interpretatione
3062 4010 3220 4064 veteri
3247 4009 3418 4078 primo
3449 4009 3560 4060 loco
3589 4023 3682 4075 po-

427 4101 632 4156 suimus
651 4144 667 4168 ,
697 4123 801 4175 qua
830 4109 1062 4178 profecto
1088 4110 1352 4164 meliorem
1381 4111 1854 4181 elegantioremque
1879 4110 2175 4176 merebatur
2204 4126 2223 4163 :
2263 4117 2312 4163 et
2353 4117 2468 4163 erat
2511 4107 2720 4161 animus
2756 4121 2942 4159 novam
2980 4104 3214 4174 aggredi,
3249 4102 3353 4154 nisi
3378 4102 3429 4154 in
3459 4099 3682 4169 Hippar-

428 4195 581 4250 chum
609 4208 658 4252 et
687 4202 845 4264 alios,
874 4205 962 4271 qui
985 4204 1184 4257 nullam
1211 4204 1471 4258 habebant
1497 4206 1731 4270 omnino,
1762 4205 1818 4258 id
1855 4221 2024 4272 opera:
2045 4205 2281 4267 conferre
2303 4205 2473 4257 satius
2499 4219 2610 4257 esse
2627 4199 2976 4270 judicassem.
3003 4197 3187 4251 Gra’ca
3211 4212 3329 4250 vero
3363 4194 3432 4246 ad
3462 4203 3681 4247 veterum

428 4290 906 4359 manuscriptorum
937 4293 1091 4361 ﬁdem
1130 4303 1308 4347 exacte
1341 4295 1722 4364 castigavimus
1751 4312 1768 4349 :
1801 4311 1828 4348 ε
1857 4296 2046 4364 quibus
2076 4309 2238 4347 unum
2288 4308 2442 4362 penes
2475 4311 2568 4347 nos
2603 4292 2922 4346 habebamus
2953 4287 3095 4342 haud
3126 4287 3254 4340 adeo
3284 4297 3501 4340 veterem
3525 4329 3540 4351 ,
3596 4283 3684 4338 sed

430 4392 736 4434 accuratum
766 4399 826 4435 ac
867 4386 1120 4453 scriptum
1159 4385 1416 4452 imprimis
1471 4386 1759 4456 eleganter.
1808 4385 1958 4438 Alter
2006 4386 2058 4438 in
2101 4384 2391 4440 Oxoniensi
2440 4384 2753 4438 bibliotheca
2801 4385 3098 4452 reperitur,
3141 4395 3364 4449 quocum
3412 4378 3682 4433 editionem

436 4465 692 4523 Hilderici
721 4469 996 4540 diligenter
1033 4473 1252 4526 contulit
1292 4473 1550 4526 Henricus
1583 4472 1853 4543 Briggius.
1887 4473 2208 4528 Oxoniensis
2255 4475 2695 4537 mathematicus;
2730 4491 2762 4526 a
2791 4491 2892 4543 quo
2923 4474 2978 4526 id
3007 4492 3117 4528 meo
3150 4474 3359 4528 nomine
3389 4475 3681 4543 postularat

429 4560 599 4618 Lucas
636 4563 941 4620 Ilolstenius
975 4565 1417 4636 Hamburgeusis.
1469 4568 1547 4622 vir
1574 4567 1992 4628 eruditissimus.
2015 4570 2103 4638 qui
2129 4571 2184 4622 in
2212 4570 2411 4623 illustr.
2462 4570 2667 4622 cardiu.
2725 4568 3002 4622 Barberini
3032 4571 3286 4624 comitatu
3321 4570 3498 4625 Roma:
3537 4572 3683 4626 hodie

429 4661 571 4736 vivit.
607 4660 889 4729 Utriusque
917 4677 1008 4730 ope
1036 4680 1098 4716 ac
1133 4664 1380 4732 beneﬁcio
1417 4665 1687 4717 variarum
1713 4664 1993 4718 lectionum
2035 4665 2324 4719 indiculum
2356 4667 2684 4733 accepimus,
2709 4681 2840 4733 quas
2874 4666 3056 4733 paucis
3104 4667 3334 4736 exceptis
3368 4666 3580 4722 totidem
3628 4668 3679 4720 in

429 4763 610 4807 nostro
635 4753 810 4808 codice
837 4754 1286 4822 deprehendimus.
1326 4752 1682 4818 Quamobrem
1711 4755 1964 4828 quidquid
1995 4757 2049 4810 in
2084 4773 2213 4810 nova
2249 4757 2348 4809 hac
2389 4755 2616 4810 editione
2649 4753 2854 4810 Gemini
2880 4755 3038 4810 aliter
3070 4769 3226 4827 atque
3258 4759 3313 4812 in
3349 4762 3540 4828 priore.
3569 4769 3682 4813 stu-

429 4847 574 4902 diose
603 4847 788 4902 Lector
807 4889 822 4911 ,
854 4848 1154 4918 oﬂ'euderis,
1188 4849 1244 4901 id
1268 4864 1331 4902 ex
1361 4849 1635 4905 amborum
1661 4853 1990 4906 auctoritate
2013 4859 2062 4905 et
2093 4867 2345 4905 consensu
2380 4851 2720 4906 immutatum
2751 4867 2861 4904 esse
2887 4853 3048 4905 scias.
3081 4849 3194 4906 Nec
3223 4869 3413 4918 pauca.
3437 4868 3552 4907 vero
3588 4851 3682 4904 illa

429 4945 573 5000 sunt,
608 4954 767 5006 neque
795 4937 955 5002 levia,
990 4947 1070 5000 ut,
1101 4941 1188 5006 qui
1220 4938 1402 4992 ambas
1426 4939 1627 5010 legerit,
1653 4953 1922 5012 agnoscet.

501 5024 633 5078 Post
667 5025 941 5079 Geminum
995 5026 1270 5080 Ptolemtei
1304 5027 1435 5081 liber
1464 5033 1698 5100 sequitur
1727 5073 1742 5096 ,
1789 5034 1879 5102 qui
1913 5033 1991 5085 Φά

2185 5031 2401 5086 πλανῶν
2431 5032 2812 5104 ἐπισημασιῶν
2849 5033 2903 5086 in
2932 5033 3148 5104 antiquo
3177 5035 3358 5088 codice
3406 5034 3680 5101 inscriptus

429 5118 617 5188 legitur
643 5157 658 5181 ,
697 5119 778 5171 uti
800 5134 892 5170 nos
919 5117 1202 5171 edidimus.
1237 5119 1407 5190 Hujus
1435 5123 1580 5178 nobis
1617 5128 1828 5194 copiam
1858 5127 2060 5181 amicus
2092 5127 2306 5197 quidam
2337 5127 2492 5196 fecit,
2541 5129 2631 5197 qui
2656 5141 2720 5181 ex
2762 5129 2978 5198 antiquo
3015 5131 3190 5182 codice
3229 5146 3348 5183 eum
3391 5130 3677 5200 descripse-

427 5219 532 5262 rat.
569 5208 922 5277 Eumdemque
943 5218 1058 5277 post
1081 5210 1369 5267 invenimus
1397 5215 1451 5267 in
1481 5215 1637 5287 Regia
1668 5217 2018 5282 bibliotheca;
2066 5229 2115 5282 et
2158 5237 2190 5273 a
2229 5221 2298 5275 cl.
2340 5221 2402 5276 V.
2441 5219 2509 5274 Ι).
2541 5219 2774 5276 Nicolao
2813 5221 3046 5292 Rigaltio
3076 5225 3326 5276 utendum
3353 5224 3642 5292 accepimus
3662 5263 3680 5286 ,

427 5315 494 5353 ca:
519 5317 618 5370 quo
645 5301 804 5353 etiam
833 5315 934 5352 non
965 5315 1133 5366 pauca
1155 5307 1548 5373 castigavimus.
1579 5308 1652 5363 De
1670 5309 1828 5378 hujus
1850 5322 2062 5365 auctore
2086 5311 2212 5382 quid
2238 5313 2418 5365 dicam
2443 5311 2578 5365 nihil
2615 5311 2800 5373 habeo.
2822 5322 3013 5380 praeter
3035 5331 3094 5367 ea
3119 5330 3236 5384 qua!
3266 5316 3320 5367 in
3353 5316 3489 5368 notis
3521 5329 3679 5381 expo-

429 5393 528 5444 sui.
567 5390 668 5447 Cui
695 5389 902 5458 quidem
931 5389 1260 5448 Kalendaria
1283 5397 1516 5465 ejusdem
1550 5402 1847 5468 argumenti
1877 5399 2124 5470 subjecta
2157 5410 2280 5454 sunt
2309 5402 2434 5456 tria.
2470 5399 2719 5454 Primum
2747 5411 2826 5456 est
2867 5401 2962 5456 sub
3003 5401 3140 5471 {also
3165 5403 3378 5456 nomine
3402 5401 3676 5456 Ptolemtei

429 5483 626 5536 editum
657 5500 691 5535 α
723 5480 966 5550 Leonico,
993 5502 1020 5538 e
1063 5485 1344 5558 Grazcoque
1375 5491 1727 5555 translatum;
1763 5509 1921 5562 quam
1964 5495 2256 5550 miscellam
2299 5511 2414 5551 esse
2446 5496 2854 5550 tumultuariam
2904 5510 2969 5551 es:
3003 5496 3164 5550 variis
3214 5498 3675 5568 parapegmattbus

506 5657 578 5724 (a)
621 5655 691 5708 De
715 5655 953 5714 doctrina
984 5671 1298 5732 temporum,
1337 5672 1377 5718 t.
1410 5663 1497 5730 Ill,
1526 5663 1676 5720 Przel.
