3786 6316
106 357 186 414 745
1522 361 1601 416 MC

1828 363 1860 416 [ε
3224 364 3323 418 ἷᾶϐ

105 479 380 548 confectam,
419 494 526 530 non
557 479 715 532 semel
743 479 797 532 in
826 477 1291 534 dissertationibus
1323 481 1669 535 ostendimus.
1717 480 1781 534 In
1814 497 1914 550 quo
1939 481 2200 534 ridiculus
2229 491 2306 534 est
2336 480 2646 535 Solimanus
2675 487 3022 546 exercitator,
3055 499 3141 540 aut
3188 501 3324 540 nunc

107 573 304 625 libellum
327 573 609 626 aureolum
642 574 695 626 in
721 589 817 626 sua
849 573 1118 644 farragine
1149 573 1527 630 Plinianarum
1563 575 2031 630 Exercitationum
2070 576 2343 640 nominat;
2376 591 2439 629 ex
2467 592 2568 646 quo
2607 577 2742 631 nihil
2771 579 2898 631 certi
2930 579 3169 648 bonique.
3203 595 3328 646 pro-

105 675 194 730 pter
233 665 627 732 confusionem,
672 675 720 722 et
754 677 1032 720 auctorum
1078 669 1412 739 locorumque
1445 671 1610 724 tacita
1643 669 1930 733 uocabula,
1969 671 2156 724 harum
2195 688 2369 725 rerum
2404 671 2672 726 studiosus
2717 670 2974 739 colligat:
3005 669 3095 722 sed
3135 668 3325 722 habent

105 757 268 810 similes
290 756 439 810 labra
471 758 731 814 lactucas.
761 759 967 814 Alteros
996 757 1194 813 Fastos
1224 777 1288 814 ex
1317 759 1512 823 Ovidii,
1544 759 1855 816 Columella:
1889 761 2154 832 Pliniique
2197 761 2350 817 libris
2387 763 2817 817 concinnavimus
2849 759 2971 825 ipsi,
3002 761 3097 827 qui
3141 757 3324 813 Julia-

106 864 258 900 norum
285 850 457 901 instar
483 866 596 902 esse
623 862 830 921 queant.
861 851 943 904 ΕΞ
981 849 1249 921 Sosigem's
1277 853 1438 917 enim,
1468 852 1546 906 vel
1571 852 1707 906 Julii
1745 852 1975 906 Cwsaris
2023 862 2393 923 parapegmate
2417 893 2432 916 ,
2483 871 2572 907 nec
2603 852 2901 907 uniusmodi
2940 853 3168 921 fortasse
3190 891 3206 916 ,
3245 851 3324 904 uti

106 942 208 994 libro
237 959 269 996 ιι
303 941 594 997 Varinrum
628 948 940 1008 docuimus;
977 957 1216 1000 auctores
1250 948 1331 1000 illi
1356 948 1698 1016 phamomena
1733 965 1831 1002 sua
1861 950 2296 1017 perscripserunt.
2331 948 2435 1014 Qui
2462 959 2638 1002 noster
2681 947 2830 1002 labor
2861 964 2963 1001 non
3010 963 3198 1015 parum
3230 962 3318 998 eos

103 1035 462 1105 adjuvabit,qui
487 1047 664 1104 poetas
687 1039 920 1117 aliosque
942 1042 1218 1109 scriptores
1249 1042 1303 1094 in
1329 1059 1513 1096 manus
1531 1042 1890 1110 sumpserint;
1926 1041 2012 1094 ubi
2037 1043 2316 1096 orientium
2331 1041 2409 1095 vel
2433 1041 2778 1095 occidentium
2805 1041 3079 1095 stellarum
3102 1041 3162 1108 ﬁt
3191 1055 3323 1091 non-

104 1132 223 1185 nulla
252 1135 459 1194 mentio,
477 1138 767 1202 praesertim
791 1139 838 1190 si
867 1136 935 1190 ad
952 1153 1104 1192 usum
1133 1137 1451 1192 Kalendarii
1485 1140 1660 1205 istius,
1687 1138 1813 1191 libri
1843 1139 1999 1206 primi
2027 1141 2298 1192 variarum
2321 1137 2752 1192 dissertatiouum
2787 1146 3092 1191 nostrarum
3117 1133 3318 1188 doctri-

104 1241 202 1276 nam
229 1226 591 1293 adjunxerint.
622 1227 853 1284 Tertium
891 1240 968 1285 est
1008 1229 1398 1285 Kalendarium
1434 1231 1772 1285 Constantini
1801 1230 1879 1284 Μ.
1910 1249 1939 1283 a
1972 1229 2182 1286 Joanne
2218 1230 2496 1286 Herwarto
2526 1230 2650 1285 olim
2679 1229 2896 1295 editum,
2923 1227 3072 1298 cujus
3098 1241 3320 1280 enarra-

102 1315 262 1368 tionem
284 1318 309 1368 ὀ
340 1318 654 1390 μακαρίτης
695 1318 1048 1390 Hieronymus
1078 1321 1378 1374 Alexander
1408 1321 1632 1375 scribere
1666 1322 1989 1376 instituerat.

159 1407 341 1462 Exinde
369 1411 595 1464 Achillis
634 1411 775 1464 Tatii
818 1422 866 1466 et
903 1412 1192 1482 Hipparchi
1226 1413 1390 1467 libros
1425 1414 1749 1476 addidimus,
1778 1431 1907 1484 quos
1949 1412 2126 1468 Crtcce
2151 1415 2351 1482 primus
2399 1432 2426 1468 e
2460 1414 2694 1467 Medicea
2745 1413 3057 1466 bibliotheca
3089 1409 3316 1479 vulgavit

100 1497 256 1552 Petrus
299 1501 582 1565 Victorius,
621 1520 711 1556 nos
742 1501 962 1558 Latinos
987 1507 1229 1574 fecimus.
1269 1505 1346 1558 Ac
1388 1505 1646 1573 principio
1677 1505 1885 1574 quidem
1916 1505 2088 1558 solum
2136 1504 2349 1557 Tatium
2380 1507 2616 1573 conferre
2645 1505 2699 1557 in
2728 1505 3039 1557 Auctarium
3075 1503 3169 1555 hoc
3224 1517 3320 1554 no-

97 1601 231 1644 strum
263 1594 556 1657 voluimus;
584 1604 698 1663 post
734 1596 797 1650 de
819 1595 1122 1663 Hipparcho
1151 1615 1350 1669 quoque
1371 1599 1669 1652 remisimus
1691 1597 1970 1651 doctorum
1990 1597 2343 1664 quorumdam
2373 1599 2665 1651 amicorum
2697 1598 2955 1668 precibus.

155 1692 208 1742 In
232 1691 446 1745 Achillis
491 1695 883 1747 commentariis
920 1694 1177 1748 nonnulla
1207 1705 1328 1748 sunt
1359 1695 1650 1766 περίεργα,
1679 1709 1742 1747 ac
1774 1695 1986 1749 minime
2019 1695 2339 1755 necessaria,
2370 1696 2527 1761 plura
2561 1704 2735 1747 tamen
2772 1691 2907 1743 scitu
2937 1706 3040 1742 non
3079 1687 3314 1758 indigna.

98 1781 152 1836 In
173 1785 341 1853 quibus
363 1803 484 1856 quae
505 1797 654 1840 erant
683 1788 873 1840 menda
903 1789 1100 1858 corrigi
1125 1805 1227 1841 non
1259 1798 1560 1857 potuerunt,
1585 1788 1723 1857 quod
1763 1787 1966 1842 nullum
2001 1797 2142 1842 vetus
2173 1787 2441 1855 exemplar
2465 1827 2479 1852 ,
2525 1802 2625 1854 quo
2651 1786 2966 1849 niteremur,
3000 1786 3067 1834 ad
3097 1796 3309 1834 manum

97 1875 198 1942 fuit.

155 1968 421 2038 Hipparchi
455 1986 573 2025 vero
605 1970 731 2024 libri
773 1973 958 2025 multis
994 1973 1048 2026 in
1075 1972 1204 2025 locis
1233 1970 1499 2025 emendati
1528 1981 1672 2037 sunt,
1706 1988 1810 2026 non
1845 1989 1910 2027 ea:
1933 1973 2237 2043 conjectura
2269 1975 2461 2037 solum,
2485 1988 2622 2042 quce,
2655 1970 2745 2024 ubi
2768 1985 2895 2039 opus
2920 1970 3042 2037 fuit,
3080 1966 3148 2018 ad
3171 1981 3318 2018 mar-

94 2064 231 2129 ginem
254 2065 483 2131 ascripta
516 2075 614 2129 est,
643 2065 1082 2134 quemadmodum
1116 2077 1167 2120 et
1200 2067 1253 2119 in
1297 2067 1502 2120 creteris
1542 2066 1780 2135 fecimus,
1809 2067 1899 2120 sed
1937 2069 2098 2121 etiam
2123 2085 2188 2123 ex
2227 2071 2441 2132 antiquo
2473 2065 2793 2120 bibliothecae
2817 2063 2990 2132 Regiw
3018 2061 3172 2122 libro,
3196 2060 3316 2127 pul—

95 2161 309 2216 cherrime
339 2163 559 2230 scripto,
585 2179 735 2232 quem
767 2162 914 2217 nobis
947 2163 1014 2216 cl.
1058 2161 1119 2216 V.
1147 2162 1216 2218 ο.
1251 2161 1514 2232 Rigaltius
1547 2164 1916 2232 commodavit.
1953 2163 2030 2216 Eo
2061 2174 2327 2232 prmeunte
2375 2165 2540 2226 libro,
2598 2156 2852 2229 quidquid
2884 2171 3051 2219 secus,
3077 2162 3228 2219 atque
3265 2151 3318 2202 in

96 2249 368 2308 Florentina
398 2256 648 2318 editione,
672 2256 726 2309 in
759 2255 858 2308 hac
895 2268 1078 2308 nostra
1108 2254 1262 2324 leges,
1295 2255 1684 2322 conformatum
1712 2271 1824 2309 esse
1857 2256 2175 2309 memineris.
2211 2259 2530 2311 Asterismos
2559 2261 2756 2313 autem,
2795 2265 2928 2320 quos
2959 2249 3054 2302 sub
3084 2246 3318 2314 Hippar-

93 2346 155 2398 chi
184 2349 378 2402 nomine
404 2348 589 2402 eadem
634 2347 953 2402 Florentina
990 2347 1152 2402 editio
1196 2350 1444 2414 continet,
1472 2349 1709 2402 consulto
1735 2350 2192 2416 prmtermisimus.
2240 2349 2364 2403 Non
2399 2350 2538 2403 enim
2573 2344 2860 2414 Hipparchi
2891 2353 3034 2404 sunt,
3068 2343 3157 2395 sed
3186 2339 3317 2392 Pto-

94 2433 248 2500 lemaei,
275 2453 307 2488 a
335 2437 489 2506 cujus
520 2436 704 2489 tabula
733 2437 920 2506 paucis
953 2435 1218 2490 interdum
1246 2438 1462 2490 minutis
1489 2437 1812 2505 discrepant.
1855 2436 2041 2506 Itaque
2080 2454 2522 2506 supervacaneum
2556 2454 2664 2496 erat
2701 2443 2821 2496 illos
2854 2443 3115 2495 recudere.

146 2523 366 2581 Succedit
409 2529 495 2582 his
529 2526 689 2583 Gaza:
735 2529 866 2582 liber
902 2527 980 2584 De
1012 2529 1299 2585 mensibus
1341 2528 1538 2585 Atticis
1561 2569 1578 2594 ,
1627 2545 1746 2584 cum
1778 2528 1974 2583 Latina
2023 2532 2256 2585 versione
2283 2529 2514 2586 Joannis
2545 2533 2771 2588 Perrclli
2801 2543 2921 2587 ante
2974 2543 3177 2588 centum
3209 2531 3314 2599 fere

93 2631 227 2670 annos
259 2617 421 2675 edita.

145 2711 258 2765 Tum
293 2714 349 2768 S.
382 2713 614 2770 Maximi
633 2717 882 2786 martyris
923 2717 1246 2786 Computus,
1274 2731 1426 2785 quem
1459 2729 1486 2767 e
1525 2710 1782 2768 Vaticana
1822 2715 2134 2770 bibliotheca
2173 2715 2571 2771 describendum
2608 2715 2807 2769 curavi.
2844 2713 3020 2782 Hujus
3066 2720 3310 2780 excerpta
3345 2703 3355 2711 ”

92 2805 290 2864 quaedam
316 2807 578 2878 Iosephus
629 2808 867 2881 Scaliger
895 2811 1036 2879 operi
1080 2810 1154 2864 De
1183 2808 1564 2864 emendatione
1595 2818 1897 2880 temporum
1944 2811 2269 2872 inseruerat;
2323 2819 2373 2863 et
2420 2809 2664 2863 uberibus
2695 2809 2830 2861 notis
2865 2806 3034 2860 erci
3079 2796 3312 2868 comput'

92 2899 345 2954 doctrinam
368 2901 666 2971 explicarat
692 2920 710 2956 :
740 2919 856 2973 qua:
887 2920 990 2967 res,
1013 2904 1090 2955 uti
1120 2912 1309 2956 cwtera
1343 2900 1489 2954 illius
1512 2901 1701 2967 operis,
1725 2901 1774 2955 ei
1801 2901 2082 2969 infeliciter
2117 2902 2390 2965 successit,
2433 2911 2490 2953 ut
2532 2917 2596 2955 ea:
2620 2899 3002 2955 dissertatione
3032 2905 3216 2952 nostra
3239 2894 3312 2948 De

91 2993 359 3048 Succorum
389 2997 518 3052 atris
545 3011 610 3050 ac
645 2996 913 3066 computis
943 2993 1179 3049 eruditus
1209 2997 1370 3047 lector
1392 2991 1668 3063 intelliget.
1701 2992 2001 3062 Adjecimus
2031 3001 2079 3047 et
2116 2991 2296 3047 Isaaci
2315 2992 2511 3063 Arggri
2541 3002 2842 3061 computum
2876 2988 3161 3058 duplicem,
3187 3004 3316 3057 quo-

93 3100 183 3136 rum
204 3090 336 3155 prior
366 3106 398 3141 a
429 3086 635 3141 Jacobo
665 3085 1038 3142 Christmanno
1082 3088 1309 3156 primum
1338 3084 1516 3140 Greece
1557 3094 1798 3156 vulgatus
1829 3096 1942 3149 est;
1975 3104 2069 3140 nos
2098 3085 2286 3140 Latine
2314 3087 2584 3152 vertimus,
2615 3095 2664 3140 et
2707 3085 3050 3153 posteriorem
3077 3080 3315 3150 ejusdem

94 3186 348 3243 computum
374 3194 438 3232 ex
464 3176 910 3232 Christianissimi
940 3179 1076 3248 regis
1095 3175 1406 3230 bibliotheca
1437 3173 1750 3234 subiecimus
1773 3176 2018 3246 beneﬁcio
2053 3177 2120 3232 cl.
2158 3177 2218 3233 V.
2259 3175 2475 3231 Nicolai
2505 3176 2745 3247 Rigaltii.
2780 3177 3018 3230 Accessit
3049 3173 3313 3229 perbrevis

95 3267 276 3323 Andrea:
304 3269 571 3324 Cretensis
604 3279 878 3340 computus
915 3271 1044 3324 olim
1076 3269 1144 3324 ad
1186 3286 1278 3323 nos
1305 3286 1336 3321 a
1371 3267 1435 3321 P.
1472 3269 1685 3323 Andrea
1713 3268 1928 3324 Schotto
1961 3272 2184 3335 missus,
2223 3287 2373 3340 quem
2413 3285 2478 3324 ex
2520 3268 2780 3324 Vaticana
2810 3285 2863 3324 se
2891 3267 3150 3337 accepisse
3175 3269 3316 3321 scri-

96 3369 207 3427 ptum
230 3365 452 3436 reliquit.

110 3489 1002 3514 Wa.

1007 3495 3298 3526 ...η-*Ἢ

1335 3596 1534 3648 ΠΕΡΙ
1613 3598 2050 3651 1ΠΠΛΡΧΟΥ

1475 3718 1541 3768 ἐκ
1569 3717 1678 3770 τῶν
1710 3718 1920 3771 Σουῖδα.

1173 3829 1543 3885 HIPPARCHI
1583 3829 1892 3886 ELOGIUM
1947 3830 1988 3883 Ε
2032 3829 2259 3886 SUIDA.

145 3965 420 4041 ἰππαρχος
472 3968 714 4032 Νικαεὺς
765 3969 1072 4040 φιλόσοφος,
1115 3969 1353 4038 γεγονὼς
1395 3969 1488 4022 ἐπὶ
1528 3966 1636 4019 τῶν

1822 3966 2162 4037 Hipparchus
2208 3967 2460 4024 Nicaenus
2509 3969 2894 4038 philosophus,
2943 3969 3037 4040 qui
3085 3969 3188 4024 fuit
3215 3973 3317 4028 sub

94 4056 294 4126 ὑπάτων,
345 4063 556 4134 ἔγραψε
597 4063 739 4130 Περὶ
789 4061 906 4116 τῶν·
933 4063 1180 4131 Ἀράτου
1237 4062 1589 4133 Φαινομένω

1821 4061 2083 4123 nsulibus,
2118 4061 2337 4130 scripsit
2365 4061 2443 4114 De
2467 4063 2621 4114 Arati
2656 4062 3032 4131 phamomenis,
3078 4063 3155 4116 De
3189 4065 3316 4118 stel-

92 4152 196 4216 οτερὶ
216 4153 317 4222 τῆς
340 4155 459 4210 τῶν
478 4154 770 4210 ἀπλανῶν
799 4156 1163 4222 συντάξεως,
1189 4156 1286 4209 καὶ
1321 4154 1426 4208 τοῦ
1444 4169 1587 4218 ,κατι

1820 4169 1919 4205 ἀηι
1941 4154 2293 4206 inerrantium
2317 4153 2708 4216 constitutione,
2740 4165 2790 4207 et
2820 4154 3037 4208 immota
3059 4157 3315 4220 statione;

89 4249 404 4317 στηριγμοῦ’
443 4249 583 4318 περὶ
622 4247 731 4317 τῆς
765 4249 914 4302 κατὰ
954 4250 1181 4315 πλάτος
1203 4249 1482 4317 μηνιαίας
1527 4245 1584 4310 ti

1851 4254 2116 4298 menstruo
2151 4245 2290 4298 luna:
2324 4254 2468 4297 motu
2499 4243 2780 4297 secundum
2814 4245 3168 4312 latitudinem,
3192 4247 3318 4300 etin

90 4336 320 4408 σελήνης
347 4341 671 4411 κινήσεως,
702 4341 801 4394 καὶ
827 4344 915 4408 εις
942 4342 1084 4407 τοὺς
1120 4342 1539 4410 ἀστερισμούς.

570 4359 671 4408 ως,
702 4341 801 4394 καὶ
827 4344 915 4408 εις
942 4342 1084 4407 τοὺς
1120 4342 1539 4410 ἀστερισμούς.
1744 4339 2065 4392 asterismos.

1667 4456 1727 4474 ἰι-

1249 4542 1406 4594 ΠΕΡΙ
1455 4537 1798 4592 AXIAAEQL‘
1843 4535 2135 4587 ΣΤΑΤΙΟΥ

1478 4659 1542 4710 ὲκ
1579 4651 1672 4709 τοῦ
1710 4649 1893 4706 αὑτοῦ.

1099 4771 1205 4842 [DE
1243 4771 1537 4827 ACHILLE
1577 4769 1834 4826 STATIO
1875 4767 1963 4821 EX
2006 4765 2276 4823 EODEM.‘

153 4889 406 4960 Ἀχιλλεὺς
423 4893 673 4960 Στάτιος,
690 4893 1084 4965 Ἀλεξανδρεὺς.
1107 4897 1136 4949 ὁ
1158 4895 1373 4966 γράψας
1393 4895 1462 4949 τὰ
1486 4896 1637 4948 κατὰ

1820 4890 2053 4945 Achilles
2073 4887 2302 4954 Statius,
2335 4887 2740 4945 Alexandrinus
2765 4929 2780 4957 ,
2807 4889 2901 4958 qui
2938 4888 3016 4944 De
3055 4887 3315 4963 Leucippe

92 4981 406 5053 Λευκίππην
433 4985 533 5038 καὶ
563 4983 999 5054 Κλειτοφῶντα,
1038 4987 1132 5039 καὶ
1153 4985 1285 5040 ἄλλα
1309 4983 1547 5055 ἐρωτικὰ
1579 4985 1587 5034 i

1832 4982 2166 5049 Clitophonte
2187 4981 2430 5051 scripsit,
2459 4988 2512 5035 et
2545 4981 2650 5033 alia
2675 4980 2942 5034 amatoria
2971 4981 3128 5036 libris
3154 4991 3310 5047 octo;

96 5065 284 5138 βιϐλίοις
309 5083 376 5147 η’,
405 5077 633 5145 γέγονεν
671 5075 896 5145 ἔσχατον
924 5075 1245 5146 Χριστιανὸς
1287 5075 1380 5127 καὶ
1407 5073 1591 5125 ἐπίσκς

1822 5073 1958 5127 Idem
1996 5071 2173 5126 factus
2204 5079 2288 5128 est
2329 5072 2676 5128 Christianus
2722 5079 2776 5128 et
2821 5075 3133 5145 episcopus.
3169 5073 3317 5130 Scri-

94 5176 187 5224 πῡς.
215 5167 451 5240 Ἔγραψε
481 5169 539 5221 δὲ
563 5167 702 5235 Περὶ
747 5167 1028 5236 σφαίρας,
1085 5166 1185 5220 καὶ
1216 5163 1589 5234 ἐτυμολογίας

1826 5173 1847 5218 t
1874 5164 1948 5219 De
1977 5165 2205 5234 sphaera,
2230 5172 2284 5219 et
2305 5165 2664 5236 Etymologia,
2693 5173 2746 5222 et
2773 5166 3072 5222 Historiam
3109 5169 3318 5222 miscel-

95 5255 167 5306 καὶ
200 5259 474 5329 Ἱστορίαν
495 5261 853 5330 σύμμικτον,
890 5259 1100 5314 πολλῶν
1133 5259 1228 5311 καὶ
1258 5256 1508 5327 μεγάλων
1541 5273 1590 5308 κς

1822 5271 1949 5311 ream
1969 5271 1988 5321 ;
2023 5272 2144 5326 quae
2180 5257 2496 5323 multorum,
2524 5265 2578 5313 et
2602 5274 2922 5330 magnorum
2944 5300 2958 5324 ,
2991 5269 3046 5315 et
3081 5259 3317 5315 admira-

92 5338 371 5414 θαυμασίων
390 5349 601 5421 ἀνδρῶν
625 5367 730 5420 μνη
739 5347 1088 5419 μονεύουσαν.
1123 5346 1185 5402 Ὀ
1208 5346 1263 5398 δὲ
1291 5346 1449 5414 λόγος
1469 5345 1587 5398 αὐτ(

1822 5350 1929 5404 ium
1965 5350 2210 5404 virorum
2255 5350 2590 5407 mentionem
2641 5351 2793 5407 facit.
2824 5351 2999 5422 Ipsius
3026 5367 3154 5406 vero
3195 5367 3317 5406 ora-

93 5437 207 5489 κατὰ
229 5440 397 5494 πάντα
419 5444 604 5513 ὅμοιος
629 5445 741 5504 τοῖς
761 5443 1066 5513 ἐρωτικοῖς.

1848 5441 1905 5496 in
1959 5442 2214 5498 omnibus
2269 5458 2498 5513 prorsus
2545 5453 2630 5500 est
2669 5447 2950 5501 amatoriis
2978 5444 3316 5500 orationibus

1741 5533 1958 5589 similis.

150 5615 379 5704 Heminit-
401 5637 450 5678 et
480 5625 702 5704 Achillis
742 5625 882 5704 Tatii
915 5625 1132 5704 I_’_hotius
1164 5623 1278 5704 cod.
1315 5639 1555 5704 Lx_xxvr_t,
1587 5625 1677 5680 ubi
1698 5645 1799 5704 non
1825 5630 2052 5704 Στάξιον
2083 5641 2254 5704 vocat,
2287 5633 2379 5688 sed
2417 5635 2633 5704 Τάτιον,
2662 5634 3099 5704 quemadmodum
3131 5642 3178 5687 et
3210 5631 3320 5686 Pa-

95 5680 264 5771 ίᾳίξηπὲ
288 5697 720 5771 είῆάεκλέαδεδαίν
749 5697 884 5771 “Me
905 5695 1258 5771 δίὶῑορίιοηιὶᾗ
1287 5705 1336 5747 et
1370 5680 1656 5771 Lettcippes
1684 5680 3176 5771 Αρτὼνεέἐὸῆτιὶιὲίῧιίἱίὲἇίάῖἰ’Νὶιήἷἷιί’ἱὲῖἇ’ἓ.ἷὲί’-ἷὸνέ
3197 5680 3321 5771 ιῖνεῦ-

93 5752 205 5817 lecta
233 5762 381 5817 lectio
419 5765 642 5833 videtur,
677 5752 894 5833 repetita
918 5752 1189 5836 perperam
1221 5765 1397 5821 littera
1428 5764 1467 5816 Σ
1487 5752 1588 5834 εἴ]

842 5776 894 5819 ta
918 5752 1189 5836 perperam
1221 5765 1397 5821 littera
1428 5764 1467 5816 Σ
1487 5752 1740 5834 εέρτίονὶ
1765 5752 1992 5838 nomine,
2034 5752 2335 5835 ’Ᾱν-ιλλέὧςί

303 5862 578 5920 Ρηιιοι.
612 5859 728 5922 Gn.
752 5863 918 5942 XIX

2921 5867 2995 5925 2s
