3786 6314
459 286 567 343 ῚΙσἹ

1353 231 1369 250 Ο
1443 282 1532 336 AD
1569 280 1840 337 EUSEBII
1878 277 2274 336 CH-RONICON
2307 278 2679 336 APPENDIX.
3582 279 3675 339 πιὶ

456 479 3669 514 Mm

1346 636 1823 755 ΓΕΜΙΝ
1833 632 2031 749 ΟΥ
2086 634 2858 749 οΕΙΣΑΓΩΓΗ

1738 850 1844 903 ΕΙΣ
1885 850 1975 902 TA
2015 849 2434 905 ΦΑῙΝΟΜΕΝΛ.

990 1205 1446 1298 GEMINI
1538 1201 2183 1292 ELEMENTA
2268 1197 3134 1294 ASTRONOMI/E.

1538 1419 1892 1499 interprete
1924 1425 2145 1489 Edone
2184 1422 2514 1487 Hilderico
2544 1424 2620 1485 D.

1012 1723 1060 1796 1
1114 1718 1343 1780 CAPUT
1377 1724 1420 1779 ι.

517 1834 787 1894 Zodiacus
817 1835 1058 1892 circulus
1103 1836 1156 1890 in
1188 1836 1471 1891 duodecim
1523 1836 1781 1894 dividitur
1821 1852 2023 1911 partes,

449 1936 613 2000 atque
645 1929 841 1983 horum
886 1936 1290 1998 segmentorum
1323 1931 1754 2002 unumquodque
1792 1948 2020 2003 genera-

451 2021 573 2075 liter
618 2020 836 2091 quidem
878 2029 1107 2074 vocatur
1152 2019 1653 2088 dodecatemorion,
1690 2024 1744 2078 id
1778 2032 1862 2080 est
1890 2041 2019 2096 pars

449 2110 798 2175 duodecima,
833 2110 1144 2180 specialiter
1178 2126 1305 2166 vero
1332 2112 1546 2183 signum
1587 2131 1601 2169 :
1637 2115 1800 2185 idque
1829 2131 1859 2170 a
1892 2120 2022 2175 stel-

449 2200 538 2262 lis,
565 2215 701 2270 quas
735 2203 997 2262 continet.
1047 2209 1100 2256 et
1128 2215 1159 2255 a
1193 2203 1393 2272 quibus
1434 2205 1597 2259 etiam
1647 2217 1853 2262 certam
1904 2207 2018 2263 elli-

447 2291 588 2362 giem
640 2293 884 2348 sortitur.
945 2293 1083 2350 Sunt
1112 2304 1289 2350 autem
1330 2296 1444 2351 haec
1470 2297 1756 2353 duodecim
1805 2300 1960 2371 signa
2002 2320 2015 2355 :

443 2385 622 2451 Aries,
657 2384 891 2451 Taurus,
926 2387 1163 2453 Gemini,
1195 2388 1426 2455 Cancer,
1449 2388 1576 2453 Leo,
1609 2388 1797 2462 Virgo,
1831 2390 2016 2458 Libra,

447 2472 728 2547 Scorpius,
782 2464 1146 2547 Sagittarius,
1202 2477 1596 2550 Capricornus,
1640 2482 1917 2554 Aquarius
1963 2492 2019 2540 et

441 2567 650 2622 Pisces.

510 2658 719 2716 Dicitur
757 2659 971 2731 signum
1023 2661 1237 2717 duobus
1285 2663 1500 2719 modis:
1541 2681 1673 2729 uno,
1713 2666 2015 2721 secundum

448 2767 610 2821 quem
638 2762 725 2808 est
752 2754 1077 2810 duodecima
1120 2769 1247 2824 pars
1276 2755 1486 2809 zodiaci
1521 2775 1535 2810 :
1566 2771 1688 2825 qua:
1728 2765 1814 2812 est
1848 2757 2018 2813 inter-

440 2841 641 2898 vallum
681 2843 954 2914 quoddam
987 2844 1182 2908 locale,
1225 2850 1372 2915 quod
1411 2846 1493 2901 vel
1523 2846 1721 2911 stellis,
1764 2848 1849 2902 vel
1880 2863 2018 2917 pun-

442 2937 545 2991 ctis
573 2936 1000 3004 determinatur;
1028 2940 1220 3003 altero,
1254 2938 1555 2994 secundum
1587 2955 1749 3009 quem
1775 2947 1860 2995 est
1889 2956 2016 2996 con-

2048 1737 2099 1796 Α

2648 1727 3041 1781 ΚΕΦΑΛΑΙΟΝ
3091 1726 3169 1781 A'.

2215 1847 2258 1900 0
2282 1845 2389 1899 τῶν
2411 1842 2616 1907 ζωδίων
2634 1841 2832 1904 κύκλος
2854 1842 3144 1913 διαιρεῖται
3170 1842 3250 1905 εἰς
3279 1841 3421 1914 μέρη
3447 1838 3671 1906 δεκαδύο,

2120 1935 2214 1989 καὶ
2235 1934 2481 1989 καλεῖται
2514 1931 2708 1996 κοινῶς
2736 1931 2833 2002 μὲν
2861 1931 3092 1985 ἕκαστον
3128 1931 3238 1984 τῶν
3255 1931 3555 2002 τμημάτων
3580 1931 3671 1987 δω-

2120 2026 2513 2098 δεκατημόριον
2537 2042 2551 2056 ·
2597 2025 2741 2088 ἰδίως
2794 2024 2854 2077 δὲ
2904 2023 3012 2077 ἀπὸ
3055 2023 3164 2078 τῶν
3218 2023 3673 2096 ἐμπεριεχομένων

2120 2119 2383 2190 ἀστέρων,
2421 2117 2510 2186 ὑφ’
2554 2109 2630 2170 ὧν
2680 2115 2775 2168 καὶ
2823 2114 3177 2168 διατυποῦται
3231 2115 3459 2168 ἕκαστον
3512 2113 3672 2167 αὐτῶν

2121 2209 2328 2275 ζὼδιον.
2360 2210 2515 2263 Ἐστι
2556 2208 2614 2262 δὲ
2642 2208 2737 2262 καὶ
2773 2209 2842 2264 τά
2878 2208 3084 2262 δώδεκα
3124 2204 3289 2270 ζώδια
3320 2206 3467 2271 τάδε,
3500 2205 3670 2277 Κριὸς.

2120 2302 2350 2373 Ταῦρος,
2382 2301 2624 2371 Δίδυμοι,
2653 2300 2946 2372 Καρκίνος,
2975 2299 3146 2361 Λέων,
3172 2297 3468 2370 Παρθένος,
3497 2296 3668 2365 Ζυγὸς,

2119 2390 2408 2461 Σκορπίος,
2432 2389 2686 2462 Τοξότης,
2703 2389 3037 2460 Διγόκερως,
3064 2387 3370 2458 ’Υδροχόος,
3398 2386 3610 2458 Ἰχθύος.

2187 2673 2361 2743 Διχῶς
2393 2672 2451 2726 δὲ
2489 2672 2706 2741 λέγεται
2731 2671 2808 2743 (Ι)
2844 2670 3033 2736 ζώδιον
3052 2690 3067 2703 ’
3096 2672 3215 2726 καθ’
3244 2672 3342 2726 ἕνα
3370 2672 3468 2744 μὲν
3490 2672 3672 2745 τρόπον

2114 2764 2175 2818 τὸ
2197 2750 2302 2836 ιβ”θ
2329 2765 2495 2838 μέρος
2526 2764 2619 2818 τοῦ
2657 2763 2921 2828 ζωδιακοῦ
2956 2765 3155 2819 κύκλου
3175 2782 3189 2795 ’
3221 2766 3250 2818 ὅ
3274 2766 3392 2818 ἐστι
3419 2760 3674 2833 διάστημά

2112 2872 2165 2909 τι
2191 2856 2379 2920 τόπου,
2406 2857 2440 2926 ἢ
2480 2857 2723 2928 ἄστροις,
2753 2856 2786 2927 ἢ
2822 2857 3070 2928 σημείοις
3095 2855 3490 2929 ἀφοριζόμενον
3512 2873 3524 2885 ·
3561 2853 3670 2908 καθ’

2111 2947 2297 3019 ἕτερον
2346 2948 2403 3001 δὲ
2437 2947 2517 3001 τὸί
2538 2949 2604 3002 ὲκ
2664 2946 2774 3002 τῶν
2835 2948 3081 3019 ἀστέρων
3133 2946 3671 3018 εἰδωλοπεποιημένον

442 3029 680 3083 stellatio
730 3029 977 3100 quzedam
1004 3069 1019 3094 ,
1070 3046 1133 3086 ex
1168 3030 1417 3101 pluribus
1462 3030 1636 3086 stellis
1689 3033 2009 3102 composita,

2124 3038 2257 3094 κατᾶ
2277 3042 2375 3112 τὴν
2401 3041 2693 3113 ὁμοιότητα
2720 3042 2817 3095 καὶ
2840 3042 2939 3114 τὴν
2972 3041 3122 3096 eam
3153 3040 3262 3095 τῶν
3290 3040 3556 3111 ἀστέρων.

441 3117 739 3172 secundum
770 3119 1201 3183 similitudinem,
1230 3128 1283 3175 et
1317 3121 1480 3175 situm
1513 3120 1814 3175 stellarum.

512 3204 955 3261 Dodecatemoria
981 3207 1166 3278 igitur,
1196 3208 1379 3279 quoad
1407 3210 1839 3280 magnitudinem
1870 3210 2013 3266 inter

441 3311 501 3351 se
542 3304 671 3353 sunt
718 3299 968 3368 requalia,
1027 3315 1091 3354 eo
1125 3300 1273 3370 quod
1310 3300 1569 3355 zodiacus
1621 3300 1674 3355 in
1724 3300 2010 3356 duodecim

443 3401 620 3459 partes
649 3390 884 3459 aequales
932 3398 1016 3445 est
1054 3389 1267 3446 divisus
1291 3409 1307 3447 :
1331 3399 1389 3445 at
1420 3392 1597 3461 signa,
1632 3407 1755 3462 qua:
1787 3407 1854 3446 ex
1888 3392 2011 3448 lixis

439 3480 613 3535 stellis
645 3489 774 3536 sunt
803 3482 1129 3552 composita,
1165 3498 1345 3553 neque
1370 3484 1513 3538 inter
1540 3498 1599 3540 se
1622 3491 1753 3539 sunt
1780 3483 2012 3554 aequalia

439 3572 617 3641 quoad
651 3572 1102 3644 magnitudinem,
1164 3589 1342 3644 neque
1395 3589 1463 3629 ex
1500 3574 1804 3644 aequalibus
1837 3574 2012 3630 stellis

440 3675 567 3722 sunt
595 3667 918 3736 composita,
944 3680 1121 3735 neque
1141 3666 1359 3735 explent
1388 3666 1609 3736 propria
1638 3665 1814 3734 spatia
1846 3666 2015 3721 dode-

441 3757 901 3822 catemoriorum;
961 3755 1059 3810 sed
1099 3756 1348 3826 quaedam
1383 3757 1455 3811 ab
1491 3756 1805 3825 huiusmodi
1832 3757 2017 3826 exple-

442 3848 585 3901 tione
608 3846 887 3909 deﬁciunt,
910 3854 970 3901 ut
997 3846 1228 3913 Cancer,
1250 3863 1476 3918 parvum
1501 3849 1645 3903 enim
1669 3849 1903 3920 spatium
1930 3848 2016 3904 sui

441 3937 646 4008 proprii
686 3937 793 3993 loci
819 3945 1053 4007 occupat
1080 3960 1092 3994 :
1117 3940 1371 4009 quaedam
1404 3955 1537 3996 vero
1568 3942 1714 3995 ultra
1746 3956 1848 3997 sua
1879 3955 2006 4013 pro-

441 4029 557 4099 pria
604 4029 723 4083 loca
767 4031 1152 4096 extenduntur,
1200 4040 1253 4086 et
1286 4038 1470 4102 partes
1507 4033 1771 4104 quasdam
1802 4047 2007 4103 praece-

443 4118 683 4175 dentium
731 4128 787 4176 et
831 4122 1174 4193 sequentium
1245 4124 1527 4194 signorum
1579 4133 1889 4196 occupant,
1950 4132 2010 4179 ut

442 4208 569 4268 Leo.

2178 3218 2260 3273 Τά
2295 3218 2393 3289 μὲν
2428 3214 2522 3271 οὖν
2563 3216 3012 3289 δωδεκατημόρια
3046 3218 3136 3272 an
3171 3219 3291 3272 ἐστὶ
3317 3217 3461 3272 κατὰ
3494 3215 3553 3271 τὸ
3588 3216 3674 3289 μι-

2108 3310 2269 3380 γεθος
2287 3326 2300 3341 ⁸
2339 3309 2593 3381 διῄρηται
2619 3311 2634 3341 ¹
2657 3310 2715 3362 δὲ
2741 3312 2770 3363 ὁ
2795 3310 2903 3362 τῶν
2931 3309 3136 3375 ζωδίων
3159 3310 3358 3374 κύκλος
3389 3312 3467 3373 εἰς
3497 3308 3562 3381 ιβ’
3586 3308 3673 3379 μέ-

2113 3420 2179 3476 ρη
2214 3402 2333 3456 ῐσα·
2365 3402 2435 3455 τὰ
2462 3401 2518 3454 δὲ
2551 3401 3025 3474 κατηστερισμένα
3047 3402 3068 3433 ¹
3102 3399 3271 3466 ζώδια
3296 3401 3420 3455 οὔτε
3455 3403 3543 3455 (ca.
3566 3400 3673 3455 ἐστὶ

2109 3493 2251 3549 κατά
2270 3493 2330 3546 τὸ
2366 3491 2615 3563 μέγεθος,
2646 3492 2770 3545 οὕτε
2802 3492 2862 3557 ἐξ
2886 3493 3015 3546 ῐσων
3047 3493 3295 3566 ἀστέρων
3321 3494 3667 3564 συνέστηκενο

2109 3585 2233 3640 οὕτε
2269 3584 2446 3638 πάντα
2467 3583 2735 3656 ἐκπληροῖ
2758 3585 2834 3654 (2)
2860 3586 2987 3648 τοὺς
3020 3584 3180 3649 ἰδίους
3206 3586 3409 3650 τόπους
3437 3586 3544 3639 τῶν
3575 3586 3670 3638 δω-

2110 3677 2543 3751 δεκατημορίων,
2570 3676 2685 3730 ἀλλ’
2718 3676 2755 3730 ἃ
2784 3676 2883 3747 μὲν
2916 3676 3172 3741 ἐλλείπει,
3201 3677 3454 3749 καθάπερ
3475 3679 3504 3730 ὁ
3531 3680 3672 3748 Καρ-

2112 3769 2278 3833 κίνος,
2310 3767 2503 3840 μικρὸν
2531 3767 2589 3821 δὲ
2615 3768 2780 3821 τόπον
2812 3766 2995 3838 ἐπέχει
3030 3768 3126 3821 τοῦ
3162 3768 3293 3821 ἰδίου
3331 3769 3528 3822 τόπων
3556 3768 3592 3823 ἃ
3622 3765 3670 3821 δὲ

2114 3861 2467 3934 ὑπερπίπτει,
2499 3861 2593 3915 καὶ
2629 3861 2771 3932 μέρη
2802 3859 2927 3914 τινὰ
2950 3860 3058 3913 τῶν
3100 3861 3549 3932 προηγουμένων,
3585 3857 3672 3913 καὶ

2108 3952 2217 4008 τῶν
2273 3952 2554 4024 ἑπομένων
2603 3950 2811 4016 ζωδιων
2866 3951 3229 4023 ἐπιλαμϐάνει
3260 3951 3316 4016 ⁸,
3361 3952 3611 4022 καθάπερ
3644 3948 3673 4002 ὁ

2110 4045 2284 4101 Λέων.

508 4371 525 4401 ⁸
562 4387 652 4440 γρ.
686 4370 913 4444 δεοπτρα
942 4372 1053 4445 γὰρ
1077 4372 1352 4446 διῄρηται.
1428 4375 1449 4405 ²
1479 4392 1569 4445 no.
1597 4374 2094 4447 κατεστηριγμένα.
2172 4372 2194 4404 ³
2220 4389 2313 4442 7p.
2341 4366 2840 4443 ἑπιλαμϐανὸμενα.

500 4524 581 4607 (l)
614 4527 797 4609 ᾼιχῷς
828 4527 897 4581 δὲ
920 4529 1174 4609 λέγεται.
1206 4527 1475 4609 Zodiacus
1496 4529 1693 4609 duplex
1714 4539 1821 4609 est,
1852 4526 1998 4609 quod
2025 4540 2033 4584 ι

2124 4542 2273 4609 [nam
2292 4523 2662 4609 Hipparchum
2696 4526 2963 4609 sequitur.
2999 4525 3185 4609 Neque
3209 4528 3272 4582 τὸ
3296 4529 3525 4609 ἀκριϐὲς
3551 4545 3675 4609 con-

437 4596 852 4669 adinstitutum
906 4596 1155 4653 nostrum
1206 4600 1488 4669 pertinet:
1531 4596 1669 4653 alter
1717 4599 1771 4652 in
1820 4596 1998 4668 primo

437 4667 642 4732 mobili,
675 4670 769 4737 qui
802 4670 966 4722 situm
999 4684 1106 4723 non
1151 4667 1357 4731 mutat,
1391 4670 1495 4722 hoc
1532 4678 1615 4723 est
1657 4667 2001 4723 intersectio-

440 4752 534 4808 nes
552 4739 780 4808 easdem
820 4747 1085 4807 perpetuo
1132 4739 1253 4805 ejus
1287 4738 1535 4807 ecliptica
1584 4753 1708 4791 cum
1755 4745 2001 4808 aequino-

438 4806 584 4861 ctiali
636 4806 874 4862 retinet:
910 4816 965 4861 et
1009 4819 1093 4863 est
1143 4806 1441 4877 imaginum
1488 4823 1715 4877 expers;
1761 4806 1898 4861 alter
1944 4807 1996 4861 in

434 4877 565 4932 orbe
602 4877 819 4933 stellato
868 4879 960 4945 qui
1014 4880 1093 4940 εἰς
1144 4876 1214 4928 τὰ
1249 4878 1507 4947 ἑπόμενα
1532 4876 1879 4947 progressum
1914 4878 1998 4930 fa-

437 4950 609 5011 ciens,
635 4950 691 5001 in
724 4947 847 5001 aliis
862 4954 928 5001 et
962 4948 1083 5002 aliis
1117 4949 1337 5015 punctis
1358 4946 2001 5002 ’continue’intersectio-

436 5032 533 5071 nes
554 5033 677 5071 cum
704 5017 1068 5087 aequinoctiali
1104 5017 1255 5087 facit.
1288 5015 1464 5087 Hujus
1498 5019 1716 5087 propria
1744 5026 1869 5073 sunt
1898 5017 2001 5081 ζώ-

433 5089 553 5150 δια,
610 5090 725 5142 sive
771 5085 1054 5140 ’asterismi
1122 5085 1706 5142 dodecatemor'iorum.
1786 5087 2001 5142 Primus

441 5155 801 5226 Hipparchus,
830 5156 1043 5209 collatis
1067 5156 1216 5211 inter
1244 5173 1303 5213 se
1326 5166 1566 5212 veterum
1588 5174 1652 5211 ac
1675 5158 1789 5212 suis
1813 5159 2001 5211 obser-

441 5227 765 5289 vationibus,
810 5226 1124 5294 suspicatus
1153 5234 1239 5281 est
1275 5229 1478 5283 moveri
1519 5229 1572 5281 in
1607 5228 2000 5297 consequentia

436 5297 727 5368 signorum
774 5302 1024 5368 octavam
1056 5298 1378 5368 sphaeram”
1431 5297 1675 5368 adeoque
1728 5299 1998 5368 duplicem

435 5364 557 5421 esse
609 5364 915 5439 zodiacum.
954 5364 1071 5421 Sed
1100 5364 1243 5438 quod
1287 5364 1602 5439 ὁλοσχερεῐξ
1623 5364 1865 5437 ρι’ἱοτιίιιι
1898 5368 1998 5421 ob-

435 5385 557 5421 esse
609 5385 915 5419 lOtllacuul.
966 5385 1071 5421 aeu
1100 5385 1243 5438 quoa
1287 5385 1472 5439 οΛοσχε
1514 5385 1590 5429 εις
1623 5385 1865 5437 priorum
1898 5385 1998 5421 oo-

435 5436 772 5509 ser‘vationes
828 5435 1038 5509 forent,
1084 5454 1261 5509 neque
1296 5439 1438 5495 satis
1479 5385 1695 5509 fongum
1744 5446 1889 5509 esset
1919 5439 2002 5509 in-

437 5505 719 5574 terjectum
768 5506 1036 5575 spatium,
1084 5505 1194 5580 non
1224 5505 2002 5580 penitusiamrrnavit._iPtole-

436 5591 604 5649 maeus
676 5574 813 5630 vero
865 5591 1007 5649 remg
1055 5574 1243 5649 plane'
1286 5578 1518 5635 deﬁniit.
1582 5574 1708 5631 Haec
1768 5578 2001 5649 dicenda

437 5645 768 5718 iueruut,ne
798 5646 923 5718 quis
956 5646 1008 5701 id
1042 5645 1072 5701 εἰ
1101 5647 1331 5705 Gemino
1361 5649 1588 5718 miretur
1609 5662 1731 5703 esse
1755 5648 2001 5718 praeteri-

435 5730 565 5784 tum,
601 5717 726 5788 qui,
773 5726 829 5771 ut
865 5717 918 5773 in
960 5718 1240 5791 plerisque
1292 5720 1436 5786 aliis,
1470 5717 1770 5773 Eudoxum
1792 5718 1996 5788 potius,

2105 4595 2541 4671 sectatur,_quod
2571 4611 2670 4650 nec
2707 4595 2808 4650 fuit
2829 4613 3057 4671 necesse
3072 4595 3396 4671 Δεἰσαγωγὴν
3420 4616 3481 4655 ac
3501 4602 3672 4671 prima

2104 4666 2271 4736 hujus
2289 4667 2423 4721 artis
2447 4667 2715 4721 elementa
2741 4668 3026 4723 scribenti.
3058 4666 3331 4735 Quocirca
3354 4666 3424 4726 de
3452 4666 3675 4725 zodiaca

2105 4738 2187 4811 sic
2221 4736 2477 4805 loquitur,
2513 4738 2670 4811 quasi
2711 4738 2875 4811 unius
2907 4739 3059 4811 orbis
3099 4748 3268 4811 esset,
3300 4755 3367 4794 ac
3393 4755 3673 4811 nunquam

2106 4807 2270 4880 situm
2324 4812 2579 4880 mutaret.
2618 4805 3081 4880 ‘Dodecalemoria
3128 4810 3245 4863 veri
3298 4805 3545 4871 zodiaci;
3586 4810 3676 4880 qui

2104 4884 2190 4932 est
2223 4876 2276 4929 in
2311 4876 2489 4946 primo
2525 4876 2734 4940 mobili,
2769 4877 2837 4932 de
2870 4875 3103 4945 ζωδίοις,
3148 4886 3204 4933 et
3245 4881 3552 4935 asterismis
3580 4875 3676 4934 vo-

2104 4946 2465 5019 eabulagtunc
2495 4956 2844 5019 acceperunt,
2885 4962 3010 5019 cum
3039 4965 3104 5004 ea
3137 4951 3518 5005 continerent:
3551 4960 3674 5019 puta

2102 5017 2260 5072 Aries
2286 5016 2466 5071 dictus
2509 5027 2596 5071 est
2624 5018 2859 5091 primum
2892 5018 3400 5086 dodecatemorion,
3432 5016 3579 5091 quod
3622 5022 3676 5073 in

2102 5104 2167 5142 eo
2202 5095 2331 5160 tunc
2366 5097 2509 5160 esset
2542 5089 2864 5160 asterismus
2912 5094 3119 5160 octava:
3162 5091 3420 5160 spirante;
3449 5089 3543 5146 cui
3575 5091 3677 5146 hoc

2101 5159 2423 5227 vocabulum
2469 5157 2698 5211 inditum
2734 5166 2840 5219 est.
2872 5160 3017 5227 quod
3050 5157 3301 5226 Metonis,
3343 5159 3577 5224 Eudoxi,
3613 5175 3675 5213 ac

2101 5225 2380 5301 Ptolemaei
2431 5228 2660 5301 saeculis
2693 5225 2950 5284 accurate
2999 5232 3248 5301 contigit.
3290 5225 3506 5287 Nostro
3548 5245 3677 5286 vero

2102 5298 2317 5369 longius
2358 5300 2413 5352 in
2464 5299 2762 5369 posteriora
2809 5301 3085 5369 progressi
3114 5298 3242 5354 sunt
3281 5303 3581 5365 asterismi,
3613 5314 3677 5355 ac

2100 5367 2217 5423 toti’
2246 5368 2369 5439 fere,
2391 5376 2545 5423 extra
2587 5367 2853 5439 ὁμώνυμα
2891 5367 3168 5439 segmenta
3217 5375 3551 5429 consistunt.
3596 5370 3676 5425 Ex

2101 5438 2597 5514 quoinplerisque
2626 5438 2799 5514 stellis
2829 5438 3146 5496 latitudines
3178 5456 3209 5494 a
3244 5458 3370 5497 vera
3397 5442 3672 5514 ecliptica,

2100 5517 2156 5563 et
2199 5509 2592 5564 declinationes
2635 5509 2935 5565 immutatae
2979 5519 3126 5575 sunt,
3176 5519 3235 5566 ut
3269 5509 3545 5569 australes
3579 5516 3677 5569 tte-

2100 5586 2245 5642 rent,
2280 5594 2401 5646 qua:
2428 5586 2582 5633 erant
2611 5579 2880 5641 boreales.
2908 5587 2963 5635 et
2988 5590 3197 5639 contra.

2172 5648 2247 5721 (2)
2285 5647 2677 5726 Oﬁre_a{¢irta
2719 5649 3027 5719 ἐκπληροῖ.
3066 5650 3215 5726 _Vide
3260 5650 3669 5726 Hipparchum,

2100 5718 2192 5775 lib.
2224 5735 2284 5783 ll,
2317 5719 2419 5776 sub
2451 5718 2686 5774 initium.
