3786 6340
106 397 188 448 719
1105 398 1341 485 GEMINI
1378 400 1745 456 ELEMEN'I‘A
1775 405 2270 476 ASTRONOMIAS.

3198 423 3302 475 7320

159 509 259 559 Ἔτι
286 505 339 558 δέ
370 524 492 560 τινα
523 507 630 561 τῶν
663 509 731 580 ιβ’
754 508 958 574 ζωδίων
982 511 1103 565 οὔτε
1139 514 1230 567 ὅλα
1256 519 1430 570 κεῖται
1463 517 1521 568 ἐν
1550 514 1615 585 τᾷ

1800 518 1850 587 2
1883 517 2146 576 Praeterea
2168 539 2233 577 ex
2257 522 2542 580 duodecim
2573 527 2744 598 signis
2791 531 3036 601 quaedam
3079 550 3145 590 ne
3188 544 3301 590 tota

102 599 310 670 ζωδιακῷ
345 599 559 670 κύκλῳ·
599 601 712 654 ἀλλ’
744 601 779 654 ἃ.
815 604 913 674 μέν
948 607 1064 658 ἐστι
1098 605 1410 680 βορειότερα
1439 607 1627 673 αύτοῦ,

101 691 310 763 καθάπερ
341 695 370 744 6
401 692 586 746 Λέων·
623 692 658 747 ἃ.
691 692 746 746 δὲ
777 694 1092 768 νοτιὼτερα,
1113 697 1362 770 καθάπερ
1400 699 1429 751 ό
1460 701 1629 771 Σκορ-

99 800 211 844 mag.

143 874 287 927 Πάλιν
314 874 545 930 ἕκαστον
578 877 685 931 τῶν
712 876 1203 952 δωδεκατημορίων
1227 881 1516 954 διαιρεῖται
1547 883 1627 947 είς

100 966 212 1036 μέρη
239 966 298 1028 λ’,
339 967 432 1020 καὶ
459 968 701 1022 καλεῖται
739 969 799 1022 τὸ
827 969 885 1022 ἓν
908 971 1106 1042 τμῆμα
1138 974 1320 1043 μοῖρα.
1345 972 1508 1027 Ὥστε
1534 973 1626 1026 τὸν

97 1055 191 1107 ὃλον
222 1056 407 1109 κύκλον
454 1057 564 1111 τῶν
612 1060 817 1124 ζωδίων
855 1061 1130 1132 περιέχειν
1163 1062 1345 1132 ,ζὼδια
1398 1063 1497 1136 μὲν
1533 1062 1622 1134 ιβ’,

99 1146 261 1217 μοίρας
287 1147 340 1199 δὲ
362 1149 456 1213 τξ.

161 1237 210 1288 ’0
222 1236 272 1289 δέ
288 1237 432 1308 ἥλιος
446 1240 674 1311 ἐνιαυτῷ
691 1241 767 1312 (ὅ)
793 1241 813 1273 ⁸
837 1241 1218 1315 διαπορεύεται
1245 1244 1336 1298 τὸν
1361 1245 1623 1312 ζωδιακὸν

94 1328 277 1383 κύκλον.
317 1331 468 1384 Ἔστι
515 1332 622 1402 γὰρ
669 1334 939 1399 ἐνιαύσιος
971 1335 1191 1407 χρόνος,
1223 1338 1280 1389 ἐν
1327 1331 1372 1405 ᾧ
1414 1339 1442 1390 6
1474 1337 1623 1408 ἥλιος

94 1423 476 1494 περιπορεύεται
521 1425 612 1478 τὸν
651 1425 915 1490 ζωδιακὸν
965 1427 1181 1493 κύκλον,
1231 1428 1325 1483 καὶ
1373 1430 1480 1483 ἀπὸ
1527 1429 1621 1482 τοῦ

92 1512 227 1566 αὐτοῦ
256 1516 474 1586 σημείου
514 1518 606 1570 ἐπί
644 1518 706 1570 τὸ
737 1519 870 1572 αὐτὸ
905 1523 1128 1592 σημεῖον
1166 1521 1616 1577 ἀποκαθίσταται.

101 1602 151 1655 Ὅ
189 1604 237 1657 δέ
286 1607 469 1677 χρόνος
524 1601 684 1673 οὗτός
733 1613 882 1665 ἐστιν
944 1614 1168 1685 ἡμερῶν
1206 1615 1334 1683 τξέ,
1381 1615 1485 1670 δυ’.
1533 1619 1622 1671 Ἐν

89 1699 340 1765 τοσαύταις
374 1703 483 1774 γὰρ
515 1704 753 1776 ἡμέραις
793 1707 894 1771 τὰς
920 1707 999 1774 τξ⁹
1040 1708 1234 1779 μοίρας
1275 1707 1560 1780 παροδεύει
1593 1711 1622 1762 6

89 1791 216 1859 ἥλιος
235 1809 248 1822 ’
277 1791 412 1846 ὥστε
442 1794 596 1866 παρὰ
631 1797 826 1868 μικρὸν
861 1801 920 1852 ἐν
965 1801 1064 1871 μιᾷ
1103 1799 1287 1871 ἡμέρᾳ
1318 1804 1510 1872 μοῖραν
1538 1819 1620 1854 χε-

89 1882 266 1937 νεῖσθαι
290 1883 377 1940 τδν
411 1886 586 1957 ἥλιον.

153 1977 296 2031 ’Λλλο
325 1979 584 2050 μέντοιγέ
605 1980 721 2034 ἐστι
748 1985 908 2054 μοῖρα
929 2023 944 2044 ,
962 1985 1055 2058 καὶ
1075 1984 1200 2038 ἄλλο
1223 1985 1422 2058 ἡμέρα.
1446 1989 1625 2058 Μοῖρα

93 2066 171 2136 μὲν
201 2069 301 2140 γάρ
343 2071 460 2125 ἐστι
493 2073 768 2145 διάστημά
797 2053 850 2127 τι
901 2053 984 2128 λ”ί
1037 2076 1199 2147 μέρος
1244 2053 1488 2150 ύπόιρχον
1530 2053 1622 2131 τοῦ

90 2158 286 2223 ζωδίου·
331 2164 512 2236 ἡμέρα
560 2166 617 2219 δέ
666 2169 783 2220 ἐστι
834 2167 1025 2238 χρόνος
1076 2171 1395 2240 τριακοστὸν
1461 2171 1624 2244 μέρος

84 2250 142 2315 ὡς
166 2253 376 2323 ἔγγιστα
401 2257 498 2311 τοῦ
535 2257 785 2328 μηνιαίου
836 2259 1054 2330 χρόνου.
1089 2262 1200 2316 Καὶ
1324 2263 1422 2334 μὲν
1458 2267 1622 2335 μοῖρα

86 2343 178 2409 τεεί
207 2347 390 2428 μέρος⁵
412 2349 530 2402 ἐστὶ
573 2349 670 2403 τοῦ
705 2351 972 2415 ζωδιακοῦ
1007 2352 1207 2407 κύκλου
1233 2397 1248 2422 ,
1279 2355 1312 2426 ή
1345 2355 1401 2408 δὲ
1440 2355 1621 2428 ἡμέρα

83 2437 166 2501 τξε¹
308 2416 390 2494 δαἸ
436 2441 602 2514 μέρος
630 2442 706 2506 ὡς
740 2443 968 2513 ἔγγιστα
995 2446 1090 2499 τοῦ
1131 2416 1620 2520 ἐνιαυσιαίουμχρό-

83 2532 285 2585 νου.Κα“ι
305 2533 517 2586 πάντα⁸
545 2534 646 2604 μὲν
673 2535 742 2588 τὰ
766 2533 931 2600 ζὼδια
959 2539 1420 2610 τριακοντημόριά
1451 2541 1617 2605 ἐστιν,

82 2618 130 2670 ού
158 2623 321 2676 πάντα
345 2623 401 2677 δὲ
424 2625 892 2699 τριακονθήμερα.

135 2713 412 2786 Διαιρεῖται
444 2717 502 2769 δὲ
537 2719 566 2771 6
603 2718 873 2783 ἐνιαύσιος
901 2721 1090 2792 χρόνος
1122 2723 1202 2786 είς
1243 2722 1382 2794 μέρη
1411 2722 1472 2786 δ’,
1499 2722 1616 2786 ἔαρ,

81 2799 226 2874 θέρος,
263 2807 634 2880 φθινόπωρον,
680 2810 773 2864 καὶ
819 2812 1085 2882 χειμῶνα.
1130 2813 1348 2884 Ἐαρινὴ
1383 2813 1480 2883 μὲν
1527 2809 1618 2866 οὖν

82 2890 307 2967 ἰσημερία
349 2895 426 2967 (4)
469 2898 678 2966 γίνεται
717 2900 845 2970 περὶ
901 2901 1000 2971 τὴν
1040 2899 1147 2953 τῶν
1195 2900 1400 2954 ἀνθέων
1438 2900 1620 2970 ἀκμὴν

78 2982 128 3035 ἐν
146 2985 302 3056 Κριοῦ
332 2989 430 3058 μιᾷ
469 2989 664 3060 μοίραο
704 2990 880 3061 τροπὴ
923 2991 980 3044 δὲ
1009 2990 1194 3062 θερινὴ
1236 2991 1446 3058 γίνεται
1492 2993 1620 3063 περὶ

77 3071 270 3140 τὴντῶν
301 3077 602 3148 καυμάτων
630 3079 880 3133 ἐπίτασιν
903 3081 959 3132 ἐν
990 3080 1266 3151 Καρκίνου
1300 3081 1400 3151 μιᾷ
1427 3080 1614 3150 μοίραο

78 3163 188 3218 ὅπου
213 3168 241 3221 ό
267 3168 419 3239 ἥλιος
443 3169 536 3222 τὸν
563 3168 900 3241 βορειότατον
929 3171 1126 3225 κύκλον
1149 3172 1372 3243 γράφει,
1397 3170 1489 3224 καὶ
1523 3187 1618 3241 με-

85 3249 240 3328 ζὲστην
267 3259 458 3313 πασῶν
486 3259 596 3312 τῶν
627 3263 684 3314 ἐν
711 3262 940 3333 ἐνιαυτῷ
963 3263 1174 3335 ἡμέραν
1207 3263 1463 3327 ἐπιτελεῖ,
1495 3263 1617 3316 ἐλα-

83 3343 238 3420 (iam
278 3353 334 3405 δὲ
373 3352 474 3424 τὴν
523 3353 712 3407 νύκτα.
752 3354 816 3407 Ἦ
854 3354 1036 3427 μέντοι
1069 3373 1132 3424 γε
1169 3356 1398 3426 μεγίστη
1437 3355 1618 3427 ἡμέρα

82 3434 153 3510 ἴση
183 3443 289 3496 ἐστὶ
331 3448 399 3515 τῇ
438 3446 672 3518 μεγίστῃ
717 3447 893 3509 νυκτὶ,
929 3447 1023 3500 καὶ
1060 3449 1094 3517 ἠ
1138 3447 1394 3518 ἐλαχίστη
1437 3448 1618 3518 ἡμέρα

81 3544 152 3600 ,ση
192 3534 298 3588 ἐστὶ
347 3539 415 3608 τῇ
470 3537 729 3612 ἐλαχίστῃ
777 3538 952 3592 νυκτί.
991 3541 1145 3593 Ἔστι
1195 3540 1252 3594 δὲ
1303 3543 1334 3609 ἡ
1387 3539 1615 3609 μεγίστη

79 3620 235 3692 ἡμέρα
247 3627 387 3680 κατὰ
406 3627 470 3681 τὺ
486 3630 544 3681 ἐν
558 3629 723 3700 Ῥόδῳ
745 3630 916 3701 κλίμα
934 3630 1091 3703 ὡρῶν
1118 3630 1447 3704 ίσημερινῶν
1469 3629 1606 3695 tog".

85 3711 335 3790 Ἰημερία
376 3721 434 3775 δέ
479 3721 599 3774 ἐστι
643 3723 1042 3796 φθινοπωρινὴ,
1078 3725 1203 3777 ὅταν
1241 3726 1269 3777 6
1313 3724 1482 3794 ἥλιος,
1521 3723 1615 3777 ἀπ’

76 3801 264 3872 Ξρκτων
285 3811 419 3880 πρὸς
452 3813 801 3883 μεσημϐρίαν
829 3815 1162 3886 παροδεύων,
1201 3815 1364 3868 πάλιν
1393 3814 1485 3866 ἐπί
1521 3813 1614 3866 τοῦ

75 3901 362 3970 ισημερινοῦ
390 3903 617 3974 γένηται
643 3905 865 3971 κύκλου,
904 3906 999 3959 καὶ
1028 3905 1147 3976 ἴσην
1181 3905 1278 3977 τὴν
1305 3906 1516 3976 ἡμέραν
1547 3908 1615 3980 τῇ

74 3992 208 4043 νυκτὶ
239 3996 546 4066 ποιήσηται.
592 3998 779 4069 Τροπὴ
811 3999 871 4051 δέ
917 3999 1032 4051 ἐστι
1087 3997 1391 4068 χειμερινὴ,
1429 3998 1557 4050 ὅταν
1586 3996 1615 4048 6

71 4080 204 4150 ἥλιος
231 4089 565 4159 πορρωτάτω
587 4091 606 4120 ⁸
629 4090 784 4160 ἡμῶν
822 4091 921 4161 τῆς
947 4091 1211 4160 οἰκήσεως
1241 4088 1485 4158 γένηται,
1525 4087 1618 4140 καὶ

68 4177 429 4242 ταπεινότατος
477 4178 556 4242 ὡς
593 4179 725 4249 πρὸς
757 4180 848 4234 τὸν
879 4177 1124 4249 ὁρίζοντα
1166 4179 1240 4249 (5)
1261 4219 1275 4242 ,
1311 4178 1403 4230 καὶ
1427 4173 1614 4229 νοτιώο

66 4279 210 4319 τατον
239 4269 433 4324 κύκλον
483 4271 672 4344 γράφῃ
693 4314 706 4334 ,
743 4273 837 4326 καὶ
895 4271 1156 4342 μεγίστην
1199 4271 1388 4324 πασῶν
1421 4268 1528 4322 τῶν
1556 4269 1615 4322 ἐν

63 4356 200 4426 αὐτῷ
221 4357 497 4432 [ἐνιαυτῷ]
529 4360 699 4414 νύκτα
733 4363 1050 4431 ποιήσηται,
1079 4361 1369 4432 ἐλαχίστην
1400 4360 1456 4413 δέ
1477 4357 1616 4429 ὴμέ-

63 4463 177 4514 ραν.
203 4453 428 4506 Ἐστιδέ
460 4454 494 4522 ἠ
527 4452 757 4523 μεγίστη
787 4453 883 4517 νὺξ
916 4454 1057 4508 κατὰ
1079 4453 1140 4507 τὸ
1169 4456 1226 4506 ἐν
1259 4451 1424 4522 Ῥόδῳ
1444 4451 1614 4520 κλίμα

60 4537 205 4610 ὡρῶν
245 4545 572 4616 ίσημερινῶν
609 4544 748 4610 ιδς”.

120 4725 182 4778 οξ
210 4727 262 4780 δέ
295 4727 500 4799 μεταξὺ
533 4729 712 4800 χρόνοι
737 4728 811 4800 (6)
842 4729 951 4782 τῶν
981 4731 1195 4801 τροπῶν
1225 4729 1317 4782 καὶ
1345 4728 1451 4780 τῶν
1490 4730 1608 4797 ἰση-

123 4882 142 4910 ⁶
170 4903 256 4955 γρ.
287 4887 341 4940 ἐν
370 4885 542 4956 αὐτῷ.
617 4887 638 4918 ⁵
666 4903 755 4954 γρ.
794 4886 1041 4938 πάντοτε.

117 5047 196 5116 (5)
249 5048 312 5123 Ὁ⁸
466 5045 640 5123 {Quae
682 5043 951 5123 ἐνιαυτῷ.
1008 5041 1604 5123 Νοηόιιιριπροήγησις

54 5109 330 5188 ὶσῄμερινῂ
358 5109 568 5188 liquido
611 5109 886 5188 comperta
915 5122 1062 5188 erat,
1094 5119 1153 5166 ut
1186 5111 1318 5188 alibi
1345 5109 1603 5173 diximus,

905 5165 973 5244 6,
1106 5165 1393 5254 mensibus.

114 5259 188 5327 (Δ)
244 5250 480 5326 Ἐαρινὴ
498 5256 621 5332 μὲν
645 5250 1077 5332 ςξῦνῖοςημερία.
1119 5253 1437 5332 Anuuarum
1458 5257 1604 5332 tem-

50 5324 313 5393 pestatum
338 5324 573 5382 exordia
617 5325 775 5378 aliter
810 5324 877 5377 ab
923 5324 1274 5399 astronomis,
1311 5324 1606 5399 etra‘tio‘ne

50 5386 474 5467 constituuntur,
529 5409 694 5467 quam
745 5409 907 5467 sensu
959 5392 1315 5467 p0pula_rique
1374 5386 1601 5467 judicio.

50 5465 177 5519 Nam
230 5455 674 5534 astronomi'per
718 5455 1048 5536 quadrantes
1101 5455 1306 5515 tributo
1355 5455 1601 5536 zodiaco,

46 5539 268 5593 cuilibet
323 5533 1260 5609 tempestatiuquadrantem_suum_
1299 5533 1604 5609 assignant,

46 5593 735 5680 ᾳυεωμτροπὴν-ορρο-Ιιέι
785 5603 984 5656 Paulus
1023 5593 1443 5680 Alexandrinus}
1496 5593 1606 5680 Lui-

47 5664 174 5730 tium
214 5678 272 5731 ﬁt
293 5664 379 5732 'ah
404 5664 607 5730 Arietis
629 5676 922 5747 ingressu;
963 5687 1027 5726 ac
1078 5673 1158 5727 sic
1184 5669 1464 5747 deinceps.
1496 5664 1602 5747 Po-

45 5749 251 5814 pularis
283 5762 416 5803 usus
441 5763 506 5800 ex
539 5744 661 5819 coeli
703 5743 1002 5819 mutatione
1026 5747 1409 5819 tempestatum
1437 5743 1602 5819 inter:

45 5811 175 5872 valla
213 5822 476 5873 metitur:
511 5817 602 5871 cui
646 5821 699 5870 et
744 5814 1038 5882 scriptores
1084 5811 1164 5867 illi
1208 5811 1474 5875 serviunt,
1509 5811 1602 5877 qui

1119 4886 1139 4915 ⁸
1166 4900 1254 4952 γρ.
1289 4881 1656 4952 πορρὡατος.

1735 610 1950 677 quidem
2011 613 2187 681 posita
2233 621 2358 668 sunt
2398 615 2452 670 in
2491 618 2736 684 zodiaco,
2792 621 2888 675 sed
2931 623 3035 677 alia
3083 640 3146 678 eo
3174 636 3302 681 sunt

1735 697 2062 766 horealiora,
2100 713 2160 757 ut
2191 703 2302 761 Leo
2339 726 2351 761 :
2389 708 2494 763 alia
2525 713 2859 768 australiora
2883 754 2897 779 ,
2936 723 2995 770 ut
3019 715 3296 790 Scorpius.

1802 877 2015 938 Rursus
2071 886 2495 958 unumquodque
2545 891 3108 954 dodecatemorlorum
3161 901 3302 957 diri-

1733 969 1881 1024 ditur
1947 974 2001 1026 in
2061 982 2245 1044 partes
2309 978 2564 1048 triginta,
2616 991 2671 1037 et
2724 993 2952 1040 vocatur
2995 1005 3162 1046 unum
3212 1008 3301 1048 se-

1731 1071 2009 1131 gmentum
2050 1080 2199 1135 pars,
2255 1081 2349 1122 seu
2393 1071 2616 1140 gradus.
2647 1071 2833 1144 Itaque
2863 1077 3121 1134 zodiacus
3159 1096 3298 1136 con-

1733 1154 1866 1208 tinet
1899 1155 2052 1226 signa
2082 1159 2301 1228 quidem
2331 1160 2642 1227 duodecim,
2683 1173 2867 1235 partes
2907 1185 3036 1224 vero
3063 1171 3186 1226 560.

1803 1245 1894 1301 Sol
1937 1257 2115 1304 autem
2169 1268 2280 1306 uno
2340 1269 2484 1311 anno
2532 1258 2805 1326 percurrit
2846 1261 3150 1318 zodiacum.
3201 1263 3298 1321 Est

1730 1338 1872 1393 enim
1923 1348 2138 1413 tempus
2195 1359 2436 1400 annuum
2495 1347 2650 1416 illud,
2700 1350 2754 1404 in
2789 1366 2897 1421 quo
2927 1354 3011 1408 sol
3044 1365 3298 1426 peragrat

1731 1429 2034 1497 zodiacum,
2072 1441 2126 1488 et
2157 1434 2227 1489 ab
2265 1437 2454 1492 eodem
2493 1447 2697 1508 puncto
2741 1441 2809 1496 ad
2858 1443 3000 1498 idem
3034 1453 3296 1514 punctum

1729 1517 1887 1582 redit,
1917 1519 2018 1574 hoc
2063 1530 2281 1592 tempus
2303 1532 2384 1580 est
2413 1524 2625 1581 dierum
2654 1528 2758 1584 365
2791 1531 2913 1601 1/4.
2949 1530 3007 1586 In
3038 1541 3116 1587 tot
3149 1536 3294 1590 enim

1728 1609 1917 1666 diebus
1971 1611 2090 1669 illas
2133 1615 2236 1669 360
2271 1628 2450 1686 partes
2496 1621 2706 1676 zodiaci
2751 1625 2833 1678 sol
2876 1625 3134 1695 coniicit;
3182 1628 3298 1685 fere

1729 1705 1911 1774 itaque
1940 1705 1993 1760 in
2024 1723 2132 1762 uno
2160 1709 2248 1763 die
2292 1726 2459 1765 unum
2489 1714 2718 1784 gradum
2750 1717 2833 1771 sol
2867 1718 3117 1774 absolvit.

1803 1976 2181 2038 Verumtamen
2231 1985 2378 2039 aliud
2424 1995 2509 2042 est
2561 2003 2711 2058 pars,
2763 1989 2910 2046 aliud
2964 1991 3102 2048 dies.
3161 1993 3297 2052 Pars

1725 2073 1867 2125 enim
1900 2084 1982 2127 est
2039 2075 2382 2131 intervallum
2423 2080 2720 2149 quoddam,
2775 2097 2897 2136 cum
2944 2083 3014 2138 sit
3052 2085 3121 2140 50
3169 2101 3296 2157 pars

1725 2161 1897 2232 signi;
1933 2164 2049 2220 dies
2078 2183 2208 2222 vero
2242 2177 2327 2224 est
2369 2177 2604 2240 tempus,
2635 2171 2779 2242 quod
2811 2173 2924 2229 fere
2956 2175 3025 2230 30
3051 2191 3178 2246 pars
3211 2187 3296 2233 est

1724 2256 1986 2310 menstrui
2037 2259 2315 2328 temporis.
2366 2258 2570 2317 Deinde
2626 2278 2754 2332 pars
2801 2265 3020 2334 quidem
3070 2277 3153 2322 est
3190 2268 3298 2324 560

1722 2354 1849 2410 pars
1886 2342 2116 2407 zodiaci,
2133 2345 2250 2400 dies
2273 2355 2452 2402 autem
2470 2359 2553 2402 est
2576 2365 2704 2418 pars
2736 2350 2962 2422 5651μ
2982 2353 3095 2409 fere
3125 2358 3295 2411 annui

1721 2433 2002 2502 temporis.
2057 2435 2136 2488 Ac
2182 2452 2397 2507 semper
2440 2438 2658 2508 quidem
2708 2441 2863 2512 signa
2902 2453 3032 2499 sunt
3070 2446 3140 2501 30
3168 2464 3268 2519 par

1721 2525 1856 2578 tium
1882 2565 1897 2589 ,
1931 2541 2041 2580 non
2067 2543 2282 2598 semper
2310 2540 2489 2586 autem
2523 2532 2594 2588 50
2627 2534 2864 2589 dierum.

1788 2704 2058 2760 Dividitur
2083 2716 2259 2764 autem
2297 2723 2535 2765 annuum
2575 2721 2789 2782 tempus
2825 2712 2880 2768 in
2924 2723 3107 2784 partes
3139 2729 3276 2786 qua-

1721 2811 1861 2864 tuor,
1896 2813 2011 2861 ver,
2060 2809 2323 2864 aestatem,
2371 2810 2715 2869 autumnum,
2768 2812 2822 2858 et
2871 2805 3124 2860 hiemem.
3155 2802 3292 2861 Ver-

1720 2907 1850 2945 num
1888 2892 2054 2962 igitur
2088 2895 2475 2963 aequinoctium
2521 2897 2580 2950 lit
2635 2899 2782 2952 circa
2825 2897 3016 2953 ﬂorum
3049 2901 3291 2970 vigorem

1720 2999 2015 3050 summum,
2056 2987 2112 3041 in
2146 2987 2318 3057 prima
2358 2995 2512 3058 parte
2551 2987 2775 3045 Arietis.
2816 2988 3122 3045 Solstitium
3152 2990 3292 3047 msti-

1719 3094 1845 3132 vum
1875 3079 2139 3150 contingit
2175 3080 2320 3132 circa
2360 3089 2592 3134 azstuum
2632 3081 2991 3136 intentionem
3029 3081 3083 3135 in
3117 3084 3292 3150 prima

1719 3180 1872 3241 parte
1898 3171 2119 3234 Cancri,
2158 3173 2251 3226 ubi
2292 3174 2370 3228 sol
2422 3172 2863 3227 borealissimum
2898 3169 3164 3228 circulum
3193 3172 3292 3228 de-

1721 3264 1931 3327 scribit,
1964 3273 2016 3320 et
2037 3265 2418 3335 longissimum
2451 3266 2715 3327 omn-ium,
2759 3264 2850 3334 qui
2885 3273 3012 3319 sunt
3043 3261 3096 3318 in
3122 3279 3289 3330 anno,

1721 3355 1864 3410 diem
1897 3354 2087 3421 eilicit,
2118 3363 2333 3409 noctem
2375 3371 2504 3408 vero
2547 3355 2943 3410 brevissimam.
2977 3353 3140 3425 Atqui
3174 3355 3291 3410 dies

1721 3450 2074 3521 longissimus
2105 3449 2329 3519 aequalis
2383 3456 2466 3504 est
2510 3448 2657 3502 nocti
2693 3447 3043 3518 longissimae,
3081 3455 3134 3504 et
3173 3449 3290 3503 dies

1721 3541 2078 3596 brevissimus
2098 3541 2321 3611 aequalis
2343 3550 2425 3595 est
2449 3543 2594 3594 nocti
2618 3539 2972 3595 brevissimae.
3004 3537 3130 3594 Dies
3159 3555 3290 3593 vero

1721 3633 2076 3702 longissimus
2133 3633 2185 3686 in
2221 3632 2439 3686 climate
2468 3629 2647 3685 Rhodi
2685 3639 2770 3686 est
2819 3630 3075 3684 horarum
3119 3631 3290 3700 aequi-

1721 3724 2037 3779 noctialium
2058 3724 2121 3777 14
2144 3725 2168 3776 l
2175 3721 2685 3795 /4.1EquinOctium
2705 3721 3018 3777 autumnale
3036 3728 3141 3784 est,
3162 3737 3288 3776 cum

1721 3815 1861 3870 sola
1885 3815 2091 3870 boreali
2133 3815 2290 3885 plaga
2339 3813 2407 3867 ad
2435 3813 2732 3869 australem
2773 3812 2986 3883 plagam
3031 3812 3284 3878 tondens,

1721 3904 1916 3960 iterum
1960 3906 2027 3959 ad
2072 3905 2505 3973 aequinoctialem
2557 3903 2820 3959 circulum
2861 3903 3188 3972 pervenerit,
3232 3911 3288 3958 et

1719 3997 1864 4052 diem
1912 3997 2063 4051 nocti
2122 3998 2385 4066 aqualem
2435 3995 2694 4051 effecerit.
2736 3993 3046 4049 Solstitium
3105 4002 3287 4050 autem

1718 4089 2006 4144 hibernum
2033 4095 2138 4152 est,
2183 4103 2305 4142 cum
2337 4089 2419 4143 sol
2444 4087 2762 4158 longissime
2797 4101 2824 4139 a
2865 4095 3068 4156 puncto
3097 4096 3289 4142 nostro

1719 4180 1965 4235 verticali
2011 4179 2346 4242 discesserit,
2389 4185 2444 4232 et
2493 4179 2870 4241 humillimus,
2911 4178 3091 4246 quoad
3137 4179 3288 4233 hori-

1720 4276 1952 4335 zontem,
1999 4267 2173 4322 factus
2215 4268 2406 4331 fuerit,
2443 4267 2696 4336 idemque
2740 4269 3006 4322 circulum
3051 4269 3288 4323 maxime

1719 4359 2011 4415 australem
2045 4357 2418 4426 descripserit,
2445 4365 2498 4410 et
2523 4363 2741 4410 noctem
2773 4355 3147 4426 longissimam
3174 4371 3287 4410 om-

1719 4452 1891 4515 nium,
1922 4465 2042 4520 qua:
2074 4455 2203 4503 sunt
2235 4448 2289 4500 in
2335 4460 2499 4507 anno,
2526 4445 2784 4512 eﬂ‘ecerit,
2812 4447 2954 4500 diem
2999 4461 3123 4501 vero
3163 4447 3288 4502 hrc-

1640 4543 2021 4607 Dvissimum.
2077 4538 2173 4595 Est
2226 4545 2405 4592 autem
2443 4537 2760 4607 longissima
2810 4552 2919 4590 nox
2963 4537 3018 4591 in
3067 4537 3286 4593 climate

1716 4632 1892 4689 Rhodi
1924 4632 2182 4684 horarum
2212 4626 2669 4696 :equinoctialium
2697 4621 2765 4679 M
2797 4626 2922 4696 1/2.

1787 4722 2052 4790 Tempora
2071 4733 2222 4783 vero,
2258 4731 2376 4786 quae
2394 4723 2522 4772 sunt
2540 4715 2683 4770 inter
2727 4715 2960 4770 solstitia
3001 4725 3056 4771 et
3111 4713 3282 4786 aequi-

1713 5050 1824 5089 rcm
1852 5033 2112 5086 rusticam
2143 5036 2196 5084 et
2230 5029 2396 5098 hujus
2424 5027 2783 5099 generis‘alia
2809 5036 3167 5100 pertractant.

1782 5101 1859 5173 (5)
1898 5101 2004 5173 Kal.
2053 5098 2474 5173 ταπειιςότατοίς
2653 5098 2946 5173 πρὸςίτὸν
2991 5098 3276 5173 ὁρίζοντα.

1724 5170 2044 5234 ’ἰδιωτικῶς,
2092 5178 2146 5224 et
2197 5170 2264 5222 ad
2315 5170 2530 5223 oculum
2585 5171 2659 5226 ita
2703 5170 2962 5227 Geminus
3014 5171 3277 5238 loquitur,

1711 5245 1840 5314 quia
1877 5251 2004 5296 tunc
2036 5241 2119 5294 sol
2154 5238 2388 5314 maxime
2432 5238 2794 5314 dejectusket
2842 5241 3109 5314 horizonti
3140 5242 3278 5314 vici-

1711 5308 1817 5382 nus
1868 5318 2112 5382 apparet.
2170 5308 2336 5363 Recte
2382 5318 2562 5362 autem
2615 5312 2844 5374 addidit,
2883 5311 2965 5382 ὡς
3003 5310 3138 5380 πρὸς
3189 5311 3278 5363 τὸν

1710 5378 1997 5460 ὁρίζοντοῇ⁸
2033 5395 2100 5435 eo
2151 5394 2337 5444 sensu,
2387 5382 2864 5460 quem_diximu§:
2920 5378 3055 5460 Νριεή
3087 5394 3277 5460 Γθγςιῖα

1710 5449 1876 5508 terris
1907 5451 2126 5505 citimus
2176 5464 2286 5502 non
2339 5458 2456 5501 erat
2503 5450 2583 5504 sol
2625 5459 2784 5506 atate
2825 5449 3038 5504 Gemini
3087 5449 3142 5502 in
3193 5449 3280 5502 hi-

1710 5525 1880 5578 berno
1919 5523 2130 5600 tropico
2163 5536 2177 5572 :
2211 5517 2306 5600 sed
2335 5518 2390 5572 in
2429 5517 2704 5600 sagittarii
2743 5520 2911 5600 gradu
2947 5519 3139 5588 quinto
3166 5519 3278 5600 cir—

1710 5594 1883 5655 citer;
1919 5588 2022 5662 ubi
2052 5598 2164 5662 tum
2199 5588 2333 5642 solis
2361 5596 2479 5662 erat
2518 5588 2813 5662 perigeum,
2843 5598 2904 5662 ut
2930 5588 3277 5662 apogeumin

1710 5665 1900 5733 quinto
1928 5659 2300 5723 Geminorum,
2327 5658 2470 5729 quod
2512 5666 2565 5712 et
2598 5657 2718 5732 pag.
2757 5661 2791 5713 4
2842 5658 3104 5714 Geminus
3131 5657 3278 5712 indi-
3335 5688 3341 5692 -

1710 5743 1858 5875 cat(Ii)
1897 5803 1960 5857 Ol
1984 5799 2052 5855 δὲ
2068 5799 2294 5872 μεταξὺ
2325 5800 2547 5872 χρόνοι..
2579 5795 2781 5852 Eodem
2807 5791 2968 5849 modo
2992 5804 3168 5845 annus
3200 5788 3273 5844 ab
