3786 6324
427 329 520 384 751
1409 322 1499 376 AD
1532 319 1798 376 EUSEBII
1841 315 2234 405 CHROlellON
2281 315 2647 370 APPENDIX.
3578 310 3678 367 752

426 447 739 514 noctia,ltoc
758 444 917 501 modo
934 443 1280 500 dividuntur:
1301 440 1369 495 ab
1382 437 1710 511 aequinoctio
1723 446 2003 520 verno,us-

2148 435 2312 506 εριῶν
2364 433 2551 488 τοῦτον
2597 433 2929 504 διαιροῦνται
2973 431 3066 486 τὸν
3122 430 3352 503 τρόπον’
3405 428 3541 482 Ἀπὸ
3585 428 3681 500 μὲν

427 555 533 611 que
549 537 614 593 ad
632 537 921 593 solstitium
931 534 1176 590 aestivum
1188 533 1304 588 dies
1321 538 1445 587 sunt
1463 528 1533 585 94
1561 529 1695 601 1/2;
1715 542 1837 583 nam
1852 527 1909 582 in
1922 533 2005 582 tot

2148 523 2396 596 ΓΓιμερίσιις
2449 525 2674 597 ἐαρινῆς
2729 524 2889 596 μέχρι
2933 523 3143 597 τροπῆς
3196 521 3415 593 θερινῆς
3478 520 3678 592 ἡμέραι

430 631 623 685 diebus
649 629 847 684 transit
883 627 965 683 sol
992 626 1253 688 Arietem,
1279 621 1543 685 Taurum,
1573 620 1830 675 Geminos
1858 625 1913 672 et
1935 616 2002 670 ad

2148 618 2240 670 ζσὶν
2259 617 2417 685 ιιδςηο
2437 619 2495 671 ὲν
2527 617 2637 690 γὰρ
2666 618 2956 681 τοσαύταις
2983 615 3217 689 ἡμέραις
3243 613 3631 685 διαπορεύεται
3652 615 3681 667 6

432 724 662 796 primam
683 718 1104 791 partemCancri
1121 715 1408 781 accedens,
1436 712 1727 770 solstitium
1754 710 2003 765 aestivum

2148 710 2251 776 λιος
2275 710 2467 784 Κριὸν,
2496 709 2731 783 Ταῦρον,
2758 711 3048 783 Διδύμους,
3074 709 3169 763 καλ⁸
3210 710 3303 763 ἐπὶ
3329 707 3432 779 τὴν
3461 706 3681 779 πρώτην

431 815 614 872 elIicit.
658 813 741 868 Ab
785 813 974 867 aestivo
1012 811 1252 866 solstitio
1286 824 1461 879 usque
1494 806 1562 860 ad
1611 803 2002 876 aequinoctium

2148 807 2299 878 οἷραν
2353 805 2445 859 τοῦ
2505 804 2783 877 Καρκίνου
2818 802 3273 875 παραγινόμενος,
3321 800 3425 873 τὴν
3467 799 3682 871 θερινὴν

424 907 745 962 autumnale
771 906 887 961 dies
907 913 1037 959 sunt
1052 898 1122 959 92
1139 903 1276 973 1/2;
1302 918 1425 957 nam
1445 901 1501 954 in
1517 906 1599 954 tot
1620 898 1811 954 diebus
1829 904 2005 951 trans-

2148 897 2309 970 ροπὴν
2337 899 2605 952 ποιεῖταν
2641 896 2747 950 ἀπὸ
2774 895 2830 948 δὲ
2854 895 3078 967 θερινῆς
3110 896 3320 966 τροπῆς
3369 891 3567 964 μέχρις
3606 893 3682 944 tc-

433 997 475 1051 it
509 997 592 1051 sol
615 995 908 1058 Cancrum,
930 993 1192 1060 Leonem,
1232 991 1536 1063 Virginem,
1564 996 1619 1044 et
1674 987 1743 1043 ad
1768 987 2001 1058 primam

2148 989 2337 1062 μερίας
2353 989 2754 1061 φθινοπωρινῆς
2769 987 2970 1060 ἡμέραι
2996 988 3136 1041 εἰσὶν
3152 985 3317 1056 ίιβς⁹η
3340 985 3401 1037 ὲν
3453 983 3567 1054 γὰρ
3597 999 3685 1035 το-

433 1094 641 1157 partem
674 1084 850 1140 Libra:
882 1084 1151 1140 accedens
1181 1081 1344 1138 etlicit
1364 1080 1751 1152 mquinoctium
1785 1085 2006 1132 autum-

2148 1082 2332 1145 αύταις
2392 1081 2628 1152 ἡμέραις
2679 1078 3065 1151 διαπορεύεται
3097 1078 3126 1131 6
3180 1076 3332 1147 ἡλιος
3382 1073 3682 1147 Καρκίνον,

432 1178 576 1233 nale.
602 1177 687 1232 Ab
719 1176 1046 1248 aequinoctio
1074 1175 1373 1231 autumnali
1410 1189 1587 1245 usque
1616 1173 1681 1228 ad
1705 1169 2003 1227 solstitium

2148 1177 2343 1240 έοντα,
2376 1174 2676 1247 Παρθένον,
2709 1172 2802 1227 καλ¹
2835 1171 3058 1243 ἐπὶ-τὴν
3092 1168 3317 1242 πρώτην
3344 1170 3545 1240 μοῖραν
3580 1163 3685 1220 τῶν

433 1271 720 1327 hibernum
738 1269 856 1325 dies
872 1276 1000 1324 sunt
1023 1267 1212 1340 881/8
1231 1287 1247 1337 ;
1268 1283 1391 1323 nam
1412 1268 1467 1322 in
1491 1273 1571 1321 tot
1588 1264 1781 1321 diebus
1804 1263 2007 1318 transit

434 1364 516 1421 sol
580 1361 833 1430 Libram],
892 1359 1212 1431 Scorpium,
1272 1358 1664 1430 Sagittarium,
1706 1365 1762 1411 ct
1796 1354 1863 1408 ad
1903 1357 2008 1424 pri-

434 1459 579 1512 mam
624 1462 833 1527 partem
880 1452 1203 1524 Capricorni
1247 1451 1572 1523 perveniens
1614 1446 1775 1503 ellicit
1815 1445 2006 1501 solsti-

434 1551 570 1606 tium
595 1550 907 1605 hibernum.
933 1548 979 1601 Α
1010 1546 1249 1603 solstitio
1280 1545 1512 1600 hiberno
1543 1557 1718 1612 usque
1747 1538 1814 1593 ad
1837 1538 2009 1608 aequi-

433 1645 678 1699 noctium
706 1657 935 1699 vernum
963 1640 1240 1696 dies-sunt
1265 1637 1334 1693 90
1358 1636 1489 1707 l/8;
1525 1637 1582 1690 in
1614 1641 1697 1688 tot
1727 1630 1872 1688 enim
1892 1629 2008 1684 die-

436 1736 540 1792 bus
588 1734 787 1791 transit
845 1734 932 1789 sol
969 1732 1179 1803 reliqua
1216 1730 1324 1784 tria
1355 1729 1534 1799 signa,
1586 1726 2003 1797 Capricornum.

2107 1264 2300 1338 Χηλῶν
2329 1264 2765 1336 παραγινόμενος
2804 1261 2901 1334 τὴν
2942 1261 3340 1331 φθινοπωρινὴν
3393 1255 3685 1328 ἰσημερίαν

2109 1364 2340 1415 ποιεῖται
2359 1376 2372 1389 ο
2405 1358 2513 1412 ἀπὸ
2539 1357 2595 1410 δὲ
2625 1355 2912 1429 ἰσημερίας
2936 1350 3339 1425 φθινοπωρινῆς
3372 1348 3541 1421 μέχρι
3561 1363 3684 1420 τρο-

2108 1452 2217 1523 πῆς
2242 1449 2557 1522 χειμερινῆς
2590 1448 2796 1520 ἡμέραι
2826 1446 2962 1500 εἰσὶν
2989 1449 3177 1515 πη¹η⁶⁹
3203 1458 3216 1471 ⁸
3265 1443 3324 1495 ὲν
3359 1439 3474 1510 γὰρ
3503 1436 3688 1492 τοσαύ·

2108 1561 2227 1607 ταις
2254 1540 2489 1613 ἡμέραις
2517 1537 2897 1610 διαπορεύεται
2920 1539 2949 1589 6
2977 1537 3127 1608 ἥλιος
3153 1534 3361 1607 Χηλὰς,
3388 1530 3685 1602 Σκορπὶον,

2109 1632 2364 1704 Τοξότην,
2393 1632 2489 1685 καὶ
2518 1631 2609 1685 ἐπὶ
2641 1631 2740 1702 τὴν
2768 1628 2993 1702 πρώτην
3008 1631 3210 1701 μοῖραν
3241 1622 3687 1697 παραγενόμενος

2108 1724 2136 1775 6
2166 1721 2316 1793 ἥλιος
2356 1718 2450 1774 τοῦ
2487 1719 2791 1790 Αίγόκερω,
2832 1718 2932 1788 τὴν
2963 1715 3280 1789 χειμερινὴν
3325 1715 3540 1786 τροπὴν
3568 1726 3687 1763 ποια

436 1828 772 1899 Aquarium,
804 1824 1011 1881 Pisces.
1058 1802 1259 1878 Omnes
1298 1820 1463 1892 igitur
1494 1821 1611 1875 dies
1641 1819 1834 1873 borum
1866 1830 1991 1885 qua

2148 1814 2279 1865 ῑταισ
2313 1810 2423 1865 ἀπὸ
2455 1811 2512 1863 δὲ
2556 1810 2763 1882 τροπῆς
2799 1809 3114 1881 χειμερινῆς
3154 1808 3351 1879 μέχρις
3399 1802 3691 1899 ἰσημερίας

436 1928 564 1974 tuor
580 1925 888 1988 temporum
911 1914 1073 1971 simul
1105 1913 1307 1983 sumpti
1345 1912 1583 1969 elliciunt
1615 1910 1732 1965 dies
1749 1905 2003 1976 3651/4,

439 2017 574 2080 quot
609 2010 775 2065 etiam
808 2008 864 2063 in
896 2022 1004 2063 uno
1033 2013 1161 2062 sunt
1189 2021 1351 2060 anno.

2115 1902 2334 1974 ἐαρινῆς
2367 1900 2571 1971 ἡμέραι
2597 1901 2732 1954 εἰσὶν
2767 1905 2907 1972 tgna!
2950 1918 2965 1931 ’
2998 1902 3056 1953 ὲν
3087 1899 3195 1970 γὰρ
3225 1897 3521 1959 τοσαύταις
3556 1891 3690 1966 ἡμέ-

2116 2009 2237 2065 ραις
2284 1990 2663 2062 διαπορεύεται
2711 1990 2739 2042 ό
2787 1990 2937 2060 ἡλιος
2997 1988 3066 2043 τὰ
3109 1986 3525 2057 ἀπολειπόμενα
3566 1980 3691 2051 τρία

438 2105 637 2172 ζὼδια,
669 2104 1000 2174 Δίγόκερων,
1048 2101 1358 2174 ’Υδροχόον,
1403 2097 1631 2171 Ἰχθύας.
1657 2096 1721 2150 Δί
1756 2095 1925 2149 πᾶσαι
1965 2086 2058 2144 οὖν
2103 2087 2306 2159 ἡμέραι
2334 2087 2540 2141 τούτων
2579 2085 2688 2139 τῶν
2733 2087 3014 2159 τεσσάρων
3052 2085 3256 2157 χρόνων
3310 2081 3693 2152 συντιθέμενοι

444 2200 651 2255 ποιοῦσι
679 2199 783 2264 τξε¹
816 2180 918 2265 δ⁹”,
946 2201 1177 2268 ὅσαιπερ
1204 2192 1342 2269 ἦσαν
1366 2196 1422 2250 αἱ
1454 2194 1543 2248 τοῦ
1575 2189 1839 2247 ἐνιαυτοῦ.

515 2290 790 2357 Quaeritur
824 2291 990 2363 igitur
1034 2291 1089 2344 in
1130 2289 1239 2355 bis,
1281 2303 1400 2354 cur,
1432 2302 1555 2341 cum
1604 2293 1838 2357 quatuor
1873 2279 2004 2336 dicti

443 2386 777 2456 quadrantes
822 2382 1030 2439 zodiaci
1078 2381 1221 2438 inter
1272 2395 1332 2435 se
1380 2380 1490 2434 sint
1530 2376 1789 2447 aequales,
1833 2382 1887 2430 et
1927 2373 2012 2429 sol

443 2490 659 2545 semper
686 2474 965 2545 aequaliter
990 2479 1273 2527 moveatur
1293 2512 1310 2536 ,
1348 2469 1464 2541 ipse
1487 2468 1542 2525 in
1569 2467 1907 2540 temporibus
1936 2466 2013 2522 in-

444 2566 746 2638 atqualibus
764 2565 1001 2638 mquales
1031 2565 1225 2620 horum
1273 2563 1635 2634 quadrantum
1682 2576 1844 2617 arcus
1882 2577 2011 2632 per-

444 2667 635 2730 agret;
693 2673 820 2713 nam
866 2673 962 2728 per
992 2665 1161 2712 totam
1201 2656 1593 2710 astronomiam
1640 2654 2013 2725 praesupponi-

446 2759 559 2817 tur,
586 2761 639 2807 et
668 2750 860 2814 solem,
889 2757 943 2804 et
966 2749 1173 2814 lunam,
1201 2758 1254 2803 et
1294 2747 1534 2819 quinque
1566 2747 1811 2818 planetas
1833 2759 2017 2816 aequa-

446 2845 592 2908 liter,
616 2842 982 2905 circulariter,
1021 2849 1076 2896 et
1106 2854 1298 2896 contra
1330 2839 1516 2894 mundi
1551 2846 1757 2893 motum
1779 2835 2012 2892 moveri.

443 2934 782 3006 Pythagorzei
818 2934 984 3000 enim,
1037 2946 1161 2987 cum
1205 2930 1367 3002 primi
1415 2930 1515 2985 has
1561 2930 1892 3003 quaestiones
1924 2943 2014 2998 ag-

443 3025 842 3098 grederentur,
897 3030 1418 3095 praesupposuerunt
1487 3023 1785 3078 circulares
1852 3028 2015 3092 atque

2198 2282 2567 2353 Ἐπιζητεῖται
2599 2276 2691 2336 οὖν
2721 2282 2778 2336 ὲν
2801 2280 3034 2349 τούτοις,
3058 2281 3195 2347 πῶς,
3224 2282 3356 2336 ἴσων
3381 2281 3554 2336 ὄντων
3584 2283 3691 2337 τῶν

2118 2375 2396 2446 τεσσάρων
2433 2376 2635 2448 μορίων
2696 2374 2790 2428 τοῦ
2834 2372 3097 2438 ζωδιακοῦ
3149 2373 3390 2440 κύκλου,
3438 2377 3468 2428 6
3514 2373 3693 2446 ἥλιος,

2120 2467 2383 2543 ἰσοταχῶς
2404 2465 2735 2542 ,κινούμενος
2767 2465 2855 2524 διὰ
2887 2465 3118 2535 παντὸς,
3148 2466 3206 2519 ὲν
3240 2464 3450 2531 ἀνίσοις
3485 2466 3697 2539 χρόνοις

2116 2544 2494 2635 διαπορεύεται
2522 2562 2620 2627 τάς
2650 2564 2768 2627 ίσας
2820 2563 3194 2635 περιφερείας.
3231 2563 3550 2618 ’Υπόκειται
3589 2565 3697 2634 γὰρ

2119 2656 2255 2725 πρὸς
2299 2656 2426 2727 ὃλην
2488 2654 2587 2727 τὴν
2632 2655 2985 2727 ἀστρολογίαν
3010 2656 3029 2687 ⁷
3080 2655 3228 2725 ἥλιόν
3279 2672 3341 2709 τε
3389 2658 3487 2710 καὶ
3545 2657 3681 2728 σελή

2117 2765 2216 2818 νην
2237 2787 2252 2812 ,
2283 2749 2378 2801 καὶ
2427 2748 2554 2811 τοὺς
2583 2747 2745 2800 πέντε
2791 2747 3067 2820 πλανήτας
3104 2748 3494 2819 ίσοταχῶς,καὶ
3534 2751 3695 2818 ἐγκυ-

2118 2841 2302 2906 κλίως,
2341 2842 2436 2894 καὶ
2466 2839 2800 2904 ὑπεναντίως
2839 2839 2917 2911 τῷ
2963 2840 3152 2911 κόσμῳ
3186 2840 3476 2895 κινεῖσθαι.
3510 2842 3572 2895 Oi
3593 2840 3695 2912 γὰρ

2118 2930 2515 3003 Πυθαγόρειοι,
2570 2929 2777 3000 πρῶτοι
2827 2930 3215 3001 προσελθόντες
3257 2934 3378 2995 ταῖς
3421 2932 3695 2995 τοιαύταις

2118 3025 2440 3094 ζητήσεσιν,
2482 3022 2742 3077 ὑπέθεντο
2784 3023 3101 3092 ἐγκυκλίους
3132 3024 3227 3077 καὶ
3267 3024 3481 3095 ὁμαλὰς
3516 3026 3694 3098 ἡλίου,

445 3117 683 3187 aequales
713 3116 867 3178 solis,
901 3115 1043 3169 lunae
1070 3122 1124 3168 et
1162 3113 1525 3169 erraticarum
1569 3112 1852 3167 stellarum
1894 3126 2009 3163 mo—

2151 3121 2208 3173 αὶ
2260 3121 2489 3191 σελήνης
2518 3158 2534 3185 ,
2571 3119 2668 3174 καὶ
2714 3118 2822 3172 τῶν
2877 3124 2917 3171 ε’
2967 3119 3251 3190 πλανητῶν
3298 3121 3551 3193 ἀστέρων
3598 3121 3695 3184 τὰς

446 3220 555 3264 tus.
599 3207 734 3262 Nam
781 3205 1098 3278 hujusmodi
1127 3206 1595 3278 jrregularitatem
1626 3219 1738 3259 non
1776 3202 2015 3276 admise-

445 3308 574 3356 runt
608 3299 665 3355 in
715 3299 802 3356 his
857 3297 1059 3354 divinis
1101 3306 1267 3369 atque
1310 3296 1531 3353 aeternis
1562 3295 1908 3367 corporibus,
1955 3302 2016 3348 ut

445 3387 714 3448 interdum
764 3391 1004 3447 velocius
1057 3398 1428 3456 moverentur,
1468 3389 1742 3445 interdum
1779 3387 2014 3453 tardius,

446 3484 719 3540 interdum
759 3490 988 3549 starent,
1029 3491 1091 3538 ut
1137 3499 1269 3540 sane
1305 3485 1467 3540 etiam
1515 3482 1779 3539 stationes
1822 3487 2017 3536 vocant

445 3576 502 3631 in
533 3576 779 3647 quinque
815 3575 1068 3631 erraticis
1100 3575 1295 3631 stellis.
1321 3574 1507 3646 Neque
1533 3574 1679 3629 enim
1711 3574 1766 3627 in
1794 3572 2018 3628 homine

443 3670 583 3725 bene
618 3668 671 3739 3
708 3667 1012 3738 composito
1048 3675 1101 3723 et
1144 3668 1396 3723 ordinato
1439 3667 1604 3720 talem
1648 3672 1831 3719 motus
1877 3664 2018 3719 irre—

444 3761 791 3831 gularitatem
838 3759 896 3813 in
947 3758 1229 3830 gressibus
1273 3758 1470 3829 aliquis
1499 3755 1853 3821 admitteret;
1889 3770 2016 3810 nam

446 3850 571 3905 vitae
599 3850 956 3906 necessitates
981 3864 1124 3920 saepe
1150 3848 1291 3903 ﬁunt
1319 3847 1634 3904 hominibus
1655 3862 1835 3903 causa:
1853 3846 2021 3902 tardi-

446 3941 596 4006 tatis,
624 3949 680 3995 et
703 3940 1026 3996 velocitatis.
1057 3938 1126 3993 At
1155 3940 1212 3994 in
1241 3940 1357 4010 ipsa
1381 3939 1782 4010 incorruptibili
1820 3946 2017 3995 natura

446 4035 726 4089 stellarum
765 4048 875 4089 non
906 4040 1086 4104 potest
1118 4033 1225 4087 ulla
1257 4047 1425 4088 causa
1455 4033 1751 4089 celeritatis
1799 4040 1855 4089 et
1909 4042 2020 4088 tar-

444 4125 631 4181 ditatis
674 4124 891 4181 adduci.
950 4124 1123 4192 Quam
1171 4125 1241 4182 ob
1261 4141 1482 4182 causam
1516 4125 2019 4198 Pythagomihanc

445 4225 846 4287 proposuerunt
884 4218 1242 4289 quaestionem
1282 4217 1605 4284 :Quomodo
1630 4234 1729 4288 per
1774 4219 2016 4273 circula-

445 4320 533 4361 res
554 4312 620 4373 pet
660 4307 898 4377 aequales
954 4317 1133 4361 motus
1163 4316 1388 4377 possent
1422 4308 1757 4378 apparentiae
1788 4308 2009 4364 salvari.

517 4396 589 4452 De
622 4398 847 4469 reliquis
876 4399 1039 4469 igitur
1068 4397 1301 4468 planetis
1348 4398 1403 4452 in
1447 4381 1571 4454 aliis
1606 4399 1828 4469 scriptis
1884 4414 2020 4454 can-

446 4505 561 4544 sam
590 4506 957 4561 exponemus;
988 4504 1137 4545 nunc
1168 4506 1298 4548 vero
1330 4490 1399 4547 de
1438 4492 1553 4547 sole
1579 4506 1804 4547 causam
1827 4499 2015 4547 osten-

444 4582 653 4649 demus,
681 4598 801 4649 cur,
843 4598 966 4639 cum
996 4584 1277 4655 aequaliter
1317 4592 1629 4650 moveatur,
1670 4585 1727 4639 in
1750 4585 2018 4654 tempori-

444 4671 549 4727 bus
578 4674 936 4746 inaequalibus
982 4675 1219 4744 mquales
1263 4688 1424 4730 arcus
1472 4674 1682 4729 zodiaci
1729 4674 2009 4730 conﬁciat.

447 4761 711 4834 Suprema
744 4765 909 4836 igitur
937 4774 1021 4820 est
1052 4764 1296 4819 omnium
1324 4779 1389 4819 ea
1418 4766 1631 4835 sphaera
1656 4804 1673 4829 ,
1707 4780 1829 4835 qua:
1873 4766 2006 4821 stel-

444 4853 622 4907 larum
662 4852 889 4907 lixarum
918 4854 1139 4918 dicitur,
1165 4870 1288 4924 qua:
1316 4854 1374 4909 in
1395 4870 1456 4912 se
1486 4857 1731 4913 continet
1762 4858 2007 4912 omnium

444 4942 677 4999 lixarum
704 4943 1220 5007 constellationum,
1266 4944 1381 5000 sive
1430 4945 1709 5017 signorum
1754 4946 2012 5019 elIigiem.

444 5032 568 5089 Non
594 5045 678 5090 est
707 5042 888 5089 autem
917 5034 1265 5105 cogitandum
1290 5074 1306 5102 ,
1338 5051 1529 5093 omnes
1561 5040 1751 5096 stellas
1782 5041 1887 5095 sub
1910 5055 2004 5095 ea-

446 5128 569 5183 dem
597 5140 719 5181 esse
749 5125 956 5195 positas
990 5126 1311 5196 superﬁcie,
1362 5129 1457 5185 sed
1490 5130 1625 5186 alias
1658 5146 1783 5188 esse
1837 5133 2013 5189 subli-

446 5217 684 5282 miores,
727 5217 863 5271 alias
894 5216 1232 5272 humiliores.
1269 5217 1405 5273 Cum
1453 5221 1597 5275 enim
1631 5222 1785 5278 visus
1817 5232 2006 5279 noster

449 5313 518 5368 ad
550 5312 811 5383 aequalem
857 5308 1244 5379 longitudinem
1292 5324 1324 5364 a
1371 5319 1516 5367 terra
1545 5313 1603 5368 in
1647 5316 1848 5370 caelum
1882 5330 2008 5370 sese

2119 3212 2380 3283 κινὴσεις.
2413 3210 2523 3281 Τὴν
2547 3210 2656 3283 γὰρ
2675 3208 2930 3279 τοιαύτην
2959 3210 3181 3277 ἀταξίαν
3212 3212 3275 3267 οὐ
3308 3211 3695 3283 προσεδέξαντο

2119 3304 2257 3373 πρὸς
2284 3302 2353 3355 τὰ
2386 3300 2504 3356 θεῖα
2526 3302 2618 3355 καὶ
2664 3299 2857 3357 αἰώνια
2876 3317 2890 3331 ⁸
2927 3301 3003 3366 ὡς
3032 3302 3161 3355 ποτὲ
3183 3302 3280 3372 μὲν
3315 3303 3506 3373 τάχιον
3533 3307 3697 3357 κινεῖ-

2121 3391 2266 3457 σθαι,
2293 3390 2422 3444 ποτὲ
2452 3390 2508 3444 δὲ
2536 3389 2770 3462 βράδιον,
2799 3388 2931 3443 ποτὲ
2954 3390 3012 3444 δὲ
3049 3390 3367 3461 ἑστηκέναι·
3397 3392 3492 3454 οὒς
3519 3393 3584 3463 δὴ
3605 3392 3697 3446 καὶ

2120 3484 2345 3538 καλοῦσι
2390 3483 2727 3553 στηριγμοὺς
2764 3482 2857 3535 ἐπὶ
2889 3482 2998 3537 τῶν
3045 3489 3086 3535 ε’
3113 3482 3404 3555 πλανητῶν
3431 3484 3693 3556 ἀστέρων.

2120 3576 2255 3629 Οὐδὲ
2276 3574 2386 3646 γὰρ
2419 3574 2548 3645 περὶ
2571 3572 2853 3645 ἄνθρωπον
2891 3574 3118 3645 κόσμιον
3150 3575 3246 3628 καὶ
3278 3576 3613 3647 τεταγμένον
3641 3577 3696 3629 ὲν

2118 3672 2239 3732 ταῖς
2274 3668 2524 3739 πορείαις
2556 3666 2655 3739 τὴν
2679 3664 2936 3737 τοιαύτην
2965 3666 3276 3738 ἀνωμαλίαν
3301 3669 3404 3739 τῆς
3434 3670 3697 3740 κινήσεως

2121 3760 2483 3833 προσεδέξατο
2517 3761 2539 3792 ⁸
2569 3760 2633 3813 ἄν
2680 3777 2797 3825 τις·
2836 3761 2894 3813 αἱ
2936 3761 3044 3832 γὰρ
3092 3760 3185 3813 τοῦ
3215 3759 3334 3830 βίου
3379 3765 3554 3833 χρεῖαι
3588 3765 3698 3824 τοῖς

2121 3852 2430 3926 ἀνθρώποις
2460 3852 2722 3917 πολλάκις
2764 3850 2934 3906 αἴτιαι
2960 3851 3198 3921 γίνονται
3246 3851 3582 3923 βραδυτῆτος
3608 3852 3700 3905 καὶ

2119 3946 2425 4016 ταχυτῆτος
2442 3962 2456 3976 ο
2482 3944 2612 4016 περὶ
2636 3943 2693 3996 δὲ
2717 3943 2815 4014 τὴν
2835 3942 3110 4014 ἄφθαρτον
3138 3942 3300 4011 φύσιν
3321 3942 3434 3995 τῶν
3458 3944 3696 4015 ἀστέρων

2121 4037 2377 4109 οὐδεμίαν
2397 4037 2619 4090 δυνατὸν
2654 4036 2832 4091 αἰτίαν
2859 4035 3237 4107 προσαχθῆναι
3278 4037 3580 4108 ταχυτῆτος
3604 4037 3696 4089 καὶ

2125 4130 2475 4202 βραδυτῆτος.
2513 4131 2589 4182 Δι’
2614 4130 2804 4199 ἥντινα
2827 4129 3009 4183 αἰτίαν
3024 4129 3347 4200 προέτειναν
3384 4129 3545 4185 οὕτω·
3577 4129 3698 4191 Πῶς

2122 4223 2188 4278 ἂν
2213 4223 2280 4276 δι’
2314 4221 2619 4291 ἐγκυκλίων
2648 4223 2742 4275 καὶ
2766 4221 2985 4292 ὁμαλῶν
3015 4222 3284 4293 κινήσεων
3311 4223 3598 4293 ἀποδοθείη
3632 4222 3699 4273 τὰ

2126 4317 2447 4386 φαινόμενα.

2194 4407 2332 4477 Περὶ
2372 4405 2470 4476 μὲν
2498 4400 2591 4458 οὗν
2612 4405 2720 4459 τῶν
2742 4405 2943 4459 λοιπῶν
2958 4406 3204 4477 ἀστέρων
3235 4408 3296 4459 ὲν
3327 4407 3531 4475 ἑτέροις
3561 4410 3697 4461 ἀπο-

2125 4494 2367 4566 δώσομεν
2398 4494 2497 4566 τὴν
2520 4493 2697 4549 αἰτίαν
2715 4511 2729 4524 °
2759 4493 2875 4548 νυνὶ
2894 4494 2952 4548 δὲ
2982 4495 3111 4566 περὶ
3137 4494 3290 4564 ἡλίου
3326 4495 3693 4567 ύποδείξομεν,

2126 4587 2191 4640 δι’
2226 4588 2291 4659 ἡν
2320 4587 2500 4642 αίτίαν
2528 4585 2789 4658 ἰσοταχῶς
2817 4585 3154 4656 κινούμενος,
3182 4588 3241 4639 ὲν
3261 4586 3468 4650 ἀνίσοις
3488 4586 3697 4658 χρόνοις

2125 4678 2226 4743 τὰς
2254 4680 2375 4744 ῐσας
2403 4678 2758 4751 περιφερείας
2798 4676 3181 4748 διαπορεύεται
3208 4679 3229 4709 ⁸
3250 4694 3265 4707 ’
3299 4677 3558 4732 ἀνωτάτω
3587 4676 3698 4746 γὰρ

2127 4772 2344 4825 πάντων
2395 4774 2543 4826 ἐστὶν
2599 4773 2632 4843 ἡ
2678 4768 2944 4839 λεγομένη
3004 4767 3113 4821 τῶν
3157 4768 3418 4824 ἀπλανῶν
3456 4768 3696 4839 ἀστέρων

2125 4866 2347 4936 σφαῖρα,
2383 4865 2417 4934 ἡ
2450 4862 2778 4935 περιέχουσα
2806 4859 3025 4914 πάντων
3044 4859 3154 4913 τῶν
3186 4859 3697 4932 κατηστερισμένων

2126 4953 2330 5018 ζωδίων
2362 4955 2460 5025 τὴν
2490 4952 2861 5008 είδωλοποιίαν
2879 4967 2893 4982 ·
2909 4951 2971 5004 οὐ
3012 4952 3221 5015 πάντας
3245 4950 3302 5003 δὲ
3317 4953 3443 5015 τοὺς
3466 4949 3699 5021 ἀστέρας

2125 5046 2466 5116 ὑποληπτέον
2504 5045 2610 5099 ὑπὸ
2648 5045 2778 5117 μίαν
2815 5043 3140 5115 ἐπιφάνειαν
3168 5043 3422 5098 κεῖσθαι⁹
3466 5040 3576 5097 ἀλλ’
3602 5039 3701 5101 οὓς

2129 5138 2230 5208 μὲν
2271 5138 2708 5209 μετεωροτέρους
2737 5137 3023 5208 ὑπάρχειν,
3059 5134 3153 5200 οὒς
3174 5135 3232 5187 δὲ
3263 5133 3697 5205 ταπεινοτέρους.

2125 5228 2225 5282 Διά
2257 5228 2314 5282 δὲ
2357 5230 2418 5282 τὸ
2467 5228 2567 5300 τὴν
2611 5229 2801 5300 ὅρασιν
2855 5229 2950 5282 ἐπὶ
2996 5227 3110 5282 ἴσον
3138 5228 3468 5295 ἐξικνεῖσθαι
3505 5226 3697 5299 μῆκος,

2127 5318 2524 5390 ἀνεπαίσθητος
2546 5318 2755 5386 γίνεται
2779 5321 2812 5391 ἡ
2839 5320 2933 5375 τοῦ
2965 5319 3135 5391 ὕψους
3161 5318 3417 5393 διαφορά.

449 5406 754 5464 extendat:
805 5404 1050 5460 redditur
1109 5402 1443 5462 insensibilis
1494 5407 1799 5466 altitudinis
1851 5409 2187 5466 differentia.

520 5565 542 5596 '
576 5581 667 5633 τρ.
697 5564 1070 5639 ἀστρονομίαν.
1144 5566 1169 5600 ⁸
1204 5584 1293 5637 γρ.
1313 5564 1690 5633 προσδέξεται,

450 5678 761 5750 Hipparcho
788 5679 1111 5738 distributus
1133 5687 1238 5738 est.
1271 5679 1406 5737 Vide
1430 5681 1526 5738 lib.
1563 5697 1616 5735 tv
1648 5680 1720 5735 De
1756 5681 2003 5735 doctrina

447 5761 764 5822 temporum,
789 5751 963 5823 capite
1005 5753 1094 5820 50,
1140 5752 1233 5809 ubi
1272 5752 1340 5808 de
1376 5768 1589 5809 summa
1636 5753 1768 5810 solis
1819 5752 2007 5823 apside

1784 5568 1805 5649 ξ
1845 5585 1933 5639 1p.
1971 5568 2417 5641 περιπορεύεται.

2116 5682 2438 5740 ceterisoue
2462 5698 2581 5756 quae
2609 5684 2698 5740 hic
2730 5698 2761 5738 a
2809 5681 3041 5740 Gemino
3071 5681 3267 5739 tradita
3304 5691 3454 5750 sunt,
3485 5678 3705 5752 copiose

2117 5766 2460 5825 disputatur.
