3786 6338
124 381 206 440 753
1147 376 1387 434 GEMINI
1426 375 1678 434 ELEMEI

1791 408 1802 431 ι
1832 374 2325 435 ᾹΞἸἮΟΝΟΜΙΕ.

3245 369 3351 429 758

185 494 308 550 Ὑπὸ
353 493 416 550 δὲ
469 493 577 567 τὴν
626 492 738 548 τῶν
772 491 1026 548 ἀπλανῶν
1061 492 1136 563 ('7)
1170 492 1416 565 ἀστέρων
1446 495 1678 564 σφαῖραν

1855 489 1970 548 Sub
1997 492 2207 563 sphaera
2236 489 2517 547 stellarum
2551 489 2781 545 lixarum
2811 486 3032 559 ponitur
3071 485 3223 543 stella
3254 484 3354 541 Sa-

119 592 267 645 κεῖται
332 588 552 658 φαίνων
618 590 650 642 6
712 586 806 641 τοῦ
868 586 1076 658 Κρόνου
1140 587 1681 659 προσαγορευόμενος

120 683 288 752 ἀστήρ.
320 672 499 744 Οὗτος
520 680 615 734 τὸν
643 680 741 751 μὲν
763 677 1027 744 ζωδιακὸν
1046 675 1245 732 κύκλον
1272 678 1331 732 ὲν
1363 677 1507 732 ἔτεσι
1531 677 1574 731 λ’
1604 673 1681 744 ῶς

120 774 316 843 ἔγγιστα
367 771 797 844 διαπορεύεται·
858 770 921 825 τὸ
977 771 1037 826 δὲ
1085 770 1142 825 ἓν
1191 770 1382 837 ζὼδιον
1428 773 1488 826 έν
1530 771 1681 825 δυσὶν

118 865 240 920 ἔτεσι
262 863 352 918 καὶ
375 863 439 929 ἐξ
469 864 656 935 μησίν.
700 863 836 918 Ὑπὸ
870 863 928 917 δὲ
953 864 1044 919 τὸν
1072 864 1327 934 φαίνοντα
1354 863 1676 935 κατώτερον·

117 956 259 1011 αὐτοῦ
289 956 523 1027 φέρεται
573 956 812 1021 Φαέθων,
851 959 879 1011 6
917 956 1012 1011 τοῦ
1060 956 1227 1027 Ζηνὸς
1260 956 1664 1029 προσαγορευό-

121 1057 261 1118 μενος
287 1047 424 1116 ἀστή
435 1063 487 1117 ρ.
537 1039 707 1110 Οὗτος
761 1046 820 1099 δὲ
841 1046 932 1101 τὸν
962 1044 1224 1111 ζωδιακὸν
1250 1047 1450 1101 κύκλον
1487 1048 1677 1101 διαπο-

118 1136 310 1208 ρεύεται
364 1136 426 1190 ἑν
489 1135 559 1206 ιβ’
610 1135 789 1189 ἔτεσι·
817 1136 883 1189 τὸ
918 1137 976 1190 δὲ
1009 1137 1068 1191 ἓν
1108 1135 1298 1201 ζώδιον
1341 1139 1399 1193 ἐν
1425 1138 1676 1210 ἐνιαυτῷ.

126 1230 246 1283 Ὑπὸ
290 1230 346 1283 δὲ
401 1228 598 1283 τοῦτον
659 1230 918 1283 τέτακται
958 1230 1202 1301 πυρόεις,
1235 1232 1265 1283 ό
1315 1230 1411 1285 τοῦ
1460 1232 1674 1303 Ἄρεος.

116 1318 269 1384 Οὗτος
285 1320 453 1375 δὲτὸν
493 1322 596 1392 μὲν
617 1320 880 1386 ζωδιακὸν
910 1321 1108 1375 κύκλον
1141 1320 1414 1394 διέρχεται
1439 1324 1498 1376 ὲν
1522 1324 1678 1377 δυσὶν

116 1415 244 1468 ἔτεσι
275 1415 367 1468 καὶ
417 1414 679 1487 ἑξαμήνῳ
709 1432 724 1447 ·
758 1416 819 1469 τὸ
850 1414 909 1469 δὲ
935 1413 1127 1481 ζώδιον
1156 1416 1215 1469 ὲν
1237 1414 1358 1469 δυσὶ
1407 1417 1542 1488 μησὶ
1583 1418 1678 1472 καὶ

114 1505 300 1576 ⁴ἡμίσει.
335 1506 454 1577 Τὴν
512 1505 571 1559 δὲ
599 1506 863 1579 ἐχομένην
919 1506 1104 1577 χώραν
1163 1506 1384 1578 κατέχει
1433 1510 1463 1561 6
1505 1506 1676 1578 ἥλιος,

116 1596 323 1669 ἑνιαυτῷ
377 1598 840 1669 διαπορευόμενος
863 1599 957 1652 τὸν
988 1598 1250 1664 ζωδιακὸν
1277 1599 1497 1659 κύκλον.
1529 1600 1591 1652 τὸ
1618 1599 1676 1653 δὲ

116 1687 283 1753 ζὼδιον
331 1688 412 1752 ὡς
459 1687 692 1757 ἔγγιστα
736 1688 818 1741 ἑνὶ
853 1689 1000 1761 μηνί.
1030 1688 1356 1760 Κατῶτερος
1392 1687 1449 1742 δὲ
1487 1688 1677 1742 τούτου

116 1783 272 1834 κεῖται
292 1781 609 1850 φωσφόρος,
630 1783 661 1834 ό
686 1781 786 1852 τῆς
830 1780 1148 1853 ’Δφροδίτης
1191 1782 1388 1853 ἀστήρ.
1424 1776 1591 1846 Οὗτος
1621 1782 1678 1835 δὲ

1784 585 1953 650 turni,
1985 585 2188 641 Graecis
2238 584 2477 654 φαίνων,
2515 582 2569 637 id
2625 591 2710 638 est
2762 581 2965 648 lucens,
3008 579 3172 636 dicta.
3228 578 3353 636 [lare

1784 678 1942 735 stella
2000 676 2286 733 zodiacum
2343 676 2609 731 circulum
2648 676 2704 729 in
2751 673 2976 745 triginta
3032 672 3191 729 annis
3244 671 3356 730 fere

1783 776 2061 841 peragrat,
2095 783 2263 822 unum
2290 781 2425 822 vero
2454 766 2670 837 signum
2700 764 2916 821 duobus
2949 764 3109 820 annis
3128 803 3143 829 ,
3172 771 3226 819 et
3259 779 3357 819 sex

1784 858 2088 915 mensibus.
2116 857 2233 912 Sub
2255 855 2515 923 Saturno,
2544 871 2720 925 eoque
2748 855 2981 912 inferius
3012 853 3185 909 fertur
3202 852 3356 911 Jovis

1784 949 1963 1015 stella,
1990 963 2111 1020 quae
2140 946 2346 1003 Graecis
2375 945 2593 1001 Φαέθων
2613 952 2859 1002 vocatur.
2883 943 3144 1015 Peragrat
3172 950 3356 998 autem

1785 1040 1999 1111 Jupiter
2031 1041 2314 1097 zodiacum
2347 1040 2402 1094 in
2433 1038 2722 1095 duodecim
2774 1038 2934 1093 annis
2961 1057 2975 1093 :
3022 1053 3192 1091 unum
3226 1051 3357 1091 vero

1783 1134 1997 1203 signum
2030 1132 2084 1186 in
2113 1146 2260 1186 anno
2280 1146 2412 1187 uno.
2456 1129 2572 1186 Sub
2597 1128 2730 1185 Jove
2761 1129 2866 1186 sita
2895 1137 2979 1184 est
3025 1128 3179 1185 stella
3214 1127 3358 1182 Mar-

1785 1223 1880 1281 tis.
1912 1222 2118 1277 Graecis
2165 1221 2387 1292 πυρόεις
2431 1228 2644 1275 vocata.
2695 1217 2823 1274 Haec
2864 1218 3018 1274 stella
3071 1217 3356 1273 zodiacum

1783 1314 2008 1369 conficit
2039 1315 2201 1369 annis
2251 1313 2466 1369 duobus
2492 1352 2508 1377 ,
2561 1322 2615 1367 et
2650 1327 2747 1368 sex
2799 1309 3082 1367 mensibus
3117 1327 3130 1363 :
3184 1321 3355 1361 unum

1784 1419 1915 1458 vero
1939 1403 2155 1473 signum
2187 1402 2402 1457 duobus
2447 1401 2752 1464 mensibus.
2795 1407 2850 1456 et
2866 1394 3127 1455 'dimidio.
3162 1396 3359 1451 Proxi-

1782 1512 1931 1552 mum
1963 1497 2144 1551 locum
2176 1496 2386 1551 obtinet
2417 1496 2529 1560 sol,
2573 1511 2686 1550 uno
2731 1509 2877 1549 anno
2916 1493 3200 1549 zcdiacum
3235 1506 3357 1563 per-

1783 1604 2020 1660 agrans:
2057 1603 2225 1643 unum
2265 1595 2446 1643 autem
2472 1588 2688 1658 signum
2728 1601 2839 1642 uno
2863 1585 2974 1642 fere
3004 1600 3212 1640 mense.
3268 1581 3357 1635 lu-

1783 1681 1953 1736 ferior
1983 1682 2098 1737 sole
2123 1688 2209 1737 est
2235 1679 2479 1745 Lucifer,
2512 1679 2568 1734 id
2608 1690 2693 1735 est
2751 1678 2909 1734 stella
2940 1676 3191 1732 Veneris.
3232 1674 3359 1731 Haec

1784 1772 1895 1828 fere
1926 1772 2121 1842 aequali
2148 1771 2437 1827 velocitate
2467 1785 2592 1825 cum
2642 1768 2758 1824 sole
2788 1775 3062 1823 movetur.
3101 1763 3215 1820 Sub
3249 1764 3357 1820 νεα

116 1872 181 1935 ὡς
221 1871 444 1941 Ιἔγγιστα
498 1871 764 1943 ἰσοταχῶς
810 1874 1038 1927 κινεῖται
1088 1872 1167 1944 τῷ
1215 1872 1351 1945 ήλίῳ
1386 1872 1483 1944 (8).
1539 1871 1677 1926 Ὑπὸ

1791 1878 1912 1919 nere
1947 1864 2251 1918 collocatur
2279 1860 2537 1919 Mercurii
2574 1860 2755 1925 stella,
2783 1874 2906 1930 qua:
2930 1859 3125 1928 et'ipsa
3151 1856 3253 1912 soli
3273 1862 3360 1910 est

116 1964 280 2019 τοῦτον
299 1965 358 2019 δὲ
395 1966 425 2019 6
453 1964 552 2019 τοῦ
613 1964 817 2038 Ἐρμοῦ
860 1965 1035 2038 ἀστὴρ
1061 1968 1237 2021 κεῖται
1257 1983 1272 1997 ⁸
1302 1967 1397 2021 καὶ
1431 1965 1594 2031 αὐτός
1616 1984 1677 2020 τε

118 2056 359 2126 ἰσοταχῶς
429 2058 664 2111 κινεῖται
687 2056 764 2128 τῷ
815 2056 970 2129 ἡλίῳ.
1003 2058 1313 2129 Κατωτέρω
1355 2058 1413 2112 δὲ
1460 2060 1677 2114 πάντων

118 2149 315 2219 φέρεται
343 2152 378 2219 ἡ
413 2149 618 2221 σελήνη
639 2151 697 2203 έν
724 2149 959 2222 ἡμέραις
979 2156 1029 2202 κ’
1057 2149 1152 2203 καὶ
1182 2150 1230 2216 ζ’
1256 2151 1352 2204 καὶ
1378 2151 1547 2223 τρίτῳ
1566 2151 1681 2206 δια-

117 2239 441 2311 πορευομένη
500 2238 596 2294 τὸν
631 2238 896 2303 ζωδιακὸν
928 2239 1128 2296 κύκλον
1149 2258 1164 2272 ·
1208 2240 1271 2295 τὸ
1303 2241 1361 2295 δὲ
1407 2240 1597 2307 ζώδιον
1621 2243 1679 2296 ὲν

117 2330 330 2403 ἡμέραις
363 2329 410 2401 β’
447 2330 546 2385 καὶ
589 2331 837 2403 τετάρτῳ
883 2330 1039 2403 μέρει
1073 2332 1174 2404 τῆς
1210 2331 1340 2403 μιᾶς
1361 2330 1575 2403 ἡμέρας
1603 2331 1679 2395 ὼς

119 2424 341 2493 ἔγγιστα.
1239 2462 1248 2471 .

176 2518 234 2571 Ei
284 2518 383 2589 μὲν
405 2512 505 2571 οὗν
545 2516 577 2569 ό
610 2517 760 2587 ἥλιος
804 2519 1036 2573 ἐκινεῖτο
1074 2517 1169 2571 ἐπὶ
1213 2518 1324 2572 τῶν
1353 2535 1681 2590 κατηστερι-

118 2607 309 2678 σμένῶν
346 2606 586 2673 ζωδίων,
633 2607 851 2672 πάντως
884 2607 949 2662 ἂν
984 2608 1226 2677 ἐγίνοντο
1254 2610 1303 2663 οἱ
1347 2608 1548 2679 μεταξὺ
1572 2609 1681 2662 τῶν

116 2698 311 2769 τροπῶν
330 2698 428 2752 καὶ
448 2697 564 2752 τῶν
607 2698 906 2770 ίσημεριῶν
927 2700 1109 2770 χρόνοι
1135 2700 1242 2754 [σοι
1271 2698 1537 2769 ἀλλήλοις.
1570 2700 1682 2763 Τὰς

118 2789 212 2859 γὰρ
244 2791 358 2854 ἴσας
393 2788 755 2862 περιφερείας
785 2791 1047 2862 ἰσοταχῶς
1079 2790 1415 2863 κινούμενος,
1455 2791 1682 2861 ὤφειλεν

119 2882 169 2935 ὸν
186 2878 310 2946 Icci;
329 2881 577 2937 διανύειν
598 2881 830 2951 χρόνοις.
848 2882 1077 2953 Ὁμοίως
1095 2883 1153 2937 δὲ
1178 2885 1228 2936 εί
1255 2883 1350 2937 καὶ
1373 2883 1683 2957 κατώτερον

120 2973 201 3027 τοῦ
225 2973 489 3040 ζωδιακοῦ
515 2973 720 3028 κύκλου
744 2975 1042 3047 φερόμενος
1069 2977 1097 3030 6
1120 2977 1293 3048 ἥλιος,
1319 2978 1447 3047 περὶ
1476 2975 1538 3029 τὸ
1553 2975 1685 3029 αὐτὸ

120 3066 317 3140 κέντρον
377 3070 620 3122 ἐκινεῖτο
668 3068 747 3139 τῷ
783 3068 1031 3141 ζωδιακῷ
1059 3069 1264 3140 κύκλῳ,
1296 3070 1392 3123 καὶ
1417 3068 1588 3133 οὕτως
1617 3070 1682 3123 ἂν

121 3158 331 3225 ἐγίνοντο
379 3162 429 3213 οἱ
473 3158 683 3230 μεταξὺ
717 3161 826 3215 τῶν
857 3162 1073 3234 τροπῶν
1108 3163 1201 3216 καὶ
1238 3161 1348 3216 τῶν
1385 3162 1681 3235 ίσημεριῶν

121 3247 273 3320 χρόνοι
297 3250 425 3305 ίσοι.
458 3249 672 3315 Πάντες
690 3251 800 3324 γὰρ
829 3256 877 3306 oi
906 3254 1033 3324 περὶ
1059 3252 1119 3306 τὸ
1144 3253 1275 3307 αὐτὸ
1295 3254 1518 3326 κέντρον
1549 3272 1682 3326 γρα-

122 3338 316 3410 φόμενοι
382 3342 432 3374 ¹⁶
487 3339 684 3394 κύκλοι
733 3342 933 3413 ὁμοίως
983 3343 1089 3397 ὑπὸ
1128 3346 1170 3376 ³⁸
1217 3343 1327 3398 τῶν
1377 3345 1681 3417 διαμέτρων

121 3427 455 3502 ὖιαιροῦνται.
475 3434 664 3497 Ὥστε,
687 3433 811 3487 ἐπεὶ
830 3435 857 3488 6
880 3435 1140 3500 ζωδιακὸς
1152 3435 1349 3500 κύκλος
1370 3439 1449 3501 είς
1472 3437 1512 3490 δ’
1541 3438 1681 3510 μέρη

124 3519 196 3576 ῐσα
214 3524 504 3596 διαιρεῖται
561 3524 668 3578 ὑπὸ
705 3524 814 3579 τῶν
851 3526 1176 3598 διαμέτρων,
1206 3528 1316 3582 τῶν
1347 3529 1417 3582 τὰ
1446 3531 1683 3600 τροπικὰ

123 3615 197 3668 καὶ
227 3615 526 3688 ίσημερινὰ
569 3619 771 3686 σημεῖα
804 3617 1271 3687 ἐπιζευγνυουσῶν
1292 3661 1308 3685 ,
1340 3622 1555 3695 ἀνάγκη
1588 3624 1682 3677 καὶ

120 3708 192 3761 τὸν
208 3710 430 3780 ἡλιακὸν
476 3710 681 3764 κύκλον
718 3712 798 3775 είς
833 3713 876 3765 δ’
904 3713 1043 3785 μέρη
1077 3715 1400 3786 διαιρεῖσθαι
1451 3716 1542 3772 ἴσα
1579 3717 1684 3770 ὑπὸ

121 3800 208 3853 τῶν
242 3802 423 3856 αὐτῶν
468 3801 800 3873 διαμέτρων.
862 3805 1144 3877 ’ἰσοταχῶς
1182 3802 1275 3861 οὖν
1312 3808 1628 3880 κινούμενος
1656 3811 1684 3863 6

122 3891 248 3960 ἣλιος
271 3894 365 3947 ἐπὶ
392 3894 497 3964 τῆς
526 3893 666 3956 ἰδίας
706 3895 1057 3966 περιφερείας
1090 3937 1105 3961 ,
1156 3896 1304 3962 ίσους
1340 3898 1406 3952 ἂν
1439 3900 1685 3954 ἐπετέλει

122 3987 226 4049 τοὺς
245 3987 353 4041 τῶν
376 3984 827 4059 τεταρτημορίων
847 3987 1090 4059 χρόνους.
1118 3989 1258 4042 Νυνὶ
1287 3990 1344 4044 δὲ
1375 3991 1584 4045 κατώτε
1594 4008 1683 4064 ρον

123 4076 322 4146 φέρεται
345 4083 375 4133 ό
404 4080 582 4149 ἥλιος,
623 4079 719 4133 καὶ
752 4079 844 4133 ἐπὶ
874 4080 1164 4151 ὲκκέντρου
1193 4082 1393 4136 κύκλου
1427 4087 1682 4146 κινεῖται,

123 4168 352 4239 καθάπερ
402 4171 844 4242 ὑπογέγραπται.
894 4171 968 4223 Οὐ
1024 4169 1133 4242 γὰρ
1170 4172 1233 4224 τὸ
1282 4172 1411 4225 αὐτὸ
1459 4172 1681 4245 κέντρον

122 4258 218 4314 ἐστὶ
243 4263 336 4316 τοῦ
365 4262 602 4335 ἡλιακοῦ
630 4262 829 4317 κύκλου
860 4264 953 4317 καὶ
986 4262 1079 4316 τοῦ
1118 4263 1382 4329 ζωδιακοῦ
1407 4283 1417 4294 ·
1452 4265 1569 4318 ἀλλ’
1599 4267 1684 4335 ἐφ’

123 4348 168 4401 ἐν
199 4354 237 4384 ¹²
264 4355 431 4426 μέρος
493 4352 781 4425 παρῆκται
832 4356 865 4426 ἡ
897 4354 988 4408 τοῦ
1030 4355 1177 4427 ἡλίου
1229 4360 1452 4429 σφαῖρα.
1490 4357 1588 4411 Διὰ
1628 4357 1683 4410 δὲ

122 4441 204 4513 τὴν
226 4446 486 4517 τοιαύτην
516 4444 669 4499 θέσιν
703 4448 783 4509 είς
803 4446 1041 4519 τέσσαρα
1061 4446 1199 4519 μέρη
1222 4447 1382 4502 ἄνισα
1395 4449 1684 4521 διαιρεῖται

1777 1955 2004 2026 ιυίιυειίε
2055 1954 2110 2010 in
2147 1965 2316 2009 motu.
2354 1952 2545 2008 Infima
2584 1953 2830 2008 omnium
2861 1958 2944 2008 est
2991 1949 3179 2012 Luna,
3237 1962 3360 2018 qua:

1777 2049 1971 2105 diebus
2004 2048 2073 2102 27
2112 2048 2215 2102 ΗΞ
2242 2046 2527 2102 zodiacum
2562 2045 2863 2118 percurrit,
2902 2059 3073 2101 unum
3115 2057 3245 2098 vero
3282 2041 3358 2095 si-

1778 2155 1944 2210 gnum
1969 2140 2166 2196 diebus
2188 2140 2425 2206 duobus,
2445 2149 2501 2197 et
2526 2155 2637 2196 una
2666 2138 2781 2196 fere
2800 2145 2994 2210 quarta
3022 2144 3177 2209 parte
3196 2134 3362 2191 unius

1778 2231 1908 2287 di’ci.

1782 2554 1805 2577 ι,
1854 2518 1913 2574 Si
1938 2517 2106 2591 igitur
2135 2520 2217 2576 sol
2244 2528 2558 2576 moveretur
2586 2534 2753 2590 super
2794 2518 3133 2575 constellatis
3160 2518 3355 2588 signis,

1780 2613 2005 2669 omnino
2037 2621 2303 2684 tempora,
2338 2628 2460 2684 qua:
2481 2622 2609 2669 sunt
2642 2613 2785 2668 inter
2814 2611 3071 2671 solstitia,
3102 2619 3156 2665 et
3185 2609 3360 2680 aequi-

1781 2702 1985 2769 noctia,
2010 2709 2195 2758 essent
2224 2703 2368 2758 inter
2398 2717 2457 2759 se
2481 2702 2731 2772 aequalia.
2790 2700 3055 2771 JEquales
3097 2699 3244 2753 enim
3269 2713 3360 2752 ar.

1782 2811 1900 2861 cus,
1923 2810 2048 2851 cum
2075 2796 2360 2865 aequaliter
2378 2804 2709 2860 moveretur,
2728 2793 2783 2850 in
2815 2793 3151 2863 temporibus
3175 2807 3361 2862 aequa-

1783 2890 1928 2944 libus
1980 2887 2294 2944 conficeret.
2350 2885 2634 2954 Similiter,
2669 2888 2715 2943 si
2769 2887 2852 2943 sol
2897 2885 3039 2940 infra
3071 2885 3359 2940 zodiacum

1784 2981 2034 3044 ferretur,
2069 2990 2123 3036 et
2146 2987 2459 3035 moveretur
2478 2980 2631 3035 circa
2656 2980 2800 3035 idem
2824 2985 3072 3033 centrum
3103 2976 3314 3032 zodiaci
3340 2993 3357 3031 τ

1783 3079 1967 3127 tamen
2001 3072 2165 3126 etiam
2205 3070 2285 3127 sic
2317 3078 2603 3142 tempora,
2632 3086 2755 3140 quae
2784 3074 2913 3125 sunt
2943 3068 3087 3123 inter
3124 3065 3375 3122 solstitia

1784 3173 1838 3220 et
1865 3165 2236 3237 aequinoctia,
2298 3172 2489 3221 essent.
2522 3163 2666 3218 inter
2717 3178 2776 3218 se
2834 3160 3104 3232 aequalia;
3166 3172 3363 3214 omnes

1782 3261 1930 3313 enim
1964 3256 2195 3321 circuli,
2248 3257 2343 3328 qui
2374 3256 2521 3310 circa
2562 3255 2706 3309 idem
2742 3262 2991 3309 centrum
3022 3258 3314 3306 moventur
3341 3287 3357 3312 ,

1785 3349 2036 3404 similiter
2062 3363 2092 3401 a
2121 3347 2407 3403 diametris
2428 3345 2766 3401 dividuntur.
2792 3343 3006 3415 Itaque,
3023 3358 3148 3398 cum
3171 3340 3358 3397 zodia-

1783 3458 1882 3499 cus
1908 3442 1965 3497 in
1999 3450 2236 3513 quatuor
2263 3450 2451 3511 partes
2494 3440 2733 3511 aequales
2763 3437 3041 3493 dividatur
3070 3451 3100 3489 a
3149 3434 3358 3488 diame-

1784 3538 1903 3602 tris,
1941 3552 2064 3608 quae
2093 3542 2296 3607 puncta
2335 3534 2646 3591 solstitialia
2676 3541 2731 3589 et
2766 3530 3173 3604 arquinoctialia
3225 3544 3361 3583 con-

1783 3638 2052 3685 nectunt:
2095 3628 2411 3684 necessario
2439 3628 2603 3683 etiam
2650 3625 2848 3682 solaris
2898 3624 3141 3680 circulus
3169 3622 3236 3675 ab
3265 3621 3369 3675 iisa

1784 3721 1905 3776 dem
1934 3721 2218 3776 diametris
2246 3720 2300 3775 in
2326 3730 2562 3791 quatuor
2593 3728 2775 3790 partes
2803 3717 3041 3789 aequales
3063 3715 3358 3771 dividetur.

1783 3812 1921 3867 Cum
1957 3813 2125 3883 igitur
2158 3811 2240 3868 sol
2264 3827 2429 3883 super
2456 3810 2675 3882 pr0pria
2709 3807 3153 3866 circumferentia
3179 3821 3362 3876 aequar-

1786 3903 1912 3959 liter
1932 3911 2237 3967 moveatur,
2269 3911 2518 3974 tempora
2563 3900 2931 3973 quadrantum
2967 3884 3176 3955 zodiaci
3221 3898 3364 3953 inter

1787 4009 1846 4050 se
1872 3995 2102 4066 aaqualia
2138 3994 2393 4050 ediceret.
2425 3994 2495 4049 At
2524 4009 2673 4050 nunc
2703 3992 2939 4049 inferius
2971 3991 3144 4047 fertur
3174 3989 3278 4054 sol,
3308 3996 3376 4044 et

1786 4104 1951 4158 super
1966 4087 2278 4144 excentrico
2303 4086 2512 4142 circulo
2542 4093 2790 4141 movetur
2816 4103 2829 4139 :
2864 4084 3007 4139 sicut
3034 4081 3206 4151 ﬁgura
3233 4079 3366 4135 sub-

1795 4180 1997 4249 scripta
2030 4179 2289 4234 ostendit.
2321 4178 2440 4233 Non
2475 4177 2622 4232 cnim
2648 4176 2791 4231 idem
2820 4183 2904 4230 est
2932 4181 3179 4229 centrum
3211 4171 3360 4226 sola-

1787 4271 1863 4325 ris
1905 4269 2141 4336 circuli,
2181 4275 2236 4325 ct
2284 4268 2530 4324 zodiaci:
2563 4266 2659 4321 sed
2708 4280 2901 4320 versus
2951 4277 3114 4317 unam
3152 4267 3359 4330 partem

1788 4358 2022 4415 adducta
2056 4367 2141 4415 est
2177 4358 2313 4415 solis
2367 4358 2600 4428 sphaera.
2644 4356 2876 4426 Propter
2922 4354 3084 4408 talem
3123 4349 3383 4420 positum.

1790 4449 1845 4503 in
1876 4459 2115 4520 quatuor
2146 4457 2337 4519 partes,
2369 4448 2664 4518 inaequales
2702 4445 2967 4501 dividitur
3012 4442 3209 4498 solaris
3237 4456 3362 4496 cur-

121 4533 374 4605 όηλιακὸς
399 4537 638 4610 δρόμος’
686 4538 781 4592 καὶ⁸
819 4538 1026 4607 γίνεται
1067 4541 1297 4610 μεγίστη
1329 4542 1426 4612 μὲν
1459 4540 1678 4613 περιφέ-

1795 4557 1892 4598 sus
1925 4561 1939 4597 :
1981 4550 2035 4597 et
2064 4541 2122 4595 fit
2142 4542 2416 4597 maximus
2443 4555 2627 4603 arcus,
2662 4538 2758 4608 qui
2779 4535 2925 4591 cadit
2956 4535 3058 4591 sub
3087 4534 3362 4605 quadran—

122 4630 286 4700 ριιαή
315 4631 750 4683 ὺποπεπτωκυϊα
799 4630 902 4683 ὑπὸ
928 4630 989 4683 τὸ
1033 4630 1127 4683 τοῦ
1172 4630 1437 4695 ζωδιακοῦ
1480 4632 1681 4686 κύκλου

120 4723 560 4793 τεταρτημόριον,
610 4721 673 4773 τὸ
719 4721 829 4774 ἀπὸ
873 4721 966 4774 τοῦ
1011 4722 1182 4791 Κριοῦ
1214 4729 1263 4777 α’
1299 4724 1493 4795 μοίρας
1522 4724 1682 4795 μέχρι

121 4808 350 4881 Διδύμων
372 4813 438 4876 λ’,
458 4811 720 4883 ἐλαχίστη
743 4812 800 4865 δὲ
829 4813 1203 4885 περιφέρειαὴ
1235 4815 1461 4886 κειμένη
1490 4816 1596 4868 ὑπὸ
1622 4814 1683 4867 τὸ

121 4904 535 4976 τεταρτημόριον
553 4902 616 4955 τὸ
634 4902 922 4973 ἀπὸΖυγοῦ
948 4903 997 4959 α’
1025 4906 1239 4977 μοίρας,
1265 4907 1427 4979 μέχρι
1446 4906 1680 4973 Τοξότου

126 4992 303 5063 μοίρας
324 4995 390 5049 λ’.

191 5146 231 5177 ¹⁹
252 5167 341 5218 γρ.
379 5150 700 5224 φερόμενοι.
776 5151 818 5181 ³⁸
852 5166 942 5219 7p.
971 5150 1084 5207 ἐπί.
1160 5152 1206 5183 ι’
1227 5169 1315 5222 γρ.
1348 5151 1444 5221 ὑφ’
1468 5152 1551 5209 ἓν.

186 5327 256 5399 (7)
298 5330 447 5386 Ὑπὸ
497 5330 570 5385 δὲ
602 5330 723 5400 τὴν
760 5329 881 5383 τῶν
919 5328 1223 5385 ἀπλανῶν.
1274 5329 1397 5385 Haec
1432 5330 1679 5400 planeta-

124 5405 534 5471 rumﬂvocabula
561 5402 633 5456 ab
663 5399 933 5471 [Egyptiis
970 5416 1225 5457 manasse
1256 5399 1449 5457 scribit
1478 5399 1677 5455 Firmi-

124 5478 213 5536 cus
234 5470 328 5524 lib.
361 5487 425 5536 ιι,
455 5488 577 5536 cap.
617 5471 673 5526 2.
707 5470 960 5525 Mercurii
996 5486 1193 5525 nomen
1221 5472 1483 5527 omissum
1516 5471 1605 5525 hic
1644 5486 1676 5526 a

125 5488 213 5521 cus
234 5488 328 5524 un.
361 5488 425 5536 ιι,
455 5489 518 5529 ca
563 5513 577 5526 .
617 5488 673 5526 Ζ.
707 5488 960 5525 mercuru
996 5488 1193 5525 nomen
1221 5488 1483 5527 omissum
1516 5488 1605 5525 mc
1644 5488 1670 5525 a

125 5530 362 5611 gemino.
394 5544 479 5598 vel
520 5488 745 5597 ﬁbrario
791 5542 993 5611 potius.
1054 5541 1147 5595 Est
1191 5548 1372 5595 autem
1420 5540 1670 5595 στίλϐων.

126 5600 201 5683 υτ.
219 5600 555 5677 planetarum
584 5600 845 5683 motibus,
864 5613 986 5683 sive
1005 5612 1361 5683 sphaamrum,
1390 5610 1443 5665 in
1472 5612 1671 5683 quibus

125 5675 423 5752 volvuntur,
452 5684 647 5739 eadem
672 5682 833 5737 habet
858 5682 1015 5737 Philo
1036 5675 1103 5737 'in
1132 5682 1272 5738 libro
1294 5675 1366 5736 De
1384 5675 1667 5743 cherubim,

126 5748 228 5826 δίζε
258 5748 416 5826 Quin,
460 5754 623 5823 cujus
669 5752 832 5826 verba
869 5753 1196 5826 corrige_nda
1214 5822 1231 5826 μ
1249 5760 1395 5826 sunt,
1446 5753 1669 5826 pag._75

127 5814 243 5874 edit.
277 5814 497 5891 Graec,
527 5814 643 5881 ver.
670 5819 778 5877 Οὗν
798 5840 812 5855 ’
856 5825 889 5894 ἡ
926 5814 1137 5895 μὲννοῦν
1179 5814 1429 5891 ἐξωτάτω
1446 5814 1559 5876 τῶν
1581 5821 1665 5874 λε-

1794 4642 1898 4688 ιεω
1932 4632 2139 4688 zodiaci
2179 4648 2303 4688 eum
2329 4672 2344 4699 ,
2394 4632 2486 4704 qui
2520 4639 2603 4688 est
2640 4631 2709 4686 ab
2737 4628 2935 4685 Arietis
2985 4628 3163 4699 primo
3189 4626 3361 4699 gradu

1792 4739 1967 4794 usque
2000 4724 2069 4779 ad
2104 4724 2458 4780 Geminorum
2495 4722 2724 4795 gradum
2764 4719 3102 4776 tricesimum
3137 4737 3151 4775 :
3199 4718 3363 4772 mini-

1794 4831 1917 4870 mus
1944 4831 2073 4870 vero
2112 4831 2295 4881 arcus,
2324 4816 2419 4888 qui
2469 4815 2680 4888 positus
2739 4820 2825 4868 est
2880 4810 2982 4866 sub
3035 4825 3100 4865 eo
3154 4807 3361 4863 zodiaci

1794 4909 2127 4980 quadrante,
2158 4910 2248 4980 qui
2278 4921 2363 4966 est
2392 4926 2421 4965 a
2449 4911 2626 4982 primo
2658 4907 2829 4980 gradu
2862 4904 3059 4969 Librae,
3090 4917 3262 4972 usque
3293 4900 3385 4962 ad;

1796 5001 2134 5057 tricesimum
2168 5001 2395 5073 gradum
2426 5000 2729 5073 Sagittarii.

1789 5332 2033 5404 γομένων
2080 5331 2334 5387 ἀπλανῶν
2385 5333 2482 5404 μία
2534 5333 2644 5387 τῶν
2681 5336 2755 5404 ην
2784 5331 2884 5402 τὴν
2933 5329 3181 5404 ἀπὸ-τῶν
3214 5327 3363 5404 ἑῴων

1786 5400 1877 5476 ἐπὶ
1907 5401 1976 5476 τα
1996 5404 2229 5476 ἑσπέρια
2256 5400 2479 5476 εἱλεῖται
2510 5400 2784 5476 περίοδον,
2809 5400 2934 5455 nam
2968 5402 3137 5476 vulgo
3166 5400 3362 5467 legitur

1786 5472 1916 5542 μία,
1951 5473 1985 5543 ἢ
2008 5471 2269 5547 τήν,ἐιο.
2305 5472 2439 5547 Οειο
2468 5471 2953 5547 quip'pe_sphaaras
2975 5471 3185 5532 statuit,
3219 5485 3358 5537 qua-

1784 5541 1904 5597 rum
1940 5541 2072 5599 una'
2104 5552 2201 5601 est.
2230 5562 2351 5617 quae
2383 5541 2517 5601 fixas
2546 5541 2811 5608 continet,
2859 5541 3079 5612 reliquae
3112 5547 3241 5595 sunt
3271 5552 3360 5596 se-

1780 5620 1966 5806 ρϊξξί
1983 5678 2196 5736 Absunt
2254 5682 2372 5738 haec
2418 5680 2485 5737 de
2553 5678 2833 5736 Mercurio
2899 5680 2967 5737 ab
3023 5677 3239 5752 Anglici.
3303 5681 3359 5735 et

1780 5770 1809 5805 ll
1852 5770 1877 5806 S
1908 5769 1930 5805 ι·
1974 5790 1987 5803 .

1780 5767 1987 5808 ιιοειιὈ.
