3786 6320
447 330 550 388 735

515 448 668 503 Unde
713 461 840 502 cum
880 446 964 501 sol
1007 459 1172 516 super
1205 445 1423 515 proprio
1476 444 1682 499 circulo
1727 444 2014 513 aequaliter
2040 463 2088 518 Α

442 548 748 602 moveatur,
783 538 924 593 idem
958 539 1341 592 convenienter
1371 536 1662 606 inmquales
1721 550 1882 590 arcus
1924 535 2010 591 sui

441 631 634 685 circuli
650 629 1009 700 inaequalibus
1029 628 1364 699 temporibus
1392 629 1700 691 conticit,ac
1717 627 2010 680 maximum

441 722 659 792 quidem
697 737 883 776 arcum
935 721 1211 783 maximo,
1266 719 1549 773 minimum
1607 733 1738 773 vero
1784 717 2010 772 minimo

440 824 686 884 tempore
719 814 936 868 transit.
966 815 1034 866 At
1070 827 1193 866 cum
1221 811 1518 865 maximum
1549 825 1735 864 arcum
1759 810 1843 864 sui
1883 825 2012 879 pro-

439 908 546 976 prii
569 906 759 960 circuli
790 913 1060 975 peragrat,
1089 911 1221 958 tunc
1249 918 1373 957 eum
1411 902 1618 956 zodiaci
1648 901 2008 972 quadrantem

440 996 701 1060 conﬁcit,
750 994 843 1064 qui
875 1001 958 1048 est
1008 993 1149 1048 inter
1197 989 1583 1062 aequinoctium
1620 1003 1890 1051 vernum,
1952 993 2008 1041 et

440 1088 737 1144 solstitium
768 1085 1058 1149 mstivum;
1106 1099 1230 1138 cum
1261 1097 1392 1137 vero
1443 1097 1536 1152 per
1575 1081 1860 1138 minimum
1913 1094 2003 1133 ar-

439 1197 562 1236 cum
587 1181 670 1235 sui
710 1179 913 1250 proprii
943 1178 1134 1233 circuli
1173 1185 1443 1239 movetur,
1474 1182 1606 1227 tunc
1636 1188 1760 1228 eum
1794 1173 2004 1227 zodiaci

441 1273 794 1341 quadrantem
827 1273 1130 1341 percurrit,
1189 1269 1283 1338 qui
1329 1277 1413 1324 est
1443 1268 1585 1321 inter
1618 1266 2005 1335 aequinoctium

441 1361 749 1418 autumnale
776 1368 831 1416 et
855 1359 1150 1416 solstitium
1203 1357 1512 1413 hibernum.
1545 1356 1679 1412 Cum
1714 1355 1880 1426 igitur
1923 1357 2007 1408 in-

441 1455 670 1526 aequales
723 1467 888 1509 arcus
932 1452 1128 1508 solaris
1173 1450 1365 1504 circuli
1402 1449 1506 1504 sub
1562 1448 1795 1517 aequales
1843 1462 2005 1502 arcus

439 1546 647 1604 zodiaci
668 1545 885 1610 cadant,
911 1559 1138 1599 necesse
1169 1550 1254 1598 est
1295 1540 1581 1610 inaequalia
1621 1539 1736 1593 ﬁeri
1759 1546 2005 1607 tempora

439 1646 576 1694 inter
601 1653 680 1702 se,
719 1652 841 1707 quae
881 1644 1010 1690 sunt
1050 1635 1192 1689 inter
1242 1631 1550 1688 solstitialia
1579 1641 1633 1685 et
1658 1629 2006 1700 aequinoctia-

437 1731 503 1785 tia
529 1740 770 1801 puncta:
821 1735 876 1784 et
907 1727 1203 1783 maximum
1235 1725 1454 1796 quidem
1505 1723 1590 1789 id,
1639 1724 1781 1793 quod
1810 1732 1894 1778 est
1934 1723 2002 1777 ab

1428 327 1520 381 AD
1557 326 1828 382 EUSEBII
1864 326 2259 384 CHRONICON
2299 325 2664 383 APPENDIX.
3587 325 3677 382 756

2187 447 2349 501 ’Ὀθεν
2377 447 2613 515 εὐλόγως
2654 447 2683 498 6
2730 445 2900 516 ἥλιος,
2936 442 3196 513 ἰσοταχῶς
3239 443 3558 514 κινούμενος
3595 444 3677 498 ἐπὶ

2110 537 2204 592 τοῦ
2235 538 2365 592 ἰδίου
2394 538 2617 602 κύκλου,
2645 538 2742 600 τὰς
2767 535 2985 599 ἀνίσους
3013 537 3366 607 περιφερείας
3391 538 3451 589 ἐν
3485 537 3680 603 ἀνίσοις

2111 633 2322 703 χρόνοις
2345 631 2616 704 διέρχεται
2638 648 2650 662 ·
2689 631 2781 684 καὶ
2801 631 2897 702 τὴν
2923 631 3021 701 μὲν
3053 631 3314 701 μεγίστην
3334 631 3390 681 ἐν
3424 630 3675 701 μεγίστῳ,

2109 723 2210 793 τὴν
2239 723 2295 776 δὲ
2341 723 2628 794 ἐλαχίστην
2668 724 2726 776 ἐν
2771 722 3037 792 ἐλαχίστῳ
3061 721 3235 793 χρόνῳ
3281 720 3672 792 διαπορεύεται.

2124 815 2260 867 Ἀλλ’
2289 816 2416 868 ὅταν
2458 815 2553 885 μὲν
2585 813 2682 885 τὴν
2732 813 2991 884 μεγίστην
3036 812 3391 883 περιφέρειαν
3446 811 3540 864 ἐπὶ
3593 812 3674 863 τοῦ

2114 905 2242 957 ἰδίου
2273 904 2471 958 κύκλου
2504 903 2717 976 διανύῃ,
2735 903 2854 956 τότε
2885 900 3172 974 παροδεύει
3205 901 3266 954 τὸ
3292 901 3386 954 τοῦ
3419 900 3674 965 ζωδιακιῦ

2107 997 2534 1068 τεταρτημόριον
2556 996 2616 1048 τὸ
2646 995 2754 1049 ἀπὸ
2790 994 3078 1067 ἰσημερίας
3120 994 3340 1064 ἐαρινῆς
3372 993 3537 1064 μέχρι
3565 1011 3680 1064 τρο-

2109 1089 2219 1157 πῆς
2243 1089 2489 1160 θερινῆς·
2522 1089 2646 1142 ὅταν
2672 1087 2727 1140 δὲ
2756 1088 2854 1159 τὴν
2894 1086 3180 1157 ἐλαχίστην
3210 1087 3569 1156 περιφέρειαν
3593 1086 3678 1139 ἐπὶ

2105 1179 2200 1231 τοῦ
2235 1179 2364 1232 ἰδίου
2393 1179 2591 1232 κύκλου
2625 1178 2858 1249 κινῆται,
2888 1177 3007 1229 τότε
3045 1174 3333 1246 παροδεύει
3361 1173 3456 1227 τοῦ
3492 1173 3675 1238 ζωδια-

2107 1270 2204 1324 κοῦ
2229 1271 2290 1323 τὸ
2332 1271 2780 1341 τεταρτημόριον,
2823 1267 2885 1321 τὸ
2909 1269 3020 1322 ἀπὺ
3046 1267 3334 1339 ἰσημερίας
3357 1265 3678 1336 φθινοπωρι-

2106 1363 2201 1433 νῆς
2267 1363 2428 1434 μέχρι
2487 1362 2692 1433 τροπῆς
2741 1360 3075 1431 χειμερινῆς.
3160 1359 3314 1412 Ἐπεὶ
3352 1355 3447 1412 οῦν
3514 1359 3678 1412 ἄνισοι

2107 1454 2448 1525 περιφέρειαι
2507 1453 2600 1507 τοῦ
2666 1450 2889 1521 ἡλιακοῦ
2953 1451 3154 1504 κύκλου
3217 1451 3323 1504 ὑπὸ
3362 1451 3487 1514 τσας
3535 1464 3681 1522 περι-

2106 1547 2325 1616 φερείας
2389 1544 2483 1598 τοῦ
2564 1543 2826 1608 ζωδιακοῦ
2901 1542 3101 1596 κύκλου
3175 1542 3634 1596 ὑποπεπτώκασιν
3663 1581 3678 1603 ,

2103 1639 2316 1708 ἀνάγκη
2355 1638 2569 1702 ἀνίσους
2607 1636 2853 1706 γίνεσθαι
2887 1638 3014 1699 τοὺς
3055 1637 3164 1689 ἀπὸ
3208 1635 3317 1690 τῶν
3340 1634 3562 1706 τροπῶν
3591 1636 3679 1705 μέ-

2103 1748 2194 1802 χρι
2261 1731 2369 1784 τῶν
2439 1729 2737 1802 ἰσημεριῶν
2787 1729 3051 1800 χρόνουςο
3105 1729 3200 1782 καὶ
3261 1728 3520 1798 μέγιστον
3586 1729 3680 1798 μὲν

438 1820 798 1891 aequinoctiali
850 1827 1055 1890 puncto
1113 1832 1282 1872 verno
1352 1831 1526 1885 usque
1580 1815 1647 1869 ad
1719 1814 2002 1870 solstitiale

2121 1825 2191 1876 τὸν
2231 1825 2340 1877 ἀπὺ
2383 1823 2668 1894 ἰσημερίας
2709 1823 2928 1894 ἐαρινῆς
2973 1822 3131 1892 μέχρι
3176 1821 3388 1892 τροπῆς
3425 1821 3679 1892 θερινῆς,

436 1920 696 1982 punctum
727 1911 975 1966 aestivum
1006 1929 1019 1964 :
1063 1910 1346 1963 minimum
1375 1922 1504 1962 vero
1539 1907 1615 1969 id,
1643 1906 1787 1976 quod
1821 1914 1905 1961 est
1933 1906 2002 1960 ab

437 2002 798 2072 equinoctiali
840 2010 1041 2072 puncto
1074 2001 1377 2055 autumnali
1410 2014 1582 2068 usque
1616 1999 1682 2052 ad
1713 1998 2002 2053 solstitiale

436 2104 697 2164 punctum
724 2095 1029 2148 hibernum.
1069 2093 1162 2147 Sol
1188 2093 1353 2163 igitur
1383 2099 1649 2161 perpetuo
1672 2089 1728 2162 4
1753 2099 2003 2144 movetur

435 2187 771 2257 aequaliter:
834 2186 928 2242 sed
997 2195 1214 2256 propter
1275 2184 1739 2240 excentricitatem
1804 2184 2001 2238 solaris

435 2279 659 2348 sphaerae
709 2278 1044 2348 temporibus
1101 2276 1459 2346 inaequalibus
1508 2275 1746 2344 aequales
1791 2274 1999 2328 zodiaci

435 2374 762 2443 quadrantes
791 2372 1029 2427 conﬁcit.
1065 2370 1290 2440 Pr0pter
1313 2368 1559 2424 eamdem
1589 2383 1808 2422 causam
1837 2367 2000 2421 etiam

433 2465 657 2534 mqualia
689 2465 841 2536 signa
879 2466 932 2518 in
980 2464 1314 2535 temporibus
1354 2463 1713 2532 inaaqualibus
1761 2463 1843 2517 sol
1876 2478 2001 2532 per-

431 2566 601 2628 agrat.
637 2557 694 2612 Si
722 2558 866 2612 enim
885 2558 954 2612 ab
973 2556 1408 2611 extremitatibus
1433 2554 1999 2610 dodecatemoriorum

431 2651 496 2704 ad
548 2659 794 2704 centrum
857 2649 1064 2704 zodiaci
1114 2659 1502 2704 connectamus
1545 2649 1719 2702 lineas
1769 2656 1997 2702 rectas:

428 2742 886 2812 quemadmodum
916 2741 1087 2813 ﬁgura
1125 2743 1432 2811 subscripta
1460 2740 1722 2800 ostendit,
1753 2741 1856 2796 erit
1886 2739 2000 2809 qui-

427 2836 549 2891 dem
581 2835 838 2891 zodiacus
864 2836 919 2890 in
954 2836 1238 2891 duodecim
1273 2845 1454 2906 partes
1481 2835 1722 2904 aaquales
1745 2834 1956 2888 divisus
1984 2851 1995 2885 :

428 2929 560 2983 solis
588 2944 719 2984 vero
745 2912 1232 2998 circulus‘propter
1252 2928 1718 2983 excentricitatem
1764 2926 1821 2980 in
1862 2925 1992 2980 duo-

426 3020 602 3076 decim
621 3029 803 3090 partes
820 3020 1114 3090 inaequales
1139 3019 1348 3074 divisus
1373 3038 1386 3074 :
1412 3035 1475 3072 ac
1494 3019 1764 3073 maximus
1780 3017 1998 3088 quidem

426 3127 586 3167 arcus
616 3111 669 3165 in
697 3111 861 3168 solari
890 3111 1095 3168 circulo
1117 3110 1219 3166 erit
1239 3111 1347 3175 ille,
1371 3109 1462 3180 qui
1487 3119 1569 3168 es:
1593 3110 1695 3165 sub
1715 3109 1955 3165 Geminis
1981 3129 1994 3164 :

429 3205 684 3263 minimus
723 3219 885 3272 vero,
929 3205 1022 3276 qui
1073 3213 1156 3260 est
1186 3203 1289 3258 sub
1322 3201 1628 3273 Sagittario.

2105 1914 2385 1984 ἐλάχιστον
2462 1914 2520 1966 δὲ
2583 1915 2674 1966 τὸν
2758 1913 2864 1965 ἀπὸ
2925 1912 3214 1982 ἰσημερίας
3280 1912 3679 1983 φθινοπωρινῆς

2106 2006 2269 2076 μέχρι
2299 2006 2506 2077 τροπῆς
2533 2007 2867 2076 χειμερινῆς.
2885 2005 2943 2056 '0
2967 2005 3062 2074 μὲν
3084 1998 3178 2056 οὖν
3196 2003 3345 2073 ἥλιος
3369 2003 3459 2057 διὰ
3483 2003 3679 2067 παντὸς

2105 2098 2368 2168 ίσοταχῶς
2421 2101 2670 2152 κινεῖται.
2729 2096 2826 2150 Διὰ
2870 2097 2928 2149 δὲ
2982 2096 3082 2167 τὴν
3140 2097 3545 2168 ἐκκεντρότητα
3584 2097 3679 2166 τῆς

2105 2191 2332 2262 ἡλιακῆς
2360 2190 2594 2262 σφαίρας
2633 2192 2692 2243 ἐν
2721 2191 2925 2253 ἀνίσοις
2955 2190 3166 2260 χρόνοις
3191 2189 3577 2261 διαπορεύεται
3613 2191 3678 2242 τὰ

2102 2281 2195 2335 τοῦ
2229 2281 2496 2346 ζωδιακοῦ
2521 2282 2945 2352 τεταρτημόρια.
2966 2279 3065 2334 Διὰ
3091 2281 3148 2334 δὲ
3176 2281 3277 2352 τὴν
3309 2282 3482 2352 αὐτὴν
3504 2281 3677 2334 αἰτίαν

2101 2373 2198 2425 καὶ
2225 2372 2293 2425 τὰ
2316 2372 2406 2424 ἴσα
2439 2371 2603 2435 ζώδια
2651 2373 2708 2424 ὲν
2732 2372 2936 2434 ἀνίσοις
2980 2372 3192 2442 χρόνοις
3242 2372 3628 2444 διαπορεύεται
3651 2374 3680 2426 6

2100 2465 2268 2535 ῆλιος.
2322 2465 2447 2519 Ἐὰν
2469 2466 2576 2536 γὰρ
2604 2465 2710 2518 ἀπὸ
2739 2465 2846 2519 τῶν
2873 2465 3123 2537 περάτων
3161 2465 3270 2518 τῶν
3303 2466 3678 2536 δωδεκατημο-

2103 2559 2234 2629 ρίων
2283 2559 2377 2611 ἐπὶ
2432 2558 2494 2610 τὸ
2539 2558 2761 2628 κέντρον
2798 2556 2892 2611 τοῦ
2937 2557 3199 2622 ζωδιακοῦ
3235 2557 3437 2612 κύκλου
3466 2559 3678 2623 ἐπιζεύ-

2102 2651 2280 2723 ξωμεν
2304 2651 2538 2717 εὐθείας,
2565 2650 2818 2722 καθάπερ
2853 2651 3272 2722 ὑπογέγραπται
3295 2693 3308 2718 ,
3343 2653 3497 2705 ἔσται
3525 2655 3556 2706 6
3582 2651 3677 2722 μὲν

2100 2744 2207 2796 τῶν
2246 2742 2452 2806 ζωδίων
2483 2743 2680 2807 κύκλος
2713 2746 2793 2807 είς
2819 2743 2883 2814 ιβ’
2907 2744 3050 2815 μέρη
3075 2744 3166 2798 ῐσα
3186 2745 3535 2816 διῃρημένος,
3571 2748 3598 2798 6
3621 2745 3675 2798 δὲ

2100 2832 2193 2886 τοῦ
2217 2833 2368 2903 ἡλίου
2390 2833 2586 2898 κύκλος
2614 2834 2702 2886 διὰ
2745 2833 2845 2905 τὴν
2877 2836 3276 2908 ἐκκεντρότητα
3304 2839 3386 2900 εἰς
3434 2835 3500 2906 ιβ’
3536 2834 3674 2907 μέρη

2100 2928 2263 2982 ἄνισα
2306 2929 2668 3003 διῃρημένος·
2717 2929 2812 2981 καὶ
2859 2929 3092 3000 μεγίστη
3145 2929 3245 3000 μὲν
3284 2929 3603 3000 περιφέρεια
3642 2931 3677 2998 ἡ

2101 3024 2529 3075 ύποπεπτωκυῖα
2591 3021 2695 3074 ὑπὸ
2715 3021 2841 3084 τοὺς
2894 3021 3178 3092 Διδύμους,
3243 3021 3499 3092 ἐλαχίστη
3545 3021 3600 3074 δέ
3641 3023 3678 3091 ἡ

2101 3114 2526 3170 ὐποπεπτωκυῖα
2549 3113 2654 3171 ὑπὸ
2683 3115 2774 3167 τὸν
2794 3111 3046 3185 Τοξότην.
3234 3118 3240 3124 ’

1741 3340 2361 3500 οκιοκῑεκ

1406 3569 1746 3693 Θλχ
2039 3520 2049 3586 ι
2374 3623 2430 3699 /
2731 3622 2734 3625 .

1201 3615 2962 4694 “i_\__\\_\//é

1189 4229 2897 4640 ναμε

498 5249 727 5319 Propter
751 5248 1161 5318 quam'causam
1202 5257 1440 5312 maximo
1473 5266 1716 5327 tempore
1764 5275 1990 5329 percur-

2179 5269 2255 5318 Δι’
2283 5267 2538 5335 ῆναίτίαν
2562 5267 2619 5322 ἐν
2651 5266 2883 5340 πλειστῳ
2901 5269 2999 5338 μέν
3027 5269 3204 5338 χρόνῳ
3233 5263 3623 5338 διαπορεύεται
3655 5266 3688 5320 6

425 5342 500 5397 rit
521 5341 603 5440 sol
631 5339 886 5397 Geminos
915 5361 929 5397 :
965 5345 1189 5403 minimo
1208 5365 1334 5405 vero
1355 5362 1596 5420 tempore
1614 5351 1986 5423 Sagittarium,

2121 5357 2241 5426 ιλιος
2261 5359 2384 5420 τοὺς
2417 5357 2695 5428 Διδύμους,
2728 5361 2786 5412 ἐν
2800 5339 3063 5429 ἐλαχίστῳ
3087 5360 3143 5412 δὲ
3175 5361 3352 5431 χρόνῳ
3387 5359 3473 5411 τὸν
3508 5359 3691 5422 Τοξό·

428 5446 553 5485 cum
589 5431 705 5499 ipse
731 5431 810 5484 sol
844 5448 1055 5505 semper
1085 5443 1365 5510 aequaliter
1398 5450 1697 5496 moveatur.
1729 5443 1832 5498 Sed
1865 5461 1988 5498 cum

2121 5465 2211 5516 ην,
2241 5449 2400 5512 αὐτὸς
2437 5451 2534 5520 μὲν
2571 5450 2657 5502 διὰ
2691 5451 2891 5514 παντὸς
2933 5451 3191 5522 ἰσοταχῶς
3221 5450 3561 5521 κινούμενος,
3589 5449 3687 5503 διὰ

431 5532 647 5590 propter
679 5527 1136 5585 excentricitatem
1169 5533 1222 5588 in
1249 5541 1434 5604 partes
1474 5533 1764 5601 inmquales
1795 5536 1990 5591 solaris

2123 5540 2149 5590 ὲ
2199 5539 2296 5609 τὴν
2341 5541 2738 5613 ἐκκεντρότητα
2772 5545 2850 5606 εἰς
2897 5543 3054 5596 ἄνισα
3105 5543 3243 5614 μέρη
3287 5543 3685 5616 διαιρουμένου

427 5612 674 5713 circulus
711 5624 950 5682 secetur,
997 5624 1264 5694 contingit
1309 5633 1548 5694 tempora
1589 5626 1865 5696 signorum
1895 5643 1983 5683 ιο·

2121 5627 2186 5680 ὀῦ
2213 5629 2438 5698 ἡλιακοῦ
2471 5631 2691 5694 κύκλου,
2724 5634 3006 5705 συμϐαίνει
3031 5634 3123 5687 καὶ
3150 5636 3276 5698 τοὺς
3302 5635 3526 5705 χρόνους
3573 5637 3680 5689 ἀνο

429 5703 571 5761 iliaci
610 5703 891 5774 inaequalia
927 5727 1055 5772 esse.

2121 5737 2242 5781 σονς
2262 5718 2400 5776 εἶναι
2431 5721 2537 5777 τῶν
2556 5723 2772 5782 ζῳδίων.
