1893 3163
215 158 267 187 ’159

706 155 752 182 AD
767 154 902 182 EUSEBII
917 153 1113 182 CHRONICON
1131 154 1312 182 APPENDIX.

1776 154 1826 182 τοι,

206 216 303 243 stituta
314 218 408 242 auster
414 213 528 245 ﬂaverit.
540 220 587 249 per
595 213 653 240 dies
661 212 761 239 multos
773 211 866 239 eadem
883 218 988 246 perma-

1049 212 1116 243 »ότος
1139 213 1251 248 πνεύσῃ,
1272 212 1319 239 ἐπὶ
1340 212 1438 245 πολλὰς
1460 212 1566 249 ἡμέρας
1585 213 1601 248 ἡ
1621 212 1689 248 αὑτὴ
1708 212 1827 247 διαμένει

205 265 252 289 net
263 260 433 288 constitutio.
441 259 596 287 Proximum
608 258 783 292 triangulum,
793 257 864 292 quod
875 264 889 283 a
900 256 991 284 Gemi-

207 307 252 334 nis
265 306 419 339 inchoatur,
431 310 543 334 vocatur
558 304 730 340 zephyricum
748 303 864 331 similem
880 303 915 330 ob
925 310 991 330 cau-

207 361 276 382 sam.
288 352 458 380 Postremum
475 352 649 387 triangulum,
657 350 729 385 quod
740 358 756 377 a
765 350 872 377 Cancro
883 349 990 376 initium

206 399 300 430 habet.
313 398 412 426 dicitur
425 398 600 425 subsolanum
611 401 721 432 propter
730 397 851 424 eamdem
865 403 988 423 causam.

243 443 413 479 Usurpantur
424 449 515 471 autem
535 444 616 470 etiam
632 443 690 470 hmc
714 442 850 478 triangula
864 442 898 470 ad
915 443 991 469 inve-

207 491 320 517 niendas
345 490 563 525 compassiones.
584 498 645 525 quae
669 489 697 517 in
716 489 904 517 nativitatibus
924 497 989 524 spc-

207 540 325 563 ctantur.
335 535 469 563 Videntur
485 535 569 567 enim,
582 536 630 570 qui
645 535 795 564 secundum
812 535 883 562 idem
901 535 988 561 trian~

207 580 299 615 gulum
312 584 474 611 nascuntur,
492 580 545 607 sibi
563 580 678 608 invicem
693 581 810 615 compati
829 588 835 605 :
851 585 878 607 et
898 580 990 608 stella-

207 633 266 652 rum
277 625 500 657 constitutiones,
517 633 578 661 quae
591 629 655 653 sunt
677 626 705 653 in
722 626 818 654 iisdem
833 627 989 662 triangulis,

206 670 287 696 simul
302 674 326 697 et
344 670 475 705 adjuvare
491 674 518 697 et
534 669 632 698 la3dere
647 671 815 698 nativitates.
829 670 897 698 Nam
912 678 989 699 com-

206 716 347 750 passiones
359 717 428 744 ﬁunt
440 717 529 745 tribus
538 716 637 749 modis.
650 717 802 745 secundum
814 717 989 750 diametrum,

206 762 355 789 secundum
378 763 558 799 triangulum,
581 764 732 793 secundum
745 764 919 799 quadratum.
937 763 990 791 Sed

206 808 357 835 secundum
383 809 466 836 aliam
489 810 648 838 distantiam
672 811 747 837 nulla
770 811 799 837 ﬁt
819 812 988 845 compassio;

205 852 282 887 atqui
297 859 513 883 consentaneum
530 862 599 887 erat.
615 860 645 884 ut
660 865 694 884 ex
712 857 798 892 signis
820 857 938 885 maxime
950 859 990 884 vi-

1043 258 1145 289 στάσις.
1162 258 1198 285 Τὸ
1221 258 1249 285 δὲ
1269 258 1331 294 ἑξῆς
1347 258 1477 294 τρίγωνον
1498 259 1529 286 τὸ
1554 259 1607 285 ἀπὸ
1630 253 1682 285 *ἑῶν
1704 259 1826 294 Διδύμων

1042 304 1163 331 καλεῖται
1178 304 1322 340 ζεφνρικδν
1338 303 1382 330 διὰ
1395 304 1444 340 τὴν
1464 304 1559 339 ὁμοίαν
1575 304 1681 331 αἰτίαν-
1696 305 1727 330 τὸ
1743 304 1772 330 δὲ
1786 305 1829 331 ἐπὶ

1041 351 1108 377 πᾶσι
1127 351 1268 386 τρίγωνον,
1285 350 1316 376 τὸ
1339 350 1393 376 ἀπὸ
1414 350 1564 386 Καρκίνου,
1580 350 1765 386 ἀφηλιωτικὺν
1787 350 1828 378 διὰ

1040 398 1090 433 τὴν
1102 398 1186 432 αὐτὴν
1202 397 1300 425 αἰτίαν.

1078 444 1252 478 Λαμϐάνεται
1266 444 1295 470 δὲ
1311 443 1344 470 τὰ
1362 443 1481 479 τρίγωνα
1503 444 1631 479 καὶπρὸς
1654 442 1704 474 τὰς
1724 444 1753 469 ἐν
1773 445 1828 475 ταῖς

1041 491 1163 524 γενέσεσι
1180 489 1360 525 συμπαθείας.
1378 489 1490 516 Δοκοῦσι
1507 489 1561 525 γὰρ
1575 490 1599 516 οἱ
1614 489 1685 516 κατὰ
1699 490 1827 524 τρίγωνον

1041 535 1203 570 γεννώμενοι
1221 535 1372 570 συμπαθεῖν
1387 532 1520 570 ἀλλήλοις,
1534 536 1580 562 καὶ
1592 537 1620 562 αἱ
1634 536 1688 562 τῶν
1708 536 1828 571 ἀστέρων

1041 582 1149 613 στάσεις
1167 583 1193 608 αἱ
1208 582 1236 607 ὲν
1244 582 1300 614 τοῖς
1313 582 1403 614 αὐτοῖς
1427 581 1569 618 τριγώνοις
1584 582 1630 609 καὶ
1656 582 1826 614 συνωφελείν,

1042 627 1089 654 καὶ
1102 627 1286 662 συμωάπτειν
1305 627 1363 662 ἃμα
1385 627 1434 659 τὰς
1447 627 1577 661 γενέσεις.
1600 626 1677 653 Κατὰ
1689 626 1745 661 γὰρ
1758 627 1829 662 τρεῖς

1040 674 1157 709 τρόπους
1181 674 1209 699 αἱ
1230 673 1397 708 συμπάθειαι
1424 672 1554 707 γίνονται,
1577 673 1648 699 κατὰ
1672 672 1827 708 διάμετρον,

1042 718 1113 745 κατὰ
1132 719 1273 755 τρίγωνον,
1294 719 1365 745 κατὰ
1385 719 1565 755 τετράγωνον.
1586 717 1664 746 Κατὰ
1692 718 1777 753 ἄλλην
1801 718 1828 744 δὲ

1042 764 1182 791 διάστασιν
1197 764 1308 800 οὐδεμία
1326 764 1481 800 συμπάθεια
1497 765 1609 798 γίνεται.
1632 764 1730 791 Καίτοι
1755 763 1828 790 εὔλο-

1043 819 1091 844 γον
1110 809 1155 846 ἦν,
1170 812 1202 837 ἐκ
1220 810 1273 837 τῶν
1292 811 1409 846 μάλιστα
1424 810 1555 845 σύνεγγυς
1577 810 1765 845 συγκειμένων
1780 809 1828 841 ζω-

1041 858 1106 884 δίων
1117 858 1287 892 συμπάθειαν
1301 857 1433 892 γίνεσθαι.
1448 857 1480 883 'H
1492 856 1546 892 γὰρ
1556 856 1683 892 ἀποφορὰ
1694 857 1743 882 καὶ
1755 856 1828 891 ἁπόρ

205 899 275 926 cinis
290 903 444 935 compassio
457 902 543 930 ﬁeret.
556 902 661 930 Dclatio
669 903 741 931 enim
754 907 781 931 et
797 903 987 939 deﬂuxus,qui

1049 905 1111 936 ιοια,
1123 905 1139 939 ἡ
1151 904 1286 940 φερομένη
1299 904 1352 930 ἀπὸ
1364 903 1413 939 τῆς
1424 903 1489 934 ἰδίας
1497 903 1636 937 δυνάμεως
1649 902 1766 928 ἑκάστου
1777 901 1828 927 τῶν

207 945 293 972 fertur
304 954 319 973 a
344 948 456 982 propria
477 948 502 975 vi
518 949 687 984 singularum
701 950 840 978 stellarum
850 969 858 982 ,
872 950 987 977 debebat

206 992 323 1020 maxime
338 995 550 1030 concorporari,
566 1001 592 1023 et
617 997 791 1024 commisceri
808 1005 869 1024 cum
885 997 983 1024 vicinis

207 1037 304 1072 signis.
322 1038 358 1066 Ut
373 1040 447 1067 enim
459 1041 596 1077 triangula
610 1047 638 1070 et
654 1042 787 1078 quadrata
800 1043 988 1070 inscribuntur

208 1085 332 1113 circulo:
349 1087 389 1114 sic
410 1088 493 1115 etiam
516 1089 698 1125 hexagonum,
722 1095 750 1117 et
769 1095 944 1125 octagonum,
961 1094 990 1118 et

207 1129 421 1167 dodecagonum.
439 1133 474 1161 At
496 1136 647 1163 secundum
676 1136 775 1163 horum
795 1137 990 1171 inscriptiones

209 1176 284 1204 nulla
305 1178 334 1205 lit
353 1181 507 1215 compassio
522 1189 529 1206 :
545 1185 651 1209 tantum
665 1189 697 1210 ea
714 1182 743 1209 ﬁt
757 1182 908 1210 secundum
925 1190 990 1218 pra:-

209 1219 297 1249 dictos
312 1223 418 1257 modo‘s,
435 1232 496 1252 cum
509 1226 537 1254 in
549 1226 708 1262 hujusmodi
723 1227 862 1256 distantiis
876 1231 990 1255 natura-

208 1265 242 1293 lis
254 1268 376 1302 quaedam
388 1271 424 1298 sit
439 1273 603 1308 compassio.

1041 950 1172 985 ἀστέρων,
1184 949 1282 984 ὤφειλε
1297 949 1412 985 μάλιστα
1429 947 1766 984 συναναχρωτίζεσοαικαὶ
1774 955 1828 972 συν-

1041 996 1236 1031 ανακιρνᾶσθαι
1257 997 1312 1027 τοῖς
1334 994 1512 1030 πλησιάζουσι
1530 993 1642 1026 ζωδίοις.
1657 993 1763 1027 ’Ὥσπερ
1778 992 1828 1027 γὰρ

1041 1042 1075 1068 τὰ
1083 1042 1203 1077 τρίγωνα
1212 1042 1258 1068 καὶ
1272 1041 1428 1077 τετράγωνα
1438 1040 1601 1076 ἐγγράφεται
1613 1040 1652 1070 εἰς
1663 1038 1708 1064 τὸν
1722 1037 1826 1068 κύκλον,

1043 1089 1113 1115 οὓτω
1128 1089 1175 1116 καὶ
1191 1088 1335 1122 ἑξάγωνον,
1349 1088 1396 1115 καὶ
1419 1087 1581 1121 ὀκτάγωνον,
1601 1085 1649 1112 καὶ
1669 1084 1826 1117 δωδεκάγιιμ

1043 1144 1097 1161 νον.
1118 1135 1198 1161 Ἀλλὰ
1219 1134 1289 1161 κατὰ
1307 1135 1355 1170 μὲν
1371 1133 1420 1165 τὰς
1439 1133 1539 1161 τούτων
1555 1131 1696 1167 ἐγγραφὰς
1719 1129 1827 1165 οὐδεμία
1848 1139 1851 1143 τ

1043 1182 1146 1216 γίνεται
1172 1181 1342 1216 συμπάθειαι
1374 1179 1444 1207 κατὰ
1469 1179 1497 1206 δὲ
1522 1179 1585 1210 τοὺς
1613 1176 1826 1214 προειρημένους

1042 1228 1159 1263 τρόπους
1182 1228 1271 1264 μόνον,
1294 1227 1411 1262 φυσικῆς
1431 1235 1502 1258 τινος
1524 1224 1699 1260 ὑπαρχούσης
1725 1224 1753 1249 ὲν
1771 1222 1825 1252 ταῖς

1043 1274 1180 1306 τοιαύταις
1197 1274 1362 1300 ἀποστάσεσι
1379 1271 1557 1308 συμπαθείας.

618 2482 1391 2886 ΑΝ
