  <div class='ocr_page' id='page_1' title='image "/cluster/home/n/w/nwhite01/storage/ocr_20150623/19/hvd.32044011362951/388.png"; bbox 0 0 3786 6322; ppageno 0'>
   <div class='ocr_carea' id='block_1_1' title="bbox 85 333 2296 392">
    <p class='ocr_par' dir='ltr' id='par_1_1' title="bbox 85 333 2296 392">
     <span class='ocr_line' id='line_1_1' title="bbox 85 333 2296 392; baseline 0.004 -9"><span class='ocrx_word' id='word_1_1' title='bbox 85 333 151 387; x_wconf 76' lang='grc'><strong>761</strong></span> <span class='ocrx_word' id='word_1_2' title='bbox 1104 333 1342 390; x_wconf 75' lang='lat' dir='ltr'><strong>GEMINI</strong></span> <span class='ocrx_word' id='word_1_3' title='bbox 1384 333 1759 391; x_wconf 76' lang='lat' dir='ltr'><strong>ELEMENTA</strong></span> <span class='ocrx_word' id='word_1_4' title='bbox 1800 334 2296 392; x_wconf 64' lang='lat' dir='ltr'><strong>ASTRONOMIJE.</strong></span> 
     </span>
    </p>
   </div>
   <div class='ocr_carea' id='block_1_2' title="bbox 3207 328 3313 385">
    <p class='ocr_par' dir='ltr' id='par_1_2' title="bbox 3207 328 3313 385">
     <span class='ocr_line' id='line_1_2' title="bbox 3207 328 3313 385; baseline 0.019 -2"><span class='ocrx_word' id='word_1_5' title='bbox 3207 328 3313 385; x_wconf 70' lang='grc' dir='ltr'><strong>τω</strong></span> 
     </span>
    </p>
   </div>
   <div class='ocr_carea' id='block_1_3' title="bbox 132 439 1654 520">
    <p class='ocr_par' dir='ltr' id='par_1_3' title="bbox 132 447 1642 520">
     <span class='ocr_line' id='line_1_3' title="bbox 132 447 1642 520; baseline -0.001 -18"><span class='ocrx_word' id='word_1_6' title='bbox 132 449 264 502; x_wconf 76' lang='grc' dir='ltr'>Κατὰ</span> <span class='ocrx_word' id='word_1_7' title='bbox 296 448 663 519; x_wconf 78' lang='grc' dir='ltr'>τετράγωνον</span> <span class='ocrx_word' id='word_1_8' title='bbox 704 447 759 501; x_wconf 78' lang='grc' dir='ltr'>δέ</span> <span class='ocrx_word' id='word_1_9' title='bbox 802 449 950 501; x_wconf 76' lang='grc' dir='ltr'>ἐστι·</span> <span class='ocrx_word' id='word_1_10' title='bbox 987 448 1173 520; x_wconf 82' lang='grc' dir='ltr'>Κριὸς,</span> <span class='ocrx_word' id='word_1_11' title='bbox 1206 448 1500 520; x_wconf 83' lang='grc' dir='ltr'>Καρκίνος,</span> <span class='ocrx_word' id='word_1_12' title='bbox 1540 449 1642 500; x_wconf 87' lang='grc' dir='ltr'><strong>Ζυ-</strong></span> 
     </span>
    </p>
   </div>
   <div class='ocr_carea' id='block_1_4' title="bbox 1767 439 3308 520">
    <p class='ocr_par' dir='ltr' id='par_1_4' title="bbox 1820 439 3308 517">
     <span class='ocr_line' id='line_1_4' title="bbox 1820 439 3308 517; baseline -0.006 -14"><span class='ocrx_word' id='word_1_13' title='bbox 1820 446 2135 503; x_wconf 84' lang='lat' dir='ltr'><strong>Secundum</strong></span> <span class='ocrx_word' id='word_1_14' title='bbox 2169 443 2500 517; x_wconf 86' lang='lat' dir='ltr'><strong>quadratum</strong></span> <span class='ocrx_word' id='word_1_15' title='bbox 2557 442 2735 514; x_wconf 87' lang='lat' dir='ltr'><strong>posita</strong></span> <span class='ocrx_word' id='word_1_16' title='bbox 2782 440 2938 512; x_wconf 80' lang='lat' dir='ltr'><strong>signa</strong></span> <span class='ocrx_word' id='word_1_17' title='bbox 2976 448 3106 496; x_wconf 90' lang='lat' dir='ltr'><strong>sunt</strong></span> <span class='ocrx_word' id='word_1_18' title='bbox 3142 439 3257 494; x_wconf 84' lang='lat' dir='ltr'><strong>hac</strong></span> <span class='ocrx_word' id='word_1_19' title='bbox 3293 458 3308 494; x_wconf 89' lang='lat'><strong>:</strong></span> 
     </span>
    </p>
   </div>
   <div class='ocr_carea' id='block_1_5' title="bbox 91 539 1637 613">
    <p class='ocr_par' dir='ltr' id='par_1_5' title="bbox 91 539 1637 613">
     <span class='ocr_line' id='line_1_5' title="bbox 91 539 1637 613; baseline -0.006 -10"><span class='ocrx_word' id='word_1_20' title='bbox 91 542 166 609; x_wconf 67' lang='grc' dir='ltr'>τὸς.</span> <span class='ocrx_word' id='word_1_21' title='bbox 202 541 563 611; x_wconf 77' lang='grc' dir='ltr'>Αἱγόκερως·</span> <span class='ocrx_word' id='word_1_22' title='bbox 630 539 855 612; x_wconf 79' lang='grc' dir='ltr'><strong>Ταῦρος,</strong></span> <span class='ocrx_word' id='word_1_23' title='bbox 903 540 1072 604; x_wconf 83' lang='grc' dir='ltr'><strong>Λέων,</strong></span> <span class='ocrx_word' id='word_1_24' title='bbox 1122 540 1410 613; x_wconf 84' lang='grc' dir='ltr'>Σκορπίος,</span> <span class='ocrx_word' id='word_1_25' title='bbox 1454 541 1637 613; x_wconf 85' lang='grc' dir='ltr'>Ὑδρο-</span> 
     </span>
    </p>
   </div>
   <div class='ocr_carea' id='block_1_6' title="bbox 85 629 1639 703">
    <p class='ocr_par' dir='ltr' id='par_1_6' title="bbox 85 629 1639 703">
     <span class='ocr_line' id='line_1_6' title="bbox 85 629 1639 703; baseline 0.001 -18"><span class='ocrx_word' id='word_1_26' title='bbox 85 633 200 703; x_wconf 64' lang='grc' dir='ltr'>χόος*</span> <span class='ocrx_word' id='word_1_27' title='bbox 229 631 482 702; x_wconf 85' lang='grc' dir='ltr'>Δίδυμοι,</span> <span class='ocrx_word' id='word_1_28' title='bbox 512 631 806 703; x_wconf 80' lang='grc' dir='ltr'>Παρθένος,</span> <span class='ocrx_word' id='word_1_29' title='bbox 831 630 1084 702; x_wconf 76' lang='grc' dir='ltr'>Τοξότης,</span> <span class='ocrx_word' id='word_1_30' title='bbox 1113 629 1337 702; x_wconf 81' lang='grc' dir='ltr'>Ἰχθύες.</span> <span class='ocrx_word' id='word_1_31' title='bbox 1357 630 1438 685; x_wconf 82' lang='grc' dir='ltr'>Τὰ</span> <span class='ocrx_word' id='word_1_32' title='bbox 1463 632 1639 686; x_wconf 85' lang='grc' dir='ltr'>πάντα</span> 
     </span>
    </p>
   </div>
   <div class='ocr_carea' id='block_1_7' title="bbox 89 719 1635 799">
    <p class='ocr_par' dir='ltr' id='par_1_7' title="bbox 89 719 1635 794">
     <span class='ocr_line' id='line_1_7' title="bbox 89 719 1635 794; baseline -0.001 -18"><span class='ocrx_word' id='word_1_33' title='bbox 89 722 366 794; x_wconf 70' lang='grc' dir='ltr'>τετράγωνα</span> <span class='ocrx_word' id='word_1_34' title='bbox 412 722 573 793; x_wconf 88' lang='grc' dir='ltr'>τρία.</span> <span class='ocrx_word' id='word_1_35' title='bbox 621 722 913 776; x_wconf 81' lang='grc' dir='ltr'>Ὑποτείνει</span> <span class='ocrx_word' id='word_1_36' title='bbox 963 721 1020 776; x_wconf 79' lang='grc' dir='ltr'><strong>δὲ</strong></span> <span class='ocrx_word' id='word_1_37' title='bbox 1066 724 1101 793; x_wconf 81' lang='grc' dir='ltr'>ἡ</span> <span class='ocrx_word' id='word_1_38' title='bbox 1148 720 1244 775; x_wconf 92' lang='grc' dir='ltr'><strong>τοῦ</strong></span> <span class='ocrx_word' id='word_1_39' title='bbox 1297 719 1635 794; x_wconf 81' lang='grc' dir='ltr'><strong>τετραγώνου</strong></span> 
     </span>
    </p>
   </div>
   <div class='ocr_carea' id='block_1_8' title="bbox 86 813 1638 886">
    <p class='ocr_par' dir='ltr' id='par_1_8' title="bbox 86 813 1638 886">
     <span class='ocr_line' id='line_1_8' title="bbox 86 813 1638 886; baseline -0.001 -19"><span class='ocrx_word' id='word_1_40' title='bbox 86 814 259 886; x_wconf 73' lang='grc' dir='ltr'>πλευρὰ</span> <span class='ocrx_word' id='word_1_41' title='bbox 283 814 392 867; x_wconf 79' lang='grc' dir='ltr'>ὑπὸ</span> <span class='ocrx_word' id='word_1_42' title='bbox 424 813 601 879; x_wconf 80' lang='grc' dir='ltr'>ζώδια</span> <span class='ocrx_word' id='word_1_43' title='bbox 633 814 730 885; x_wconf 85' lang='grc' dir='ltr'><strong>μὲν</strong></span> <span class='ocrx_word' id='word_1_44' title='bbox 770 814 914 886; x_wconf 88' lang='grc' dir='ltr'>τρία,</span> <span class='ocrx_word' id='word_1_45' title='bbox 948 814 1141 886; x_wconf 82' lang='grc' dir='ltr'>μοίρας</span> <span class='ocrx_word' id='word_1_46' title='bbox 1171 813 1227 866; x_wconf 83' lang='grc' dir='ltr'><strong>δὲ</strong></span> <span class='ocrx_word' id='word_1_47' title='bbox 1262 816 1332 881; x_wconf 54' lang='grc' dir='ltr'><strong>ιβ.</strong></span> <span class='ocrx_word' id='word_1_48' title='bbox 1378 813 1638 867; x_wconf 86' lang='grc' dir='ltr'>Καλεῖται</span> 
     </span>
    </p>
   </div>
   <div class='ocr_carea' id='block_1_9' title="bbox 88 894 1638 977">
    <p class='ocr_par' dir='ltr' id='par_1_9' title="bbox 88 894 1638 977">
     <span class='ocr_line' id='line_1_9' title="bbox 88 894 1638 977; baseline 0.001 -19"><span class='ocrx_word' id='word_1_49' title='bbox 88 906 162 976; x_wconf 78' lang='grc' dir='ltr'><strong>μὲν</strong></span> <span class='ocrx_word' id='word_1_50' title='bbox 190 905 246 958; x_wconf 76' lang='grc' dir='ltr'>τὸ</span> <span class='ocrx_word' id='word_1_51' title='bbox 276 906 505 977; x_wconf 84' lang='grc' dir='ltr'>πρῶτον</span> <span class='ocrx_word' id='word_1_52' title='bbox 532 894 869 977; x_wconf 77' lang='grc' dir='ltr'>τετράγωνον</span> <span class='ocrx_word' id='word_1_53' title='bbox 903 906 966 960; x_wconf 79' lang='grc' dir='ltr'>τὸ</span> <span class='ocrx_word' id='word_1_54' title='bbox 1008 906 1116 960; x_wconf 83' lang='grc' dir='ltr'><strong>ἀπὺ</strong></span> <span class='ocrx_word' id='word_1_55' title='bbox 1154 906 1247 961; x_wconf 92' lang='grc' dir='ltr'><strong>τοῦ</strong></span> <span class='ocrx_word' id='word_1_56' title='bbox 1288 904 1479 977; x_wconf 84' lang='grc' dir='ltr'><strong>Κριοῦ,</strong></span> <span class='ocrx_word' id='word_1_57' title='bbox 1512 907 1567 960; x_wconf 82' lang='grc' dir='ltr'>ἐν</span> <span class='ocrx_word' id='word_1_58' title='bbox 1593 897 1638 973; x_wconf 79' lang='grc' dir='ltr'><strong>ᾧ</strong></span> 
     </span>
    </p>
   </div>
   <div class='ocr_carea' id='block_1_10' title="bbox 86 988 1633 1070">
    <p class='ocr_par' dir='ltr' id='par_1_10' title="bbox 86 988 1633 1070">
     <span class='ocr_line' id='line_1_10' title="bbox 86 988 1633 1070; baseline 0.001 -22"><span class='ocrx_word' id='word_1_59' title='bbox 86 996 126 1048; x_wconf 70' lang='lat' dir='ltr'><strong>ei</strong></span> <span class='ocrx_word' id='word_1_60' title='bbox 151 988 279 1065; x_wconf 80' lang='grc' dir='ltr'>ὧραι</span> <span class='ocrx_word' id='word_1_61' title='bbox 304 995 599 1067; x_wconf 77' lang='grc' dir='ltr'><strong>ἄρχονται,</strong></span> <span class='ocrx_word' id='word_1_62' title='bbox 636 996 754 1066; x_wconf 77' lang='grc' dir='ltr'>ἔαρ,</span> <span class='ocrx_word' id='word_1_63' title='bbox 796 995 970 1070; x_wconf 83' lang='grc' dir='ltr'>θέρος,</span> <span class='ocrx_word' id='word_1_64' title='bbox 1007 996 1365 1068; x_wconf 77' lang='grc' dir='ltr'>φθινόπωρον,</span> <span class='ocrx_word' id='word_1_65' title='bbox 1397 994 1633 1067; x_wconf 76' lang='grc' dir='ltr'>χειμῶν’</span> 
     </span>
    </p>
   </div>
   <div class='ocr_carea' id='block_1_11' title="bbox 86 1081 1637 1160">
    <p class='ocr_par' dir='ltr' id='par_1_11' title="bbox 86 1081 1637 1160">
     <span class='ocr_line' id='line_1_11' title="bbox 86 1081 1637 1160; baseline 0.002 -22"><span class='ocrx_word' id='word_1_66' title='bbox 86 1084 129 1138; x_wconf 86' lang='grc' dir='ltr'>τὺ</span> <span class='ocrx_word' id='word_1_67' title='bbox 151 1083 391 1159; x_wconf 83' lang='grc' dir='ltr'>δεύτερον</span> <span class='ocrx_word' id='word_1_68' title='bbox 424 1085 770 1157; x_wconf 83' lang='grc' dir='ltr'>τετράγωνον</span> <span class='ocrx_word' id='word_1_69' title='bbox 802 1086 863 1139; x_wconf 72' lang='grc' dir='ltr'>τὸ</span> <span class='ocrx_word' id='word_1_70' title='bbox 900 1087 1008 1141; x_wconf 79' lang='grc' dir='ltr'><strong>ἀπὸ</strong></span> <span class='ocrx_word' id='word_1_71' title='bbox 1036 1085 1131 1140; x_wconf 87' lang='grc' dir='ltr'><strong>τοῦ</strong></span> <span class='ocrx_word' id='word_1_72' title='bbox 1156 1087 1391 1160; x_wconf 83' lang='grc' dir='ltr'>Ταύρου,</span> <span class='ocrx_word' id='word_1_73' title='bbox 1422 1089 1479 1141; x_wconf 86' lang='grc' dir='ltr'>ὲν</span> <span class='ocrx_word' id='word_1_74' title='bbox 1510 1081 1553 1156; x_wconf 82' lang='grc' dir='ltr'><strong>ᾧ</strong></span> <span class='ocrx_word' id='word_1_75' title='bbox 1582 1088 1637 1141; x_wconf 81' lang='grc' dir='ltr'><strong>αί</strong></span> 
     </span>
    </p>
   </div>
   <div class='ocr_carea' id='block_1_12' title="bbox 86 1168 1642 1256">
    <p class='ocr_par' dir='ltr' id='par_1_12' title="bbox 86 1168 1642 1256">
     <span class='ocr_line' id='line_1_12' title="bbox 86 1168 1642 1256; baseline 0.002 -28"><span class='ocrx_word' id='word_1_76' title='bbox 86 1168 197 1247; x_wconf 82' lang='grc' dir='ltr'>ὧραι</span> <span class='ocrx_word' id='word_1_77' title='bbox 225 1176 310 1256; x_wconf 77' lang='grc' dir='ltr'><strong>τὸν</strong></span> <span class='ocrx_word' id='word_1_78' title='bbox 338 1176 512 1247; x_wconf 80' lang='grc' dir='ltr'><strong>μέσον</strong></span> <span class='ocrx_word' id='word_1_79' title='bbox 546 1176 727 1248; x_wconf 81' lang='grc' dir='ltr'>ἔχουσι</span> <span class='ocrx_word' id='word_1_80' title='bbox 769 1179 980 1251; x_wconf 86' lang='grc' dir='ltr'>χρόνον,</span> <span class='ocrx_word' id='word_1_81' title='bbox 1015 1178 1193 1251; x_wconf 76' lang='grc' dir='ltr'>ἔαρος,</span> <span class='ocrx_word' id='word_1_82' title='bbox 1225 1179 1432 1252; x_wconf 82' lang='grc' dir='ltr'>θέρους,</span> <span class='ocrx_word' id='word_1_83' title='bbox 1461 1178 1642 1249; x_wconf 81' lang='grc' dir='ltr'>φθινο-</span> 
     </span>
    </p>
   </div>
   <div class='ocr_carea' id='block_1_13' title="bbox 88 1263 1641 1341">
    <p class='ocr_par' dir='ltr' id='par_1_13' title="bbox 88 1263 1641 1341">
     <span class='ocr_line' id='line_1_13' title="bbox 88 1263 1641 1341; baseline 0.005 -25"><span class='ocrx_word' id='word_1_84' title='bbox 88 1263 264 1336; x_wconf 80' lang='grc' dir='ltr'>πώρου,</span> <span class='ocrx_word' id='word_1_85' title='bbox 294 1265 576 1336; x_wconf 83' lang='grc' dir='ltr'>χειμῶνος</span> <span class='ocrx_word' id='word_1_86' title='bbox 597 1283 610 1296; x_wconf 74' lang='grc'><strong><em>⁸</em></strong></span> <span class='ocrx_word' id='word_1_87' title='bbox 644 1267 705 1321; x_wconf 80' lang='grc' dir='ltr'>τὸ</span> <span class='ocrx_word' id='word_1_88' title='bbox 747 1268 805 1321; x_wconf 82' lang='grc' dir='ltr'><strong>δὲ</strong></span> <span class='ocrx_word' id='word_1_89' title='bbox 849 1269 1028 1340; x_wconf 88' lang='grc' dir='ltr'>τρίτον</span> <span class='ocrx_word' id='word_1_90' title='bbox 1063 1269 1401 1341; x_wconf 81' lang='grc' dir='ltr'>τετράγωνον</span> <span class='ocrx_word' id='word_1_91' title='bbox 1440 1270 1499 1322; x_wconf 88' lang='grc' dir='ltr'>τὸ</span> <span class='ocrx_word' id='word_1_92' title='bbox 1532 1268 1641 1323; x_wconf 85' lang='grc' dir='ltr'>ἀπὸ</span> 
     </span>
    </p>
   </div>
   <div class='ocr_carea' id='block_1_14' title="bbox 87 1351 1641 1431">
    <p class='ocr_par' dir='ltr' id='par_1_14' title="bbox 87 1351 1641 1431">
     <span class='ocr_line' id='line_1_14' title="bbox 87 1351 1641 1431; baseline 0.005 -24"><span class='ocrx_word' id='word_1_93' title='bbox 87 1355 173 1409; x_wconf 83' lang='grc' dir='ltr'><strong>τῶν</strong></span> <span class='ocrx_word' id='word_1_94' title='bbox 200 1356 468 1427; x_wconf 76' lang='grc' dir='ltr'>Διδύμων,</span> <span class='ocrx_word' id='word_1_95' title='bbox 498 1359 558 1411; x_wconf 81' lang='grc' dir='ltr'>ὲν</span> <span class='ocrx_word' id='word_1_96' title='bbox 584 1351 629 1427; x_wconf 82' lang='grc' dir='ltr'>ᾧ</span> <span class='ocrx_word' id='word_1_97' title='bbox 652 1360 707 1412; x_wconf 87' lang='grc' dir='ltr'>αἱ</span> <span class='ocrx_word' id='word_1_98' title='bbox 739 1352 878 1431; x_wconf 83' lang='grc' dir='ltr'>ὧραι</span> <span class='ocrx_word' id='word_1_99' title='bbox 910 1359 1134 1431; x_wconf 80' lang='grc' dir='ltr'><strong>λήγουσι</strong></span> <span class='ocrx_word' id='word_1_100' title='bbox 1184 1360 1323 1414; x_wconf 80' lang='grc' dir='ltr'>κατὰ</span> <span class='ocrx_word' id='word_1_101' title='bbox 1361 1361 1486 1424; x_wconf 80' lang='grc' dir='ltr'>τοὺς</span> <span class='ocrx_word' id='word_1_102' title='bbox 1516 1360 1641 1431; x_wconf 90' lang='grc' dir='ltr'>χρό-</span> 
     </span>
    </p>
   </div>
   <div class='ocr_carea' id='block_1_15' title="bbox 86 1450 1639 1525">
    <p class='ocr_par' dir='ltr' id='par_1_15' title="bbox 86 1450 1639 1525">
     <span class='ocr_line' id='line_1_15' title="bbox 86 1450 1639 1525; baseline -0.001 -21"><span class='ocrx_word' id='word_1_103' title='bbox 86 1469 209 1515; x_wconf 82' lang='grc' dir='ltr'>νους.</span> <span class='ocrx_word' id='word_1_104' title='bbox 236 1450 595 1522; x_wconf 83' lang='grc' dir='ltr'>Λαμϐάνεται</span> <span class='ocrx_word' id='word_1_105' title='bbox 637 1450 694 1504; x_wconf 81' lang='grc' dir='ltr'>δὲ</span> <span class='ocrx_word' id='word_1_106' title='bbox 742 1452 804 1505; x_wconf 85' lang='grc' dir='ltr'><strong>τὸ</strong></span> <span class='ocrx_word' id='word_1_107' title='bbox 842 1453 1181 1524; x_wconf 86' lang='grc' dir='ltr'>τετράγωνον</span> <span class='ocrx_word' id='word_1_108' title='bbox 1206 1452 1285 1518; x_wconf 85' lang='grc' dir='ltr'>ἓν,</span> <span class='ocrx_word' id='word_1_109' title='bbox 1315 1452 1564 1525; x_wconf 83' lang='grc' dir='ltr'>καθάπερ</span> <span class='ocrx_word' id='word_1_110' title='bbox 1596 1452 1639 1484; x_wconf 84' lang='grc'><strong>¹²</strong></span> 
     </span>
    </p>
   </div>
   <div class='ocr_carea' id='block_1_16' title="bbox 88 1543 1643 1615">
    <p class='ocr_par' dir='ltr' id='par_1_16' title="bbox 88 1543 1643 1615">
     <span class='ocr_line' id='line_1_16' title="bbox 88 1543 1643 1615; baseline 0.002 -20"><span class='ocrx_word' id='word_1_111' title='bbox 88 1545 298 1615; x_wconf 75' lang='grc' dir='ltr'>εἴρηται,</span> <span class='ocrx_word' id='word_1_112' title='bbox 352 1545 450 1599; x_wconf 76' lang='grc' dir='ltr'><strong>καὶ</strong></span> <span class='ocrx_word' id='word_1_113' title='bbox 505 1544 642 1615; x_wconf 78' lang='grc' dir='ltr'>πρὸς</span> <span class='ocrx_word' id='word_1_114' title='bbox 696 1543 795 1608; x_wconf 81' lang='grc' dir='ltr'>τὰς</span> <span class='ocrx_word' id='word_1_115' title='bbox 849 1547 906 1598; x_wconf 83' lang='grc' dir='ltr'>ὲν</span> <span class='ocrx_word' id='word_1_116' title='bbox 960 1547 1080 1608; x_wconf 86' lang='grc' dir='ltr'>ταῖς</span> <span class='ocrx_word' id='word_1_117' title='bbox 1130 1544 1374 1613; x_wconf 80' lang='grc' dir='ltr'><strong>γενέσεσι</strong></span> <span class='ocrx_word' id='word_1_118' title='bbox 1423 1561 1643 1615; x_wconf 87' lang='grc' dir='ltr'>συμπα-</span> 
     </span>
    </p>
   </div>
   <div class='ocr_carea' id='block_1_17' title="bbox 89 1638 231 1703">
    <p class='ocr_par' dir='ltr' id='par_1_17' title="bbox 89 1638 231 1703">
     <span class='ocr_line' id='line_1_17' title="bbox 89 1638 231 1703; baseline 0.007 -13"><span class='ocrx_word' id='word_1_119' title='bbox 89 1638 231 1703; x_wconf 81' lang='grc' dir='ltr'>θείας.</span> 
     </span>
    </p>
   </div>
   <div class='ocr_carea' id='block_1_18' title="bbox 146 1900 1647 1980">
    <p class='ocr_par' dir='ltr' id='par_1_18' title="bbox 146 1900 1647 1980">
     <span class='ocr_line' id='line_1_18' title="bbox 146 1900 1647 1980; baseline -0.009 -15"><span class='ocrx_word' id='word_1_120' title='bbox 146 1912 255 1965; x_wconf 86' lang='grc' dir='ltr'>Ἔτι</span> <span class='ocrx_word' id='word_1_121' title='bbox 287 1910 345 1963; x_wconf 83' lang='grc' dir='ltr'>δὲ</span> <span class='ocrx_word' id='word_1_122' title='bbox 373 1910 407 1980; x_wconf 72' lang='grc' dir='ltr'><strong>ἡ</strong></span> <span class='ocrx_word' id='word_1_123' title='bbox 432 1908 548 1962; x_wconf 84' lang='grc' dir='ltr'><strong>τῶν</strong></span> <span class='ocrx_word' id='word_1_124' title='bbox 574 1903 931 1977; x_wconf 85' lang='grc' dir='ltr'>τετραγώνων</span> <span class='ocrx_word' id='word_1_125' title='bbox 974 1900 1206 1968; x_wconf 77' lang='grc' dir='ltr'>ἔκθεσις,</span> <span class='ocrx_word' id='word_1_126' title='bbox 1237 1901 1329 1956; x_wconf 69' lang='grc' dir='ltr'>καὶ</span> <span class='ocrx_word' id='word_1_127' title='bbox 1365 1900 1499 1973; x_wconf 82' lang='grc' dir='ltr'>πρός</span> <span class='ocrx_word' id='word_1_128' title='bbox 1526 1917 1647 1953; x_wconf 90' lang='grc' dir='ltr'>τινα</span> 
     </span>
    </p>
   </div>
   <div class='ocr_carea' id='block_1_19' title="bbox 46 1992 1646 2077">
    <p class='ocr_par' dir='ltr' id='par_1_19' title="bbox 46 1992 1646 2077">
     <span class='ocr_line' id='line_1_19' title="bbox 46 1992 1646 2077; baseline -0.012 -15"><span class='ocrx_word' id='word_1_129' title='bbox 46 2073 48 2075; x_wconf 6' lang='grc' dir='ltr'><strong>γ</strong></span> <span class='ocrx_word' id='word_1_130' title='bbox 89 2007 229 2077; x_wconf 73' lang='grc' dir='ltr'>ἀλλην</span> <span class='ocrx_word' id='word_1_131' title='bbox 253 2004 440 2077; x_wconf 79' lang='grc' dir='ltr'>χρείαν</span> <span class='ocrx_word' id='word_1_132' title='bbox 475 1998 817 2071; x_wconf 80' lang='grc' dir='ltr'>λαμϐάνεται</span> <span class='ocrx_word' id='word_1_133' title='bbox 871 1995 976 2050; x_wconf 70' lang='grc' dir='ltr'><strong>ὑπό</strong></span> <span class='ocrx_word' id='word_1_134' title='bbox 1021 2012 1203 2048; x_wconf 89' lang='grc' dir='ltr'>τινων.</span> <span class='ocrx_word' id='word_1_135' title='bbox 1244 1993 1349 2047; x_wconf 83' lang='grc' dir='ltr'><strong>Τοῦ</strong></span> <span class='ocrx_word' id='word_1_136' title='bbox 1386 1995 1494 2063; x_wconf 83' lang='grc' dir='ltr'>γὰρ</span> <span class='ocrx_word' id='word_1_137' title='bbox 1528 1992 1646 2055; x_wconf 82' lang='grc' dir='ltr'>ἐνὸς</span> 
     </span>
    </p>
   </div>
   <div class='ocr_carea' id='block_1_20' title="bbox 89 2084 1647 2162">
    <p class='ocr_par' dir='ltr' id='par_1_20' title="bbox 89 2084 1647 2162">
     <span class='ocr_line' id='line_1_20' title="bbox 89 2084 1647 2162; baseline -0.011 -8"><span class='ocrx_word' id='word_1_138' title='bbox 89 2099 243 2154; x_wconf 70' lang='grc' dir='ltr'>αὑτῶν</span> <span class='ocrx_word' id='word_1_139' title='bbox 274 2097 379 2151; x_wconf 71' lang='grc' dir='ltr'>ὑπὸ</span> <span class='ocrx_word' id='word_1_140' title='bbox 419 2093 519 2150; x_wconf 87' lang='grc' dir='ltr'><strong>τοῦ</strong></span> <span class='ocrx_word' id='word_1_141' title='bbox 562 2090 728 2148; x_wconf 81' lang='grc' dir='ltr'>αὑτοῦ</span> <span class='ocrx_word' id='word_1_142' title='bbox 770 2087 1113 2162; x_wconf 79' lang='grc' dir='ltr'>τετραγώνου</span> <span class='ocrx_word' id='word_1_143' title='bbox 1142 2087 1406 2150; x_wconf 85' lang='grc' dir='ltr'>δύνοντος,</span> <span class='ocrx_word' id='word_1_144' title='bbox 1434 2086 1493 2139; x_wconf 85' lang='grc' dir='ltr'><strong>τὸ</strong></span> <span class='ocrx_word' id='word_1_145' title='bbox 1520 2084 1647 2154; x_wconf 77' lang='grc' dir='ltr'>ἑξῆς</span> 
     </span>
    </p>
   </div>
   <div class='ocr_carea' id='block_1_21' title="bbox 92 2177 1648 2263">
    <p class='ocr_par' dir='ltr' id='par_1_21' title="bbox 92 2177 1648 2263">
     <span class='ocr_line' id='line_1_21' title="bbox 92 2177 1648 2263; baseline -0.012 -17"><span class='ocrx_word' id='word_1_146' title='bbox 92 2190 445 2263; x_wconf 72' lang='grc' dir='ltr'>ὑπελάμϐανον</span> <span class='ocrx_word' id='word_1_147' title='bbox 478 2186 830 2259; x_wconf 87' lang='grc' dir='ltr'>μεσουρανεῖν</span> <span class='ocrx_word' id='word_1_148' title='bbox 878 2183 935 2234; x_wconf 81' lang='grc' dir='ltr'>ὲν</span> <span class='ocrx_word' id='word_1_149' title='bbox 972 2179 1049 2251; x_wconf 85' lang='grc' dir='ltr'>τῷ</span> <span class='ocrx_word' id='word_1_150' title='bbox 1080 2179 1221 2248; x_wconf 80' lang='grc' dir='ltr'>ὑπὲρ</span> <span class='ocrx_word' id='word_1_151' title='bbox 1251 2177 1356 2247; x_wconf 86' lang='grc' dir='ltr'><strong>γῆν</strong></span> <span class='ocrx_word' id='word_1_152' title='bbox 1386 2178 1648 2247; x_wconf 64' lang='grc' dir='ltr'>ἡμισφαι-</span> 
     </span>
    </p>
   </div>
   <div class='ocr_carea' id='block_1_22' title="bbox 93 2268 1647 2359">
    <p class='ocr_par' dir='ltr' id='par_1_22' title="bbox 93 2268 1647 2359">
     <span class='ocr_line' id='line_1_22' title="bbox 93 2268 1647 2359; baseline -0.014 -18"><span class='ocrx_word' id='word_1_153' title='bbox 93 2288 205 2359; x_wconf 78' lang='grc' dir='ltr'>ρίῳο</span> <span class='ocrx_word' id='word_1_154' title='bbox 237 2280 375 2346; x_wconf 80' lang='grc' dir='ltr'>οἷον,</span> <span class='ocrx_word' id='word_1_155' title='bbox 402 2282 692 2351; x_wconf 81' lang='grc' dir='ltr'>Αἰγόκερω</span> <span class='ocrx_word' id='word_1_156' title='bbox 732 2275 1009 2338; x_wconf 74' lang='grc' dir='ltr'>δύνοντος,</span> <span class='ocrx_word' id='word_1_157' title='bbox 1061 2273 1415 2341; x_wconf 86' lang='grc' dir='ltr'>μεσουρανείν</span> <span class='ocrx_word' id='word_1_158' title='bbox 1455 2268 1647 2339; x_wconf 77' lang='grc' dir='ltr'>Κριὸν,</span> 
     </span>
    </p>
   </div>
   <div class='ocr_carea' id='block_1_23' title="bbox 91 2359 1651 2446">
    <p class='ocr_par' dir='ltr' id='par_1_23' title="bbox 91 2359 1651 2446">
     <span class='ocr_line' id='line_1_23' title="bbox 91 2359 1651 2446; baseline -0.015 -10"><span class='ocrx_word' id='word_1_159' title='bbox 91 2378 372 2436; x_wconf 81' lang='grc' dir='ltr'>ἀνατέλλειν</span> <span class='ocrx_word' id='word_1_160' title='bbox 402 2376 462 2429; x_wconf 81' lang='grc' dir='ltr'><strong>δὲ</strong></span> <span class='ocrx_word' id='word_1_161' title='bbox 491 2373 786 2446; x_wconf 76' lang='grc' dir='ltr'>Καρκίνον,</span> <span class='ocrx_word' id='word_1_162' title='bbox 824 2369 917 2423; x_wconf 61' lang='grc' dir='ltr'><strong>καὶ¹</strong></span> <span class='ocrx_word' id='word_1_163' title='bbox 956 2364 1305 2438; x_wconf 86' lang='grc' dir='ltr'>μεσουρανεῖν</span> <span class='ocrx_word' id='word_1_164' title='bbox 1336 2361 1393 2414; x_wconf 83' lang='grc' dir='ltr'>δὲ</span> <span class='ocrx_word' id='word_1_165' title='bbox 1417 2360 1519 2414; x_wconf 82' lang='grc' dir='ltr'>ὑπὸ</span> <span class='ocrx_word' id='word_1_166' title='bbox 1544 2359 1651 2430; x_wconf 90' lang='grc' dir='ltr'><strong>γῆν</strong></span> 
     </span>
    </p>
   </div>
   <div class='ocr_carea' id='block_1_24' title="bbox 94 2456 1657 2545">
    <p class='ocr_par' dir='ltr' id='par_1_24' title="bbox 94 2456 1657 2545">
     <span class='ocr_line' id='line_1_24' title="bbox 94 2456 1657 2545; baseline -0.015 -16"><span class='ocrx_word' id='word_1_167' title='bbox 94 2478 258 2545; x_wconf 77' lang='grc' dir='ltr'>Ζυγόν.</span> <span class='ocrx_word' id='word_1_168' title='bbox 286 2475 342 2530; x_wconf 89' lang='grc' dir='ltr'>Ὁ</span> <span class='ocrx_word' id='word_1_169' title='bbox 374 2474 433 2528; x_wconf 80' lang='grc' dir='ltr'>δὲ</span> <span class='ocrx_word' id='word_1_170' title='bbox 464 2472 630 2535; x_wconf 80' lang='grc' dir='ltr'>αὐτὸς</span> <span class='ocrx_word' id='word_1_171' title='bbox 656 2469 812 2537; x_wconf 85' lang='grc' dir='ltr'>λόγος</span> <span class='ocrx_word' id='word_1_172' title='bbox 844 2465 938 2520; x_wconf 74' lang='grc' dir='ltr'><strong>καὶ</strong></span> <span class='ocrx_word' id='word_1_173' title='bbox 969 2462 1063 2517; x_wconf 77' lang='grc' dir='ltr'>ἐπὶ</span> <span class='ocrx_word' id='word_1_174' title='bbox 1092 2458 1201 2513; x_wconf 85' lang='grc' dir='ltr'><strong>τῶν</strong></span> <span class='ocrx_word' id='word_1_175' title='bbox 1226 2456 1427 2511; x_wconf 83' lang='grc' dir='ltr'>λοιπῶν</span> <span class='ocrx_word' id='word_1_176' title='bbox 1455 2471 1657 2545; x_wconf 44' lang='grc' dir='ltr'>τετραζ-</span> 
     </span>
    </p>
   </div>
   <div class='ocr_carea' id='block_1_25' title="bbox 94 2542 1648 2635">
    <p class='ocr_par' dir='ltr' id='par_1_25' title="bbox 94 2542 1648 2635">
     <span class='ocr_line' id='line_1_25' title="bbox 94 2542 1648 2635; baseline -0.015 -15"><span class='ocrx_word' id='word_1_177' title='bbox 94 2542 421 2635; x_wconf 72' lang='grc' dir='ltr'>γώνωνιὲστί.</span> <span class='ocrx_word' id='word_1_178' title='bbox 454 2563 531 2615; x_wconf 86' lang='grc' dir='ltr'><strong>Τὸ</strong></span> <span class='ocrx_word' id='word_1_179' title='bbox 552 2562 608 2614; x_wconf 83' lang='grc' dir='ltr'>δὲ</span> <span class='ocrx_word' id='word_1_180' title='bbox 633 2558 870 2614; x_wconf 76' lang='grc' dir='ltr'>τοιοῦτον</span> <span class='ocrx_word' id='word_1_181' title='bbox 895 2551 1260 2627; x_wconf 85' lang='grc' dir='ltr'>παράγγελμα</span> <span class='ocrx_word' id='word_1_182' title='bbox 1295 2548 1387 2601; x_wconf 72' lang='grc' dir='ltr'><strong>ἐπὶ</strong></span> <span class='ocrx_word' id='word_1_183' title='bbox 1429 2546 1528 2620; x_wconf 83' lang='grc' dir='ltr'><strong>μὲν</strong></span> <span class='ocrx_word' id='word_1_184' title='bbox 1552 2542 1648 2598; x_wconf 89' lang='grc' dir='ltr'><strong>τοῦ</strong></span> 
     </span>
    </p>
   </div>
   <div class='ocr_carea' id='block_1_26' title="bbox 97 2636 1650 2728">
    <p class='ocr_par' dir='ltr' id='par_1_26' title="bbox 97 2636 1650 2728">
     <span class='ocr_line' id='line_1_26' title="bbox 97 2636 1650 2728; baseline -0.015 -15"><span class='ocrx_word' id='word_1_185' title='bbox 97 2660 195 2723; x_wconf 79' lang='grc' dir='ltr'>ἑνὸς</span> <span class='ocrx_word' id='word_1_186' title='bbox 216 2654 578 2728; x_wconf 84' lang='grc' dir='ltr'>τετραγώνου,</span> <span class='ocrx_word' id='word_1_187' title='bbox 614 2651 707 2708; x_wconf 90' lang='grc' dir='ltr'><strong>τοῦ</strong></span> <span class='ocrx_word' id='word_1_188' title='bbox 743 2651 845 2713; x_wconf 78' lang='grc' dir='ltr'>τὰς</span> <span class='ocrx_word' id='word_1_189' title='bbox 875 2646 1083 2720; x_wconf 69' lang='grc' dir='ltr'>τροπὰς</span> <span class='ocrx_word' id='word_1_190' title='bbox 1113 2644 1207 2698; x_wconf 75' lang='grc' dir='ltr'><strong>καὶ</strong></span> <span class='ocrx_word' id='word_1_191' title='bbox 1237 2640 1335 2704; x_wconf 81' lang='grc' dir='ltr'>τὰς</span> <span class='ocrx_word' id='word_1_192' title='bbox 1359 2636 1650 2711; x_wconf 76' lang='grc' dir='ltr'>ἰσημερίας</span> 
     </span>
    </p>
   </div>
   <div class='ocr_carea' id='block_1_27' title="bbox 98 2736 1650 2823">
    <p class='ocr_par' dir='ltr' id='par_1_27' title="bbox 98 2736 1650 2823">
     <span class='ocr_line' id='line_1_27' title="bbox 98 2736 1650 2823; baseline -0.014 -18"><span class='ocrx_word' id='word_1_193' title='bbox 98 2751 434 2823; x_wconf 81' lang='grc' dir='ltr'>περιέχοντος,</span> <span class='ocrx_word' id='word_1_194' title='bbox 483 2746 630 2800; x_wconf 75' lang='grc' dir='ltr'>κατὰ</span> <span class='ocrx_word' id='word_1_195' title='bbox 674 2744 733 2797; x_wconf 80' lang='grc' dir='ltr'><strong>τὸ</strong></span> <span class='ocrx_word' id='word_1_196' title='bbox 778 2738 1060 2811; x_wconf 81' lang='grc' dir='ltr'>ὁλοσχερὲς</span> <span class='ocrx_word' id='word_1_197' title='bbox 1107 2736 1393 2805; x_wconf 86' lang='grc' dir='ltr'>λεγόμενον</span> <span class='ocrx_word' id='word_1_198' title='bbox 1426 2748 1650 2823; x_wconf 82' lang='grc' dir='ltr'>συμφω-</span> 
     </span>
    </p>
   </div>
   <div class='ocr_carea' id='block_1_28' title="bbox 98 2822 1651 2913">
    <p class='ocr_par' dir='ltr' id='par_1_28' title="bbox 98 2822 1651 2913">
     <span class='ocr_line' id='line_1_28' title="bbox 98 2822 1651 2913; baseline -0.015 -17"><span class='ocrx_word' id='word_1_199' title='bbox 98 2844 229 2913; x_wconf 76' lang='grc' dir='ltr'>νήσει</span> <span class='ocrx_word' id='word_1_200' title='bbox 269 2841 405 2912; x_wconf 73' lang='grc' dir='ltr'>πρὸς</span> <span class='ocrx_word' id='word_1_201' title='bbox 444 2839 510 2891; x_wconf 78' lang='grc' dir='ltr'><strong>τὸ</strong></span> <span class='ocrx_word' id='word_1_202' title='bbox 557 2836 914 2907; x_wconf 78' lang='grc' dir='ltr'>φαινόμενον·</span> <span class='ocrx_word' id='word_1_203' title='bbox 953 2831 1089 2901; x_wconf 80' lang='grc' dir='ltr'>πρὸς</span> <span class='ocrx_word' id='word_1_204' title='bbox 1131 2828 1187 2881; x_wconf 85' lang='grc' dir='ltr'><strong>δὲ</strong></span> <span class='ocrx_word' id='word_1_205' title='bbox 1219 2826 1316 2897; x_wconf 80' lang='grc' dir='ltr'>τὴν</span> <span class='ocrx_word' id='word_1_206' title='bbox 1348 2827 1406 2879; x_wconf 83' lang='grc' dir='ltr'>ὲν</span> <span class='ocrx_word' id='word_1_207' title='bbox 1442 2822 1521 2893; x_wconf 83' lang='grc' dir='ltr'>τῷ</span> <span class='ocrx_word' id='word_1_208' title='bbox 1544 2822 1651 2913; x_wconf 75' lang='grc' dir='ltr'><strong>ὅλῳ</strong></span> 
     </span>
    </p>
   </div>
   <div class='ocr_carea' id='block_1_29' title="bbox 98 2912 1653 3005">
    <p class='ocr_par' dir='ltr' id='par_1_29' title="bbox 98 2912 1653 3005">
     <span class='ocr_line' id='line_1_29' title="bbox 98 2912 1653 3005; baseline -0.014 -18"><span class='ocrx_word' id='word_1_209' title='bbox 98 2912 350 3005; x_wconf 81' lang='grc' dir='ltr'>ἀκρίϐειαν</span> <span class='ocrx_word' id='word_1_210' title='bbox 380 2931 663 2999; x_wconf 85' lang='grc' dir='ltr'>διαφωνεῖ.</span> <span class='ocrx_word' id='word_1_211' title='bbox 692 2927 974 2995; x_wconf 82' lang='grc' dir='ltr'>Δίγόκερω</span> <span class='ocrx_word' id='word_1_212' title='bbox 1005 2921 1113 2993; x_wconf 72' lang='grc' dir='ltr'><strong>γὰρ</strong></span> <span class='ocrx_word' id='word_1_213' title='bbox 1138 2919 1239 2988; x_wconf 88' lang='grc' dir='ltr'><strong>τῆς</strong></span> <span class='ocrx_word' id='word_1_214' title='bbox 1271 2916 1494 2988; x_wconf 81' lang='grc' dir='ltr'>πρώτης</span> <span class='ocrx_word' id='word_1_215' title='bbox 1536 2912 1653 2985; x_wconf 87' lang='grc' dir='ltr'>μοί-</span> 
     </span>
    </p>
   </div>
   <div class='ocr_carea' id='block_1_30' title="bbox 100 3006 1655 3095">
    <p class='ocr_par' dir='ltr' id='par_1_30' title="bbox 100 3006 1655 3095">
     <span class='ocr_line' id='line_1_30' title="bbox 100 3006 1655 3095; baseline -0.013 -19"><span class='ocrx_word' id='word_1_216' title='bbox 100 3022 471 3095; x_wconf 74' lang='grc' dir='ltr'>ραςδυνούσης,</span> <span class='ocrx_word' id='word_1_217' title='bbox 486 3017 659 3091; x_wconf 87' lang='grc' dir='ltr'>Κριοῦ</span> <span class='ocrx_word' id='word_1_218' title='bbox 677 3015 867 3088; x_wconf 84' lang='grc' dir='ltr'>πρώτη</span> <span class='ocrx_word' id='word_1_219' title='bbox 887 3015 1049 3085; x_wconf 85' lang='grc' dir='ltr'>μοῖρα</span> <span class='ocrx_word' id='word_1_220' title='bbox 1071 3009 1484 3083; x_wconf 80' lang='grc' dir='ltr'>μεσουρανήσει·</span> <span class='ocrx_word' id='word_1_221' title='bbox 1508 3006 1655 3079; x_wconf 83' lang='grc' dir='ltr'>Καρ-</span> 
     </span>
    </p>
   </div>
   <div class='ocr_carea' id='block_1_31' title="bbox 1669 1785 1715 1844">
    <p class='ocr_par' dir='ltr' id='par_1_31' title="bbox 1669 1785 1715 1844">
     <span class='ocr_line' id='line_1_31' title="bbox 1669 1785 1715 1844; baseline 0 0"><span class='ocrx_word' id='word_1_222' title='bbox 1669 1785 1715 1844; x_wconf 86' lang='grc' dir='ltr'><strong>Β</strong></span> 
     </span>
    </p>
   </div>
   <div class='ocr_carea' id='block_1_32' title="bbox 1742 529 3309 606">
    <p class='ocr_par' dir='ltr' id='par_1_32' title="bbox 1742 529 3309 606">
     <span class='ocr_line' id='line_1_32' title="bbox 1742 529 3309 606; baseline -0.006 -13"><span class='ocrx_word' id='word_1_223' title='bbox 1742 538 1920 603; x_wconf 86' lang='lat' dir='ltr'><strong>Aries,</strong></span> <span class='ocrx_word' id='word_1_224' title='bbox 1954 536 2191 600; x_wconf 87' lang='lat' dir='ltr'><strong>Cancer,</strong></span> <span class='ocrx_word' id='word_1_225' title='bbox 2226 535 2413 601; x_wconf 87' lang='lat' dir='ltr'><strong>Libra,</strong></span> <span class='ocrx_word' id='word_1_226' title='bbox 2453 534 2867 606; x_wconf 89' lang='lat' dir='ltr'><strong>Capricornus:</strong></span> <span class='ocrx_word' id='word_1_227' title='bbox 2896 532 3134 596; x_wconf 88' lang='lat' dir='ltr'><strong>Taurus,</strong></span> <span class='ocrx_word' id='word_1_228' title='bbox 3179 529 3309 596; x_wconf 75' lang='grc' dir='ltr'>Ιιοο,</span> 
     </span>
    </p>
   </div>
   <div class='ocr_carea' id='block_1_33' title="bbox 1744 620 3309 697">
    <p class='ocr_par' dir='ltr' id='par_1_33' title="bbox 1744 620 3309 697">
     <span class='ocr_line' id='line_1_33' title="bbox 1744 620 3309 697; baseline -0.002 -16"><span class='ocrx_word' id='word_1_229' title='bbox 1744 626 2033 697; x_wconf 83' lang='lat' dir='ltr'><strong>Scorpius,</strong></span> <span class='ocrx_word' id='word_1_230' title='bbox 2086 626 2363 696; x_wconf 87' lang='lat' dir='ltr'><strong>Aquarius</strong></span> <span class='ocrx_word' id='word_1_231' title='bbox 2395 641 2408 677; x_wconf 94' lang='lat'>:</span> <span class='ocrx_word' id='word_1_232' title='bbox 2444 624 2691 688; x_wconf 86' lang='lat' dir='ltr'><strong>Gemini,</strong></span> <span class='ocrx_word' id='word_1_233' title='bbox 2724 622 2910 693; x_wconf 72' lang='lat' dir='ltr'><strong>Virgo,</strong></span> <span class='ocrx_word' id='word_1_234' title='bbox 2962 620 3309 692; x_wconf 62' lang='lat' dir='ltr'><strong>Sagittariu‘.</strong></span> 
     </span>
    </p>
   </div>
   <div class='ocr_carea' id='block_1_34' title="bbox 1742 710 3312 784">
    <p class='ocr_par' dir='ltr' id='par_1_34' title="bbox 1742 710 3312 784">
     <span class='ocr_line' id='line_1_34' title="bbox 1742 710 3312 784; baseline -0.006 -13"><span class='ocrx_word' id='word_1_235' title='bbox 1742 716 1949 773; x_wconf 85' lang='lat' dir='ltr'><strong>Pisces.</strong></span> <span class='ocrx_word' id='word_1_236' title='bbox 1986 715 2182 772; x_wconf 89' lang='lat' dir='ltr'><strong>Omnia</strong></span> <span class='ocrx_word' id='word_1_237' title='bbox 2207 715 2477 784; x_wconf 85' lang='lat' dir='ltr'><strong>quadrata</strong></span> <span class='ocrx_word' id='word_1_238' title='bbox 2508 720 2638 769; x_wconf 86' lang='lat' dir='ltr'><strong>sunt</strong></span> <span class='ocrx_word' id='word_1_239' title='bbox 2660 713 2789 769; x_wconf 90' lang='lat' dir='ltr'><strong>tria.</strong></span> <span class='ocrx_word' id='word_1_240' title='bbox 2820 710 3105 765; x_wconf 89' lang='lat' dir='ltr'><strong>Subtendit</strong></span> <span class='ocrx_word' id='word_1_241' title='bbox 3127 715 3312 763; x_wconf 88' lang='lat' dir='ltr'><strong>autem</strong></span> 
     </span>
    </p>
   </div>
   <div class='ocr_carea' id='block_1_35' title="bbox 1742 800 3313 881">
    <p class='ocr_par' dir='ltr' id='par_1_35' title="bbox 1742 800 3313 881">
     <span class='ocr_line' id='line_1_35' title="bbox 1742 800 3313 881; baseline -0.006 -17"><span class='ocrx_word' id='word_1_242' title='bbox 1742 810 1889 865; x_wconf 88' lang='lat' dir='ltr'><strong>latus</strong></span> <span class='ocrx_word' id='word_1_243' title='bbox 1919 809 2188 881; x_wconf 89' lang='lat' dir='ltr'><strong>quadrati</strong></span> <span class='ocrx_word' id='word_1_244' title='bbox 2218 808 2373 880; x_wconf 76' lang='lat' dir='ltr'><strong>signa</strong></span> <span class='ocrx_word' id='word_1_245' title='bbox 2402 805 2529 868; x_wconf 91' lang='lat' dir='ltr'><strong>tria,</strong></span> <span class='ocrx_word' id='word_1_246' title='bbox 2582 805 2784 874; x_wconf 79' lang='lat' dir='ltr'><strong>gradus</strong></span> <span class='ocrx_word' id='word_1_247' title='bbox 2809 803 2898 858; x_wconf 91' lang='lat'><strong>90.</strong></span> <span class='ocrx_word' id='word_1_248' title='bbox 2931 802 3170 856; x_wconf 79' lang='lat' dir='ltr'><strong>Vocatur</strong></span> <span class='ocrx_word' id='word_1_249' title='bbox 3197 800 3313 871; x_wconf 82' lang='lat' dir='ltr'><strong>pri-</strong></span> 
     </span>
    </p>
   </div>
   <div class='ocr_carea' id='block_1_36' title="bbox 1740 894 3310 971">
    <p class='ocr_par' dir='ltr' id='par_1_36' title="bbox 1740 894 3310 971">
     <span class='ocr_line' id='line_1_36' title="bbox 1740 894 3310 971; baseline -0.008 -15"><span class='ocrx_word' id='word_1_250' title='bbox 1740 918 1889 956; x_wconf 90' lang='lat' dir='ltr'><strong>mum</strong></span> <span class='ocrx_word' id='word_1_251' title='bbox 1921 901 2278 971; x_wconf 87' lang='lat' dir='ltr'><strong>quadratum,</strong></span> <span class='ocrx_word' id='word_1_252' title='bbox 2308 899 2637 971; x_wconf 87' lang='lat' dir='ltr'><strong>quadratum</strong></span> <span class='ocrx_word' id='word_1_253' title='bbox 2682 895 2753 950; x_wconf 85' lang='lat' dir='ltr'><strong>ab</strong></span> <span class='ocrx_word' id='word_1_254' title='bbox 2784 894 2967 949; x_wconf 82' lang='lat' dir='ltr'><strong>Ariete</strong></span> <span class='ocrx_word' id='word_1_255' title='bbox 3012 894 3310 961; x_wconf 82' lang='lat' dir='ltr'><strong>inceptum,</strong></span> 
     </span>
    </p>
   </div>
   <div class='ocr_carea' id='block_1_37' title="bbox 1742 984 3312 1064">
    <p class='ocr_par' dir='ltr' id='par_1_37' title="bbox 1742 984 3312 1064">
     <span class='ocr_line' id='line_1_37' title="bbox 1742 984 3312 1064; baseline -0.007 -17"><span class='ocrx_word' id='word_1_256' title='bbox 1742 993 1799 1048; x_wconf 89' lang='lat' dir='ltr'><strong>in</strong></span> <span class='ocrx_word' id='word_1_257' title='bbox 1831 1009 1941 1064; x_wconf 91' lang='lat' dir='ltr'><strong>quo</strong></span> <span class='ocrx_word' id='word_1_258' title='bbox 1986 992 2134 1047; x_wconf 85' lang='lat' dir='ltr'><strong>hora</strong></span> <span class='ocrx_word' id='word_1_259' title='bbox 2184 1007 2281 1047; x_wconf 83' lang='lat' dir='ltr'><strong>seu</strong></span> <span class='ocrx_word' id='word_1_260' title='bbox 2331 1002 2568 1063; x_wconf 84' lang='lat' dir='ltr'><strong>quatuor</strong></span> <span class='ocrx_word' id='word_1_261' title='bbox 2608 996 2794 1059; x_wconf 88' lang='lat' dir='ltr'><strong>partes</strong></span> <span class='ocrx_word' id='word_1_262' title='bbox 2842 986 2970 1042; x_wconf 90' lang='lat' dir='ltr'><strong>anni</strong></span> <span class='ocrx_word' id='word_1_263' title='bbox 3021 984 3312 1054; x_wconf 85' lang='lat' dir='ltr'><strong>incipiunt,</strong></span> 
     </span>
    </p>
   </div>
   <div class='ocr_carea' id='block_1_38' title="bbox 1741 1075 3313 1148">
    <p class='ocr_par' dir='ltr' id='par_1_38' title="bbox 1741 1075 3313 1148">
     <span class='ocr_line' id='line_1_38' title="bbox 1741 1075 3313 1148; baseline -0.007 -9"><span class='ocrx_word' id='word_1_264' title='bbox 1741 1098 1860 1148; x_wconf 82' lang='lat' dir='ltr'><strong>ver,</strong></span> <span class='ocrx_word' id='word_1_265' title='bbox 1892 1090 2078 1148; x_wconf 90' lang='lat' dir='ltr'><strong>astas,</strong></span> <span class='ocrx_word' id='word_1_266' title='bbox 2110 1091 2435 1146; x_wconf 76' lang='lat' dir='ltr'><strong>autumnus,</strong></span> <span class='ocrx_word' id='word_1_267' title='bbox 2476 1080 2685 1145; x_wconf 84' lang='lat' dir='ltr'><strong>hiems;</strong></span> <span class='ocrx_word' id='word_1_268' title='bbox 2724 1076 3025 1134; x_wconf 88' lang='lat' dir='ltr'><strong>secundum</strong></span> <span class='ocrx_word' id='word_1_269' title='bbox 3070 1075 3313 1146; x_wconf 86' lang='lat' dir='ltr'><strong>quadra-</strong></span> 
     </span>
    </p>
   </div>
   <div class='ocr_carea' id='block_1_39' title="bbox 1745 1169 3314 1246">
    <p class='ocr_par' dir='ltr' id='par_1_39' title="bbox 1745 1169 3314 1246">
     <span class='ocr_line' id='line_1_39' title="bbox 1745 1169 3314 1246; baseline -0.006 -15"><span class='ocrx_word' id='word_1_270' title='bbox 1745 1183 1863 1231; x_wconf 88' lang='lat' dir='ltr'><strong>tum</strong></span> <span class='ocrx_word' id='word_1_271' title='bbox 1886 1175 2204 1231; x_wconf 85' lang='lat' dir='ltr'><strong>nominatur</strong></span> <span class='ocrx_word' id='word_1_272' title='bbox 2238 1173 2565 1246; x_wconf 87' lang='lat' dir='ltr'><strong>quadratum</strong></span> <span class='ocrx_word' id='word_1_273' title='bbox 2608 1188 2640 1228; x_wconf 92' lang='lat' dir='ltr'><strong>a</strong></span> <span class='ocrx_word' id='word_1_274' title='bbox 2662 1171 2845 1227; x_wconf 89' lang='lat' dir='ltr'><strong>Tauro</strong></span> <span class='ocrx_word' id='word_1_275' title='bbox 2892 1170 3228 1232; x_wconf 87' lang='lat' dir='ltr'><strong>inchoatum,</strong></span> <span class='ocrx_word' id='word_1_276' title='bbox 3258 1169 3314 1222; x_wconf 90' lang='lat' dir='ltr'><strong>in</strong></span> 
     </span>
    </p>
   </div>
   <div class='ocr_carea' id='block_1_40' title="bbox 1743 1260 3314 1338">
    <p class='ocr_par' dir='ltr' id='par_1_40' title="bbox 1743 1260 3314 1338">
     <span class='ocr_line' id='line_1_40' title="bbox 1743 1260 3314 1338; baseline -0.003 -17"><span class='ocrx_word' id='word_1_277' title='bbox 1743 1282 1852 1338; x_wconf 89' lang='lat' dir='ltr'><strong>quo</strong></span> <span class='ocrx_word' id='word_1_278' title='bbox 1885 1267 2033 1321; x_wconf 82' lang='lat' dir='ltr'><strong>hora</strong></span> <span class='ocrx_word' id='word_1_279' title='bbox 2080 1267 2279 1322; x_wconf 86' lang='lat' dir='ltr'><strong>habent</strong></span> <span class='ocrx_word' id='word_1_280' title='bbox 2325 1265 2561 1320; x_wconf 90' lang='lat' dir='ltr'><strong>medium</strong></span> <span class='ocrx_word' id='word_1_281' title='bbox 2610 1272 2827 1333; x_wconf 85' lang='lat' dir='ltr'><strong>tempus</strong></span> <span class='ocrx_word' id='word_1_282' title='bbox 2876 1262 3055 1327; x_wconf 82' lang='lat' dir='ltr'><strong>veris,</strong></span> <span class='ocrx_word' id='word_1_283' title='bbox 3083 1260 3314 1321; x_wconf 87' lang='lat' dir='ltr'><strong>astatis.</strong></span> 
     </span>
    </p>
   </div>
   <div class='ocr_carea' id='block_1_41' title="bbox 1743 1355 3314 1428">
    <p class='ocr_par' dir='ltr' id='par_1_41' title="bbox 1743 1355 3314 1428">
     <span class='ocr_line' id='line_1_41' title="bbox 1743 1355 3314 1428; baseline -0.006 -13"><span class='ocrx_word' id='word_1_284' title='bbox 1743 1362 2016 1427; x_wconf 86' lang='lat' dir='ltr'><strong>autumni,</strong></span> <span class='ocrx_word' id='word_1_285' title='bbox 2058 1360 2290 1426; x_wconf 86' lang='lat' dir='ltr'><strong>hiemis;</strong></span> <span class='ocrx_word' id='word_1_286' title='bbox 2324 1359 2543 1415; x_wconf 87' lang='lat' dir='ltr'><strong>tertium</strong></span> <span class='ocrx_word' id='word_1_287' title='bbox 2575 1357 2899 1428; x_wconf 87' lang='lat' dir='ltr'><strong>quadratum</strong></span> <span class='ocrx_word' id='word_1_288' title='bbox 2938 1355 3140 1411; x_wconf 88' lang='lat' dir='ltr'><strong>dicitur</strong></span> <span class='ocrx_word' id='word_1_289' title='bbox 3175 1367 3314 1424; x_wconf 89' lang='lat' dir='ltr'><strong>qua-</strong></span> 
     </span>
    </p>
   </div>
   <div class='ocr_carea' id='block_1_42' title="bbox 1743 1448 3318 1521">
    <p class='ocr_par' dir='ltr' id='par_1_42' title="bbox 1743 1448 3318 1521">
     <span class='ocr_line' id='line_1_42' title="bbox 1743 1448 3318 1521; baseline -0.007 -12"><span class='ocrx_word' id='word_1_290' title='bbox 1743 1454 1960 1509; x_wconf 86' lang='lat' dir='ltr'><strong>dratum</strong></span> <span class='ocrx_word' id='word_1_291' title='bbox 2000 1469 2031 1507; x_wconf 88' lang='lat' dir='ltr'><strong>a</strong></span> <span class='ocrx_word' id='word_1_292' title='bbox 2070 1451 2315 1509; x_wconf 88' lang='lat' dir='ltr'><strong>Geminis</strong></span> <span class='ocrx_word' id='word_1_293' title='bbox 2346 1452 2645 1521; x_wconf 88' lang='lat' dir='ltr'><strong>inceptum,</strong></span> <span class='ocrx_word' id='word_1_294' title='bbox 2694 1449 2752 1504; x_wconf 90' lang='lat' dir='ltr'><strong>in</strong></span> <span class='ocrx_word' id='word_1_295' title='bbox 2782 1465 2892 1519; x_wconf 91' lang='lat' dir='ltr'><strong>quo</strong></span> <span class='ocrx_word' id='word_1_296' title='bbox 2939 1448 3088 1502; x_wconf 84' lang='lat' dir='ltr'><strong>hora</strong></span> <span class='ocrx_word' id='word_1_297' title='bbox 3125 1460 3318 1501; x_wconf 88' lang='lat' dir='ltr'><strong>secun-</strong></span> 
     </span>
    </p>
   </div>
   <div class='ocr_carea' id='block_1_43' title="bbox 1743 1539 3317 1614">
    <p class='ocr_par' dir='ltr' id='par_1_43' title="bbox 1743 1539 3317 1614">
     <span class='ocr_line' id='line_1_43' title="bbox 1743 1539 3317 1614; baseline -0.007 -14"><span class='ocrx_word' id='word_1_298' title='bbox 1743 1547 1875 1600; x_wconf 91' lang='lat' dir='ltr'><strong>dum</strong></span> <span class='ocrx_word' id='word_1_299' title='bbox 1941 1553 2188 1614; x_wconf 86' lang='lat' dir='ltr'><strong>tempora</strong></span> <span class='ocrx_word' id='word_1_300' title='bbox 2233 1542 2511 1597; x_wconf 87' lang='lat' dir='ltr'><strong>desinunt.</strong></span> <span class='ocrx_word' id='word_1_301' title='bbox 2554 1539 2861 1609; x_wconf 87' lang='lat' dir='ltr'><strong>Usurpatur</strong></span> <span class='ocrx_word' id='word_1_302' title='bbox 2905 1547 3089 1592; x_wconf 90' lang='lat' dir='ltr'><strong>autem</strong></span> <span class='ocrx_word' id='word_1_303' title='bbox 3146 1550 3317 1591; x_wconf 57' lang='lat' dir='ltr'><strong>unum</strong></span> 
     </span>
    </p>
   </div>
   <div class='ocr_carea' id='block_1_44' title="bbox 1743 1626 3319 1706">
    <p class='ocr_par' dir='ltr' id='par_1_44' title="bbox 1743 1626 3319 1706">
     <span class='ocr_line' id='line_1_44' title="bbox 1743 1626 3319 1706; baseline -0.009 -13"><span class='ocrx_word' id='word_1_304' title='bbox 1743 1638 1999 1706; x_wconf 86' lang='lat' dir='ltr'><strong>idemque</strong></span> <span class='ocrx_word' id='word_1_305' title='bbox 2050 1633 2408 1704; x_wconf 88' lang='lat' dir='ltr'><strong>quadratum,</strong></span> <span class='ocrx_word' id='word_1_306' title='bbox 2457 1641 2518 1687; x_wconf 93' lang='lat' dir='ltr'><strong>ut</strong></span> <span class='ocrx_word' id='word_1_307' title='bbox 2559 1632 2763 1686; x_wconf 90' lang='lat' dir='ltr'><strong>dictum</strong></span> <span class='ocrx_word' id='word_1_308' title='bbox 2798 1640 2903 1694; x_wconf 87' lang='lat' dir='ltr'><strong>est,</strong></span> <span class='ocrx_word' id='word_1_309' title='bbox 2936 1628 3099 1685; x_wconf 90' lang='lat' dir='ltr'><strong>etiam</strong></span> <span class='ocrx_word' id='word_1_310' title='bbox 3134 1627 3201 1681; x_wconf 89' lang='lat' dir='ltr'><strong>ad</strong></span> <span class='ocrx_word' id='word_1_311' title='bbox 3234 1626 3319 1680; x_wconf 87' lang='lat' dir='ltr'><strong>in-</strong></span> 
     </span>
    </p>
   </div>
   <div class='ocr_carea' id='block_1_45' title="bbox 1749 1721 3320 1796">
    <p class='ocr_par' dir='ltr' id='par_1_45' title="bbox 1749 1721 3320 1796">
     <span class='ocr_line' id='line_1_45' title="bbox 1749 1721 3320 1796; baseline -0.004 -15"><span class='ocrx_word' id='word_1_312' title='bbox 1749 1726 2052 1782; x_wconf 83' lang='lat' dir='ltr'><strong>veniemlas</strong></span> <span class='ocrx_word' id='word_1_313' title='bbox 2079 1724 2495 1796; x_wconf 89' lang='lat' dir='ltr'><strong>compassiones</strong></span> <span class='ocrx_word' id='word_1_314' title='bbox 2514 1763 2530 1789; x_wconf 94' lang='lat'><strong>,</strong></span> <span class='ocrx_word' id='word_1_315' title='bbox 2561 1739 2681 1793; x_wconf 83' lang='lat' dir='ltr'><strong>qua</strong></span> <span class='ocrx_word' id='word_1_316' title='bbox 2708 1723 2763 1778; x_wconf 93' lang='lat' dir='ltr'><strong>in</strong></span> <span class='ocrx_word' id='word_1_317' title='bbox 2796 1721 3171 1777; x_wconf 81' lang='lat' dir='ltr'><strong>nativitatibus</strong></span> <span class='ocrx_word' id='word_1_318' title='bbox 3194 1735 3320 1790; x_wconf 87' lang='lat' dir='ltr'><strong>spe-</strong></span> 
     </span>
    </p>
   </div>
   <div class='ocr_carea' id='block_1_46' title="bbox 1745 1827 1986 1874">
    <p class='ocr_par' dir='ltr' id='par_1_46' title="bbox 1745 1827 1986 1874">
     <span class='ocr_line' id='line_1_46' title="bbox 1745 1827 1986 1874; baseline 0 -1"><span class='ocrx_word' id='word_1_319' title='bbox 1745 1827 1986 1874; x_wconf 89' lang='lat' dir='ltr'><strong>ctantur.</strong></span> 
     </span>
    </p>
   </div>
   <div class='ocr_carea' id='block_1_47' title="bbox 1817 1902 3318 1981">
    <p class='ocr_par' dir='ltr' id='par_1_47' title="bbox 1817 1902 3318 1981">
     <span class='ocr_line' id='line_1_47' title="bbox 1817 1902 3318 1981; baseline -0.004 -18"><span class='ocrx_word' id='word_1_320' title='bbox 1817 1911 1874 1981; x_wconf 77' lang='lat'><strong>6</strong></span> <span class='ocrx_word' id='word_1_321' title='bbox 1896 1909 2161 1966; x_wconf 79' lang='lat' dir='ltr'><strong>Praterea</strong></span> <span class='ocrx_word' id='word_1_322' title='bbox 2182 1909 2577 1980; x_wconf 82' lang='lat' dir='ltr'><strong>quadratorum</strong></span> <span class='ocrx_word' id='word_1_323' title='bbox 2602 1906 2852 1962; x_wconf 87' lang='lat' dir='ltr'><strong>doctrina</strong></span> <span class='ocrx_word' id='word_1_324' title='bbox 2874 1905 3037 1959; x_wconf 89' lang='lat' dir='ltr'><strong>etiam</strong></span> <span class='ocrx_word' id='word_1_325' title='bbox 3056 1904 3123 1959; x_wconf 92' lang='lat' dir='ltr'><strong>ad</strong></span> <span class='ocrx_word' id='word_1_326' title='bbox 3152 1902 3318 1957; x_wconf 87' lang='lat' dir='ltr'><strong>alium</strong></span> 
     </span>
    </p>
   </div>
   <div class='ocr_carea' id='block_1_48' title="bbox 1748 1994 3322 2072">
    <p class='ocr_par' dir='ltr' id='par_1_48' title="bbox 1748 1994 3322 2072">
     <span class='ocr_line' id='line_1_48' title="bbox 1748 1994 3322 2072; baseline -0.005 -17"><span class='ocrx_word' id='word_1_327' title='bbox 1748 1999 2044 2072; x_wconf 86' lang='lat' dir='ltr'><strong>quemdam</strong></span> <span class='ocrx_word' id='word_1_328' title='bbox 2079 2016 2240 2057; x_wconf 85' lang='lat' dir='ltr'><strong>usum</strong></span> <span class='ocrx_word' id='word_1_329' title='bbox 2289 2014 2320 2053; x_wconf 92' lang='lat' dir='ltr'><strong>a</strong></span> <span class='ocrx_word' id='word_1_330' title='bbox 2354 1999 2680 2070; x_wconf 84' lang='lat' dir='ltr'><strong>quibusdam</strong></span> <span class='ocrx_word' id='word_1_331' title='bbox 2712 1998 2998 2068; x_wconf 88' lang='lat' dir='ltr'><strong>accipitur.</strong></span> <span class='ocrx_word' id='word_1_332' title='bbox 3034 1994 3167 2049; x_wconf 85' lang='lat' dir='ltr'><strong>Nam</strong></span> <span class='ocrx_word' id='word_1_333' title='bbox 3210 2008 3322 2048; x_wconf 93' lang='lat' dir='ltr'><strong>uno</strong></span> 
     </span>
    </p>
   </div>
   <div class='ocr_carea' id='block_1_49' title="bbox 1748 2086 3320 2163">
    <p class='ocr_par' dir='ltr' id='par_1_49' title="bbox 1748 2086 3320 2163">
     <span class='ocr_line' id='line_1_49' title="bbox 1748 2086 3320 2163; baseline -0.004 -16"><span class='ocrx_word' id='word_1_334' title='bbox 1748 2092 2066 2147; x_wconf 81' lang='lat' dir='ltr'><strong>earumdem</strong></span> <span class='ocrx_word' id='word_1_335' title='bbox 2091 2093 2396 2163; x_wconf 80' lang='lat' dir='ltr'><strong>signorum,</strong></span> <span class='ocrx_word' id='word_1_336' title='bbox 2415 2106 2537 2162; x_wconf 84' lang='lat' dir='ltr'><strong>qua</strong></span> <span class='ocrx_word' id='word_1_337' title='bbox 2568 2099 2697 2146; x_wconf 90' lang='lat' dir='ltr'><strong>sunt</strong></span> <span class='ocrx_word' id='word_1_338' title='bbox 2727 2091 2782 2146; x_wconf 90' lang='lat' dir='ltr'><strong>in</strong></span> <span class='ocrx_word' id='word_1_339' title='bbox 2812 2089 3002 2146; x_wconf 85' lang='lat' dir='ltr'><strong>eodem</strong></span> <span class='ocrx_word' id='word_1_340' title='bbox 3032 2086 3320 2158; x_wconf 83' lang='lat' dir='ltr'><strong>quadrato,</strong></span> 
     </span>
    </p>
   </div>
   <div class='ocr_carea' id='block_1_50' title="bbox 1749 2174 3323 2253">
    <p class='ocr_par' dir='ltr' id='par_1_50' title="bbox 1749 2174 3323 2253">
     <span class='ocr_line' id='line_1_50' title="bbox 1749 2174 3323 2253; baseline -0.006 -15"><span class='ocrx_word' id='word_1_341' title='bbox 1749 2181 2051 2247; x_wconf 81' lang='lat' dir='ltr'><strong>occidente,</strong></span> <span class='ocrx_word' id='word_1_342' title='bbox 2085 2182 2393 2253; x_wconf 83' lang='lat' dir='ltr'><strong>proximum</strong></span> <span class='ocrx_word' id='word_1_343' title='bbox 2423 2181 2692 2252; x_wconf 86' lang='lat' dir='ltr'><strong>putabant</strong></span> <span class='ocrx_word' id='word_1_344' title='bbox 2716 2189 2906 2235; x_wconf 84' lang='lat' dir='ltr'><strong>tenere</strong></span> <span class='ocrx_word' id='word_1_345' title='bbox 2934 2177 3173 2232; x_wconf 90' lang='lat' dir='ltr'><strong>medium</strong></span> <span class='ocrx_word' id='word_1_346' title='bbox 3197 2174 3323 2229; x_wconf 77' lang='lat' dir='ltr'><strong>cali</strong></span> 
     </span>
    </p>
   </div>
   <div class='ocr_carea' id='block_1_51' title="bbox 1750 2267 3322 2342">
    <p class='ocr_par' dir='ltr' id='par_1_51' title="bbox 1750 2267 3322 2342">
     <span class='ocr_line' id='line_1_51' title="bbox 1750 2267 3322 2342; baseline -0.004 -16"><span class='ocrx_word' id='word_1_347' title='bbox 1750 2272 1805 2326; x_wconf 91' lang='lat' dir='ltr'><strong>in</strong></span> <span class='ocrx_word' id='word_1_348' title='bbox 1833 2273 2117 2342; x_wconf 86' lang='lat' dir='ltr'><strong>superiore</strong></span> <span class='ocrx_word' id='word_1_349' title='bbox 2139 2272 2544 2342; x_wconf 66' lang='lat' dir='ltr'><strong>hemisphaerio.</strong></span> <span class='ocrx_word' id='word_1_350' title='bbox 2564 2271 2634 2326; x_wconf 92' lang='lat' dir='ltr'><strong>Ut</strong></span> <span class='ocrx_word' id='word_1_351' title='bbox 2660 2271 2996 2341; x_wconf 85' lang='lat' dir='ltr'><strong>Capricorno</strong></span> <span class='ocrx_word' id='word_1_352' title='bbox 3021 2267 3322 2332; x_wconf 83' lang='lat' dir='ltr'><strong>occidente,</strong></span> 
     </span>
    </p>
   </div>
   <div class='ocr_carea' id='block_1_52' title="bbox 1749 2358 3325 2425">
    <p class='ocr_par' dir='ltr' id='par_1_52' title="bbox 1749 2358 3325 2425">
     <span class='ocr_line' id='line_1_52' title="bbox 1749 2358 3325 2425; baseline -0.004 -7"><span class='ocrx_word' id='word_1_353' title='bbox 1749 2370 1933 2418; x_wconf 85' lang='lat' dir='ltr'><strong>tenere</strong></span> <span class='ocrx_word' id='word_1_354' title='bbox 1962 2362 2201 2417; x_wconf 90' lang='lat' dir='ltr'><strong>medium</strong></span> <span class='ocrx_word' id='word_1_355' title='bbox 2256 2363 2381 2416; x_wconf 80' lang='lat' dir='ltr'><strong>cali</strong></span> <span class='ocrx_word' id='word_1_356' title='bbox 2432 2362 2697 2425; x_wconf 79' lang='lat' dir='ltr'><strong>Arietem,</strong></span> <span class='ocrx_word' id='word_1_357' title='bbox 2729 2359 2864 2415; x_wconf 84' lang='lat' dir='ltr'><strong>oriri</strong></span> <span class='ocrx_word' id='word_1_358' title='bbox 2911 2358 3205 2422; x_wconf 81' lang='lat' dir='ltr'><strong>Cancrum,</strong></span> <span class='ocrx_word' id='word_1_359' title='bbox 3240 2365 3325 2411; x_wconf 85' lang='lat' dir='ltr'><strong>te-</strong></span> 
     </span>
    </p>
   </div>
   <div class='ocr_carea' id='block_1_53' title="bbox 1747 2447 3322 2507">
    <p class='ocr_par' dir='ltr' id='par_1_53' title="bbox 1747 2447 3322 2507">
     <span class='ocr_line' id='line_1_53' title="bbox 1747 2447 3322 2507; baseline -0.004 0"><span class='ocrx_word' id='word_1_360' title='bbox 1747 2467 1878 2507; x_wconf 89' lang='lat' dir='ltr'><strong>nere</strong></span> <span class='ocrx_word' id='word_1_361' title='bbox 1898 2451 2070 2506; x_wconf 89' lang='lat' dir='ltr'><strong>imum</strong></span> <span class='ocrx_word' id='word_1_362' title='bbox 2102 2451 2226 2506; x_wconf 81' lang='lat' dir='ltr'><strong>cali</strong></span> <span class='ocrx_word' id='word_1_363' title='bbox 2259 2449 2501 2506; x_wconf 87' lang='lat' dir='ltr'><strong>Libram.</strong></span> <span class='ocrx_word' id='word_1_364' title='bbox 2534 2450 2737 2506; x_wconf 88' lang='lat' dir='ltr'><strong>Eadem</strong></span> <span class='ocrx_word' id='word_1_365' title='bbox 2782 2457 2868 2505; x_wconf 91' lang='lat' dir='ltr'><strong>est</strong></span> <span class='ocrx_word' id='word_1_366' title='bbox 2919 2450 3062 2505; x_wconf 83' lang='lat' dir='ltr'><strong>ratio</strong></span> <span class='ocrx_word' id='word_1_367' title='bbox 3100 2448 3154 2504; x_wconf 90' lang='lat' dir='ltr'><strong>in</strong></span> <span class='ocrx_word' id='word_1_368' title='bbox 3188 2447 3322 2503; x_wconf 81' lang='lat' dir='ltr'><strong>reli-</strong></span> 
     </span>
    </p>
   </div>
   <div class='ocr_carea' id='block_1_54' title="bbox 1750 2539 3323 2615">
    <p class='ocr_par' dir='ltr' id='par_1_54' title="bbox 1750 2539 3323 2615">
     <span class='ocr_line' id='line_1_54' title="bbox 1750 2539 3323 2615; baseline -0.005 -15"><span class='ocrx_word' id='word_1_369' title='bbox 1750 2544 1874 2615; x_wconf 86' lang='lat' dir='ltr'><strong>quis</strong></span> <span class='ocrx_word' id='word_1_370' title='bbox 1908 2544 2214 2615; x_wconf 87' lang='lat' dir='ltr'><strong>quadratis.</strong></span> <span class='ocrx_word' id='word_1_371' title='bbox 2241 2542 2357 2598; x_wconf 85' lang='lat' dir='ltr'><strong>Hoc</strong></span> <span class='ocrx_word' id='word_1_372' title='bbox 2412 2550 2749 2614; x_wconf 86' lang='lat' dir='ltr'><strong>praceptum</strong></span> <span class='ocrx_word' id='word_1_373' title='bbox 2778 2558 2905 2598; x_wconf 90' lang='lat' dir='ltr'><strong>cum</strong></span> <span class='ocrx_word' id='word_1_374' title='bbox 2936 2543 3149 2612; x_wconf 79' lang='lat' dir='ltr'><strong>integre</strong></span> <span class='ocrx_word' id='word_1_375' title='bbox 3185 2539 3323 2594; x_wconf 87' lang='lat' dir='ltr'><strong>dici-</strong></span> 
     </span>
    </p>
   </div>
   <div class='ocr_carea' id='block_1_55' title="bbox 1752 2631 3324 2705">
    <p class='ocr_par' dir='ltr' id='par_1_55' title="bbox 1752 2631 3324 2705">
     <span class='ocr_line' id='line_1_55' title="bbox 1752 2631 3324 2705; baseline -0.004 -15"><span class='ocrx_word' id='word_1_376' title='bbox 1752 2648 1862 2700; x_wconf 90' lang='lat' dir='ltr'><strong>tur,</strong></span> <span class='ocrx_word' id='word_1_377' title='bbox 1896 2644 2109 2691; x_wconf 89' lang='lat' dir='ltr'><strong>tantum</strong></span> <span class='ocrx_word' id='word_1_378' title='bbox 2141 2636 2196 2690; x_wconf 91' lang='lat' dir='ltr'><strong>in</strong></span> <span class='ocrx_word' id='word_1_379' title='bbox 2236 2650 2348 2691; x_wconf 92' lang='lat' dir='ltr'><strong>uno</strong></span> <span class='ocrx_word' id='word_1_380' title='bbox 2384 2635 2674 2705; x_wconf 87' lang='lat' dir='ltr'><strong>quadrato,</strong></span> <span class='ocrx_word' id='word_1_381' title='bbox 2697 2633 2843 2704; x_wconf 82' lang='lat' dir='ltr'><strong>quod</strong></span> <span class='ocrx_word' id='word_1_382' title='bbox 2886 2634 2942 2688; x_wconf 91' lang='lat' dir='ltr'><strong>in</strong></span> <span class='ocrx_word' id='word_1_383' title='bbox 2982 2648 3040 2688; x_wconf 89' lang='lat' dir='ltr'><strong>se</strong></span> <span class='ocrx_word' id='word_1_384' title='bbox 3081 2631 3324 2686; x_wconf 82' lang='lat' dir='ltr'><strong>continet</strong></span> 
     </span>
    </p>
   </div>
   <div class='ocr_carea' id='block_1_56' title="bbox 1750 2725 3322 2797">
    <p class='ocr_par' dir='ltr' id='par_1_56' title="bbox 1750 2725 3322 2797">
     <span class='ocr_line' id='line_1_56' title="bbox 1750 2725 3322 2797; baseline -0.004 -17"><span class='ocrx_word' id='word_1_385' title='bbox 1750 2734 1953 2797; x_wconf 89' lang='lat' dir='ltr'><strong>puncta</strong></span> <span class='ocrx_word' id='word_1_386' title='bbox 1981 2726 2298 2781; x_wconf 86' lang='lat' dir='ltr'><strong>solstitialia</strong></span> <span class='ocrx_word' id='word_1_387' title='bbox 2332 2735 2385 2782; x_wconf 91' lang='lat' dir='ltr'><strong>et</strong></span> <span class='ocrx_word' id='word_1_388' title='bbox 2421 2725 2829 2795; x_wconf 85' lang='lat' dir='ltr'><strong>aquinoctialia</strong></span> <span class='ocrx_word' id='word_1_389' title='bbox 2851 2765 2868 2791; x_wconf 91' lang='lat'><strong>,</strong></span> <span class='ocrx_word' id='word_1_390' title='bbox 2904 2729 3167 2793; x_wconf 75' lang='lat' dir='ltr'><strong>congruet</strong></span> <span class='ocrx_word' id='word_1_391' title='bbox 3194 2736 3322 2776; x_wconf 87' lang='lat' dir='ltr'><strong>cum</strong></span> 
     </span>
    </p>
   </div>
   <div class='ocr_carea' id='block_1_57' title="bbox 1751 2813 3304 2889">
    <p class='ocr_par' dir='ltr' id='par_1_57' title="bbox 1751 2813 3304 2889">
     <span class='ocr_line' id='line_1_57' title="bbox 1751 2813 3304 2889; baseline -0.006 -15"><span class='ocrx_word' id='word_1_392' title='bbox 1751 2834 1818 2874; x_wconf 90' lang='lat' dir='ltr'><strong>eo</strong></span> <span class='ocrx_word' id='word_1_393' title='bbox 1849 2819 1994 2889; x_wconf 92' lang='lat' dir='ltr'><strong>quod</strong></span> <span class='ocrx_word' id='word_1_394' title='bbox 2024 2825 2252 2889; x_wconf 82' lang='lat' dir='ltr'><strong>apparet</strong></span> <span class='ocrx_word' id='word_1_395' title='bbox 2292 2835 2306 2872; x_wconf 91' lang='lat'>:</span> <span class='ocrx_word' id='word_1_396' title='bbox 2341 2825 2397 2871; x_wconf 91' lang='lat' dir='ltr'><strong>at</strong></span> <span class='ocrx_word' id='word_1_397' title='bbox 2427 2816 2685 2872; x_wconf 82' lang='lat' dir='ltr'><strong>dissentit</strong></span> <span class='ocrx_word' id='word_1_398' title='bbox 2710 2817 2757 2872; x_wconf 89' lang='lat' dir='ltr'><strong>si</strong></span> <span class='ocrx_word' id='word_1_399' title='bbox 2777 2822 2951 2872; x_wconf 88' lang='lat' dir='ltr'><strong>totum</strong></span> <span class='ocrx_word' id='word_1_400' title='bbox 2975 2815 3075 2870; x_wconf 88' lang='lat' dir='ltr'><strong>hoc</strong></span> <span class='ocrx_word' id='word_1_401' title='bbox 3092 2813 3304 2884; x_wconf 77' lang='lat' dir='ltr'><strong>quadra</strong></span> 
     </span>
    </p>
   </div>
   <div class='ocr_carea' id='block_1_58' title="bbox 1753 2905 3325 2979">
    <p class='ocr_par' dir='ltr' id='par_1_58' title="bbox 1753 2905 3325 2979">
     <span class='ocr_line' id='line_1_58' title="bbox 1753 2905 3325 2979; baseline -0.004 -16"><span class='ocrx_word' id='word_1_402' title='bbox 1753 2918 1867 2965; x_wconf 85' lang='lat' dir='ltr'><strong>tum</strong></span> <span class='ocrx_word' id='word_1_403' title='bbox 1899 2910 2174 2966; x_wconf 86' lang='lat' dir='ltr'><strong>subtiliter</strong></span> <span class='ocrx_word' id='word_1_404' title='bbox 2205 2909 2608 2968; x_wconf 84' lang='lat' dir='ltr'><strong>consideretur.</strong></span> <span class='ocrx_word' id='word_1_405' title='bbox 2635 2907 2960 2979; x_wconf 88' lang='lat' dir='ltr'><strong>Capricorni</strong></span> <span class='ocrx_word' id='word_1_406' title='bbox 2978 2906 3121 2961; x_wconf 89' lang='lat' dir='ltr'><strong>enim</strong></span> <span class='ocrx_word' id='word_1_407' title='bbox 3148 2905 3325 2975; x_wconf 88' lang='lat' dir='ltr'><strong>primo</strong></span> 
     </span>
    </p>
   </div>
   <div class='ocr_carea' id='block_1_59' title="bbox 1754 2996 3325 3076">
    <p class='ocr_par' dir='ltr' id='par_1_59' title="bbox 1754 2996 3325 3076">
     <span class='ocr_line' id='line_1_59' title="bbox 1754 2996 3325 3076; baseline -0.006 -18"><span class='ocrx_word' id='word_1_408' title='bbox 1754 3004 1927 3076; x_wconf 77' lang='lat' dir='ltr'><strong>gradu</strong></span> <span class='ocrx_word' id='word_1_409' title='bbox 1978 3003 2286 3068; x_wconf 90' lang='lat' dir='ltr'><strong>occidente,</strong></span> <span class='ocrx_word' id='word_1_410' title='bbox 2325 3001 2530 3057; x_wconf 85' lang='lat' dir='ltr'><strong>Arietis</strong></span> <span class='ocrx_word' id='word_1_411' title='bbox 2569 3001 2782 3071; x_wconf 88' lang='lat' dir='ltr'><strong>primus</strong></span> <span class='ocrx_word' id='word_1_412' title='bbox 2837 2998 3038 3070; x_wconf 75' lang='lat' dir='ltr'><strong>gradus</strong></span> <span class='ocrx_word' id='word_1_413' title='bbox 3085 2996 3325 3051; x_wconf 88' lang='lat' dir='ltr'><strong>medium</strong></span> 
     </span>
    </p>
   </div>
   <div class='ocr_carea' id='block_1_60' title="bbox 103 3088 1654 3192">
    <p class='ocr_par' dir='ltr' id='par_1_60' title="bbox 103 3088 1653 3186">
     <span class='ocr_line' id='line_1_60' title="bbox 103 3088 1653 3186; baseline -0.014 -16"><span class='ocrx_word' id='word_1_414' title='bbox 103 3088 224 3179; x_wconf 52' lang='grc' dir='ltr'>λίνος</span> <span class='ocrx_word' id='word_1_415' title='bbox 263 3116 318 3168; x_wconf 80' lang='grc' dir='ltr'>δὲ</span> <span class='ocrx_word' id='word_1_416' title='bbox 607 3111 773 3182; x_wconf 79' lang='grc' dir='ltr'>μοίρᾳ.</span> <span class='ocrx_word' id='word_1_417' title='bbox 817 3106 1128 3162; x_wconf 78' lang='grc' dir='ltr'>ἀνατέλλει·</span> <span class='ocrx_word' id='word_1_418' title='bbox 1164 3102 1334 3172; x_wconf 85' lang='grc' dir='ltr'>Ζυγὺς</span> <span class='ocrx_word' id='word_1_419' title='bbox 1371 3100 1429 3154; x_wconf 85' lang='grc' dir='ltr'>δὲ</span> <span class='ocrx_word' id='word_1_420' title='bbox 1463 3097 1653 3171; x_wconf 77' lang='grc' dir='ltr'>πρώτῃ</span> 
     </span>
    </p>
   </div>
   <div class='ocr_carea' id='block_1_61' title="bbox 1767 3088 3329 3192">
    <p class='ocr_par' dir='ltr' id='par_1_61' title="bbox 1767 3088 3329 3167">
     <span class='ocr_line' id='line_1_61' title="bbox 1767 3088 3329 3167; baseline -0.007 -14"><span class='ocrx_word' id='word_1_421' title='bbox 1767 3099 1884 3154; x_wconf 76' lang='lat' dir='ltr'><strong>cali</strong></span> <span class='ocrx_word' id='word_1_422' title='bbox 1908 3098 2150 3153; x_wconf 85' lang='lat' dir='ltr'><strong>tenebit:</strong></span> <span class='ocrx_word' id='word_1_423' title='bbox 2182 3096 2397 3153; x_wconf 86' lang='lat' dir='ltr'><strong>Cancer</strong></span> <span class='ocrx_word' id='word_1_424' title='bbox 2423 3111 2524 3153; x_wconf 86' lang='lat' dir='ltr'><strong>suo</strong></span> <span class='ocrx_word' id='word_1_425' title='bbox 2557 3096 2737 3167; x_wconf 89' lang='lat' dir='ltr'><strong>primo</strong></span> <span class='ocrx_word' id='word_1_426' title='bbox 2766 3093 2939 3166; x_wconf 78' lang='lat' dir='ltr'><strong>gradu</strong></span> <span class='ocrx_word' id='word_1_427' title='bbox 2961 3091 3203 3147; x_wconf 91' lang='lat' dir='ltr'><strong>orietur:</strong></span> <span class='ocrx_word' id='word_1_428' title='bbox 3239 3088 3329 3144; x_wconf 85' lang='lat' dir='ltr'><strong>Li-</strong></span> 
     </span>
    </p>
   </div>
   <div class='ocr_carea' id='block_1_62' title="bbox 108 3179 1654 3279">
    <p class='ocr_par' dir='ltr' id='par_1_62' title="bbox 108 3179 1654 3279">
     <span class='ocr_line' id='line_1_62' title="bbox 108 3179 1654 3279; baseline -0.014 -16"><span class='ocrx_word' id='word_1_429' title='bbox 108 3208 241 3279; x_wconf 75' lang='grc' dir='ltr'>μοίρᾳ</span> <span class='ocrx_word' id='word_1_430' title='bbox 268 3207 372 3262; x_wconf 82' lang='grc' dir='ltr'>ὑπὸ</span> <span class='ocrx_word' id='word_1_431' title='bbox 394 3179 503 3277; x_wconf 75' lang='grc' dir='ltr'><strong>γῆν</strong></span> <span class='ocrx_word' id='word_1_432' title='bbox 534 3179 949 3275; x_wconf 74' lang='grc' dir='ltr'>μεσουρανήσει.</span> <span class='ocrx_word' id='word_1_433' title='bbox 979 3197 1115 3251; x_wconf 84' lang='grc' dir='ltr'>Τότε</span> <span class='ocrx_word' id='word_1_434' title='bbox 1142 3194 1252 3265; x_wconf 81' lang='grc' dir='ltr'>γὰρ</span> <span class='ocrx_word' id='word_1_435' title='bbox 1288 3193 1317 3244; x_wconf 86' lang='grc' dir='ltr'><strong>ό</strong></span> <span class='ocrx_word' id='word_1_436' title='bbox 1356 3190 1446 3245; x_wconf 85' lang='grc' dir='ltr'>διὰ</span> <span class='ocrx_word' id='word_1_437' title='bbox 1478 3190 1654 3262; x_wconf 81' lang='grc' dir='ltr'>μέσων</span> 
     </span>
    </p>
   </div>
   <div class='ocr_carea' id='block_1_63' title="bbox 1767 3179 3326 3279">
    <p class='ocr_par' dir='ltr' id='par_1_63' title="bbox 1767 3179 3326 3261">
     <span class='ocr_line' id='line_1_63' title="bbox 1767 3179 3326 3261; baseline -0.008 -16"><span class='ocrx_word' id='word_1_438' title='bbox 1767 3192 1859 3247; x_wconf 84' lang='lat' dir='ltr'><strong>bra</strong></span> <span class='ocrx_word' id='word_1_439' title='bbox 1892 3205 2023 3246; x_wconf 85' lang='lat' dir='ltr'><strong>vero</strong></span> <span class='ocrx_word' id='word_1_440' title='bbox 2053 3206 2156 3245; x_wconf 87' lang='lat' dir='ltr'><strong>suo</strong></span> <span class='ocrx_word' id='word_1_441' title='bbox 2204 3191 2382 3261; x_wconf 89' lang='lat' dir='ltr'><strong>primo</strong></span> <span class='ocrx_word' id='word_1_442' title='bbox 2425 3186 2601 3260; x_wconf 71' lang='lat' dir='ltr'><strong>gradu</strong></span> <span class='ocrx_word' id='word_1_443' title='bbox 2639 3186 2811 3241; x_wconf 86' lang='lat' dir='ltr'><strong>imum</strong></span> <span class='ocrx_word' id='word_1_444' title='bbox 2851 3183 2977 3239; x_wconf 77' lang='lat' dir='ltr'><strong>cali</strong></span> <span class='ocrx_word' id='word_1_445' title='bbox 3018 3179 3326 3251; x_wconf 87' lang='lat' dir='ltr'><strong>occupabit.</strong></span> 
     </span>
    </p>
   </div>
   <div class='ocr_carea' id='block_1_64' title="bbox 104 3284 1658 3365">
    <p class='ocr_par' dir='ltr' id='par_1_64' title="bbox 104 3284 1658 3365">
     <span class='ocr_line' id='line_1_64' title="bbox 104 3284 1658 3365; baseline -0.014 -10"><span class='ocrx_word' id='word_1_446' title='bbox 104 3297 193 3354; x_wconf 69' lang='grc' dir='ltr'><strong>τῶν</strong></span> <span class='ocrx_word' id='word_1_447' title='bbox 214 3299 410 3365; x_wconf 82' lang='grc' dir='ltr'>ζωδίων</span> <span class='ocrx_word' id='word_1_448' title='bbox 445 3294 645 3357; x_wconf 86' lang='grc' dir='ltr'>κύκλος</span> <span class='ocrx_word' id='word_1_449' title='bbox 688 3295 769 3357; x_wconf 80' lang='grc' dir='ltr'>εἰς</span> <span class='ocrx_word' id='word_1_450' title='bbox 805 3290 1047 3361; x_wconf 78' lang='grc' dir='ltr'>τέσσαρα</span> <span class='ocrx_word' id='word_1_451' title='bbox 1079 3286 1219 3359; x_wconf 75' lang='grc' dir='ltr'>μέρη</span> <span class='ocrx_word' id='word_1_452' title='bbox 1253 3285 1345 3337; x_wconf 77' lang='grc' dir='ltr'>ἴσα</span> <span class='ocrx_word' id='word_1_453' title='bbox 1373 3284 1658 3353; x_wconf 79' lang='grc' dir='ltr'>διαιρεῖται</span> 
     </span>
    </p>
   </div>
   <div class='ocr_carea' id='block_1_65' title="bbox 105 3373 1661 3460">
    <p class='ocr_par' dir='ltr' id='par_1_65' title="bbox 105 3373 1661 3460">
     <span class='ocr_line' id='line_1_65' title="bbox 105 3373 1661 3460; baseline -0.012 -13"><span class='ocrx_word' id='word_1_454' title='bbox 105 3390 193 3446; x_wconf 71' lang='grc' dir='ltr'>ὑπὸ</span> <span class='ocrx_word' id='word_1_455' title='bbox 210 3392 311 3446; x_wconf 78' lang='grc' dir='ltr'>τῶν</span> <span class='ocrx_word' id='word_1_456' title='bbox 353 3390 630 3460; x_wconf 84' lang='grc' dir='ltr'>κολούρων</span> <span class='ocrx_word' id='word_1_457' title='bbox 659 3385 902 3440; x_wconf 88' lang='grc' dir='ltr'>κύκλων·</span> <span class='ocrx_word' id='word_1_458' title='bbox 931 3382 1072 3436; x_wconf 82' lang='grc' dir='ltr'>ὥστε</span> <span class='ocrx_word' id='word_1_459' title='bbox 1119 3382 1233 3434; x_wconf 75' lang='grc' dir='ltr'>ἴσον</span> <span class='ocrx_word' id='word_1_460' title='bbox 1276 3373 1415 3432; x_wconf 80' lang='grc' dir='ltr'>εἶναι</span> <span class='ocrx_word' id='word_1_461' title='bbox 1456 3376 1519 3429; x_wconf 83' lang='grc' dir='ltr'><strong>τὸ</strong></span> <span class='ocrx_word' id='word_1_462' title='bbox 1550 3375 1661 3429; x_wconf 75' lang='grc' dir='ltr'>ἀπὸ</span> 
     </span>
    </p>
   </div>
   <div class='ocr_carea' id='block_1_66' title="bbox 109 3464 1657 3556">
    <p class='ocr_par' dir='ltr' id='par_1_66' title="bbox 109 3464 1657 3556">
     <span class='ocr_line' id='line_1_66' title="bbox 109 3464 1657 3556; baseline -0.015 -15"><span class='ocrx_word' id='word_1_463' title='bbox 109 3485 187 3555; x_wconf 70' lang='grc' dir='ltr'><strong>τῆς</strong></span> <span class='ocrx_word' id='word_1_464' title='bbox 235 3483 681 3556; x_wconf 83' lang='grc' dir='ltr'>μεσουρανήσεως</span> <span class='ocrx_word' id='word_1_465' title='bbox 724 3477 861 3549; x_wconf 74' lang='grc' dir='ltr'>πρὸς</span> <span class='ocrx_word' id='word_1_466' title='bbox 912 3472 1176 3542; x_wconf 77' lang='grc' dir='ltr'>ἀνατολὴν</span> <span class='ocrx_word' id='word_1_467' title='bbox 1225 3470 1319 3524; x_wconf 81' lang='grc' dir='ltr'><strong>καὶ</strong></span> <span class='ocrx_word' id='word_1_468' title='bbox 1370 3468 1520 3521; x_wconf 90' lang='grc' dir='ltr'>δύσιν</span> <span class='ocrx_word' id='word_1_469' title='bbox 1564 3464 1657 3519; x_wconf 89' lang='grc' dir='ltr'><strong>τοῦ</strong></span> 
     </span>
    </p>
   </div>
   <div class='ocr_carea' id='block_1_67' title="bbox 110 3557 1660 3640">
    <p class='ocr_par' dir='ltr' id='par_1_67' title="bbox 110 3557 1660 3640">
     <span class='ocr_line' id='line_1_67' title="bbox 110 3557 1660 3640; baseline -0.011 -16"><span class='ocrx_word' id='word_1_470' title='bbox 110 3572 342 3637; x_wconf 83' lang='grc' dir='ltr'>ζωδιακοῦ</span> <span class='ocrx_word' id='word_1_471' title='bbox 393 3570 700 3640; x_wconf 83' lang='grc' dir='ltr'>διάστημα·</span> <span class='ocrx_word' id='word_1_472' title='bbox 750 3566 1006 3636; x_wconf 78' lang='grc' dir='ltr'>ἑκάτερον</span> <span class='ocrx_word' id='word_1_473' title='bbox 1064 3561 1174 3633; x_wconf 81' lang='grc' dir='ltr'>γὰρ</span> <span class='ocrx_word' id='word_1_474' title='bbox 1218 3558 1397 3613; x_wconf 81' lang='grc' dir='ltr'>αὐτῶν</span> <span class='ocrx_word' id='word_1_475' title='bbox 1452 3557 1660 3624; x_wconf 88' lang='grc' dir='ltr'>γίνεται</span> 
     </span>
    </p>
   </div>
   <div class='ocr_carea' id='block_1_68' title="bbox 112 3646 1661 3736">
    <p class='ocr_par' dir='ltr' id='par_1_68' title="bbox 112 3646 1661 3736">
     <span class='ocr_line' id='line_1_68' title="bbox 112 3646 1661 3736; baseline -0.013 -17"><span class='ocrx_word' id='word_1_476' title='bbox 112 3663 287 3728; x_wconf 77' lang='grc' dir='ltr'>ζωδίων</span> <span class='ocrx_word' id='word_1_477' title='bbox 318 3662 509 3736; x_wconf 82' lang='grc' dir='ltr'>τριῶν.</span> <span class='ocrx_word' id='word_1_478' title='bbox 557 3662 647 3714; x_wconf 86' lang='grc' dir='ltr'>Ἐν</span> <span class='ocrx_word' id='word_1_479' title='bbox 692 3659 750 3713; x_wconf 80' lang='grc' dir='ltr'><strong>δὲ</strong></span> <span class='ocrx_word' id='word_1_480' title='bbox 780 3659 901 3719; x_wconf 87' lang='grc' dir='ltr'>ταῖς</span> <span class='ocrx_word' id='word_1_481' title='bbox 932 3655 1144 3716; x_wconf 82' lang='grc' dir='ltr'>λοιπαῖς</span> <span class='ocrx_word' id='word_1_482' title='bbox 1189 3651 1408 3705; x_wconf 81' lang='grc' dir='ltr'>στάσεσι</span> <span class='ocrx_word' id='word_1_483' title='bbox 1444 3646 1536 3701; x_wconf 87' lang='grc' dir='ltr'><strong>τοῦ</strong></span> <span class='ocrx_word' id='word_1_484' title='bbox 1575 3663 1661 3700; x_wconf 89' lang='grc' dir='ltr'>τε-</span> 
     </span>
    </p>
   </div>
   <div class='ocr_carea' id='block_1_69' title="bbox 111 3735 1660 3824">
    <p class='ocr_par' dir='ltr' id='par_1_69' title="bbox 111 3735 1660 3824">
     <span class='ocr_line' id='line_1_69' title="bbox 111 3735 1660 3824; baseline -0.012 -18"><span class='ocrx_word' id='word_1_485' title='bbox 111 3735 363 3824; x_wconf 76' lang='grc' dir='ltr'>τραγώνου</span> <span class='ocrx_word' id='word_1_486' title='bbox 377 3754 570 3809; x_wconf 83' lang='grc' dir='ltr'>τούτου</span> <span class='ocrx_word' id='word_1_487' title='bbox 601 3748 696 3803; x_wconf 75' lang='grc' dir='ltr'><strong>καὶ</strong></span> <span class='ocrx_word' id='word_1_488' title='bbox 734 3746 843 3801; x_wconf 84' lang='grc' dir='ltr'>τῶν</span> <span class='ocrx_word' id='word_1_489' title='bbox 863 3742 1064 3798; x_wconf 86' lang='grc' dir='ltr'>λοιπῶν</span> <span class='ocrx_word' id='word_1_490' title='bbox 1096 3742 1156 3795; x_wconf 82' lang='grc' dir='ltr'><strong>ού</strong></span> <span class='ocrx_word' id='word_1_491' title='bbox 1189 3738 1474 3811; x_wconf 81' lang='grc' dir='ltr'>συμϐαίνει</span> <span class='ocrx_word' id='word_1_492' title='bbox 1511 3738 1590 3801; x_wconf 85' lang='grc' dir='ltr'><strong>είς</strong></span> <span class='ocrx_word' id='word_1_493' title='bbox 1619 3735 1660 3789; x_wconf 86' lang='grc' dir='ltr'>δ’</span> 
     </span>
    </p>
   </div>
   <div class='ocr_carea' id='block_1_70' title="bbox 117 3827 1663 3920">
    <p class='ocr_par' dir='ltr' id='par_1_70' title="bbox 117 3827 1663 3920">
     <span class='ocr_line' id='line_1_70' title="bbox 117 3827 1663 3920; baseline -0.016 -15"><span class='ocrx_word' id='word_1_494' title='bbox 117 3847 234 3919; x_wconf 78' lang='grc' dir='ltr'>μέρη</span> <span class='ocrx_word' id='word_1_495' title='bbox 247 3850 333 3903; x_wconf 81' lang='grc' dir='ltr'><strong>ῐσα</strong></span> <span class='ocrx_word' id='word_1_496' title='bbox 344 3842 675 3920; x_wconf 80' lang='grc' dir='ltr'>διαιρεῖσθαι</span> <span class='ocrx_word' id='word_1_497' title='bbox 699 3840 790 3894; x_wconf 84' lang='grc' dir='ltr'><strong>τὸν</strong></span> <span class='ocrx_word' id='word_1_498' title='bbox 809 3836 1069 3903; x_wconf 81' lang='grc' dir='ltr'>ζωδιακὸν</span> <span class='ocrx_word' id='word_1_499' title='bbox 1086 3833 1305 3892; x_wconf 85' lang='grc' dir='ltr'>κύκλον.</span> <span class='ocrx_word' id='word_1_500' title='bbox 1323 3829 1422 3883; x_wconf 83' lang='grc' dir='ltr'>Διὰ</span> <span class='ocrx_word' id='word_1_501' title='bbox 1434 3828 1491 3883; x_wconf 80' lang='grc' dir='ltr'><strong>δὲ</strong></span> <span class='ocrx_word' id='word_1_502' title='bbox 1504 3827 1663 3882; x_wconf 86' lang='grc' dir='ltr'>τοῦτο</span> 
     </span>
    </p>
   </div>
   <div class='ocr_carea' id='block_1_71' title="bbox 115 3921 1663 3999">
    <p class='ocr_par' dir='ltr' id='par_1_71' title="bbox 115 3921 1663 3999">
     <span class='ocr_line' id='line_1_71' title="bbox 115 3921 1663 3999; baseline -0.013 -8"><span class='ocrx_word' id='word_1_503' title='bbox 115 3939 196 3993; x_wconf 79' lang='grc' dir='ltr'>οὐκ</span> <span class='ocrx_word' id='word_1_504' title='bbox 222 3940 328 3994; x_wconf 71' lang='grc' dir='ltr'>ἔστι</span> <span class='ocrx_word' id='word_1_505' title='bbox 357 3939 445 3994; x_wconf 83' lang='grc' dir='ltr'>διὰ</span> <span class='ocrx_word' id='word_1_506' title='bbox 474 3936 676 3996; x_wconf 81' lang='grc' dir='ltr'>παντὸς</span> <span class='ocrx_word' id='word_1_507' title='bbox 714 3932 827 3985; x_wconf 88' lang='grc' dir='ltr'>ῐσον</span> <span class='ocrx_word' id='word_1_508' title='bbox 854 3929 917 3983; x_wconf 81' lang='grc' dir='ltr'><strong>τὸ</strong></span> <span class='ocrx_word' id='word_1_509' title='bbox 943 3927 1051 3983; x_wconf 82' lang='grc' dir='ltr'>ἀπὸ</span> <span class='ocrx_word' id='word_1_510' title='bbox 1084 3926 1185 3995; x_wconf 85' lang='grc' dir='ltr'><strong>τῆς</strong></span> <span class='ocrx_word' id='word_1_511' title='bbox 1219 3921 1663 3999; x_wconf 81' lang='grc' dir='ltr'>μεσουρανήσεως</span> 
     </span>
    </p>
   </div>
   <div class='ocr_carea' id='block_1_72' title="bbox 117 4016 1661 4106">
    <p class='ocr_par' dir='ltr' id='par_1_72' title="bbox 117 4016 1661 4106">
     <span class='ocr_line' id='line_1_72' title="bbox 117 4016 1661 4106; baseline -0.01 -19"><span class='ocrx_word' id='word_1_512' title='bbox 117 4036 227 4106; x_wconf 75' lang='grc' dir='ltr'>πρὸς</span> <span class='ocrx_word' id='word_1_513' title='bbox 258 4035 519 4105; x_wconf 83' lang='grc' dir='ltr'>ἀνατολὴν</span> <span class='ocrx_word' id='word_1_514' title='bbox 553 4031 651 4086; x_wconf 73' lang='grc' dir='ltr'><strong>καὶ</strong></span> <span class='ocrx_word' id='word_1_515' title='bbox 672 4027 810 4100; x_wconf 80' lang='grc' dir='ltr'>πρὸς</span> <span class='ocrx_word' id='word_1_516' title='bbox 835 4026 936 4096; x_wconf 80' lang='grc' dir='ltr'><strong>τὴν</strong></span> <span class='ocrx_word' id='word_1_517' title='bbox 963 4022 1113 4077; x_wconf 89' lang='grc' dir='ltr'>δύσιν</span> <span class='ocrx_word' id='word_1_518' title='bbox 1132 4022 1424 4091; x_wconf 81' lang='grc' dir='ltr'>διάστημα,</span> <span class='ocrx_word' id='word_1_519' title='bbox 1450 4019 1544 4072; x_wconf 75' lang='grc' dir='ltr'>ἐπὶ</span> <span class='ocrx_word' id='word_1_520' title='bbox 1567 4016 1661 4072; x_wconf 89' lang='grc' dir='ltr'><strong>τοῦ</strong></span> 
     </span>
    </p>
   </div>
   <div class='ocr_carea' id='block_1_73' title="bbox 119 4111 1659 4192">
    <p class='ocr_par' dir='ltr' id='par_1_73' title="bbox 119 4111 1659 4192">
     <span class='ocr_line' id='line_1_73' title="bbox 119 4111 1659 4192; baseline -0.014 -8"><span class='ocrx_word' id='word_1_521' title='bbox 119 4127 348 4191; x_wconf 79' lang='grc' dir='ltr'>ζωδιακοῦ</span> <span class='ocrx_word' id='word_1_522' title='bbox 382 4126 588 4181; x_wconf 85' lang='grc' dir='ltr'>κύκλου</span> <span class='ocrx_word' id='word_1_523' title='bbox 631 4117 1060 4192; x_wconf 84' lang='grc' dir='ltr'>λαμϐανομένων</span> <span class='ocrx_word' id='word_1_524' title='bbox 1108 4114 1217 4170; x_wconf 85' lang='grc' dir='ltr'>τῶν</span> <span class='ocrx_word' id='word_1_525' title='bbox 1261 4111 1659 4183; x_wconf 85' lang='grc' dir='ltr'>διαστημάτων.</span> 
     </span>
    </p>
   </div>
   <div class='ocr_carea' id='block_1_74' title="bbox 119 4205 1666 4293">
    <p class='ocr_par' dir='ltr' id='par_1_74' title="bbox 119 4205 1666 4293">
     <span class='ocr_line' id='line_1_74' title="bbox 119 4205 1666 4293; baseline -0.01 -18"><span class='ocrx_word' id='word_1_526' title='bbox 119 4221 250 4274; x_wconf 72' lang='grc' dir='ltr'>Κατὰ.</span> <span class='ocrx_word' id='word_1_527' title='bbox 279 4222 373 4293; x_wconf 82' lang='grc' dir='ltr'>μὲν</span> <span class='ocrx_word' id='word_1_528' title='bbox 396 4219 509 4291; x_wconf 80' lang='grc' dir='ltr'><strong>γὰρ</strong></span> <span class='ocrx_word' id='word_1_529' title='bbox 535 4212 881 4286; x_wconf 84' lang='grc' dir='ltr'>παράλληλον</span> <span class='ocrx_word' id='word_1_530' title='bbox 895 4210 1114 4274; x_wconf 83' lang='grc' dir='ltr'>κύκλον,</span> <span class='ocrx_word' id='word_1_531' title='bbox 1135 4210 1248 4264; x_wconf 75' lang='grc' dir='ltr'>ἴσον</span> <span class='ocrx_word' id='word_1_532' title='bbox 1276 4208 1394 4261; x_wconf 77' lang='grc' dir='ltr'>ἐστὶ</span> <span class='ocrx_word' id='word_1_533' title='bbox 1420 4205 1511 4261; x_wconf 84' lang='grc' dir='ltr'>διὰ</span> <span class='ocrx_word' id='word_1_534' title='bbox 1535 4220 1666 4260; x_wconf 81' lang='grc' dir='ltr'>παν·</span> 
     </span>
    </p>
   </div>
   <div class='ocr_carea' id='block_1_75' title="bbox 120 4297 1665 4379">
    <p class='ocr_par' dir='ltr' id='par_1_75' title="bbox 120 4297 1665 4379">
     <span class='ocr_line' id='line_1_75' title="bbox 120 4297 1665 4379; baseline -0.01 -14"><span class='ocrx_word' id='word_1_535' title='bbox 120 4312 193 4376; x_wconf 73' lang='grc' dir='ltr'><strong>τδς</strong></span> <span class='ocrx_word' id='word_1_536' title='bbox 221 4314 276 4367; x_wconf 73' lang='grc' dir='ltr'>τὸ</span> <span class='ocrx_word' id='word_1_537' title='bbox 305 4313 411 4367; x_wconf 82' lang='grc' dir='ltr'><strong>ἀπὸ</strong></span> <span class='ocrx_word' id='word_1_538' title='bbox 453 4311 556 4379; x_wconf 90' lang='grc' dir='ltr'><strong>τῆς</strong></span> <span class='ocrx_word' id='word_1_539' title='bbox 602 4304 1052 4379; x_wconf 55' lang='grc' dir='ltr'>μσουρανήσεως</span> <span class='ocrx_word' id='word_1_540' title='bbox 1088 4300 1224 4372; x_wconf 82' lang='grc' dir='ltr'>πρὸς</span> <span class='ocrx_word' id='word_1_541' title='bbox 1270 4297 1529 4370; x_wconf 74' lang='grc' dir='ltr'>ἀνατολὴν</span> <span class='ocrx_word' id='word_1_542' title='bbox 1570 4297 1665 4350; x_wconf 70' lang='grc' dir='ltr'>καὶ</span> 
     </span>
    </p>
   </div>
   <div class='ocr_carea' id='block_1_76' title="bbox 122 4391 1664 4479">
    <p class='ocr_par' dir='ltr' id='par_1_76' title="bbox 122 4391 1664 4479">
     <span class='ocr_line' id='line_1_76' title="bbox 122 4391 1664 4479; baseline -0.011 -21"><span class='ocrx_word' id='word_1_543' title='bbox 122 4409 232 4479; x_wconf 72' lang='grc' dir='ltr'>πρὸς</span> <span class='ocrx_word' id='word_1_544' title='bbox 258 4407 351 4479; x_wconf 75' lang='grc' dir='ltr'>τὴν</span> <span class='ocrx_word' id='word_1_545' title='bbox 385 4405 537 4459; x_wconf 88' lang='grc' dir='ltr'>δύσιν</span> <span class='ocrx_word' id='word_1_546' title='bbox 568 4402 861 4477; x_wconf 85' lang='grc' dir='ltr'>διάστημα.</span> <span class='ocrx_word' id='word_1_547' title='bbox 895 4396 1055 4451; x_wconf 86' lang='grc' dir='ltr'>Ὅθεν</span> <span class='ocrx_word' id='word_1_548' title='bbox 1097 4396 1192 4449; x_wconf 76' lang='grc' dir='ltr'>καὶ</span> <span class='ocrx_word' id='word_1_549' title='bbox 1220 4392 1297 4464; x_wconf 84' lang='grc' dir='ltr'>τῷ</span> <span class='ocrx_word' id='word_1_550' title='bbox 1340 4391 1475 4463; x_wconf 77' lang='grc' dir='ltr'>ἡλίῳ</span> <span class='ocrx_word' id='word_1_551' title='bbox 1506 4406 1664 4462; x_wconf 79' lang='grc' dir='ltr'>φερο-</span> 
     </span>
    </p>
   </div>
   <div class='ocr_carea' id='block_1_77' title="bbox 1762 3269 3331 3351">
    <p class='ocr_par' dir='ltr' id='par_1_77' title="bbox 1762 3269 3331 3351">
     <span class='ocr_line' id='line_1_77' title="bbox 1762 3269 3331 3351; baseline -0.007 -16"><span class='ocrx_word' id='word_1_552' title='bbox 1762 3280 1917 3337; x_wconf 88' lang='lat' dir='ltr'><strong>Tunc</strong></span> <span class='ocrx_word' id='word_1_553' title='bbox 1947 3282 2094 3337; x_wconf 89' lang='lat' dir='ltr'><strong>enim</strong></span> <span class='ocrx_word' id='word_1_554' title='bbox 2122 3281 2376 3351; x_wconf 85' lang='lat' dir='ltr'><strong>ecliptica</strong></span> <span class='ocrx_word' id='word_1_555' title='bbox 2406 3279 2463 3334; x_wconf 91' lang='lat' dir='ltr'><strong>in</strong></span> <span class='ocrx_word' id='word_1_556' title='bbox 2494 3285 2737 3349; x_wconf 89' lang='lat' dir='ltr'><strong>quatuor</strong></span> <span class='ocrx_word' id='word_1_557' title='bbox 2763 3282 2948 3347; x_wconf 88' lang='lat' dir='ltr'><strong>partes</strong></span> <span class='ocrx_word' id='word_1_558' title='bbox 2976 3274 3213 3344; x_wconf 88' lang='lat' dir='ltr'><strong>aquales</strong></span> <span class='ocrx_word' id='word_1_559' title='bbox 3244 3269 3331 3325; x_wconf 88' lang='lat' dir='ltr'><strong>di-</strong></span> 
     </span>
    </p>
   </div>
   <div class='ocr_carea' id='block_1_78' title="bbox 1759 3363 3331 3432">
    <p class='ocr_par' dir='ltr' id='par_1_78' title="bbox 1759 3363 3331 3432">
     <span class='ocr_line' id='line_1_78' title="bbox 1759 3363 3331 3432; baseline -0.007 -4"><span class='ocrx_word' id='word_1_560' title='bbox 1759 3373 1964 3428; x_wconf 90' lang='lat' dir='ltr'><strong>viditur</strong></span> <span class='ocrx_word' id='word_1_561' title='bbox 1996 3388 2027 3427; x_wconf 85' lang='lat' dir='ltr'><strong>a</strong></span> <span class='ocrx_word' id='word_1_562' title='bbox 2055 3373 2261 3428; x_wconf 87' lang='lat' dir='ltr'><strong>coluris</strong></span> <span class='ocrx_word' id='word_1_563' title='bbox 2298 3371 2524 3427; x_wconf 88' lang='lat' dir='ltr'><strong>circulis</strong></span> <span class='ocrx_word' id='word_1_564' title='bbox 2552 3387 2565 3421; x_wconf 91' lang='lat'><strong>:</strong></span> <span class='ocrx_word' id='word_1_565' title='bbox 2597 3380 2659 3424; x_wconf 91' lang='lat' dir='ltr'><strong>ut</strong></span> <span class='ocrx_word' id='word_1_566' title='bbox 2706 3367 3052 3424; x_wconf 86' lang='lat' dir='ltr'><strong>intervallum</strong></span> <span class='ocrx_word' id='word_1_567' title='bbox 3096 3363 3331 3432; x_wconf 86' lang='lat' dir='ltr'><strong>zodiaci,</strong></span> 
     </span>
    </p>
   </div>
   <div class='ocr_carea' id='block_1_79' title="bbox 1762 3456 3333 3536">
    <p class='ocr_par' dir='ltr' id='par_1_79' title="bbox 1762 3456 3333 3536">
     <span class='ocr_line' id='line_1_79' title="bbox 1762 3456 3333 3536; baseline -0.008 -15"><span class='ocrx_word' id='word_1_568' title='bbox 1762 3466 1905 3536; x_wconf 88' lang='lat' dir='ltr'><strong>quod</strong></span> <span class='ocrx_word' id='word_1_569' title='bbox 1934 3473 2019 3521; x_wconf 91' lang='lat' dir='ltr'><strong>est</strong></span> <span class='ocrx_word' id='word_1_570' title='bbox 2048 3480 2080 3519; x_wconf 90' lang='lat' dir='ltr'><strong>a</strong></span> <span class='ocrx_word' id='word_1_571' title='bbox 2119 3465 2300 3520; x_wconf 91' lang='lat' dir='ltr'><strong>medio</strong></span> <span class='ocrx_word' id='word_1_572' title='bbox 2332 3463 2456 3518; x_wconf 73' lang='lat' dir='ltr'><strong>cali</strong></span> <span class='ocrx_word' id='word_1_573' title='bbox 2482 3462 2548 3518; x_wconf 89' lang='lat' dir='ltr'><strong>ad</strong></span> <span class='ocrx_word' id='word_1_574' title='bbox 2579 3470 2785 3524; x_wconf 90' lang='lat' dir='ltr'><strong>ortum,</strong></span> <span class='ocrx_word' id='word_1_575' title='bbox 2819 3460 2890 3515; x_wconf 89' lang='lat' dir='ltr'><strong>sit</strong></span> <span class='ocrx_word' id='word_1_576' title='bbox 2926 3458 3132 3528; x_wconf 76' lang='lat' dir='ltr'><strong>aquale</strong></span> <span class='ocrx_word' id='word_1_577' title='bbox 3164 3456 3333 3511; x_wconf 86' lang='lat' dir='ltr'><strong>inter-</strong></span> 
     </span>
    </p>
   </div>
   <div class='ocr_carea' id='block_1_80' title="bbox 1760 3550 3332 3627">
    <p class='ocr_par' dir='ltr' id='par_1_80' title="bbox 1760 3550 3332 3627">
     <span class='ocr_line' id='line_1_80' title="bbox 1760 3550 3332 3627; baseline -0.007 -16"><span class='ocrx_word' id='word_1_578' title='bbox 1760 3558 1905 3612; x_wconf 85' lang='lat' dir='ltr'><strong>vallo</strong></span> <span class='ocrx_word' id='word_1_579' title='bbox 1933 3557 2168 3621; x_wconf 86' lang='lat' dir='ltr'><strong>zodiaci,</strong></span> <span class='ocrx_word' id='word_1_580' title='bbox 2199 3555 2347 3627; x_wconf 90' lang='lat' dir='ltr'><strong>quod</strong></span> <span class='ocrx_word' id='word_1_581' title='bbox 2396 3561 2481 3611; x_wconf 90' lang='lat' dir='ltr'><strong>est</strong></span> <span class='ocrx_word' id='word_1_582' title='bbox 2512 3569 2544 3608; x_wconf 89' lang='lat' dir='ltr'><strong>a</strong></span> <span class='ocrx_word' id='word_1_583' title='bbox 2589 3552 2771 3608; x_wconf 90' lang='lat' dir='ltr'><strong>medio</strong></span> <span class='ocrx_word' id='word_1_584' title='bbox 2796 3552 2919 3607; x_wconf 77' lang='lat' dir='ltr'><strong>cali</strong></span> <span class='ocrx_word' id='word_1_585' title='bbox 2949 3550 3016 3605; x_wconf 86' lang='lat' dir='ltr'><strong>ad</strong></span> <span class='ocrx_word' id='word_1_586' title='bbox 3039 3562 3332 3613; x_wconf 86' lang='lat' dir='ltr'><strong>occasum;</strong></span> 
     </span>
    </p>
   </div>
   <div class='ocr_carea' id='block_1_81' title="bbox 1763 3638 3337 3719">
    <p class='ocr_par' dir='ltr' id='par_1_81' title="bbox 1763 3638 3337 3719">
     <span class='ocr_line' id='line_1_81' title="bbox 1763 3638 3337 3719; baseline -0.008 -16"><span class='ocrx_word' id='word_1_587' title='bbox 1763 3656 2063 3719; x_wconf 84' lang='lat' dir='ltr'><strong>utrumque</strong></span> <span class='ocrx_word' id='word_1_588' title='bbox 2091 3647 2239 3703; x_wconf 90' lang='lat' dir='ltr'><strong>enim</strong></span> <span class='ocrx_word' id='word_1_589' title='bbox 2276 3645 2473 3701; x_wconf 86' lang='lat' dir='ltr'><strong>horum</strong></span> <span class='ocrx_word' id='word_1_590' title='bbox 2510 3643 2920 3699; x_wconf 85' lang='lat' dir='ltr'><strong>intervallorum</strong></span> <span class='ocrx_word' id='word_1_591' title='bbox 2951 3645 3058 3695; x_wconf 90' lang='lat' dir='ltr'><strong>tria</strong></span> <span class='ocrx_word' id='word_1_592' title='bbox 3091 3638 3337 3694; x_wconf 88' lang='lat' dir='ltr'><strong>continet</strong></span> 
     </span>
    </p>
   </div>
   <div class='ocr_carea' id='block_1_82' title="bbox 1764 3728 3339 3810">
    <p class='ocr_par' dir='ltr' id='par_1_82' title="bbox 1764 3728 3339 3810">
     <span class='ocr_line' id='line_1_82' title="bbox 1764 3728 3339 3810; baseline -0.008 -15"><span class='ocrx_word' id='word_1_593' title='bbox 1764 3740 1939 3810; x_wconf 80' lang='lat' dir='ltr'><strong>signa.</strong></span> <span class='ocrx_word' id='word_1_594' title='bbox 1973 3739 2044 3791; x_wconf 83' lang='lat' dir='ltr'><strong>At</strong></span> <span class='ocrx_word' id='word_1_595' title='bbox 2097 3738 2155 3792; x_wconf 90' lang='lat' dir='ltr'><strong>in</strong></span> <span class='ocrx_word' id='word_1_596' title='bbox 2203 3736 2432 3807; x_wconf 90' lang='lat' dir='ltr'><strong>reliquis</strong></span> <span class='ocrx_word' id='word_1_597' title='bbox 2481 3733 2716 3790; x_wconf 87' lang='lat' dir='ltr'><strong>statibus</strong></span> <span class='ocrx_word' id='word_1_598' title='bbox 2761 3732 2927 3803; x_wconf 88' lang='lat' dir='ltr'><strong>hujus</strong></span> <span class='ocrx_word' id='word_1_599' title='bbox 2961 3728 3244 3802; x_wconf 86' lang='lat' dir='ltr'><strong>quadrati,</strong></span> <span class='ocrx_word' id='word_1_600' title='bbox 3281 3734 3339 3783; x_wconf 76' lang='lat' dir='ltr'><strong>et.</strong></span> 
     </span>
    </p>
   </div>
   <div class='ocr_carea' id='block_1_83' title="bbox 1764 3824 3337 3901">
    <p class='ocr_par' dir='ltr' id='par_1_83' title="bbox 1764 3824 3337 3901">
     <span class='ocr_line' id='line_1_83' title="bbox 1764 3824 3337 3901; baseline -0.009 -14"><span class='ocrx_word' id='word_1_601' title='bbox 1764 3832 1995 3887; x_wconf 83' lang='lat' dir='ltr'><strong>aliorum</strong></span> <span class='ocrx_word' id='word_1_602' title='bbox 2044 3828 2441 3901; x_wconf 87' lang='lat' dir='ltr'><strong>quadratorum</strong></span> <span class='ocrx_word' id='word_1_603' title='bbox 2490 3841 2600 3882; x_wconf 86' lang='lat' dir='ltr'><strong>non</strong></span> <span class='ocrx_word' id='word_1_604' title='bbox 2662 3825 2932 3897; x_wconf 74' lang='lat' dir='ltr'><strong>contingit</strong></span> <span class='ocrx_word' id='word_1_605' title='bbox 2987 3824 3043 3878; x_wconf 90' lang='lat' dir='ltr'><strong>in</strong></span> <span class='ocrx_word' id='word_1_606' title='bbox 3099 3828 3337 3893; x_wconf 84' lang='lat' dir='ltr'><strong>quatuor</strong></span> 
     </span>
    </p>
   </div>
   <div class='ocr_carea' id='block_1_84' title="bbox 1762 3913 3340 3994">
    <p class='ocr_par' dir='ltr' id='par_1_84' title="bbox 1762 3913 3340 3994">
     <span class='ocr_line' id='line_1_84' title="bbox 1762 3913 3340 3994; baseline -0.006 -17"><span class='ocrx_word' id='word_1_607' title='bbox 1762 3932 1946 3994; x_wconf 88' lang='lat' dir='ltr'><strong>partes</strong></span> <span class='ocrx_word' id='word_1_608' title='bbox 1983 3922 2221 3992; x_wconf 79' lang='lat' dir='ltr'><strong>aequales</strong></span> <span class='ocrx_word' id='word_1_609' title='bbox 2256 3920 2540 3975; x_wconf 89' lang='lat' dir='ltr'><strong>zodiacum</strong></span> <span class='ocrx_word' id='word_1_610' title='bbox 2585 3916 2851 3972; x_wconf 88' lang='lat' dir='ltr'><strong>circulum</strong></span> <span class='ocrx_word' id='word_1_611' title='bbox 2892 3914 3082 3970; x_wconf 83' lang='lat' dir='ltr'><strong>dividi.</strong></span> <span class='ocrx_word' id='word_1_612' title='bbox 3104 3913 3181 3968; x_wconf 84' lang='lat' dir='ltr'><strong>Ac</strong></span> <span class='ocrx_word' id='word_1_613' title='bbox 3210 3927 3340 3983; x_wconf 78' lang='lat' dir='ltr'><strong>pro-</strong></span> 
     </span>
    </p>
   </div>
   <div class='ocr_carea' id='block_1_85' title="bbox 1767 4007 3338 4091">
    <p class='ocr_par' dir='ltr' id='par_1_85' title="bbox 1767 4007 3338 4091">
     <span class='ocr_line' id='line_1_85' title="bbox 1767 4007 3338 4091; baseline -0.007 -22"><span class='ocrx_word' id='word_1_614' title='bbox 1767 4023 1951 4086; x_wconf 90' lang='lat' dir='ltr'><strong>pterea</strong></span> <span class='ocrx_word' id='word_1_615' title='bbox 1980 4012 2328 4068; x_wconf 82' lang='lat' dir='ltr'><strong>intervallum</strong></span> <span class='ocrx_word' id='word_1_616' title='bbox 2353 4026 2384 4065; x_wconf 92' lang='lat' dir='ltr'><strong>a</strong></span> <span class='ocrx_word' id='word_1_617' title='bbox 2404 4010 2585 4091; x_wconf 81' lang='lat' dir='ltr'><strong>medio</strong></span> <span class='ocrx_word' id='word_1_618' title='bbox 2605 4009 2730 4065; x_wconf 80' lang='lat' dir='ltr'><strong>cali</strong></span> <span class='ocrx_word' id='word_1_619' title='bbox 2753 4007 2821 4062; x_wconf 91' lang='lat' dir='ltr'><strong>ad</strong></span> <span class='ocrx_word' id='word_1_620' title='bbox 2853 4018 3033 4062; x_wconf 86' lang='lat' dir='ltr'><strong>ortum</strong></span> <span class='ocrx_word' id='word_1_621' title='bbox 3068 4021 3173 4061; x_wconf 88' lang='lat' dir='ltr'><strong>non</strong></span> <span class='ocrx_word' id='word_1_622' title='bbox 3196 4020 3338 4060; x_wconf 84' lang='lat' dir='ltr'><strong>sem-</strong></span> 
     </span>
    </p>
   </div>
   <div class='ocr_carea' id='block_1_86' title="bbox 1767 4099 3337 4177">
    <p class='ocr_par' dir='ltr' id='par_1_86' title="bbox 1767 4099 3337 4177">
     <span class='ocr_line' id='line_1_86' title="bbox 1767 4099 3337 4177; baseline -0.006 -17"><span class='ocrx_word' id='word_1_623' title='bbox 1767 4122 1865 4177; x_wconf 90' lang='lat' dir='ltr'><strong>per</strong></span> <span class='ocrx_word' id='word_1_624' title='bbox 1892 4112 1975 4161; x_wconf 89' lang='lat' dir='ltr'><strong>est</strong></span> <span class='ocrx_word' id='word_1_625' title='bbox 1998 4104 2207 4175; x_wconf 87' lang='lat' dir='ltr'><strong>aquale</strong></span> <span class='ocrx_word' id='word_1_626' title='bbox 2230 4103 2520 4158; x_wconf 78' lang='lat' dir='ltr'><strong>intervallo</strong></span> <span class='ocrx_word' id='word_1_627' title='bbox 2545 4117 2579 4156; x_wconf 89' lang='lat' dir='ltr'><strong>a</strong></span> <span class='ocrx_word' id='word_1_628' title='bbox 2609 4102 2790 4157; x_wconf 87' lang='lat' dir='ltr'><strong>medio</strong></span> <span class='ocrx_word' id='word_1_629' title='bbox 2813 4100 2940 4155; x_wconf 76' lang='lat' dir='ltr'><strong>cali</strong></span> <span class='ocrx_word' id='word_1_630' title='bbox 2969 4099 3035 4153; x_wconf 89' lang='lat' dir='ltr'><strong>ad</strong></span> <span class='ocrx_word' id='word_1_631' title='bbox 3055 4111 3337 4162; x_wconf 88' lang='lat' dir='ltr'><strong>occasum,</strong></span> 
     </span>
    </p>
   </div>
   <div class='ocr_carea' id='block_1_87' title="bbox 1770 4191 3341 4261">
    <p class='ocr_par' dir='ltr' id='par_1_87' title="bbox 1770 4191 3341 4261">
     <span class='ocr_line' id='line_1_87' title="bbox 1770 4191 3341 4261; baseline -0.007 -7"><span class='ocrx_word' id='word_1_632' title='bbox 1770 4214 1894 4254; x_wconf 90' lang='lat' dir='ltr'><strong>cum</strong></span> <span class='ocrx_word' id='word_1_633' title='bbox 1928 4198 2047 4253; x_wconf 85' lang='lat' dir='ltr'><strong>hac</strong></span> <span class='ocrx_word' id='word_1_634' title='bbox 2078 4196 2388 4261; x_wconf 86' lang='lat' dir='ltr'><strong>intervalla,</strong></span> <span class='ocrx_word' id='word_1_635' title='bbox 2423 4209 2520 4250; x_wconf 89' lang='lat' dir='ltr'><strong>seu</strong></span> <span class='ocrx_word' id='word_1_636' title='bbox 2547 4209 2735 4257; x_wconf 90' lang='lat' dir='ltr'><strong>arcus,</strong></span> <span class='ocrx_word' id='word_1_637' title='bbox 2770 4193 2827 4246; x_wconf 89' lang='lat' dir='ltr'><strong>in</strong></span> <span class='ocrx_word' id='word_1_638' title='bbox 2857 4191 3084 4246; x_wconf 84' lang='lat' dir='ltr'><strong>zodiaco</strong></span> <span class='ocrx_word' id='word_1_639' title='bbox 3115 4205 3341 4245; x_wconf 86' lang='lat' dir='ltr'><strong>sumun-</strong></span> 
     </span>
    </p>
   </div>
   <div class='ocr_carea' id='block_1_88' title="bbox 1766 4280 3340 4357">
    <p class='ocr_par' dir='ltr' id='par_1_88' title="bbox 1766 4280 3340 4357">
     <span class='ocr_line' id='line_1_88' title="bbox 1766 4280 3340 4357; baseline -0.008 -10"><span class='ocrx_word' id='word_1_640' title='bbox 1766 4300 1877 4347; x_wconf 90' lang='lat' dir='ltr'><strong>tur.</strong></span> <span class='ocrx_word' id='word_1_641' title='bbox 1911 4290 1981 4344; x_wconf 81' lang='lat' dir='ltr'><strong>At</strong></span> <span class='ocrx_word' id='word_1_642' title='bbox 2010 4291 2056 4346; x_wconf 88' lang='lat' dir='ltr'><strong>si</strong></span> <span class='ocrx_word' id='word_1_643' title='bbox 2086 4290 2201 4343; x_wconf 74' lang='lat' dir='ltr'><strong>hac</strong></span> <span class='ocrx_word' id='word_1_644' title='bbox 2225 4287 2511 4343; x_wconf 85' lang='lat' dir='ltr'><strong>intervalla</strong></span> <span class='ocrx_word' id='word_1_645' title='bbox 2540 4287 2595 4341; x_wconf 92' lang='lat' dir='ltr'><strong>in</strong></span> <span class='ocrx_word' id='word_1_646' title='bbox 2630 4284 2893 4357; x_wconf 85' lang='lat' dir='ltr'><strong>paralleio</strong></span> <span class='ocrx_word' id='word_1_647' title='bbox 2921 4284 3103 4352; x_wconf 89' lang='lat' dir='ltr'><strong>aliquo</strong></span> <span class='ocrx_word' id='word_1_648' title='bbox 3129 4280 3340 4335; x_wconf 89' lang='lat' dir='ltr'><strong>circulo</strong></span> 
     </span>
    </p>
   </div>
   <div class='ocr_carea' id='block_1_89' title="bbox 1771 4373 3341 4450">
    <p class='ocr_par' dir='ltr' id='par_1_89' title="bbox 1771 4373 3341 4450">
     <span class='ocr_line' id='line_1_89' title="bbox 1771 4373 3341 4450; baseline -0.01 -9"><span class='ocrx_word' id='word_1_649' title='bbox 1771 4391 2094 4446; x_wconf 88' lang='lat' dir='ltr'><strong>sumuntur,</strong></span> <span class='ocrx_word' id='word_1_650' title='bbox 2126 4396 2343 4450; x_wconf 91' lang='lat' dir='ltr'><strong>semper</strong></span> <span class='ocrx_word' id='word_1_651' title='bbox 2394 4378 2449 4433; x_wconf 91' lang='lat' dir='ltr'><strong>id</strong></span> <span class='ocrx_word' id='word_1_652' title='bbox 2502 4377 2649 4447; x_wconf 90' lang='lat' dir='ltr'><strong>quod</strong></span> <span class='ocrx_word' id='word_1_653' title='bbox 2696 4385 2837 4432; x_wconf 88' lang='lat' dir='ltr'><strong>esta</strong></span> <span class='ocrx_word' id='word_1_654' title='bbox 2885 4375 3066 4431; x_wconf 90' lang='lat' dir='ltr'><strong>medio</strong></span> <span class='ocrx_word' id='word_1_655' title='bbox 3098 4374 3221 4428; x_wconf 75' lang='lat' dir='ltr'><strong>coeli</strong></span> <span class='ocrx_word' id='word_1_656' title='bbox 3272 4373 3341 4427; x_wconf 87' lang='lat' dir='ltr'><strong>ad</strong></span> 
     </span>
    </p>
   </div>
   <div class='ocr_carea' id='block_1_90' title="bbox 127 4463 1654 4570">
    <p class='ocr_par' dir='ltr' id='par_1_90' title="bbox 127 4463 1654 4570">
     <span class='ocr_line' id='line_1_90' title="bbox 127 4463 1654 4570; baseline -0.013 -17"><span class='ocrx_word' id='word_1_657' title='bbox 276 4463 391 4553; x_wconf 73' lang='grc' dir='ltr'>καθ’</span> <span class='ocrx_word' id='word_1_658' title='bbox 418 4496 659 4563; x_wconf 74' lang='grc' dir='ltr'>ἑκάστην</span> <span class='ocrx_word' id='word_1_659' title='bbox 680 4463 896 4562; x_wconf 56' lang='grc' dir='ltr'>ἡμέραν</span> <span class='ocrx_word' id='word_1_660' title='bbox 924 4487 1018 4541; x_wconf 73' lang='grc' dir='ltr'><strong>ἐπὶ</strong></span> <span class='ocrx_word' id='word_1_661' title='bbox 1042 4484 1257 4540; x_wconf 86' lang='grc' dir='ltr'>κύκλων</span> <span class='ocrx_word' id='word_1_662' title='bbox 1273 4463 1654 4555; x_wconf 55' lang='grc' dir='ltr'>παραλλήλων,</span> 
     </span>
    </p>
   </div>
   <div class='ocr_carea' id='block_1_91' title="bbox 1767 4463 3345 4570">
    <p class='ocr_par' dir='ltr' id='par_1_91' title="bbox 1772 4463 3345 4543">
     <span class='ocr_line' id='line_1_91' title="bbox 1772 4463 3345 4543; baseline -0.01 -9"><span class='ocrx_word' id='word_1_663' title='bbox 1772 4487 1957 4534; x_wconf 90' lang='lat' dir='ltr'><strong>ortum</strong></span> <span class='ocrx_word' id='word_1_664' title='bbox 1989 4482 2075 4531; x_wconf 88' lang='lat' dir='ltr'><strong>est</strong></span> <span class='ocrx_word' id='word_1_665' title='bbox 2107 4473 2316 4543; x_wconf 87' lang='lat' dir='ltr'><strong>aquale</strong></span> <span class='ocrx_word' id='word_1_666' title='bbox 2339 4470 2411 4534; x_wconf 90' lang='lat' dir='ltr'><strong>ei,</strong></span> <span class='ocrx_word' id='word_1_667' title='bbox 2442 4469 2587 4539; x_wconf 90' lang='lat' dir='ltr'><strong>quod</strong></span> <span class='ocrx_word' id='word_1_668' title='bbox 2629 4476 2715 4523; x_wconf 84' lang='lat' dir='ltr'><strong>est</strong></span> <span class='ocrx_word' id='word_1_669' title='bbox 2736 4481 2766 4520; x_wconf 91' lang='lat' dir='ltr'><strong>a</strong></span> <span class='ocrx_word' id='word_1_670' title='bbox 2789 4466 2969 4521; x_wconf 89' lang='lat' dir='ltr'><strong>medio</strong></span> <span class='ocrx_word' id='word_1_671' title='bbox 3000 4465 3123 4520; x_wconf 86' lang='lat' dir='ltr'><strong>coeli</strong></span> <span class='ocrx_word' id='word_1_672' title='bbox 3153 4463 3219 4519; x_wconf 90' lang='lat' dir='ltr'><strong>ad</strong></span> <span class='ocrx_word' id='word_1_673' title='bbox 3251 4478 3345 4519; x_wconf 91' lang='lat' dir='ltr'><strong>oc-</strong></span> 
     </span>
    </p>
   </div>
   <div class='ocr_carea' id='block_1_92' title="bbox 124 4574 1670 4661">
    <p class='ocr_par' dir='ltr' id='par_1_92' title="bbox 124 4574 1670 4661">
     <span class='ocr_line' id='line_1_92' title="bbox 124 4574 1670 4661; baseline -0.009 -21"><span class='ocrx_word' id='word_1_674' title='bbox 124 4588 216 4644; x_wconf 74' lang='grc' dir='ltr'>ῐσον</span> <span class='ocrx_word' id='word_1_675' title='bbox 240 4587 371 4646; x_wconf 79' lang='grc' dir='ltr'>εἶναι</span> <span class='ocrx_word' id='word_1_676' title='bbox 400 4586 688 4661; x_wconf 85' lang='grc' dir='ltr'>συμϐαίνει</span> <span class='ocrx_word' id='word_1_677' title='bbox 712 4584 802 4637; x_wconf 78' lang='grc' dir='ltr'><strong>τὸν</strong></span> <span class='ocrx_word' id='word_1_678' title='bbox 831 4581 938 4637; x_wconf 80' lang='grc' dir='ltr'>ἀπὸ</span> <span class='ocrx_word' id='word_1_679' title='bbox 968 4579 1070 4650; x_wconf 85' lang='grc' dir='ltr'><strong>τῆς</strong></span> <span class='ocrx_word' id='word_1_680' title='bbox 1091 4577 1355 4647; x_wconf 82' lang='grc' dir='ltr'>ἀνατολῆς</span> <span class='ocrx_word' id='word_1_681' title='bbox 1385 4576 1544 4646; x_wconf 79' lang='grc' dir='ltr'>μέχρι</span> <span class='ocrx_word' id='word_1_682' title='bbox 1570 4574 1670 4644; x_wconf 87' lang='grc' dir='ltr'><strong>τῆς</strong></span> 
     </span>
    </p>
   </div>
   <div class='ocr_carea' id='block_1_93' title="bbox 130 4666 1673 4754">
    <p class='ocr_par' dir='ltr' id='par_1_93' title="bbox 130 4666 1673 4754">
     <span class='ocr_line' id='line_1_93' title="bbox 130 4666 1673 4754; baseline -0.014 -16"><span class='ocrx_word' id='word_1_683' title='bbox 130 4684 549 4754; x_wconf 68' lang='grc' dir='ltr'>μεσουρανήσεως</span> <span class='ocrx_word' id='word_1_684' title='bbox 580 4676 779 4747; x_wconf 86' lang='grc' dir='ltr'>δρόμον</span> <span class='ocrx_word' id='word_1_685' title='bbox 816 4672 909 4728; x_wconf 87' lang='grc' dir='ltr'><strong>τοῦ</strong></span> <span class='ocrx_word' id='word_1_686' title='bbox 955 4672 1062 4726; x_wconf 84' lang='grc' dir='ltr'>ἀπὸ</span> <span class='ocrx_word' id='word_1_687' title='bbox 1096 4671 1196 4742; x_wconf 90' lang='grc' dir='ltr'><strong>τῆς</strong></span> <span class='ocrx_word' id='word_1_688' title='bbox 1224 4666 1673 4740; x_wconf 80' lang='grc' dir='ltr'>μεσουρανήσεως</span> 
     </span>
    </p>
   </div>
   <div class='ocr_carea' id='block_1_94' title="bbox 130 4756 1671 4846">
    <p class='ocr_par' dir='ltr' id='par_1_94' title="bbox 130 4756 1671 4846">
     <span class='ocr_line' id='line_1_94' title="bbox 130 4756 1671 4846; baseline -0.014 -16"><span class='ocrx_word' id='word_1_689' title='bbox 130 4775 264 4846; x_wconf 69' lang='grc' dir='ltr'>μέχρι</span> <span class='ocrx_word' id='word_1_690' title='bbox 286 4775 503 4837; x_wconf 81' lang='grc' dir='ltr'>δύσεως.</span> <span class='ocrx_word' id='word_1_691' title='bbox 549 4768 676 4822; x_wconf 75' lang='grc' dir='ltr'>Ἐπὶ</span> <span class='ocrx_word' id='word_1_692' title='bbox 710 4766 769 4820; x_wconf 80' lang='grc' dir='ltr'>δὲ</span> <span class='ocrx_word' id='word_1_693' title='bbox 798 4765 892 4819; x_wconf 89' lang='grc' dir='ltr'><strong>τοῦ</strong></span> <span class='ocrx_word' id='word_1_694' title='bbox 924 4762 1192 4828; x_wconf 79' lang='grc' dir='ltr'>ζωδιακοῦ</span> <span class='ocrx_word' id='word_1_695' title='bbox 1228 4760 1427 4816; x_wconf 85' lang='grc' dir='ltr'>κύκλου</span> <span class='ocrx_word' id='word_1_696' title='bbox 1460 4756 1671 4829; x_wconf 81' lang='grc' dir='ltr'>λαμϐα-</span> 
     </span>
    </p>
   </div>
   <div class='ocr_carea' id='block_1_95' title="bbox 129 4848 1673 4935">
    <p class='ocr_par' dir='ltr' id='par_1_95' title="bbox 129 4848 1673 4935">
     <span class='ocr_line' id='line_1_95' title="bbox 129 4848 1673 4935; baseline -0.008 -19"><span class='ocrx_word' id='word_1_697' title='bbox 129 4866 333 4935; x_wconf 73' lang='grc' dir='ltr'>νομένων</span> <span class='ocrx_word' id='word_1_698' title='bbox 372 4865 482 4920; x_wconf 84' lang='grc' dir='ltr'>τῶν</span> <span class='ocrx_word' id='word_1_699' title='bbox 529 4858 935 4931; x_wconf 83' lang='grc' dir='ltr'>διαστημάτων,</span> <span class='ocrx_word' id='word_1_700' title='bbox 977 4857 1161 4911; x_wconf 80' lang='grc' dir='ltr'>ἄνισον</span> <span class='ocrx_word' id='word_1_701' title='bbox 1189 4851 1327 4907; x_wconf 77' lang='grc' dir='ltr'>εἶναι</span> <span class='ocrx_word' id='word_1_702' title='bbox 1360 4848 1673 4922; x_wconf 78' lang='grc' dir='ltr'>συμϐέϐηκε</span> 
     </span>
    </p>
   </div>
   <div class='ocr_carea' id='block_1_96' title="bbox 131 4940 1671 5030">
    <p class='ocr_par' dir='ltr' id='par_1_96' title="bbox 131 4940 1671 5030">
     <span class='ocr_line' id='line_1_96' title="bbox 131 4940 1671 5030; baseline -0.01 -22"><span class='ocrx_word' id='word_1_703' title='bbox 131 4955 176 5007; x_wconf 77' lang='grc' dir='ltr'>τὸ</span> <span class='ocrx_word' id='word_1_704' title='bbox 195 4959 293 5011; x_wconf 80' lang='grc' dir='ltr'>ἀπὸ</span> <span class='ocrx_word' id='word_1_705' title='bbox 314 4960 408 5030; x_wconf 84' lang='grc' dir='ltr'><strong>τῆς</strong></span> <span class='ocrx_word' id='word_1_706' title='bbox 442 4953 895 5029; x_wconf 84' lang='grc' dir='ltr'>μεσουρανήσεως</span> <span class='ocrx_word' id='word_1_707' title='bbox 930 4948 1092 5019; x_wconf 86' lang='grc' dir='ltr'>μέχρι</span> <span class='ocrx_word' id='word_1_708' title='bbox 1132 4949 1231 5018; x_wconf 78' lang='grc' dir='ltr'><strong>τῆς</strong></span> <span class='ocrx_word' id='word_1_709' title='bbox 1265 4942 1526 5012; x_wconf 79' lang='grc' dir='ltr'>ἀνατολῆς</span> <span class='ocrx_word' id='word_1_710' title='bbox 1553 4940 1671 4995; x_wconf 82' lang='grc' dir='ltr'>διά-</span> 
     </span>
    </p>
   </div>
   <div class='ocr_carea' id='block_1_97' title="bbox 134 5033 1675 5120">
    <p class='ocr_par' dir='ltr' id='par_1_97' title="bbox 134 5033 1675 5120">
     <span class='ocr_line' id='line_1_97' title="bbox 134 5033 1675 5120; baseline -0.008 -22"><span class='ocrx_word' id='word_1_711' title='bbox 134 5061 288 5118; x_wconf 82' lang='grc' dir='ltr'>στημα</span> <span class='ocrx_word' id='word_1_712' title='bbox 317 5049 392 5120; x_wconf 78' lang='grc' dir='ltr'><strong>τῷ</strong></span> <span class='ocrx_word' id='word_1_713' title='bbox 415 5048 525 5103; x_wconf 77' lang='grc' dir='ltr'>ἀπὸ</span> <span class='ocrx_word' id='word_1_714' title='bbox 549 5046 651 5115; x_wconf 86' lang='grc' dir='ltr'><strong>τῆς</strong></span> <span class='ocrx_word' id='word_1_715' title='bbox 681 5041 1126 5114; x_wconf 84' lang='grc' dir='ltr'>μεσουρανήσεως</span> <span class='ocrx_word' id='word_1_716' title='bbox 1157 5038 1316 5109; x_wconf 82' lang='grc' dir='ltr'>μέχρι</span> <span class='ocrx_word' id='word_1_717' title='bbox 1346 5036 1443 5104; x_wconf 88' lang='grc' dir='ltr'><strong>τῆς</strong></span> <span class='ocrx_word' id='word_1_718' title='bbox 1471 5033 1675 5096; x_wconf 89' lang='grc' dir='ltr'>δύσεως</span> 
     </span>
    </p>
   </div>
   <div class='ocr_carea' id='block_1_98' title="bbox 133 5123 1674 5211">
    <p class='ocr_par' dir='ltr' id='par_1_98' title="bbox 133 5123 1674 5211">
     <span class='ocr_line' id='line_1_98' title="bbox 133 5123 1674 5211; baseline -0.008 -22"><span class='ocrx_word' id='word_1_719' title='bbox 133 5135 202 5190; x_wconf 71' lang='grc' dir='ltr'><strong>διὰ</strong></span> <span class='ocrx_word' id='word_1_720' title='bbox 222 5140 309 5211; x_wconf 79' lang='grc' dir='ltr'>τὴν</span> <span class='ocrx_word' id='word_1_721' title='bbox 335 5140 596 5209; x_wconf 84' lang='grc' dir='ltr'>λοξότητα</span> <span class='ocrx_word' id='word_1_722' title='bbox 629 5134 725 5189; x_wconf 87' lang='grc' dir='ltr'><strong>τοῦ</strong></span> <span class='ocrx_word' id='word_1_723' title='bbox 770 5130 1057 5198; x_wconf 83' lang='grc' dir='ltr'>ζωδιακοῦ.</span> <span class='ocrx_word' id='word_1_724' title='bbox 1105 5129 1217 5183; x_wconf 76' lang='grc' dir='ltr'><strong>Καὶ</strong></span> <span class='ocrx_word' id='word_1_725' title='bbox 1260 5128 1407 5181; x_wconf 73' lang='grc' dir='ltr'>ἐστιν</span> <span class='ocrx_word' id='word_1_726' title='bbox 1442 5126 1531 5179; x_wconf 83' lang='grc' dir='ltr'>ὅτε</span> <span class='ocrx_word' id='word_1_727' title='bbox 1566 5123 1674 5177; x_wconf 82' lang='grc' dir='ltr'><strong>τῶν</strong></span> 
     </span>
    </p>
   </div>
   <div class='ocr_carea' id='block_1_99' title="bbox 137 5216 1677 5296">
    <p class='ocr_par' dir='ltr' id='par_1_99' title="bbox 137 5216 1677 5296">
     <span class='ocr_line' id='line_1_99' title="bbox 137 5216 1677 5296; baseline -0.012 -9"><span class='ocrx_word' id='word_1_728' title='bbox 137 5226 182 5293; x_wconf 78' lang='grc' dir='ltr'><strong>ἒξ</strong></span> <span class='ocrx_word' id='word_1_729' title='bbox 207 5229 394 5294; x_wconf 80' lang='grc' dir='ltr'>ζωδίων</span> <span class='ocrx_word' id='word_1_730' title='bbox 421 5231 529 5286; x_wconf 82' lang='grc' dir='ltr'><strong>τῶν</strong></span> <span class='ocrx_word' id='word_1_731' title='bbox 561 5228 652 5283; x_wconf 76' lang='grc' dir='ltr'>διὰ</span> <span class='ocrx_word' id='word_1_732' title='bbox 687 5226 887 5289; x_wconf 81' lang='grc' dir='ltr'>παντὸς</span> <span class='ocrx_word' id='word_1_733' title='bbox 920 5223 1058 5296; x_wconf 84' lang='grc' dir='ltr'>ὑπὲρ</span> <span class='ocrx_word' id='word_1_734' title='bbox 1086 5225 1189 5293; x_wconf 79' lang='grc' dir='ltr'><strong>γῆν</strong></span> <span class='ocrx_word' id='word_1_735' title='bbox 1219 5220 1388 5276; x_wconf 71' lang='grc' dir='ltr'>ὄντων</span> <span class='ocrx_word' id='word_1_736' title='bbox 1415 5217 1540 5290; x_wconf 87' lang='grc' dir='ltr'>τρία</span> <span class='ocrx_word' id='word_1_737' title='bbox 1579 5216 1677 5287; x_wconf 81' lang='grc' dir='ltr'><strong>μὲν</strong></span> 
     </span>
    </p>
   </div>
   <div class='ocr_carea' id='block_1_100' title="bbox 139 5308 1678 5395">
    <p class='ocr_par' dir='ltr' id='par_1_100' title="bbox 139 5308 1678 5395">
     <span class='ocr_line' id='line_1_100' title="bbox 139 5308 1678 5395; baseline -0.008 -22"><span class='ocrx_word' id='word_1_738' title='bbox 139 5321 215 5373; x_wconf 74' lang='grc' dir='ltr'><strong>καὶ</strong></span> <span class='ocrx_word' id='word_1_739' title='bbox 246 5325 406 5395; x_wconf 75' lang='grc' dir='ltr'>ἣμισυ</span> <span class='ocrx_word' id='word_1_740' title='bbox 458 5324 567 5376; x_wconf 82' lang='grc' dir='ltr'>ἀπὸ</span> <span class='ocrx_word' id='word_1_741' title='bbox 611 5321 711 5391; x_wconf 92' lang='grc' dir='ltr'><strong>τῆς</strong></span> <span class='ocrx_word' id='word_1_742' title='bbox 763 5316 1211 5389; x_wconf 79' lang='grc' dir='ltr'>μεσουρανήσεως</span> <span class='ocrx_word' id='word_1_743' title='bbox 1245 5312 1384 5383; x_wconf 79' lang='grc' dir='ltr'>πρὸς</span> <span class='ocrx_word' id='word_1_744' title='bbox 1416 5308 1678 5366; x_wconf 71' lang='grc' dir='ltr'>ἀνατολὴν</span> 
     </span>
    </p>
   </div>
   <div class='ocr_carea' id='block_1_101' title="bbox 140 5403 1444 5487">
    <p class='ocr_par' dir='ltr' id='par_1_101' title="bbox 140 5403 1444 5487">
     <span class='ocr_line' id='line_1_101' title="bbox 140 5403 1444 5487; baseline -0.009 -18"><span class='ocrx_word' id='word_1_745' title='bbox 140 5410 567 5487; x_wconf 73' lang='grc' dir='ltr'>ἀπολαμϐάνεται,</span> <span class='ocrx_word' id='word_1_746' title='bbox 590 5412 685 5467; x_wconf 86' lang='grc' dir='ltr'><strong>δύο</strong></span> <span class='ocrx_word' id='word_1_747' title='bbox 711 5410 769 5466; x_wconf 75' lang='grc' dir='ltr'>δὲ</span> <span class='ocrx_word' id='word_1_748' title='bbox 798 5409 894 5464; x_wconf 72' lang='grc' dir='ltr'>καὶ</span> <span class='ocrx_word' id='word_1_749' title='bbox 915 5409 1085 5479; x_wconf 72' lang='grc' dir='ltr'>ἥμισυ</span> <span class='ocrx_word' id='word_1_750' title='bbox 1114 5404 1250 5477; x_wconf 80' lang='grc' dir='ltr'>πρὸς</span> <span class='ocrx_word' id='word_1_751' title='bbox 1275 5403 1444 5457; x_wconf 88' lang='grc' dir='ltr'>δύσιν.</span> 
     </span>
    </p>
   </div>
   <div class='ocr_carea' id='block_1_102' title="bbox 218 5766 1079 5846">
    <p class='ocr_par' dir='ltr' id='par_1_102' title="bbox 218 5766 1079 5846">
     <span class='ocr_line' id='line_1_102' title="bbox 218 5766 1079 5846; baseline -0.019 -13"><span class='ocrx_word' id='word_1_752' title='bbox 218 5766 257 5801; x_wconf 76' lang='grc'><strong>⁸³</strong></span> <span class='ocrx_word' id='word_1_753' title='bbox 288 5790 368 5841; x_wconf 80' lang='grc' dir='ltr'><strong>γρ.</strong></span> <span class='ocrx_word' id='word_1_754' title='bbox 389 5774 444 5829; x_wconf 78' lang='grc' dir='ltr'>δὲ</span> <span class='ocrx_word' id='word_1_755' title='bbox 471 5772 789 5846; x_wconf 79' lang='grc' dir='ltr'>τετράγωνα</span> <span class='ocrx_word' id='word_1_756' title='bbox 812 5766 1079 5838; x_wconf 80' lang='grc' dir='ltr'>καθάπερ,</span> 
     </span>
    </p>
   </div>
   <div class='ocr_carea' id='block_1_103' title="bbox 1770 4557 3343 4630">
    <p class='ocr_par' dir='ltr' id='par_1_103' title="bbox 1770 4557 3343 4630">
     <span class='ocr_line' id='line_1_103' title="bbox 1770 4557 3343 4630; baseline -0.01 -4"><span class='ocrx_word' id='word_1_757' title='bbox 1770 4585 1986 4626; x_wconf 87' lang='lat' dir='ltr'><strong>casum.</strong></span> <span class='ocrx_word' id='word_1_758' title='bbox 2030 4566 2187 4623; x_wconf 89' lang='lat' dir='ltr'><strong>Unde</strong></span> <span class='ocrx_word' id='word_1_759' title='bbox 2222 4565 2280 4619; x_wconf 82' lang='lat' dir='ltr'><strong>lit</strong></span> <span class='ocrx_word' id='word_1_760' title='bbox 2310 4572 2393 4628; x_wconf 91' lang='lat' dir='ltr'><strong>ut,</strong></span> <span class='ocrx_word' id='word_1_761' title='bbox 2424 4578 2547 4617; x_wconf 92' lang='lat' dir='ltr'><strong>cum</strong></span> <span class='ocrx_word' id='word_1_762' title='bbox 2591 4560 2671 4616; x_wconf 88' lang='lat' dir='ltr'><strong>sol</strong></span> <span class='ocrx_word' id='word_1_763' title='bbox 2697 4557 2942 4630; x_wconf 91' lang='lat' dir='ltr'><strong>quotidie</strong></span> <span class='ocrx_word' id='word_1_764' title='bbox 2975 4558 3032 4613; x_wconf 90' lang='lat' dir='ltr'><strong>in</strong></span> <span class='ocrx_word' id='word_1_765' title='bbox 3069 4557 3343 4628; x_wconf 87' lang='lat' dir='ltr'><strong>parallclis</strong></span> 
     </span>
    </p>
   </div>
   <div class='ocr_carea' id='block_1_104' title="bbox 1774 4649 3343 4722">
    <p class='ocr_par' dir='ltr' id='par_1_104' title="bbox 1774 4649 3343 4722">
     <span class='ocr_line' id='line_1_104' title="bbox 1774 4649 3343 4722; baseline -0.01 -5"><span class='ocrx_word' id='word_1_766' title='bbox 1774 4659 2005 4717; x_wconf 85' lang='lat' dir='ltr'><strong>circulis</strong></span> <span class='ocrx_word' id='word_1_767' title='bbox 2032 4657 2261 4722; x_wconf 81' lang='lat' dir='ltr'><strong>feratur,</strong></span> <span class='ocrx_word' id='word_1_768' title='bbox 2287 4654 2487 4709; x_wconf 90' lang='lat' dir='ltr'><strong>habeat</strong></span> <span class='ocrx_word' id='word_1_769' title='bbox 2507 4666 2754 4715; x_wconf 90' lang='lat' dir='ltr'><strong>cursum,</strong></span> <span class='ocrx_word' id='word_1_770' title='bbox 2780 4650 2875 4720; x_wconf 86' lang='lat' dir='ltr'><strong>qui</strong></span> <span class='ocrx_word' id='word_1_771' title='bbox 2914 4657 2999 4705; x_wconf 87' lang='lat' dir='ltr'><strong>est</strong></span> <span class='ocrx_word' id='word_1_772' title='bbox 3028 4651 3097 4705; x_wconf 90' lang='lat' dir='ltr'><strong>ab</strong></span> <span class='ocrx_word' id='word_1_773' title='bbox 3125 4656 3248 4705; x_wconf 90' lang='lat' dir='ltr'><strong>ortu</strong></span> <span class='ocrx_word' id='word_1_774' title='bbox 3274 4649 3343 4703; x_wconf 89' lang='lat' dir='ltr'><strong>ad</strong></span> 
     </span>
    </p>
   </div>
   <div class='ocr_carea' id='block_1_105' title="bbox 1776 4738 3345 4817">
    <p class='ocr_par' dir='ltr' id='par_1_105' title="bbox 1776 4738 3345 4817">
     <span class='ocr_line' id='line_1_105' title="bbox 1776 4738 3345 4817; baseline -0.008 -10"><span class='ocrx_word' id='word_1_775' title='bbox 1776 4750 2019 4807; x_wconf 88' lang='lat' dir='ltr'><strong>medium</strong></span> <span class='ocrx_word' id='word_1_776' title='bbox 2057 4748 2205 4807; x_wconf 75' lang='lat' dir='ltr'><strong>cali.</strong></span> <span class='ocrx_word' id='word_1_777' title='bbox 2236 4745 2502 4817; x_wconf 87' lang='lat' dir='ltr'><strong>aqualem</strong></span> <span class='ocrx_word' id='word_1_778' title='bbox 2533 4745 2582 4800; x_wconf 92' lang='lat' dir='ltr'><strong>ei</strong></span> <span class='ocrx_word' id='word_1_779' title='bbox 2609 4743 2800 4801; x_wconf 88' lang='lat' dir='ltr'><strong>cursui</strong></span> <span class='ocrx_word' id='word_1_780' title='bbox 2846 4743 2941 4816; x_wconf 90' lang='lat' dir='ltr'><strong>qui</strong></span> <span class='ocrx_word' id='word_1_781' title='bbox 2995 4750 3079 4797; x_wconf 89' lang='lat' dir='ltr'><strong>est</strong></span> <span class='ocrx_word' id='word_1_782' title='bbox 3104 4755 3135 4794; x_wconf 89' lang='lat' dir='ltr'><strong>a</strong></span> <span class='ocrx_word' id='word_1_783' title='bbox 3165 4738 3345 4796; x_wconf 81' lang='lat' dir='ltr'><strong>medi&#39;o</strong></span> 
     </span>
    </p>
   </div>
   <div class='ocr_carea' id='block_1_106' title="bbox 1777 4833 3348 4912">
    <p class='ocr_par' dir='ltr' id='par_1_106' title="bbox 1777 4833 3348 4912">
     <span class='ocr_line' id='line_1_106' title="bbox 1777 4833 3348 4912; baseline -0.009 -12"><span class='ocrx_word' id='word_1_784' title='bbox 1777 4843 1904 4900; x_wconf 77' lang='lat' dir='ltr'><strong>cali</strong></span> <span class='ocrx_word' id='word_1_785' title='bbox 1939 4856 2115 4912; x_wconf 87' lang='lat' dir='ltr'><strong>usque</strong></span> <span class='ocrx_word' id='word_1_786' title='bbox 2149 4840 2219 4895; x_wconf 89' lang='lat' dir='ltr'><strong>ad</strong></span> <span class='ocrx_word' id='word_1_787' title='bbox 2241 4854 2521 4896; x_wconf 90' lang='lat' dir='ltr'><strong>occasum.</strong></span> <span class='ocrx_word' id='word_1_788' title='bbox 2556 4837 2692 4892; x_wconf 88' lang='lat' dir='ltr'><strong>Cum</strong></span> <span class='ocrx_word' id='word_1_789' title='bbox 2717 4851 2847 4892; x_wconf 91' lang='lat' dir='ltr'><strong>vero</strong></span> <span class='ocrx_word' id='word_1_790' title='bbox 2880 4837 2935 4889; x_wconf 90' lang='lat' dir='ltr'><strong>in</strong></span> <span class='ocrx_word' id='word_1_791' title='bbox 2974 4834 3199 4890; x_wconf 87' lang='lat' dir='ltr'><strong>zodiaco</strong></span> <span class='ocrx_word' id='word_1_792' title='bbox 3231 4833 3348 4887; x_wconf 86' lang='lat' dir='ltr'><strong>hac</strong></span> 
     </span>
    </p>
   </div>
   <div class='ocr_carea' id='block_1_107' title="bbox 1778 4926 3345 5002">
    <p class='ocr_par' dir='ltr' id='par_1_107' title="bbox 1778 4926 3345 5002">
     <span class='ocr_line' id='line_1_107' title="bbox 1778 4926 3345 5002; baseline -0.009 -11"><span class='ocrx_word' id='word_1_793' title='bbox 1778 4935 2065 4993; x_wconf 84' lang='lat' dir='ltr'><strong>intervalla</strong></span> <span class='ocrx_word' id='word_1_794' title='bbox 2099 4941 2413 4998; x_wconf 90' lang='lat' dir='ltr'><strong>sumuntur,</strong></span> <span class='ocrx_word' id='word_1_795' title='bbox 2455 4930 2724 5002; x_wconf 78' lang='lat' dir='ltr'><strong>contingit</strong></span> <span class='ocrx_word' id='word_1_796' title='bbox 2773 4936 2834 4983; x_wconf 88' lang='lat' dir='ltr'><strong>ut</strong></span> <span class='ocrx_word' id='word_1_797' title='bbox 2873 4928 2929 4983; x_wconf 91' lang='lat' dir='ltr'><strong>id</strong></span> <span class='ocrx_word' id='word_1_798' title='bbox 2974 4926 3345 4990; x_wconf 86' lang='lat' dir='ltr'><strong>intervallum,</strong></span> 
     </span>
    </p>
   </div>
   <div class='ocr_carea' id='block_1_108' title="bbox 1779 5017 3347 5099">
    <p class='ocr_par' dir='ltr' id='par_1_108' title="bbox 1779 5017 3347 5099">
     <span class='ocr_line' id='line_1_108' title="bbox 1779 5017 3347 5099; baseline -0.008 -16"><span class='ocrx_word' id='word_1_799' title='bbox 1779 5027 1926 5099; x_wconf 86' lang='lat' dir='ltr'><strong>quod</strong></span> <span class='ocrx_word' id='word_1_800' title='bbox 1953 5032 2039 5082; x_wconf 85' lang='lat' dir='ltr'><strong>est</strong></span> <span class='ocrx_word' id='word_1_801' title='bbox 2090 5040 2123 5080; x_wconf 92' lang='lat' dir='ltr'><strong>a</strong></span> <span class='ocrx_word' id='word_1_802' title='bbox 2162 5025 2341 5081; x_wconf 91' lang='lat' dir='ltr'><strong>medio</strong></span> <span class='ocrx_word' id='word_1_803' title='bbox 2371 5023 2495 5079; x_wconf 75' lang='lat' dir='ltr'><strong>cali</strong></span> <span class='ocrx_word' id='word_1_804' title='bbox 2526 5022 2593 5077; x_wconf 89' lang='lat' dir='ltr'><strong>ad</strong></span> <span class='ocrx_word' id='word_1_805' title='bbox 2639 5031 2821 5077; x_wconf 87' lang='lat' dir='ltr'><strong>ortum</strong></span> <span class='ocrx_word' id='word_1_806' title='bbox 2844 5060 2860 5085; x_wconf 90' lang='lat'><strong>,</strong></span> <span class='ocrx_word' id='word_1_807' title='bbox 2893 5020 2963 5076; x_wconf 91' lang='lat' dir='ltr'><strong>sit</strong></span> <span class='ocrx_word' id='word_1_808' title='bbox 3002 5018 3267 5089; x_wconf 84' lang='lat' dir='ltr'><strong>inaquale</strong></span> <span class='ocrx_word' id='word_1_809' title='bbox 3297 5017 3347 5073; x_wconf 88' lang='lat' dir='ltr'><strong>ei</strong></span> 
     </span>
    </p>
   </div>
   <div class='ocr_carea' id='block_1_109' title="bbox 1784 5109 3351 5187">
    <p class='ocr_par' dir='ltr' id='par_1_109' title="bbox 1784 5109 3351 5187">
     <span class='ocr_line' id='line_1_109' title="bbox 1784 5109 3351 5187; baseline -0.008 -12"><span class='ocrx_word' id='word_1_810' title='bbox 1784 5116 2099 5181; x_wconf 86' lang='lat' dir='ltr'><strong>intervallo,</strong></span> <span class='ocrx_word' id='word_1_811' title='bbox 2132 5116 2275 5187; x_wconf 90' lang='lat' dir='ltr'><strong>quod</strong></span> <span class='ocrx_word' id='word_1_812' title='bbox 2304 5125 2390 5173; x_wconf 88' lang='lat' dir='ltr'><strong>est</strong></span> <span class='ocrx_word' id='word_1_813' title='bbox 2418 5131 2449 5170; x_wconf 91' lang='lat' dir='ltr'><strong>a</strong></span> <span class='ocrx_word' id='word_1_814' title='bbox 2479 5114 2656 5170; x_wconf 81' lang='lat' dir='ltr'><strong>medio</strong></span> <span class='ocrx_word' id='word_1_815' title='bbox 2704 5112 2829 5167; x_wconf 77' lang='lat' dir='ltr'><strong>cali</strong></span> <span class='ocrx_word' id='word_1_816' title='bbox 2861 5111 2931 5167; x_wconf 89' lang='lat' dir='ltr'><strong>ad</strong></span> <span class='ocrx_word' id='word_1_817' title='bbox 2959 5125 3239 5174; x_wconf 91' lang='lat' dir='ltr'><strong>occasum,</strong></span> <span class='ocrx_word' id='word_1_818' title='bbox 3269 5109 3351 5164; x_wconf 81' lang='lat' dir='ltr'><strong>id-</strong></span> 
     </span>
    </p>
   </div>
   <div class='ocr_carea' id='block_1_110' title="bbox 1786 5202 3352 5280">
    <p class='ocr_par' dir='ltr' id='par_1_110' title="bbox 1786 5202 3352 5280">
     <span class='ocr_line' id='line_1_110' title="bbox 1786 5202 3352 5280; baseline -0.006 -14"><span class='ocrx_word' id='word_1_819' title='bbox 1786 5226 1894 5280; x_wconf 88' lang='lat' dir='ltr'><strong>que</strong></span> <span class='ocrx_word' id='word_1_820' title='bbox 1945 5216 2167 5279; x_wconf 89' lang='lat' dir='ltr'><strong>propter</strong></span> <span class='ocrx_word' id='word_1_821' title='bbox 2197 5207 2577 5278; x_wconf 87' lang='lat' dir='ltr'><strong>obliquitatem</strong></span> <span class='ocrx_word' id='word_1_822' title='bbox 2616 5204 2850 5269; x_wconf 90' lang='lat' dir='ltr'><strong>zodiaci,</strong></span> <span class='ocrx_word' id='word_1_823' title='bbox 2883 5219 2949 5259; x_wconf 90' lang='lat' dir='ltr'><strong>ac</strong></span> <span class='ocrx_word' id='word_1_824' title='bbox 2986 5202 3257 5259; x_wconf 87' lang='lat' dir='ltr'><strong>interdum</strong></span> <span class='ocrx_word' id='word_1_825' title='bbox 3284 5217 3352 5258; x_wconf 78' lang='lat' dir='ltr'><strong>ex</strong></span> 
     </span>
    </p>
   </div>
   <div class='ocr_carea' id='block_1_111' title="bbox 1785 5284 3354 5371">
    <p class='ocr_par' dir='ltr' id='par_1_111' title="bbox 1785 5284 3354 5371">
     <span class='ocr_line' id='line_1_111' title="bbox 1785 5284 3354 5371; baseline -0.008 -12"><span class='ocrx_word' id='word_1_826' title='bbox 1785 5302 1894 5359; x_wconf 89' lang='lat' dir='ltr'><strong>illis</strong></span> <span class='ocrx_word' id='word_1_827' title='bbox 1925 5316 2021 5357; x_wconf 82' lang='lat' dir='ltr'><strong>sex</strong></span> <span class='ocrx_word' id='word_1_828' title='bbox 2052 5299 2246 5371; x_wconf 73' lang='lat' dir='ltr'><strong>signis,</strong></span> <span class='ocrx_word' id='word_1_829' title='bbox 2285 5314 2407 5369; x_wconf 79' lang='lat' dir='ltr'><strong>qua</strong></span> <span class='ocrx_word' id='word_1_830' title='bbox 2450 5312 2665 5369; x_wconf 87' lang='lat' dir='ltr'><strong>semper</strong></span> <span class='ocrx_word' id='word_1_831' title='bbox 2706 5307 2833 5352; x_wconf 91' lang='lat' dir='ltr'><strong>sunt</strong></span> <span class='ocrx_word' id='word_1_832' title='bbox 2884 5310 3050 5366; x_wconf 91' lang='lat' dir='ltr'><strong>supra</strong></span> <span class='ocrx_word' id='word_1_833' title='bbox 3096 5284 3354 5349; x_wconf 78' lang='lat' dir='ltr'><strong>horizon-</strong></span> 
     </span>
    </p>
   </div>
   <div class='ocr_carea' id='block_1_112' title="bbox 1785 5390 3353 5459">
    <p class='ocr_par' dir='ltr' id='par_1_112' title="bbox 1785 5390 3353 5459">
     <span class='ocr_line' id='line_1_112' title="bbox 1785 5390 3353 5459; baseline -0.008 -10"><span class='ocrx_word' id='word_1_834' title='bbox 1785 5403 1918 5459; x_wconf 90' lang='lat' dir='ltr'><strong>tem,</strong></span> <span class='ocrx_word' id='word_1_835' title='bbox 1948 5393 2078 5459; x_wconf 90' lang='lat' dir='ltr'><strong>tria,</strong></span> <span class='ocrx_word' id='word_1_836' title='bbox 2122 5399 2177 5448; x_wconf 89' lang='lat' dir='ltr'><strong>et</strong></span> <span class='ocrx_word' id='word_1_837' title='bbox 2223 5391 2511 5447; x_wconf 90' lang='lat' dir='ltr'><strong>dimidium</strong></span> <span class='ocrx_word' id='word_1_838' title='bbox 2557 5407 2588 5445; x_wconf 86' lang='lat' dir='ltr'><strong>a</strong></span> <span class='ocrx_word' id='word_1_839' title='bbox 2633 5390 2812 5446; x_wconf 87' lang='lat' dir='ltr'><strong>medio</strong></span> <span class='ocrx_word' id='word_1_840' title='bbox 2855 5390 2979 5444; x_wconf 77' lang='lat' dir='ltr'><strong>cali</strong></span> <span class='ocrx_word' id='word_1_841' title='bbox 3032 5402 3229 5444; x_wconf 88' lang='lat' dir='ltr'><strong>versus</strong></span> <span class='ocrx_word' id='word_1_842' title='bbox 3260 5399 3353 5439; x_wconf 75' lang='lat' dir='ltr'><strong>or-</strong></span> 
     </span>
    </p>
   </div>
   <div class='ocr_carea' id='block_1_113' title="bbox 1788 5479 3352 5555">
    <p class='ocr_par' dir='ltr' id='par_1_113' title="bbox 1788 5479 3352 5555">
     <span class='ocr_line' id='line_1_113' title="bbox 1788 5479 3352 5555; baseline -0.006 -15"><span class='ocrx_word' id='word_1_843' title='bbox 1788 5494 1906 5540; x_wconf 92' lang='lat' dir='ltr'><strong>tum</strong></span> <span class='ocrx_word' id='word_1_844' title='bbox 1960 5483 2418 5555; x_wconf 88' lang='lat' dir='ltr'><strong>intercipiuntur,</strong></span> <span class='ocrx_word' id='word_1_845' title='bbox 2458 5481 2566 5537; x_wconf 90' lang='lat' dir='ltr'><strong>duo</strong></span> <span class='ocrx_word' id='word_1_846' title='bbox 2610 5488 2665 5537; x_wconf 89' lang='lat' dir='ltr'><strong>et</strong></span> <span class='ocrx_word' id='word_1_847' title='bbox 2697 5479 2982 5535; x_wconf 88' lang='lat' dir='ltr'><strong>dimidium</strong></span> <span class='ocrx_word' id='word_1_848' title='bbox 3017 5488 3210 5532; x_wconf 82' lang='lat' dir='ltr'><strong>versus</strong></span> <span class='ocrx_word' id='word_1_849' title='bbox 3256 5489 3352 5530; x_wconf 81' lang='lat' dir='ltr'><strong>oc-</strong></span> 
     </span>
    </p>
   </div>
   <div class='ocr_carea' id='block_1_114' title="bbox 1788 5593 1993 5635">
    <p class='ocr_par' dir='ltr' id='par_1_114' title="bbox 1788 5593 1993 5635">
     <span class='ocr_line' id='line_1_114' title="bbox 1788 5593 1993 5635; baseline 0 -2"><span class='ocrx_word' id='word_1_850' title='bbox 1788 5593 1993 5635; x_wconf 87' lang='lat' dir='ltr'><strong>casum.</strong></span> 
     </span>
    </p>
   </div>
  </div>
