3786 6324
440 316 555 378 ⁷165

1449 320 1535 377 Αἰ)
1574 318 1843 378 Ευδεθει
1876 320 2273 381 CHRONICON
2309 323 2689 411 ΑΡΡΕΝυΙΧς

3573 326 3678 389 Ἰδὲ

813 1617 1148 2351 :J

499 3108 618 3164 Jam
650 3117 876 3180 propter
903 3110 1183 3166 climatum
1218 3108 1556 3165 diti‘erentias
1588 3107 1755 3163 etiam
1785 3105 1844 3159 in
1876 3119 1992 3175 par-

2114 3099 2321 3173 έδἮδη
2342 3096 2400 3151 δὲ
2432 3095 2584 3167 παρὰ
2616 3092 2715 3157 τὰς
2736 3089 2848 3145 τῶν
2875 3086 3153 3160 κλιμάτων
3185 3086 3445 3157 διαφορὰς
3484 3085 3578 3140 καὶ
3600 3083 3674 3145 είς

434 3206 516 3252 tes
542 3199 714 3269 magis
740 3199 1037 3271 inaequales
1061 3185 1324 3255 diuiditur
1346 3200 1603 3255 zodiacus
1620 3213 1650 3253 a
1675 3195 2003 3262 meridiano,

427 3296 485 3344 et
515 3290 790 3346 interdum
818 3293 887 3348 de
914 3293 1016 3348 180
1057 3293 1354 3364 gradibus,
1392 3293 1486 3365 qui
1520 3306 1736 3363 semper
1758 3298 1887 3347 sunt
1916 3304 2004 3343 su-

429 3399 527 3455 pra
565 3385 927 3451 horizontem,
960 3387 1063 3443 £20
1087 3388 1291 3459 gradus
1328 3403 1360 3442 a
1407 3386 1587 3442 medio
1633 3384 1761 3440 caeli
1807 3398 2002 3439 versus

427 3486 611 3533 ortum
640 3481 1066 3551 intercipiuntur
1093 3501 1106 3536 :
1138 3481 1208 3537 60
1237 3497 1367 3537 vero
1397 3480 1600 3551 gradus
1632 3493 1826 3534 versus
1848 3490 2006 3531 occa-

431 3584 577 3633 sum,
603 3578 658 3625 et
682 3580 898 3627 contra.
931 3573 1072 3627 Cum
1105 3573 1273 3643 igitur
1296 3573 1352 3626 in
1384 3572 1658 3627 divisione
1684 3568 1895 3624 zodiaci
1922 3578 2004 3623 ta-

428 3661 499 3716 lis
521 3663 593 3717 sit
641 3665 902 3728 varietas,
950 3665 1178 3720 omnino
1227 3664 1581 3720 manifestum
1633 3662 1690 3716 lit
1735 3668 1998 3717 erratum.

428 3752 565 3809 Cum
588 3756 737 3810 enim
762 3757 1040 3827 Aquarius
1060 3758 1260 3821 oritur,
1287 3773 1398 3812 non
1432 3763 1578 3812 tenet
1605 3756 1843 3811 medium
1875 3754 1999 3810 caeli

429 3847 664 3915 Taurus,
701 3851 795 3906 sed
819 3859 935 3906 toto
973 3851 1133 3922 signo
1168 3866 1199 3905 a
1232 3852 1411 3907 medio
1441 3851 1569 3906 εωιί
1608 3850 1786 3904 aberit
1827 3851 1998 3904 inter-

428 3939 559 3996 dum
617 3944 783 3997 etiam
842 3942 1085 4012 longius.
1131 3941 1319 4013 Neque
1375 3941 1545 3996 imum
1600 3940 1725 3996 coeli
1780 3939 2001 3995 habebit

428 4033 745 4106 Scorpius:
791 4035 885 4091 sed
935 4035 1079 4090 idem
1129 4050 1160 4090 a
1224 4033 1532 4089 meridiano
1576 4034 1792 4103 integro
1843 4032 1999 4101 signo

424 4127 669 4195 distabit,
704 4126 977 4183 interdum
1003 4128 1171 4183 etiam
1188 4127 1426 4201 longius.
1459 4125 1648 4197 itaque
1667 4126 1782 4180 haec
1806 4138 1999 4180 secun-

424 4222 552 4278 dum
594 4222 863 4295 quosdam
912 4222 1316 4296 quadratorum.
1354 4220 1604 4277 doctrina
1659 4219 1883 4280 omnino
1912 4225 1998 4272 est

422 4316 583 4373 falsa.

490 4409 803 4466 Secundum
825 4408 1284 4465 combinationem
1313 4407 1492 4481 posita
1515 4406 1670 4478 signa
1704 4419 1768 4460 ea
1800 4403 1995 4459 dicun-

420 4512 529 4571 tur,
560 4519 680 4576 quae
706 4519 775 4559 ex
832 4503 1025 4561 eodem
1086 4503 1211 4560 loco
1244 4504 1525 4566 oriuntur,
1555 4507 1607 4555 et
1653 4499 1713 4554 in
1737 4495 1989 4576 eumdem

418 4598 597 4653 locum
625 4598 902 4654 occidunt.
925 4598 1052 4654 Haec
1072 4606 1252 4652 autem
1285 4604 1436 4662 sunt,
1452 4609 1575 4665 quae
1602 4594 1744 4647 inter
1765 4571 1989 4647 eosdem

415 4690 523 4746 sita
557 4700 687 4747 sunt
719 4693 1015 4762 parallelos
1044 4692 1310 4748 circulos.
1348 4687 1568 4743 Veteres
1598 4683 1817 4754 quidem
1848 4694 1993 4737 com-

414 4782 725 4840 binationes
760 4786 1040 4855 signorum
1072 4784 1154 4839 sic
1180 4781 1527 4852 exponebant
1556 4798 1577 4839 ιη
1594 4778 1865 4833 Cancrum
1898 4775 1992 4830 do-

413 4883 648 4932 cuerunt
696 4863 908 4929 nullam
962 4875 1170 4928 habere
1217 4868 1679 4926 combinatiouem
1713 4880 1836 4920 cum
1880 4863 1989 4917 alio

412 4969 609 5041 signo:
646 4970 741 5025 sed
770 4977 825 5025 et
861 4967 1000 5023 oriri
1038 4965 1275 5022 maxime
1314 4960 1615 5025 borealem,
1651 4967 1704 5015 et
1732 4955 1985 5013 occidere

410 5062 649 5117 maxime
703 5059 974 5115 borealem
996 5097 1013 5122 ,
1045 5070 1172 5112 cum
1205 5054 1260 5108 in
1292 5053 1385 5107 tali
1432 5052 1618 5124 aliquo
1665 5053 1985 5121 argumento

409 5154 681 5225 probabili
710 5151 1150 5220 acquiescerent.
1181 5143 1317 5200 Cum
1349 5144 1497 5200 enim
1530 5143 1720 5199 aestiva
1746 5138 1983 5195 solstitia

408 5246 542 5301 ﬁant
568 5248 622 5301 in
651 5244 890 5307 Cancro,
921 5249 976 5295 et
1004 5239 1064 5293 in
1109 5235 1316 5292 aestivis
1345 5234 1599 5293 solstitiis
1629 5233 1711 5288 sol
1745 5231 1983 5285 maxime

406 5338 647 5395 borealis
677 5336 795 5400 ﬁat,
849 5335 919 5390 ob
968 5333 1073 5387 hoc
1114 5340 1381 5403 putarunt
1424 5330 1661 5385 maxime
1703 5323 1978 5381 borealem

405 5432 541 5487 oriri
579 5431 879 5492 Cancrum,
909 5427 1165 5484 similiter
1185 5433 1239 5480 et
1264 5424 1535 5480 occidere.
1567 5420 1769 5475 Eadem
1795 5424 1979 5473 autem

406 5522 548 5577 ratio
574 5529 659 5578 est
688 5518 855 5574 etiam
902 5519 957 5573 in
991 5518 1347 5588 Capricorno.
1402 5513 1621 5569 Etenim
1678 5512 1825 5566 hunc
1874 5524 1978 5576 pu-

405 5615 592 5670 tabant
622 5611 857 5668 maxime
883 5614 1176 5667 australem
1219 5610 1375 5670 oriri,
1406 5615 1462 5663 et
1495 5621 1621 5660 cum
1675 5603 1826 5658 nullo
1866 5599 1975 5655 alio

2114 5593 2300 5655 ἐλλειν,
2353 5588 2445 5641 καὶ
2500 5582 2634 5654 πρὸς
2695 5577 2857 5651 μηδὲν
2913 5574 3099 5644 ἕτερον

404 5710 561 5783 signo
611 5706 1068 5766 combinationem
1103 5704 1328 5761 habere.
1365 5701 1505 5758 Cum
1547 5699 1693 5755 enim
1745 5695 1973 5768 hiberna

478 5822 520 5855 ⁸⁸
553 5822 581 5887 1
632 5837 699 5874 πε
707 5817 926 5887 ριλαμσ.

2102 3192 2408 3261 ἀνισώτερα
2442 3189 2581 3259 μέρη
2607 3186 2889 3257 διαιρεῖται
2922 3180 3027 3235 ὑπὸ
3056 3178 3151 3233 τοῦ
3182 3176 3555 3251 μεσημϐριωῦ
3580 3176 3671 3230 xii-

2103 3285 2255 3339 κλου.
2285 3280 2398 3335 Καὶ
2425 3279 2571 3332 ἔστιν
2603 3278 2692 3331 ὅτε
2716 3275 2823 3329 τῶν
2860 3279 2947 3345 ρπ¹
2994 3270 3197 3344 μοιρῶν
3228 3269 3337 3323 τῶν
3372 3268 3460 3323 διὰ
3484 3268 3673 3330 παντὸς

2103 3376 2246 3446 ὑπὲρ
2272 3373 2364 3425 τὸν
2394 3370 2643 3442 ὁρίζοντα
2675 3364 3032 3438 ὑπαρχουσῶν
3079 3369 3121 3432 ρ’
3154 3362 3252 3433 μὲν
3297 3360 3393 3415 καὶ
3424 3366 3470 3414 κ’
3497 3362 3674 3430 μοῖραι

2103 3468 2212 3523 ἀπὸ
2242 3465 2343 3537 τῆς
2399 3461 2848 3536 μεσουρανήσεως
2883 3455 3017 3529 πρὸς
3052 3453 3316 3524 ἀνατολὴν
3364 3450 3672 3522 ἀπολαμϐά-

2101 3575 2304 3622 νονται,
2338 3556 2378 3621 ξ’
2409 3556 2466 3608 δὲ
2512 3554 2647 3625 πρὸς
2684 3552 2856 3615 δύσιν,
2901 3550 2997 3603 καὶ
3040 3546 3368 3601 τούναντίον.
3417 3542 3673 3613 Τοιαύτης

2100 3646 2193 3707 οὖν
2218 3648 2384 3720 οὔσης
2406 3646 2507 3717 τῆς
2538 3642 2894 3715 παραλλαγῆς
2928 3642 2985 3694 ὲν
3025 3642 3092 3710 τῇ
3138 3637 3402 3708 διαιρέσει
3445 3634 3538 3689 τοῦ
3572 3635 3672 3697 ξω-

2100 3742 2288 3799 διακοῦ
2317 3739 2540 3803 κύκλου,
2578 3736 2800 3807 ἔκδηλον
2831 3731 3134 3803 ὁλοσχερῶς
3164 3729 3377 3799 γίνεται
3414 3727 3474 3781 τὸ
3506 3726 3676 3796 ἁμάρ-

2099 3852 2270 3908 τημα.
2312 3831 2598 3903 ’Υδροχόου
2642 3828 2751 3900 γὰρ
2781 3824 3189 3886 ἀνατέλλοντος,
3243 3821 3305 3874 οὐ
3360 3818 3676 3890 μεσουρανεί

2100 3929 2335 4001 Ταῦρος,
2363 3924 2477 3980 ἀλλ’
2512 3920 2699 3992 ἀφέξει
2736 3917 2923 3983 ζὼδιον
2945 3916 3063 3970 ὅλον
3090 3913 3201 3968 ἀπὸ
3224 3913 3323 3983 τῆς
3350 3908 3680 3983 μεσουρανήο.

2100 4035 2269 4083 σεως’
2318 4018 2432 4071 ἔστι
2469 4015 2527 4069 δὲ
2563 4016 2651 4067 ὅτε
2692 4011 2787 4065 καὶ
2831 4008 3013 4062 πλέον.
3043 4006 3177 4060 Οὐδὲ
3210 4005 3317 4058 ὑπὸ
3355 4004 3456 4074 γῆν
3489 4018 3673 4074 μεσσυο

2100 4114 2323 4185 ρανήσει
2357 4106 2621 4179 Σςιορπίος
2642 4120 2663 4137 ι
2687 4102 2822 4156 ἀλλά
2860 4100 3047 4165 ζώδιον
3072 4096 3191 4152 ὅλον
3231 4094 3421 4165 ἀφέξει
3453 4092 3560 4147 ἀπὸ
3585 4091 3670 4143 τοῦ

2101 4184 2504 4274 μεσημϐρινοῦ·
2542 4197 2655 4249 ἔστι
2683 4194 2739 4247 δὲ
2760 4194 2849 4246 ὅτε
2879 4192 2974 4245 καὶ
3005 4189 3210 4243 πλεῖον.
3248 4188 3415 4240 Ὥστε
3454 4184 3676 4240 καθόλου

2094 4296 2194 4367 τὴν
2222 4293 2328 4347 τῶν
2351 4288 2707 4362 τετραγώνων
2734 4285 2949 4340 ἔκθεσιν
2981 4279 3411 4354 διημαρτῆσθαι.

2166 4384 2325 4439 Κατά
2350 4381 2609 4449 συζυγίαν
2635 4380 2691 4432 δὲ
2721 4377 2938 4446 λέγεται
2965 4374 3130 4439 ζὼδια
3176 4371 3246 4424 τὰ
3282 4372 3361 4429 ἐκ,
3382 4367 3475 4422 τοῦ
3511 4363 3669 4421 αὑτοῦ

2025 4467 2074 4523 B‘
2095 4478 2262 4531 τόπου
2287 4472 2661 4535 ἀνατέλλοντα,
2696 4470 2792 4523 καὶ
2822 4469 2903 4531 είς
2928 4467 3020 4520 τὸν
3050 4463 3215 4523 αὑτὸν
3239 4462 3402 4516 τόπον
3435 4458 3666 4513 δύνοντα.

2096 4567 2283 4622 Ταῦτα
2308 4564 2366 4618 δέ
2398 4566 2515 4616 ἐστί
2537 4560 2615 4615 τὰ.
2637 4560 2743 4614 ὑπὸ
2759 4559 2868 4612 τῶν
2902 4556 3078 4610 αὐτῶν
3116 4551 3473 4624 παραλλήλων
3502 4565 3670 4620 παρα-

2092 4655 2475 4729 λαμϐανόμενα
2493 4654 2537 4686 ¹⁵
2552 4651 2787 4707 κύκλων.
2810 4650 2883 4702 0L
2906 4649 3004 4720 μὲν
3024 4641 3115 4700 οὖν
3140 4646 3358 4715 ἀρχαῖοι
3392 4642 3491 4706 τὰς
3513 4641 3668 4704 συζυ-

2090 4754 2215 4822 γίας
2243 4746 2600 4817 ἀπεφαίνοντο
2620 4743 2793 4806 οὕτως
2810 4758 2824 4772 ·
2843 4738 3111 4811 Καρκίνον
3138 4736 3235 4807 μὲν
3258 4732 3556 4798 ὲξετίθεντο
3579 4747 3669 4800 μη-

2088 4849 2144 4901 δε
2154 4846 2281 4918 μίαν
2298 4843 2439 4914 ἔχειν
2454 4840 2714 4907 συζυγίαν
2734 4834 2871 4907 πρὸς
2894 4832 3020 4888 ἀλλο
3036 4829 3223 4895 ζώδιον
3239 4845 3253 4858 ο
3270 4825 3407 4880 ἀλλά
3428 4824 3522 4878 καὶ
3541 4825 3665 4877 ἀνα-

2086 4939 2291 4995 τέλλειν
2323 4934 2683 5008 βορειότατον,
2716 4929 2811 4983 καὶ
2847 4926 3024 4981 δύνειν
3056 4920 3419 4993 βορειότατον,
3446 4918 3664 4993 τοιούτῳ

2086 5034 2190 5088 τινὶ
2216 5028 2457 5092 πιθανῶς
2489 5020 3055 5098 προσαναπαυόμενοι.
3091 5012 3245 5069 Ἐπεὶ
3273 5012 3384 5085 γὰρ
3425 5012 3480 5064 αἱ
3522 5008 3661 5081 Θερι-

2085 5125 2175 5179 ναὶ
2211 5121 2409 5195 τροπαὶ
2434 5118 2673 5187 γίνονται
2707 5117 2764 5168 ὲν
2792 5109 3073 5182 Καρκίνῳ,
3111 5106 3169 5158 ὲν
3200 5104 3256 5158 δὲ
3287 5105 3409 5166 ταῖς
3434 5101 3672 5171 θεριναῖςΔ

2083 5191 2311 5289 τροπαῖς
2342 5210 2677 5285 βορειότατος
2712 5207 2920 5275 γίνεται
2965 5203 2994 5254 ὁ
3021 5199 3182 5270 ἥλιος
3200 5236 3215 5262 ,
3242 5195 3332 5255 διὰ
3362 5192 3520 5248 τοῦτο
3563 5191 3665 5244 ὐπ-

2085 5285 2280 5363 ἐλαὸον
2311 5304 2647 5377 βορειότατον
2672 5295 2980 5351 ἀνατέλλειν
2998 5292 3090 5345 τὸν
3115 5289 3389 5359 Καρκίνον
3409 5304 3423 5317 ο
3464 5285 3660 5356 ὁμοίως

2080 5403 2137 5457 δὲ
2164 5401 2257 5456 και
2283 5375 2480 5453 sum.
2518 5395 2576 5448 'o
2620 5391 2678 5445 δὲ
2718 5388 2881 5451 αὐτὸς
2914 5386 3069 5454 λόγος
3110 5382 3203 5434 και
3237 5379 3335 5442 ἐπὶ
3376 5377 3470 5432 τοῦ
3504 5375 3662 5446 A176-

2079 5513 2246 5568 κερω.
2279 5492 2390 5547 Καὶ
2421 5488 2528 5560 γὰρ
2558 5485 2746 5541 τοῦτον
2777 5477 3155 5549 ὑπελάμϐανον
3184 5472 3503 5528 νοτιώτατον
3530 5471 3657 5523 ἀνα-

3153 5566 3343 5634 ζώδιον
3365 5584 3371 5588 ·
3400 5562 3654 5629 συζυγίαν

2077 5686 2242 5757 ἔχειν.
2285 5681 2438 5736 Ἐπεὶ
2488 5675 2598 5748 γὰρ
2649 5673 2706 5729 αἱ
2745 5668 2945 5726 τοοπαλ⁸
2986 5660 3291 5736 χειμεριναὶ
3329 5658 3562 5728 γίνονται
3593 5665 3656 5710 ιν
