3786 6322
102 376 186 430 165
1086 352 1326 412 GEMINI
1365 343 1738 404 ELEMENTA
1773 335 2263 397 ASTRONOMIAS.

3203 311 3306 367 766

104 493 264 560 Αἰγὸκε
275 507 366 561 ρῳ,
389 488 449 540 ὲν
476 486 537 540 δὲ
570 487 688 546 ταῖς
719 481 1045 553 χειμεριναίς
1073 477 1298 549 τροπαῖς
1330 470 1647 532 νθτιώτατος

1780 462 1986 517 olstitia
2020 459 2154 514 ﬁant
2188 456 2240 510 in
2274 451 2647 522 Capricorno,
2679 443 2735 498 in
2773 435 3024 496 solstitiis
3058 446 3187 487 vero
3233 430 3312 482 hi-

1889 553 1900 561 '
2090 549 2100 559 '
2255 560 2260 561 ν
2327 541 2501 561 νίη-η-
2537 536 2613 561 -λὶ
2647 534 2734 561 Ωιι·
2768 547 2780 559 ο
2811 529 2880 561 ΑΒ
2917 527 3019 561 lmn
3051 520 3312 561 nnlnlmnt

108 586 277 654 γίνεται
316 582 343 632 ὁ
380 579 571 650 ἥλιος·
609 576 695 629 διὰ
725 573 879 627 τοῦτο
918 567 1294 640 ὑπελάμϐανον
1329 561 1643 618 νοτιωτατον

104 653 375 732 ἀνατέλλειν
422 670 517 724 τὸν
550 668 858 738 Αἰγόκερων
877 706 892 730 ,
940 663 1034 717 καὶ
1079 659 1242 731 μηδὲν
1291 656 1415 711 ἄλλο
1460 653 1645 717 ζῶδιον

104 769 154 821 ὲκ
182 763 263 817 τοῦ
297 761 460 815 αὐτοῦ
491 761 660 812 τόπου
685 756 988 813 ἀνατέλλειν
1019 752 1112 807 καὶ
1139 749 1312 804 δύνειν
1344 746 1641 816 Αἰγόκερῳ.

104 857 193 919 Τὰς
231 854 282 907 δὲ
318 851 513 915 λοιπὰς
542 849 800 918 συζυγίας
833 846 1128 912 ἐξετίθεντο
1163 841 1366 904 οὕτως·
1399 837 1648 906 Διδύμοις

105 949 312 1012 Λέοντα,
370 943 573 1016 Ταύρῳ
626 940 936 1012 Παρθένον,
992 936 1146 1007 Κριῷ
1200 934 1401 1002 Ζυγὸν,
1451 926 1646 999 Ἰχθύσι

105 1037 357 1110 Σκορπίον,
385 1034 656 1106 ’Υδροχὸῳ
695 1032 951 1103 Τοξότην.
983 1029 1094 1098 Τὴν
1122 1027 1179 1080 δὲ
1207 1023 1460 1092 τοιαύτην
1491 1019 1648 1073 ἔκθε-

105 1146 172 1182 σιν
197 1108 464 1191 παντελῶς
485 1123 930 1196 διημαρτημένην
957 1114 1094 1173 εἶναι
1118 1114 1484 1187 συμϐέϐηκεν.
1514 1108 1649 1164 Οὔτε

105 1219 190 1290 γὰρ
215 1219 268 1273 ὲν
284 1218 386 1288 ὅλῳ
402 1216 481 1287 τῷ
509 1214 770 1285 Καρκίνῳ
795 1210 994 1282 τροπαὶ
1013 1208 1250 1290 γίνονται
1264 1222 1277 1234 ο
1299 1202 1413 1256 ἀλλ’
1429 1201 1572 1254 ἔστιν
1591 1198 1650 1252 ’ἐν

107 1326 144 1362 ιι
166 1289 373 1378 σημεῖον
401 1305 546 1374 λόγῳ
575 1301 866 1373 Θεωρητὸν,
896 1299 980 1368 ἐφ’
1019 1289 1082 1350 οὗ
1125 1295 1412 1364 γενόμενος
1439 1293 1467 1344 ὁ
1494 1290 1645 1360 ἥλιος

106 1399 183 1469 τὴν
222 1397 422 1469 τροπὴν
466 1396 718 1448 ποιεῖται.
753 1391 840 1446 Ἐν
888 1388 996 1460 γὰρ
1049 1384 1338 1456 πιγμιαίῳ
1389 1383 1562 1455 χρόνῳ
1596 1381 1652 1434 αἰ.

106 1490 273 1561 τροπαί
289 1489 550 1558 γίνονται.
573 1485 646 1538 Τὸ
666 1484 721 1537 δὲ
743 1483 861 1536 ὅλον
887 1478 1354 1548 δωδεκατημόριον
1381 1474 1474 1528 τοῦ
1503 1474 1654 1544 Καρ-

107 1579 232 1632 κίνου
256 1578 457 1649 ὁμοίως
491 1579 666 1629 κεῖται
699 1577 810 1637 τοῖς
839 1571 1109 1642 Διδύμοις,
1139 1568 1232 1622 καί
1263 1566 1520 1636 ἑκάτερον
1557 1563 1656 1616 αύο

106 1671 194 1725 τῶν
223 1670 329 1723 ἴσον
358 1667 552 1738 ἀπέχει
597 1665 706 1720 ἀπὸ
742 1663 834 1717 τοῦ
876 1658 1088 1730 θερινοῦ
1119 1655 1380 1729 τροπικοῦ
1407 1654 1652 1726 σημείου.

107 1763 169 1816 Δι’
190 1762 249 1832 ἢν
269 1761 447 1816 αἰτίαν
480 1758 577 1812 καὶ
598 1755 666 1809 τὰ
705 1753 909 1826 μεγέθη
935 1749 1043 1803 τῶν
1071 1747 1295 1819 ἡμερῶν
1331 1746 1423 1799 καὶ
1451 1742 1657 1796 νυκτῶν

1750 553 1936 609 bernis
1961 549 2198 604 maxime
2241 520 2504 598 australis
2536 536 2616 593 sol
2647 534 2740 588 ﬁat
2768 547 2781 583 :
2811 529 2880 585 ob
2917 527 3022 580 hoc
3051 520 3316 594 putabant

1750 647 1985 702 maxime
2039 638 2334 695 australem
2370 632 2503 688 oriri
2556 625 2969 698 Capricornum,
3009 626 3063 671 et
3107 611 3317 667 nullum

1751 831 1931 885 locum
1978 825 2229 882 occidere
2270 835 2396 877 cum
2443 813 2801 884 Capricorno.
2828 805 3089 872 Reliquas
3122 793 3321 852 combi-

1752 921 2004 976 nationes
2025 918 2107 972 sic
2131 911 2502 984 exponebant,
2536 903 2902 960 attribuentes
2923 890 3166 949 Geminis
3198 885 3323 942 Leo-

1754 1028 1903 1078 nem,
1957 1010 2142 1065 Tauro
2181 977 2484 1075 \lirginem,
2542 994 2716 1051 Arieti
2765 991 3017 1048 Libram,
3068 977 3321 1035 Piscibus

1757 1103 2068 1174 Scorpium,
2102 1067 2345 1170 Aquario
2384 1088 2762 1162 Sagittarium.
2811 1081 2880 1135 At
2907 1077 3072 1132 talem
3105 1067 3325 1139 exposi-

1756 1197 1955 1253 tionem
2002 1192 2228 1249 omnino
2281 1201 2404 1245 esse
2453 1193 2739 1240 erroneam
2793 1169 3080 1238 contingit.
3137 1162 3325 1230 Neque

1756 1291 1902 1348 enim
1936 1290 1991 1342 in
2021 1295 2138 1342 toto
2177 1285 2393 1338 Cancro
2442 1272 2680 1331 solstitia
2712 1268 2848 1322 ﬁunt
2874 1284 2887 1319 :
2922 1260 3016 1317 sed
3043 1262 3127 1312 est
3154 1265 3324 1309 unum

1757 1381 2032 1454 quoddam
2066 1379 2285 1448 signum
2314 1370 2528 1426 ratione
2567 1355 2999 1435 percipiendum,
3031 1351 3087 1404 in
3108 1359 3215 1416 quo
3244 1340 3328 1398 sol

1759 1473 1971 1544 positus
1999 1441 2297 1525 solstitium
2334 1460 2520 1518 eﬁicit.
2545 1456 2604 1510 ln
2634 1455 2909 1508 momento
2947 1441 3095 1498 enim
3125 1445 3330 1504 tempo-

1758 1565 1839 1620 ris
1889 1559 2314 1616 conversiones.
2365 1553 2478 1608 sive
2524 1543 2764 1604 solstitia
2818 1539 2957 1594 ﬁunt
2986 1551 3004 1587 ι
3033 1539 3088 1586 at
3150 1534 3327 1582 totum

1762 1657 1975 1727 signum
2017 1650 2222 1708 Cancri
2274 1644 2546 1717 positione
2603 1636 2784 1694 simile
2834 1638 2919 1687 est
2969 1621 3243 1685 Geminis,
3277 1623 3331 1670 et

1763 1715 2058 1814 utvrumque
2084 1715 2594 1806 eorum—aequaliter
2617 1729 2788 1783 distat
2815 1723 2883 1776 ab
2912 1717 3101 1774 aestivo
3127 1715 3331 1782 puncto

107 1856 180 1908 ἶσα
211 1803 358 1907 ἔστὶν
402 1854 461 1905 ὲν
499 1803 750 1919 Διδύμοίς
785 1803 975 1899 καίιὲν
1014 1803 1303 1912 Καρκίνῳο
1339 1837 1434 1891 καὶ
1465 1837 1521 1890 ὲν
1549 1837 1658 1897 τοῖς

1778 1837 2033 1898 ίοιειίιίιιιί
2067 1851 2082 1888 :
2112 1834 2184 1890 ob
2231 1844 2395 1902 quam
2441 1837 2664 1880 causam
2717 1817 2881 1874 etiam
2929 1803 3332 1879 magnitudines

106 1945 462 2014 ὡροσκοπείοις
527 1942 586 1995 αἰ
641 1940 744 1992 ὑπὸ
795 1935 905 1989 τῶν
965 1933 1255 2003 γνωμόνων
1322 1928 1660 2003 γραφόμεναι

106 2037 336 2107 γραμμαὶ
389 2036 503 2088 ἴσον
556 2031 817 2102 ἀπέχουσι
861 2025 956 2078 τοῦ
1011 2023 1224 2096 Θερινοῦ
1269 2018 1528 2094 τροπικοῦ
1568 2035 1664 2088 ση-

108 2131 233 2200 μείου
255 2129 366 2200 (10)
395 2128 491 2183 καὶ
521 2127 582 2179 ὲν
610 2124 868 2195 Καρκίνῳ
894 2122 988 2175 καὶ
1023 2121 1082 2172 ὲν
1111 2117 1380 2187 Διδύμοις.
1416 2112 1503 2179 Ἐξ
1549 2112 1660 2164 ῐσου

107 2223 194 2292 γὰρ
213 2224 410 2274 κεῖνται
435 2218 574 2291 πρὸς
593 2217 653 2270 τὸ
676 2215 884 2286 θερινὸν
911 2214 1134 2284 σημεῖον
1160 2208 1229 2263 τὰ
1252 2208 1342 2260 δύο
1365 2205 1664 2274 δωδεκατη-

109 2311 266 2380 μόρια.
303 2308 464 2363 Ὅθεν
486 2308 582 2360 καί
622 2306 727 2359 ὑπὸ
755 2303 862 2357 τῶν
905 2301 1083 2356 αὐτῶν
1111 2297 1468 2371 παραλλήλων
1495 2297 1663 2364 ἐμπε-

109 2402 474 2475 ριλαμϐάνεται
498 2399 738 2461 κύκλων,
763 2395 852 2449 διά
876 2411 936 2449 τε
961 2392 1120 2447 τοῦτο
1155 2394 1220 2445 ὲκ
1253 2388 1346 2442 τοῦ
1385 2385 1548 2440 αὑτοῦ
1581 2384 1665 2437 τό-

111 2513 193 2548 που
234 2492 582 2548 ἀνατέλλουσι
636 2487 895 2558 Δίδυμοι,
968 2483 1286 2555 Καρκίνος,
1342 2478 1544 2549 ὁμοίως
1603 2491 1664 2527 τε

110 2585 330 2639 δύνωσιν
357 2587 438 2651 είς
466 2584 562 2636 τὸν
594 2566 756 2635 αὐτὸν
783 2577 965 2630 τόπον.

178 2759 226 2813 '0
248 2759 304 2811 δὲ
329 2757 491 2820 αύτὸς
516 2756 677 2825 λόγος
704 2755 797 2810 καὶ
821 2752 914 2806 ἐπὶ
936 2750 1030 2804 τοῦ
1060 2748 1361 2818 Λίγόκερω.
1395 2742 1531 2798 Οὔτε
1557 2740 1666 2813 γὰρ

112 2842 238 2914 οὗτός
272 2852 384 2902 ἐστι
409 2846 736 2910 νοτιώτατος
755 2863 770 2876 ’
801 2844 916 2898 ἀλλ’
946 2841 1008 2896 ἓν
1039 2859 1092 2894 τι
1122 2839 1346 2910 σημεῖον
1374 2835 1514 2904 λόγῳ
1540 2833 1668 2886 θεω-

114 2943 287 3011 ρητόνο
331 2942 359 2995 ὅ
385 2941 570 2994 κοινόν
611 2942 730 2992 ἐστι
772 2937 873 3007 τῆς
905 2953 965 2988 τε
1000 2931 1094 2986 τοῦ
1139 2931 1369 2995 Τοξότου
1413 2925 1666 2996 τελευτῆς

113 3033 189 3084 καὶ
214 3034 305 3103 τῆς
330 3032 424 3086 τοῦ
458 3030 747 3101 Αἰγόκερω
793 3028 986 3098 ἀρχῆς.
1018 3024 1109 3077 Διὸ
1140 3022 1199 3089 ἐξ
1229 3022 1342 3074 ἴσου
1385 3022 1559 3073 κεῖται
1587 3016 1668 3087 τῷ

113 3124 298 3198 τοξότῃ,
325 3126 421 3178 καί
445 3125 550 3194 τὴν
583 3122 754 3192 αὐτὴν
790 3119 1091 3175 ἀπόστασιν
1131 3115 1246 3186 ἔχει
1281 3113 1390 3167 ἀπὸ
1421 3110 1518 3164 τοῦ
1552 3127 1666 3181 χει-

119 3218 307 3288 μερινοῦ
329 3215 601 3289 τροπικοᾶ
625 3212 872 3285 σημείου.
910 3210 1073 3263 Ὅθεν
1106 3209 1199 3261 καὶ
1225 3205 1294 3259 τὰ
1328 3202 1536 3276 μεγέθη
1560 3201 1668 3254 τῶν

117 3312 308 3382 ἡμερῶν
339 3311 434 3364 καὶ
461 3309 573 3362 τῶν
600 3306 812 3362 νυκτῶν
833 3303 902 3358 τὰ
924 3304 1063 3359 αὑτά
1087 3304 1236 3354 ἐστιν
1263 3301 1321 3352 ὲν
1353 3297 1430 3368 τῷ
1467 3294 1668 3366 Τοξότῃ

118 3403 194 3454 καὶ
212 3406 264 3456 ὲν
287 3402 362 3472 τῷ
400 3400 709 3470 Αἱγόκερῳ,
740 3395 833 3450 καὶ
861 3395 925 3450 τδ
966 3395 1132 3465 ἄκρον
1175 3391 1270 3444 τοῦ
1306 3389 1581 3458 γνώμονος
1611 3386 1670 3438 ὲν

118 3497 208 3557 τοίς
235 3493 544 3565 ὡρολογίοις
575 3491 675 3554 τὰς
701 3489 872 3552 αὐτὰς
902 3487 1104 3558 γράφει
1139 3480 1422 3554 γραμμὰς,
1447 3479 1542 3533 καὶ
1567 3476 1672 3530 ὑπὸ

118 3585 204 3638 τῶν
243 3586 414 3639 αὐτῶν
465 3581 826 3655 παραλλήλων
871 3575 1410 3649 ὲμπεριλαμϐάνεται
1458 3569 1671 3624 κύκλων

119 3680 174 3733 τὰ
190 3681 270 3735 δύο
292 3678 746 3750 δωδεκατημόρια
766 3675 859 3729 τοῦ
889 3673 1118 3737 Τοξότου
1149 3687 1208 3724 τε
1235 3669 1330 3722 καὶ
1356 3666 1637 3736 Αἰγόκερω
1653 3677 1667 3691 ⁸

119 3773 196 3823 καὶ
219 3773 298 3826 διὰ
321 3773 480 3827 τοῦτο
513 3772 580 3824 ἐκ
603 3770 697 3822 τοῦ
727 3766 890 3822 αὐτοῦ
921 3766 1084 3818 τόπου
1115 3759 1418 3822 ἀνατέλλει,
1464 3757 1558 3810 κα)⁸
1594 3756 1674 3818 εἰς

120 3862 192 3915 τὸν
219 3865 369 3918 αὐτὸν
397 3863 569 3917 τόπον
594 3860 740 3913 δύνει
771 3857 1004 3926 Τοξότης
1031 3854 1124 3907 καὶ
1153 3851 1483 3920 Αἰγόκερως.

192 4045 409 4115 Ὁμοίως
436 4042 496 4096 δὲ
526 4041 625 4094 καὶ
652 4039 751 4102 τάς
781 4035 973 4098 λοιπὰς
1009 4032 1270 4100 συζυγίας
1297 4023 1676 4099 διημαρτημέ-

122 4155 203 4202 va;
227 4134 355 4191 εἶναι
387 4133 756 4206 συμϐέϐηκεν.
785 4127 1167 4199 Ἐκδηλότατον
1194 4124 1252 4177 δὲ
1272 4122 1480 4190 γίνεται
1505 4116 1676 4188 ἁμάρ-

124 4246 251 4299 τημα
281 4230 406 4299 περὶ
443 4228 546 4297 τὴν
593 4222 856 4292 συζυγίαν
898 4219 993 4273 τοῦ
1029 4213 1221 4288 Κριοῦ.
1266 4210 1678 4282 Ἀποφαίνονται

230 4297 364 4374 κατά
382 4316 648 4385 συζυγίαν
682 4313 868 4384 Κριὸν,
897 4309 1090 4378 Ζυγδν,
1115 4305 1189 4369 ὡς
1211 4302 1415 4358 τούτων
1440 4299 1548 4353 τῶν
1577 4297 1680 4362 ζω-

126 4390 229 4465 δίων
251 4415 310 4465 ἐκ
338 4409 435 4465 τοῦ
471 4405 638 4462 αὐτοῦ
681 4405 846 4458 τόπου
881 4398 1297 4458 ἀνατελλόντων,
1331 4394 1425 4447 καὶ
1467 4393 1546 4454 εἰς
1587 4390 1678 4444 τὸν

127 4504 263 4557 αὑτὸν
303 4505 468 4557 τόπον
515 4497 802 4552 δυνόντων.
844 4494 981 4548 Ἀλλ’
1026 4494 1056 4545 ὁ
1105 4490 1203 4562 μὲν
1253 4486 1421 4558 Κριὸς
1471 4483 1677 4554 βόρειος
1709 4523 1752 4576 D

127 4597 397 4660 ἀνατέλλει,
425 4595 521 4647 καὶ
551 4590 732 4644 δύνει·
765 4588 829 4639 ὲκ
856 4583 949 4638 τοῦ
978 4582 1087 4654 γὰρ
1132 4575 1448 4650 ἰσημερινοῢ
1478 4573 1676 4627 κύκλου

131 4690 246 4758 πρὸς
270 4691 504 4760 ἄρκτους
545 4686 758 4738 κεῖται*
787 4682 814 4733 ὁ
841 4678 897 4731 δὲ
941 4675 1111 4760 Ζυγὸς
1147 4673 1319 4735 νότιος
1361 4667 1676 4722 ἀνατέλλει·

131 4782 184 4832 ἐκ
201 4782 297 4852 γὰρ
312 4759 417 4834 τοῦ
456 4771 778 4848 ἰσημερινοῦ
807 4759 1168 4838 κύκλου⁶πρὸς
1200 4761 1544 4834 μεσημϐρίαν
1571 4759 1683 4852 x55-

135 4782 184 4832 ὲκ
201 4782 297 4852 γὰρ
325 4780 417 4834 τοῦ
456 4775 778 4848 ἰσημερινοῦ
807 4775 1168 4838 κύκλου’πρὸς
1200 4775 1544 4834 μεσημοριαν
1571 4775 1632 4811 κε
1659 4786 1683 4797 -

135 4891 230 4927 ται.
256 4874 376 4936 Πῶς
403 4870 500 4925 οὖν
528 4869 754 4925 δύναται
776 4861 946 4932 Κριὸς
968 4857 1125 4927 Ζυγῷ
1141 4853 1284 4908 κατά
1315 4850 1574 4919 συζυγίαν
1604 4775 1683 4900 εί-

134 4983 234 5032 ναι;
256 4969 315 5020 ἐκ
345 4965 621 5034 διαφόρων
655 4957 766 5028 γὰρ
802 4955 983 5008 τόπων
1014 4947 1382 5008 ἁνατέλλουσι,
1408 4942 1607 5014 ὁμοίως
1629 4938 1685 4992 δὲ

136 5059 211 5110 καὶ
229 5058 484 5111 δύνουσιν.
517 5054 594 5106 Οὐ
628 5049 850 5103 δύναται
882 5045 939 5098 δὲ
970 5042 1140 5096 ταῦτα
1163 5039 1232 5091 τὰ
1261 5035 1424 5101 ζὼδια
1449 5032 1554 5086 ὑπὸ
1579 5031 1686 5085 τῶν

137 5149 286 5202 αὐτῶν
313 5143 680 5219 παραλλήλων
717 5135 1067 5210 περιέχεσθαι
1095 5130 1332 5186 κύκλων.
1373 5125 1603 5196 Ὁμοίως
1631 5123 1689 5176 δὲ

138 5241 238 5294 οὐδὲ
279 5244 330 5295 αἰ
367 5239 556 5294 λοιπαὶ
587 5233 843 5302 συζυγίαι
893 5226 1296 5301 συμφωνοῦσιν.
1331 5221 1689 5290 Ἥγνοήκασιν

140 5328 212 5385 ὤν
241 5335 303 5388 τὰ
347 5336 477 5405 περὶ
502 5331 607 5392 τάς
651 5325 873 5398 πρώτας
914 5322 1107 5392 μοίρας
1159 5313 1539 5386 συμϐεϐηκότα
1580 5313 1691 5374 τοῖς

140 5426 258 5479 κατά
285 5425 543 5495 συζυγίας
573 5418 787 5484 inﬂict;
817 5415 945 5484 περὶ
974 5414 1072 5467 ὅλα
1090 5410 1159 5464 τὰ
1191 5407 1357 5472 ζώδια
1385 5405 1683 5475 ὲκθέμενοι.

142 5511 299 5586 llam?)
321 5517 426 5587 γὰρ
454 5510 660 5587 μᾶλλον
686 5505 792 5560 ἔδει
824 5503 892 5558 τὰ
919 5503 1062 5564 ὅλοις
1104 5501 1148 5531 ³⁵
1175 5499 1287 5558 τοῖς
1312 5495 1687 5566 δωδεκατημο-

204 5675 240 5706 ¹⁵
269 5693 352 5749 γρ.
383 5673 502 5729 ὅλα.

199 5795 300 5867 (id)
340 5797 510 5851 Abest
539 5803 648 5845 vox
687 5782 911 5855 σημείου
949 5795 979 5834 a
1009 5775 1301 5835 veteribus.

1761 1935 1973 1988 dierum
2021 1937 2074 1983 et
2100 1924 2343 1981 noctium
2393 1917 2632 1989 aequales
2659 1918 2787 1966 sunt
2827 1907 2882 1962 in
2919 1898 3162 1957 Geminis
3190 1902 3243 1950 et
3277 1893 3333 1944 in

1762 2025 1975 2080 Cancro
2009 2039 2022 2074 :
2061 2029 2117 2076 et
2149 2019 2204 2073 in
2238 2011 2627 2070 instrumentis
2666 1999 2905 2059 horariis
2935 1997 3090 2050 linea:
3135 2005 3166 2042 a
3202 2000 3337 2057 gno-

1764 2115 2020 2172 monibus
2077 2108 2379 2178 descripta:
2427 2099 2708 2172 aequaliter
2761 2094 2967 2148 distant
3030 2083 3098 2138 ab
3147 2077 3336 2134 aestivo

1764 2215 1969 2278 puncto
2000 2200 2298 2262 solstitiali,
2330 2211 2457 2254 cum
2489 2194 2546 2246 in
2568 2191 2803 2248 Cancro,
2839 2190 2954 2234 tum
2983 2179 3037 2232 in
3069 2169 3335 2228 Geminis.

1763 2298 1901 2352 Nam
1928 2295 1996 2350 ad
2029 2293 2279 2348 aestivum
2307 2289 2411 2342 hoc
2443 2291 2711 2354 punctum
2755 2273 3015 2344 aqualem
3048 2266 3210 2320 situm
3247 2259 3340 2312 ha-

1765 2395 1892 2450 bent
1908 2391 2021 2444 bazc
2037 2388 2146 2442 duo
2171 2384 2347 2453 signa.
2376 2351 2534 2433 Unde
2557 2374 2721 2429 etiam
2745 2369 2890 2422 inter
2919 2358 3138 2418 eosdem
3169 2354 3219 2423 7
3238 2351 3342 2405 cir-

1764 2485 1920 2539 culos
1945 2444 2251 2551 parallelos
2264 2477 2395 2528 sunt
2434 2468 2576 2522 sita:
2611 2472 2664 2518 et
2692 2461 2764 2515 ob
2793 2458 2898 2512 hoc
2919 2469 2985 2508 ex
3008 2448 3196 2506 eodem
3216 2444 3339 2498 loco

1763 2571 2016 2626 oriuntur
2043 2562 2280 2627 Gemini,
2313 2559 2557 2619 Cancer,
2607 2548 2861 2608 similiter
2893 2551 2948 2599 ct
2982 2538 3240 2596 occidunt
3283 2533 3338 2586 in

1764 2659 2017 2718 eumdem
2046 2657 2251 2710 locum.

1837 2749 2036 2805 Eadem
2063 2753 2148 2803 est
2167 2742 2306 2797 ratio
2333 2739 2495 2795 etiam
2527 2735 2584 2789 in
2604 2730 2958 2801 Capricorno.
2984 2721 3168 2789 Neque
3193 2715 3338 2772 enim

1775 2842 1866 2898 hic
1897 2848 1982 2895 est
2007 2836 2240 2891 maxime
2278 2827 2558 2891 australis,
2594 2821 2689 2880 sed
2736 2832 2903 2873 unum
2937 2810 3158 2882 aliquod
3202 2822 3341 2878 pun-

1768 2941 1916 2990 ctum
1946 2930 2158 2985 ratione
2194 2919 2625 2995 percipiendum,
2660 2911 2807 2984 quod
2839 2919 3130 2964 commune
3170 2909 3254 2954 est
3287 2903 3344 2953 et

1768 2988 1864 3081 ﬁni
1905 2988 2216 3092 Sagittarii:
2243 3023 2296 3071 et
2337 2988 2609 3083 principio
2645 2997 2966 3073 Capricorni
3005 3015 3020 3051 :
3069 3006 3232 3064 quam
3270 2988 3342 3045 ob

1773 3131 1998 3174 causam
2041 3110 2274 3168 similem
2329 3105 2494 3162 situm
2543 3099 2708 3154 habet
2763 3108 2888 3149 cum
2945 3085 3244 3159 Sagittario
3289 3087 3344 3136 et

1769 3206 2012 3264 eamdem
2053 3202 2216 3256 habet
2255 3195 2570 3255 distantiam
2610 3189 2678 3244 ab
2723 3186 2951 3240 hiberno
2998 3185 3201 3250 puncto
3237 3173 3343 3230 scl-

1771 3298 1981 3356 stitiali.
2034 3293 2189 3349 Unde
2223 3291 2385 3346 etiam
2432 3279 2835 3354 magnitudines
2879 3273 3089 3328 dierum
3139 3276 3193 3322 et
3245 3277 3345 3318 no—

1771 3391 1941 3448 ctium
1993 3385 2194 3443 eaedem
2244 3388 2372 3438 sunt
2419 3379 2475 3430 in
2519 3369 2812 3443 Sagittario
2867 3371 2922 3421 et
2959 3361 3341 3432 Capricorno:

1771 3488 1827 3536 et
1865 3476 2187 3534 extremitas
2241 3465 2529 3541 gnomonis
2579 3442 2637 3515 in
2687 3451 3070 3513 instrumentis
3108 3442 3348 3501 horariis

1770 3569 1990 3627 easdem
2017 3531 2279 3621 describit
2307 3558 2502 3621 lineas,
2531 3558 2585 3607 et
2614 3550 2760 3604 inter
2798 3541 3018 3599 eosdem
3057 3531 3346 3608 parallech

1771 3663 2007 3718 circulos
2055 3659 2162 3715 sita
2210 3662 2338 3712 sunt
2383 3651 2500 3704 haec
2551 3644 2660 3700 duo
2713 3632 3157 3696 dodecatemoria
3218 3641 3346 3682 cum

1776 3751 2077 3823 Sagittarii,
2114 3760 2233 3805 tum
2279 3735 2600 3813 Capricorni
2643 3753 2658 3790 :
2705 3739 2870 3801 atque
2901 3728 2970 3782 ob
3004 3725 3108 3778 hoc
3147 3736 3214 3776 ex
3252 3732 3346 3773 eo-

1773 3847 1894 3902 dem
1933 3844 2058 3898 loco
2093 3839 2367 3901 oriuntur,
2407 3841 2462 3888 et
2497 3831 2554 3884 in
2585 3825 2837 3884 eumdem
2877 3822 3058 3876 locum
3086 3811 3348 3871 occidunt

1775 3933 2128 4006 Sagittarius,
2161 3937 2214 3984 et
2242 3926 2634 3996 Capricornus.

1848 4026 2111 4082 Similiter
2153 4036 2285 4076 vero
2322 4025 2377 4072 et
2420 4016 2663 4083 reliquas
2707 4002 3150 4065 combinationes
3177 3996 3347 4051 'erro-

1780 4132 1914 4173 neas
1945 4128 2069 4170 esse
2097 4107 2382 4176 contingit.
2423 4096 2905 4157 Manifestissimus
2932 4090 3078 4144 enim
3109 4084 3165 4137 ﬁt
3193 4093 3349 4136 error

1776 4212 1832 4264 in
1857 4203 2266 4262 combinatione
2303 4196 2528 4251 Arietis.
2570 4191 2853 4246 Atlirmant
2891 4181 3033 4238 enim
3071 4173 3350 4230 combina-

1777 4303 1982 4357 tionem
2015 4297 2161 4351 inter
2197 4309 2256 4348 se
2281 4289 2483 4344 habere
2517 4284 2774 4340 Arietem,
2819 4283 2872 4330 et
2910 4272 3148 4329 Libram,
3193 4261 3351 4332 quasi

1777 4395 1893 4448 haec
1930 4392 2083 4461 signa
2123 4400 2190 4440 ex
2233 4380 2422 4436 eodem
2455 4377 2575 4430 loco
2608 4371 2874 4428 oriantur,
2913 4369 2966 4418 et
3008 4361 3062 4414 in
3099 4356 3350 4412 eumdem

1782 4487 1960 4539 locum
1979 4442 2293 4534 coccidant.
2356 4467 2520 4537 Atqui
2582 4462 2743 4516 Aries
2820 4453 3039 4525 quidem
3115 4442 3352 4502 borealis

1782 4577 1977 4638 oritur,
2038 4577 2094 4625 et
2162 4563 2388 4624 occidit,
2431 4573 2554 4612 nam
2615 4555 2684 4608 ab
2739 4541 3103 4618 aequinoctiali
3160 4549 3353 4591 versus

1783 4670 2004 4724 boream
2041 4661 2179 4716 situs
2221 4662 2325 4712 est.
2366 4651 2529 4706 Libra
2585 4661 2718 4702 vero
2760 4637 3019 4696 australis
3061 4631 3257 4692 oritur,
3299 4635 3354 4682 et

1783 4754 2008 4818 occidit,
2041 4751 2108 4805 ab
2136 4740 2502 4816 aequinoctiali
2535 4736 2681 4794 enim
2715 4744 2907 4788 versus
2950 4721 3231 4779 meridiem
3270 4724 3355 4772 est

1785 4853 1910 4908 sita.
1950 4809 2234 4913 Quomodo
2269 4837 2435 4908 igitur
2469 4831 2625 4886 Aries
2674 4839 2798 4882 cum
2844 4820 3007 4875 Libra
3042 4817 3222 4885 potest
3257 4809 3356 4862 ha-

1787 4945 1914 4997 bere
1941 4927 2435 4994 combinationem?
2477 4924 2594 4979 haec
2633 4919 2778 4975 enim
2815 4914 2971 4983 signa
3018 4923 3084 4961 ex
3123 4899 3356 4958 diversis

1790 5034 1926 5090 locis
1972 5029 2246 5089 oriuntur,
2293 5029 2347 5077 et
2389 5017 2643 5075 similiter
2684 5012 2741 5065 in
2793 5008 3008 5063 diversa
3046 5000 3167 5053 loca
3209 4990 3358 5048 occi-

1790 5129 1946 5183 dunt.
1974 5082 2087 5178 l‘iec
2123 5082 2355 5188 possunt
2389 5113 2504 5167 haec
2544 5109 2697 5179 signa
2741 5102 2812 5156 ab
2849 5096 3042 5154 iisdem
3086 5082 3358 5160 parallelis

1793 5211 2202 5286 comprehendi.
2268 5205 2536 5261 Similiter
2585 5177 2765 5267 neque
2813 5192 3034 5259 reliquae
3079 5177 3361 5237 combina-

1793 5310 1972 5364 tiones
2005 5305 2144 5359 bene
2175 5317 2234 5357 se
2266 5299 2488 5354 habent.
2515 5292 2636 5346 Non
2674 5287 2819 5343 enim
2859 5272 3360 5335 animadverterunt

1795 5408 2028 5464 veteres,
2084 5410 2143 5451 se
2202 5409 2288 5461 ea,
2350 5404 2472 5460 quae
2516 5393 2720 5440 tantum
2761 5377 2904 5432 circa
2932 5369 3136 5441 primas
3175 5366 3360 5434 partes

1798 5505 1990 5550 eorum
2023 5546 2037 5561 ,
2065 5486 2238 5559 signis
2307 5473 2716 5545 combinatoriis
2784 5464 3155 5536 cantigerunt,
3228 5451 3360 5508 totis
