  <div class='ocr_page' id='page_1' title='image "/cluster/home/n/w/nwhite01/storage/ocr_20150623/19/hvd.32044011362951/391.png"; bbox 0 0 3786 6378; ppageno 0'>
   <div class='ocr_carea' id='block_1_1' title="bbox 410 366 515 425">
    <p class='ocr_par' dir='ltr' id='par_1_1' title="bbox 410 366 515 425">
     <span class='ocr_line' id='line_1_1' title="bbox 410 366 515 425; baseline 0.029 -3"><span class='ocrx_word' id='word_1_1' title='bbox 410 366 515 425; x_wconf 81' lang='lat'><strong>767</strong></span> 
     </span>
    </p>
   </div>
   <div class='ocr_carea' id='block_1_2' title="bbox 1435 347 2654 418">
    <p class='ocr_par' dir='ltr' id='par_1_2' title="bbox 1435 347 2654 418">
     <span class='ocr_line' id='line_1_2' title="bbox 1435 347 2654 418; baseline -0.012 -1"><span class='ocrx_word' id='word_1_2' title='bbox 1435 362 1522 417; x_wconf 73' lang='lat' dir='ltr'><strong>AD</strong></span> <span class='ocrx_word' id='word_1_3' title='bbox 1559 358 1828 418; x_wconf 77' lang='lat' dir='ltr'><strong>EUSEBII</strong></span> <span class='ocrx_word' id='word_1_4' title='bbox 1860 351 2257 415; x_wconf 76' lang='lat' dir='ltr'><strong>CHRONICON</strong></span> <span class='ocrx_word' id='word_1_5' title='bbox 2288 347 2654 407; x_wconf 78' lang='lat' dir='ltr'><strong>APPENDIX.</strong></span> 
     </span>
    </p>
   </div>
   <div class='ocr_carea' id='block_1_3' title="bbox 3547 337 3666 394">
    <p class='ocr_par' dir='ltr' id='par_1_3' title="bbox 3547 337 3666 394">
     <span class='ocr_line' id='line_1_3' title="bbox 3547 337 3666 394; baseline -0.017 0"><span class='ocrx_word' id='word_1_6' title='bbox 3547 337 3666 394; x_wconf 79' lang='lat'><strong>768</strong></span> 
     </span>
    </p>
   </div>
   <div class='ocr_carea' id='block_1_4' title="bbox 411 456 2011 557">
    <p class='ocr_par' dir='ltr' id='par_1_4' title="bbox 411 482 1985 557">
     <span class='ocr_line' id='line_1_4' title="bbox 411 482 1985 557; baseline -0.003 -13"><span class='ocrx_word' id='word_1_7' title='bbox 411 485 591 557; x_wconf 91' lang='lat' dir='ltr'><strong>signis</strong></span> <span class='ocrx_word' id='word_1_8' title='bbox 639 484 904 542; x_wconf 87' lang='lat' dir='ltr'><strong>tribuere.</strong></span> <span class='ocrx_word' id='word_1_9' title='bbox 972 483 1144 539; x_wconf 78' lang='lat' dir='ltr'><strong>Multo</strong></span> <span class='ocrx_word' id='word_1_10' title='bbox 1203 482 1352 538; x_wconf 89' lang='lat' dir='ltr'><strong>enim</strong></span> <span class='ocrx_word' id='word_1_11' title='bbox 1401 484 1576 554; x_wconf 87' lang='lat' dir='ltr'><strong>magis</strong></span> <span class='ocrx_word' id='word_1_12' title='bbox 1651 482 1985 554; x_wconf 81' lang='lat' dir='ltr'><strong>Oportuisset</strong></span> 
     </span>
    </p>
   </div>
   <div class='ocr_carea' id='block_1_5' title="bbox 2133 456 3668 557">
    <p class='ocr_par' dir='ltr' id='par_1_5' title="bbox 2133 456 3668 542">
     <span class='ocr_line' id='line_1_5' title="bbox 2133 456 3668 542; baseline -0.012 -15"><span class='ocrx_word' id='word_1_13' title='bbox 2133 473 2227 535; x_wconf 79' lang='grc' dir='ltr'>ίοις</span> <span class='ocrx_word' id='word_1_14' title='bbox 2276 488 2340 525; x_wconf 90' lang='grc' dir='ltr'><strong>συ</strong></span> <span class='ocrx_word' id='word_1_15' title='bbox 2348 467 2658 542; x_wconf 79' lang='grc' dir='ltr'>μὸεὸηκότα</span> <span class='ocrx_word' id='word_1_16' title='bbox 2709 463 2789 527; x_wconf 84' lang='grc' dir='ltr'><strong>είς</strong></span> <span class='ocrx_word' id='word_1_17' title='bbox 2839 458 3161 532; x_wconf 79' lang='grc' dir='ltr'>αναγραφὴν</span> <span class='ocrx_word' id='word_1_18' title='bbox 3211 475 3308 513; x_wconf 86' lang='grc' dir='ltr'><strong>και</strong></span> <span class='ocrx_word' id='word_1_19' title='bbox 3357 456 3668 529; x_wconf 62' lang='grc' dir='ltr'>παραγγέλρ</span> 
     </span>
    </p>
   </div>
   <div class='ocr_carea' id='block_1_6' title="bbox 409 574 1986 648">
    <p class='ocr_par' dir='ltr' id='par_1_6' title="bbox 409 574 1986 648">
     <span class='ocr_line' id='line_1_6' title="bbox 409 574 1986 648; baseline -0.001 -14"><span class='ocrx_word' id='word_1_20' title='bbox 409 592 496 641; x_wconf 87' lang='lat' dir='ltr'><strong>ea,</strong></span> <span class='ocrx_word' id='word_1_21' title='bbox 543 592 664 647; x_wconf 69' lang='lat' dir='ltr'><strong>quae</strong></span> <span class='ocrx_word' id='word_1_22' title='bbox 707 577 835 633; x_wconf 89' lang='lat' dir='ltr'><strong>totis</strong></span> <span class='ocrx_word' id='word_1_23' title='bbox 877 575 1050 648; x_wconf 79' lang='lat' dir='ltr'><strong>signis</strong></span> <span class='ocrx_word' id='word_1_24' title='bbox 1087 574 1423 641; x_wconf 86' lang='lat' dir='ltr'><strong>acciderunt,</strong></span> <span class='ocrx_word' id='word_1_25' title='bbox 1476 575 1546 631; x_wconf 89' lang='lat' dir='ltr'><strong>ad</strong></span> <span class='ocrx_word' id='word_1_26' title='bbox 1575 575 1883 631; x_wconf 76' lang='lat' dir='ltr'><strong>doctrinam</strong></span> <span class='ocrx_word' id='word_1_27' title='bbox 1930 583 1986 632; x_wconf 90' lang='lat' dir='ltr'><strong>et</strong></span> 
     </span>
    </p>
   </div>
   <div class='ocr_carea' id='block_1_7' title="bbox 410 669 940 742">
    <p class='ocr_par' dir='ltr' id='par_1_7' title="bbox 410 669 940 742">
     <span class='ocr_line' id='line_1_7' title="bbox 410 669 940 742; baseline 0 -17"><span class='ocrx_word' id='word_1_28' title='bbox 410 680 684 742; x_wconf 76' lang='lat' dir='ltr'><strong>praecepta</strong></span> <span class='ocrx_word' id='word_1_29' title='bbox 714 669 940 726; x_wconf 77' lang='lat' dir='ltr'><strong>referre.</strong></span> 
     </span>
    </p>
   </div>
   <div class='ocr_carea' id='block_1_8' title="bbox 489 759 1986 835">
    <p class='ocr_par' dir='ltr' id='par_1_8' title="bbox 489 759 1986 835">
     <span class='ocr_line' id='line_1_8' title="bbox 489 759 1986 835; baseline -0.001 -18"><span class='ocrx_word' id='word_1_30' title='bbox 489 761 627 817; x_wconf 88' lang='lat' dir='ltr'><strong>Sunt</strong></span> <span class='ocrx_word' id='word_1_31' title='bbox 657 763 824 835; x_wconf 78' lang='lat' dir='ltr'><strong>igitur</strong></span> <span class='ocrx_word' id='word_1_32' title='bbox 851 759 1150 817; x_wconf 89' lang='lat' dir='ltr'><strong>secundum</strong></span> <span class='ocrx_word' id='word_1_33' title='bbox 1174 759 1464 815; x_wconf 91' lang='lat' dir='ltr'><strong>veritatem</strong></span> <span class='ocrx_word' id='word_1_34' title='bbox 1497 776 1595 817; x_wconf 78' lang='lat' dir='ltr'><strong>sex</strong></span> <span class='ocrx_word' id='word_1_35' title='bbox 1621 760 1986 816; x_wconf 80' lang='lat' dir='ltr'><strong>combinatio-</strong></span> 
     </span>
    </p>
   </div>
   <div class='ocr_carea' id='block_1_9' title="bbox 414 849 1988 919">
    <p class='ocr_par' dir='ltr' id='par_1_9' title="bbox 414 849 1988 919">
     <span class='ocr_line' id='line_1_9' title="bbox 414 849 1988 919; baseline 0 -11"><span class='ocrx_word' id='word_1_36' title='bbox 414 869 513 909; x_wconf 90' lang='lat' dir='ltr'><strong>nes</strong></span> <span class='ocrx_word' id='word_1_37' title='bbox 560 869 575 906; x_wconf 89' lang='lat'><strong>:</strong></span> <span class='ocrx_word' id='word_1_38' title='bbox 622 851 837 909; x_wconf 88' lang='lat' dir='ltr'><strong>Gemini</strong></span> <span class='ocrx_word' id='word_1_39' title='bbox 883 852 1122 919; x_wconf 87' lang='lat' dir='ltr'><strong>Cancro,</strong></span> <span class='ocrx_word' id='word_1_40' title='bbox 1173 849 1392 907; x_wconf 85' lang='lat' dir='ltr'><strong>Taurus</strong></span> <span class='ocrx_word' id='word_1_41' title='bbox 1437 850 1629 918; x_wconf 87' lang='lat' dir='ltr'><strong>Leoni,</strong></span> <span class='ocrx_word' id='word_1_42' title='bbox 1665 852 1822 909; x_wconf 86' lang='lat' dir='ltr'><strong>Aries</strong></span> <span class='ocrx_word' id='word_1_43' title='bbox 1860 852 1988 908; x_wconf 74' lang='lat' dir='ltr'><strong>Vir-</strong></span> 
     </span>
    </p>
   </div>
   <div class='ocr_carea' id='block_1_10' title="bbox 412 943 1991 1017">
    <p class='ocr_par' dir='ltr' id='par_1_10' title="bbox 412 943 1991 1017">
     <span class='ocr_line' id='line_1_10' title="bbox 412 943 1991 1017; baseline 0.004 -21"><span class='ocrx_word' id='word_1_44' title='bbox 412 945 547 1016; x_wconf 78' lang='lat' dir='ltr'><strong>gini,</strong></span> <span class='ocrx_word' id='word_1_45' title='bbox 587 944 773 1002; x_wconf 86' lang='lat' dir='ltr'><strong>Pisces</strong></span> <span class='ocrx_word' id='word_1_46' title='bbox 802 944 998 1010; x_wconf 79' lang='lat' dir='ltr'><strong>Librae,</strong></span> <span class='ocrx_word' id='word_1_47' title='bbox 1034 944 1311 1015; x_wconf 84' lang='lat' dir='ltr'><strong>Aquarius</strong></span> <span class='ocrx_word' id='word_1_48' title='bbox 1336 943 1588 1017; x_wconf 86' lang='lat' dir='ltr'><strong>Scorpio,</strong></span> <span class='ocrx_word' id='word_1_49' title='bbox 1621 945 1991 1017; x_wconf 86' lang='lat' dir='ltr'><strong>Capricornus</strong></span> 
     </span>
    </p>
   </div>
   <div class='ocr_carea' id='block_1_11' title="bbox 415 1036 1985 1109">
    <p class='ocr_par' dir='ltr' id='par_1_11' title="bbox 415 1036 1985 1109">
     <span class='ocr_line' id='line_1_11' title="bbox 415 1036 1985 1109; baseline 0.002 -18"><span class='ocrx_word' id='word_1_50' title='bbox 415 1036 730 1109; x_wconf 81' lang='lat' dir='ltr'><strong>Sagittario.</strong></span> <span class='ocrx_word' id='word_1_51' title='bbox 775 1036 901 1093; x_wconf 64' lang='lat' dir='ltr'><strong>Haec</strong></span> <span class='ocrx_word' id='word_1_52' title='bbox 946 1037 1095 1093; x_wconf 89' lang='lat' dir='ltr'><strong>enim</strong></span> <span class='ocrx_word' id='word_1_53' title='bbox 1128 1045 1183 1093; x_wconf 83' lang='lat' dir='ltr'><strong>et</strong></span> <span class='ocrx_word' id='word_1_54' title='bbox 1209 1054 1274 1091; x_wconf 84' lang='lat' dir='ltr'><strong>ex</strong></span> <span class='ocrx_word' id='word_1_55' title='bbox 1316 1038 1507 1092; x_wconf 89' lang='lat' dir='ltr'><strong>eodem</strong></span> <span class='ocrx_word' id='word_1_56' title='bbox 1553 1038 1674 1094; x_wconf 84' lang='lat' dir='ltr'><strong>loco</strong></span> <span class='ocrx_word' id='word_1_57' title='bbox 1709 1040 1985 1104; x_wconf 88' lang='lat' dir='ltr'><strong>oriuntur,</strong></span> 
     </span>
    </p>
   </div>
   <div class='ocr_carea' id='block_1_12' title="bbox 411 1129 1992 1203">
    <p class='ocr_par' dir='ltr' id='par_1_12' title="bbox 411 1129 1992 1203">
     <span class='ocr_line' id='line_1_12' title="bbox 411 1129 1992 1203; baseline 0.001 -17"><span class='ocrx_word' id='word_1_58' title='bbox 411 1139 467 1186; x_wconf 91' lang='lat' dir='ltr'><strong>et</strong></span> <span class='ocrx_word' id='word_1_59' title='bbox 491 1130 546 1184; x_wconf 91' lang='lat' dir='ltr'><strong>in</strong></span> <span class='ocrx_word' id='word_1_60' title='bbox 578 1129 827 1186; x_wconf 89' lang='lat' dir='ltr'><strong>eumdem</strong></span> <span class='ocrx_word' id='word_1_61' title='bbox 860 1130 1044 1186; x_wconf 90' lang='lat' dir='ltr'><strong>locum</strong></span> <span class='ocrx_word' id='word_1_62' title='bbox 1079 1130 1364 1196; x_wconf 89' lang='lat' dir='ltr'><strong>occidunt,</strong></span> <span class='ocrx_word' id='word_1_63' title='bbox 1396 1140 1453 1188; x_wconf 90' lang='lat' dir='ltr'><strong>et</strong></span> <span class='ocrx_word' id='word_1_64' title='bbox 1482 1132 1552 1188; x_wconf 86' lang='lat' dir='ltr'><strong>ab</strong></span> <span class='ocrx_word' id='word_1_65' title='bbox 1580 1131 1776 1187; x_wconf 81' lang='lat' dir='ltr'><strong>iisdem</strong></span> <span class='ocrx_word' id='word_1_66' title='bbox 1818 1133 1992 1203; x_wconf 81' lang='lat' dir='ltr'><strong>paral-</strong></span> 
     </span>
    </p>
   </div>
   <div class='ocr_carea' id='block_1_13' title="bbox 412 1221 1991 1292">
    <p class='ocr_par' dir='ltr' id='par_1_13' title="bbox 412 1221 1991 1292">
     <span class='ocr_line' id='line_1_13' title="bbox 412 1221 1991 1292; baseline 0.001 -16"><span class='ocrx_word' id='word_1_67' title='bbox 412 1221 535 1276; x_wconf 90' lang='lat' dir='ltr'><strong>lelis</strong></span> <span class='ocrx_word' id='word_1_68' title='bbox 573 1221 1142 1292; x_wconf 85' lang='lat' dir='ltr'><strong>comprehenduntur,</strong></span> <span class='ocrx_word' id='word_1_69' title='bbox 1181 1230 1237 1279; x_wconf 90' lang='lat' dir='ltr'><strong>et</strong></span> <span class='ocrx_word' id='word_1_70' title='bbox 1275 1224 1511 1280; x_wconf 89' lang='lat' dir='ltr'><strong>simi-lem</strong></span> <span class='ocrx_word' id='word_1_71' title='bbox 1567 1224 1734 1280; x_wconf 88' lang='lat' dir='ltr'><strong>situm</strong></span> <span class='ocrx_word' id='word_1_72' title='bbox 1786 1224 1991 1280; x_wconf 85' lang='lat' dir='ltr'><strong>habent</strong></span> 
     </span>
    </p>
   </div>
   <div class='ocr_carea' id='block_1_14' title="bbox 411 1311 1991 1387">
    <p class='ocr_par' dir='ltr' id='par_1_14' title="bbox 411 1311 1991 1387">
     <span class='ocr_line' id='line_1_14' title="bbox 411 1311 1991 1387; baseline 0.004 -20"><span class='ocrx_word' id='word_1_73' title='bbox 411 1311 482 1367; x_wconf 88' lang='lat' dir='ltr'><strong>ad</strong></span> <span class='ocrx_word' id='word_1_74' title='bbox 527 1313 843 1368; x_wconf 89' lang='lat' dir='ltr'><strong>solstitialia</strong></span> <span class='ocrx_word' id='word_1_75' title='bbox 887 1323 1117 1385; x_wconf 87' lang='lat' dir='ltr'><strong>puncta.</strong></span> <span class='ocrx_word' id='word_1_76' title='bbox 1160 1314 1219 1370; x_wconf 91' lang='lat' dir='ltr'><strong>ln</strong></span> <span class='ocrx_word' id='word_1_77' title='bbox 1265 1315 1354 1371; x_wconf 89' lang='lat' dir='ltr'><strong>his</strong></span> <span class='ocrx_word' id='word_1_78' title='bbox 1402 1317 1547 1372; x_wconf 91' lang='lat' dir='ltr'><strong>enim</strong></span> <span class='ocrx_word' id='word_1_79' title='bbox 1586 1316 1991 1387; x_wconf 80' lang='lat' dir='ltr'><strong>magnitudines</strong></span> 
     </span>
    </p>
   </div>
   <div class='ocr_carea' id='block_1_15' title="bbox 411 1401 1992 1475">
    <p class='ocr_par' dir='ltr' id='par_1_15' title="bbox 411 1401 1992 1475">
     <span class='ocr_line' id='line_1_15' title="bbox 411 1401 1992 1475; baseline 0.006 -21"><span class='ocrx_word' id='word_1_80' title='bbox 411 1401 620 1456; x_wconf 90' lang='lat' dir='ltr'><strong>dierum</strong></span> <span class='ocrx_word' id='word_1_81' title='bbox 663 1410 718 1458; x_wconf 89' lang='lat' dir='ltr'><strong>et</strong></span> <span class='ocrx_word' id='word_1_82' title='bbox 766 1404 1015 1460; x_wconf 87' lang='lat' dir='ltr'><strong>noctium</strong></span> <span class='ocrx_word' id='word_1_83' title='bbox 1061 1407 1299 1475; x_wconf 82' lang='lat' dir='ltr'><strong>aequales</strong></span> <span class='ocrx_word' id='word_1_84' title='bbox 1340 1414 1491 1471; x_wconf 91' lang='lat' dir='ltr'><strong>sunt,</strong></span> <span class='ocrx_word' id='word_1_85' title='bbox 1526 1420 1582 1462; x_wconf 82' lang='lat' dir='ltr'><strong>et</strong></span> <span class='ocrx_word' id='word_1_86' title='bbox 1616 1406 1992 1464; x_wconf 80' lang='lat' dir='ltr'><strong>extremitates</strong></span> 
     </span>
    </p>
   </div>
   <div class='ocr_carea' id='block_1_16' title="bbox 412 1496 1993 1563">
    <p class='ocr_par' dir='ltr' id='par_1_16' title="bbox 412 1496 1993 1563">
     <span class='ocr_line' id='line_1_16' title="bbox 412 1496 1993 1563; baseline 0.006 -17"><span class='ocrx_word' id='word_1_87' title='bbox 412 1508 744 1563; x_wconf 77' lang='lat' dir='ltr'><strong>gnomonum</strong></span> <span class='ocrx_word' id='word_1_88' title='bbox 795 1497 850 1550; x_wconf 93' lang='lat' dir='ltr'><strong>in</strong></span> <span class='ocrx_word' id='word_1_89' title='bbox 888 1496 1269 1553; x_wconf 84' lang='lat' dir='ltr'><strong>instrumentis</strong></span> <span class='ocrx_word' id='word_1_90' title='bbox 1304 1498 1542 1554; x_wconf 87' lang='lat' dir='ltr'><strong>horariis</strong></span> <span class='ocrx_word' id='word_1_91' title='bbox 1570 1498 1790 1554; x_wconf 89' lang='lat' dir='ltr'><strong>easdem</strong></span> <span class='ocrx_word' id='word_1_92' title='bbox 1820 1499 1993 1556; x_wconf 86' lang='lat' dir='ltr'><strong>lineas</strong></span> 
     </span>
    </p>
   </div>
   <div class='ocr_carea' id='block_1_17' title="bbox 411 1585 753 1643">
    <p class='ocr_par' dir='ltr' id='par_1_17' title="bbox 411 1585 753 1643">
     <span class='ocr_line' id='line_1_17' title="bbox 411 1585 753 1643; baseline 0.006 -4"><span class='ocrx_word' id='word_1_93' title='bbox 411 1585 753 1643; x_wconf 87' lang='lat' dir='ltr'><strong>describunt.</strong></span> 
     </span>
    </p>
   </div>
   <div class='ocr_carea' id='block_1_18' title="bbox 1039 1723 1370 1784">
    <p class='ocr_par' dir='ltr' id='par_1_18' title="bbox 1039 1723 1370 1784">
     <span class='ocr_line' id='line_1_18' title="bbox 1039 1723 1370 1784; baseline 0.006 -3"><span class='ocrx_word' id='word_1_94' title='bbox 1039 1723 1267 1782; x_wconf 82' lang='lat' dir='ltr'><strong>CAPUT</strong></span> <span class='ocrx_word' id='word_1_95' title='bbox 1306 1726 1370 1784; x_wconf 89' lang='lat' dir='ltr'><strong>ll.</strong></span> 
     </span>
    </p>
   </div>
   <div class='ocr_carea' id='block_1_19' title="bbox 516 1836 2067 1912">
    <p class='ocr_par' dir='ltr' id='par_1_19' title="bbox 516 1836 2067 1912">
     <span class='ocr_line' id='line_1_19' title="bbox 516 1836 2067 1912; baseline 0.003 -21"><span class='ocrx_word' id='word_1_96' title='bbox 516 1836 590 1891; x_wconf 80' lang='lat' dir='ltr'><strong>De</strong></span> <span class='ocrx_word' id='word_1_97' title='bbox 626 1836 795 1907; x_wconf 77' lang='lat' dir='ltr'><strong>signis</strong></span> <span class='ocrx_word' id='word_1_98' title='bbox 842 1852 961 1907; x_wconf 70' lang='lat' dir='ltr'><strong>quae</strong></span> <span class='ocrx_word' id='word_1_99' title='bbox 1011 1837 1180 1912; x_wconf 70' lang='lat' dir='ltr'><strong>stellis</strong></span> <span class='ocrx_word' id='word_1_100' title='bbox 1226 1847 1360 1912; x_wconf 67' lang='lat' dir='ltr'><strong>sunt</strong></span> <span class='ocrx_word' id='word_1_101' title='bbox 1388 1838 1665 1910; x_wconf 68' lang='lat' dir='ltr'><strong>insignita,</strong></span> <span class='ocrx_word' id='word_1_102' title='bbox 1706 1856 1795 1895; x_wconf 81' lang='lat' dir='ltr'><strong>seu</strong></span> <span class='ocrx_word' id='word_1_103' title='bbox 1827 1842 1893 1896; x_wconf 81' lang='lat' dir='ltr'><strong>de</strong></span> <span class='ocrx_word' id='word_1_104' title='bbox 2020 1855 2067 1912; x_wconf 79' lang='grc' dir='ltr'><strong>Β</strong></span> 
     </span>
    </p>
   </div>
   <div class='ocr_carea' id='block_1_20' title="bbox 946 1908 1458 1965">
    <p class='ocr_par' dir='ltr' id='par_1_20' title="bbox 946 1908 1458 1965">
     <span class='ocr_line' id='line_1_20' title="bbox 946 1908 1458 1965; baseline 0.008 -3"><span class='ocrx_word' id='word_1_105' title='bbox 946 1908 1458 1965; x_wconf 80' lang='lat' dir='ltr'><strong>constellationibus.</strong></span> 
     </span>
    </p>
   </div>
   <div class='ocr_carea' id='block_1_21' title="bbox 484 2019 1994 2094">
    <p class='ocr_par' dir='ltr' id='par_1_21' title="bbox 484 2019 1994 2094">
     <span class='ocr_line' id='line_1_21' title="bbox 484 2019 1994 2094; baseline 0.005 -19"><span class='ocrx_word' id='word_1_106' title='bbox 484 2019 823 2077; x_wconf 87' lang='lat' dir='ltr'><strong>Constellata</strong></span> <span class='ocrx_word' id='word_1_107' title='bbox 856 2029 1008 2078; x_wconf 89' lang='lat' dir='ltr'><strong>astra</strong></span> <span class='ocrx_word' id='word_1_108' title='bbox 1051 2023 1108 2078; x_wconf 92' lang='lat' dir='ltr'><strong>in</strong></span> <span class='ocrx_word' id='word_1_109' title='bbox 1148 2031 1262 2080; x_wconf 89' lang='lat' dir='ltr'><strong>tres</strong></span> <span class='ocrx_word' id='word_1_110' title='bbox 1302 2035 1487 2094; x_wconf 88' lang='lat' dir='ltr'><strong>partes</strong></span> <span class='ocrx_word' id='word_1_111' title='bbox 1519 2025 1857 2083; x_wconf 88' lang='lat' dir='ltr'><strong>dividuntur.</strong></span> <span class='ocrx_word' id='word_1_112' title='bbox 1886 2026 1994 2083; x_wconf 62' lang='lat' dir='ltr'><strong>Eoo</strong></span> 
     </span>
    </p>
   </div>
   <div class='ocr_carea' id='block_1_22' title="bbox 416 2113 1993 2185">
    <p class='ocr_par' dir='ltr' id='par_1_22' title="bbox 416 2113 1993 2185">
     <span class='ocr_line' id='line_1_22' title="bbox 416 2113 1993 2185; baseline 0.004 -18"><span class='ocrx_word' id='word_1_113' title='bbox 416 2128 541 2167; x_wconf 88' lang='lat' dir='ltr'><strong>rum</strong></span> <span class='ocrx_word' id='word_1_114' title='bbox 587 2113 736 2169; x_wconf 91' lang='lat' dir='ltr'><strong>enim</strong></span> <span class='ocrx_word' id='word_1_115' title='bbox 782 2114 1033 2185; x_wconf 73' lang='lat' dir='ltr'><strong>quaedam</strong></span> <span class='ocrx_word' id='word_1_116' title='bbox 1072 2115 1130 2171; x_wconf 91' lang='lat' dir='ltr'><strong>in</strong></span> <span class='ocrx_word' id='word_1_117' title='bbox 1178 2114 1407 2172; x_wconf 85' lang='lat' dir='ltr'><strong>zodiaeo</strong></span> <span class='ocrx_word' id='word_1_118' title='bbox 1449 2117 1657 2173; x_wconf 89' lang='lat' dir='ltr'><strong>circulo</strong></span> <span class='ocrx_word' id='word_1_119' title='bbox 1690 2127 1820 2174; x_wconf 90' lang='lat' dir='ltr'><strong>sunt</strong></span> <span class='ocrx_word' id='word_1_120' title='bbox 1866 2121 1993 2185; x_wconf 88' lang='lat' dir='ltr'><strong>sita,</strong></span> 
     </span>
    </p>
   </div>
   <div class='ocr_carea' id='block_1_23' title="bbox 418 2204 1996 2279">
    <p class='ocr_par' dir='ltr' id='par_1_23' title="bbox 418 2204 1996 2279">
     <span class='ocr_line' id='line_1_23' title="bbox 418 2204 1996 2279; baseline 0.006 -20"><span class='ocrx_word' id='word_1_121' title='bbox 418 2204 670 2275; x_wconf 64' lang='lat' dir='ltr'><strong>qua&#39;dam</strong></span> <span class='ocrx_word' id='word_1_122' title='bbox 704 2205 969 2261; x_wconf 86' lang='lat' dir='ltr'><strong>dicuntur</strong></span> <span class='ocrx_word' id='word_1_123' title='bbox 1006 2207 1271 2274; x_wconf 84' lang='lat' dir='ltr'><strong>borealia,</strong></span> <span class='ocrx_word' id='word_1_124' title='bbox 1310 2210 1560 2279; x_wconf 73' lang='lat' dir='ltr'><strong>quaedam</strong></span> <span class='ocrx_word' id='word_1_125' title='bbox 1589 2219 1859 2267; x_wconf 85' lang='lat' dir='ltr'><strong>vocantur</strong></span> <span class='ocrx_word' id='word_1_126' title='bbox 1898 2229 1996 2270; x_wconf 85' lang='lat' dir='ltr'><strong>au-</strong></span> 
     </span>
    </p>
   </div>
   <div class='ocr_carea' id='block_1_24' title="bbox 419 2296 632 2351">
    <p class='ocr_par' dir='ltr' id='par_1_24' title="bbox 419 2296 632 2351">
     <span class='ocr_line' id='line_1_24' title="bbox 419 2296 632 2351; baseline 0 -1"><span class='ocrx_word' id='word_1_127' title='bbox 419 2296 632 2351; x_wconf 83' lang='lat' dir='ltr'><strong>stralia.</strong></span> 
     </span>
    </p>
   </div>
   <div class='ocr_carea' id='block_1_25' title="bbox 489 2384 1995 2460">
    <p class='ocr_par' dir='ltr' id='par_1_25' title="bbox 489 2384 1995 2460">
     <span class='ocr_line' id='line_1_25' title="bbox 489 2384 1995 2460; baseline 0.009 -23"><span class='ocrx_word' id='word_1_128' title='bbox 489 2384 621 2450; x_wconf 68' lang='lat' dir='ltr'><strong>Quae</strong></span> <span class='ocrx_word' id='word_1_129' title='bbox 647 2385 816 2455; x_wconf 85' lang='lat' dir='ltr'><strong>igitur</strong></span> <span class='ocrx_word' id='word_1_130' title='bbox 846 2386 899 2441; x_wconf 92' lang='lat' dir='ltr'><strong>in</strong></span> <span class='ocrx_word' id='word_1_131' title='bbox 924 2387 1152 2444; x_wconf 81' lang='lat' dir='ltr'><strong>zodiaco</strong></span> <span class='ocrx_word' id='word_1_132' title='bbox 1184 2396 1488 2460; x_wconf 88' lang='lat' dir='ltr'><strong>ponuntur,</strong></span> <span class='ocrx_word' id='word_1_133' title='bbox 1515 2405 1580 2447; x_wconf 83' lang='lat' dir='ltr'><strong>ea</strong></span> <span class='ocrx_word' id='word_1_134' title='bbox 1616 2397 1746 2447; x_wconf 90' lang='lat' dir='ltr'><strong>sunt</strong></span> <span class='ocrx_word' id='word_1_135' title='bbox 1785 2392 1995 2451; x_wconf 89' lang='lat' dir='ltr'><strong>duode-</strong></span> 
     </span>
    </p>
   </div>
   <div class='ocr_carea' id='block_1_26' title="bbox 418 2474 1996 2551">
    <p class='ocr_par' dir='ltr' id='par_1_26' title="bbox 418 2474 1996 2551">
     <span class='ocr_line' id='line_1_26' title="bbox 418 2474 1996 2551; baseline 0.009 -23"><span class='ocrx_word' id='word_1_136' title='bbox 418 2475 525 2528; x_wconf 88' lang='lat' dir='ltr'><strong>cim</strong></span> <span class='ocrx_word' id='word_1_137' title='bbox 574 2474 754 2546; x_wconf 87' lang='lat' dir='ltr'><strong>signa,</strong></span> <span class='ocrx_word' id='word_1_138' title='bbox 798 2492 1032 2548; x_wconf 89' lang='lat' dir='ltr'><strong>quorum</strong></span> <span class='ocrx_word' id='word_1_139' title='bbox 1084 2480 1482 2551; x_wconf 86' lang='lat' dir='ltr'><strong>appellationes</strong></span> <span class='ocrx_word' id='word_1_140' title='bbox 1532 2490 1693 2539; x_wconf 86' lang='lat' dir='ltr'><strong>antea</strong></span> <span class='ocrx_word' id='word_1_141' title='bbox 1735 2482 1996 2542; x_wconf 82' lang='lat' dir='ltr'><strong>diximus.</strong></span> 
     </span>
    </p>
   </div>
   <div class='ocr_carea' id='block_1_27' title="bbox 419 2564 2000 2648">
    <p class='ocr_par' dir='ltr' id='par_1_27' title="bbox 419 2564 2000 2648">
     <span class='ocr_line' id='line_1_27' title="bbox 419 2564 2000 2648; baseline 0.008 -29"><span class='ocrx_word' id='word_1_142' title='bbox 419 2564 479 2621; x_wconf 88' lang='lat' dir='ltr'><strong>In</strong></span> <span class='ocrx_word' id='word_1_143' title='bbox 524 2568 815 2625; x_wconf 80' lang='lat' dir='ltr'><strong>duodecim</strong></span> <span class='ocrx_word' id='word_1_144' title='bbox 869 2577 1051 2626; x_wconf 89' lang='lat' dir='ltr'><strong>autem</strong></span> <span class='ocrx_word' id='word_1_145' title='bbox 1096 2571 1271 2643; x_wconf 79' lang='lat' dir='ltr'><strong>signis</strong></span> <span class='ocrx_word' id='word_1_146' title='bbox 1319 2574 1565 2643; x_wconf 71' lang='lat' dir='ltr'><strong>quaedam</strong></span> <span class='ocrx_word' id='word_1_147' title='bbox 1616 2576 1789 2631; x_wconf 62' lang='lat' dir='ltr'><strong>stellae</strong></span> <span class='ocrx_word' id='word_1_148' title='bbox 1822 2577 2000 2648; x_wconf 69' lang='lat' dir='ltr'><strong>dignae</strong></span> 
     </span>
    </p>
   </div>
   <div class='ocr_carea' id='block_1_28' title="bbox 420 2658 2001 2739">
    <p class='ocr_par' dir='ltr' id='par_1_28' title="bbox 420 2658 2001 2739">
     <span class='ocr_line' id='line_1_28' title="bbox 420 2658 2001 2739; baseline 0.008 -28"><span class='ocrx_word' id='word_1_149' title='bbox 420 2658 620 2715; x_wconf 71' lang='lat' dir='ltr'><strong>habita:</strong></span> <span class='ocrx_word' id='word_1_150' title='bbox 647 2670 770 2716; x_wconf 89' lang='lat' dir='ltr'><strong>sunt</strong></span> <span class='ocrx_word' id='word_1_151' title='bbox 794 2663 1034 2733; x_wconf 85' lang='lat' dir='ltr'><strong>propriis</strong></span> <span class='ocrx_word' id='word_1_152' title='bbox 1062 2666 1546 2734; x_wconf 84' lang='lat' dir='ltr'><strong>appellationibus,</strong></span> <span class='ocrx_word' id='word_1_153' title='bbox 1581 2666 1748 2737; x_wconf 82' lang='lat' dir='ltr'><strong>idque</strong></span> <span class='ocrx_word' id='word_1_154' title='bbox 1776 2678 2001 2739; x_wconf 86' lang='lat' dir='ltr'><strong>propter</strong></span> 
     </span>
    </p>
   </div>
   <div class='ocr_carea' id='block_1_29' title="bbox 419 2749 2002 2825">
    <p class='ocr_par' dir='ltr' id='par_1_29' title="bbox 419 2749 2002 2825">
     <span class='ocr_line' id='line_1_29' title="bbox 419 2749 2002 2825; baseline 0.007 -19"><span class='ocrx_word' id='word_1_155' title='bbox 419 2749 855 2821; x_wconf 83' lang='lat' dir='ltr'><strong>signiﬁcationes</strong></span> <span class='ocrx_word' id='word_1_156' title='bbox 897 2769 1038 2825; x_wconf 86' lang='lat' dir='ltr'><strong>quas</strong></span> <span class='ocrx_word' id='word_1_157' title='bbox 1074 2757 1298 2812; x_wconf 88' lang='lat' dir='ltr'><strong>habent.</strong></span> <span class='ocrx_word' id='word_1_158' title='bbox 1342 2756 1474 2812; x_wconf 84' lang='lat' dir='ltr'><strong>Nam</strong></span> <span class='ocrx_word' id='word_1_159' title='bbox 1522 2759 1578 2813; x_wconf 93' lang='lat' dir='ltr'><strong>in</strong></span> <span class='ocrx_word' id='word_1_160' title='bbox 1622 2759 1788 2817; x_wconf 87' lang='lat' dir='ltr'><strong>dorso</strong></span> <span class='ocrx_word' id='word_1_161' title='bbox 1833 2761 2002 2817; x_wconf 85' lang='lat' dir='ltr'><strong>Tauri</strong></span> 
     </span>
    </p>
   </div>
   <div class='ocr_carea' id='block_1_30' title="bbox 420 2841 1781 2922">
    <p class='ocr_par' dir='ltr' id='par_1_30' title="bbox 420 2841 1781 2922">
     <span class='ocr_line' id='line_1_30' title="bbox 420 2841 1781 2922; baseline 0.007 -23"><span class='ocrx_word' id='word_1_162' title='bbox 420 2841 612 2912; x_wconf 70' lang='lat' dir='ltr'><strong>positae</strong></span> <span class='ocrx_word' id='word_1_163' title='bbox 645 2846 817 2902; x_wconf 69' lang='lat' dir='ltr'><strong>stellae</strong></span> <span class='ocrx_word' id='word_1_164' title='bbox 842 2862 1076 2904; x_wconf 90' lang='lat' dir='ltr'><strong>numero</strong></span> <span class='ocrx_word' id='word_1_165' title='bbox 1106 2864 1202 2904; x_wconf 76' lang='lat' dir='ltr'><strong>sex</strong></span> <span class='ocrx_word' id='word_1_166' title='bbox 1222 2858 1492 2905; x_wconf 81' lang='lat' dir='ltr'><strong>vocantur</strong></span> <span class='ocrx_word' id='word_1_167' title='bbox 1518 2852 1781 2922; x_wconf 84' lang='lat' dir='ltr'><strong>pleiades.</strong></span> 
     </span>
    </p>
   </div>
   <div class='ocr_carea' id='block_1_31' title="bbox 493 3029 2001 3112">
    <p class='ocr_par' dir='ltr' id='par_1_31' title="bbox 493 3029 2001 3112">
     <span class='ocr_line' id='line_1_31' title="bbox 493 3029 2001 3112; baseline 0.009 -29"><span class='ocrx_word' id='word_1_168' title='bbox 493 3030 555 3083; x_wconf 84' lang='lat' dir='ltr'><strong>In</strong></span> <span class='ocrx_word' id='word_1_169' title='bbox 606 3029 791 3087; x_wconf 79' lang='lat' dir='ltr'><strong>fronte</strong></span> <span class='ocrx_word' id='word_1_170' title='bbox 831 3031 1001 3088; x_wconf 84' lang='lat' dir='ltr'><strong>Tauri</strong></span> <span class='ocrx_word' id='word_1_171' title='bbox 1055 3035 1246 3105; x_wconf 67' lang='lat' dir='ltr'><strong>posita:</strong></span> <span class='ocrx_word' id='word_1_172' title='bbox 1293 3037 1464 3092; x_wconf 75' lang='lat' dir='ltr'><strong>stellze</strong></span> <span class='ocrx_word' id='word_1_173' title='bbox 1492 3052 1724 3095; x_wconf 89' lang='lat' dir='ltr'><strong>numero</strong></span> <span class='ocrx_word' id='word_1_174' title='bbox 1758 3041 2001 3112; x_wconf 89' lang='lat' dir='ltr'><strong>quinque</strong></span> 
     </span>
    </p>
   </div>
   <div class='ocr_carea' id='block_1_32' title="bbox 426 3120 2001 3203">
    <p class='ocr_par' dir='ltr' id='par_1_32' title="bbox 426 3120 2001 3203">
     <span class='ocr_line' id='line_1_32' title="bbox 426 3120 2001 3203; baseline 0.009 -29"><span class='ocrx_word' id='word_1_175' title='bbox 426 3120 796 3176; x_wconf 89' lang='lat' dir='ltr'><strong>nominantur</strong></span> <span class='ocrx_word' id='word_1_176' title='bbox 836 3122 1089 3195; x_wconf 82' lang='lat' dir='ltr'><strong>hyades;</strong></span> <span class='ocrx_word' id='word_1_177' title='bbox 1146 3141 1268 3196; x_wconf 81' lang='lat' dir='ltr'><strong>quae</strong></span> <span class='ocrx_word' id='word_1_178' title='bbox 1315 3128 1474 3183; x_wconf 89' lang='lat' dir='ltr'><strong>stella</strong></span> <span class='ocrx_word' id='word_1_179' title='bbox 1526 3131 1783 3200; x_wconf 64' lang='lat' dir='ltr'><strong>praecedit</strong></span> <span class='ocrx_word' id='word_1_180' title='bbox 1835 3133 2001 3203; x_wconf 87' lang='lat' dir='ltr'><strong>pedes</strong></span> 
     </span>
    </p>
   </div>
   <div class='ocr_carea' id='block_1_33' title="bbox 2089 564 2513 637">
    <p class='ocr_par' dir='ltr' id='par_1_33' title="bbox 2089 564 2513 637">
     <span class='ocr_line' id='line_1_33' title="bbox 2089 564 2513 637; baseline -0.014 -17"><span class='ocrx_word' id='word_1_181' title='bbox 2089 581 2234 637; x_wconf 87' lang='grc' dir='ltr'>ματα</span> <span class='ocrx_word' id='word_1_182' title='bbox 2266 564 2513 632; x_wconf 85' lang='grc' dir='ltr'>ἀγαγεῖν.</span> 
     </span>
    </p>
   </div>
   <div class='ocr_carea' id='block_1_34' title="bbox 2156 752 3665 834">
    <p class='ocr_par' dir='ltr' id='par_1_34' title="bbox 2156 752 3665 834">
     <span class='ocr_line' id='line_1_34' title="bbox 2156 752 3665 834; baseline -0.011 -15"><span class='ocrx_word' id='word_1_183' title='bbox 2156 765 2307 818; x_wconf 74' lang='grc' dir='ltr'>Εἰσὶν</span> <span class='ocrx_word' id='word_1_184' title='bbox 2363 758 2458 818; x_wconf 78' lang='grc' dir='ltr'>οὖν</span> <span class='ocrx_word' id='word_1_185' title='bbox 2513 781 2615 817; x_wconf 84' lang='grc' dir='ltr'><strong>κατ</strong></span> <span class='ocrx_word' id='word_1_186' title='bbox 2693 761 2950 834; x_wconf 84' lang='grc' dir='ltr'>ἀλήθειαν</span> <span class='ocrx_word' id='word_1_187' title='bbox 3009 755 3257 825; x_wconf 56' lang='grc' dir='ltr'>συζυγίαι</span> <span class='ocrx_word' id='word_1_188' title='bbox 3307 752 3390 819; x_wconf 74' lang='grc' dir='ltr'><strong>ἐξ.</strong></span> <span class='ocrx_word' id='word_1_189' title='bbox 3445 753 3665 823; x_wconf 85' lang='grc' dir='ltr'>Δίδυμοι</span> 
     </span>
    </p>
   </div>
   <div class='ocr_carea' id='block_1_35' title="bbox 2085 842 3664 930">
    <p class='ocr_par' dir='ltr' id='par_1_35' title="bbox 2085 842 3664 930">
     <span class='ocr_line' id='line_1_35' title="bbox 2085 842 3664 930; baseline -0.011 -19"><span class='ocrx_word' id='word_1_190' title='bbox 2085 857 2374 930; x_wconf 85' lang='grc' dir='ltr'>Καρκίνῳ,</span> <span class='ocrx_word' id='word_1_191' title='bbox 2402 855 2615 927; x_wconf 80' lang='grc' dir='ltr'><strong>Ταῦρος</strong></span> <span class='ocrx_word' id='word_1_192' title='bbox 2648 854 2837 909; x_wconf 80' lang='grc' dir='ltr'><strong>Λέοντι</strong></span> <span class='ocrx_word' id='word_1_193' title='bbox 2859 893 2874 919; x_wconf 94' lang='grc'><strong>,</strong></span> <span class='ocrx_word' id='word_1_194' title='bbox 2911 849 3081 923; x_wconf 78' lang='grc' dir='ltr'>Κριὸς</span> <span class='ocrx_word' id='word_1_195' title='bbox 3120 844 3382 919; x_wconf 75' lang='grc' dir='ltr'><strong>Παρθένῳ</strong></span> <span class='ocrx_word' id='word_1_196' title='bbox 3404 884 3419 908; x_wconf 85' lang='grc'><strong>,</strong></span> <span class='ocrx_word' id='word_1_197' title='bbox 3461 842 3664 913; x_wconf 84' lang='grc' dir='ltr'>Ἰχθύες</span> 
     </span>
    </p>
   </div>
   <div class='ocr_carea' id='block_1_36' title="bbox 2085 936 3666 1020">
    <p class='ocr_par' dir='ltr' id='par_1_36' title="bbox 2085 936 3666 1020">
     <span class='ocr_line' id='line_1_36' title="bbox 2085 936 3666 1020; baseline 0.001 -19"><span class='ocrx_word' id='word_1_198' title='bbox 2085 948 2244 1020; x_wconf 84' lang='grc' dir='ltr'>Ζυγῷ</span> <span class='ocrx_word' id='word_1_199' title='bbox 2270 989 2285 1014; x_wconf 91' lang='grc'><strong>,</strong></span> <span class='ocrx_word' id='word_1_200' title='bbox 2348 948 2635 1020; x_wconf 85' lang='grc' dir='ltr'>’Υδροχόος</span> <span class='ocrx_word' id='word_1_201' title='bbox 2686 947 2938 1018; x_wconf 82' lang='grc' dir='ltr'>Σκορπιῳ</span> <span class='ocrx_word' id='word_1_202' title='bbox 2969 982 2985 1006; x_wconf 85' lang='grc'><strong>,</strong></span> <span class='ocrx_word' id='word_1_203' title='bbox 3048 939 3358 1011; x_wconf 76' lang='grc' dir='ltr'>Αίγύκερως</span> <span class='ocrx_word' id='word_1_204' title='bbox 3410 936 3607 1007; x_wconf 73' lang='grc' dir='ltr'>Τοξότῃ</span> <span class='ocrx_word' id='word_1_205' title='bbox 3644 949 3666 969; x_wconf 86' lang='grc'><strong><em>⁸</em></strong></span> 
     </span>
    </p>
   </div>
   <div class='ocr_carea' id='block_1_37' title="bbox 2085 1026 3666 1113">
    <p class='ocr_par' dir='ltr' id='par_1_37' title="bbox 2085 1026 3666 1113">
     <span class='ocr_line' id='line_1_37' title="bbox 2085 1026 3666 1113; baseline -0.011 -19"><span class='ocrx_word' id='word_1_206' title='bbox 2085 1041 2261 1094; x_wconf 78' lang='grc' dir='ltr'>ταῦτα</span> <span class='ocrx_word' id='word_1_207' title='bbox 2286 1039 2396 1113; x_wconf 85' lang='grc' dir='ltr'>γὰρ</span> <span class='ocrx_word' id='word_1_208' title='bbox 2419 1040 2514 1094; x_wconf 77' lang='grc' dir='ltr'>καὶ</span> <span class='ocrx_word' id='word_1_209' title='bbox 2535 1041 2600 1093; x_wconf 81' lang='grc' dir='ltr'>ὲκ</span> <span class='ocrx_word' id='word_1_210' title='bbox 2624 1037 2719 1092; x_wconf 80' lang='grc' dir='ltr'>τοῦ</span> <span class='ocrx_word' id='word_1_211' title='bbox 2750 1035 2912 1093; x_wconf 81' lang='grc' dir='ltr'>αὐτοῦ</span> <span class='ocrx_word' id='word_1_212' title='bbox 2940 1034 3107 1088; x_wconf 84' lang='grc' dir='ltr'>τόπου</span> <span class='ocrx_word' id='word_1_213' title='bbox 3132 1028 3432 1092; x_wconf 82' lang='grc' dir='ltr'><strong>ἀνατέλλει,</strong></span> <span class='ocrx_word' id='word_1_214' title='bbox 3464 1026 3557 1079; x_wconf 77' lang='grc' dir='ltr'>καὶ</span> <span class='ocrx_word' id='word_1_215' title='bbox 3581 1027 3666 1088; x_wconf 83' lang='grc' dir='ltr'><strong>εἰς</strong></span> 
     </span>
    </p>
   </div>
   <div class='ocr_carea' id='block_1_38' title="bbox 2085 1120 3664 1193">
    <p class='ocr_par' dir='ltr' id='par_1_38' title="bbox 2085 1120 3664 1193">
     <span class='ocr_line' id='line_1_38' title="bbox 2085 1120 3664 1193; baseline -0.011 -8"><span class='ocrx_word' id='word_1_216' title='bbox 2085 1132 2183 1185; x_wconf 80' lang='grc' dir='ltr'>τὸν</span> <span class='ocrx_word' id='word_1_217' title='bbox 2216 1131 2380 1186; x_wconf 81' lang='grc' dir='ltr'>αὐτὸν</span> <span class='ocrx_word' id='word_1_218' title='bbox 2407 1131 2572 1185; x_wconf 87' lang='grc' dir='ltr'>τόπον</span> <span class='ocrx_word' id='word_1_219' title='bbox 2599 1130 2766 1193; x_wconf 88' lang='grc' dir='ltr'>δύνει,</span> <span class='ocrx_word' id='word_1_220' title='bbox 2803 1129 2896 1182; x_wconf 75' lang='grc' dir='ltr'>καὶ</span> <span class='ocrx_word' id='word_1_221' title='bbox 2928 1126 3036 1180; x_wconf 82' lang='grc' dir='ltr'><strong>ὑπὸ</strong></span> <span class='ocrx_word' id='word_1_222' title='bbox 3077 1124 3183 1178; x_wconf 85' lang='grc' dir='ltr'>τῶν</span> <span class='ocrx_word' id='word_1_223' title='bbox 3229 1120 3409 1175; x_wconf 82' lang='grc' dir='ltr'>αὐτῶν</span> <span class='ocrx_word' id='word_1_224' title='bbox 3438 1120 3664 1189; x_wconf 74' lang='grc' dir='ltr'>ἐμπερι-</span> 
     </span>
    </p>
   </div>
   <div class='ocr_carea' id='block_1_39' title="bbox 2087 1207 3663 1292">
    <p class='ocr_par' dir='ltr' id='par_1_39' title="bbox 2087 1207 3663 1292">
     <span class='ocr_line' id='line_1_39' title="bbox 2087 1207 3663 1292; baseline -0.01 -19"><span class='ocrx_word' id='word_1_225' title='bbox 2087 1220 2425 1292; x_wconf 78' lang='grc' dir='ltr'>λαμὸἀνεται</span> <span class='ocrx_word' id='word_1_226' title='bbox 2457 1218 2817 1289; x_wconf 79' lang='grc' dir='ltr'><strong>παραλλήλων</strong></span> <span class='ocrx_word' id='word_1_227' title='bbox 2858 1214 3094 1275; x_wconf 77' lang='grc' dir='ltr'>κύκλων,</span> <span class='ocrx_word' id='word_1_228' title='bbox 3126 1210 3217 1266; x_wconf 82' lang='grc' dir='ltr'>καὶ</span> <span class='ocrx_word' id='word_1_229' title='bbox 3245 1207 3309 1275; x_wconf 81' lang='grc' dir='ltr'>ἐξ</span> <span class='ocrx_word' id='word_1_230' title='bbox 3351 1209 3465 1262; x_wconf 80' lang='grc' dir='ltr'>ἴσου</span> <span class='ocrx_word' id='word_1_231' title='bbox 3490 1209 3663 1260; x_wconf 86' lang='grc' dir='ltr'>κεῖται</span> 
     </span>
    </p>
   </div>
   <div class='ocr_carea' id='block_1_40' title="bbox 2090 1296 3662 1385">
    <p class='ocr_par' dir='ltr' id='par_1_40' title="bbox 2090 1296 3662 1385">
     <span class='ocr_line' id='line_1_40' title="bbox 2090 1296 3662 1385; baseline -0.01 -20"><span class='ocrx_word' id='word_1_232' title='bbox 2090 1314 2228 1385; x_wconf 84' lang='grc' dir='ltr'>πρὸς</span> <span class='ocrx_word' id='word_1_233' title='bbox 2250 1312 2318 1367; x_wconf 77' lang='grc' dir='ltr'><strong>τὰ</strong></span> <span class='ocrx_word' id='word_1_234' title='bbox 2342 1311 2578 1384; x_wconf 81' lang='grc' dir='ltr'><strong>τροπικὰ</strong></span> <span class='ocrx_word' id='word_1_235' title='bbox 2610 1311 2829 1380; x_wconf 86' lang='grc' dir='ltr'>σημεῖα.</span> <span class='ocrx_word' id='word_1_236' title='bbox 2877 1308 2966 1359; x_wconf 84' lang='grc' dir='ltr'>Ἐν</span> <span class='ocrx_word' id='word_1_237' title='bbox 2992 1304 3201 1366; x_wconf 80' lang='grc' dir='ltr'><strong>τούτοις</strong></span> <span class='ocrx_word' id='word_1_238' title='bbox 3224 1301 3331 1375; x_wconf 83' lang='grc' dir='ltr'><strong>γὰρ</strong></span> <span class='ocrx_word' id='word_1_239' title='bbox 3360 1299 3427 1352; x_wconf 82' lang='grc' dir='ltr'>τὰ</span> <span class='ocrx_word' id='word_1_240' title='bbox 3461 1296 3662 1369; x_wconf 83' lang='grc' dir='ltr'><strong>μεγέθη</strong></span> 
     </span>
    </p>
   </div>
   <div class='ocr_carea' id='block_1_41' title="bbox 2090 1388 3665 1477">
    <p class='ocr_par' dir='ltr' id='par_1_41' title="bbox 2090 1388 3665 1477">
     <span class='ocr_line' id='line_1_41' title="bbox 2090 1388 3665 1477; baseline -0.012 -18"><span class='ocrx_word' id='word_1_241' title='bbox 2090 1406 2199 1459; x_wconf 85' lang='grc' dir='ltr'><strong>τῶν</strong></span> <span class='ocrx_word' id='word_1_242' title='bbox 2229 1404 2452 1477; x_wconf 84' lang='grc' dir='ltr'>ἡμερῶν</span> <span class='ocrx_word' id='word_1_243' title='bbox 2483 1403 2578 1457; x_wconf 73' lang='grc' dir='ltr'>καὶ</span> <span class='ocrx_word' id='word_1_244' title='bbox 2619 1400 2729 1454; x_wconf 83' lang='grc' dir='ltr'>τῶν</span> <span class='ocrx_word' id='word_1_245' title='bbox 2765 1398 2975 1453; x_wconf 77' lang='grc' dir='ltr'>νυκτῶν</span> <span class='ocrx_word' id='word_1_246' title='bbox 3016 1398 3124 1459; x_wconf 77' lang='grc' dir='ltr'>ἴσα,</span> <span class='ocrx_word' id='word_1_247' title='bbox 3156 1395 3249 1448; x_wconf 77' lang='grc' dir='ltr'>καὶ</span> <span class='ocrx_word' id='word_1_248' title='bbox 3280 1392 3350 1446; x_wconf 82' lang='grc' dir='ltr'>τὰ</span> <span class='ocrx_word' id='word_1_249' title='bbox 3393 1392 3534 1460; x_wconf 77' lang='grc' dir='ltr'>ἄκρα</span> <span class='ocrx_word' id='word_1_250' title='bbox 3558 1388 3665 1441; x_wconf 83' lang='grc' dir='ltr'>τῶν</span> 
     </span>
    </p>
   </div>
   <div class='ocr_carea' id='block_1_42' title="bbox 2090 1480 3667 1567">
    <p class='ocr_par' dir='ltr' id='par_1_42' title="bbox 2090 1480 3667 1567">
     <span class='ocr_line' id='line_1_42' title="bbox 2090 1480 3667 1567; baseline -0.01 -16"><span class='ocrx_word' id='word_1_251' title='bbox 2090 1496 2385 1567; x_wconf 80' lang='grc' dir='ltr'><strong>γνωμόνων</strong></span> <span class='ocrx_word' id='word_1_252' title='bbox 2435 1495 2496 1548; x_wconf 79' lang='grc' dir='ltr'><strong>ὲν</strong></span> <span class='ocrx_word' id='word_1_253' title='bbox 2550 1494 2663 1555; x_wconf 89' lang='grc' dir='ltr'>τοῖς</span> <span class='ocrx_word' id='word_1_254' title='bbox 2717 1480 3034 1562; x_wconf 70' lang='grc' dir='ltr'>ὧρολογίοις</span> <span class='ocrx_word' id='word_1_255' title='bbox 3087 1485 3187 1549; x_wconf 83' lang='grc' dir='ltr'><strong>τὰς</strong></span> <span class='ocrx_word' id='word_1_256' title='bbox 3243 1483 3414 1545; x_wconf 76' lang='grc' dir='ltr'>αὐτὰς</span> <span class='ocrx_word' id='word_1_257' title='bbox 3467 1480 3667 1555; x_wconf 73' lang='grc' dir='ltr'><strong>τράφεν.</strong></span> 
     </span>
    </p>
   </div>
   <div class='ocr_carea' id='block_1_43' title="bbox 2091 1586 2376 1660">
    <p class='ocr_par' dir='ltr' id='par_1_43' title="bbox 2091 1586 2376 1660">
     <span class='ocr_line' id='line_1_43' title="bbox 2091 1586 2376 1660; baseline -0.025 -3"><span class='ocrx_word' id='word_1_258' title='bbox 2091 1586 2376 1660; x_wconf 82' lang='grc' dir='ltr'>γραμμάς.</span> 
     </span>
    </p>
   </div>
   <div class='ocr_carea' id='block_1_44' title="bbox 2638 1713 3142 1772">
    <p class='ocr_par' dir='ltr' id='par_1_44' title="bbox 2638 1713 3142 1772">
     <span class='ocr_line' id='line_1_44' title="bbox 2638 1713 3142 1772; baseline -0.012 -1"><span class='ocrx_word' id='word_1_259' title='bbox 2638 1714 3039 1772; x_wconf 80' lang='grc' dir='ltr'><strong>ΚΕΦΔΛΑῘΟΝ</strong></span> <span class='ocrx_word' id='word_1_260' title='bbox 3069 1713 3142 1766; x_wconf 91' lang='lat' dir='ltr'><strong>B&#39;.</strong></span> 
     </span>
    </p>
   </div>
   <div class='ocr_carea' id='block_1_45' title="bbox 2270 1820 3493 1903">
    <p class='ocr_par' dir='ltr' id='par_1_45' title="bbox 2270 1820 3493 1903">
     <span class='ocr_line' id='line_1_45' title="bbox 2270 1820 3493 1903; baseline -0.011 -15"><span class='ocrx_word' id='word_1_261' title='bbox 2270 1832 2410 1903; x_wconf 74' lang='grc' dir='ltr'>Περὶ</span> <span class='ocrx_word' id='word_1_262' title='bbox 2448 1831 2569 1887; x_wconf 65' lang='grc' dir='ltr'><strong>τῶν</strong></span> <span class='ocrx_word' id='word_1_263' title='bbox 2596 1825 3160 1899; x_wconf 75' lang='grc' dir='ltr'>κατηστερισμένων</span> <span class='ocrx_word' id='word_1_264' title='bbox 3193 1823 3235 1854; x_wconf 84' lang='grc'><strong>¹⁶</strong></span> <span class='ocrx_word' id='word_1_265' title='bbox 3260 1820 3493 1883; x_wconf 80' lang='grc' dir='ltr'>ζωδίων.</span> 
     </span>
    </p>
   </div>
   <div class='ocr_carea' id='block_1_46' title="bbox 2167 2025 3666 2110">
    <p class='ocr_par' dir='ltr' id='par_1_46' title="bbox 2167 2025 3666 2110">
     <span class='ocr_line' id='line_1_46' title="bbox 2167 2025 3666 2110; baseline -0.011 -15"><span class='ocrx_word' id='word_1_266' title='bbox 2167 2040 2248 2095; x_wconf 86' lang='grc' dir='ltr'><strong>Τὰ</strong></span> <span class='ocrx_word' id='word_1_267' title='bbox 2304 2036 2774 2110; x_wconf 83' lang='grc' dir='ltr'>κατηστερισμένα</span> <span class='ocrx_word' id='word_1_268' title='bbox 2826 2036 3003 2107; x_wconf 77' lang='grc' dir='ltr'>ἄστρα</span> <span class='ocrx_word' id='word_1_269' title='bbox 3060 2033 3351 2104; x_wconf 83' lang='grc' dir='ltr'>διαιρεῖται</span> <span class='ocrx_word' id='word_1_270' title='bbox 3401 2030 3483 2092; x_wconf 83' lang='grc' dir='ltr'><strong>είς</strong></span> <span class='ocrx_word' id='word_1_271' title='bbox 3531 2025 3666 2097; x_wconf 72' lang='grc' dir='ltr'>μέρη</span> 
     </span>
    </p>
   </div>
   <div class='ocr_carea' id='block_1_47' title="bbox 2094 2117 3669 2204">
    <p class='ocr_par' dir='ltr' id='par_1_47' title="bbox 2094 2117 3669 2204">
     <span class='ocr_line' id='line_1_47' title="bbox 2094 2117 3669 2204; baseline -0.011 -19"><span class='ocrx_word' id='word_1_272' title='bbox 2094 2130 2243 2204; x_wconf 87' lang='grc' dir='ltr'>τρία.</span> <span class='ocrx_word' id='word_1_273' title='bbox 2286 2131 2353 2183; x_wconf 73' lang='grc' dir='ltr'><strong>Ἀ</strong></span> <span class='ocrx_word' id='word_1_274' title='bbox 2400 2129 2500 2200; x_wconf 79' lang='grc' dir='ltr'>μὲν</span> <span class='ocrx_word' id='word_1_275' title='bbox 2540 2126 2651 2198; x_wconf 81' lang='grc' dir='ltr'><strong>γὰρ</strong></span> <span class='ocrx_word' id='word_1_276' title='bbox 2682 2124 2862 2180; x_wconf 82' lang='grc' dir='ltr'>αὐτῶν</span> <span class='ocrx_word' id='word_1_277' title='bbox 2910 2124 3004 2178; x_wconf 73' lang='grc' dir='ltr'><strong>ἐπὶ</strong></span> <span class='ocrx_word' id='word_1_278' title='bbox 3046 2122 3139 2177; x_wconf 84' lang='grc' dir='ltr'>τοῦ</span> <span class='ocrx_word' id='word_1_279' title='bbox 3174 2119 3440 2187; x_wconf 85' lang='grc' dir='ltr'>ζωδιακοῦ</span> <span class='ocrx_word' id='word_1_280' title='bbox 3472 2117 3669 2172; x_wconf 83' lang='grc' dir='ltr'>κύκλου</span> 
     </span>
    </p>
   </div>
   <div class='ocr_carea' id='block_1_48' title="bbox 2096 2208 3668 2291">
    <p class='ocr_par' dir='ltr' id='par_1_48' title="bbox 2096 2208 3668 2291">
     <span class='ocr_line' id='line_1_48' title="bbox 2096 2208 3668 2291; baseline -0.011 -14"><span class='ocrx_word' id='word_1_281' title='bbox 2096 2227 2303 2278; x_wconf 84' lang='grc' dir='ltr'>κεῖται·</span> <span class='ocrx_word' id='word_1_282' title='bbox 2338 2222 2375 2276; x_wconf 76' lang='grc' dir='ltr'>ἃ</span> <span class='ocrx_word' id='word_1_283' title='bbox 2412 2221 2470 2275; x_wconf 84' lang='grc' dir='ltr'>δὲ</span> <span class='ocrx_word' id='word_1_284' title='bbox 2515 2220 2732 2289; x_wconf 85' lang='grc' dir='ltr'>λέγεται</span> <span class='ocrx_word' id='word_1_285' title='bbox 2771 2218 2993 2291; x_wconf 80' lang='grc' dir='ltr'>βόρεια·</span> <span class='ocrx_word' id='word_1_286' title='bbox 3040 2216 3077 2271; x_wconf 79' lang='grc' dir='ltr'><strong>δι</strong></span> <span class='ocrx_word' id='word_1_287' title='bbox 3109 2216 3166 2269; x_wconf 86' lang='grc' dir='ltr'>δὲ</span> <span class='ocrx_word' id='word_1_288' title='bbox 3214 2208 3668 2285; x_wconf 77' lang='grc' dir='ltr'><strong>προσαγορεύεται</strong></span> 
     </span>
    </p>
   </div>
   <div class='ocr_carea' id='block_1_49' title="bbox 2096 2313 2268 2368">
    <p class='ocr_par' dir='ltr' id='par_1_49' title="bbox 2096 2313 2268 2368">
     <span class='ocr_line' id='line_1_49' title="bbox 2096 2313 2268 2368; baseline -0.012 0"><span class='ocrx_word' id='word_1_289' title='bbox 2096 2313 2268 2368; x_wconf 80' lang='grc' dir='ltr'>νότια.</span> 
     </span>
    </p>
   </div>
   <div class='ocr_carea' id='block_1_50' title="bbox 2168 2393 3669 2477">
    <p class='ocr_par' dir='ltr' id='par_1_50' title="bbox 2168 2393 3669 2477">
     <span class='ocr_line' id='line_1_50' title="bbox 2168 2393 3669 2477; baseline -0.011 -17"><span class='ocrx_word' id='word_1_290' title='bbox 2168 2408 2251 2460; x_wconf 84' lang='grc' dir='ltr'>Τὰ</span> <span class='ocrx_word' id='word_1_291' title='bbox 2280 2406 2379 2477; x_wconf 83' lang='grc' dir='ltr'>μὲν</span> <span class='ocrx_word' id='word_1_292' title='bbox 2411 2399 2505 2459; x_wconf 78' lang='grc' dir='ltr'><strong>οὖν</strong></span> <span class='ocrx_word' id='word_1_293' title='bbox 2533 2404 2625 2457; x_wconf 71' lang='grc' dir='ltr'><strong>ἐπὶ</strong></span> <span class='ocrx_word' id='word_1_294' title='bbox 2661 2400 2756 2455; x_wconf 77' lang='grc' dir='ltr'><strong>τοῦ</strong></span> <span class='ocrx_word' id='word_1_295' title='bbox 2781 2398 3045 2467; x_wconf 79' lang='grc' dir='ltr'>ζωδιακοῦ</span> <span class='ocrx_word' id='word_1_296' title='bbox 3080 2397 3281 2452; x_wconf 84' lang='grc' dir='ltr'>κύκλου</span> <span class='ocrx_word' id='word_1_297' title='bbox 3312 2393 3541 2464; x_wconf 87' lang='grc' dir='ltr'>κείμενά</span> <span class='ocrx_word' id='word_1_298' title='bbox 3558 2395 3669 2445; x_wconf 73' lang='grc' dir='ltr'>ἐστι</span> 
     </span>
    </p>
   </div>
   <div class='ocr_carea' id='block_1_51' title="bbox 2098 2485 3668 2561">
    <p class='ocr_par' dir='ltr' id='par_1_51' title="bbox 2098 2485 3668 2561">
     <span class='ocr_line' id='line_1_51' title="bbox 2098 2485 3668 2561; baseline -0.011 -11"><span class='ocrx_word' id='word_1_299' title='bbox 2098 2495 2167 2550; x_wconf 72' lang='grc' dir='ltr'><strong>τὰ</strong></span> <span class='ocrx_word' id='word_1_300' title='bbox 2194 2493 2400 2549; x_wconf 84' lang='grc' dir='ltr'>δώδεκα</span> <span class='ocrx_word' id='word_1_301' title='bbox 2443 2493 2629 2559; x_wconf 81' lang='grc' dir='ltr'>ζὼδια,</span> <span class='ocrx_word' id='word_1_302' title='bbox 2660 2485 2735 2545; x_wconf 81' lang='grc' dir='ltr'>ὧν</span> <span class='ocrx_word' id='word_1_303' title='bbox 2776 2489 2877 2554; x_wconf 75' lang='grc' dir='ltr'><strong>τὰς</strong></span> <span class='ocrx_word' id='word_1_304' title='bbox 2918 2487 3216 2561; x_wconf 77' lang='grc' dir='ltr'><strong>ὀνομασίας</strong></span> <span class='ocrx_word' id='word_1_305' title='bbox 3246 2487 3668 2556; x_wconf 79' lang='grc' dir='ltr'>προειρήκαμεν.</span> 
     </span>
    </p>
   </div>
   <div class='ocr_carea' id='block_1_52' title="bbox 2099 2574 3675 2650">
    <p class='ocr_par' dir='ltr' id='par_1_52' title="bbox 2099 2574 3675 2650">
     <span class='ocr_line' id='line_1_52' title="bbox 2099 2574 3675 2650; baseline -0.01 -8"><span class='ocrx_word' id='word_1_306' title='bbox 2099 2587 2211 2642; x_wconf 75' lang='grc' dir='ltr'><strong>Καὶ</strong></span> <span class='ocrx_word' id='word_1_307' title='bbox 2241 2588 2298 2640; x_wconf 83' lang='grc' dir='ltr'>ἐν</span> <span class='ocrx_word' id='word_1_308' title='bbox 2328 2587 2442 2650; x_wconf 81' lang='grc' dir='ltr'>τοῖς</span> <span class='ocrx_word' id='word_1_309' title='bbox 2481 2582 2690 2638; x_wconf 84' lang='grc' dir='ltr'>δώδεκα</span> <span class='ocrx_word' id='word_1_310' title='bbox 2744 2582 2954 2648; x_wconf 82' lang='grc' dir='ltr'>ζωδίοις</span> <span class='ocrx_word' id='word_1_311' title='bbox 2983 2581 3128 2644; x_wconf 76' lang='grc' dir='ltr'>τινὲς</span> <span class='ocrx_word' id='word_1_312' title='bbox 3166 2578 3416 2649; x_wconf 81' lang='grc' dir='ltr'><strong>ἀστέρες,</strong></span> <span class='ocrx_word' id='word_1_313' title='bbox 3455 2574 3542 2628; x_wconf 82' lang='grc' dir='ltr'><strong>διὰ</strong></span> <span class='ocrx_word' id='word_1_314' title='bbox 3575 2574 3675 2636; x_wconf 82' lang='grc' dir='ltr'>τὰς</span> 
     </span>
    </p>
   </div>
   <div class='ocr_carea' id='block_1_53' title="bbox 2102 2659 3672 2757">
    <p class='ocr_par' dir='ltr' id='par_1_53' title="bbox 2102 2659 3672 2757">
     <span class='ocr_line' id='line_1_53' title="bbox 2102 2659 3672 2757; baseline -0.012 -27"><span class='ocrx_word' id='word_1_315' title='bbox 2102 2678 2187 2730; x_wconf 82' lang='grc' dir='ltr'><strong>ἐπ’</strong></span> <span class='ocrx_word' id='word_1_316' title='bbox 2202 2676 2386 2739; x_wconf 79' lang='grc' dir='ltr'>αὐτοῖς</span> <span class='ocrx_word' id='word_1_317' title='bbox 2400 2674 2686 2744; x_wconf 85' lang='grc' dir='ltr'>γινομένας</span> <span class='ocrx_word' id='word_1_318' title='bbox 2715 2668 3083 2741; x_wconf 80' lang='grc' dir='ltr'><strong>ἐπισημασίας</strong></span> <span class='ocrx_word' id='word_1_319' title='bbox 3103 2706 3117 2731; x_wconf 88' lang='grc'><strong>,</strong></span> <span class='ocrx_word' id='word_1_320' title='bbox 3152 2666 3285 2757; x_wconf 55' lang='grc' dir='ltr'>ιδίας</span> <span class='ocrx_word' id='word_1_321' title='bbox 3312 2659 3672 2757; x_wconf 55' lang='grc' dir='ltr'>προσηγορίας</span> 
     </span>
    </p>
   </div>
   <div class='ocr_carea' id='block_1_54' title="bbox 2100 2751 3671 2838">
    <p class='ocr_par' dir='ltr' id='par_1_54' title="bbox 2100 2751 3671 2838">
     <span class='ocr_line' id='line_1_54' title="bbox 2100 2751 3671 2838; baseline -0.013 -17"><span class='ocrx_word' id='word_1_322' title='bbox 2100 2765 2391 2838; x_wconf 71' lang='grc' dir='ltr'>ἠξιωμένοι</span> <span class='ocrx_word' id='word_1_323' title='bbox 2421 2763 2577 2817; x_wconf 86' lang='grc' dir='ltr'>είσίν.</span> <span class='ocrx_word' id='word_1_324' title='bbox 2608 2760 2675 2817; x_wconf 86' lang='grc' dir='ltr'><strong>Οί</strong></span> <span class='ocrx_word' id='word_1_325' title='bbox 2712 2761 2810 2833; x_wconf 80' lang='grc' dir='ltr'>μὲν</span> <span class='ocrx_word' id='word_1_326' title='bbox 2833 2758 2941 2831; x_wconf 83' lang='grc' dir='ltr'><strong>γὰρ</strong></span> <span class='ocrx_word' id='word_1_327' title='bbox 2974 2758 3068 2811; x_wconf 76' lang='grc' dir='ltr'><strong>ἐπὶ</strong></span> <span class='ocrx_word' id='word_1_328' title='bbox 3104 2754 3198 2809; x_wconf 77' lang='grc' dir='ltr'><strong>τοῦ</strong></span> <span class='ocrx_word' id='word_1_329' title='bbox 3225 2753 3441 2825; x_wconf 83' lang='grc' dir='ltr'>Ταύρου</span> <span class='ocrx_word' id='word_1_330' title='bbox 3472 2751 3560 2803; x_wconf 70' lang='grc' dir='ltr'><strong>ἐπὶ</strong></span> <span class='ocrx_word' id='word_1_331' title='bbox 3580 2751 3671 2801; x_wconf 74' lang='grc' dir='ltr'><strong>τοῦ</strong></span> 
     </span>
    </p>
   </div>
   <div class='ocr_carea' id='block_1_55' title="bbox 2102 2838 3673 2925">
    <p class='ocr_par' dir='ltr' id='par_1_55' title="bbox 2102 2838 3673 2925">
     <span class='ocr_line' id='line_1_55' title="bbox 2102 2838 3673 2925; baseline -0.013 -14"><span class='ocrx_word' id='word_1_332' title='bbox 2102 2857 2271 2911; x_wconf 84' lang='grc' dir='ltr'>νώτου</span> <span class='ocrx_word' id='word_1_333' title='bbox 2297 2854 2461 2910; x_wconf 80' lang='grc' dir='ltr'>αὑτοῦ</span> <span class='ocrx_word' id='word_1_334' title='bbox 2485 2854 2726 2925; x_wconf 88' lang='grc' dir='ltr'>κείμενοι</span> <span class='ocrx_word' id='word_1_335' title='bbox 2741 2849 2967 2920; x_wconf 83' lang='grc' dir='ltr'><strong>ἀστέρες</strong></span> <span class='ocrx_word' id='word_1_336' title='bbox 2982 2847 3072 2901; x_wconf 81' lang='grc' dir='ltr'>τὸν</span> <span class='ocrx_word' id='word_1_337' title='bbox 3096 2844 3330 2918; x_wconf 82' lang='grc' dir='ltr'>ἀριθμὸν</span> <span class='ocrx_word' id='word_1_338' title='bbox 3355 2843 3435 2909; x_wconf 80' lang='grc' dir='ltr'><strong>ἓξ,</strong></span> <span class='ocrx_word' id='word_1_339' title='bbox 3460 2838 3673 2895; x_wconf 79' lang='grc' dir='ltr'>καλοῦν-</span> 
     </span>
    </p>
   </div>
   <div class='ocr_carea' id='block_1_56' title="bbox 2101 2944 2499 3007">
    <p class='ocr_par' dir='ltr' id='par_1_56' title="bbox 2101 2944 2499 3007">
     <span class='ocr_line' id='line_1_56' title="bbox 2101 2944 2499 3007; baseline -0.008 -5"><span class='ocrx_word' id='word_1_340' title='bbox 2101 2965 2193 3001; x_wconf 88' lang='grc' dir='ltr'><strong>ται</strong></span> <span class='ocrx_word' id='word_1_341' title='bbox 2226 2944 2499 3007; x_wconf 84' lang='grc' dir='ltr'><strong>πλειάδες.</strong></span> 
     </span>
    </p>
   </div>
   <div class='ocr_carea' id='block_1_57' title="bbox 2175 3020 3675 3107">
    <p class='ocr_par' dir='ltr' id='par_1_57' title="bbox 2175 3020 3675 3107">
     <span class='ocr_line' id='line_1_57' title="bbox 2175 3020 3675 3107; baseline -0.013 -13"><span class='ocrx_word' id='word_1_342' title='bbox 2175 3040 2239 3095; x_wconf 81' lang='grc' dir='ltr'><strong>Οἱ</strong></span> <span class='ocrx_word' id='word_1_343' title='bbox 2261 3039 2317 3093; x_wconf 83' lang='grc' dir='ltr'>δὲ</span> <span class='ocrx_word' id='word_1_344' title='bbox 2342 3039 2435 3092; x_wconf 76' lang='grc' dir='ltr'><strong>ἐπὶ</strong></span> <span class='ocrx_word' id='word_1_345' title='bbox 2462 3036 2556 3091; x_wconf 81' lang='grc' dir='ltr'><strong>τοῦ</strong></span> <span class='ocrx_word' id='word_1_346' title='bbox 2582 3034 2881 3107; x_wconf 83' lang='grc' dir='ltr'>βουκράνου</span> <span class='ocrx_word' id='word_1_347' title='bbox 2905 3028 2999 3085; x_wconf 82' lang='grc' dir='ltr'>τοῦ</span> <span class='ocrx_word' id='word_1_348' title='bbox 3028 3028 3243 3099; x_wconf 86' lang='grc' dir='ltr'>Ταύρου</span> <span class='ocrx_word' id='word_1_349' title='bbox 3263 3025 3505 3096; x_wconf 83' lang='grc' dir='ltr'>κείμενοι</span> <span class='ocrx_word' id='word_1_350' title='bbox 3528 3020 3675 3076; x_wconf 83' lang='grc' dir='ltr'>ἀστέ-</span> 
     </span>
    </p>
   </div>
   <div class='ocr_carea' id='block_1_58' title="bbox 2109 3114 3672 3202">
    <p class='ocr_par' dir='ltr' id='par_1_58' title="bbox 2109 3114 3672 3202">
     <span class='ocr_line' id='line_1_58' title="bbox 2109 3114 3672 3202; baseline -0.012 -19"><span class='ocrx_word' id='word_1_351' title='bbox 2109 3147 2200 3202; x_wconf 85' lang='grc' dir='ltr'><strong>ρες</strong></span> <span class='ocrx_word' id='word_1_352' title='bbox 2230 3129 2324 3184; x_wconf 84' lang='grc' dir='ltr'>τὸν</span> <span class='ocrx_word' id='word_1_353' title='bbox 2363 3125 2595 3201; x_wconf 81' lang='grc' dir='ltr'>ἀριθμὸν</span> <span class='ocrx_word' id='word_1_354' title='bbox 2637 3125 2822 3188; x_wconf 83' lang='grc' dir='ltr'><strong>πέντε,</strong></span> <span class='ocrx_word' id='word_1_355' title='bbox 2864 3118 3374 3202; x_wconf 12' lang='grc' dir='ltr'>καλοῦπαιῄὑάδεςο</span> <span class='ocrx_word' id='word_1_356' title='bbox 3405 3118 3434 3169; x_wconf 77' lang='grc' dir='ltr'>ὁ</span> <span class='ocrx_word' id='word_1_357' title='bbox 3464 3114 3521 3168; x_wconf 80' lang='grc' dir='ltr'>δὲ</span> <span class='ocrx_word' id='word_1_358' title='bbox 3550 3129 3672 3184; x_wconf 74' lang='grc' dir='ltr'>προο</span> 
     </span>
    </p>
   </div>
   <div class='ocr_carea' id='block_1_59' title="bbox 425 3200 2011 3295">
    <p class='ocr_par' dir='ltr' id='par_1_59' title="bbox 425 3200 2003 3287">
     <span class='ocr_line' id='line_1_59' title="bbox 425 3200 2003 3287; baseline 0.008 -24"><span class='ocrx_word' id='word_1_359' title='bbox 425 3208 804 3279; x_wconf 86' lang='lat' dir='ltr'><strong>Geminorum,</strong></span> <span class='ocrx_word' id='word_1_360' title='bbox 838 3222 1067 3268; x_wconf 88' lang='lat' dir='ltr'><strong>vocatur</strong></span> <span class='ocrx_word' id='word_1_361' title='bbox 1099 3229 1341 3285; x_wconf 88' lang='lat' dir='ltr'><strong>propus;</strong></span> <span class='ocrx_word' id='word_1_362' title='bbox 1375 3232 1497 3287; x_wconf 76' lang='lat' dir='ltr'><strong>quae</strong></span> <span class='ocrx_word' id='word_1_363' title='bbox 1528 3233 1658 3274; x_wconf 82' lang='lat' dir='ltr'><strong>vero</strong></span> <span class='ocrx_word' id='word_1_364' title='bbox 1703 3220 1758 3275; x_wconf 87' lang='lat' dir='ltr'><strong>in</strong></span> <span class='ocrx_word' id='word_1_365' title='bbox 1793 3200 2003 3276; x_wconf 77' lang='lat' dir='ltr'><strong>cancro</strong></span> 
     </span>
    </p>
   </div>
   <div class='ocr_carea' id='block_1_60' title="bbox 2133 3200 3674 3295">
    <p class='ocr_par' dir='ltr' id='par_1_60' title="bbox 2133 3200 3674 3295">
     <span class='ocr_line' id='line_1_60' title="bbox 2133 3200 3674 3295; baseline -0.019 -11"><span class='ocrx_word' id='word_1_366' title='bbox 2133 3200 2409 3294; x_wconf 80' lang='grc' dir='ltr'>ιγούμενος</span> <span class='ocrx_word' id='word_1_367' title='bbox 2435 3218 2545 3273; x_wconf 85' lang='grc' dir='ltr'><strong>τῶν</strong></span> <span class='ocrx_word' id='word_1_368' title='bbox 2578 3218 2753 3272; x_wconf 82' lang='grc' dir='ltr'>ποδῶν</span> <span class='ocrx_word' id='word_1_369' title='bbox 2782 3215 2891 3269; x_wconf 86' lang='grc' dir='ltr'>τῶν</span> <span class='ocrx_word' id='word_1_370' title='bbox 2916 3200 3326 3284; x_wconf 73' lang='grc' dir='ltr'>Διδύμων⁸ἀστὴ</span> <span class='ocrx_word' id='word_1_371' title='bbox 3336 3226 3386 3280; x_wconf 90' lang='grc' dir='ltr'><strong>ρ,</strong></span> <span class='ocrx_word' id='word_1_372' title='bbox 3415 3221 3674 3295; x_wconf 39' lang='grc' dir='ltr'>προσαγοῖ</span> 
     </span>
    </p>
   </div>
   <div class='ocr_carea' id='block_1_61' title="bbox 427 3301 1999 3382">
    <p class='ocr_par' dir='ltr' id='par_1_61' title="bbox 427 3301 1999 3382">
     <span class='ocr_line' id='line_1_61' title="bbox 427 3301 1999 3382; baseline 0.01 -27"><span class='ocrx_word' id='word_1_373' title='bbox 427 3301 709 3358; x_wconf 67' lang='lat' dir='ltr'><strong>nebulosa:</strong></span> <span class='ocrx_word' id='word_1_374' title='bbox 769 3305 1050 3361; x_wconf 81' lang='lat' dir='ltr'><strong>stellarum</strong></span> <span class='ocrx_word' id='word_1_375' title='bbox 1101 3309 1516 3378; x_wconf 86' lang='lat' dir='ltr'><strong>congregationi</strong></span> <span class='ocrx_word' id='word_1_376' title='bbox 1580 3311 1791 3370; x_wconf 87' lang='lat' dir='ltr'><strong>similes</strong></span> <span class='ocrx_word' id='word_1_377' title='bbox 1846 3323 1999 3382; x_wconf 89' lang='lat' dir='ltr'><strong>sunt,</strong></span> 
     </span>
    </p>
   </div>
   <div class='ocr_carea' id='block_1_62' title="bbox 424 3398 2004 3477">
    <p class='ocr_par' dir='ltr' id='par_1_62' title="bbox 424 3398 2004 3477">
     <span class='ocr_line' id='line_1_62' title="bbox 424 3398 2004 3477; baseline 0.009 -29"><span class='ocrx_word' id='word_1_378' title='bbox 424 3403 700 3451; x_wconf 85' lang='lat' dir='ltr'><strong>vocantur</strong></span> <span class='ocrx_word' id='word_1_379' title='bbox 744 3413 988 3469; x_wconf 67' lang='lat' dir='ltr'><strong>praesepe</strong></span> <span class='ocrx_word' id='word_1_380' title='bbox 1021 3418 1037 3466; x_wconf 90' lang='lat'><strong>;</strong></span> <span class='ocrx_word' id='word_1_381' title='bbox 1068 3398 1189 3456; x_wconf 66' lang='lat' dir='ltr'><strong>dure</strong></span> <span class='ocrx_word' id='word_1_382' title='bbox 1228 3404 1399 3458; x_wconf 82' lang='lat' dir='ltr'><strong>stellae</strong></span> <span class='ocrx_word' id='word_1_383' title='bbox 1436 3405 1667 3477; x_wconf 76' lang='lat' dir='ltr'><strong>praesepi</strong></span> <span class='ocrx_word' id='word_1_384' title='bbox 1694 3408 1885 3464; x_wconf 67' lang='lat' dir='ltr'><strong>vicinte</strong></span> <span class='ocrx_word' id='word_1_385' title='bbox 1910 3425 2004 3463; x_wconf 83' lang='lat' dir='ltr'><strong>vo-</strong></span> 
     </span>
    </p>
   </div>
   <div class='ocr_carea' id='block_1_63' title="bbox 425 3487 2005 3563">
    <p class='ocr_par' dir='ltr' id='par_1_63' title="bbox 425 3487 2005 3563">
     <span class='ocr_line' id='line_1_63' title="bbox 425 3487 2005 3563; baseline 0.009 -25"><span class='ocrx_word' id='word_1_386' title='bbox 425 3492 624 3539; x_wconf 88' lang='lat' dir='ltr'><strong>cantur</strong></span> <span class='ocrx_word' id='word_1_387' title='bbox 645 3487 821 3554; x_wconf 84' lang='lat' dir='ltr'><strong>asini;</strong></span> <span class='ocrx_word' id='word_1_388' title='bbox 846 3489 1002 3542; x_wconf 87' lang='lat' dir='ltr'><strong>stella</strong></span> <span class='ocrx_word' id='word_1_389' title='bbox 1038 3489 1235 3559; x_wconf 86' lang='lat' dir='ltr'><strong>lucida,</strong></span> <span class='ocrx_word' id='word_1_390' title='bbox 1267 3508 1389 3563; x_wconf 65' lang='lat' dir='ltr'><strong>quae</strong></span> <span class='ocrx_word' id='word_1_391' title='bbox 1411 3502 1496 3549; x_wconf 87' lang='lat' dir='ltr'><strong>est</strong></span> <span class='ocrx_word' id='word_1_392' title='bbox 1525 3495 1578 3548; x_wconf 89' lang='lat' dir='ltr'><strong>in</strong></span> <span class='ocrx_word' id='word_1_393' title='bbox 1607 3496 1773 3551; x_wconf 90' lang='lat' dir='ltr'><strong>corde</strong></span> <span class='ocrx_word' id='word_1_394' title='bbox 1806 3496 2005 3555; x_wconf 86' lang='lat' dir='ltr'><strong>Leonis</strong></span> 
     </span>
    </p>
   </div>
   <div class='ocr_carea' id='block_1_64' title="bbox 429 3576 2008 3660">
    <p class='ocr_par' dir='ltr' id='par_1_64' title="bbox 429 3576 2008 3660">
     <span class='ocr_line' id='line_1_64' title="bbox 429 3576 2008 3660; baseline 0.012 -31"><span class='ocrx_word' id='word_1_395' title='bbox 429 3576 558 3640; x_wconf 86' lang='lat' dir='ltr'><strong>sita,</strong></span> <span class='ocrx_word' id='word_1_396' title='bbox 601 3579 948 3648; x_wconf 88' lang='lat' dir='ltr'><strong>cognominis</strong></span> <span class='ocrx_word' id='word_1_397' title='bbox 991 3581 1067 3635; x_wconf 93' lang='lat' dir='ltr'><strong>illi</strong></span> <span class='ocrx_word' id='word_1_398' title='bbox 1114 3583 1256 3650; x_wconf 91' lang='lat' dir='ltr'><strong>loco,</strong></span> <span class='ocrx_word' id='word_1_399' title='bbox 1294 3586 1350 3640; x_wconf 94' lang='lat' dir='ltr'><strong>in</strong></span> <span class='ocrx_word' id='word_1_400' title='bbox 1386 3604 1494 3659; x_wconf 88' lang='lat' dir='ltr'><strong>quo</strong></span> <span class='ocrx_word' id='word_1_401' title='bbox 1538 3589 1715 3660; x_wconf 83' lang='lat' dir='ltr'><strong>posita</strong></span> <span class='ocrx_word' id='word_1_402' title='bbox 1765 3600 1868 3656; x_wconf 89' lang='lat' dir='ltr'><strong>est,</strong></span> <span class='ocrx_word' id='word_1_403' title='bbox 1911 3609 2008 3648; x_wconf 90' lang='lat' dir='ltr'><strong>cor</strong></span> 
     </span>
    </p>
   </div>
   <div class='ocr_carea' id='block_1_65' title="bbox 433 3665 2005 3750">
    <p class='ocr_par' dir='ltr' id='par_1_65' title="bbox 433 3665 2005 3750">
     <span class='ocr_line' id='line_1_65' title="bbox 433 3665 2005 3750; baseline 0.013 -29"><span class='ocrx_word' id='word_1_404' title='bbox 433 3665 633 3724; x_wconf 88' lang='lat' dir='ltr'><strong>Leonis</strong></span> <span class='ocrx_word' id='word_1_405' title='bbox 684 3670 1014 3739; x_wconf 87' lang='lat' dir='ltr'><strong>appellatur,</strong></span> <span class='ocrx_word' id='word_1_406' title='bbox 1066 3675 1135 3731; x_wconf 90' lang='lat' dir='ltr'><strong>ab</strong></span> <span class='ocrx_word' id='word_1_407' title='bbox 1186 3678 1464 3749; x_wconf 88' lang='lat' dir='ltr'><strong>aliquibus</strong></span> <span class='ocrx_word' id='word_1_408' title='bbox 1525 3682 1844 3750; x_wconf 87' lang='lat' dir='ltr'><strong>basiliscus,</strong></span> <span class='ocrx_word' id='word_1_409' title='bbox 1909 3702 2005 3742; x_wconf 90' lang='lat' dir='ltr'><strong>seu</strong></span> 
     </span>
    </p>
   </div>
   <div class='ocr_carea' id='block_1_66' title="bbox 434 3758 2009 3841">
    <p class='ocr_par' dir='ltr' id='par_1_66' title="bbox 434 3758 2009 3841">
     <span class='ocr_line' id='line_1_66' title="bbox 434 3758 2009 3841; baseline 0.015 -32"><span class='ocrx_word' id='word_1_410' title='bbox 434 3758 655 3828; x_wconf 85' lang='lat' dir='ltr'><strong>regulus</strong></span> <span class='ocrx_word' id='word_1_411' title='bbox 705 3760 1057 3832; x_wconf 83' lang='lat' dir='ltr'><strong>nominatur;</strong></span> <span class='ocrx_word' id='word_1_412' title='bbox 1100 3780 1167 3822; x_wconf 89' lang='lat' dir='ltr'><strong>eo</strong></span> <span class='ocrx_word' id='word_1_413' title='bbox 1208 3770 1355 3839; x_wconf 87' lang='lat' dir='ltr'><strong>quod</strong></span> <span class='ocrx_word' id='word_1_414' title='bbox 1400 3771 1455 3825; x_wconf 89' lang='lat' dir='ltr'><strong>bi</strong></span> <span class='ocrx_word' id='word_1_415' title='bbox 1520 3773 1613 3841; x_wconf 88' lang='lat' dir='ltr'><strong>qui</strong></span> <span class='ocrx_word' id='word_1_416' title='bbox 1677 3773 1823 3829; x_wconf 86' lang='lat' dir='ltr'><strong>circa</strong></span> <span class='ocrx_word' id='word_1_417' title='bbox 1863 3775 2009 3833; x_wconf 89' lang='lat' dir='ltr'><strong>bunc</strong></span> 
     </span>
    </p>
   </div>
   <div class='ocr_carea' id='block_1_67' title="bbox 435 3848 2009 3932">
    <p class='ocr_par' dir='ltr' id='par_1_67' title="bbox 435 3848 2009 3932">
     <span class='ocr_line' id='line_1_67' title="bbox 435 3848 2009 3932; baseline 0.015 -29"><span class='ocrx_word' id='word_1_418' title='bbox 435 3848 617 3905; x_wconf 88' lang='lat' dir='ltr'><strong>locum</strong></span> <span class='ocrx_word' id='word_1_419' title='bbox 655 3863 982 3922; x_wconf 85' lang='lat' dir='ltr'><strong>nascuntur,</strong></span> <span class='ocrx_word' id='word_1_420' title='bbox 1014 3859 1218 3932; x_wconf 89' lang='lat' dir='ltr'><strong>regiam</strong></span> <span class='ocrx_word' id='word_1_421' title='bbox 1250 3861 1544 3919; x_wconf 79' lang='lat' dir='ltr'><strong>videantur</strong></span> <span class='ocrx_word' id='word_1_422' title='bbox 1574 3865 1775 3925; x_wconf 84' lang='lat' dir='ltr'><strong>habere</strong></span> <span class='ocrx_word' id='word_1_423' title='bbox 1805 3871 2009 3926; x_wconf 85' lang='lat' dir='ltr'><strong>nativi-</strong></span> 
     </span>
    </p>
   </div>
   <div class='ocr_carea' id='block_1_68' title="bbox 435 3947 626 3997">
    <p class='ocr_par' dir='ltr' id='par_1_68' title="bbox 435 3947 626 3997">
     <span class='ocr_line' id='line_1_68' title="bbox 435 3947 626 3997; baseline 0.016 -3"><span class='ocrx_word' id='word_1_424' title='bbox 435 3947 490 3994; x_wconf 88' lang='lat' dir='ltr'><strong>ta</strong></span> <span class='ocrx_word' id='word_1_425' title='bbox 497 3948 626 3997; x_wconf 87' lang='lat' dir='ltr'><strong>tem.</strong></span> 
     </span>
    </p>
   </div>
   <div class='ocr_carea' id='block_1_69' title="bbox 510 4033 2011 4122">
    <p class='ocr_par' dir='ltr' id='par_1_69' title="bbox 510 4033 2011 4122">
     <span class='ocr_line' id='line_1_69' title="bbox 510 4033 2011 4122; baseline 0.013 -35"><span class='ocrx_word' id='word_1_426' title='bbox 510 4033 575 4088; x_wconf 77' lang='lat' dir='ltr'><strong>At</strong></span> <span class='ocrx_word' id='word_1_427' title='bbox 601 4035 756 4090; x_wconf 86' lang='lat' dir='ltr'><strong>stella</strong></span> <span class='ocrx_word' id='word_1_428' title='bbox 780 4037 1081 4107; x_wconf 86' lang='lat' dir='ltr'><strong>splendida,</strong></span> <span class='ocrx_word' id='word_1_429' title='bbox 1102 4057 1226 4113; x_wconf 65' lang='lat' dir='ltr'><strong>qua:</strong></span> <span class='ocrx_word' id='word_1_430' title='bbox 1252 4044 1307 4098; x_wconf 91' lang='lat' dir='ltr'><strong>in</strong></span> <span class='ocrx_word' id='word_1_431' title='bbox 1330 4045 1557 4101; x_wconf 90' lang='lat' dir='ltr'><strong>sinistra</strong></span> <span class='ocrx_word' id='word_1_432' title='bbox 1579 4062 1746 4103; x_wconf 89' lang='lat' dir='ltr'><strong>manu</strong></span> <span class='ocrx_word' id='word_1_433' title='bbox 1771 4047 2011 4122; x_wconf 81' lang='lat' dir='ltr'><strong>Virginis</strong></span> 
     </span>
    </p>
   </div>
   <div class='ocr_carea' id='block_1_70' title="bbox 435 4122 2012 4213">
    <p class='ocr_par' dir='ltr' id='par_1_70' title="bbox 435 4122 2012 4213">
     <span class='ocr_line' id='line_1_70' title="bbox 435 4122 2012 4213; baseline 0.016 -40"><span class='ocrx_word' id='word_1_434' title='bbox 435 4122 676 4192; x_wconf 88' lang='lat' dir='ltr'><strong>ponitur,</strong></span> <span class='ocrx_word' id='word_1_435' title='bbox 722 4127 871 4197; x_wconf 78' lang='lat' dir='ltr'><strong>spica</strong></span> <span class='ocrx_word' id='word_1_436' title='bbox 907 4140 1135 4187; x_wconf 87' lang='lat' dir='ltr'><strong>vocatur</strong></span> <span class='ocrx_word' id='word_1_437' title='bbox 1181 4152 1194 4189; x_wconf 91' lang='lat'><strong>:</strong></span> <span class='ocrx_word' id='word_1_438' title='bbox 1239 4141 1295 4188; x_wconf 88' lang='lat' dir='ltr'><strong>at</strong></span> <span class='ocrx_word' id='word_1_439' title='bbox 1332 4150 1398 4190; x_wconf 90' lang='lat' dir='ltr'><strong>ea</strong></span> <span class='ocrx_word' id='word_1_440' title='bbox 1435 4138 1673 4207; x_wconf 89' lang='lat' dir='ltr'><strong>stellula,</strong></span> <span class='ocrx_word' id='word_1_441' title='bbox 1707 4156 1828 4211; x_wconf 61' lang='lat' dir='ltr'><strong>qua:</strong></span> <span class='ocrx_word' id='word_1_442' title='bbox 1867 4143 2012 4213; x_wconf 88' lang='lat' dir='ltr'><strong>apud</strong></span> 
     </span>
    </p>
   </div>
   <div class='ocr_carea' id='block_1_71' title="bbox 436 4214 2016 4307">
    <p class='ocr_par' dir='ltr' id='par_1_71' title="bbox 436 4214 2016 4307">
     <span class='ocr_line' id='line_1_71' title="bbox 436 4214 2016 4307; baseline 0.013 -38"><span class='ocrx_word' id='word_1_443' title='bbox 436 4214 683 4307; x_wconf 74' lang='lat' dir='ltr'><strong>dextram</strong></span> <span class='ocrx_word' id='word_1_444' title='bbox 712 4217 953 4289; x_wconf 77' lang='lat' dir='ltr'><strong>Virginis</strong></span> <span class='ocrx_word' id='word_1_445' title='bbox 982 4225 1124 4280; x_wconf 90' lang='lat' dir='ltr'><strong>alam</strong></span> <span class='ocrx_word' id='word_1_446' title='bbox 1154 4229 1401 4298; x_wconf 91' lang='lat' dir='ltr'><strong>ponitur,</strong></span> <span class='ocrx_word' id='word_1_447' title='bbox 1434 4230 1802 4288; x_wconf 88' lang='lat' dir='ltr'><strong>vindemiator</strong></span> <span class='ocrx_word' id='word_1_448' title='bbox 1830 4237 2016 4307; x_wconf 78' lang='lat' dir='ltr'><strong>appel-</strong></span> 
     </span>
    </p>
   </div>
   <div class='ocr_carea' id='block_1_72' title="bbox 436 4305 2013 4389">
    <p class='ocr_par' dir='ltr' id='par_1_72' title="bbox 436 4305 2013 4389">
     <span class='ocr_line' id='line_1_72' title="bbox 436 4305 2013 4389; baseline 0.016 -31"><span class='ocrx_word' id='word_1_449' title='bbox 436 4305 599 4373; x_wconf 90' lang='lat' dir='ltr'><strong>latur,</strong></span> <span class='ocrx_word' id='word_1_450' title='bbox 628 4318 865 4379; x_wconf 87' lang='lat' dir='ltr'><strong>quatuor</strong></span> <span class='ocrx_word' id='word_1_451' title='bbox 896 4316 1085 4380; x_wconf 62' lang='lat' dir='ltr'><strong>stella,</strong></span> <span class='ocrx_word' id='word_1_452' title='bbox 1123 4333 1246 4389; x_wconf 71' lang='lat' dir='ltr'><strong>qua:</strong></span> <span class='ocrx_word' id='word_1_453' title='bbox 1272 4320 1327 4374; x_wconf 90' lang='lat' dir='ltr'><strong>in</strong></span> <span class='ocrx_word' id='word_1_454' title='bbox 1357 4329 1603 4379; x_wconf 85' lang='lat' dir='ltr'><strong>extrema</strong></span> <span class='ocrx_word' id='word_1_455' title='bbox 1631 4323 1822 4380; x_wconf 80' lang='lat' dir='ltr'><strong>dextra</strong></span> <span class='ocrx_word' id='word_1_456' title='bbox 1850 4305 2013 4384; x_wconf 81' lang='lat' dir='ltr'><strong>manu</strong></span> 
     </span>
    </p>
   </div>
   <div class='ocr_carea' id='block_1_73' title="bbox 437 4396 1552 4475">
    <p class='ocr_par' dir='ltr' id='par_1_73' title="bbox 437 4396 1552 4475">
     <span class='ocr_line' id='line_1_73' title="bbox 437 4396 1552 4475; baseline 0.015 -23"><span class='ocrx_word' id='word_1_457' title='bbox 437 4396 664 4471; x_wconf 82' lang='lat' dir='ltr'><strong>Aquarii</strong></span> <span class='ocrx_word' id='word_1_458' title='bbox 691 4412 823 4459; x_wconf 90' lang='lat' dir='ltr'><strong>sunt</strong></span> <span class='ocrx_word' id='word_1_459' title='bbox 855 4406 995 4475; x_wconf 86' lang='lat' dir='ltr'><strong>sitae,</strong></span> <span class='ocrx_word' id='word_1_460' title='bbox 1014 4411 1372 4467; x_wconf 88' lang='lat' dir='ltr'><strong>nominantur</strong></span> <span class='ocrx_word' id='word_1_461' title='bbox 1393 4429 1552 4470; x_wconf 89' lang='lat' dir='ltr'><strong>urna.</strong></span> 
     </span>
    </p>
   </div>
   <div class='ocr_carea' id='block_1_74' title="bbox 2115 3294 3677 3387">
    <p class='ocr_par' dir='ltr' id='par_1_74' title="bbox 2115 3294 3677 3387">
     <span class='ocr_line' id='line_1_74' title="bbox 2115 3294 3677 3387; baseline -0.014 -18"><span class='ocrx_word' id='word_1_462' title='bbox 2115 3315 2330 3387; x_wconf 86' lang='grc' dir='ltr'>ρεύεται</span> <span class='ocrx_word' id='word_1_463' title='bbox 2358 3313 2641 3386; x_wconf 77' lang='grc' dir='ltr'>πρόπους’</span> <span class='ocrx_word' id='word_1_464' title='bbox 2674 3312 2724 3364; x_wconf 78' lang='grc' dir='ltr'>οἱ</span> <span class='ocrx_word' id='word_1_465' title='bbox 2762 3310 2820 3363; x_wconf 82' lang='grc' dir='ltr'>δὲ</span> <span class='ocrx_word' id='word_1_466' title='bbox 2852 3310 2910 3363; x_wconf 89' lang='grc' dir='ltr'><strong>ὲν</strong></span> <span class='ocrx_word' id='word_1_467' title='bbox 2952 3306 3031 3378; x_wconf 82' lang='grc' dir='ltr'><strong>τῷ</strong></span> <span class='ocrx_word' id='word_1_468' title='bbox 3072 3303 3333 3374; x_wconf 82' lang='grc' dir='ltr'>Καρκίνῳ</span> <span class='ocrx_word' id='word_1_469' title='bbox 3370 3294 3677 3369; x_wconf 77' lang='grc' dir='ltr'>νεφελοειδεί</span> 
     </span>
    </p>
   </div>
   <div class='ocr_carea' id='block_1_75' title="bbox 2113 3388 3672 3479">
    <p class='ocr_par' dir='ltr' id='par_1_75' title="bbox 2113 3388 3672 3479">
     <span class='ocr_line' id='line_1_75' title="bbox 2113 3388 3672 3479; baseline -0.015 -16"><span class='ocrx_word' id='word_1_470' title='bbox 2113 3408 2387 3479; x_wconf 76' lang='grc' dir='ltr'>συστροφῇ</span> <span class='ocrx_word' id='word_1_471' title='bbox 2422 3405 2659 3467; x_wconf 72' lang='grc' dir='ltr'>ἐοικότες</span> <span class='ocrx_word' id='word_1_472' title='bbox 2680 3442 2694 3469; x_wconf 87' lang='grc'><strong>,</strong></span> <span class='ocrx_word' id='word_1_473' title='bbox 2726 3399 3019 3455; x_wconf 78' lang='grc' dir='ltr'>καλοῦνται</span> <span class='ocrx_word' id='word_1_474' title='bbox 3052 3398 3228 3467; x_wconf 82' lang='grc' dir='ltr'>φάτνη</span> <span class='ocrx_word' id='word_1_475' title='bbox 3255 3412 3269 3426; x_wconf 89' lang='grc'><strong>·</strong></span> <span class='ocrx_word' id='word_1_476' title='bbox 3294 3395 3344 3447; x_wconf 77' lang='grc' dir='ltr'><strong>σί</strong></span> <span class='ocrx_word' id='word_1_477' title='bbox 3377 3392 3435 3445; x_wconf 78' lang='grc' dir='ltr'>δὲ</span> <span class='ocrx_word' id='word_1_478' title='bbox 3462 3388 3672 3459; x_wconf 82' lang='grc' dir='ltr'>πλησίον</span> 
     </span>
    </p>
   </div>
   <div class='ocr_carea' id='block_1_76' title="bbox 2112 3483 3670 3569">
    <p class='ocr_par' dir='ltr' id='par_1_76' title="bbox 2112 3483 3670 3569">
     <span class='ocr_line' id='line_1_76' title="bbox 2112 3483 3670 3569; baseline -0.013 -16"><span class='ocrx_word' id='word_1_479' title='bbox 2112 3498 2286 3569; x_wconf 75' lang='grc' dir='ltr'>αὐτῆς</span> <span class='ocrx_word' id='word_1_480' title='bbox 2315 3496 2409 3551; x_wconf 82' lang='grc' dir='ltr'><strong>δύο</strong></span> <span class='ocrx_word' id='word_1_481' title='bbox 2440 3495 2668 3567; x_wconf 82' lang='grc' dir='ltr'>ἀστέρες</span> <span class='ocrx_word' id='word_1_482' title='bbox 2717 3493 2983 3565; x_wconf 84' lang='grc' dir='ltr'>κείμενοι,</span> <span class='ocrx_word' id='word_1_483' title='bbox 3010 3489 3120 3542; x_wconf 79' lang='grc' dir='ltr'>δνοι</span> <span class='ocrx_word' id='word_1_484' title='bbox 3168 3483 3670 3556; x_wconf 76' lang='grc' dir='ltr'>προσαγορεύονται.</span> 
     </span>
    </p>
   </div>
   <div class='ocr_carea' id='block_1_77' title="bbox 2123 3572 3677 3661">
    <p class='ocr_par' dir='ltr' id='par_1_77' title="bbox 2123 3572 3677 3661">
     <span class='ocr_line' id='line_1_77' title="bbox 2123 3572 3677 3661; baseline -0.015 -16"><span class='ocrx_word' id='word_1_485' title='bbox 2123 3591 2185 3644; x_wconf 84' lang='lat'><strong>&#39;0</strong></span> <span class='ocrx_word' id='word_1_486' title='bbox 2214 3590 2272 3644; x_wconf 85' lang='grc' dir='ltr'>δὲ</span> <span class='ocrx_word' id='word_1_487' title='bbox 2300 3592 2358 3643; x_wconf 85' lang='grc' dir='ltr'>ὲν</span> <span class='ocrx_word' id='word_1_488' title='bbox 2387 3591 2454 3661; x_wconf 82' lang='grc' dir='ltr'>τῇ</span> <span class='ocrx_word' id='word_1_489' title='bbox 2485 3586 2683 3659; x_wconf 74' lang='grc' dir='ltr'><strong>καρδίᾳ⁴</strong></span> <span class='ocrx_word' id='word_1_490' title='bbox 2707 3583 2802 3639; x_wconf 79' lang='grc' dir='ltr'><strong>τοῦ</strong></span> <span class='ocrx_word' id='word_1_491' title='bbox 2829 3584 3055 3644; x_wconf 85' lang='grc' dir='ltr'>Λέοντος</span> <span class='ocrx_word' id='word_1_492' title='bbox 3080 3579 3332 3650; x_wconf 82' lang='grc' dir='ltr'>κείμενος</span> <span class='ocrx_word' id='word_1_493' title='bbox 3364 3574 3536 3645; x_wconf 77' lang='grc' dir='ltr'>ἀστὴρ</span> <span class='ocrx_word' id='word_1_494' title='bbox 3558 3572 3677 3641; x_wconf 82' lang='grc' dir='ltr'>λαμ-</span> 
     </span>
    </p>
   </div>
   <div class='ocr_carea' id='block_1_78' title="bbox 2115 3664 3678 3755">
    <p class='ocr_par' dir='ltr' id='par_1_78' title="bbox 2115 3664 3678 3755">
     <span class='ocr_line' id='line_1_78' title="bbox 2115 3664 3678 3755; baseline -0.016 -16"><span class='ocrx_word' id='word_1_495' title='bbox 2115 3683 2271 3755; x_wconf 81' lang='grc' dir='ltr'>πρὸς.</span> <span class='ocrx_word' id='word_1_496' title='bbox 2288 3679 2593 3753; x_wconf 83' lang='grc' dir='ltr'>ὁμωνύμως</span> <span class='ocrx_word' id='word_1_497' title='bbox 2612 3677 2690 3749; x_wconf 77' lang='grc' dir='ltr'>τῷ</span> <span class='ocrx_word' id='word_1_498' title='bbox 2718 3677 2888 3747; x_wconf 84' lang='grc' dir='ltr'>τόπῳ,</span> <span class='ocrx_word' id='word_1_499' title='bbox 2912 3674 2998 3745; x_wconf 77' lang='grc' dir='ltr'><strong>ἐφ’</strong></span> <span class='ocrx_word' id='word_1_500' title='bbox 3024 3666 3070 3742; x_wconf 83' lang='grc' dir='ltr'>ᾧ</span> <span class='ocrx_word' id='word_1_501' title='bbox 3094 3673 3293 3731; x_wconf 85' lang='grc' dir='ltr'>κεῖται,</span> <span class='ocrx_word' id='word_1_502' title='bbox 3315 3665 3510 3739; x_wconf 81' lang='grc' dir='ltr'>καρδία</span> <span class='ocrx_word' id='word_1_503' title='bbox 3533 3664 3678 3719; x_wconf 83' lang='grc' dir='ltr'>Λέον-</span> 
     </span>
    </p>
   </div>
   <div class='ocr_carea' id='block_1_79' title="bbox 2113 3754 3677 3845">
    <p class='ocr_par' dir='ltr' id='par_1_79' title="bbox 2113 3754 3677 3845">
     <span class='ocr_line' id='line_1_79' title="bbox 2113 3754 3677 3845; baseline -0.015 -15"><span class='ocrx_word' id='word_1_504' title='bbox 2113 3754 2205 3839; x_wconf 86' lang='grc' dir='ltr'><strong>τος</strong></span> <span class='ocrx_word' id='word_1_505' title='bbox 2234 3772 2718 3845; x_wconf 86' lang='grc' dir='ltr'>προσαγορεύεται,</span> <span class='ocrx_word' id='word_1_506' title='bbox 2751 3769 2855 3824; x_wconf 83' lang='grc' dir='ltr'><strong>ὑπὸ</strong></span> <span class='ocrx_word' id='word_1_507' title='bbox 2887 3766 2945 3820; x_wconf 83' lang='grc' dir='ltr'><strong>δέ</strong></span> <span class='ocrx_word' id='word_1_508' title='bbox 2970 3781 3133 3819; x_wconf 89' lang='grc' dir='ltr'>τινων</span> <span class='ocrx_word' id='word_1_509' title='bbox 3164 3760 3477 3834; x_wconf 81' lang='grc' dir='ltr'>βασιλίσκος</span> <span class='ocrx_word' id='word_1_510' title='bbox 3512 3754 3677 3810; x_wconf 86' lang='grc' dir='ltr'>καλεῖ-</span> 
     </span>
    </p>
   </div>
   <div class='ocr_carea' id='block_1_80' title="bbox 2114 3849 3677 3933">
    <p class='ocr_par' dir='ltr' id='par_1_80' title="bbox 2114 3849 3677 3933">
     <span class='ocr_line' id='line_1_80' title="bbox 2114 3849 3677 3933; baseline -0.014 -11"><span class='ocrx_word' id='word_1_511' title='bbox 2114 3885 2204 3921; x_wconf 91' lang='grc' dir='ltr'><strong>ται</strong></span> <span class='ocrx_word' id='word_1_512' title='bbox 2226 3884 2241 3897; x_wconf 90' lang='grc'><strong>·</strong></span> <span class='ocrx_word' id='word_1_513' title='bbox 2277 3866 2359 3920; x_wconf 81' lang='grc' dir='ltr'>ὅτι</span> <span class='ocrx_word' id='word_1_514' title='bbox 2396 3863 2646 3919; x_wconf 77' lang='grc' dir='ltr'>δοκοῦσιν</span> <span class='ocrx_word' id='word_1_515' title='bbox 2674 3864 2722 3915; x_wconf 80' lang='grc' dir='ltr'>οἱ</span> <span class='ocrx_word' id='word_1_516' title='bbox 2749 3877 2816 3914; x_wconf 90' lang='grc' dir='ltr'><strong>πε</strong></span> <span class='ocrx_word' id='word_1_517' title='bbox 2826 3861 2877 3933; x_wconf 84' lang='grc' dir='ltr'><strong>ρί</strong></span> <span class='ocrx_word' id='word_1_518' title='bbox 2902 3858 2994 3912; x_wconf 81' lang='grc' dir='ltr'>τὸν</span> <span class='ocrx_word' id='word_1_519' title='bbox 3020 3856 3183 3910; x_wconf 80' lang='grc' dir='ltr'>τόπον</span> <span class='ocrx_word' id='word_1_520' title='bbox 3213 3851 3403 3908; x_wconf 77' lang='grc' dir='ltr'>τοῦτον</span> <span class='ocrx_word' id='word_1_521' title='bbox 3429 3849 3677 3921; x_wconf 81' lang='grc' dir='ltr'>γεννώμε-</span> 
     </span>
    </p>
   </div>
   <div class='ocr_carea' id='block_1_81' title="bbox 2115 3946 3096 4027">
    <p class='ocr_par' dir='ltr' id='par_1_81' title="bbox 2115 3946 3096 4027">
     <span class='ocr_line' id='line_1_81' title="bbox 2115 3946 3096 4027; baseline -0.012 -15"><span class='ocrx_word' id='word_1_522' title='bbox 2115 3975 2196 4012; x_wconf 89' lang='grc' dir='ltr'><strong>νοι</strong></span> <span class='ocrx_word' id='word_1_523' title='bbox 2227 3954 2502 4027; x_wconf 81' lang='grc' dir='ltr'>βασιλικὸν</span> <span class='ocrx_word' id='word_1_524' title='bbox 2545 3954 2687 4025; x_wconf 82' lang='grc' dir='ltr'>ἔχειν</span> <span class='ocrx_word' id='word_1_525' title='bbox 2714 3950 2773 4004; x_wconf 82' lang='grc' dir='ltr'>τὸ</span> <span class='ocrx_word' id='word_1_526' title='bbox 2801 3946 3096 4017; x_wconf 83' lang='grc' dir='ltr'>γενέθλιον.</span> 
     </span>
    </p>
   </div>
   <div class='ocr_carea' id='block_1_82' title="bbox 2200 4029 3676 4118">
    <p class='ocr_par' dir='ltr' id='par_1_82' title="bbox 2200 4029 3676 4118">
     <span class='ocr_line' id='line_1_82' title="bbox 2200 4029 3676 4118; baseline -0.016 -13"><span class='ocrx_word' id='word_1_527' title='bbox 2200 4051 2256 4104; x_wconf 89' lang='lat'><strong>&#39;0</strong></span> <span class='ocrx_word' id='word_1_528' title='bbox 2288 4049 2346 4103; x_wconf 81' lang='grc' dir='ltr'>δὲ</span> <span class='ocrx_word' id='word_1_529' title='bbox 2379 4050 2437 4103; x_wconf 82' lang='grc' dir='ltr'>ὲν</span> <span class='ocrx_word' id='word_1_530' title='bbox 2486 4046 2633 4118; x_wconf 77' lang='grc' dir='ltr'>ἄκρᾳ</span> <span class='ocrx_word' id='word_1_531' title='bbox 2673 4047 2742 4116; x_wconf 83' lang='grc' dir='ltr'>τῇ</span> <span class='ocrx_word' id='word_1_532' title='bbox 2795 4041 3059 4114; x_wconf 82' lang='grc' dir='ltr'>ἀριστερᾷ</span> <span class='ocrx_word' id='word_1_533' title='bbox 3102 4036 3247 4109; x_wconf 76' lang='grc' dir='ltr'>χειρὶ</span> <span class='ocrx_word' id='word_1_534' title='bbox 3290 4035 3394 4105; x_wconf 70' lang='grc' dir='ltr'>τῆς</span> <span class='ocrx_word' id='word_1_535' title='bbox 3421 4029 3676 4103; x_wconf 83' lang='grc' dir='ltr'>Παρθένου</span> 
     </span>
    </p>
   </div>
   <div class='ocr_carea' id='block_1_83' title="bbox 2118 4121 3677 4219">
    <p class='ocr_par' dir='ltr' id='par_1_83' title="bbox 2118 4121 3677 4219">
     <span class='ocr_line' id='line_1_83' title="bbox 2118 4121 3677 4219; baseline -0.015 -22"><span class='ocrx_word' id='word_1_536' title='bbox 2118 4143 2370 4211; x_wconf 86' lang='grc' dir='ltr'>κείμενος</span> <span class='ocrx_word' id='word_1_537' title='bbox 2393 4137 2645 4210; x_wconf 85' lang='grc' dir='ltr'>λαμπρὸς</span> <span class='ocrx_word' id='word_1_538' title='bbox 2675 4134 2874 4206; x_wconf 77' lang='grc' dir='ltr'>ἀστὴρ,</span> <span class='ocrx_word' id='word_1_539' title='bbox 2910 4133 3110 4201; x_wconf 83' lang='grc' dir='ltr'>στάχυς</span> <span class='ocrx_word' id='word_1_540' title='bbox 3140 4124 3626 4219; x_wconf 67' lang='grc' dir='ltr'><strong>προσαγορεύεται⁵</strong></span> <span class='ocrx_word' id='word_1_541' title='bbox 3651 4121 3677 4172; x_wconf 79' lang='grc' dir='ltr'><strong><em>ὁ</em></strong></span> 
     </span>
    </p>
   </div>
   <div class='ocr_carea' id='block_1_84' title="bbox 2118 4216 3676 4305">
    <p class='ocr_par' dir='ltr' id='par_1_84' title="bbox 2118 4216 3676 4305">
     <span class='ocr_line' id='line_1_84' title="bbox 2118 4216 3676 4305; baseline -0.015 -16"><span class='ocrx_word' id='word_1_542' title='bbox 2118 4236 2176 4289; x_wconf 84' lang='grc' dir='ltr'>δὲ</span> <span class='ocrx_word' id='word_1_543' title='bbox 2211 4232 2362 4305; x_wconf 87' lang='grc' dir='ltr'><strong>παρά</strong></span> <span class='ocrx_word' id='word_1_544' title='bbox 2400 4230 2498 4302; x_wconf 83' lang='grc' dir='ltr'><strong>τὴν</strong></span> <span class='ocrx_word' id='word_1_545' title='bbox 2526 4227 2706 4293; x_wconf 82' lang='grc' dir='ltr'>δεξιὰν</span> <span class='ocrx_word' id='word_1_546' title='bbox 2729 4227 2829 4295; x_wconf 84' lang='grc' dir='ltr'>τῆς</span> <span class='ocrx_word' id='word_1_547' title='bbox 2864 4216 3426 4296; x_wconf 67' lang='grc' dir='ltr'>Παρθένουιπτέρυγα</span> <span class='ocrx_word' id='word_1_548' title='bbox 3452 4216 3676 4286; x_wconf 82' lang='grc' dir='ltr'>κείμενος</span> 
     </span>
    </p>
   </div>
   <div class='ocr_carea' id='block_1_85' title="bbox 2120 4309 3678 4397">
    <p class='ocr_par' dir='ltr' id='par_1_85' title="bbox 2120 4309 3678 4397">
     <span class='ocr_line' id='line_1_85' title="bbox 2120 4309 3678 4397; baseline -0.013 -18"><span class='ocrx_word' id='word_1_549' title='bbox 2120 4317 2874 4397; x_wconf 82' lang='grc' dir='ltr'>ἀστερίσκος,”προτρυγητὴρ</span> <span class='ocrx_word' id='word_1_550' title='bbox 2908 4313 3234 4385; x_wconf 73' lang='grc' dir='ltr'>ὀνομάζεται</span> <span class='ocrx_word' id='word_1_551' title='bbox 3259 4329 3272 4342; x_wconf 87' lang='grc'><strong>·</strong></span> <span class='ocrx_word' id='word_1_552' title='bbox 3302 4314 3353 4365; x_wconf 80' lang='grc' dir='ltr'>οἱ</span> <span class='ocrx_word' id='word_1_553' title='bbox 3385 4310 3442 4363; x_wconf 89' lang='grc' dir='ltr'>δὲ</span> <span class='ocrx_word' id='word_1_554' title='bbox 3471 4311 3524 4361; x_wconf 78' lang='grc' dir='ltr'>ὲν</span> <span class='ocrx_word' id='word_1_555' title='bbox 3550 4309 3678 4397; x_wconf 53' lang='grc' dir='ltr'>ἄκρα</span> 
     </span>
    </p>
   </div>
   <div class='ocr_carea' id='block_1_86' title="bbox 2122 4394 3679 4489">
    <p class='ocr_par' dir='ltr' id='par_1_86' title="bbox 2122 4394 3679 4489">
     <span class='ocr_line' id='line_1_86' title="bbox 2122 4394 3679 4489; baseline -0.013 -19"><span class='ocrx_word' id='word_1_556' title='bbox 2122 4419 2185 4489; x_wconf 75' lang='grc' dir='ltr'><strong>τῇ</strong></span> <span class='ocrx_word' id='word_1_557' title='bbox 2217 4394 2365 4487; x_wconf 78' lang='grc' dir='ltr'>δεξιᾷ</span> <span class='ocrx_word' id='word_1_558' title='bbox 2390 4414 2535 4485; x_wconf 69' lang='grc' dir='ltr'>χειρὶ</span> <span class='ocrx_word' id='word_1_559' title='bbox 2548 4411 2793 4482; x_wconf 87' lang='grc' dir='ltr'>κείμενοι</span> <span class='ocrx_word' id='word_1_560' title='bbox 2820 4406 2914 4461; x_wconf 83' lang='grc' dir='ltr'>τοῦ</span> <span class='ocrx_word' id='word_1_561' title='bbox 2939 4406 3230 4483; x_wconf 75' lang='grc' dir='ltr'><strong>Ὺδροχόου¹</strong></span> <span class='ocrx_word' id='word_1_562' title='bbox 3247 4404 3507 4473; x_wconf 85' lang='grc' dir='ltr'>τέσσαρες</span> <span class='ocrx_word' id='word_1_563' title='bbox 3542 4394 3679 4453; x_wconf 80' lang='grc' dir='ltr'>ἀστέ·</span> 
     </span>
    </p>
   </div>
   <div class='ocr_carea' id='block_1_87' title="bbox 2125 4502 3165 4581">
    <p class='ocr_par' dir='ltr' id='par_1_87' title="bbox 2125 4502 3165 4581">
     <span class='ocr_line' id='line_1_87' title="bbox 2125 4502 3165 4581; baseline -0.013 -19"><span class='ocrx_word' id='word_1_564' title='bbox 2125 4526 2237 4581; x_wconf 83' lang='grc' dir='ltr'>ρες,</span> <span class='ocrx_word' id='word_1_565' title='bbox 2274 4506 2503 4568; x_wconf 87' lang='grc' dir='ltr'>κάλπεις</span> <span class='ocrx_word' id='word_1_566' title='bbox 2533 4502 2843 4559; x_wconf 79' lang='grc' dir='ltr'>καλοῦνται.</span> <span class='ocrx_word' id='word_1_567' title='bbox 3157 4505 3165 4513; x_wconf 87' lang='grc'><em>’</em></span> 
     </span>
    </p>
   </div>
   <div class='ocr_carea' id='block_1_88' title="bbox 505 4574 2011 4663">
    <p class='ocr_par' dir='ltr' id='par_1_88' title="bbox 505 4579 2011 4663">
     <span class='ocr_line' id='line_1_88' title="bbox 505 4579 2011 4663; baseline 0.014 -29"><span class='ocrx_word' id='word_1_568' title='bbox 505 4579 686 4637; x_wconf 75' lang='lat' dir='ltr'><strong>Stellae</strong></span> <span class='ocrx_word' id='word_1_569' title='bbox 724 4600 847 4657; x_wconf 68' lang='lat' dir='ltr'><strong>qua:</strong></span> <span class='ocrx_word' id='word_1_570' title='bbox 890 4587 960 4642; x_wconf 88' lang='lat' dir='ltr'><strong>ab</strong></span> <span class='ocrx_word' id='word_1_571' title='bbox 996 4593 1267 4648; x_wconf 78' lang='lat' dir='ltr'><strong>extremis</strong></span> <span class='ocrx_word' id='word_1_572' title='bbox 1298 4594 1553 4663; x_wconf 88' lang='lat' dir='ltr'><strong>partibus</strong></span> <span class='ocrx_word' id='word_1_573' title='bbox 1599 4595 1838 4652; x_wconf 89' lang='lat' dir='ltr'><strong>Piscium</strong></span> <span class='ocrx_word' id='word_1_574' title='bbox 1879 4613 2011 4654; x_wconf 87' lang='lat' dir='ltr'><strong>con-</strong></span> 
     </span>
    </p>
   </div>
   <div class='ocr_carea' id='block_1_89' title="bbox 2133 4574 3755 4663">
    <p class='ocr_par' dir='ltr' id='par_1_89' title="bbox 2133 4574 3755 4662">
     <span class='ocr_line' id='line_1_89' title="bbox 2133 4574 3755 4662; baseline -0.016 -9"><span class='ocrx_word' id='word_1_575' title='bbox 2133 4574 2136 4581; x_wconf 30' lang='grc' dir='ltr'><strong>Ι</strong></span> <span class='ocrx_word' id='word_1_576' title='bbox 2191 4598 2254 4652; x_wconf 82' lang='grc' dir='ltr'><strong>Οἱ</strong></span> <span class='ocrx_word' id='word_1_577' title='bbox 2292 4597 2348 4651; x_wconf 78' lang='grc' dir='ltr'>δὲ</span> <span class='ocrx_word' id='word_1_578' title='bbox 2394 4595 2502 4650; x_wconf 81' lang='grc' dir='ltr'>ἀπὸ</span> <span class='ocrx_word' id='word_1_579' title='bbox 2537 4593 2648 4647; x_wconf 83' lang='grc' dir='ltr'><strong>τῶν</strong></span> <span class='ocrx_word' id='word_1_580' title='bbox 2681 4589 2917 4662; x_wconf 82' lang='grc' dir='ltr'>οὐραίων</span> <span class='ocrx_word' id='word_1_581' title='bbox 2960 4586 3141 4660; x_wconf 86' lang='grc' dir='ltr'>μερῶν</span> <span class='ocrx_word' id='word_1_582' title='bbox 3179 4584 3290 4639; x_wconf 83' lang='grc' dir='ltr'><strong>τῶν</strong></span> <span class='ocrx_word' id='word_1_583' title='bbox 3323 4583 3515 4655; x_wconf 78' lang='grc' dir='ltr'>ἰχθύων</span> <span class='ocrx_word' id='word_1_584' title='bbox 3556 4574 3679 4633; x_wconf 76' lang='grc' dir='ltr'>κατὰ</span> <span class='ocrx_word' id='word_1_585' title='bbox 3754 4586 3755 4593; x_wconf 87' lang='lat'>‘</span> 
     </span>
    </p>
   </div>
   <div class='ocr_carea' id='block_1_90' title="bbox 437 4668 2021 4751">
    <p class='ocr_par' dir='ltr' id='par_1_90' title="bbox 437 4668 2021 4751">
     <span class='ocr_line' id='line_1_90' title="bbox 437 4668 2021 4751; baseline 0.015 -28"><span class='ocrx_word' id='word_1_586' title='bbox 437 4668 595 4726; x_wconf 89' lang='lat' dir='ltr'><strong>tinuo</strong></span> <span class='ocrx_word' id='word_1_587' title='bbox 624 4685 753 4730; x_wconf 90' lang='lat' dir='ltr'><strong>sunt</strong></span> <span class='ocrx_word' id='word_1_588' title='bbox 796 4678 1007 4747; x_wconf 74' lang='lat' dir='ltr'><strong>positae,</strong></span> <span class='ocrx_word' id='word_1_589' title='bbox 1050 4683 1394 4751; x_wconf 87' lang='lat' dir='ltr'><strong>appellantur</strong></span> <span class='ocrx_word' id='word_1_590' title='bbox 1436 4687 1613 4743; x_wconf 68' lang='lat' dir='ltr'><strong>lineae.</strong></span> <span class='ocrx_word' id='word_1_591' title='bbox 1662 4686 1800 4743; x_wconf 89' lang='lat' dir='ltr'><strong>Sunt</strong></span> <span class='ocrx_word' id='word_1_592' title='bbox 1840 4698 2021 4746; x_wconf 87' lang='lat' dir='ltr'><strong>autem</strong></span> 
     </span>
    </p>
   </div>
   <div class='ocr_carea' id='block_1_91' title="bbox 438 4763 2023 4841">
    <p class='ocr_par' dir='ltr' id='par_1_91' title="bbox 438 4763 2023 4841">
     <span class='ocr_line' id='line_1_91' title="bbox 438 4763 2023 4841; baseline 0.014 -24"><span class='ocrx_word' id='word_1_593' title='bbox 438 4763 494 4817; x_wconf 87' lang='lat' dir='ltr'><strong>in</strong></span> <span class='ocrx_word' id='word_1_594' title='bbox 522 4770 748 4823; x_wconf 84' lang='lat' dir='ltr'><strong>australi</strong></span> <span class='ocrx_word' id='word_1_595' title='bbox 785 4771 930 4827; x_wconf 87' lang='lat' dir='ltr'><strong>linea</strong></span> <span class='ocrx_word' id='word_1_596' title='bbox 957 4775 1130 4831; x_wconf 77' lang='lat' dir='ltr'><strong>stellae</strong></span> <span class='ocrx_word' id='word_1_597' title='bbox 1153 4792 1371 4841; x_wconf 87' lang='lat' dir='ltr'><strong>novem,</strong></span> <span class='ocrx_word' id='word_1_598' title='bbox 1404 4779 1459 4833; x_wconf 92' lang='lat' dir='ltr'><strong>in</strong></span> <span class='ocrx_word' id='word_1_599' title='bbox 1493 4780 1657 4836; x_wconf 83' lang='lat' dir='ltr'><strong>borea</strong></span> <span class='ocrx_word' id='word_1_600' title='bbox 1685 4781 1827 4837; x_wconf 90' lang='lat' dir='ltr'><strong>linea</strong></span> <span class='ocrx_word' id='word_1_601' title='bbox 1854 4784 2023 4839; x_wconf 63' lang='lat' dir='ltr'><strong>stellae</strong></span> 
     </span>
    </p>
   </div>
   <div class='ocr_carea' id='block_1_92' title="bbox 440 4855 2021 4938">
    <p class='ocr_par' dir='ltr' id='par_1_92' title="bbox 440 4855 2021 4938">
     <span class='ocr_line' id='line_1_92' title="bbox 440 4855 2021 4938; baseline 0.015 -32"><span class='ocrx_word' id='word_1_602' title='bbox 440 4855 704 4926; x_wconf 84' lang='lat' dir='ltr'><strong>quinque,</strong></span> <span class='ocrx_word' id='word_1_603' title='bbox 756 4863 916 4917; x_wconf 84' lang='lat' dir='ltr'><strong>stella</strong></span> <span class='ocrx_word' id='word_1_604' title='bbox 967 4879 1100 4919; x_wconf 89' lang='lat' dir='ltr'><strong>vero</strong></span> <span class='ocrx_word' id='word_1_605' title='bbox 1156 4868 1465 4936; x_wconf 86' lang='lat' dir='ltr'><strong>splendida,</strong></span> <span class='ocrx_word' id='word_1_606' title='bbox 1511 4884 1633 4938; x_wconf 70' lang='lat' dir='ltr'><strong>qua:</strong></span> <span class='ocrx_word' id='word_1_607' title='bbox 1679 4870 1734 4924; x_wconf 89' lang='lat' dir='ltr'><strong>in</strong></span> <span class='ocrx_word' id='word_1_608' title='bbox 1778 4881 2021 4929; x_wconf 81' lang='lat' dir='ltr'><strong>extrema</strong></span> 
     </span>
    </p>
   </div>
   <div class='ocr_carea' id='block_1_93' title="bbox 440 4943 1419 5026">
    <p class='ocr_par' dir='ltr' id='par_1_93' title="bbox 440 4943 1419 5026">
     <span class='ocr_line' id='line_1_93' title="bbox 440 4943 1419 5026; baseline 0.016 -28"><span class='ocrx_word' id='word_1_609' title='bbox 440 4943 584 5001; x_wconf 87' lang='lat' dir='ltr'><strong>linea</strong></span> <span class='ocrx_word' id='word_1_610' title='bbox 619 4954 863 5019; x_wconf 88' lang='lat' dir='ltr'><strong>ponitur,</strong></span> <span class='ocrx_word' id='word_1_611' title='bbox 889 4954 1066 5011; x_wconf 89' lang='lat' dir='ltr'><strong>nodus</strong></span> <span class='ocrx_word' id='word_1_612' title='bbox 1093 4959 1419 5026; x_wconf 85' lang='lat' dir='ltr'><strong>appellatur.</strong></span> 
     </span>
    </p>
   </div>
   <div class='ocr_carea' id='block_1_94' title="bbox 515 5121 2023 5209">
    <p class='ocr_par' dir='ltr' id='par_1_94' title="bbox 515 5121 2023 5209">
     <span class='ocr_line' id='line_1_94' title="bbox 515 5121 2023 5209; baseline 0.015 -30"><span class='ocrx_word' id='word_1_613' title='bbox 515 5121 762 5185; x_wconf 84' lang='lat' dir='ltr'><strong>Borealia</strong></span> <span class='ocrx_word' id='word_1_614' title='bbox 798 5148 930 5189; x_wconf 88' lang='lat' dir='ltr'><strong>vero</strong></span> <span class='ocrx_word' id='word_1_615' title='bbox 976 5135 1132 5206; x_wconf 85' lang='lat' dir='ltr'><strong>signa</strong></span> <span class='ocrx_word' id='word_1_616' title='bbox 1183 5146 1342 5202; x_wconf 91' lang='lat' dir='ltr'><strong>sunt,</strong></span> <span class='ocrx_word' id='word_1_617' title='bbox 1387 5154 1508 5209; x_wconf 71' lang='lat' dir='ltr'><strong>quae</strong></span> <span class='ocrx_word' id='word_1_618' title='bbox 1543 5149 1697 5197; x_wconf 70' lang='lat' dir='ltr'><strong>extra</strong></span> <span class='ocrx_word' id='word_1_619' title='bbox 1743 5145 2023 5200; x_wconf 88' lang='lat' dir='ltr'><strong>zodiacum</strong></span> 
     </span>
    </p>
   </div>
   <div class='ocr_carea' id='block_1_95' title="bbox 443 5213 2023 5307">
    <p class='ocr_par' dir='ltr' id='par_1_95' title="bbox 443 5213 2023 5307">
     <span class='ocr_line' id='line_1_95' title="bbox 443 5213 2023 5307; baseline 0.016 -39"><span class='ocrx_word' id='word_1_620' title='bbox 443 5213 715 5276; x_wconf 89' lang='lat' dir='ltr'><strong>circulum</strong></span> <span class='ocrx_word' id='word_1_621' title='bbox 753 5241 950 5282; x_wconf 87' lang='lat' dir='ltr'><strong>versus</strong></span> <span class='ocrx_word' id='word_1_622' title='bbox 978 5226 1150 5284; x_wconf 88' lang='lat' dir='ltr'><strong>Ursas</strong></span> <span class='ocrx_word' id='word_1_623' title='bbox 1202 5229 1309 5285; x_wconf 90' lang='lat' dir='ltr'><strong>sita</strong></span> <span class='ocrx_word' id='word_1_624' title='bbox 1366 5239 1512 5287; x_wconf 91' lang='lat' dir='ltr'><strong>sunt.</strong></span> <span class='ocrx_word' id='word_1_625' title='bbox 1569 5233 1635 5288; x_wconf 86' lang='lat' dir='ltr'><strong>Et</strong></span> <span class='ocrx_word' id='word_1_626' title='bbox 1683 5245 1813 5291; x_wconf 88' lang='lat' dir='ltr'><strong>sunt</strong></span> <span class='ocrx_word' id='word_1_627' title='bbox 1864 5237 2023 5307; x_wconf 67' lang='lat' dir='ltr'><strong>haec;</strong></span> 
     </span>
    </p>
   </div>
   <div class='ocr_carea' id='block_1_96' title="bbox 541 5383 1282 5457">
    <p class='ocr_par' dir='ltr' id='par_1_96' title="bbox 541 5383 1282 5457">
     <span class='ocr_line' id='line_1_96' title="bbox 541 5383 1282 5457; baseline 0.005 -19"><span class='ocrx_word' id='word_1_628' title='bbox 541 5383 587 5418; x_wconf 76' lang='lat'>“</span> <span class='ocrx_word' id='word_1_629' title='bbox 612 5402 704 5456; x_wconf 72' lang='lat' dir='ltr'><strong>7p.</strong></span> <span class='ocrx_word' id='word_1_630' title='bbox 745 5384 1282 5457; x_wconf 78' lang='grc' dir='ltr'>κατεστηριγμένων.</span> 
     </span>
    </p>
   </div>
   <div class='ocr_carea' id='block_1_97' title="bbox 524 5536 2038 5613">
    <p class='ocr_par' dir='ltr' id='par_1_97' title="bbox 524 5536 2038 5613">
     <span class='ocr_line' id='line_1_97' title="bbox 524 5536 2038 5613; baseline -0.002 -19"><span class='ocrx_word' id='word_1_631' title='bbox 524 5540 640 5613; x_wconf 70' lang='grc' dir='ltr'><strong>(μ)</strong></span> <span class='ocrx_word' id='word_1_632' title='bbox 669 5543 882 5613; x_wconf 77' lang='grc' dir='ltr'>Βόρεια</span> <span class='ocrx_word' id='word_1_633' title='bbox 905 5540 973 5594; x_wconf 82' lang='grc' dir='ltr'><strong>δέ</strong></span> <span class='ocrx_word' id='word_1_634' title='bbox 1010 5541 1204 5613; x_wconf 61' lang='grc' dir='ltr'>ἐστιν.</span> <span class='ocrx_word' id='word_1_635' title='bbox 1252 5536 1609 5613; x_wconf 77' lang='lat' dir='ltr'><strong>Asterismos,</strong></span> <span class='ocrx_word' id='word_1_636' title='bbox 1638 5537 1897 5613; x_wconf 75' lang='lat' dir='ltr'><strong>stellasve</strong></span> <span class='ocrx_word' id='word_1_637' title='bbox 1938 5537 2038 5613; x_wconf 78' lang='lat' dir='ltr'><strong>b0-</strong></span> 
     </span>
    </p>
   </div>
   <div class='ocr_carea' id='block_1_98' title="bbox 458 5606 2040 5679">
    <p class='ocr_par' dir='ltr' id='par_1_98' title="bbox 458 5606 2040 5679">
     <span class='ocr_line' id='line_1_98' title="bbox 458 5606 2040 5679; baseline -0.001 -17"><span class='ocrx_word' id='word_1_638' title='bbox 458 5606 657 5671; x_wconf 81' lang='lat' dir='ltr'><strong>reales,</strong></span> <span class='ocrx_word' id='word_1_639' title='bbox 692 5606 778 5665; x_wconf 79' lang='lat' dir='ltr'><strong>vel</strong></span> <span class='ocrx_word' id='word_1_640' title='bbox 818 5611 1111 5674; x_wconf 86' lang='lat' dir='ltr'><strong>australes,</strong></span> <span class='ocrx_word' id='word_1_641' title='bbox 1139 5613 1428 5679; x_wconf 89' lang='lat' dir='ltr'><strong>percenset</strong></span> <span class='ocrx_word' id='word_1_642' title='bbox 1450 5606 1662 5679; x_wconf 76' lang='lat' dir='ltr'><strong>ratione</strong></span> <span class='ocrx_word' id='word_1_643' title='bbox 1690 5607 1899 5679; x_wconf 83' lang='lat' dir='ltr'><strong>zodiaci</strong></span> <span class='ocrx_word' id='word_1_644' title='bbox 1928 5608 2040 5661; x_wconf 90' lang='lat' dir='ltr'><strong>cir-</strong></span> 
     </span>
    </p>
   </div>
   <div class='ocr_carea' id='block_1_99' title="bbox 462 5676 2036 5751">
    <p class='ocr_par' dir='ltr' id='par_1_99' title="bbox 462 5676 2036 5751">
     <span class='ocr_line' id='line_1_99' title="bbox 462 5676 2036 5751; baseline -0.001 -19"><span class='ocrx_word' id='word_1_645' title='bbox 462 5679 603 5751; x_wconf 74' lang='lat' dir='ltr'><strong>culi,</strong></span> <span class='ocrx_word' id='word_1_646' title='bbox 630 5698 743 5736; x_wconf 92' lang='lat' dir='ltr'><strong>non</strong></span> <span class='ocrx_word' id='word_1_647' title='bbox 781 5676 1207 5751; x_wconf 80' lang='lat' dir='ltr'><strong>aequinoctialis,</strong></span> <span class='ocrx_word' id='word_1_648' title='bbox 1238 5695 1306 5751; x_wconf 53' lang='lat' dir='ltr'><strong>ea</strong></span> <span class='ocrx_word' id='word_1_649' title='bbox 1338 5691 1455 5751; x_wconf 76' lang='lat' dir='ltr'><strong>quo</strong></span> <span class='ocrx_word' id='word_1_650' title='bbox 1485 5676 1800 5751; x_wconf 58' lang='lat' dir='ltr'><strong>conﬁrmari</strong></span> <span class='ocrx_word' id='word_1_651' title='bbox 1834 5685 2036 5746; x_wconf 86' lang='lat' dir='ltr'><strong>potest,</strong></span> 
     </span>
    </p>
   </div>
   <div class='ocr_carea' id='block_1_100' title="bbox 430 5746 2040 5821">
    <p class='ocr_par' dir='ltr' id='par_1_100' title="bbox 430 5746 2040 5821">
     <span class='ocr_line' id='line_1_100' title="bbox 430 5746 2040 5821; baseline -0.002 -14"><span class='ocrx_word' id='word_1_652' title='bbox 430 5750 608 5821; x_wconf 87' lang='lat' dir='ltr'><strong>&#39;quod</strong></span> <span class='ocrx_word' id='word_1_653' title='bbox 649 5746 863 5806; x_wconf 61' lang='lat' dir='ltr'><strong>contra</strong></span> <span class='ocrx_word' id='word_1_654' title='bbox 886 5750 1225 5818; x_wconf 82' lang='lat' dir='ltr'><strong>Scaligerum</strong></span> <span class='ocrx_word' id='word_1_655' title='bbox 1272 5746 1562 5802; x_wconf 90' lang='lat' dir='ltr'><strong>docuimus</strong></span> <span class='ocrx_word' id='word_1_656' title='bbox 1596 5746 1756 5817; x_wconf 42' lang='lat' dir='ltr'><strong>.libro</strong></span> <span class='ocrx_word' id='word_1_657' title='bbox 1794 5762 1879 5811; x_wconf 83' lang='grc' dir='ltr'>ιιι,</span> <span class='ocrx_word' id='word_1_658' title='bbox 1914 5757 2040 5803; x_wconf 85' lang='lat' dir='ltr'><strong>ante</strong></span> 
     </span>
    </p>
   </div>
   <div class='ocr_carea' id='block_1_101' title="bbox 2125 4666 3681 4769">
    <p class='ocr_par' dir='ltr' id='par_1_101' title="bbox 2125 4666 3681 4769">
     <span class='ocr_line' id='line_1_101' title="bbox 2125 4666 3681 4769; baseline -0.013 -27"><span class='ocrx_word' id='word_1_659' title='bbox 2125 4688 2187 4743; x_wconf 75' lang='grc' dir='ltr'><strong>τὸ</strong></span> <span class='ocrx_word' id='word_1_660' title='bbox 2210 4686 2337 4758; x_wconf 75' lang='grc' dir='ltr'><strong>ἑξῆς</strong></span> <span class='ocrx_word' id='word_1_661' title='bbox 2351 4687 2593 4757; x_wconf 85' lang='grc' dir='ltr'>κείμενοι</span> <span class='ocrx_word' id='word_1_662' title='bbox 2617 4681 2866 4752; x_wconf 84' lang='grc' dir='ltr'>ἀστέρες,</span> <span class='ocrx_word' id='word_1_663' title='bbox 2892 4679 3029 4733; x_wconf 90' lang='grc' dir='ltr'>λίνοι</span> <span class='ocrx_word' id='word_1_664' title='bbox 3051 4666 3681 4769; x_wconf 25' lang='grc' dir='ltr'>προσαγορεύονταιζμείιξι</span> 
     </span>
    </p>
   </div>
   <div class='ocr_carea' id='block_1_102' title="bbox 2126 4762 3679 4850">
    <p class='ocr_par' dir='ltr' id='par_1_102' title="bbox 2126 4762 3679 4850">
     <span class='ocr_line' id='line_1_102' title="bbox 2126 4762 3679 4850; baseline -0.012 -16"><span class='ocrx_word' id='word_1_665' title='bbox 2126 4780 2183 4833; x_wconf 85' lang='grc' dir='ltr'>δὲ</span> <span class='ocrx_word' id='word_1_666' title='bbox 2228 4780 2286 4833; x_wconf 78' lang='grc' dir='ltr'>ὲν</span> <span class='ocrx_word' id='word_1_667' title='bbox 2335 4779 2433 4850; x_wconf 82' lang='grc' dir='ltr'>μὲν</span> <span class='ocrx_word' id='word_1_668' title='bbox 2475 4776 2553 4848; x_wconf 81' lang='grc' dir='ltr'>τῷ</span> <span class='ocrx_word' id='word_1_669' title='bbox 2596 4774 2755 4845; x_wconf 88' lang='grc' dir='ltr'>νοτίῳ</span> <span class='ocrx_word' id='word_1_670' title='bbox 2792 4772 2924 4842; x_wconf 82' lang='grc' dir='ltr'>λίνῳ</span> <span class='ocrx_word' id='word_1_671' title='bbox 2967 4770 3198 4842; x_wconf 82' lang='grc' dir='ltr'>ἀστέρες</span> <span class='ocrx_word' id='word_1_672' title='bbox 3235 4768 3412 4831; x_wconf 81' lang='grc' dir='ltr'>ὲννέα,</span> <span class='ocrx_word' id='word_1_673' title='bbox 3451 4768 3507 4818; x_wconf 81' lang='grc' dir='ltr'>ὲν</span> <span class='ocrx_word' id='word_1_674' title='bbox 3538 4762 3591 4815; x_wconf 83' lang='grc' dir='ltr'>δὲ</span> <span class='ocrx_word' id='word_1_675' title='bbox 3616 4762 3679 4828; x_wconf 82' lang='grc' dir='ltr'><strong>τῷ</strong></span> 
     </span>
    </p>
   </div>
   <div class='ocr_carea' id='block_1_103' title="bbox 2128 4852 3679 4957">
    <p class='ocr_par' dir='ltr' id='par_1_103' title="bbox 2128 4852 3679 4957">
     <span class='ocr_line' id='line_1_103' title="bbox 2128 4852 3679 4957; baseline -0.015 -31"><span class='ocrx_word' id='word_1_676' title='bbox 2128 4871 2323 4945; x_wconf 81' lang='grc' dir='ltr'>βορείῳ</span> <span class='ocrx_word' id='word_1_677' title='bbox 2353 4869 2482 4940; x_wconf 85' lang='grc' dir='ltr'>λίνῳ</span> <span class='ocrx_word' id='word_1_678' title='bbox 2512 4867 2739 4939; x_wconf 86' lang='grc' dir='ltr'>ἀστέρες</span> <span class='ocrx_word' id='word_1_679' title='bbox 2769 4864 2955 4918; x_wconf 84' lang='grc' dir='ltr'>πέντε.</span> <span class='ocrx_word' id='word_1_680' title='bbox 2995 4863 3056 4915; x_wconf 84' lang='grc' dir='ltr'>ὐ</span> <span class='ocrx_word' id='word_1_681' title='bbox 3092 4861 3148 4914; x_wconf 82' lang='grc' dir='ltr'>δὲ</span> <span class='ocrx_word' id='word_1_682' title='bbox 3193 4862 3251 4914; x_wconf 79' lang='grc' dir='ltr'><strong>ὲν</strong></span> <span class='ocrx_word' id='word_1_683' title='bbox 3292 4860 3446 4931; x_wconf 83' lang='grc' dir='ltr'>ἄκρῳ</span> <span class='ocrx_word' id='word_1_684' title='bbox 3476 4854 3547 4926; x_wconf 84' lang='grc' dir='ltr'>τῷ</span> <span class='ocrx_word' id='word_1_685' title='bbox 3568 4852 3679 4957; x_wconf 72' lang='grc' dir='ltr'>λίνῳ</span> 
     </span>
    </p>
   </div>
   <div class='ocr_carea' id='block_1_104' title="bbox 2126 4952 3679 5035">
    <p class='ocr_par' dir='ltr' id='par_1_104' title="bbox 2126 4952 3679 5035">
     <span class='ocr_line' id='line_1_104' title="bbox 2126 4952 3679 5035; baseline -0.014 -18"><span class='ocrx_word' id='word_1_686' title='bbox 2126 4964 2377 5035; x_wconf 87' lang='grc' dir='ltr'>κείμενος</span> <span class='ocrx_word' id='word_1_687' title='bbox 2419 4959 2674 5034; x_wconf 84' lang='grc' dir='ltr'>λαμπρὸς</span> <span class='ocrx_word' id='word_1_688' title='bbox 2725 4957 2925 5029; x_wconf 79' lang='grc' dir='ltr'>ἀστὴρ,</span> <span class='ocrx_word' id='word_1_689' title='bbox 2957 4952 3253 5016; x_wconf 74' lang='grc' dir='ltr'>σύνδεσμος</span> <span class='ocrx_word' id='word_1_690' title='bbox 3310 4952 3679 5022; x_wconf 76' lang='grc' dir='ltr'>προσαγορευεο</span> 
     </span>
    </p>
   </div>
   <div class='ocr_carea' id='block_1_105' title="bbox 2128 5072 2237 5109">
    <p class='ocr_par' dir='ltr' id='par_1_105' title="bbox 2128 5072 2237 5109">
     <span class='ocr_line' id='line_1_105' title="bbox 2128 5072 2237 5109; baseline 0.009 -1"><span class='ocrx_word' id='word_1_691' title='bbox 2128 5072 2237 5109; x_wconf 89' lang='grc' dir='ltr'>ται.</span> 
     </span>
    </p>
   </div>
   <div class='ocr_carea' id='block_1_106' title="bbox 2204 5124 3687 5217">
    <p class='ocr_par' dir='ltr' id='par_1_106' title="bbox 2204 5124 3687 5217">
     <span class='ocr_line' id='line_1_106' title="bbox 2204 5124 3687 5217; baseline -0.021 -15"><span class='ocrx_word' id='word_1_692' title='bbox 2204 5145 2403 5217; x_wconf 84' lang='grc' dir='ltr'>Βόρεια</span> <span class='ocrx_word' id='word_1_693' title='bbox 2431 5143 2491 5198; x_wconf 85' lang='grc' dir='ltr'><strong>δέ</strong></span> <span class='ocrx_word' id='word_1_694' title='bbox 2516 5143 2663 5195; x_wconf 76' lang='grc' dir='ltr'>ἐστιν</span> <span class='ocrx_word' id='word_1_695' title='bbox 2690 5138 2825 5212; x_wconf 78' lang='grc' dir='ltr'><strong>(Η).</strong></span> <span class='ocrx_word' id='word_1_696' title='bbox 2859 5138 2961 5191; x_wconf 83' lang='grc' dir='ltr'>ὅσα</span> <span class='ocrx_word' id='word_1_697' title='bbox 3001 5132 3099 5188; x_wconf 80' lang='grc' dir='ltr'><strong>τοῦ</strong></span> <span class='ocrx_word' id='word_1_698' title='bbox 3128 5132 3237 5186; x_wconf 80' lang='grc' dir='ltr'><strong>τῶν</strong></span> <span class='ocrx_word' id='word_1_699' title='bbox 3266 5130 3469 5196; x_wconf 81' lang='grc' dir='ltr'>ζωδίων</span> <span class='ocrx_word' id='word_1_700' title='bbox 3504 5124 3687 5181; x_wconf 82' lang='grc' dir='ltr'>κύκλου.</span> 
     </span>
    </p>
   </div>
   <div class='ocr_carea' id='block_1_107' title="bbox 2135 5218 3682 5310">
    <p class='ocr_par' dir='ltr' id='par_1_107' title="bbox 2135 5218 3682 5310">
     <span class='ocr_line' id='line_1_107' title="bbox 2135 5218 3682 5310; baseline -0.015 -18"><span class='ocrx_word' id='word_1_701' title='bbox 2135 5237 2273 5310; x_wconf 72' lang='grc' dir='ltr'>πρὸς</span> <span class='ocrx_word' id='word_1_702' title='bbox 2304 5237 2540 5309; x_wconf 80' lang='grc' dir='ltr'>ἄρκτους</span> <span class='ocrx_word' id='word_1_703' title='bbox 2568 5236 2763 5287; x_wconf 84' lang='grc' dir='ltr'>κεῖται.</span> <span class='ocrx_word' id='word_1_704' title='bbox 2801 5228 2967 5285; x_wconf 79' lang='grc' dir='ltr'>Ἔστι</span> <span class='ocrx_word' id='word_1_705' title='bbox 2996 5227 3053 5283; x_wconf 82' lang='grc' dir='ltr'>δὲ</span> <span class='ocrx_word' id='word_1_706' title='bbox 3083 5224 3243 5279; x_wconf 77' lang='grc' dir='ltr'>τάδε’</span> <span class='ocrx_word' id='word_1_707' title='bbox 3271 5224 3307 5295; x_wconf 81' lang='grc' dir='ltr'>ἠ</span> <span class='ocrx_word' id='word_1_708' title='bbox 3335 5220 3535 5295; x_wconf 78' lang='grc' dir='ltr'>μεγάλη</span> <span class='ocrx_word' id='word_1_709' title='bbox 3567 5218 3682 5285; x_wconf 76' lang='grc' dir='ltr'><strong>’Δρ-</strong></span> 
     </span>
    </p>
   </div>
   <div class='ocr_carea' id='block_1_108' title="bbox 2150 5526 3666 5611">
    <p class='ocr_par' dir='ltr' id='par_1_108' title="bbox 2150 5526 3666 5611">
     <span class='ocr_line' id='line_1_108' title="bbox 2150 5526 3666 5611; baseline -0.011 -18"><span class='ocrx_word' id='word_1_710' title='bbox 2150 5536 2736 5611; x_wconf 58' lang='lat' dir='ltr'><strong>Ptolemmilempora,</strong></span> <span class='ocrx_word' id='word_1_711' title='bbox 2757 5545 3105 5611; x_wconf 85' lang='lat' dir='ltr'><strong>astronomos</strong></span> <span class='ocrx_word' id='word_1_712' title='bbox 3133 5535 3191 5590; x_wconf 92' lang='lat' dir='ltr'><strong>in</strong></span> <span class='ocrx_word' id='word_1_713' title='bbox 3222 5526 3666 5611; x_wconf 63' lang='lat' dir='ltr'><strong>stellarumlatitu-</strong></span> 
     </span>
    </p>
   </div>
   <div class='ocr_carea' id='block_1_109' title="bbox 2153 5601 3684 5678">
    <p class='ocr_par' dir='ltr' id='par_1_109' title="bbox 2153 5601 3684 5678">
     <span class='ocr_line' id='line_1_109' title="bbox 2153 5601 3684 5678; baseline -0.009 -16"><span class='ocrx_word' id='word_1_714' title='bbox 2153 5608 2375 5664; x_wconf 88' lang='lat' dir='ltr'><strong>dinibus</strong></span> <span class='ocrx_word' id='word_1_715' title='bbox 2420 5601 2771 5678; x_wconf 76' lang='lat' dir='ltr'><strong>desigiiandis</strong></span> <span class='ocrx_word' id='word_1_716' title='bbox 2808 5624 2919 5661; x_wconf 89' lang='lat' dir='ltr'><strong>non</strong></span> <span class='ocrx_word' id='word_1_717' title='bbox 2952 5607 3130 5663; x_wconf 90' lang='lat' dir='ltr'><strong>solum</strong></span> <span class='ocrx_word' id='word_1_718' title='bbox 3176 5601 3561 5678; x_wconf 81' lang='lat' dir='ltr'><strong>aequinoctialis</strong></span> <span class='ocrx_word' id='word_1_719' title='bbox 3594 5601 3684 5649; x_wconf 81' lang='lat' dir='ltr'><strong>cir-</strong></span> 
     </span>
    </p>
   </div>
   <div class='ocr_carea' id='block_1_110' title="bbox 2157 5677 3428 5747">
    <p class='ocr_par' dir='ltr' id='par_1_110' title="bbox 2157 5677 3428 5747">
     <span class='ocr_line' id='line_1_110' title="bbox 2157 5677 3428 5747; baseline -0.007 -12"><span class='ocrx_word' id='word_1_720' title='bbox 2157 5679 2301 5747; x_wconf 89' lang='lat' dir='ltr'><strong>culi,</strong></span> <span class='ocrx_word' id='word_1_721' title='bbox 2331 5678 2425 5735; x_wconf 84' lang='lat' dir='ltr'><strong>sed</strong></span> <span class='ocrx_word' id='word_1_722' title='bbox 2455 5677 2619 5735; x_wconf 81' lang='lat' dir='ltr'><strong>etiam</strong></span> <span class='ocrx_word' id='word_1_723' title='bbox 2646 5677 2853 5734; x_wconf 84' lang='lat' dir='ltr'><strong>zodiaci</strong></span> <span class='ocrx_word' id='word_1_724' title='bbox 2893 5678 3158 5734; x_wconf 81' lang='lat' dir='ltr'><strong>rationem</strong></span> <span class='ocrx_word' id='word_1_725' title='bbox 3187 5677 3428 5732; x_wconf 78' lang='lat' dir='ltr'><strong>duxisse.</strong></span> 
     </span>
    </p>
   </div>
  </div>
