3786 6314
38 390 39 397 χ
72 336 151 393 769
1104 321 1339 415 GEMIISI
1380 320 1755 378 ELEMENTA
1784 324 1918 381 AST
1933 325 2298 384 RONOMIZE.

3215 334 3321 390 770

74 475 192 520 κτος,
231 458 264 526 ἡ
310 456 528 526 μικρὰ,
558 449 782 524 Δράκων
817 447 845 499 6
884 444 974 500 διὰ
1000 442 1110 498 τῶν
1134 443 1372 515 ἄρκτων,
1420 441 1646 512 ’Δρκτο-

1774 440 1890 500 Jrsa
1927 444 2121 513 major,
2170 442 2278 500 Urs
2355 457 2558 509 mmor,
2598 442 2775 501 Draco
2815 460 2914 516 per
2948 461 3106 503 ursas
3133 456 3319 505 exten-

78 551 251 623 φύλαξ,
301 549 628 617 Στέφανος,
688 539 1024 609 Ἐνγόνασιν,
1093 533 1397 604 ’οφιοῦχος,
1456 533 1642 623 Ὄφις,

78 622 226 715 Λύρα,
259 642 487 712 Ὄρνις,
534 633 761 697 Ὀῖστὸς.
785 630 999 693 ἰΑετὸς,
1042 624 1258 695 Δελφίς,
1287 622 1536 694 προτομή
1566 623 1649 675 ἴπ-

78 753 185 798 που,
227 732 350 787 καθ’
400 731 716 799 Ἵππαρχον
752 724 936 786 ἵππος,
979 718 1225 790 Κηφεὺς,
1281 715 1642 779 Κασσιὸπεια,

86 824 418 898 Ἀνδρομέδα,
450 820 719 891 Περσεὺς,
736 816 993 885 Ἡνίοχος,
1019 809 1310 873 Δελτωτὸν,
1329 809 1424 862 καὶ
1446 810 1475 860 ὁ
1499 805 1649 860 ὓστε-

83 939 155 991 ρον
209 912 717 987 κατηπερισμένος
770 907 875 962 ὑπὸ
935 903 1288 975 Καλλιμάχου
1354 898 1647 970 Βερενίκης

84 1011 365 1079 πλόκαμος.

136 1100 296 1153 Πάλιν
322 1098 384 1151 δὲ
419 1095 520 1150 καὶ
547 1097 604 1148 ὲν
633 1091 838 1153 τούτοις
867 1089 1094 1159 ἀστέρες
1125 1086 1265 1147 τινὲς
1299 1083 1438 1145 ιδίας
1466 1080 1647 1150 ἔχουσι

81 1189 437 1263 προσηγορίας
485 1185 574 1240 διὰ
609 1184 705 1248 τὰς
735 1183 1037 1253 ὁλοσχερείς
1071 1179 1157 1232 ἐπ’
1197 1176 1388 1238 αὐτοῖς
1432 1171 1651 1242 γινομέ-

83 1300 162 1346 νας
192 1279 595 1352 ἐπισημασίας.
642 1279 699 1331 '0
733 1277 829 1348 μὲν
861 1274 971 1344 γὰρ
1010 1272 1112 1326 ἀνὰ
1166 1269 1333 1341 μέσον
1380 1265 1487 1320 τῶν
1521 1280 1648 1316 σκε-

82 1373 171 1427 λῶν
210 1370 303 1425 τοῦ
360 1368 803 1444 Ἀρκτοφύλακος
852 1365 1104 1436 κείμενος
1136 1359 1311 1457 ἀστὴρ
1350 1355 1638 1457 ἐπίσημος,

91 1463 407 1537 Ἀρκτοῦρος
435 1461 759 1533 ὀνομάζεται
781 1473 796 1488 ο
826 1460 855 1512 ὁ
884 1457 942 1511 δὲ
987 1454 1137 1526 παρὰ
1179 1451 1277 1550 τὴν
1310 1447 1649 1550 adp-avara-

87 1574 223 1628 μενος
241 1554 507 1627 λαμπρὸς
532 1553 727 1624 ἀστὴρ,
756 1548 1062 1623 ὁμωνύμως
1078 1546 1183 1617 ὅλῳ
1202 1542 1280 1614 τῷ
1305 1539 1484 1609 ζωδίῳ
1498 1538 1652 1628 Λύρα

84 1625 564 1722 προσαγορεύεταισ
596 1645 644 1698 οι
689 1644 746 1697 δὲ
792 1644 849 1696 ὲν
898 1640 1045 1712 ἄκρᾳ
1086 1640 1154 1709 τῇ
1203 1632 1466 1707 ἀριστερᾷ
1493 1625 1651 1726 ’χειρὶ

82 1720 160 1792 τοῦ
205 1739 470 1809 Περσέως
518 1736 757 1806 κείμενοι
808 1731 1036 1803 ἀστέρες
1093 1726 1372 1801 Γοργόνων
1421 1720 1651 1775 καλοῦν·

85 1847 188 1884 ται⁵
214 1832 259 1883 οἱ
285 1799 353 1881 ’δὲ
386 1799 459 1882 ἐν
478 1799 625 1900 ἄκρᾷ
655 1829 722 1899 τῇ
759 1825 911 1896 δεξιᾷ
947 1799 1092 1894 γειρὶ
1116 1799 1210 1874 τοῦ
1238 1816 1490 1890 Περσέως
1535 1810 1657 1867 κεί-
1689 1799 1727 1854 Β

88 1939 218 1992 μενοι
257 1921 583 1991 ἀστερίσκοι
614 1919 807 1972 ’πυκνοὶ¹
851 1916 944 1970 καὶ⁷
976 1916 1181 1987 μικροὶ,
1212 1914 1291 1975 είς
1319 1909 1647 1979 τὴνἋρπην

88 2012 588 2084 καταστερίζονται·
638 2013 665 2065 6
714 2011 770 2064 δὲ
825 2013 883 2064 ὲν
939 2009 1019 2081 τῷ
1069 2004 1332 2075 εὐωνύμῳ
1369 2000 1506 2072 ὤμῳ
1550 1998 1645 2052 τοῦ

97 2105 320 2175 Ἡνιόχου
345 2103 603 2175 κείμενος
624 2103 869 2174 λαμπρὸς
896 2100 1090 2172 ἀστὴρ,
1115 2097 1215 2162 Αἲξ
1246 2091 1647 2167 προσαγορεύε-

88 2216 157 2251 ται
184 2215 196 2228 ·
228 2200 275 2251 οἱ
306 2198 364 2250 δὲ
394 2199 455 2249 ὲν
489 2196 634 2268 ἄκρᾳ.
664 2195 757 2265 τοῦ
788 2194 950 2248 αὐτοῦ
979 2194 1123 2266 χειρὶ
1149 2190 1387 2260 κείμενοι
1431 2183 1648 2255 ἀστερί-

92 2306 191 2343 mi
215 2288 324 2350 δύο,
347 2288 575 2358 Ἔριφοι
600 2287 909 2341 καλοῦνται.

146 2476 304 2529 Νότ-ια
336 2474 395 2527 δέ
424 2473 599 2535 ἐστιν,
628 2471 727 2523 ὅσα
756 2466 850 2521 τοῦ
880 2465 989 2519 τῶν
1032 2463 1237 2529 ζωδίων
1279 2459 1481 2514 κύκλου
1514 2456 1650 2529 πρὸς

95 2565 417 2637 μεσημῧρίαν
463 2565 662 2617 κεῖται.
708 2560 862 2612 Ἔστι
911 2556 969 2610 δὲ
1016 2554 1174 2609 τάδε·
1215 2551 1427 2622 Ὠρίων,
1464 2547 1646 2610 Κύων,

94 2659 171 2709 καὶ
192 2655 476 2726 Προκύων,
507 2651 753 2720 Λαγωὸς,
792 2646 989 2719 Ἀργὼ,
1018 2644 1233 2714 Ὕδρας,
1270 2640 1517 2713 Κρατὴρ,
1552 2638 1651 2691 Κό-

98 2748 198 2819 ραξ,
224 2748 557 2815 Κένταυρος,
593 2740 809 2811 Θηρίον,
838 2738 867 2791 ὁ
900 2736 1089 2806 κρατεῖ
1121 2734 1150 2786 ὁ
1179 2730 1510 2801 Κένταυρος,
1557 2726 1650 2779 καὶ

95 2840 416 2911 Θνρσολόχος,
445 2836 509 2889 δν
551 2834 742 2905 κρατεῖ
771 2833 799 2884 ὁ
834 2829 1161 2899 Κένταυρος,
1193 2823 1315 2879 καθ’
1344 2824 1646 2891 Ἵππαρχον

97 2932 452 3003 θυμιατήριον,
493 2928 672 2989 νότιος
716 2924 883 2995 ἰχθὺς,
917 2920 1099 2983 κύτος,
1127 2917 1271 2988 ὓδωρ
1309 2916 1370 2969 τὸ
1405 2914 1511 2967 ἀπὸ
1555 2911 1648 2965 τοῦ

106 3023 392 3097 Ὑδροχὸου,
427 3017 675 3090 ποταμὸς
702 3019 731 3069 ὁ
762 3014 868 3068 ἀπὸ
898 3012 993 3067 τοῦ
1022 3010 1295 3083 Ὠρίωνος,
1320 3007 1492 3069 νότιος
1526 3004 1649 3057 στέ-

99 3132 263 3185 φανος,
297 3114 402 3168 ὁπὸ
426 3113 489 3165 δέ
520 3127 683 3163 τινων
720 3105 1054 3178 Οὐρανίσκος
1090 3097 1647 3175 προσαγορευόμενος,

100 3207 365 3276 κηρύκειον
394 3202 522 3257 καθ’
555 3202 726 3254 Ἰππα
735 3215 878 3271 ρχον.

166 3298 319 3351 Πάλιν
359 3298 417 3350 δὲ
467 3297 526 3348 ἐν
579 3292 786 3355 τούτοις
829 3290 970 3354 τινες
1014 3288 1241 3359 ἀστέρες
1287 3284 1422 3348 ιδίας
1473 3281 1655 3354 έχουσι

106 3388 466 3461 προσηγορίας.
511 3387 572 3438 Ὁ
609 3385 704 3457 μὲν
750 3383 858 3454 γὰρ
900 3384 958 3436 ὲν
999 3379 1076 3451 τῷ
1116 3378 1355 3451 ΙΙρόκυνι
1400 3374 1474 3429 ὢν
1515 3375 1654 3445 λαμ-

104 3481 222 3548 πρὸς
241 3481 428 3551 ἀστὴρ,
458 3474 723 3549 Προκύων
754 3473 998 3527 καλεῖται
1022 3489 1036 3503 ·
1069 3472 1098 3524 ὁ
1140 3469 1196 3524 δὲ
1227 3471 1283 3521 ἐν
1315 3467 1393 3537 τῷ
1429 3465 1655 3536 στόματι

102 3568 188 3623 τοῦ
212 3572 373 3634 Κυνὸς
399 3566 653 3640 λαμπρὸς
682 3566 877 3637 ἀστὴρ,
910 3565 967 3627 ὃς
992 3564 1139 3617 δοκεῖ
1156 3562 1254 3633 τὴν
1287 3560 1534 3614 ἐπίτασιν
1559 3556 1656 3629 τὴν

104 3660 200 3712 τῶν
246 3661 541 3732 καυμάτων
592 3660 787 3722 ποιεῖν,
843 3654 1147 3726 ὁμωνύμως
1195 3652 1303 3722 ὅλῳ
1348 3648 1427 3722 τῷ
1481 3648 1656 3720 ζωδίῳ

106 3752 248 3806 Κύων
278 3748 777 3824 προσαγορεύεται·
827 3750 857 3801 ὁ
904 3747 961 3800 δὲ
1004 3749 1062 3799 ὲν
1111 3746 1265 3817 ἄκρῳ
1303 3742 1380 3813 τῷ
1412 3740 1657 3814 πηδαλίῳ

107 3846 193 3915 τῆς
227 3845 444 3918 Ἀργοῦς
476 3846 731 3915 κείμενος
761 3840 1008 3912 λαμπρὸς
1038 3838 1234 3908 ἀστὴρ,
1263 3834 1520 3898 Κάνωϐος
1544 3836 1658 3886 ὀνο-

111 3938 333 4006 μάζεται.
363 3932 536 4001 Οὗτος
573 3936 673 4007 μὲν
710 3936 768 3987 ἐν
813 3933 978 4004 Ῥόδῳ
1004 3930 1377 4003 δυσθεώρητός
1420 3930 1587 3992 ἐστιν,
1622 3927 1655 3998 ἢ

111 4031 357 4096 παντελῶς
378 4032 472 4100 ἀφ’
497 4028 719 4100 ὑψηλῶν
742 4027 919 4080 τόπων
947 4028 1140 4096 ὁρᾶται
1159 4042 1171 4055 ’
1199 4026 1254 4076 ἐν
1287 4021 1659 4093 ’Δλεξανδρείᾳ

107 4118 156 4171 δέ
192 4121 298 4173 ἐστι
344 4116 628 4180 παντελῶς
669 4116 937 4186 ἐμφανής.
988 4115 1181 4184 Σχεδὸν
1232 4112 1340 4184 γὰρ
1393 4111 1655 4183 τέταρτον

113 4208 252 4281 μέρος
281 4212 388 4283 (12)
436 4209 532 4263 τού
565 4208 756 4274 ζωδίου
794 4207 900 4261 ἀπὸ
941 4205 1037 4260 τοῦ
1080 4202 1352 4276 ὁρίζοντος
1397 4220 1657 4275 μετεωρι-

114 4304 280 4371 σμένος
315 4304 591 4375 φαίνεται.
974 4336 982 4345 -

618 4523 1004 4577 ΚΕΦΑΑΑΙΟΝ
1052 4522 1124 4577 Γ’.

477 4638 616 4708 Περὶ
646 4635 865 4702 ἄξονος
897 4634 994 4689 καὶ
1022 4637 1228 4688 πόλων

173 4747 265 4803 Τοῦ
291 4748 345 4803 δὲ
369 4751 579 4819 κόσμου
610 4748 723 4817 (l5)
748 4745 1117 4818 σφαιροειδοῦς
1141 4746 1493 4817 ὑπάρχοντος,
1516 4746 1659 4810 ἄξων

115 4839 329 4894 καλεῖται
361 4845 395 4913 ἡ
422 4841 716 4911 διάμετρος
740 4837 832 4891 τοῦ
864 4837 1093 4908 κόσμου,
1122 4838 1249 4908 περὶ
1272 4838 1336 4907 ἣν
1367 4837 1656 4909 στρέφεται

116 4928 361 5003 ὁκόσμος.
386 4934 469 4986 Τὰ
515 4931 573 4986 δὲ
616 4931 828 5003 πέρατα
856 4928 950 4983 τοῦ
999 4928 1184 4994 ἄξονος
1224 4929 1376 4983 πόλοι
1408 4929 1658 4997 λέγονται

116 5021 194 5074 τοῦ
219 5026 433 5096 κόσμου.
480 5024 602 5077 Τῶν
633 5021 692 5077 δὲ
722 5024 898 5078 πόλων
943 5026 972 5078 ὁ
1018 5026 1117 5097 μὲν
1159 5023 1377 5092 λέγεται
1431 5022 1659 5094 βόρειος,

119 5112 143 5162 ὁ
178 5112 230 5166 δὲ
271 5116 433 5180 νότιος
457 5134 470 5146 ·
507 5116 718 5187 βόρειος
757 5116 856 5187 μὲν
897 5119 926 5171 ὁ
971 5116 1059 5171 διὰ
1090 5117 1291 5181 παντὸς
1336 5115 1661 5185 φαινόμενος

120 5201 185 5266 ὡς
212 5207 334 5278 πρὸς
355 5209 453 5280 τὴν
479 5208 759 5280 ἡμετέραν
784 5210 1013 5273 οἴκησιν,
1049 5210 1219 5272 νότιος
1247 5210 1304 5263 δὲ
1336 5212 1365 5263 ὁ
1407 5210 1495 5263 διὰ
1525 5224 1662 5262 παν-

182 5401 279 5485 it?)
309 5408 533 5485 Σχεδὸν
554 5412 669 5485 γὰρ
693 5408 1196 5485 τέταρτον-μέρος.
1226 5410 1339 5466 lmo
1360 5415 1663 5485 quadrante

124 5474 748 5549 solido,ut'ﬂipparchus
796 5474 954 5535 docet
986 5474 1084 5537 lib:
1126 5474 1165 5544 ιζ
1203 5498 1352 5536 num.
1378 5474 1490 5538 '26.
1519 5484 1655 5540 Nam

126 5540 332 5601 distabat
353 5564 382 5602 a
408 5540 535 5621 polo
554 5548 818 5619 gradibus
836 5550 927 5615 38,
956 5552 1060 5614 ὅθ’.
1091 5540 1237 5621 quod
1259 5562 1316 5606 et
1347 5556 1658 5610 tabularum

127 5620 417 5690 nostrarum
456 5620 814 5690 epilogismus
867 5620 1201 5677 adaniussim
1255 5625 1492 5679 exhibet.
1537 5626 1664 5681 Ale-

130 5686 335 5766 ξεηύᾠξ
355 5686 515 5766 polus
544 5686 722 5745 elatus
748 5698 868 5745 erat
890 5691 1042 5761 grad.
1072 5691 1303 5766 3|_l‘ere.
1329 5695 1500 5766 Igitur
1530 5712 1662 5765 gra-

129 5750 263 5811 dibus
286 5750 472 5820 7,,'50'.
504 5761 612 5816 hoc
658 5768 746 5816 est
792 5750 986 5817 exacto
1024 5750 1381 5821 umidi-ante."
1401 5750 1661 5823 Cantibus

1688 4506 1734 4561 D

1747 553 1864 605 sus,
1911 539 2299 611 Arctophylax,
2341 538 2580 603 Corona,
2625 538 2681 593 in
2730 540 2981 609 genibus,
3022 538 3322 612 Serpenta-

1746 629 1883 691 rius,
1948 628 2206 700 Serpens,
2281 628 2449 701 Lyra,
2501 629 2656 696 Avis,
2687 632 2936 710 .Sagitta,
2989 633 3211 702 Aquila,
3264 635 3324 705 8

1745 717 2066 789 Delphinus,
2103 722 2390 790 prmsectio
2434 722 2585 792 equi,
2627 722 2712 777 vel
2746 724 3047 778 secundum
3085 724 3324 796 Hippar-

1745 813 1935 875 chum,
1986 826 2183 883 equus.
2235 810 2510 881 Cepheus,
2559 811 2902 883 Cassiopeia,
2952 815 3321 879 Andromeda,

1746 904 2006 969 Perseus,
2053 904 2262 975 auriga,
2312 903 2587 966 Deltoton,
2628 912 2684 961 et
2717 923 2840 976 quae
2882 916 3071 978 postea
3101 924 3132 962 a
3159 909 3297 965 Calli

1748 999 1945 1053 macho
1975 998 2117 1053 inter
2150 997 2339 1053 stellas
2368 1004 2453 1052 est
2486 999 2659 1054 relata
2692 1014 2849 1054 coma
2878 1001 3192 1057 Berenices.

1822 1088 2034 1144 Rursus
2096 1098 2276 1143 autem
2329 1089 2492 1144 etiam
2545 1090 2600 1145 in
2652 1090 2739 1147 his
2789 1092 3102 1148 borealibus
3154 1095 3324 1165 signis

1749 1182 1915 1235 stella:
1952 1180 2196 1252 quaidam
2228 1181 2477 1252 proprias
2514 1182 2718 1238 habent
2750 1185 3162 1253 appellationes,
3198 1202 3323 1256 pro-

1750 1281 1869 1340 pter
1906 1289 2001 1329 eas
2049 1289 2186 1344 quas
2232 1275 2453 1339 habent,
2517 1286 2814 1346 utcunque,
2874 1279 3321 1348 significationes.

1753 1362 1886 1417 Nam
1920 1364 2149 1435 insignis
2184 1366 2375 1430 stella,
2412 1382 2534 1436 qua:
2570 1366 2624 1421 in
2656 1367 2833 1421 medio
2866 1384 3089 1422 crurum
3130 1369 3297 1426 Arcto

1753 1457 1998 1528 phylacis
2039 1457 2142 1512 sita
2185 1465 2291 1523 est,
2340 1457 2609 1513 Arcturus
2638 1459 2978 1513 nominatur.
3024 1457 3325 1530 Splendida

1754 1548 1932 1614 stella,
1972 1562 2092 1618 quae
2120 1548 2275 1615 juxta
2306 1546 2507 1619 Lyram
2550 1549 2729 1618 posita
2766 1557 2872 1612 est,
2907 1549 3125 1603 nomine
3157 1551 3326 1604 totius

1755 1636 1840 1690 sui
1890 1636 2165 1691 asterismi
2210 1636 2375 1690 etiam
2430 1636 2573 1708 Lyra
2622 1639 2928 1709 appellatur
2982 1657 2996 1694 :
3043 1655 3165 1709 qua:
3196 1656 3325 1696 vero

1757 1727 1813 1780 in
1841 1734 2087 1782 extrema
2123 1741 2289 1781 manu
2322 1727 2547 1782 sinistra
2567 1726 2752 1784 Persei
2790 1729 2909 1783 sitae
2957 1736 3085 1784 sunt
3130 1730 3322 1795 stellae,

1757 1825 2021 1872 vocantur
2057 1819 2228 1874 stellae
2258 1816 2619 1889 Gorgonum;
2666 1835 2789 1890 quae
2828 1836 2962 1876 vero
3008 1822 3063 1875 in
3111 1836 3327 1876 summa

1756 1922 1919 1961 manu
1962 1908 2152 1964 dextra
2190 1908 2378 1965 Persei
2418 1911 2649 1966 siellulae
2680 1912 2890 1968 crebra
2915 1922 2970 1968 et
3002 1928 3180 1983 parvae
3208 1915 3326 1968 col-

1757 1999 2028 2064 locantur,
2061 2000 2144 2056 bae
2177 2000 2419 2056 elliciunt
2462 2004 2939 2060 constellationem
2971 2005 3125 2062 falcis
3154 2022 3329 2077 ;-quae

1756 2088 1811 2143 in
1885 2089 2113 2145 sinistro
2181 2090 2413 2147 humero
2482 2093 2686 2164 aurigae
2757 2095 2982 2165 ponitur
3044 2096 3329 2166 splendida

1756 2181 1931 2245 stella,
1980 2182 2095 2236 haec
2146 2184 2453 2253 appellatur
2500 2185 2678 2255 Capra
2725 2202 2738 2239 :
2795 2199 2851 2241 at
2900 2189 3020 2244 duae
3073 2190 3326 2255 stellula,

1754 2289 1875 2344 qua:
1923 2274 2041 2329 sitae
2085 2282 2213 2331 sunt
2255 2276 2309 2331 in
2365 2278 2610 2348 ejusdem
2661 2295 2878 2336 summa
2928 2298 3117 2350 manu,
3169 2284 3323 2341 llzedi

1754 2374 2039 2420 vocantur.

1824 2458 2100 2514 Australia
2151 2460 2309 2530 signa
2358 2470 2520 2523 sunt,
2576 2479 2697 2533 qua:
2749 2479 2779 2517 a
2833 2465 3059 2525 zodiaco
3116 2470 3330 2528 circulo

1753 2568 1946 2609 versus
2008 2553 2288 2609 meridiem
2343 2555 2642 2611 declinant.
2704 2557 2844 2614 Sunt
2902 2569 3081 2617 autem
3137 2564 3251 2620 haec
3310 2585 3326 2622 :

1754 2642 1943 2707 Orion,
1974 2642 2141 2700 Canis
2171 2645 2365 2715 major,
2396 2645 2667 2719 Procyon,
2686 2648 2886 2719 Lepus,
2920 2653 3088 2724 Argo,
3121 2655 3326 2729 Hydra,

1754 2730 1966 2797 Crater,
2022 2734 2263 2803 Corvus,
2324 2738 2658 2802 Centaurus,
2723 2742 2882 2810 Fera,
2948 2746 3105 2802 hasta
3161 2766 3327 2821 quam

1759 2828 1905 2877 tenet
1944 2822 2275 2890 Centaurus,
2320 2828 2622 2883 secundum
2656 2827 3052 2903 Hipparchum,
3095 2851 3211 2901 ara,
3253 2837 3332 2908 pie

1756 2914 1868 2970 scis
1921 2917 2204 2985 australis,
2256 2926 2432 2984 cetus,
2488 2934 2629 2991 aqua
2679 2922 2747 2975 ab
2784 2923 3026 2993 Aquario
3074 2928 3325 2990 veniens.

1755 3006 1956 3064 ﬂuvius
1984 3010 2052 3064 ab
2078 3010 2280 3067 Orione
2304 3013 2560 3077 veniens,
2606 3027 2810 3069 corona
2836 3019 3114 3083 australis,
3145 3036 3266 3091 quae
3297 3036 3330 3076 a

1756 3099 2034 3153 nonnullis
2071 3098 2392 3169 Uraniscus,
2433 3102 2486 3158 id
2535 3114 2639 3172 est,
2681 3123 2908 3179 parvum
2945 3109 3146 3163 caelum
3174 3125 3333 3166 voca.

1756 3194 1865 3251 tur,
1898 3190 2198 3243 secundum
2227 3188 2597 3261 Hipparchum
2626 3212 2756 3252 vero
2787 3199 3079 3255 caduceus.

1825 3278 2042 3336 Rursus
2080 3282 2245 3336 etiam
2276 3284 2331 3337 in
2359 3284 2445 3340 bis
2478 3280 2811 3343 australibus
2851 3290 3044 3360 signis,
3081 3291 3329 3360 quaidam

1758 3371 1928 3427 stellae
1962 3374 2216 3444 proprias
2267 3375 2471 3433 habent
2518 3380 2932 3450 appellationes.
2986 3380 3119 3435 Nam
3171 3384 3330 3439 stella

1758 3463 2064 3533 Splendida,
2102 3480 2221 3535 qua).
2260 3474 2344 3522 est
2390 3468 2448 3523 iu
2495 3469 2645 3527 Cane
2690 3472 2924 3538 minore,
2967 3473 3238 3545 Procyon,
3274 3474 3327 3531 id

1756 3564 1840 3610 est
1884 3557 2198 3629 praecedens
2241 3560 2421 3626 canis,
2454 3572 2684 3618 vocatur
2728 3582 2741 3618 :
2780 3566 2937 3620 stella
2978 3581 3112 3623 vero
3148 3568 3333 3637 splen-

1759 3645 1910 3712 dida,
1938 3664 2059 3718 quae
2079 3658 2163 3707 est
2187 3651 2243 3706 in
2272 3669 2369 3708 ore
2387 3652 2555 3711 Canis
2585 3656 2833 3727 majoris,
2865 3674 3096 3730 quaeque
3117 3660 3333 3716 videtur

1760 3737 2158 3797 incrementum
2188 3752 2422 3801 aestuum
2460 3746 2694 3816 elIicere,
2724 3748 2916 3805 eodem
2948 3753 3170 3808 nomine
3202 3768 3331 3809 cum

1758 3836 1874 3885 toto
1919 3833 2076 3904 signo
2111 3835 2278 3893 Canis
2327 3840 2672 3910 appellatur;
2729 3841 2825 3897 sed
2876 3843 3106 3916 insignis
3152 3845 3329 3911 stella,

1759 3936 1879 3991 quae
1922 3925 2027 3979 sita
2057 3933 2141 3981 est
2175 3927 2232 3982 in
2277 3945 2492 3986 summo
2526 3934 2897 4001 gubernaculo
2936 3935 3094 3990 navis
3132 3936 3331 4006 Argus,

1758 4013 2014 4072 Canobus
2040 4018 2264 4075 dicitur.
2291 4022 2470 4093 Atque
2493 4025 2607 4080 haec
2635 4026 2843 4083 Canobi
2878 4029 3034 4084 stella
3064 4029 3119 4084 in
3141 4028 3334 4085 Rhodo

1760 4106 2049 4166 difﬁculter
2076 4112 2246 4167 videri
2282 4124 2483 4184 potest,
2516 4126 2611 4171 aut
2644 4119 2699 4173 in
2730 4120 2868 4175 locis
2906 4122 3068 4191 plane
3095 4123 3333 4178 excelsis

1759 4210 1983 4271 apparet
2009 4217 2031 4268 ς
2064 4211 2117 4257 at
2146 4204 2492 4262 Alexandriae
2520 4226 2752 4279 prorsus
2783 4212 2896 4267 huic
2930 4212 3099 4269 videri
3134 4224 3330 4284 potest.

1756 4290 1893 4345 Nam
1920 4290 2034 4348 fere
2067 4304 2259 4365 quarta
2294 4308 2447 4368 parte
2480 4301 2622 4372 signi
2646 4301 2921 4373 ~Canobus
2951 4306 3020 4360 ab
3050 4305 3335 4364 horizonte

1759 4380 2002 4439 elevatus
2034 4396 2278 4455 apparet.

2365 4521 2595 4579 CAPUT
2632 4526 2716 4585 ΙΙΙ.

2299 4656 2375 4711 De
2414 4675 2512 4714 axe
2545 4671 2595 4715 et
2630 4662 2801 4732 polis.‘

1830 4766 1967 4822 Cum
2022 4770 2260 4827 mundus
2305 4773 2627 4841 sphaericam
2668 4775 2864 4831 habeat
2914 4776 3164 4849 ﬁguram,
3214 4782 3333 4838 axis

1758 4866 1987 4916 vocatur
2033 4860 2154 4931 ejus
2199 4861 2485 4932 diameter,
2533 4866 2678 4922 circa
2727 4884 2891 4939 quam
2925 4871 3164 4928 mundus
3199 4888 3335 4929 con-

1760 4952 2010 5008 vertitur.
2085 4952 2472 5012 Extremitates
2532 4974 2663 5015 vero
2734 4962 2854 5017 axis
2907 4963 3168 5019 dicuntur
3220 4967 3333 5037 poli

1760 5044 1950 5100 mundi
1984 5061 1999 5098 :
2044 5046 2293 5116 polorum
2339 5057 2523 5104 autem
2566 5052 2704 5108 alter
2742 5063 2971 5111 vocatur
3008 5055 3229 5123 bereus,
3278 5058 3334 5113 id

1760 5145 1846 5191 est
1876 5138 2148 5203 arcticus;
2191 5138 2328 5193 alter
2355 5142 2559 5205 notius,
2592 5143 2647 5197 id
2689 5153 2774 5199 est
2832 5148 3188 5203 antarcticus.
3228 5146 3332 5202 Bo-

1762 5244 1890 5284 reus
1918 5227 2136 5298 quidem
2163 5245 2380 5302 semper
2406 5241 2649 5305 apparet,
2681 5237 2861 5306 quoad
2891 5248 3133 5295 nostram
3165 5240 3328 5295 habi-

1762 5429 2451 5501 superabatAli‘orizontem.

1834 5498 1947 5569 (i5)
1984 5498 2189 5573 ΤοπῖιλδεξιΔ
2205 5502 2455 5571 κόσμου.
2478 5502 2704 5559 Proclus
2728 5506 2993 5573 spbmram
3025 5520 3177 5561 suam
3206 5506 3321 5560 edi-

1761 5570 2005 5645 dit,_quaa
2055 5569 2191 5623 nihil
2246 5569 2395 5628 aliud
2435 5580 2519 5629 est
2545 5589 2722 5645 quani
2761 5569 2869 5645 hoc
2898 5574 3111 5645 Gemini
3163 5584 3327 5645 caput

1761 5642 2017 5716 tertium,
2040 5647 2093 5693 et
2124 5651 2401 5716 quartum,
2440 5643 2646 5715 quibus
2664 5642 2909 5713 ejusdem
2945 5644 3009 5699 12
3033 5653 3085 5700 et
3111 5642 3328 5716 postre-

1763 5726 1853 5765 lllO
1887 5709 1923 5764 2
1954 5710 2218 5765 adtexuit.
