3786 6326
737 18 866 28 ὺηρ-ΩἾ-μ..--
899 18 1361 30 -——.--e-.nH-—Iin——L
1105 18 1108 20 '

458 335 553 388 711
1471 325 1562 380 AD
1596 322 1867 379 EUSEBII
1913 319 2310 381 CHRONICON
2348 322 2711 382 APPENDIX.
3580 333 3690 392 τη

458 453 758 519 tationem;
810 451 1068 506 australis
1117 463 1244 504 vero
1293 459 1511 516 semper
1564 453 1650 500 est
1701 442 1994 499 invisibilis

2120 444 2211 508 τὸς
2255 446 2486 518 ἀόρατος
2527 448 2604 511 ὡς
2649 446 2786 517 πρὸς
2836 447 2928 501 τὸν
2977 448 3242 519 ἡμέτερον
3285 451 3544 522 ὁρίζοντα.
3569 455 3690 510 Εἰσὶ

453 542 600 613 quad
645 552 886 596 nostrum
947 542 1300 594 horizontem.
1363 536 1753 592 Verumtamen
1795 542 1923 590 sunt
1963 535 1998 589 it

2128 534 2310 605 μέντοι
2333 538 2486 591 τόποι
2519 538 2665 601 τινὲς
2692 538 2784 591 ἐπὶ
2823 539 2924 608 τῆς
2955 539 3078 608 γῆς,
3113 541 3247 594 ὅπου
3289 542 3567 612 συμϐαίνει
3595 545 3688 598 τὸν

453 643 600 690 terra
635 635 752 688 loca
781 632 1170 706 quaedamhuhi
1204 630 1473 700 contingit
1501 629 1710 699 polum,
1740 627 1834 697 qui
1875 642 1998 697 aput

2127 627 2224 697 μὲν
2254 630 2384 700 παρ’
2414 631 2545 700 ἡμῖν
2581 630 2742 684 πόλον
2767 631 2856 684 τὸν
2883 631 2971 683 ἀεὶ
3004 632 3231 703 φανερὸν
3265 633 3491 697 ἐκείνοις
3527 635 3688 706 ἀόρα-

453 740 556 780 nos
581 739 795 795 semper
820 731 904 778 est
934 737 1220 793 apparens,
1253 721 1362 776 illis
1388 736 1512 775 esse
1550 718 1885 773 invisibilem
1910 735 1925 784 ;
1965 734 1994 771 e

2122 734 2212 770 τον
2238 713 2396 782 εἶναι,
2425 719 2516 775 τὸν
2542 720 2598 773 δὲ
2635 721 2766 792 παρ’
2796 722 2929 791 ἡμῖν
2962 719 3191 790 ἀόρατον
3216 720 3444 783 ἐκείνοις
3467 721 3689 792 φανερὸν

453 824 646 872 contra
685 831 808 871 eum
856 817 1058 886 polum,
1104 814 1198 885 qui
1245 814 1388 885 apud
1436 829 1538 869 nos
1585 822 1669 868 est
1701 811 1992 867 invisibilis

2123 804 2260 862 εἷναι
2279 827 2292 841 ·
2323 811 2415 863 καὶ
2443 811 2604 865 πάλιν
2641 812 2758 866 ἐστι
2782 829 2868 876 τις
2891 813 3056 876 τόπος
3083 813 3175 864 ἐπὶ
3205 813 3303 883 τῆς
3334 812 3456 883 γῆς,
3486 813 3611 866 ὅπου
3634 814 3684 866 οἱ

454 910 566 966 illis
609 909 962 979 conspicuum
997 922 1160 973 esse;
1201 916 1256 962 et
1299 921 1494 961 rursus
1545 913 1630 960 est
1691 905 1844 958 locus
1895 903 1998 973 quia

2120 899 2216 954 δύο
2239 901 2389 956 πόλοι
2417 903 2615 974 ὁμοίως
2638 905 2731 957 ἐπὶ
2770 903 2863 958 τοῦ
2890 903 3161 973 ὁρίζοντος
3190 905 3415 959 κεῖνται.

450 1001 575 1056 dam
606 1002 660 1056 in
687 1011 850 1067 terra,
884 999 974 1054 ubi
997 999 1105 1055 duo
1130 998 1186 1052 hi
1216 997 1326 1070 poli
1360 998 1612 1053 similiter
1645 997 1701 1050 in
1731 995 2016 1050 horizonte

444 1093 646 1164 jaceat.

1040 1202 1270 1259 CAPUT
1317 1201 1410 1258 ιν.

920 1319 998 1373 De
1033 1318 1245 1373 circulis
1285 1318 1524 1386 sphazrw.

512 1452 856 1508 Circuiorum
893 1449 1119 1520 sphaerae
1157 1449 1248 1502 alii
1288 1457 1417 1503 sunt
1457 1446 1720 1518 paralleli,
1753 1444 1842 1499 alii
1875 1443 2012 1498 obli-

440 1547 556 1616 qui,
605 1546 698 1600 alii
735 1560 834 1615 per
867 1545 1021 1613 polos
1063 1542 1214 1596 ducti
1252 1560 1266 1595 :
1300 1541 1546 1612 paralleli
1573 1549 1721 1602 sunt,
1753 1538 1847 1608 qui
1887 1552 2010 1593 eos-

441 1639 564 1695 dem
585 1638 788 1693 habent
817 1637 973 1708 polos
991 1651 1116 1690 eum
1148 1633 1376 1690 mundo.
1399 1634 1541 1688 Sunt
1569 1642 1746 1686 autem
1769 1629 2009 1700 quinque

442 1733 682 1803 paralleli
731 1730 944 1792 circuli,
980 1727 1243 1789 arcticus,
1273 1726 1496 1781 aestivus
1529 1724 1793 1794 tropicus,
1828 1721 2008 1793 aequi-

441 1824 716 1885 noctialis,
741 1822 1004 1876 hibernus
1026 1819 1272 1889 tropicus
1301 1824 1355 1873 et
1384 1816 1740 1872 antarcticus.

511 2001 760 2055 Arcticus
801 1999 1043 2054 circulus
1087 1997 1253 2069 igitur
1297 2004 1401 2062 est,
1449 1995 1541 2066 qui
1585 1995 1727 2049 inter
1768 1993 2004 2049 circulos

441 2107 656 2161 semper
707 2099 1033 2162 apparentes
1077 2100 1160 2146 est
1209 2089 1504 2148 maximus,
1559 2093 1613 2142 et
1667 2086 2006 2140 horizontem

441 2185 657 2254 attingit
695 2184 749 2240 in
792 2199 900 2238 uno
936 2189 1162 2254 puncto,
1190 2188 1447 2250 totusque
1477 2193 1640 2249 supra
1681 2185 1885 2233 terram
1913 2178 2008 2232 de-

441 2277 693 2341 sumitur,
723 2277 779 2330 iu
800 2290 909 2346 quo
936 2281 1084 2329 astra
1109 2275 1283 2346 posita
1317 2288 1494 2342 neque
1523 2271 1800 2334 occidunt,
1830 2283 2008 2339 neque

439 2369 712 2431 oriuntur,
751 2365 845 2422 sed
874 2381 967 2435 per
988 2372 1157 2418 totam
1186 2370 1400 2418 noctem
1420 2361 1564 2416 circa
1589 2360 1774 2430 polum
1802 2357 2007 2412 moveri

440 2468 756 2516 cernuntur.
795 2457 894 2512 Hic
929 2457 1172 2512 circulus
1219 2456 1275 2510 in
1321 2463 1510 2510 nostro
1555 2455 1687 2510 orbe
1722 2451 2007 2509 habitabili

439 2559 508 2608 ab
536 2553 806 2607 anteriore
839 2549 972 2621 pede
1005 2564 1150 2604 ursa:
1179 2547 1407 2618 majoris
1443 2545 1792 2603 describitur.

504 2811 831 2882 9Estivus
873 2808 1120 2880 tropicus
1150 2807 1405 2881 [circulus
1437 2813 1542 2871 est,
1585 2804 1679 2876 qui
1725 2803 1869 2858 inter
1909 2813 2005 2854 eos

433 2901 690 2965 circulos,
722 2900 867 2970 quia
887 2900 1003 2955 sole
1031 2899 1335 2955 secundum
1367 2897 1554 2952 mundi
1587 2890 2005 2950 conversionem

432 2990 839 3053 describuntur,
869 2997 955 3044 est
1000 2991 1238 3044 maxime
1269 2987 1542 3052 borealis;
1573 2999 1740 3054 super
1772 2994 1882 3051 quo
1923 2977 2005 3033 sol

2357 1255 2361 1260 1
2644 1184 3039 1240 ΚΕΦΑΛΑΙΟΝ
3063 1186 3156 1258 {Au

2361 1298 2500 1368 Περὶ
2547 1297 2664 1351 τῶν
2699 1299 2768 1352 ὲν
2798 1298 2874 1367 τῇ
2915 1300 3142 1369 σφαίρᾳ
3185 1299 3443 1380 κύκλων.

2186 1435 2306 1487 Τῶν
2337 1433 2395 1486 δὲ
2423 1435 2482 1486 ὲν
2511 1436 2575 1505 τῇ
2623 1433 2826 1506 σφαίρᾳ
2855 1434 3070 1490 κύκλων
3110 1436 3157 1488 οί
3194 1435 3293 1506 μέν
3339 1436 3444 1488 είσι
3480 1425 3680 1503 παρά.λέ-

2114 1525 2286 1598 ληλοι,
2315 1527 2364 1579 οἱ
2409 1527 2466 1580 δὲ
2511 1525 2674 1592 λοξοὶ,
2705 1527 2755 1578 οἱ
2795 1526 2852 1579 δὲ
2890 1525 2980 1579 διὰ
3003 1526 3111 1580 τῶν
3157 1528 3372 1581 πόλων·
3412 1528 3680 1600 παράλλη-

2113 1620 2194 1672 λοι
2239 1620 2334 1689 μὲν
2374 1619 2423 1671 οἱ
2467 1619 2594 1680 τοὺς
2638 1619 2832 1682 αὐτοὺς
2865 1618 3061 1682 πόλους
3101 1618 3313 1690 ἔχοντες
3358 1619 3436 1690 τῷ
3476 1621 3676 1692 κόσμῳ.

2113 1708 2234 1760 Εἰσὶ
2274 1706 2331 1759 δὲ
2381 1705 2712 1778 παράλληλοι
2755 1705 2945 1760 κύκλοι
2991 1707 3172 1772 πέντε,
3213 1709 3491 1780 ἀρκτικὸς,
3543 1710 3678 1780 θερι-

2039 1808 2082 1864 B
2110 1801 2200 1864 νὸς
2228 1800 2502 1870 τροπικὸς,
2541 1799 2868 1871 ίσημερινὺς,
2894 1801 3200 1873 χειμερινὸς
3238 1803 3520 1873 τροπικὺς,
3554 1805 3678 1857 ἀντ-

2109 1891 2390 1964 αρκτικός.

2195 1983 2478 2056 Ἀρκτικὸς
2525 1984 2622 2055 μὲν
2665 1980 2758 2037 οὖν
2801 1983 2914 2055 (14)
2962 1986 3075 2038 ἐστι
3123 1983 3319 2048 κύκλος
3350 1984 3380 2036 6
3436 1986 3677 2056 μέγιστος

2105 2076 2215 2130 τῶν
2253 2077 2342 2131 ἀεὶ
2387 2077 2774 2148 θεωρουμένων
2817 2077 3050 2143 κύκλων,
3099 2081 3128 2131 6
3169 2078 3548 2148 ἐφαπτόμενος
3592 2080 3677 2132 τοῦ

2105 2170 2376 2240 ὁρίζοντος
2406 2171 2528 2224 καθ’
2560 2169 2618 2224 ἓν
2648 2174 2904 2242 σημεῖον,
2937 2173 3030 2225 καὶ
3069 2172 3188 2236 ὅλος
3233 2172 3373 2243 ὑπὲρ
3415 2171 3519 2241 γῆν
3553 2171 3678 2222 ἀπο-

2105 2261 2515 2332 λαμϐανόμενος
2539 2279 2571 2332 ο(
2605 2263 2662 2315 ὲν
2702 2256 2747 2332 ᾧ
2788 2263 2856 2316 τὰ
2893 2249 3121 2336 κείμενα
3159 2264 3266 2317 τῶν
3298 2264 3516 2334 ἄστρων
3562 2261 3677 2314 οὔτε

2105 2351 2254 2405 δύσιν
2307 2351 2432 2406 οὔτε
2481 2353 2744 2424 ἀνατολὴν
2795 2356 3028 2408 ποιεῖται
3051 2372 3066 2386 ο
3115 2355 3249 2408 ἀλλὰ
3299 2353 3366 2406 δι’
3413 2354 3542 2424 ὅλης
3585 2353 3678 2421 τῆς

2106 2445 2298 2509 νυκτὸς
2339 2447 2468 2516 περὶ
2511 2447 2603 2501 τὸν
2634 2447 2795 2502 πόλον
2840 2448 3180 2520 στρεφόμενα
3226 2448 3532 2520 θεωρεῖται.
3581 2443 3676 2500 Οὗ-

2106 2557 2195 2604 τος
2231 2541 2289 2594 δὲ
2329 2541 2356 2593 6
2403 2540 2601 2604 κύκλος
2653 2541 2766 2612 (15)
2814 2541 2874 2594 ὲν
2920 2543 2986 2612 τῇ
3035 2541 3154 2595 καθ’
3195 2543 3346 2612 ἡμᾶς
3394 2541 3676 2612 οἰκουμένῃ

2108 2630 2211 2683 ὑπὸ
2234 2629 2328 2683 τοῦ
2353 2629 2685 2701 ὲμπροσθίου
2712 2630 2874 2694 ποδὸς
2901 2630 3266 2701 τῆςμεγάλης
3291 2630 3496 2702 ἄρκτου
3531 2649 3680 2698 περιρ

2107 2721 2395 2792 γράφεται.

2175 2813 2393 2883 Θερινὸς
2420 2813 2476 2866 δὲ
2502 2813 2756 2886 τροπικὺς
2780 2811 2978 2875 κύκλος
2999 2812 3188 2865 ἐστὶνὸ
3215 2810 3556 2884 βορειότατος
3574 2810 3678 2864 τῶν

2106 2903 2211 2957 ὑπὸ
2245 2905 2337 2958 τοῦ
2368 2905 2518 2976 ἡλίου
2547 2905 2906 2977 γραφομένων
2927 2905 3140 2958 κύκλων
3172 2905 3313 2959 κατὰ
3337 2905 3438 2976 τὴν
3466 2903 3559 2957 τοῦ
3587 2903 3675 2956 x6-

2106 3014 2243 3066 σμου
2295 2999 2587 3068 γινομένην
2647 2998 3036 3070 περιστροφὴν,
3082 2998 3168 3067 ἐφ’
3213 2989 3274 3050 οὗ
3319 2998 3609 3068 γενόμενος
3639 2997 3668 3049 6

432 3081 766 3138 constitutus
811 3080 973 3136 eilicit
1019 3082 1265 3138 aestivam
1315 3077 1752 3138 conversionem,
1800 3073 1858 3126 in
1895 3083 1998 3141 qua

2119 3087 2253 3158 ἡλιος
2275 3088 2370 3159 τὴν
2405 3089 2620 3160 θερινὴν
2651 3091 2859 3162 τροπὴν
2885 3092 3138 3144 ποιεῖται·
3170 3090 3227 3142 ὲν
3327 3087 3558 3158 μεγίστη
3585 3087 3678 3157 μὲν

434 3173 753 3244 longissima
788 3173 845 3226 ﬁt
871 3173 990 3230 dies
1015 3175 1285 3237 omnium,
1319 3187 1438 3241 qua
1472 3177 1600 3225 sunt
1625 3169 1682 3223 in
1703 3181 1868 3232 anno,
1895 3177 1998 3219 nox

2119 3151 2291 3233 πασῶν
2324 3151 2430 3234 τῶν
2464 3151 2522 3235 έν
2549 3151 2625 3252 τίῖ)
2652 3151 2880 3254 ἐνιαυτῷ
2916 3183 3118 3254 ἡμέρα,
3147 3151 3490 3251 ὲλαέίσίτηνδὲ
3586 3151 3680 3239 νὺξ

431 3281 564 3321 vero
601 3265 945 3322 brevissima.
983 3265 1092 3321 Sed
1125 3273 1250 3336 post
1285 3265 1535 3321 aestivam
1582 3261 1998 3319 conversionem

431 3377 542 3416 non
568 3361 803 3431 amplius
831 3359 899 3414 ad
937 3375 1098 3415 ursas
1140 3360 1225 3415 sol
1266 3355 1872 3429 accedereg'spectatur,
1903 3350 2000 3407 sed

430 3455 496 3508 ad
547 3455 746 3508 alteras
787 3453 976 3507 mundi
1019 3461 1204 3522 partes
1248 3448 1516 3514 vertitur,
1559 3463 1726 3516 quam
1774 3446 1846 3502 ob
1884 3461 2000 3502 rem

431 3548 673 3603 circulus
700 3557 931 3602 vocatur
958 3545 1227 3615 tropicus,
1255 3542 1308 3596 id
1331 3548 1416 3596 est
1445 3539 1829 3613 conversivus.

498 3639 927 3711 ABqainoctialis
957 3646 1041 3693 est
1081 3635 1325 3692 circulus
1361 3631 1639 3686 maximus
1671 3631 1813 3684 inter
1838 3629 2001 3699 quin-

428 3748 534 3802 que
565 3731 878 3804 parallelos,
903 3729 997 3799 qui
1027 3728 1093 3782 ab
1115 3727 1402 3782 horizonte
1434 3721 1719 3792 mqualiter
1749 3731 1997 3788 secatur;

430 3835 488 3878 ut
520 3824 586 3878 de
614 3838 681 3878 eo
700 3821 1080 3878 semicirculus
1117 3833 1284 3888 supra
1319 3824 1526 3872 terram
1557 3819 1832 3877 sumatur,
1862 3812 1999 3866 alter

427 3932 558 3972 vero
608 3915 989 3970 semicirculus
1045 3912 1147 3967 sub
1185 3911 1506 3974 horizonte,
1553 3922 1717 3976 super
1759 3921 1868 3976 quo
1917 3906 2000 3961 sol

426 4009 761 4064 constitutus
794 4006 1144 4078 mquinoctia,
1165 4004 1347 4068 eilicit,
1395 4018 1522 4060 cum
1571 4013 1822 4066 vernum,
1847 4005 1996 4078 ,tum

427 4103 765 4156 autumnale.

489 4192 771 4248 .lla'beruus
833 4191 1075 4261 tropicus
1111 4189 1379 4262 :circulus
1437 4195 1524 4244 est
1592 4183 1839 4257 is,‘qui
1911 4191 1997 4240 est

2101 3271 2328 3339 γίνεται.
2364 3272 2521 3326 Μετὰ
2555 3273 2824 3344 ’μέντοιγε
2869 3275 2966 3345 τὴν
2999 3273 3213 3345 θερινὴν
3253 3272 3465 3344 τροπὴν
3501 3271 3679 3326 οὐκέτι

2101 3365 2236 3434 πρὸς
2291 3363 2390 3427 τὰς
2439 3364 2672 3436 ἄρκτους
2733 3365 3041 3437 παροδεύων
3089 3367 3118 3419 6
3165 3364 3316 3435 ἥλιος
3373 3363 3675 3436 θεωρεῖται,

2101 3455 2214 3508 ἀλλ’
2247 3456 2342 3510 ἐπὶ
2390 3457 2460 3510 τὰ
2486 3458 2645 3529 ἔτερα
2689 3457 2826 3529 μέρη
2861 3458 3120 3530 τρέπεται
3145 3457 3239 3510 τοῦ
3274 3456 3483 3527 κόσμου
3503 3471 3521 3488 ⁸
3556 3457 3622 3510 δι’
3645 3453 3677 3509 ξ.

2101 3549 2193 3601 καὶ
2221 3548 2482 3621 κέκληται
2515 3550 2792 3621 τροπικός.

2183 3641 2514 3714 ’ἰσημερινὸς
2545 3642 2601 3694 δέ
2641 3643 2756 3695 ἐστι
2803 3641 3001 3707 κύκλος
3035 3644 3063 3696 6
3098 3641 3353 3713 μέγιστος
3380 3641 3489 3694 τῶν
3521 3641 3665 3694 πέντι

2101 3734 2459 3805 παραλλήλων
2487 3733 2720 3795 κύκλων,
2752 3733 2780 3785 6
2812 3730 3264 3804 διχοτομούμενος
3292 3733 3400 3786 ὑπὸ
3429 3731 3524 3785 τοῦ
3559 3734 3671 3800 ὁρι-

2101 3825 2316 3890 ζοντοςο
2347 3825 2487 3878 ὥστε
2514 3827 2836 3896 ἡμικύκλιον
2877 3826 2976 3896 μὲν
3026 3826 3166 3896 ὑπὲρ
3200 3825 3303 3895 γῆν
3343 3823 3664 3894 ἀπολαμϐά-

2099 3917 2304 3982 νεσθαι,
2333 3917 2654 3988 ἡμικύκλιον
2679 3918 2735 3971 δὲ
2766 3917 2869 3970 ὑπὸ
2900 3917 2990 3970 τὸν
3013 3917 3279 3989 ὁρίζονταο
3316 3917 3401 3985 ἐφ’
3424 3909 3485 3968 οὗ
3519 3915 3666 3983 γενό-

2102 4022 2262 4076 μενος
2289 4006 2317 4058 6
2343 4006 2491 4077 ἥλιος
2519 4006 2614 4070 τὰς
2637 4006 2925 4076 ἰσημερίας
2947 4008 3197 4069 ποιεῖται,
3225 4005 3324 4075 τήν
3364 4023 3424 4058 τε
3454 4005 3669 4074 ἐαρινὴν

2099 4098 2193 4150 καὶ
2220 4098 2320 4168 τὴν
2359 4098 2776 4169 φθινοπωρινὴν.

2167 4189 2488 4259 Χειμερινὸς
2517 4189 2575 4242 δὲ
2605 4188 2861 4260 τροπικὺς
2893 4187 3092 4250 κύκλος
3113 4187 3260 4240 ἐστὶν
3289 4188 3318 4239 6
3351 4185 3665 4247 νοτιώτατος

423 4285 662 4339 maxime
711 4283 970 4339 australis
1015 4297 1206 4338 eorum
1254 4282 1610 4345 circulorum,
1657 4279 1751 4350 qui
1803 4294 1834 4334 a
1877 4279 1991 4335 sole

2119 4279 2203 4333 τῶν
2233 4280 2336 4334 ὑπὸ
2357 4280 2448 4333 τοῦ
2469 4280 2618 4351 ἡλίου
2646 4280 3006 4350 γραφομένων
3032 4277 3244 4333 κύκλων
3267 4278 3411 4332 κατὰ
3436 4277 3534 4349 τὴν
3569 4276 3670 4330 ὑπὸ

425 4376 728 4431 secundum
775 4375 1148 4446 quotidianam
1189 4374 1380 4430 mundi
1428 4373 1842 4429 conversionem
1899 4371 1995 4425 de-

2119 4373 2188 4427 τοῦ
2225 4373 2426 4442 κόσμου
2469 4371 2765 4441 γενομένην
2794 4371 3162 4442 περιστροφὴν
3181 4386 3195 4401 ·
3237 4369 3320 4437 ἐφ’
3350 4363 3412 4422 οὗ
3442 4370 3668 4440 γενόμεε

425 4469 740 4524 scribuntur
769 4488 782 4524 :
820 4468 886 4523 ad
917 4483 1075 4538 quem
1119 4482 1243 4522 cum
1282 4467 1365 4521 sol
1395 4466 1664 4536 pervenit,
1697 4465 1985 4518 hibernam

2119 4481 2182 4527 νος
2210 4464 2237 4515 6
2262 4463 2410 4534 ἥλιος
2451 4462 2546 4534 τὴν
2597 4462 2910 4533 χειμερινὴν
2941 4461 3145 4532 τροπὴν
3172 4463 3432 4527 ποιεῖται,
3465 4463 3524 4514 ὲν
3633 4461 3665 4530 ἡ

423 4558 582 4615 eﬂicit
610 4559 1045 4624 conversionem,
1073 4559 1127 4613 in
1153 4574 1260 4628 qua
1293 4557 1613 4626 longissima
1649 4555 1707 4608 ﬁt
1727 4569 1836 4609 nox
1865 4568 1986 4606 om-

2119 4556 2326 4627 ιεγίστη
2359 4555 2457 4626 μὲν
2487 4554 2672 4606 πασῶν
2702 4553 2808 4606 τῶν
2839 4555 2896 4606 ὲν
2925 4553 3003 4624 τῷ
3030 4551 3261 4621 ἐνιαυτῷ
3283 4551 3382 4615 νὺξ
3405 4551 3664 4605 ἐπιτελεῖ-

423 4649 571 4704 nium
602 4665 722 4720 quae
754 4657 883 4706 sunt
914 4649 968 4704 in
999 4663 1176 4714 anno;
1207 4647 1327 4702 dies
1347 4660 1477 4700 vero
1499 4643 1842 4700 brevissima.
1877 4641 1987 4697 Ve-

2119 4665 2200 4713 at,
2237 4647 2492 4717 ἐλαχίστη
2540 4645 2596 4698 δὲ
2644 4646 2844 4717 ἡμέρα.
2875 4645 3030 4698 Μετὰ
3075 4645 3320 4714 μέντοιγε
3350 4645 3449 4717 τὴν
3481 4662 3662 4715 χειμε-

421 4749 728 4797 rumtamen
769 4747 892 4812 post
939 4740 1223 4795 hibernam
1267 4737 1684 4793 conversionem
1721 4749 1826 4790 non
1871 4748 1985 4787 am-

2119 4738 2246 4809 ιινὴν
2288 4737 2496 4809 τροπὴν
2527 4737 2710 4790 οὐκέτι
2740 4736 2875 4806 πρὸς
2921 4736 3265 4808 μεσημϐρίαν
3297 4737 3606 4807 παροδεύων
3635 4738 3662 4787 6

2090 4915 2204 4969 illic
2232 4914 2302 4968 ab
2325 4913 2614 4969 horizonte
2645 4913 2717 4966 ita
2749 4912 2939 4977 dividi,
2968 4919 3028 4965 ut
3067 4911 3164 4964 illo
3205 4911 3260 4964 in
3304 4919 3433 4966 octo
3477 4923 3656 4980 partes

2087 4985 2284 5050 diviso,
2317 4985 2559 5054 quinque
2586 4998 2771 5052 supra,
2808 4982 3098 5054 tres‘rinfra
3126 4981 3537 5035 contineantur.
3583 4981 3655 5054 Ex

2087 5071 2194 5126 quo
2220 5050 2560 5126 consequens
2589 5050 2877 5126 maximam
2903 5050 3046 5126 diem
3087 5051 3345 5126 horarum
3395 5053 3656 5126 esse_cir-

2086 5121 2221 5180 citer
2244 5142 2330 5187 xv,
2354 5121 2622 5180 et'elevari
2647 5123 2826 5190 polum
2851 5122 3108 5192 gradibus
3126 5136 3236 5192 xm.
3258 5121 3456 5192 Aratus
3479 5121 3543 5173 ad
3565 5136 3658 5190 po-

2087 5196 2366 5251 steriorem
2423 5195 2545 5250 θα)Ιὶ
2593 5190 2872 5262 positum,
2899 5192 2995 5260 qui
3045 5202 3129 5246 est
3178 5190 3546 5254 Macedoniae,
3578 5205 3657 5262 ret

2084 5265 2451 5334 Hellesponti,
2501 5261 2851 5333 plimnorriena
2907 5276 3005 5316 sua
3070 5262 3451 5334 comparavit,
3503 5261 3656 5330 cujus

2083 5331 2407 5389 auctoritate
2435 5331 2582 5389 du‘cti
2618 5348 2753 5402 pene
2782 5347 2992 5402 omnes,
3013 5331 3104 5402 qui
3135 5331 3201 5384 de
3224 5331 3440 5402 sphmra
3473 5343 3654 5398 postea

2084 5407 2440 5475 scripserunt,
2469 5401 2712 5458 eamdem
2727 5401 2847 5475 poli
2869 5401 3223 5475 elevationem
3251 5401 3616 5455 adhibuerunt
3639 5421 3652 5455 :

584 5470 1106 5554 iarcticumibimbi
1134 5471 1981 5554 habitabat,‘delilneatunl‘iuisse
2081 5470 2385 5554 cujujsmodi
2439 5478 2662 5554 sphaerae
2709 5470 2922 5554 Aratea:
2967 5470 3074 5550 dici
3113 5479 3472 5554 meruerunt;
3531 5487 3651 5554 cum

421 5542 686 5624 anteriori
711 5542 862 5624 ‘pede
904 5542 1331 5624 majoris-Ursae.
1365 5546 1536 5624 Igitur
1561 5543 1627 5596 37
1655 5544 1738 5597 vel
1763 5542 1831 5596 58
1872 5544 1980 5595 cir-
2080 5538 2350 5624 Eudoxeae
2381 5538 2488 5624 non
2519 5545 2702 5624 minus
2729 5541 2988 5624 appellari
3019 5539 3315 5624 potuerint.
3343 5538 3401 5624 Si
3434 5541 3650 5624 quidem

421 5614 575 5691 cites
595 5609 852 5691 gradibus
887 5609 1051 5691 polus
1083 5615 1155 5667 ibi
1198 5630 1362 5682 supra
1395 5609 1750 5691 :horizontern
1799 5628 1977 5691 etiier-
2078 5615 2460 5691 Eudoxum_in
2505 5609 3340 5691 ouitiihus'_Aratusexpressit:
3367 5609 3653 5691 Legendus

421 5679 620 5761 gebat;
648 5680 738 5761 qui
769 5691 850 5761 est
882 5679 1370 5761 Graecia2_tractu_s.
1400 5682 1600 5761 Verum
1641 5681 1782 5736 infra
1821 5684 1978 5761 longe
2078 5692 2334 5761 praeterea
2371 5683 2628 5761 Leontius
2675 5681 3040 5747 Mechanicus,
3066 5690 3120 5736 et
3163 5679 3409 5735 Achilles
3458 5679 3651 5735 Tatius

422 5751 589 5809 alium
634 5752 794 5809 situm
838 5753 1042 5808 indicat
1075 5822 1084 5828 _
1112 5751 1242 5808 Nam
1283 5754 1358 5808 ait
1404 5753 1670 5817 circulum
1707 5751 1974 5822 tropicuiu
2079 5751 2346 5825 Isagoges,
2385 5773 2434 5810 c.
2470 5755 2558 5809 25.

489 4917 604 4986 (M)
651 4915 974 4986 'Apxtmdg
985 4915 1102 4983 μὲν
1137 4909 1270 4968 οὖν.
1297 4911 1549 4967 Circulus
1580 4911 1852 4986 ιιιζριίοιιελ
1873 4925 1982 4980 quo

420 4980 632 5045 veteres
669 4980 754 5041 usi
787 4995 934 5047 sunt,
962 4980 1122 5054 longe
1152 4986 1221 5038 ab
1251 4990 1438 5054 nostro
1467 4991 1519 5035 et
1564 4981 1768 5054 usitato
1804 4980 1984 5035 diver-

422 5074 516 5114 sus
540 5064 643 5113 est.
680 5055 813 5109 Nam
839 5054 918 5107 illi
950 5051 1422 5122 τῶν’ἀειφανερῶν
1453 5051 1748 5122 maximum
1789 5057 1986 5104 vocant

421 5128 720 5192 arcticum,
775 5123 934 5192 cujus
978 5119 1377 5177 semidiameter
1425 5129 1508 5176 est
1555 5119 1786 5175 altitudo
1836 5122 1981 5192 poli,

419 5204 694 5257 centrum,
721 5191 879 5264 polus
906 5193 1117 5264 mundi.
1153 5193 1335 5264 Itaque
1365 5191 1776 5264 pro__re_gio_num
1803 5191 1983 5260 positu

419 5268 606 5320 varius
653 5260 772 5326 est,
822 5277 886 5315 ac
928 5261 1102 5330 major
1150 5260 1416 5318 minorve.
1462 5260 1600 5316 Vide
1631 5260 1982 5316 Ptolemnum

422 5336 512 5391 lib.
547 5351 609 5400 ιι,
641 5333 784 5400 (2.),
809 5332 1154 5386 Cleomedem
1189 5332 1280 5387 lib.
1317 5349 1354 5395 ι,
1390 5349 1438 5387 c.
1466 5331 1523 5386 2.

491 5397 604 5475 (lsi
647 5397 834 5475 Οὗτος
864 5401 991 5475 δρᾷ-ό
1021 5403 1262 5475 κύκλος.
1312 5400 1836 5475 Scribit_Geminus_
1872 5402 1983 5475 cir-

420 5471 602 5531 culum
629 5474 891 5526 arcticum
909 5471 1106 5533 ibi,ubi
1134 5473 1433 5537 habitabat,
1460 5473 1789 5527 delineatum
1814 5471 1981 5528 fuisse
