3786 6314
125 313 211 368 773

1143 307 1378 364 GEMINI
1417 308 1787 369 ELEMENTA
1824 309 2320 367 ASTRONOMl/E.

3222 315 3324 370 7⁸74

123 427 245 498 ἣλιος
281 423 576 494 θεωρεῖται,
607 421 722 476 ἀλλ’
765 423 856 476 ἐπὶ
900 423 968 476 τὰ
1005 424 1168 495 ἔτερα
1224 426 1362 497 μέρη
1406 425 1635 495 τρέπετα

1767 427 1909 496 plius
1949 428 2193 482 cernitur
2241 427 2320 482 sol
2363 443 2554 483 versus
2585 427 2863 482 meridiem
2909 426 3184 492 accedere,
3228 432 3323 484 sed

124 516 197 569 τοῦ
219 515 406 583 κόσμου
426 529 440 541 ·
476 511 542 563 δι’
576 511 605 564 ὃ
638 511 897 581 κέκληται
939 512 1030 566 καὶ
1062 505 1214 575 οὗτος
1241 513 1516 583 τροπικός.

185 686 551 757 Ἀνταρκτικὸς
578 685 634 738 δέ
675 687 790 739 ἐστι
819 686 1018 750 κύκλος
1045 689 1158 750 ῖσος
1189 688 1284 740 καὶ
1313 688 1656 759 παράλληλος

119 780 181 850 ’τῷ
208 778 456 849 ἀρκτικῷ,
490 779 584 832 καὶ
615 779 988 850 ἐφαπτόμενος
1023 779 1114 832 τοῦ
1143 781 1415 852 ὁρίζοντος
1446 780 1565 833 καθ’
1596 780 1654 833 ἓν

119 877 329 942 σημεῖον,
360 873 455 925 καὶ
500 872 618 935 ὅλος
655 872 758 924 ὑπὸ
789 873 892 942 γῆν
921 873 1437 942 ἀπολαμϐανόμενος
1457 889 1470 902 °
1512 874 1569 925 έν
1609 867 1654 940 ᾧ

116 968 169 1018 τὰ
209 967 420 1036 κείμενα
485 965 594 1018 τῶν
640 966 852 1036 ἄστρων
918 965 1004 1020 διὰ
1071 966 1268 1029 παντὸς
1325 968 1458 1036 ἡμῖν
1505 966 1652 1019 ἐστιν

114 1055 308 1126 ἀόρατα.
383 1051 390 1054 ’
409 1041 474 1055 '-

178 1147 206 1196 Γ
209 1146 274 1197 ῶν
297 1145 350 1197 δὲ
383 1146 798 1216 προειρημένων
825 1145 934 1216 (16)
965 1146 1122 1200 πέντε
1151 1145 1363 1199 κύκλων
1397 1147 1649 1217 μέγιστος

116 1235 194 1304 μὲν
218 1237 244 1288 ό
268 1235 592 1305 ίσημερινόςσ
615 1235 741 1304 έξῆς
769 1234 823 1286 δὲ
850 1237 961 1296 τοῖς
988 1233 1275 1302 μεγέθεσιν
1299 1235 1348 1284 οἱ
1376 1233 1646 1304 τροπικοί·

110 1325 343 1392 ἐλάχιστοι
380 1322 436 1376 δὲ
469 1323 545 1387 ὡς
584 1323 720 1394 πρὸς
759 1323 1031 1393 ἡμετέραν
1061 1324 1270 1394 οἴκησιν
1297 1324 1345 1374 οἱ
1376 1323 1646 1393 ἀρκτικοί.

164 1415 374 1481 Τούτους
418 1418 475 1470 δὲ
511 1417 638 1478 τοὺς
681 1416 910 1480 κύκλους
946 1415 1027 1467 δεῖ
1053 1417 1193 1469 νοεῖν
1223 1415 1478 1478 ἀπλατεῖς
1507 1415 1650 1485 λόγῳ

110 1509 399 1579 θεωρητοὺς,
436 1511 501 1561 ἐκ
533 1511 632 1578 τῆς
654 1509 758 1560 τῶν
790 1509 1002 1578 ἄστρων
1033 1506 1252 1572 θέσεως,
1283 1509 1376 1560 καὶ
1404 1507 1505 1577 τῆς
1540 1507 1647 1576 τῶν

106 1602 338 1674 διόπτρων
367 1601 622 1672 θεωρίας,
665 1601 757 1652 καὶ⁴
786 1601 882 1672 τῆς
914 1600 1188 1671 ἡμετέρας
1213 1601 1451 1662 ἐπινοίας
1471 1600 1648 1652 διατυ-

107 1693 391 1762 πουμένους.
410 1694 590 1756 Μόνος
619 1692 727 1765 γάρ
756 1694 811 1745 ἐν
839 1692 917 1762 τῷ
943 1695 1131 1764 κόσμῳ
1161 1693 1355 1756 κύκλος
1377 1693 1491 1746 ἐστὶ
1515 1692 1647 1745 θεω-

107 1781 240 1852 ρητὸς
268 1784 294 1834 ὁ
328 1781 419 1834 τοῦ
448 1781 750 1850 γάλακτος·
782 1781 831 1833 οί
858 1780 913 1833 δὲ
947 1779 1122 1833 λοιποὶ
1144 1780 1286 1850 λόγῳ
1310 1779 1415 1832 εἰσὶ
1439 1777 1645 1848 θεωρη-
1677 1768 1718 1822 Β

159 1969 307 2021 Πέντε
365 1969 420 2022 δὲ
471 1968 810 2040 παράλληλοι
859 1967 1017 2036 μόνον
1067 1965 1506 2037 καταγράφονται
1549 1962 1644 2016 κύ-

104 2058 196 2110 κλοι
225 2061 296 2120 εἰς
322 2059 417 2130 τὴν
451 2061 712 2130 σφαῖραν,
741 2058 799 2109 ού
830 2057 917 2109 διὰ
943 2057 1004 2109 τὸ
1034 2056 1190 2126 μόνον
1232 2055 1449 2116 τούτους
1482 2055 1538 2104 ἐν
1565 2052 1642 2122 τῷ

103 2150 260 2220 κόσμῳ
285 2152 668 2223 ’παραλλήλους
691 2147 847 2203 εἶναι.
885 2150 942 2201 Ὀ
962 2149 1070 2218 γὰρ
1089 2149 1237 2218 ἥλιος
1260 2146 1381 2200 καθ’
1407 2146 1642 2215 ἑκάστην

101 2243 278 2314 ἡμέραν
314 2244 387 2306 ὼς
426 2244 568 2315 πρὸς
615 2244 864 2313 αἴσθησιν
890 2241 1087 2294 κύκλον
1116 2239 1455 2311 παράλληλον
1485 2255 1641 2308 περι-

102 2334 350 2404 στρέφεται
395 2335 476 2405 τῷ
529 2334 828 2405 ἰσημερινῷ
880 2332 1019 2386 κατὰ
1063 2333 1160 2402 τὴν
1191 2332 1283 2384 ἐπὶ
1311 2331 1402 2384 τού
1435 2331 1639 2400 κόσμου

100 2427 355 2497 γενομένην
383 2427 760 2498 περιστροφὴν
781 2442 792 2453 ·
829 2423 967 2476 ῶστε
1003 2423 1202 2493 μεταξῦ
1232 2421 1339 2474 τῶν
1369 2421 1640 2492 τροπικῶν

101 2517 278 2570 κύκλων
308 2517 390 2589 ρπ’
421 2519 503 2581 δὶς
534 2516 770 2578 κύκλους
813 2515 1190 2588 παραλλήλους
1213 2512 1518 2584 γράφεσθαι
1538 2514 1640 2566 ὑπὸ

95 2608 171 2660 τοῦ
203 2609 340 2679 ἡλίου
361 2627 374 2641 °
405 2609 671 2662 τοσαῦται
699 2608 806 2680 γὰρ
831 2607 1034 2679 ἡμέραι
1064 2606 1199 2659 είσὶν
1223 2607 1276 2659 αἱ
1307 2605 1504 2676 μεταξὺ
1533 2605 1639 2658 τῶν

97 2700 295 2768 τῳπῶν.

149 2793 382 2862 Φέρονται
432 2793 492 2846 δὲ
538 2792 636 2845 καὶ
687 2791 884 2854 πάντες
907 2791 956 2843 oi
982 2789 1213 2860 ἀστέρες
1243 2790 1335 2841 ἐπὶ
1363 2786 1639 2859 παραλλή-

96 2879 180 2932 λων
209 2883 408 2936 κύκλων
448 2882 574 2936 καθ’
609 2882 840 2951 ἑκάστην
864 2881 1098 2952 ἡμέραν.
1145 2878 1636 2948 Συγκαταγράφον-

95 2991 163 3027 ται
183 2975 229 3027 δὲ
258 2971 393 3030 οὗτοι
426 2978 635 3031 πάντες
660 2976 740 3036 εἰς
763 2975 859 3045 τὴν
883 2976 1137 3044 σφαῖραν,
1171 2972 1259 3054 διὰ
1291 2973 1350 3024 τὸ
1379 2971 1514 3041 πρὸς
1540 2969 1638 3039 μὲν

94 3060 226 3124 ἄλλας
253 3062 634 3134 πραγματείας
657 3062 764 3114 τῶν
791 3064 846 3114 ὲν
871 3065 936 3132 τῇ
958 3060 1282 3132 ἀστρολογίᾳ
1305 3059 1474 3113 πολλά
1499 3078 1560 3112 συ
1570 3079 1635 3130 μ-

93 3149 340 3205 εάλλεσθαι
358 3171 372 3184 ο
403 3153 531 3206 οὐδὲ
562 3152 669 3222 γάρ
692 3151 1182 3222 καταστερισθῆναι
1209 3150 1431 3205 δυνατὸν
1453 3151 1634 3215 καλῶς

92 3238 170 3307 τὴν
191 3245 406 3313 σφαῖραν
431 3244 568 3297 ἄνευ
603 3243 818 3295 πάντων
856 3244 962 3294 τῶν
1007 3241 1363 3313 παραλλήλων
1398 3241 1632 3306 κύκλων,

77 3328 187 3392 ,οὐδὲ
211 3333 271 3386 τὰ
299 3333 506 3404 μεγέθη
537 3333 648 3386 τῶν
670 3334 878 3387 νυκτῶν
903 3335 997 3388 καλ⁸
1015 3336 1123 3388 τῶν
1143 3335 1364 3406 ἡμερῶν
1393 3335 1634 3407 ἀκριϐῶς

92 3419 338 3492 εὑρεθῆναι
400 3425 532 3478 ἄνευ
591 3423 700 3476 τῶν
753 3425 1164 3495 προειρημένων
1210 3423 1454 3478 κύκλων·
1500 3423 1634 3494 πρὸς

93 3510 301 3583 μέντοιγε
343 3517 443 3587 τὴν
490 3515 722 3586 πρώτην
768 3517 1075 3588 εἰσαγωγὴν
1125 3518 1223 3588 τῆς
1277 3517 1634 3588 ἀστρολογίας

91 3603 208 3658 σῦδὲν
235 3609 585 3678 ἀποτέλεσμα
619 3609 1071 3679 προσφερόμενοι,
1101 3609 1162 3661 οὐ
1191 3610 1632 3680 καταγράφονται

91 3693 134 3745 ἐν
155 3699 207 3766 τῇ
237 3701 454 3773 σφαίρᾳ.
487 3701 555 3754 Οἱ
581 3699 639 3752 δὲ
671 3699 832 3752 πέντε
863 3701 1195 3771 παράλληλοι
1223 3701 1433 3766 κύκλοι,
1459 3701 1546 3754 διὰ
1573 3702 1634 3754 τὸ

88 3786 466 3862 ἀποτελέσματά
487 3809 616 3854 τινα
645 3791 1050 3862 προσφέρεσθαι
1070 3793 1398 3865 διωρισμένα
1428 3795 1507 3857 εἰς
1533 3795 1632 3864 τὴν

90 3879 274 3953 πρώτην
287 3884 601 3954 εἰσαγωγὴν
615 3884 712 3953 τῆς
728 3885 1102 3955 ἀστρολογίας,
1117 3885 1538 3956 κατεγράφησαν
1553 3887 1632 3948 εἰς

88 3970 164 4040 τὴν
189 3979 430 4046 σφαῖραν.
449 3978 512 4028 Ὀ
545 3977 641 4045 μὲν
667 3974 776 4046 γὰρ
793 3976 1048 4045 ἀρκτικὸς
1076 3975 1272 4040 κύκλος
1291 3975 1538 4047 ἀφορίζει
1563 3977 1633 4029 τά

88 4061 155 4114 ἀεὶ
183 4064 524 4138 θεωρούμενα
570 4066 681 4118 τῶν
717 4066 931 4136 ἄστρων
951 4083 964 4096 ·
997 4069 1025 4119 ό
1051 4067 1106 4119 δὲ
1135 4065 1342 4138 θερινὸς
1373 4067 1630 4136 τροπικὸς

88 4152 247 4216 κύκλος
277 4157 371 4226 τὴν
399 4155 616 4226 τροπὴν
644 4171 709 4206 πε
721 4153 905 4224 ριέχει,
931 4155 1022 4207 καὶ
1070 4154 1240 4226 πέρας
1273 4155 1388 4208 ἐστὶ
1417 4157 1512 4226 τῆς
1537 4155 1630 4208 τού

87 4241 207 4310 ἡλίου
239 4246 366 4316 πρὸς
405 4248 614 4318 ἄρκτον
645 4245 993 4315 μεταὸἀσεως
1013 4262 1024 4274 ·
1057 4245 1084 4297 ὁ
1109 4245 1163 4298 δὲ
1196 4245 1505 4317 ίσημερινὸς
1533 4244 1630 4298 κύ-

86 4330 185 4396 κλος
209 4335 299 4397 τὰς
331 4335 631 4406 ἰσημερίας
658 4333 900 4404 περιέχει
921 4350 932 4363 ’
967 4337 994 4386 ό
1021 4333 1076 4386 δὲ
1113 4335 1418 4407 χειμερινὸς
1450 4352 1630 4406 τροπι-

1764 532 1960 572 rursus
2013 516 2078 569 ad
2134 518 2412 585 oppositas
2479 517 2666 570 mundi
2719 524 2898 586 partes
2948 519 3322 582 convertitur,

1757 607 1986 676 ideoque
2015 608 2197 662 dictus
2223 615 2305 662 est
2344 609 2431 662 nic
2457 608 2698 662 circulus
2730 608 2992 677 tr0picus.

1823 698 2176 753 Anlarcticus
2220 699 2460 753 circulus
2513 709 2595 754 est
2645 701 2887 769 aaqualisc
2919 707 2972 754 et
3025 699 3322 770 parallelus

1753 789 1960 844 circulo
1994 790 2218 853 arctico,
2258 798 2312 844 et
2341 790 2612 860 attingens
2651 791 2988 846 horizontem
3015 792 3317 862 in.puncto,

1753 887 2010 950 totusque
2050 880 2193 934 infra
2242 888 2444 934 terram
2498 883 2852 952 desumptus;
2899 884 2956 938 in
3003 899 3113 954 quo
3141 886 3320 954 posita

1753 978 1899 1026 astra
1930 987 2148 1040 semper
2176 972 2338 1026 nobis
2373 980 2501 1026 sunt
2528 973 2844 1028 invisibilia.

1821 1125 1968 1178 inter
2012 1124 2252 1180 circulos
2303 1126 2590 1196 praedictos
2626 1127 2898 1184 maximus
2945 1135 3029 1183 est
3073 1129 3318 1198 atquino—

1749 1217 1964 1281 ctialis;
2006 1217 2239 1286 proximi
2265 1218 2446 1286 quoad
2485 1219 2883 1288 magnitudines
2929 1227 3056 1274 sunt
3083 1219 3316 1288 tropici‘

1750 1309 1960 1362 minimi
1985 1324 2136 1373 vero,
2166 1308 2346 1378 quoad
2379 1319 2622 1364 nostram
2651 1310 3066 1374 habitationem,
3100 1311 3289 1364 arctici

1818 1399 1930 1455 llos
1960 1409 2140 1455 autem
2175 1402 2432 1463 circulos,
2462 1418 2586 1456 cum
2627 1404 2736 1457 sint
2771 1403 3077 1458 latitudinis
3124 1419 3289 1473 caper

1748 1496 1852 1552 tes,
1876 1500 1929 1545 et
1958 1493 2169 1547 ratione
2196 1495 2547 1562 spectabiles,
2594 1505 2772 1550 mente
2802 1504 3014 1565 oportet
3043 1496 3309 1566 cogitare,

1747 1582 1840 1651 qui
1867 1598 1931 1636 ex
1963 1590 2236 1638 astrorum
2264 1586 2444 1654 positu
2468 1593 2522 1639 et
2556 1587 2892 1656 dioptrorum
2919 1588 3288 1656 speculatione

1747 1687 1800 1733 et
1827 1689 2017 1736 nostra
2050 1681 2381 1751 cogitatione
2425 1680 2830 1734 describuntur.
2872 1677 3034 1733 Solus
3077 1680 3220 1733 enim
3256 1680 3308 1734 in

1747 1773 1948 1827 mundo
1973 1773 2206 1828 visibilis
2239 1780 2324 1828 est
2353 1773 2594 1827 circulus
2622 1772 2709 1826 via
2743 1773 2952 1839 lactea;
2995 1772 3188 1842 reliqui
3221 1787 3310 1825 ra~

1746 1864 1892 1918 tione
1915 1872 2041 1918 sunt
2068 1865 2415 1933 spectabiles.

1813 1954 2019 2008 Circuli
2061 1971 2188 2009 vero
2213 1955 2458 2025 paralleli
2493 1963 2703 2008 tantum
2737 1955 2976 2024 quintis...
3011 1955 3066 2008 in
3100 1954 3312 2024 sphmra

1743 2045 2170 2112 describuntur,
2223 2049 2367 2117 quod
2421 2065 2529 2103 non
2582 2059 2867 2118 propterea
2922 2046 2977 2101 lit
3039 2050 3195 2117 quasi
3256 2051 3348 2110 in.

1743 2139 1946 2192 mundo
1977 2147 2187 2193 tantum
2229 2141 2283 2193 hi
2313 2149 2498 2195 essent
2543 2142 2810 2211 paralleli.
2851 2141 2986 2195 Nam
3019 2143 3098 2196 sol
3136 2144 3314 2211 ψιοιὶ⁸

1742 2230 1850 2293 die,
1876 2233 2064 2301 quoad
2110 2249 2356 2295 sensum,
2389 2233 2654 2289 describit
2691 2237 2958 2290 circulum
2988 2238 3310 2306 parall‘elnm

1741 2324 2108 2392 aequinoctiali
2161 2326 2460 2379 secundum
2511 2325 2699 2380 mundi
2737 2327 3168 2382 revolutionem:
3203 2329 3310 2382 ita-

1741 2430 1846 2483 que
1875 2415 2017 2467 inter
2047 2416 2288 2484 tropicos
2327 2417 2564 2471 circulos
2590 2419 2832 2487 paralleli
2863 2421 3055 2474 circuli
3098 2420 3181 2474 bis
3210 2420 3310 2474 l80

1742 2521 1771 2559 a
1802 2507 1916 2561 sole
1946 2507 2364 2577 describuntur;
2395 2517 2475 2562 tot
2513 2511 2660 2564 enim
2687 2510 2808 2566 dies
2842 2518 2969 2566 sunt
3010 2513 3151 2566 inter
3171 2527 3307 2565 con-

1739 2613 2042 2654 νει-ειοιιεε.

1807 2775 2082 2832 Feruntur
2107 2777 2270 2833 etiam
2310 2794 2500 2835 omnes
2527 2781 2696 2835 stella:
2731 2780 2785 2834 in
2817 2780 3042 2835 circulis
3074 2779 3308 2849 paralle-

1737 2867 1806 2922 lis
1839 2869 2100 2938 quotidie.
2133 2869 2516 2925 Verumtamen
2555 2888 2662 2925 non
2695 2889 2884 2927 omnes
2915 2873 3104 2926 circuli
3129 2874 3307 2942 paral-

1737 2960 1825 3014 leli
1849 2960 1904 3014 in
1944 2960 2154 3030 sphaera
2185 2961 2592 3028 describuntur,
2619 2963 2782 3033 idque
2815 2974 3120 3033 propterea,
3159 2963 3305 3033 quod

1736 3050 1803 3104 ad
1851 3051 1988 3105 alios
2039 3053 2256 3122 quidem
2305 3062 2571 3109 tractatus
2629 3055 3028 3110 astronomicos
3074 3055 3306 3108 multum

1739 3141 2067 3207 conducant,
2092 3159 2199 3198 non
2233 3145 2378 3199 enim
2403 3146 2664 3216 possibile
2683 3156 2845 3211 esset,
2874 3146 3058 3202 stellas
3081 3155 3226 3202 recte
3249 3147 3306 3201 in

1736 3233 1952 3302 globum
1988 3235 2326 3291 materialem
2373 3238 2578 3292 referre
2625 3238 2746 3292 sine
2777 3238 3033 3293 omnibus
3080 3239 3304 3292 circulis

1735 3326 2009 3394 parallelis
2037 3345 2049 3379 :
2081 3343 2256 3396 neque
2294 3329 2695 3399 magnitudines
2732 3330 2941 3384 dierum
2969 3340 3022 3384 et
3056 3331 3304 3384 noctium

1736 3424 1992 3470 accurate
2025 3417 2260 3471 inveniri
2290 3419 2409 3474 sine
2437 3419 2710 3489 praedictis
2739 3420 2962 3474 circulis
2986 3422 3301 3490 parallelis;

1736 3509 1852 3573 sed,
1885 3525 2008 3562 cum
2027 3510 2093 3563 ad
2117 3510 2347 3580 primam
2369 3511 2718 3566 astronomia!
2751 3513 3149 3568 institutionem
3180 3514 3303 3567 nul-

1735 3600 1845 3653 lum
1887 3602 2311 3658 emolumentum
2361 3603 2610 3669 alierant,
2665 3620 2774 3659 non
2819 3605 3301 3660 describunturin

1735 3695 1946 3765 sphaera
1970 3713 1984 3748 :
2007 3703 2062 3750 at
2091 3697 2331 3766 quinque
2361 3698 2604 3768 paralleli
2644 3698 2856 3762 circuli,
2883 3712 2950 3752 eo
2979 3699 3124 3769 quod
3148 3705 3301 3755 certa

1733 3787 1980 3858 quaedam
2016 3789 2382 3844 emolumenta
2413 3790 2478 3843 ad
2511 3790 2743 3860 primam
2769 3790 3118 3845 astronomia:
3147 3791 3276 3846 insti

1733 3878 1998 3933 tutionem
2029 3879 2277 3943 aﬂbrant,
2311 3879 2364 3933 in
2401 3879 2610 3948 sphaera
2641 3887 2768 3935 sunt
2796 3879 3077 3950 descripti.
3119 3880 3300 3934 Arcti-

1733 3984 1832 4024 cus
1875 3969 2019 4023 enim
2051 3970 2291 4025 circulus
2323 3977 2471 4024 astra
2519 3985 2734 4040 semper
2769 3972 3085 4040 apparentia
3113 3971 3298 4026 deter-

1733 4060 1941 4124 minat;
1977 4061 2198 4115 aestivos
2230 4063 2476 4132 tropicus
2508 4063 2752 4118 circulus
2781 4063 3026 4117 aestivam
3069 4078 3298 4118 conver-

1733 4153 1940 4207 sionem
1972 4155 2232 4217 continet,
2259 4162 2312 4209 et
2343 4156 2498 4210 limes
2524 4165 2607 4210 est
2649 4155 2914 4210 transitus
2940 4156 3071 4210 solis
3103 4171 3297 4211 versus

1733 4241 2190 4313 septentrionem;
2215 4246 2612 4314 aequinoctialis
2640 4246 2877 4301 circulus
2900 4253 3100 4316 puncta
3127 4249 3297 4316 sequia

1730 4334 1986 4388 noctialia
2014 4334 2290 4400 continet;
2334 4335 2595 4390 hibernus
2627 4337 2872 4406 tropicus
2904 4336 3145 4392 circulus
3188 4346 3294 4390 ter—

87 4421 159 4486 κὸς
183 4427 366 4492 κύκλος
390 4430 580 4500 τέρμα
607 4427 723 4479 ἐστὶ
751 4429 849 4497 τῆς
873 4427 1006 4498 πρὸς
1029 4445 1165 4498 μεση
1175 4427 1246 4498 μϐ
1255 4427 1372 4498 ρίαν
1401 4427 1624 4499 προόδου

1745 4424 1913 4477 ninns
1961 4437 2046 4478 est
2090 4440 2415 4494 progressus
2464 4427 2596 4482 solis
2644 4443 2838 4482 versus
2880 4427 3199 4491 meridiem,
3239 4437 3294 4482 et

85 4513 158 4567 ἐπὶ
193 4518 337 4590 ἡλίῳ,
372 4521 470 4574 καὶ
514 4519 615 4589 τὴν
645 4519 958 4588 χειμερινὴν
983 4519 1188 4590 τροπὴν
1223 4519 1485 4590 περιέχει’
1520 4522 1546 4572 ὁ
1571 4519 1628 4571 δὲ

85 4605 407 4678 ἀνταρκτικὸς
445 4609 650 4671 κύκλος
677 4609 744 4660 τὰ
775 4608 848 4678 μὴ
877 4607 1223 4680 θεωρούμενα
1259 4609 1366 4662 τῶν
1414 4611 1628 4680 ἄστρων

83 4698 315 4768 ἀφορίζει.
369 4703 636 4772 Ἔχοντες
686 4695 778 4752 οὖν
817 4700 1085 4767 κεφάλαια
1124 4701 1216 4752 καὶ
1254 4700 1626 4770 ἀποτελέσμα-

83 4801 138 4837 τα
179 4790 453 4862 ὡρισμένα
502 4789 643 4861 πρὸς
701 4789 798 4860 τὴν
851 4790 1155 4860 εἰσαγωγὴν
1228 4791 1326 4860 τῆς
1375 4789 1626 4860 ἀστρολο-

83 4877 201 4944 γίας,
224 4883 460 4950 εὐλόγως
492 4881 920 4951 κατεγράφησαν
953 4884 1031 4944 είς
1057 4881 1153 4952 τὴν
1186 4883 1439 4951 σφαῖραν.

138 4971 243 5023 Τῶν
272 4973 327 5026 δὲ
360 4971 782 5044 προειρημένων
829 4972 986 5024 πέντε
1023 4971 1381 5043 παραλλήλων
1412 4971 1626 5024 κύκλων

82 5060 106 5111 ὁ
127 5062 209 5130 μὲν
229 5065 489 5136 ἀρκτικὸς
510 5062 709 5125 κύκλος
730 5061 847 5125 ὅλος
869 5063 1008 5136 ὑπὲρ
1032 5067 1134 5134 γῆν
1161 5062 1622 5132 ἀπολαμϐάνεται,

139 5213 234 5286 (l6)
289 5217 416 5272 Τῶν
481 5217 552 5270 δὲ
608 5217 1066 5286 προειρημένων.
1126 5216 1515 5272 Parallelorum
1569 5217 1620 5270 in

85 5285 261 5348 sphmra
290 5289 571 5342 maximus
599 5296 684 5342 est
713 5285 1139 5355 amnium-ﬁalis;
1168 5299 1484 5342 cazterorum
1517 5301 1624 5355 quo

85 5356 282 5424 quisque
306 5359 526 5428 longius
562 5359 631 5410 ab
656 5358 747 5410 illo
770 5357 1001 5428 recedit,
1022 5372 1088 5410 eo
1116 5366 1199 5412 est
1230 5359 1428 5410 minor.
1460 5356 1618 5411 Ratio
1661 5374 1674 5384 ·

84 5434 208 5485 γεω.
245 5427 421 5496 quam
444 5428 650 5481 habent
680 5428 918 5481 minores
941 5427 1006 5480 ad
1037 5428 1350 5488 maximum,
1392 5427 1618 5496 investi-

85 5503 214 5556 θείω·
238 5494 300 5552 ea
338 5498 816 5570 methodq,_quam
860 5498 1136 5565 attigimus
1166 5497 1309 5570 libro
1331 5494 1613 5570 vn._Nam,

86 5570 224 5635 mest
260 5568 449 5622 radius
485 5567 554 5621 ad
597 5566 778 5620 sinum
801 5567 1177 5635 complementi
1220 5566 1488 5619 distantia:
1524 5582 1620 5635 pa-

85 5632 226 5704 [alleli
251 5637 582 5703 cujuslibet,
619 5637 694 5688 ita
735 5632 1127 5703 aequinoctialis
1161 5635 1227 5688 ad
1273 5632 1613 5704 parallelum.

84 5697 190 5758 Esto
215 5697 455 5768 trooicus
482 5697 706 5766 testivus
726 5697 984 5770 gradibus
1007 5706 1075 5756 2t
1101 5697 1308 5761 distans
1335 5707 1402 5761 ab
1434 5721 1618 5776 aequa-

1730 4516 2011 4570 bibernam
2037 4517 2453 4572 conversionem
2498 4520 2779 4582 continet;
2815 4521 3150 4576 antarcticus
3181 4521 3295 4575 cir-

1728 4608 1884 4661 culus
1921 4616 2068 4661 astra
2100 4622 2209 4661 non
2246 4609 2563 4677 apparentia
2609 4611 2956 4666 determinat.
3009 4612 3144 4667 Cum
3188 4613 3292 4683 igi-

1728 4707 1818 4752 tur
1849 4699 2083 4753 habeant
2106 4708 2254 4753 certa
2285 4701 2463 4769 capita
2491 4708 2543 4755 et
2571 4703 2936 4758 emolumenta
2965 4702 3031 4756 ad
3064 4703 3291 4757 institu-

1727 4791 1927 4844 tionem
1955 4790 2319 4854 astronomize,
2346 4807 2454 4846 non
2483 4791 2600 4847 sine
2630 4793 2843 4847 ratione
2873 4792 3134 4863 descripti
3164 4802 3293 4849 sunt

1728 4882 1780 4934 in
1801 4881 2033 4951 Sphaara.

1797 4973 1941 5027 Inter
1967 4973 2211 5042 quinque
2262 4973 2549 5042 prmdictos
2584 4975 2874 5044 parallelos
2905 4975 3165 5038 circulos,
3202 4989 3292 5027 ar-

1726 5067 1901 5122 cticus
1928 5067 2170 5121 circulus
2209 5076 2359 5122 totus
2390 5083 2557 5136 supra
2586 5068 2926 5123 horizontem
2957 5069 3285 5125 desumitur.

1725 5226 1880 5281 tore;
1918 5217 2370 5288 complementum
2410 5218 2678 5273 distantia:
2705 5226 2788 5273 est
2815 5219 2968 5288 grad.
3005 5218 3092 5282 66,
3132 5217 3287 5284 cuius

1726 5287 1878 5342 sinus
1918 5286 2112 5358 91555.
2152 5287 2319 5356 igitur
2354 5303 2415 5341 ea
2463 5290 2743 5357 proportio
2770 5286 2853 5342 est
2887 5288 3285 5358 aequinoctialis

1725 5357 1790 5410 ad
1818 5357 2108 5424 tropicum,
2149 5373 2270 5422 quae
2298 5365 2381 5411 est
2405 5358 2618 5412 100000
2645 5360 2710 5411 ad
2742 5358 2938 5418 91⁵555,
2956 5357 3077 5410 hoc
3105 5365 3190 5411 est
3219 5359 3286 5410 1ο

1724 5427 1791 5480 ad
1819 5427 1851 5480 9
1894 5427 2132 5478 circiter.
2174 5425 2250 5479 Ita
2286 5427 2526 5482 circulus
2562 5429 2801 5482 arcticns
2834 5427 2988 5480 Arati
3023 5427 3188 5480 distat
3217 5426 3286 5479 ab

1723 5502 1998 5566 aequatore
2025 5495 2286 5566 gradibus
2314 5496 2404 5558 49,
2439 5513 2467 5550 a
2497 5497 2645 5566 polo,
2679 5497 2770 5550 41.
2813 5495 2979 5551 Sinus
3017 5497 3284 5566 graduum

1722 5563 1803 5620 4|,
1825 5577 1908 5618 est
1951 5565 2139 5619 75471.
2186 5565 2417 5620 Proinde
2459 5563 2531 5618 ita
2576 5582 2634 5621 se
2681 5567 2842 5619 habet
2889 5563 3290 5634 aequinoctialis

1724 5636 1790 5689 ad
1825 5635 2086 5688 circulum
2134 5635 2276 5688 hunc
2316 5635 2577 5688 arctieum
2615 5635 2694 5688 uti
2739 5635 2949 5688 100000
2982 5635 3047 5687 ad
3077 5634 3288 5698 7547i;

1722 5720 1842 5776 qua:
1865 5704 2142 5775 proportio
2169 5704 2277 5759 fere
2306 5713 2390 5760 est
2414 5705 2785 5774 scsquitcrtia,
2810 5715 2870 5758 ut
2892 5704 2924 5758 4
2957 5705 3024 5759 ad
3054 5704 3106 5756 5.
