3786 6322
443 311 551 366 775

1437 306 1523 361 AD
1562 303 1828 363 EUSEBll
1863 299 2256 360 CllRONICON
2281 297 2661 357 .APPENDIX.

3587 301 3689 356 776

445 432 699 489 Estivus
730 433 974 503 tropicus
1013 432 1252 488 circulus
1289 431 1342 484 in
1373 429 1512 485 duas
1549 436 1734 499 partes
1762 427 2005 498 inaequa-

2163 423 2216 477 δὲ
2244 422 2453 494 θερινὸς
2479 418 2739 493 τροπικὸς
2786 417 2985 480 κύκλος
3028 416 3106 480 εἰς
3132 415 3226 469 δύο
3257 432 3400 487 μέρη
3426 416 3578 471 ἄνισα
3606 421 3693 471 τὲ-

446 526 527 579 les
559 532 777 580 secatur
816 524 1208 585 ahhorizonle,
1238 530 1291 576 et
1329 528 1671 591 segmentum
1709 518 1890 588 majus
1919 533 2019 572 su-

444 630 543 688 pra
588 628 789 670 terram
838 615 1161 679 desumitur,
1202 613 1383 666 minus
1432 624 1569 679 vero
1604 607 1746 663 infra
1784 616 2013 665 terram.

448 710 519 763 At
550 725 657 763 non
691 724 785 779 per
813 723 1001 761 omnes
1024 706 1272 775 regiones
1304 714 1357 759 et
1403 703 1568 758 urbes
1614 702 1804 757 eodem
1856 700 2018 756 modo

444 803 670 857 estivus
694 802 933 871 tropicus
960 798 1202 853 circulus
1229 805 1448 851 secatur
1479 796 1548 850 ab
1578 794 1887 861 horizonte,
1918 794 2017 849 sed

443 894 601 966 juxta
624 893 899 947 climatum
925 890 1275 947 diversitates
1296 888 1573 944 diversum
1603 896 2017 961 scgmentorum

447 1000 730 1040 excessum
767 984 1036 1054 contingit
1073 983 1314 1050 evenire,
1357 991 1522 1052 atque
1567 982 1633 1039 iis
1669 981 1889 1052 quidem
1924 981 2017 1051 qui

448 1076 620 1144 magis
653 1075 756 1144 ιο
779 1088 942 1144 quam
984 1089 1102 1136 nos,
1147 1088 1340 1129 versus
1387 1073 1810 1143 septentrionem
1859 1071 2019 1126 habi-

448 1173 585 1230 tant,
617 1166 672 1219 in
707 1174 983 1235 segmenta
1012 1166 1185 1238 magis
1208 1165 1494 1236 inaequalia
1522 1165 1589 1219 ab
1618 1164 1899 1218 horizonte
1932 1179 2020 1219 se-

445 1257 560 1311 cari
593 1258 862 1326 tropicum
892 1258 1145 1312 aestivum
1184 1257 1434 1328 contigit.
1465 1255 1529 1310 Et
1565 1257 1781 1311 tandem
1812 1264 1899 1312 est
1931 1271 2021 1311 re-

444 1348 536 1417 gio
565 1348 836 1419 quaedam,
874 1349 928 1403 in
968 1364 1074 1419 qua
1104 1356 1253 1403 totus
1292 1348 1516 1402 mstivus
1548 1348 1794 1418 tropicus
1837 1348 2021 1402 circu-

444 1439 532 1494 lus
563 1441 619 1493 ﬁt
647 1456 813 1511 supra
846 1449 1071 1495 terram.
1101 1439 1175 1495 lis
1206 1453 1337 1495 vero
1370 1439 1465 1510 qui
1496 1439 1668 1512 magis
1696 1454 1861 1509 quam
1892 1453 2015 1503 nos,

442 1548 640 1588 versus
662 1531 946 1588 meridiem
970 1532 1244 1597 habitant,
1272 1531 1329 1585 in
1358 1538 1637 1602 segmenta
1674 1531 1857 1585 minus
1890 1530 2019 1584 ina:-

444 1624 628 1695 qualia
657 1625 881 1680 aestivus
903 1624 1151 1695 tropicus
1173 1623 1417 1678 circulus
1440 1623 1508 1677 ab
1531 1623 1815 1678 horizonte
1837 1629 2019 1678 sectus

444 1724 549 1771 est.
580 1713 646 1769 Et
668 1715 889 1770 tandem
923 1724 1007 1770 est
1030 1714 1181 1784 regio
1221 1713 1469 1784 quaedam
1505 1729 1700 1769 versus
1740 1712 2017 1768 meridiem

2124 534 2311 590 μνεται
2350 515 2455 570 ὑπὸ
2500 513 2593 568 τοῦ
2620 511 2920 585 ὁρίζοντος,
2951 510 3047 564 καὶ
3078 510 3140 563 τὺ
3168 508 3268 583 μὲν
3300 509 3482 581 μεῖζον
3505 511 3691 583 τμῆμα

2120 612 2259 684 ὑπὲρ
2304 611 2407 682 γῆν
2462 600 2926 680 ἀπολαμϐάνεται,
2956 607 3019 661 τδ
3044 606 3101 660 δὲ
3129 606 3431 671 ἕλασσον¹⁷,
3463 608 3565 661 ύπὸ
3598 609 3691 679 τὴν

2118 702 2241 772 γῆν.
2282 701 2356 755 Ού
2405 699 2546 754 κατὰ
2588 701 2768 753 πᾶσαν
2807 698 2865 751 δὲ
2892 696 3079 770 χώραν
3122 698 3216 751 καὶ
3255 698 3411 751 πόλιν
3449 698 3691 768 ὁμοίωςὸ

2120 793 2328 865 Θερινὸς
2354 792 2611 864 τροπικὸς
2644 792 2842 856 κύκλος
2868 791 3133 860 τέμνεται
3158 790 3264 843 ὑπὸ
3283 788 3379 842 τοῦ
3413 789 3688 860 ὁρίζοντος,

2120 885 2258 941 ἀλλὰ
2293 884 2444 957 παρᾶ
2472 884 2571 948 τὰς
2598 884 2706 937 τῶν
2744 883 3026 955 κλιμάτων
3053 881 3410 953 παραλλαγὰς
3451 882 3693 954 διάφορον

2120 980 2219 1051 τὴν
2242 978 2348 1032 τῶν
2375 976 2676 1048 τμημάτων
2706 974 2980 1046 ὑπεροχὴν
3010 973 3294 1045 συμϐαίνει
3321 972 3584 1042 γίνεσθαι·
3608 974 3694 1027 καὶ

2117 1074 2231 1134 τοίς
2265 1069 2361 1142 μὲν
2384 1069 2521 1140 πρὸς
2554 1067 2754 1138 ἄρκτον
2790 1066 2990 1138 μᾶλλον
3023 1065 3179 1137 ἡμῶν
3205 1064 3447 1118 οἰκοῦσιν
3494 1067 3571 1128 είς
3610 1066 3694 1117 ἀν-

2124 1166 2370 1236 ισαίτερα
2396 1164 2538 1236 μέρη
2575 1162 2865 1234 συμϐαίνει
2894 1161 3187 1232 τέμνεσθαι
3218 1161 3310 1214 τὸν
3345 1160 3554 1232 θερινὸν
3597 1162 3693 1215 ὑπὸ

2118 1256 2213 1310 τοῦ
2238 1254 2534 1328 ὁρίζοντος.
2566 1255 2677 1308 Καὶ
2711 1253 2885 1326 πέρας
2911 1253 3030 1306 ἐστὶ
3059 1252 3214 1324 χώρα
3248 1270 3354 1316 τις,
3388 1253 3446 1305 ὲν
3531 1252 3645 1315 ὅλος
3669 1255 3695 1307 ὁ

2122 1348 2329 1421 θερινὸς
2381 1346 2641 1419 τροπικδς
2684 1345 2882 1409 κύκλος
2930 1345 3070 1417 ὑπὲρ
3092 1345 3197 1416 γῆν
3226 1345 3455 1414 γίνεται.
3488 1347 3610 1408 Τοῖς
3646 1344 3696 1398 δὲ

2121 1442 2257 1513 πρὸς
2295 1438 2641 1512 μεσημϐρίαν
2671 1437 2870 1510 μᾶλλον
2902 1436 3140 1491 οἰκοῦσιν
3173 1437 3352 1508 ἡμῶν,
3386 1439 3464 1501 είς
3497 1438 3695 1491 ἀνισαί-

2120 1551 2253 1605 τερα
2277 1532 2322 1565 ⁸⁸
2356 1532 2497 1604 μέρη
2518 1532 2547 1584 ὁ
2566 1529 2775 1600 θερινὸς
2812 1529 3072 1602 τροπικὸς
3113 1528 3311 1593 κύκλος
3336 1529 3446 1583 ὑπὸ
3475 1529 3569 1582 τοῦ
3596 1531 3697 1601 ὁρί-

2121 1622 2305 1689 ζοντος
2330 1624 2615 1695 τέτμηται.
2651 1620 2763 1676 Καὶ
2788 1622 2962 1692 πέρας
2994 1622 3110 1674 ἐστὶ
3139 1620 3292 1693 χώρα
3326 1639 3410 1685 τις
3443 1623 3581 1693 πρὸς
3608 1639 3695 1693 με-

2122 1715 2398 1788 σημὸρίαν
2425 1717 2557 1786 ἡμῖν
2586 1714 2835 1786 κειμένη,
2871 1714 2929 1767 ἐν
3045 1713 3408 1785 διχοτομεῖται
3438 1716 3468 1767 ὁ
3497 1713 3695 1787 θερινὸς

444 1808 607 1864 nobis
637 1808 766 1873 sita,
793 1807 851 1861 in
890 1821 1000 1878 qua
1042 1807 1329 1877 aequaliter
1358 1805 1621 1861 dividitur
1648 1807 1872 1862 mstivus
1901 1812 2019 1859 tro-

2163 1806 2380 1878 ροπικδς
2408 1805 2605 1868 κύκλος
2639 1804 2745 1858 ὑπὸ
2792 1803 2887 1857 τοῦ
2927 1803 3218 1877 ὁρίζοντος
3254 1798 3491 1858 ἐνταῦθα
3526 1805 3583 1858 δὲ
3616 1806 3695 1858 τέ-

444 1901 603 1971 picus
632 1899 879 1955 circulus
913 1899 982 1954 ab
1012 1898 1301 1955 horizonte
1329 1918 1341 1952 :
1370 1898 1427 1953 in
1454 1899 1558 1953 hoc
1598 1907 1781 1953 autem
1806 1899 2024 1953 climate

448 1999 670 2049 secatur
712 1992 813 2057 ita,
857 2000 917 2046 ut
951 2005 1076 2045 cum
1122 1998 1273 2046 totus
1306 1991 1546 2046 circulus
1583 1991 1636 2044 in
1675 1998 1800 2045 octo
1839 1996 2024 2061 partes

446 2085 686 2155 aequales
720 2084 935 2139 divisus
978 2091 1085 2146 est,
1118 2081 1185 2138 de
1220 2081 1307 2138 his
1354 2083 1600 2154 quinque
1633 2090 1817 2152 partes
1859 2095 2025 2153 supra

446 2178 790 2231 horizontem
835 2176 1216 2241 desumantur,
1251 2184 1365 2233 tres
1416 2189 1545 2229 vero
1594 2172 1738 2227 infra
1776 2173 2028 2249 horizon-

449 2275 579 2321 tem.
619 2266 701 2322 Ad
733 2268 837 2322 hoc
879 2269 1041 2322 clima
1073 2267 1288 2323 videtur
1332 2266 1496 2323 etiam
1521 2265 1723 2320 Aratus
1754 2279 2027 2335 apparen-

452 2358 649 2413 tiarum
706 2366 998 2413 tractatum
1058 2358 1455 2428 composuisse.
1515 2356 1650 2411 Nam
1703 2356 1771 2412 de
1832 2356 2024 2412 aestivo

450 2451 660 2521 tropico
689 2450 897 2505 circulo
926 2449 1224 2513 disserens,
1266 2451 1348 2505 sic
1384 2450 1599 2520 inquit:

450 2558 566 2633 [jac
597 2562 824 2616 maxime
854 2563 907 2616 in
929 2572 1041 2616 octo
1066 2563 1291 2632 wquales
1323 2575 1500 2633 partes
1525 2564 1714 2630 diviso,

452 2629 655 2684 Earum
692 2634 916 2704 quinque
958 2629 1264 2689 meridianae
1315 2629 1598 2776 ὺοίυιιηιιῑτ
1626 2629 1716 2704 per
1750 2649 2024 2703 supremas

1573 2714 1748 2773 partes
1780 2716 1952 2767 terrm,

1573 2721 1748 2773 partes
1780 2721 1952 2767 terrm,

452 2771 580 2826 Tres
623 2788 741 2827 vero
787 2774 842 2828 in
882 2773 1246 2843 hemisphaerio
1289 2774 1388 2829 sub
1445 2771 1629 2830 terra:
1654 2777 1858 2830 wstalis
1904 2775 2024 2828 huic

1392 2845 1537 2918 [sunt
1572 2848 1953 2901 conversiones.

525 2974 605 3030 Ex
628 2975 727 3030 hac
747 2975 1016 3032 divisione
1051 2978 1323 3048 sequitur,
1350 2978 1733 3049 longissimum
1762 2976 1905 3032 diem
1931 2976 2032 3031 ho-

450 3085 635 3124 rarum
669 3069 1134 3140 aequinoctialium
1164 3071 1279 3125 ﬁeri
1317 3071 1408 3134 i5,
1444 3079 1663 3125 noctem
1704 3085 1837 3125 vero
1866 3069 2030 3124 hora-

2129 1914 2315 1969 μνεται
2344 1896 2536 1960 οὓτως,
2559 1895 2718 1960 ὥστε,
2738 1895 2829 1949 τοῦ
2857 1894 2979 1949 ὅλου
3007 1895 3205 1949 κύκλου
3226 1896 3605 1969 διαιρουμένου
3629 1899 3698 1960 εἰς

2123 1997 2172 2063 η’
2204 1990 2364 2062 μέρη,
2395 1990 2554 2043 πέντε
2600 1989 2696 2060 μὲν
2728 1990 2991 2059 τμήματα
3030 1987 3170 2060 ὑπὲρ
3199 1989 3302 2059 γῆν
3330 1988 3700 2061 ἀπολαμϐάνε-

2126 2081 2269 2146 σθαι,
2301 2082 2426 2154 τρία
2457 2081 2513 2135 δὲ
2545 2081 2652 2135 ὑπὸ
2679 2081 2803 2153 γῆν.
2834 2083 2980 2155 Πρὸς
3004 2083 3061 2136 δὲ
3091 2082 3249 2136 τοῦτο
3275 2084 3336 2136 τὸ
3376 2083 3543 2156 κλίμα
3567 2086 3703 2138 δοκεῖ

2124 2173 2218 2226 καὶ
2278 2174 2307 2225 ὁ
2354 2174 2590 2244 ’Ἄρατος
2643 2174 3025 2246 συντεταχέναι
3076 2174 3176 2248 τὴν
3222 2176 3333 2229 τῶν
3374 2178 3702 2249 φαινομένων

2125 2265 2529 2336 πραγματείαν.
2556 2265 2690 2337 Πορὶ
2716 2265 2826 2339 γὰρ
2852 2267 2948 2321 τοῦ
2980 2267 3191 2341 θερινοῢ
3221 2269 3486 2341 τροπικού
3513 2271 3701 2325 κύκλου

2124 2357 2504 2431 διαλεγόμενός
2536 2376 2701 2432 φησιν
2730 2360 2904 2424 οὕτως

2132 2562 2243 2617 Τοῦ
2271 2560 2388 2631 μὲν
2417 2562 2567 2615 ὅσον
2599 2578 2663 2616 τε
2684 2561 2954 2630 μάλιστα
2995 2560 3068 2614 δι’
3109 2559 3263 2615 ὀκτὼ
3293 2561 3703 2630 μετρηθέντος,

2126 2630 2313 2686 Πέντε
2344 2631 2464 2701 μὲν
2500 2630 2989 2700 ὲνδιαστρέφεται
3017 2633 3146 2688 καθ’
3185 2632 3492 2699 ὑπέρτατα
3519 2634 3703 2701 γαίης,

2134 2766 2210 2820 Τὰ
2256 2766 2388 2834 τρία
2437 2762 2504 2819 δ’
2532 2766 2603 2819 ἐν
2640 2765 2867 2834 περάτῃ
2892 2782 2906 2796 ο
2963 2765 3176 2835 θέρειοι
3219 2765 3290 2820 δὲ
3330 2769 3387 2820 οὶ
3431 2767 3708 2911 ἐνῖρρπαι

2835 2885 2839 2889 .
3533 2856 3704 2894 sectr.

2835 2885 2839 2889 .
3511 2856 3704 2894 ιεισιν.

2212 2971 2307 3024 Ἐκ
2333 2970 2389 3023 δὲ
2414 2970 2618 3041 ταύτης
2642 2971 2740 3042 τῆς
2766 2970 3081 3039 διαιρέσεως
3099 2972 3404 3042 ἀκολουθεῖ,
3436 2977 3534 3048 τὴν
3566 2978 3711 3047 μεγί-

2132 3080 2264 3133 στην
2308 3062 2522 3134 ἡμέραν
2558 3061 2717 3132 ὡρῶν
2759 3064 3091 3136 ίσημερινῶν
3123 3065 3374 3134 γίνεσθαι
3420 3075 3500 3135 ιε’,
3535 3070 3631 3142 τὴν
3657 3071 3710 3124 δὲ

450 3178 573 3217 rum
618 3161 1083 3233 aequinoctialium
1113 3161 1167 3216 9.
1194 3160 1254 3217 In
1283 3163 1567 3219 horizonte
1595 3161 1774 3217 Rhodi
1803 3163 2027 3217 aestivus

2163 3151 2300 3205 ύκτα
2320 3151 2478 3223 ὡρῶν
2507 3151 2837 3224 ίσημερινῶν
2854 3153 2921 3207 θ’.
2940 3156 3028 3210 Ἐν
3051 3155 3109 3208 δὲ
3135 3155 3212 3229 τῷ
3237 3158 3383 3211 κατά
3410 3160 3588 3213 Ῥόδον
3605 3160 3709 3232 (17)

449 3254 698 3324 tropicus
732 3254 976 3310 circulus
1008 3254 1078 3308 ab
1125 3254 1412 3309 horizonte
1455 3256 1535 3310 sic
1568 3262 1654 3310 est
1694 3255 1928 3319 divisus,
1969 3262 2030 3309 ut

449 3361 574 3400 cum
606 3354 752 3402 totus
793 3347 1037 3402 circulus
1087 3346 1142 3399 in
1169 3345 1241 3400 48
1270 3356 1455 3417 partes
1492 3345 1791 3411 dividatur,
1839 3360 2028 3401 earum

448 3439 519 3493 29
557 3455 722 3510 supra
751 3440 1088 3495 horizontem
1117 3438 1500 3502 desumantur,
1535 3437 1759 3506 reliqua:
1802 3451 1934 3492 vero
1963 3435 2029 3489 l9

453 3524 593 3580 infra
634 3537 859 3581 terram.
912 3525 992 3579 Ex
1025 3526 1129 3581 hac
1172 3526 1442 3582 divisione
1485 3526 1735 3597 sequitur
1774 3525 2032 3596 longissi-

404 3608 407 3611 λ
454 3632 601 3670 mum
629 3618 773 3672 diem
797 3618 851 3671 in
886 3614 1081 3673 Rhodo
1115 3617 1233 3673 ﬁeri
1261 3618 1525 3672 horarum
1561 3618 2029 3687 aequinoctialium

456 3707 522 3761 M
541 3710 663 3779 1/2,
688 3717 898 3764 noctem
914 3725 1045 3766 vero
1072 3709 1330 3765 horarum
1365 3710 1834 3781 aequinoctialium
1852 3709 1885 3765 9
1906 3703 2035 3780 ιβ.

525 3883 946 3954 ιΕιιιιὶιιοοιίοὶίε
975 3885 1217 3941 circulus
1249 3901 1350 3956 per
1374 3894 1544 3942 totam
1587 3895 1789 3943 terram
1818 3887 2033 3943 habita-

456 3975 620 4031 hilem
660 3976 945 4046 aequaliter
973 3985 1194 4033 secatur
1233 3981 1302 4034 ab
1344 3980 1652 4045 horizonte,
1686 3991 1746 4035 ut
1783 3982 2033 4038 semicir-

458 4067 616 4122 culus
659 4083 824 4138 supra
862 4077 1060 4124 terram
1100 4070 1445 4137 desumatur,
1488 4073 1873 4130 semicirculus
1903 4089 2032 4131 vero

458 4157 598 4213 inl‘ra
660 4161 1006 4217 terramzoh
1060 4177 1227 4234 quam
1279 4179 1504 4220 causam
1549 4166 1618 4220 ab
1664 4166 1769 4221 hoc
1822 4166 2033 4223 circulo

456 4250 786 4320 aequinoctia
826 4251 982 4308 ﬁunt.

531 4343 801 4402 Hibernus
832 4347 1075 4418 tropicus
1113 4349 1357 4407 circulus
1389 4350 1458 4406 ab
1502 4350 1792 4409 horizonte
1825 4355 1907 4409 sic
1948 4371 2039 4411 βο·

2135 3244 2367 3315 ὁρίζοντι
2389 3246 2415 3297 ὁ
2441 3243 2653 3314 θερινὸς
2672 3246 2933 3316 τροπικὸς
2962 3247 3160 3314 κύκλος
3196 3251 3301 3304 ὑπὸ
3330 3251 3425 3305 τοῦ
3446 3253 3713 3325 ὁρίζοντος

2134 3335 2397 3405 τέτμηται
2425 3334 2619 3399 οὕτως,
2661 3336 2832 3404 ὥστε,
2859 3339 2956 3393 τοῦ
2992 3341 3115 3395 ὅλου
3157 3342 3359 3397 κύκλου
3388 3344 3713 3417 διῃρημένου

2137 3429 2215 3490 εἰς
2245 3426 2383 3498 μέρη
2417 3426 2527 3499 μη’,
2562 3428 2628 3481 τὰ
2663 3429 2764 3500 μὲν
2797 3430 2880 3484 κθ¹
2906 3434 3169 3505 τμήματα
3194 3436 3336 3509 ὑπὲρ
3358 3438 3448 3491 τὸν
3475 3439 3714 3510 ὁρίζοντα

2137 3518 2634 3589 ἀπολαμϐάνεσθαι,
2670 3520 2738 3574 τά
2765 3522 2822 3576 δὲ
2857 3523 2923 3577 ιϐ’
2949 3526 3054 3578 ὑπὸ
3076 3527 3199 3598 γῆν.
3243 3528 3339 3582 Ἐκ
3366 3529 3422 3583 δὲ
3449 3530 3551 3600 τῆς
3579 3531 3714 3584 διαι-

2140 3612 2343 3684 ρέσεως
2386 3613 2591 3686 ταύτης
2638 3617 2922 3672 ἀκολουθεί
2956 3618 3055 3687 τὴν
3088 3618 3357 3691 μεγίστην
3405 3622 3621 3695 ἡμέραν
3662 3626 3715 3676 ὲν

2149 3704 2315 3777 Ῥόδῳ
2349 3705 2594 3776 γίνεσθαι
2623 3708 2782 3780 ὡρῶν
2821 3710 3152 3782 ίσημερινῶν
3185 3711 3305 3777 ιδς”
3340 3713 3442 3785 τὴν
3465 3714 3524 3768 δὲ
3552 3715 3716 3769 νύκτα

2139 3795 2298 3867 ὡρῶν
2331 3798 2664 3871 ίσημερινῶν
2692 3800 2815 3866 θς”.

2220 3889 2279 3944 '0
2311 3890 2369 3944 δὲ
2403 3892 2719 3967 ἰσημερινὸς
2742 3893 2942 3959 κύκλος
2969 3895 3092 3949 καθ’
3113 3896 3241 3969 ὅλην
3269 3898 3369 3970 τὴν
3397 3901 3716 3972 οἰκουμένην

2138 3982 2502 4054 διχοτομεῖται
2529 3984 2635 4037 ὑπὸ
2657 3985 2751 4038 τοῦ
2780 3985 3072 4056 ὁρίζοντος.
3100 3989 3241 4043 ὥστε
3267 3991 3591 4062 ἡμικύκλιον
3622 3994 3716 4064 μὲν

2142 4074 2280 4146 ὑπὲρ
2316 4073 2419 4144 γῆν
2464 4074 2966 4146 ἀπολαμϐάνεσθαι,
3003 4080 3329 4150 ἡμικύκλιον
3356 4083 3415 4137 δὲ
3450 4085 3553 4138 ὑπὸ
3583 4086 3715 4156 γῆν-

2140 4165 2207 4218 δι’
2232 4165 2299 4237 ἥν
2330 4164 2642 4219 αἰτίαν¹ύπὸ
2669 4166 2760 4219 τοῦ
2800 4167 2999 4222 κύκλου
3050 4170 3239 4225 τούτου
3262 4175 3317 4226 αί
3375 4176 3653 4248 ίσημερίαι
3677 4179 3715 4211 ¹⁹

2142 4257 2401 4320 γίνονται.

2226 4351 2284 4406 '0
2310 4350 2366 4403 δὲ
2392 4353 2701 4423 χειμερινὸς
2730 4356 2991 4426 τροπικὸς
3027 4356 3227 4421 κύκλος
3261 4358 3368 4412 ὑπὸ
3393 4359 3486 4414 τοῦ
3526 4361 3721 4433 ὁρίζον·

459 4450 634 4502 catur,
668 4444 727 4491 ut
752 4439 935 4496 minus
966 4451 1307 4513 segmentum
1338 4441 1406 4500 sit
1447 4460 1614 4516 supra
1641 4456 1844 4503 terram
1877 4467 1891 4503 :
1918 4453 2030 4504 nia.

2163 4460 2234 4507 τος
2252 4444 2508 4513 τέμνεται
2530 4444 2723 4511 οὕτως,
2746 4445 2886 4500 ὥστε
2908 4448 2969 4500 τὸ
2998 4449 3096 4518 μὲν
3116 4448 3345 4503 ἔλασσον
3367 4452 3559 4524 τμῆμα
3583 4455 3719 4525 ὑπὲρ

456 4526 549 4597 jus
592 4543 725 4583 vero
768 4528 913 4584 infra
964 4539 1188 4589 terram.
1240 4534 1586 4607 Inaequalitas
1628 4547 2030 4609 segmentorum

2163 4534 2248 4605 τῆν
2291 4534 2557 4603 γίνεσθαι,
2585 4537 2645 4590 τὸ
2675 4538 2733 4590 δὲ
2766 4537 2948 4608 μεῖζον
2976 4539 3079 4593 ὑπὸ
3112 4540 3233 4611 γῆν.
3283 4541 3347 4595 Ἦ
3383 4543 3441 4597 δὲ
3476 4545 3720 4616 ἀνισότης

460 4618 708 4673 eamdem
730 4618 895 4676 habet
922 4619 1301 4680 diversitatem
1330 4626 1388 4680 in
1407 4626 1663 4682 omnibus
1696 4627 2030 4694 climatibus,

2163 4627 2253 4682 τῶν
2278 4628 2581 4698 τμημάτων
2608 4627 2706 4700 τὴν
2738 4630 2908 4700 αὐτὴν
2932 4630 3285 4703 παραλλαγὴν
3317 4632 3433 4703 ἔχει
3467 4635 3558 4688 ἐπὶ
3585 4636 3718 4690 πάν·

463 4724 585 4778 qme
619 4710 781 4766 ﬁebat
809 4712 974 4767 etiam
1016 4715 1070 4768 in
1091 4715 1281 4770 aestivo
1305 4718 1521 4789 tropico
1548 4719 1780 4775 circulo.
1810 4720 2030 4792 Semper

2163 4732 2252 4773 τοιν
2280 4717 2390 4770 τῶν
2415 4719 2717 4790 κλιμάτων,
2740 4721 2862 4791 ἥτις
2882 4722 3093 4790 ἐγίνετο
3120 4724 3215 4775 καὶ
3265 4725 3359 4776 ἐπὶ
3397 4723 3492 4778 τοῦ
3516 4726 3719 4796 θερινοῦ

465 4798 608 4851 enim
630 4799 842 4853 alterna
867 4807 1149 4870 segmenta
1170 4804 1509 4873 tropicorum
1531 4807 1866 4864 circulorum
1894 4810 2030 4865 inter

2163 4809 2411 4880 τροπικοῦ
2459 4809 2681 4865 κύκλου.
2718 4810 2818 4864 Διά
2852 4813 3056 4877 παντὸς
3091 4813 3199 4885 γὰρ
3230 4812 3301 4868 τὰ
3326 4816 3554 4882 ἐναλλὰξ
3582 4821 3716 4889 τμήο

466 4901 528 4941 se
578 4895 707 4942 sunt
754 4889 1006 4958 aequalia.
1061 4889 1145 4945 0b
1196 4906 1360 4961 quam
1404 4909 1628 4951 causam
1678 4897 2030 4969 longissimus

2163 4917 2293 4956 ιατα
2323 4901 2431 4957 τῶν
2454 4903 2732 4979 τροπικῶν
2758 4904 2974 4960 κύκλων
3011 4905 3100 4960 ἴσα
3120 4906 3372 4979 ἀλλήλοις
3403 4912 3540 4965 ἐστί.
3564 4913 3641 4965 Δι’
3660 4915 3714 4984 ἧι

468 4975 587 5030 dies
642 4979 868 5048 aequalis
922 4989 1007 5034 est
1060 4980 1393 5051 longissima:
1447 4987 1618 5041 nocti.
1688 4988 2030 5049 Antarcticus

2163 4993 2326 5048 ιίτίαν
2356 4996 2389 5067 ἡ
2425 4975 2655 5067 μεχίστη
2697 4995 2880 5067 ἡμέρα
2911 4997 2998 5070 ἴση
3043 4998 3159 5051 ἐστὶ
3185 4975 3252 5070 τῇ
3284 5002 3518 5075 μεγίστη
3550 4975 3716 5057 νυκτί.

471 5067 713 5122 circulus
751 5076 901 5124 totus
927 5070 1071 5124 infra
1108 5071 1448 5130 horizontem
1484 5080 1817 5137 occultatur.

2163 5082 2216 5135 Ὀ
2245 5083 2301 5137 δὲ
2321 5084 2678 5157 ἀνταρκτικὸς
2705 5084 2901 5150 κύκλος
2927 5067 3047 5152 ὅλος
3071 5088 3176 5141 ύπὸ
3325 5067 3575 5162 ὁρίζοντα
3595 5094 3722 5163 κρύ-

2149 5190 2366 5231 πτεται.

546 5241 623 5296 Ex
684 5242 927 5314 quinque
985 5249 1262 5315 praedictis
1315 5253 1592 5323 parallelis
1631 5258 1894 5325 circulis,
1947 5261 2030 5316 alii

2221 5267 2343 5321 Τῶν
2375 5269 2433 5323 δὲ
2468 5270 2881 5343 προειρημένων
2918 5274 3079 5329 πέντε
3106 5275 3467 5347 παραλλύλων
3493 5274 3718 5338 κύκλων,

564 5395 711 5471 "7p.
746 5400 1040 5473 ἐλάχιστον.
1120 5406 1162 5439 ⁸⁸
1189 5407 1232 5477 f.
1268 5409 1429 5466 ίσαίτ.

1528 5413 1569 5445 ¹⁹
1605 5430 1695 5483 γρ.
1734 5416 1821 5486 ίση
1830 5431 1896 5486 με
1905 5415 2065 5487 ριναί.

554 5555 658 5629 (η)
705 5558 801 5610 Ἐν
833 5558 900 5612 δὲ
926 5560 1006 5626 τῷ
1042 5562 1192 5617 κατὰ
1228 5564 1453 5619 Ῥόδον.
1489 5566 1626 5621 Cum
1678 5568 1751 5624 sit
1796 5552 2043 5624 maxima

479 5626 596 5710 dies
628 5626 731 5682 Sub
760 5631 1013 5710 parallelo
1042 5633 1256 5710 Rhodio
1282 5635 1550 5710 horarum
1582 5637 1649 5691 M
1685 5646 1741 5696 ct
1773 5639 2039 5710 dimidiae,

480 5707 531 5751 et
563 5713 668 5751 nox
702 5701 920 5754 minima
945 5701 1199 5758 horarum
1223 5704 1256 5759 9
1284 5712 1338 5759 et
1365 5704 1623 5768 dimidim.
1654 5709 1892 5766 maxima
1923 5711 2043 5765 dies

2142 5574 2462 5703 semihora;
2505 5573 2733 5632 totidem
2782 5574 2948 5633 habet
2990 5576 3098 5645 29,
3153 5587 3298 5659 quot
3337 5581 3564 5654 minima
3617 5592 3737 5634 nox.

2144 5659 2274 5701 cons
2305 5662 2333 5703 ει
2431 5683 2483 5701 ..

2144 5659 2359 5705 consul
2396 5659 2483 5703 19.
