3786 6312
87 370 176 424 777
1092 369 1330 427 CEMINI
1372 369 1746 426 ELEMENTA
1801 369 2298 426 ASTRONOMIIE.

3225 381 3326 434 778

88 490 222 546 τινῶν
256 489 357 562 μὲν
393 489 467 544 τὰ
496 488 704 560 μεγέθη
732 487 850 543 καθ’
892 489 1019 562 ὅλην
1047 490 1145 562 τὴν
1177 491 1504 564 οἰκουμένην
1530 491 1635 545 δια-

1823 506 1887 546 as
1919 491 2324 560 magnitudines
2353 507 2449 562 per
2487 502 2659 548 totam
2695 502 2899 550 terram
2935 495 3172 550 retinent
3202 511 3326 552 eas-

89 582 213 652 μέυει
242 583 308 636 τὰ
337 581 486 635 αὐτὰ
504 623 519 646 ,
554 582 716 640 τινῶν
733 583 788 635 δὲ
812 582 882 635 τὰ
905 583 1042 636 αὐτὰ
1078 582 1282 654 μεγέθη
1317 583 1648 652 μεταπίπτει

84 671 214 742 παρὰ
225 670 288 724 τὰ
309 671 578 742 κλίματα,
601 672 693 724 καὶ
713 667 793 735 οἷς
811 671 912 742 μὲν
926 672 1188 742 μείζονες,
1201 669 1280 736 οἷς
1295 673 1350 726 δὲ
1364 672 1650 736 ἐλάσσονες

84 763 124 813 οἰ
141 761 314 815 κύκλοι
333 763 602 830 γίνονται.
634 764 695 816 Οἱ
725 763 822 835 μὲν
841 765 948 836 γὰρ
971 763 1240 834 τροπικοὶ.
1267 765 1360 816 xui.
1379 766 1408 816 6
1444 767 1636 835 ἰσημε-

87 853 209 923 ρινός
247 853 368 907 καθ’
415 855 546 925 ὅλην
582 855 678 926 τὴν
719 856 1043 927 οἰκουμένην
1081 855 1184 910 ἴσοι
1215 857 1321 909 εἰσὶ
1341 860 1451 921 τοῖς
1483 858 1644 926 μεγέ-

85 945 242 998 θεσινο
283 947 332 999 οἰ
373 946 431 1000 δὲ
461 948 713 1017 ἀρκτικοὶ
750 947 940 1001 κύκλοι
978 949 1375 1018 μεταπίπτουσι
1402 950 1544 1003 κατὰ
1579 950 1650 1004 τὰ

85 1039 299 1110 μεγέθη·
331 1039 428 1093 καὶ
453 1033 537 1102 οἷς
563 1039 662 1109 μὲν
687 1038 950 1111 μείζονες.
979 1035 1060 1104 οἷς
1088 1042 1144 1094 δὲ
1167 1041 1448 1102 ἐλάττονες
1476 1042 1651 1110 γίνον-

81 1145 175 1182 ται.
201 1130 325 1192 Τοῖς
360 1130 462 1200 μὲν
493 1129 603 1201 γὰρ
637 1131 771 1200 πρὸς
797 1131 997 1202 ἄρκτον
1045 1131 1253 1185 οἰκοῦσι
1297 1133 1542 1203 μείζονες
1589 1134 1639 1186 οἱ

81 1221 309 1292 ἀρκτικοὶ
332 1219 525 1274 κύκλοι
547 1220 806 1288 γίνονταιο
820 1220 915 1274 τοῦ
936 1221 1044 1293 γὰρ
1060 1221 1224 1276 πόλου
1247 1224 1646 1294 μετεωρότερον

82 1312 406 1383 φαινομένου,
444 1313 661 1384 ἀνάγκη
696 1315 790 1366 καὶ
825 1314 918 1367 τὸν
979 1314 1238 1386 ἀρκτικὸν
1291 1315 1510 1380 κύκλον,
1545 1318 1645 1384 se-

81 1406 363 1476 απτόμενον
394 1404 491 1458 τοῦ
539 1406 833 1477 ὁρίζοντος,
873 1406 1092 1478 μείζονα
1135 1408 1223 1461 ἀεὶ
1258 1407 1456 1476 μᾶλλον
1501 1408 1648 1477 γίνε-

82 1497 214 1549 σθαι·
245 1499 358 1561 τοῖς
392 1497 450 1550 δέ
483 1515 565 1551 τοι
595 1498 732 1570 πρὸς
755 1498 960 1570 ἄρκτον
975 1500 1020 1531 ’⁸
1046 1499 1253 1553 οἰκοῦσι
1283 1501 1490 1570 γίνεταί
1515 1519 1646 1556 ποτε

79 1592 104 1642 6
131 1589 329 1663 θερινὸς
371 1591 637 1662 τροπικδς
669 1590 868 1655 κύκλος
905 1592 1198 1664 ἀρκτικός·-
1228 1593 1370 1647 ὥστε
1404 1596 1529 1658 τοὺς
1551 1593 1646 1648 δύο

81 1680 292 1744 κύκλους
329 1683 648 1753 ἐφαρμόσαι
685 1682 954 1753 ἀλλήλοις,
999 1684 1091 1736 τὸν
1139 1683 1350 1756 θερινὸν
1384 1685 1644 1756 τροπικὸν

81 1771 277 1834 κύκλον,
311 1774 534 1826 καὶτὸν
587 1775 867 1844 ἀρκτικὸν,
907 1775 1003 1828 καὶ
1054 1773 1182 1844 μίαν
1233 1774 1418 1830 λαϐεῖν
1467 1775 1640 1840 τάξιν.

79 1866 203 1936 Πρὸς
241 1866 298 1918 δὲ
333 1867 464 1929 τοὺς
495 1866 936 1938 ἀρκτικωτέρους
961 1866 1159 1930 τόπους
1177 1867 1281 1920 ,καὶ
1305 1867 1400 1922 τοῦ
1429 1866 1642 1939 θερινοῦ
1677 1845 1718 1900 Β

77 1958 316 2030 τροπικοῦ
351 1959 558 2013 κύκλου
589 1959 833 2031 μείζονες
869 1963 918 2014 οἰ
952 1961 1202 2032 ἁρκτικοὶ
1239 1962 1501 2031 γίνονται.

136 2051 305 2122 Πέρας
330 2050 391 2103 δέ
417 2051 538 2104 ἐστι
567 2069 652 2115 τις
684 2050 834 2121 χώρα
861 2052 996 2124 πρὸς
1024 2052 1226 2124 ἄρκτον
1248 2055 1497 2124 κειμένη,
1524 2055 1581 2106 ὲν
1611 2048 1645 2128 ᾖ

77 2145 100 2195 6
135 2144 224 2212 μὲν
258 2143 421 2208 πόλος
472 2142 619 2197 κατὰ
664 2145 908 2216 κορυφὴν
961 2131 1197 2213 γίνεταιο
1227 2147 1256 2198 6
1289 2145 1346 2198 δὲ
1386 2147 1646 2218 ἀρκτικὸς

76 2235 254 2300 κύκλος
291 2237 390 2308 τὴν
418 2236 514 2290 τοῦ
555 2236 827 2308 ὁρίζοντος
853 2238 1037 2309 ἐπέχει
1067 2237 1242 2304 τάξιν,
1278 2239 1373 2292 καὶ
1403 2240 1646 2312 ἐφαρμό-

76 2325 145 2391 ζει
183 2329 328 2400 αὐτῷ
357 2328 500 2382 κατὰ
532 2327 633 2398 τὴν
665 2327 998 2400 ἐπιστροφὴν
1040 2330 1133 2383 τοῦ
1180 2330 1406 2400 κόσμου,
1443 2330 1536 2384 καὶ
1587 2329 1647 2381 τὸ

75 2418 188 2472 αύτδ
243 2417 475 2489 μέγεθος
527 2417 792 2490 λαμϐάνει
844 2417 922 2489 τῷ
969 2419 1301 2491 ἰσημερινῷο
1335 2419 1475 2472 ὥστε
1521 2419 1643 2481 τοὺς

75 2512 203 2578 τρεῖς
227 2510 484 2573 κύκλους,
510 2509 604 2563 τὸν
630 2509 910 2580 ἀρκτικὸν,
946 2511 1041 2562 καὶ
1065 2509 1156 2563 τὸν
1189 2509 1520 2581 ἰσημερινὸν,
1551 2512 1644 2563 καὶ

73 2604 149 2654 τὸν
168 2604 413 2674 ὁρίζοντα
439 2604 543 2674 τὴν
571 2602 738 2673 αὐτὴν
771 2601 924 2668 τάξιν
958 2604 1050 2656 καὶ
1073 2602 1222 2657 θέσιν
1251 2603 1566 2673 λαμϐάνειν.

133 2695 295 2747 Πάλιν
340 2694 398 2747 δὲ
428 2696 544 2756 τοῖς
578 2691 714 2762 πρὸς
758 2691 1101 2764 μεσημϐρίαν
1145 2691 1304 2763 ἡμῶν
1333 2692 1568 2745 οἰκοῦσιν
1593 2693 1643 2744 οἱ

78 2785 158 2854 μὲν
183 2786 334 2840 πόλοι
354 2785 732 2856 ταπεινότεροι
763 2784 1003 2852 γίνονται
1024 2801 1038 2814 ·
1075 2786 1124 2838 οἱ
1165 2785 1221 2837 δὲ
1268 2785 1516 2856 ἁρκτικοὶ
1545 2783 1643 2837 κύ-

77 2879 174 2931 alet
204 2879 510 2941 ἐλάσσονες.
537 2878 649 2930 Καὶ
691 2877 866 2948 πέρας
893 2875 1012 2930 ἔστι
1055 2875 1208 2949 χώρα
1249 2894 1332 2941 τις
1371 2876 1505 2948 πρὸς
1545 2895 1642 2946 με-

73 2971 333 3045 σημϐρίαν
377 2971 541 3043 ἡμῶν
585 2970 835 3041 κειμένηο
866 2970 1004 3041 αὑτὴ
1033 2970 1092 3024 δέ
1133 2973 1280 3024 ἐστιν
1312 2973 1345 3040 ἡ
1377 2971 1644 3040 λεγομένη

74 3060 166 3113 ὑπὸ
189 3064 282 3115 τὸν
325 3060 666 3133 ἰσημερινὸν,
703 3061 760 3113 ἐν
874 3061 922 3112 οἰ
956 3059 1053 3130 μὲν
1089 3060 1242 3112 πόλοι
1270 3061 1362 3112 ἐπὶ
1401 3060 1494 3113 τοῦ
1527 3062 1644 3132 695-

1754 583 1898 648 dem,
1947 584 2038 637 alii
2079 584 2297 639 easdem
2343 587 2750 656 magnitudines
2784 589 3176 658 mutantjuxta
3221 591 3324 643 clt-
3361 644 3366 649 ,

1753 685 1920 739 mata,
1949 686 2004 732 et
2040 678 2163 732 aliis
2203 679 2337 736 locis
2381 680 2640 750 majores,
2685 682 2806 736 aliis
2845 684 3087 738 minores
3121 683 3177 738 hi
3216 681 3328 736 cir-

1753 770 1863 823 culi
1904 769 2059 826 tiunt.
2108 771 2325 842 Trepici
2370 773 2513 827 enim
2580 783 2633 829 et
2671 776 3073 846 asquinoctialis
3114 792 3211 847 per
3243 787 3328 831 to-

1751 868 1860 916 tam
1887 870 2089 919 terram
2131 866 2598 936 magnitudinibus
2644 878 2868 924 manent
2905 871 3090 926 iidem.
3125 871 3197 925 At
3235 887 3327 925 ar-

1750 956 1876 1010 ctici
1908 957 2100 1012 circuli
2124 968 2407 1014 mutantur
2433 963 2930 1032 magnitudinibus,
2959 970 3014 1019 et
3038 963 3164 1019 aliis
3187 964 3326 1020 locis

1751 1050 2012 1119 majores,
2050 1051 2174 1106 aliis
2203 1053 2444 1109 minores
2480 1055 2634 1108 ﬁunt.
2674 1055 2744 1110 lis
2781 1056 2925 1110 enim
2999 1056 3093 1126 qui
3133 1071 3328 1112 versus

1751 1143 2178 1212 septentrionem
2221 1146 2492 1209 habitant,
2536 1147 2775 1215 majores
2817 1147 2952 1202 fiunt
2979 1150 3172 1204 arctici
3214 1152 3327 1204 cir-

1750 1234 1858 1287 culi
1884 1252 1898 1287 :
1929 1248 2052 1288 cum
2093 1235 2237 1290 enim
2279 1237 2439 1306 polus
2469 1237 2634 1291 altius
2665 1238 2907 1293 elevatus
2943 1247 3188 1309 apparet,
3230 1246 3329 1295 ne;

1749 1339 1906 1380 cesse
1931 1336 2016 1382 est
2042 1327 2204 1382 etiam
2247 1329 2510 1384 arcticum
2538 1329 2827 1394 circulum,
2859 1331 2951 1400 qui
2986 1332 3324 1388 horizontem

1750 1415 1990 1486 attingit,
2032 1431 2247 1487 semper
2297 1421 2560 1489 majorem
2613 1421 2769 1486 ﬁeri;
2812 1422 3013 1477 alicubi
3088 1437 3218 1478 vero
3258 1423 3326 1477 iis

1748 1507 1842 1578 qui
1866 1523 2059 1564 versus
2092 1511 2517 1579 septentrionem
2551 1513 2822 1576 habitant,
2854 1515 2902 1570 is
2933 1515 3195 1580 circulus,
3228 1517 3323 1586 qui

1749 1605 1833 1652 est
1860 1599 2084 1654 :estivus
2115 1600 2386 1670 tropicus,
2417 1601 2473 1654 ﬁt
2502 1601 2665 1656 etiam
2699 1604 2961 1670 arcticus,
2998 1605 3071 1659 ita
3117 1612 3177 1658 ut
3212 1607 3324 1660 duo

1749 1689 1944 1744 circuli
2000 1690 2105 1745 sibi
2172 1691 2402 1746 invicem
2453 1701 2795 1764 congruant,
2854 1711 3049 1765 nempe
3097 1696 3324 1752 aestivus

1751 1782 1998 1853 tropicus
2035 1783 2300 1848 circulus,
2334 1793 2388 1840 et
2429 1787 2690 1850 arcticus,
2727 1803 3007 1858 unumque
3048 1790 3326 1859 accipiant

1748 1873 1936 1928 situm.
1963 1873 2033 1928 At
2059 1891 2255 1931 versus
2287 1876 2405 1931 loca
2436 1878 2610 1948 magis
2636 1880 3081 1949 septentrionalia
3112 1883 3324 1945 ,aastivo

1749 1966 1964 2034 tropico
1992 1965 2224 2030 circulo,
2258 1968 2422 2022 etiam
2447 1969 2683 2037 majores
2717 1970 2854 2024 ﬁunt
2883 1971 3076 2025 circuli
3107 1972 3321 2027 arctici.

1820 2056 2066 2114 Tandem
2092 2067 2177 2112 est
2204 2059 2360 2114 locus
2403 2059 2622 2129 quidam
2661 2076 2860 2118 versus
2896 2063 3322 2132 septentrionem

1746 2145 1906 2208 situs,
1950 2146 2007 2201 in
2035 2163 2144 2225 quo
2177 2148 2338 2218 polus
2367 2148 2424 2202 ﬁt
2452 2151 2760 2218 verticalis;
2787 2153 3027 2208 arctieus
3055 2168 3183 2208 vero
3211 2156 3323 2208 cir-

1747 2239 1905 2294 culus
1957 2239 2262 2296 liorizontis
2309 2241 2487 2297 locum
2537 2253 2792 2313 occupat,
2850 2245 3012 2315 eique
3067 2249 3323 2317 congruit

1746 2329 2046 2385 secundum
2079 2331 2269 2386 mundi
2302 2334 2740 2397 conversionem,
2790 2345 2847 2389 et
2888 2337 3133 2392 eamdem
3175 2339 3322 2393 acci-

1745 2423 1825 2494 pit
1870 2425 2304 2496 magnitudinem
2352 2441 2479 2481 cum
2527 2429 2922 2499 aequinoctiali,
2978 2435 3052 2484 ita
3102 2440 3162 2486 ut
3205 2445 3321 2487 tres

1746 2517 1962 2578 circuli.
2015 2519 2277 2582 arcticus,
2339 2521 2740 2590 aequinoctialis
2788 2529 2843 2577 et
2886 2522 3115 2577 horizon
3164 2540 3320 2580 eum-

1745 2609 1866 2664 dem
1898 2609 2062 2665 situm
2093 2619 2147 2665 et
2181 2612 2416 2681 positum
2454 2613 2746 2683 accipiant.

1820 2699 2033 2756 Rursus
2075 2702 2143 2758 iis
2190 2703 2282 2773 qui
2330 2719 2360 2756 a
2406 2704 2566 2759 nobis
2609 2720 2802 2761 versus
2847 2706 3128 2762 meridiem
3171 2707 3322 2762 habi-

1745 2802 1884 2861 tant,
1914 2795 2023 2864 poli
2053 2794 2187 2849 ﬁunt
2219 2796 2558 2861 humiliores,
2599 2798 2792 2852 arctici
2819 2813 2950 2853 vero
2984 2798 3178 2853 circuli
3218 2801 3322 2853 mi-

1745 2902 1928 2943 nores.
1963 2886 2030 2941 Et
2067 2888 2285 2943 tandem
2313 2888 2462 2960 regio
2487 2899 2570 2945 est
2592 2890 2840 2960 quaedam
2877 2905 2906 2944 a
2941 2892 3101 2946 nobis
3128 2908 3322 2947 versus

1747 2982 2028 3036 meridiem
2061 2983 2189 3048 sita,
2214 2997 2280 3036 ea
2311 2989 2396 3038 est
2460 2998 2580 3052 quae
2620 2983 2825 3038 dicitur
2849 2999 2972 3040 esse
3011 2986 3114 3040 sub
3148 2988 3322 3055 aequi-

1747 3073 1994 3136 noctiali.
2037 3073 2090 3127 in
2140 3089 2246 3148 qua
2286 3075 2394 3143 poli
2439 3075 2495 3128 in
2543 3075 2830 3130 horizonte
2881 3077 3320 3136 constituuntur.

73 3152 235 3218 ζοντος
273 3154 533 3221 γίνονται,
566 3154 614 3204 oi
643 3151 702 3204 δὲ
734 3151 985 3222 ἁρκτικοὶ
1018 3149 1206 3204 κύκλοι
1239 3150 1466 3204 καθόλου
1490 3152 1635 3205 ἀναι-

1817 3166 1936 3220 ctiei
1971 3181 2101 3221 vero
2123 3167 2321 3222 circuli
2345 3183 2572 3238 prorsus
2598 3176 2726 3226 sunt
2749 3169 2947 3225 sublati
2984 3190 2997 3224 :
3032 3171 3107 3225 ita
3139 3180 3199 3225 ut
3225 3188 3325 3240 pro

74 3244 298 3315 ροῦνται·
325 3245 468 3298 ὥστε
519 3244 644 3297 ἀντί
685 3242 796 3295 τῶν
833 3242 997 3296 πέντε
1035 3242 1395 3314 παραλλήλων
1427 3241 1641 3296 κύκλων

74 3342 202 3408 τρεῖς
245 3337 628 3409 παραλλήλους
672 3334 938 3404 γίνεσθαι,
965 3334 1091 3398 τούς
1119 3351 1178 3386 τε
1226 3336 1517 3406 τροπικοῦς
1550 3335 1644 3388 κα.)⁹

72 3429 152 3480 τὸν
175 3429 503 3501 ἰσημερινόν.
540 3426 641 3480 Διὰ
679 3425 789 3497 γὰρ
813 3425 881 3479 τὰ
907 3424 1280 3498 προειρημένα
1306 3425 1404 3494 ούχ
1440 3425 1643 3495 ὑπολη-

77 3522 218 3575 πτέον
267 3520 579 3583 καθολικῶς
607 3517 855 3589 γίνεσθαι
896 3519 1020 3581 τοὺς
1062 3518 1221 3570 πέντε
1265 3517 1641 3589 παραλλήλους

76 3614 302 3678 κύκλους,
333 3613 446 3667 ἀλλ’
475 3612 557 3675 ὠς
601 3609 739 3682 πρὸς
782 3609 881 3681 τὴν
908 3609 1181 3680 ἡμετέραν
1225 3609 1548 3678 οἰκουμένην
1580 3609 1642 3662 τὸ

72 3705 254 3776 *πλῆθος
301 3705 483 3759 αὐτῶν
523 3700 827 3756 ἐκκεῖσθαι.
863 3701 984 3754 Εἰσὶ
1017 3701 1126 3772 γάρ
1175 3717 1320 3764 τινες
1349 3701 1638 3770 ὁρίζοντες,

77 3796 124 3846 ἐν
151 3791 226 3858 οἷς
253 3799 402 3870 τρεῖς
448 3795 614 3867 μόνον
648 3793 982 3864 παράλληλοι
1012 3793 1271 3861 γίνονται.

135 3888 246 3942 Εἰσὶ
267 3889 324 3942 δὲ
346 3890 595 3958 οἰκήσεις
630 3886 742 3954 (18)
787 3884 880 3938 ἐπὶ
904 3884 1005 3955 τῆς
1045 3883 1169 3954 γῆς,
1201 3877 1275 3937 ὧν
1309 3882 1496 3954 πρώτη
1545 3884 1642 3954 μὲν

73 3977 282 4048 οἰκησις,
315 3978 400 4046 ἐφ’
430 3972 502 4048 ἧς
524 3974 792 4045 ὁνθερινὸς
821 3974 1081 4045 τροπικὸς
1117 3971 1313 4036 κύκλος
1345 3972 1641 4041 ἐφάπτεται

75 4067 152 4120 τοῦ
205 4070 513 4140 ὁρίζοντος,
544 4068 640 4120 καὶ
688 4065 786 4137 τὴν
823 4064 916 4118 τοῦ
967 4064 1228 4136 ἀρκτικοῦ
1269 4064 1466 4118 κύκλου
1492 4065 1644 4130 τάξιν

72 4155 319 4228 λαμϐάνει
340 4178 354 4191 ο
390 4159 626 4230 δευτέρα
679 4158 737 4211 δὲ
788 4157 1001 4230 οἴκησις
1045 4159 1079 4228 ἠ
1113 4157 1376 4228 λεγομένη
1408 4157 1513 4210 ὑπὸ
1551 4157 1642 4210 τὸν

75 4250 238 4304 πόλον·
273 4253 436 4325 τρίτη
482 4251 542 4304 δέ
583 4233 733 4303 ἐστιν
771 4250 1002 4321 οἴκησις,
1035 4249 1173 4320 ὑπὲρ
1209 4244 1276 4321 ἧς
1308 4249 1505 4321 μικρὸν
1542 4247 1643 4319 ἒμ-

72 4345 288 4414 προσθεν
333 4345 664 4417 εἰρήκαμεν,
702 4341 796 4394 καὶ
839 4341 1349 4414 προσαγορευομένη
1396 4341 1503 4395 ὑπὸ
1550 4341 1641 4394 τὸν

74 4433 387 4508 ισημρινόν.

1745 3256 1988 3326 quinque
2017 3256 2243 3312 circulis
2281 3259 2558 3329 parallelis
2589 3267 2800 3314 tantum
2832 3267 2945 3316 tres
2984 3261 3114 3316 [iant
3141 3265 3326 3332 paral-

1745 3348 1858 3414 leli,
1889 3364 2086 3419 nempe
2112 3349 2220 3404 duo
2254 3351 2474 3421 tropici.
2499 3359 2552 3406 et
2575 3353 2997 3423 aequinoctialis.
3031 3353 3152 3409 Non
3173 3357 3322 3410 enim

1745 3441 2169 3497 existimandum
2195 3451 2299 3506 est,
2341 3453 2566 3513 propter
2595 3458 2661 3499 ea
2718 3461 2840 3515 quae
2871 3446 3129 3514 praedicta
3169 3456 3322 3507 sunt,

1746 3534 2133 3590 universaliter
2174 3538 2418 3607 quinque
2451 3553 2574 3593 esse
2600 3539 2890 3608 parallelos
2924 3539 3184 3605 circulos,
3225 3541 3320 3595 sed

1744 3635 1997 3699 respectu
2026 3637 2229 3684 nostra!
2267 3630 2625 3685 habitationis
2677 3631 3083 3687 multitudinem
3129 3647 3320 3688 eorum

1743 3735 1866 3776 esse
1902 3721 2230 3792 expositam.
2283 3719 2423 3776 Sunt
2457 3723 2602 3778 enim
2637 3722 2860 3792 quidam
2901 3723 3238 3787 horizontes,
3271 3727 3322 3778 in

1744 3816 1946 3886 quibus
1970 3823 2187 3870 tantum
2220 3823 2330 3870 tres
2359 3825 2489 3870 sunt
2522 3817 2718 3871 circuli
2746 3816 3014 3886 paralleli.

1817 3907 1958 3961 Sunt
1985 3914 2168 3963 autem
2198 3909 2253 3963 in
2289 3915 2439 3963 terra
2470 3907 2856 3974 habitationes,
2888 3925 3121 3980 quarum
3149 3911 3324 3982 prima

1743 4005 1848 4062 est,
1876 3999 1932 4053 in
1965 3999 2062 4068 ιι
2095 4014 2203 4070 qua
2263 4000 2488 4055 :estivus
2528 4000 2775 4070 tropicus
2824 4001 3067 4057 circulus
3108 4002 3326 4069 attingit

1745 4088 2107 4156 horizontem,
2162 4097 2217 4145 et
2266 4089 2433 4145 situm
2479 4091 2668 4146 arctici
2711 4091 2906 4146 circuli
2957 4091 3195 4162 accipit;
3237 4073 3326 4148 Ξο-

1743 4182 1921 4237 cunda
1955 4191 2040 4236 est
2087 4182 2376 4245 habitatio,
2419 4199 2542 4252 qure
2575 4183 2777 4237 dicitur
2831 4197 2954 4238 esse
3009 4185 3114 4238 sub
3157 4186 3326 4254 polo;

1743 4277 1906 4332 tertia
1943 4283 2028 4331 est
2072 4275 2359 4338 habitatio,
2409 4275 2477 4330 de
2509 4290 2616 4347 qua
2664 4276 2828 4344 paulo
2875 4285 3005 4329 ante
3050 4275 3323 4334 diximus.

1743 4385 1865 4440 qua:
1891 4368 2096 4424 dicitur
2122 4384 2245 4424 esse
2278 4369 2384 4424 sub
2407 4368 2799 4439 aequinoctiali.

131 4528 288 4582 Ὅθεν
319 4531 430 4583 οὐδ’
457 4531 491 4600 ἡ
525 4526 679 4595 τάξις
703 4526 808 4580 τῶν
833 4526 992 4579 πέντε
1029 4525 1385 4597 παραλλήλων
1418 4523 1634 4578 κύκλων

1817 4522 1966 4578 Unde
1991 4538 2061 4578 ne
2087 4522 2226 4579 ordo
2245 4522 2464 4593 quidem
2490 4521 2735 4593 quinque
2764 4523 3150 4594 parallelorum
3178 4525 3323 4582 idem

69 4619 98 4688 ἡ
124 4621 254 4694 αὑτὴ
284 4621 436 4695 παρὰ
463 4621 630 4674 πᾶσιν
655 4621 802 4672 ἐστιν
821 4636 834 4649 ’
870 4619 984 4672 ἀλλ’
1018 4620 1076 4670 ὲν
1112 4618 1209 4688 μὲν
1242 4621 1308 4689 τῇ
1334 4616 1454 4670 καθ’
1488 4618 1636 4688 ἡμᾶς

66 4710 343 4784 οἰκουμένῃ
377 4711 597 4784 πρῶτος
650 4708 752 4780 μὲν
793 4708 1114 4778 ὀνομάζεται
1139 4709 1168 4761 6
1199 4707 1479 4780 ἀρκτικὸς,
1513 4706 1636 4760 δεύ-

69 4817 204 4872 τερος
233 4804 291 4857 δὲ
319 4806 348 4858 6
387 4802 600 4874 θερινὸς
632 4799 910 4872 τροπικὸς,
936 4799 1118 4871 τρίτος
1146 4799 1201 4852 δὲ
1227 4801 1263 4852 λὸ
1299 4800 1631 4872 ἰσημερινὸς,

69 4893 307 4968 τέταρτος
343 4896 402 4949 δὲ
451 4896 480 4946 ό
530 4893 840 4964 χειμερινὸς
886 4890 1168 4963 τροπικὸς,
1214 4889 1464 4962 πέμπτος
1511 4892 1567 4944 δὲ
1607 4893 1635 4944 6

67 4989 433 5062 ἀνταρκτικός.

126 5081 242 5146 Τοῖς
273 5082 330 5135 δὲ
361 5079 497 5152 πρὸς
528 5077 732 5150 ἄρκτον
759 5075 958 5148 μᾶλλον
995 5073 1151 5146 ἡμῶν
1177 5073 1384 5129 οἰκοῦσι
1417 5075 1628 5143 γίνεταί

68 5189 181 5226 ποτε
213 5171 430 5244 πρῶτος
470 5171 570 5241 μὲν
601 5170 632 5222 6
665 5167 874 5240 θερινὸς
908 5167 1168 5240 τροπικός
1201 5165 1419 5231 κύκλος,
1450 5165 1634 5220 δεύτε-

67 5276 146 5332 ρος
165 5265 221 5320 δὲ
251 5268 282 5319 6
309 5263 598 5335 ἀρκτικὸς,
626 5259 807 5332 τρίτος
837 5258 894 5312 δὲ
920 5260 950 5311 6
997 5259 1330 5330 ἰσημερινὸς,
1375 5260 1631 5328 τέταρτος

139 5420 182 5452 ⁸⁸
207 5439 298 5488 no-
333 5416 714 5489 μεσημδρεανο

128 5537 233 5607 (l8)
265 5535 404 5592 Εὶσί
433 5535 504 5589 δὲ
533 5535 828 5602 οἰκήσεις.
859 5529 1080 5607 Triplex
1121 5529 1383 5607 habitatio
1415 5537 1520 5593 est,
1567 5529 1624 5607 in

68 5601 160 5673 qua
193 5601 578 5679 parallelorum
611 5601 874 5679 numerus
904 5601 1189 5679 minuitur.
1222 5601 1402 5656 Prima
1435 5610 1538 5662 est,
1568 5602 1624 5679 i_n

69 5691 160 5744 qua
193 5673 363 5749 'polus
388 5677 677 5749 attollitur_
706 5674 968 5749 gradibus
1001 5673 1228 5728 totidem
1258 5679 1408 5749 quot_
1435 5686 1464 5724 a
1499 5673 1624 5740 polo

70 5743 299 5818 tropicus
321 5749 486 5804 distat
511 5766 526 5802 :
567 5743 924 5818 undearctiei
958 5745 1134 5798 instar
1161 5743 1537 5818 est__tropieus,
1567 5752 1622 5818 et

71 5811 236 5874 veriex
260 5822 365 5874 loci
408 5821 534 5890 polo
567 5814 780 5872 zodiaci
812 5815 1032 5876 subest.
1061 5829 1126 5869 ac
1158 5811 1414 5870 zodiacus
1450 5815 1620 5868 semel

372 5912 648 5970 Ριτιιοι..
697 5907 815 5969 Gtt.
863 5905 1038 5967 XIX.

1743 4625 1829 4672 est
1854 4616 1998 4685 apud
2029 4631 2220 4672 omnes
2240 4656 2257 4681 ,
2290 4615 2385 4672 sed
2425 4616 2480 4670 in
2508 4626 2697 4672 nostra
2728 4617 3066 4674 habitatione
3104 4619 3320 4694 primus

1742 4708 2057 4762 nominatur
2113 4707 2357 4762 circulus
2406 4708 2685 4774 arcticus,
2762 4709 3041 4766 secundus
3094 4712 3323 4767 mstivus

1739 4800 2025 4869 tropicus,
2083 4800 2277 4855 tertius
2313 4800 2734 4870 aequinoctialis.
2771 4809 3004 4870 quartus
3057 4803 3322 4858 hibernus

1740 4891 2010 4961 tropicus.
2034 4891 2260 4946 uuintus
2289 4893 2646 4948 antarcticus.

1813 5075 1883 5129 Iis
1899 5087 2028 5128 vero
2045 5073 2136 5144 qui
2165 5076 2341 5146 magis
2367 5074 2616 5128 habitant
2646 5090 2837 5132 versus
2865 5075 3316 5146 septentrionem,

1741 5181 1902 5237 quam
1938 5181 2059 5231 nos,
2092 5165 2151 5220 tit
2200 5167 2496 5237 aliquando
2550 5168 2762 5238 primus
2793 5169 3021 5222 aestivus
3069 5168 3318 5238 tropicus

1741 5259 2002 5324 circulus,
2034 5259 2309 5316 secundus
2333 5262 2572 5320 arcticus
2597 5301 2615 5327 ,
2649 5265 2845 5318 tertius
2870 5262 3276 5332 aequinoctialis
3300 5301 3318 5324 .

1732 5532 1788 5589 in
1832 5532 1919 5588 die
1953 5531 2256 5588 horizontis
2302 5532 2480 5589 instar
2523 5533 2706 5588 habet.
2757 5531 3008 5587 Secunda
3053 5533 3319 5594 habitatio

1731 5612 1814 5660 est
1837 5605 1926 5658 ubi
1964 5613 2149 5658 vertex
2177 5612 2264 5660 est
2298 5604 2488 5659 mundi
2515 5605 2698 5674 polus.
2737 5604 2869 5657 Nam
2903 5603 2978 5656 ibi
3021 5606 3206 5661 nullus
3232 5619 3318 5661 cst

1729 5675 2278 5757 circulusoat‘clicus,
2313 5675 2393 5733 uti
2443 5689 2546 5730 nec
2587 5674 2642 5728 in
2680 5675 2866 5738 tertia,
2899 5687 3025 5742 qun
3071 5677 3320 5743 subiacet

1729 5755 2016 5816 aequatori.

3001 5885 3080 5961 ξε
