3786 6318
91 379 160 433 fill
1139 377 1375 435 GEMINI
1418 379 1786 435 ELEMENTA
1825 381 2324 438 ASTRONOMIE.

3211 383 3314 436 782

89 495 358 559 κστ-τάσεις
414 493 640 565 ἔχουσιν
680 493 772 546 ἀπ’
807 493 1048 562 ἀλλήλων
1079 496 1126 547 οἱ
1162 495 1348 550 κύκλοι
1369 515 1384 528 °
1439 498 1551 551 ἀλλ’
1585 499 1634 552 οί

1757 515 1840 554 ias
1872 499 2073 554 habent
2099 513 2130 552 a
2169 514 2228 554 se
2286 498 2515 553 invicem
2573 498 2867 554 distantias
2898 517 2910 552 :
2958 498 3152 568 tropici
3188 515 3314 552 vero

91 589 172 658 μὲν
203 587 449 659 τροπικοὶ
497 585 689 639 κύκλοι
733 586 840 640 ἀπὸ
877 585 970 638 τοῦ
1011 587 1324 658 ἰσημερινοῦ
1358 590 1497 643 κατὰ
1530 593 1638 644 πᾶν

87 681 292 749 ἓγκλιμα
312 677 411 749 τὴν
438 678 616 749 αὐτὴν
647 678 942 731 ἀπόστασιν
969 677 1179 748 ἔχουσιν
1199 697 1212 709 ο
1241 681 1290 732 οί
1313 681 1371 735 δὲ
1392 685 1640 753 τροπικοὶ

87 770 247 823 κύκλοι
276 770 382 822 ἀπὸ
435 769 551 822 τῶν
583 769 856 841 ἀρκτικῶν
894 770 954 822 ού
984 771 1083 840 τὴν
1119 771 1286 842 αὐτὴν
1315 773 1496 843 ἔχουσι
1521 775 1640 828 διά-

85 878 248 916 στασιν
297 861 439 914 κατὰ
486 861 696 925 πάντας
738 863 863 925 τοὺς
913 861 1225 933 ὁρίζοντας,
1269 865 1385 918 ἀλλ’
1433 867 1482 918 oi
1541 867 1640 937 μὲν

85 953 302 1016 ελασσον,
327 953 380 1006 ot
405 953 467 1006 δὲ
510 952 672 1006 πλέον
711 953 1072 1026 διεστήκασιν.

149 1046 368 1116 Ὁμοίως
401 1045 463 1098 δὲ
498 1045 621 1099 οὐδὲ
647 1047 695 1098 οί
741 1046 992 1117 ἁρκτικοὶ
1021 1047 1128 1100 ἀπὸ
1171 1047 1278 1101 τῶν
1321 1048 1498 1105 πόλων
1541 1051 1640 1122 τὴν

85 1136 187 1208 ἴσην
217 1139 522 1191 ἀπόστασιν
570 1137 752 1208 ἔχουσι
795 1138 937 1192 κατὰ
987 1140 1095 1192 πᾶν
1140 1137 1407 1212 ἔγκλιμα’
1443 1142 1558 1196 ἀλλ’
1590 1145 1639 1195 οἱ

87 1229 170 1297 μὲν
193 1229 478 1294 ἐλάσσονα,
504 1230 556 1281 oi
589 1229 646 1282 δὲ
672 1229 911 1285 πλείονα.
945 1231 1404 1302 Καταγρὰφονται
1455 1231 1641 1304 μέντοι

83 1337 134 1388 γε
156 1322 315 1374 πᾶσαι
345 1321 403 1374 αί
436 1319 781 1391 περιφέρειαι
809 1319 946 1392 πρὸς
978 1320 1070 1374 τὸν
1104 1323 1162 1375 ὲν
1189 1325 1254 1393 τῇ
1298 1322 1505 1378 Ἐλλάδι
1529 1325 1642 1396 όρί-

83 1412 240 1476 ζοντα.

139 1501 230 1555 Διὰ
254 1501 363 1554 τῶν
414 1501 598 1553 πόλων
624 1501 680 1554 δέ
728 1503 835 1554 εἰσι
878 1503 1089 1562 κύκλοι.
1116 1505 1164 1557 οξ
1204 1504 1309 1558 ὑπό
1339 1523 1501 1560 τινων
1546 1507 1640 1561 κό-

82 1594 235 1666 λουροι
277 1593 834 1667 προσαγορευόμενοι,
883 1590 965 1660 οἷς
999 1597 1351 1668 συμϐέϐηκεν
1395 1601 1490 1654 ἐπὶ
1532 1600 1642 1655 τῶν

83 1686 206 1738 ἰδίων
239 1686 608 1758 περιφερειῶν
643 1688 688 1718 ³³
713 1689 836 1752 τοὺς
878 1687 972 1742 τοῦ
1015 1689 1220 1761 κόσμου
1249 1691 1444 1756 πόλους
1472 1691 1637 1763 ἔχειν.

81 1779 319 1850 Κόλουροι
370 1779 430 1833 δὲ
488 1779 801 1852 κέκληνται,
851 1781 941 1836 διὰ
981 1783 1044 1836 τὸ
1101 1783 1242 1856 μέρη
1287 1785 1420 1840 τινὰ⁸
1461 1787 1641 1841 αὐτῶν

1741 592 1934 646 circuli
1964 590 2031 645 ab
2058 589 2432 661 aequinoctiali
2491 592 2545 644 in
2595 591 2746 644 omni
2796 590 3016 646 climate
3066 591 3311 647 eamdem

1742 684 1942 740 habent
1985 683 2334 751 distantiam;
2377 683 2472 739 sed
2503 684 2694 754 tropici
2726 684 2916 740 circuli
2971 683 3040 738 ab
3091 684 3314 740 arcticis

1740 792 1848 831 non
1869 779 2115 831 eamdem
2145 775 2344 831 habent
2358 776 2672 831 distantiam
2700 776 2755 831 in
2773 777 3028 833 omnibus
3053 775 3311 832 horizon-

1741 865 1907 929 tibus,
1945 864 2041 922 sed
2069 865 2162 919 alii
2197 865 2397 932 minus,
2431 865 2525 920 alii
2551 866 2675 935 plus
2709 866 2936 922 distant.

1812 1040 2079 1097 Similiter
2105 1057 2282 1113 neque
2321 1043 2509 1098 arctici
2554 1058 2586 1098 a
2629 1043 2771 1114 polis
2797 1043 3059 1114 aqualem
3109 1043 3313 1102 habent

1741 1137 2056 1193 distantiam
2085 1138 2138 1192 in
2169 1139 2318 1194 omni
2349 1139 2604 1205 climate,
2656 1139 2751 1196 sed
2782 1139 2876 1193 alii
2899 1139 3188 1204 minorem,
3219 1140 3309 1192 alii

1741 1229 2026 1299 majorem.
2062 1229 2458 1286 Describuntur
2479 1238 2663 1287 tamen
2694 1246 2886 1286 omnes
2920 1229 3312 1286 circumferen-

1743 1322 1832 1376 tia:
1865 1321 1931 1376 ad
1956 1321 2295 1378 horizontem
2337 1322 2579 1378 Graeciae.

1813 1505 1918 1560 Per
1943 1507 2096 1576 polos
2125 1505 2275 1561 ducti
2307 1505 2501 1561 circuli
2537 1514 2666 1562 sunt
2695 1507 2732 1562 ii
2780 1507 2871 1578 qui
2914 1523 2944 1561 a
2986 1506 3311 1577 quibusdam

1743 1607 2008 1654 vocantur
2033 1598 2224 1660 coluri,
2271 1598 2473 1668 quibus
2527 1599 2790 1670 contingit
2838 1599 2890 1652 iu
2923 1597 3158 1668 propriis
3203 1597 3312 1653 cir—

1743 1690 2116 1746 cumferentiis
2143 1691 2331 1746 mundi
2365 1690 2520 1761 polos
2557 1691 2778 1746 habere.
2807 1689 3086 1746 Vocantur
3131 1699 3311 1746 autem

1744 1783 1940 1847 coluri,
1975 1798 2040 1837 eo
2065 1783 2210 1854 quod
2253 1799 2440 1839 eorum
2470 1791 2653 1853 partes
2700 1785 2892 1855 aliqua:
2920 1785 3031 1841 sint
3061 1784 3311 1840 invisibi-

81 1870 343 1942 ἁθεώρητα
393 1871 659 1941 γίνεσθαι.
711 1875 774 1926 Οί
814 1874 910 1945 μὲν
941 1874 1050 1946 γὰρ
1082 1875 1258 1930 λοιποὶ
1287 1879 1476 1933 κύκλοι
1503 1883 1636 1933 κατὰ

1757 1891 1842 1935 ηεε.
1887 1875 2266 1946 lteliquienim
2291 1876 2487 1931 circuli
2515 1877 2614 1930 toti
2645 1885 2965 1947 spectantur
3012 1875 3312 1934 secundum

80 1966 160 2036 τὴν
183 1967 557 2039 περιστροφὴν
587 1967 682 2020 τοῦ
725 1968 930 2038 κόσμου
961 1968 1072 2022 ὅλοι
1115 1969 1464 2041 θεωροῦνται.
1522 1972 1642 2026 Τῶν

79 2057 124 2110 δὲ
148 2058 419 2130 κολούρων
449 2057 667 2112 κύκλων
713 2059 854 2130 μέρη
895 2060 1019 2114 τινά
1056 2061 1204 2114 ἐστιν
1237 2061 1545 2135 ἀθεώρητα,
1576 2067 1643 2120 τὰ

81 2150 168 2203 ὑπὸ
188 2151 277 2204 τοῦ
308 2151 682 2223 ἀνταρκτικοῦ
719 2152 823 2206 ὑπὸ
853 2153 945 2206 τὸν
978 2154 1230 2224 ὁρίζοντα
1259 2157 1640 2226 ἀπολαμϐανό-

84 2259 218 2311 μενα.
245 2245 561 2315 Γράφονται
591 2243 648 2297 δὲ
679 2238 824 2297 οὗτοι
867 2244 917 2297 οἱ
957 2244 1046 2299 διὰ
1076 2245 1186 2299 τῶν
1217 2246 1393 2301 πόλων
1421 2248 1508 2302 διὰ
1533 2249 1642 2302 τῶν

81 2336 328 2404 τροπικῶν
363 2336 463 2389 καὶ
508 2334 839 2407 ίσημερινῶν
884 2336 1148 2407 σημείων,
1181 2339 1276 2391 καὶ
1321 2341 1401 2402 είς
1429 2339 1471 2393 δ’
1500 2342 1640 2412 μέρη

82 2424 155 2478 ίσα
175 2427 444 2497 διαιροῦσι
479 2426 575 2480 τὸν
602 2426 691 2479 διὰ
725 2427 904 2498 μέσων
928 2427 1037 2482 τῶν
1067 2427 1272 2493 ζωδίων
1302 2429 1520 2488 κύκλον.

136 2515 288 2582 Δοξδς
328 2516 392 2570 δέ
439 2517 560 2569 ἐστι
589 2515 787 2581 κύκλος
814 2521 843 2572 6
865 2517 974 2572 τῶν
1024 2517 1089 2588 ιβ’
1131 2519 1337 2584 ζωδίων
1357 2538 1370 2551 ·
1401 2523 1561 2586 αὐτὸς
1584 2523 1641 2577 δὲ

80 2608 132 2658 ὲκ
156 2613 198 2675 τ
243 2607 465 2661 κύκλων
501 2607 862 2679 παραλλήλων
917 2609 1279 2682 συνέστηκεν·
1321 2604 1396 2665 ὧν
1441 2613 1490 2666 οἱ
1543 2614 1640 2684 μὲν

81 2699 131 2750 τὸ
159 2699 349 2764 πλάτος
378 2700 669 2771 ἀφορίζειν
703 2701 949 2770 λέγονται
979 2702 1075 2756 τοῦ
1105 2703 1370 2768 ζωδιακοῦ
1403 2705 1601 2759 κύκλου
1622 2725 1635 2738 ⁸

81 2791 104 2842 ό
151 2791 202 2845 δὲ
251 2793 339 2847 διὰ
397 2793 586 2864 μέσων
635 2793 742 2846 τῶν
793 2793 997 2858 ζωδίων
1045 2794 1306 2850 καλεῖται.
1357 2789 1526 2861 Οὗτος
1583 2799 1639 2850 δὲ

81 2885 352 2952 ἐφάπτεται
376 2887 478 2940 δύο
500 2885 717 2938 κύκλων
755 2885 884 2939 ῐσων
915 2903 973 2939 τε
1001 2887 1096 2940 καὶ
1122 2887 1481 2959 παραλλήλων
1499 2907 1511 2919 ·
1543 2889 1638 2943 τοῦ

83 2976 164 3043 μὲν
197 2974 410 3048 θερινοῦ
453 2973 718 3047 τροπικοῦ
751 2975 890 3028 κατὰ
921 2975 1018 3046 τὴν
1046 2975 1138 3028 τοῦ
1173 2975 1450 3047 Καρκίνου
1488 2977 1638 3048 πρὼ-

81 3082 162 3134 την
199 3072 416 3138 μοῖραν.
452 3068 548 3121 τοῦ
603 3067 659 3120 δὲ
702 3069 1013 3141 χειμερινοῦ
1059 3068 1322 3140 τροπικοῦ
1353 3070 1495 3123 κατὰ
1539 3070 1640 3138 τὴν

83 3157 159 3210 τοῦ
193 3160 477 3232 Δίγόκερω
529 3158 753 3230 πρώτην
808 3163 1033 3232 μοῖρανο
1083 3160 1175 3214 τὸν
1220 3161 1278 3215 δὲ
1328 3162 1639 3234 ἰσημερινὸν

1745 1968 1931 2023 mundi
1985 1968 2438 2036 conversionem;
2498 1977 2555 2023 at
2612 1969 2926 2024 colurorum
2981 1968 3313 2024 circulorum

1746 2069 1926 2131 partes
1961 2061 2154 2132 aliquae
2183 2068 2312 2117 sunt
2345 2061 2667 2124 invisibiles,
2703 2076 2781 2116 ea:
2808 2061 3062 2116 videlicet
3103 2077 3224 2132 quae
3248 2063 3317 2113 ali

1742 2154 2045 2209 antarctico
2071 2155 2176 2209 sub
2215 2154 2497 2209 horizonte
2547 2153 2934 2209 desumuntur.
2989 2153 3317 2209 Scribuntur

1742 2252 1924 2301 autem
1951 2244 2027 2309 hi,
2053 2246 2144 2316 qui
2174 2261 2272 2315 per
2298 2247 2454 2316 polos
2484 2253 2614 2302 sunt
2641 2245 2813 2310 ducti,
2846 2261 2941 2316 per
2971 2254 3172 2316 puncta
3201 2247 3314 2300 sol-

1743 2343 1964 2397 stitialia
1989 2351 2042 2398 et
2063 2342 2486 2412 mquinoctialia,
2508 2349 2565 2398 ct
2590 2341 2645 2395 in
2671 2347 2910 2412 quatuor
2933 2350 3114 2410 partes
3143 2355 3318 2410 atqua-

1743 2432 1822 2487 les
1847 2432 2094 2488 dividunt
2118 2433 2446 2503 eclipticam.

1815 2526 1918 2594 12
1953 2525 2220 2596 Obliquus
2250 2533 2430 2580 autem
2457 2534 2540 2583 est
2561 2527 2802 2582 circulus
2831 2527 2877 2582 is
2903 2528 2993 2597 qui
3024 2525 3312 2581 duodecim

1741 2625 1825 2671 est
1854 2621 2153 2688 signorum.
2194 2616 2293 2672 llic
2326 2633 2454 2674 vero
2480 2635 2547 2675 ex
2583 2620 2761 2674 tribus
2787 2619 3010 2674 circulis
3043 2618 3316 2688 parallclis

1742 2713 2076 2782 compositus
2111 2720 2234 2777 est,
2289 2727 2524 2783 quorum
2585 2711 2639 2765 hi
2689 2711 2910 2782 quidem
2972 2710 3312 2765 latitudinem

1741 2805 1952 2860 zodiaci
1978 2807 2170 2862 circuli
2199 2807 2568 2862 determinare
2608 2806 2906 2873 dicuntur;
2938 2807 3042 2862 iste
3069 2819 3202 2859 vero
3231 2805 3316 2858 di-

1741 2899 1886 2953 citur
1907 2899 2149 2955 circulus
2179 2915 2274 2970 per
2315 2899 2492 2954 media
2528 2899 2702 2971 signa.
2765 2899 2864 2954 llic
2913 2898 3130 2970 attingit
3177 2897 3316 2953 duas

1741 2990 1978 3046 circulos
2041 3007 2164 3046 cum
2221 2993 2462 3062 aequales
2496 3033 2511 3057 ,
2579 3002 2692 3046 tum
2742 2992 3077 3064 parallelos:
3122 3006 3314 3059 nempe

1740 3085 1990 3138 astivum
2037 3084 2311 3154 tropicum
2374 3100 2472 3156 per
2517 3085 2715 3141 Cancri
2769 3087 3001 3156 primam
3060 3093 3309 3156 partem;

1743 3177 2031 3233 hibernum
2074 3192 2203 3232 vero
2252 3178 2524 3248 tropicum
2571 3194 2669 3249 per
2688 3177 3021 3248 ‘Capricorni
3081 3178 3311 3247 primam

82 3247 181 3319 δίχα
202 3253 386 3322 τέμνει
423 3249 570 3304 κατὰ
599 3249 696 3322 τὴν
722 3251 814 3304 τοῦ
842 3251 1013 3323 Κριοῦ
1047 3251 1268 3323 πρώτην
1301 3256 1514 3324 μοῖραν,
1550 3255 1636 3307 καὶ

1757 3277 1991 3339 partem;
2030 3247 2462 3340 aquinoctialem
2492 3247 2671 3324 autem
2694 3269 2977 3340 aequaliter
2996 3269 3190 3324 dividit
3217 3283 3312 3338 per

84 3344 202 3396 κατὰ
237 3345 334 3413 τὴν
367 3343 470 3396 τοῦ
513 3340 690 3410 Ζυγοῦ
723 3341 946 3414 πρώτην
981 3345 1194 3415 μοῖραν.
1247 3344 1320 3396 Τὸ
1347 3343 1404 3396 δὲ
1441 3345 1642 3410 πλάτος

82 3433 178 3485 ἐστὶ
204 3437 290 3489 τοῦ
317 3434 598 3502 ζωδιακοῦ
637 3433 833 3488 κύκλου
876 3435 1079 3506 μοιρῶν
1123 3434 1210 3506 ιβ’.
1255 3435 1420 3502 Δοξὸς
1451 3437 1510 3489 δὲ
1546 3437 1639 3490 κέ-

83 3523 249 3595 κληται
271 3529 299 3580 ό
325 3525 600 3592 ζωδιακὸς
629 3525 845 3592 κύκλος,
869 3526 958 3580 διὰ
985 3526 1048 3579 τὸ
1071 3526 1240 3593 λοξῶς
1265 3526 1486 3598 τέμνειν
1517 3529 1641 3592 τοὺς

85 3619 440 3690 παραλλήλους
471 3617 727 3681 κύκλους.

145 3731 360 3802 Ὀρίζων
394 3732 459 3786 δέ
492 3733 610 3784 ἐστι
655 3731 851 3795 κύκλος
877 3734 906 3785 6
932 3731 1178 3804 διορίζων
1205 3733 1335 3804 ἡμῖν
1362 3734 1424 3786 τό
1455 3751 1512 3786 τε
1540 3751 1640 3803 φα-

80 3822 212 3892 νερὸν
243 3824 338 3877 καὶ
376 3823 443 3877 τὸ
487 3823 690 3891 ἀφανὲς
733 3824 896 3894 μέρος
934 3823 1027 3876 τοῦ
1063 3824 1290 3896 κόσμου,
1317 3827 1412 3879 καὶ
1438 3825 1642 3896 διχοτοο

83 3906 182 3975 μῶν
208 3908 304 3980 τὴν
337 3911 477 3980 ὅλην
515 3912 750 3980 σφαῖραν
795 3910 888 3963 τοῦ
920 3911 1160 3982 κόσμου’
1199 3912 1338 3966 ὥστε
1377 3914 1643 3984 ἡμισφαί-

84 4013 176 4065 ριον
213 4001 311 4070 μὲν
351 4001 503 4072 ὑπὲρ
567 3999 673 4070 γῆν
730 4001 1206 4072 ἀπολαμϐάνεσθαι
1230 4045 1246 4069 ,
1286 4004 1642 4075 ἡμισφαίριον

78 4085 126 4139 δὲ
172 4090 270 4144 ὑπὸ
316 4093 452 4162 γῆν.
508 4092 630 4144 Εἰσὶ
680 4093 738 4145 δὲ
772 4093 820 4145 oi
845 4093 1117 4165 ὁρίζοντες
1157 4095 1270 4161 δύο,
1318 4092 1397 4161 εἷς
1457 4098 1556 4168 μὲν
1611 4099 1641 4150 6

80 4179 331 4252 αἰσθητὸς,
368 4182 568 4254 ἕτερος
598 4181 655 4234 δὲ
682 4185 711 4236 6
734 4183 876 4254 λόγῳ
919 4184 1210 4256 θεωρητός.
1245 4187 1511 4259 Δίσθητὸς
1542 4191 1640 4260 μὲν

78 4264 153 4322 οὖν
173 4275 311 4327 ἐστιν
324 4275 535 4347 ὁρίζων
553 4276 583 4328 ό
604 4274 710 4328 ὑπὸ
739 4276 836 4348 τῆς
860 4277 1133 4349 ἡμετέρας
1165 4279 1340 4348 ὂψεως
1371 4298 1638 4353 περιγραο

80 4362 283 4433 φάμενος
307 4367 461 4422 κατὰ
483 4368 574 4422 τὸν
601 4368 1081 4440 ἀποτερματισμὸν
1095 4372 1194 4442 τῆς
1221 4373 1562 4443 ὀράσεως,ὂς
1579 4374 1640 4426 οὐ

81 4459 276 4524 μείζονα
288 4463 392 4533 τὴν
411 4461 708 4532 διάμετρον
731 4461 843 4532 ἔχει
867 4463 1094 4517 σταδίων
1116 4463 1159 4534 β’
1180 4482 1192 4495 ·
1213 4467 1242 4518 ό
1269 4466 1328 4519 δὲ
1347 4466 1491 4539 λόγῳ
1507 4468 1642 4522 θεω-

80 4552 216 4618 ρητὸς
241 4554 448 4625 ὁρίζων
481 4554 632 4608 ἐστὶν
656 4557 683 4608 ὁ
702 4556 862 4627 μέχρι
877 4557 976 4627 τῆς
997 4555 1105 4609 τῶν
1122 4558 1378 4612 ἀπλανῶν
1395 4561 1640 4632 ἀστέρων

1745 3360 1951 3418 Arietis
2008 3363 2238 3432 primam
2295 3369 2546 3433 partem,
2601 3371 2656 3418 et
2705 3378 2803 3432 per
2853 3361 3031 3417 Librae
3079 3361 3310 3432 primam

1742 3463 1970 3522 partem.
2019 3452 2273 3508 Latitudo
2302 3455 2510 3510 zodiaci
2551 3462 2637 3509 est
2680 3453 2916 3524 partium
2969 3452 3052 3508 l2.
3106 3451 3315 3506 Dicitur

1744 3543 2001 3600 zodiacus
2029 3543 2272 3600 circulus
2309 3545 2586 3616 obliquus.
2628 3560 2694 3599 eo
2723 3544 2868 3616 quod
2900 3545 3118 3615 oblique
3165 3553 3316 3600 secat

1743 3633 1980 3688 circulos
2003 3635 2310 3704 parallelos.

1815 3723 2054 3782 Horizon
2075 3736 2159 3783 est
2186 3728 2427 3784 circulus
2456 3728 2549 3798 qui
2571 3728 2727 3784 nobis
2756 3728 3041 3799 distinguit
3067 3737 3122 3785 et
3146 3743 3283 3799 appa
3310 3761 3314 3765 -
3410 3786 3415 3791 _
3518 3804 3525 3811 _

1745 3826 1954 3873 rentem
1983 3830 2037 3875 et
2059 3834 2166 3874 non
2195 3829 2542 3892 apparentem
2573 3829 2780 3890 partem
2812 3821 3022 3886 mundi,
3054 3827 3109 3875 et
3133 3835 3317 3891 aequa-

1745 3911 1870 3965 liter
1893 3910 2084 3966 dividit
2127 3918 2296 3966 totam
2352 3913 2619 3984 sphaeram
2669 3913 2882 3978 mundi,
2918 3916 2991 3968 ita
3034 3921 3096 3968 ut
3143 3913 3318 3968 hemi-

1743 4003 2034 4073 sphaerium
2067 4019 2234 4074 supra
2266 4012 2469 4059 terram
2496 4005 2840 4071 desumatur,
2870 4005 3314 4075 hemispharium

1743 4110 1872 4150 vero
1901 4095 2042 4149 infra
2071 4103 2296 4150 terram.
2323 4095 2464 4150 Sunt
2481 4107 2664 4151 autem
2691 4097 3005 4152 horizontes
3023 4097 3154 4160 duo,
3173 4113 3316 4152 unus

1743 4186 1838 4257 qui
1867 4194 1953 4241 est
1980 4188 2274 4251 sensibilis,
2310 4189 2447 4244 alter
2469 4189 2561 4258 qui
2593 4189 2804 4244 ratione
2829 4191 3149 4259 percipitur.
3179 4189 3313 4243 Sen-

1743 4277 1920 4334 sibilis
1944 4278 2171 4333 horizon
2199 4286 2284 4334 est
2311 4279 2406 4350 qui
2431 4293 2462 4332 a
2503 4287 2694 4335 nostro
2715 4281 2837 4334 visu
2864 4279 3196 4335 describitur
3225 4297 3312 4335 sc-

1742 4368 1983 4423 cundum
2027 4369 2535 4424 determinationem
2591 4368 2778 4435 visus,
2843 4370 2937 4440 qui
2998 4384 3107 4424 non
3153 4369 3318 4429 habet

1743 4461 2003 4529 majorem
2054 4461 2378 4514 diametrum
2417 4458 2607 4515 stadiis
2632 4459 2816 4525 2000;
2845 4468 2902 4513 at
2933 4460 3178 4527 horizon,
3221 4461 3312 4530 qui

1742 4555 1953 4610 ratione
1983 4553 2280 4624 percipitur
2303 4591 2319 4616 .
2350 4552 2598 4622 pervenit
2631 4552 2698 4606 ad
2722 4552 2991 4623 sphaeram
3031 4553 3311 4608 stellarum

78 4643 287 4715 σφαίρας
331 4646 568 4718 διήκων,
611 4647 708 4700 καὶ
751 4646 1048 4718 διχοτομῶν
1092 4648 1184 4702 τὸν
1236 4649 1356 4702 ὅλον
1411 4650 1634 4721 κόσμον.

1757 4647 1990 4709 ixarum,
2014 4653 2068 4701 et
2096 4652 2272 4699 totum
2302 4645 2562 4699 mundum
2586 4645 2868 4714 aequaliter
2888 4643 3100 4698 dividit.

130 4736 197 4788 υύ
225 4738 369 4791 κατὰ
396 4738 588 4790 πᾶσαν
618 4737 676 4791 δὲ
705 4738 877 4800 πόλιν,
902 4739 996 4793 καὶ
1031 4737 1217 4812 χώραν
1247 4743 1276 4794 ὁ
1304 4741 1466 4806 αὐτός
1495 4744 1640 4796 ἐστιν

73 4821 276 4892 ὁρίζωνο
321 4827 472 4882 ἀλλὰ
516 4827 657 4898 πρὸς
701 4829 802 4899 μὲν
846 4829 945 4900 τὴν
995 4830 1248 4902 αἴσθησιν
1302 4833 1488 4902 σχεδόν
1546 4835 1640 4887 ἐπὶ

75 4915 290 4982 σταδίους
338 4925 388 4974 0'
426 4922 459 4974 6
503 4919 668 4983 αὐτὸς
707 4919 903 4991 ὁρίζων
939 4919 1203 4990 διαμένει,
1247 4921 1388 4977 ὥστε
1425 4924 1518 4977 καὶ
1573 4924 1642 4977 τὰ

75 5007 252 5080 μεγὲοη
282 5011 408 5065 τῶν
453 5010 698 5081 ἡμερῶν,
747 5012 839 5066 καὶ
876 5013 936 5064 τὸ
981 5012 1172 5084 κλίμα,
1207 5015 1302 5069 καὶ
1335 5015 1404 5069 τὰ
1461 5016 1641 5071 πάντα

73 5101 345 5170 φαινόμενα
373 5102 450 5156 τὰ
479 5101 622 5155 αὐτὰ
648 5101 944 5173 διαμένειν.

129 5190 384 5246 Πλειόνων
424 5194 484 5247 δὲ
527 5193 756 5247 σταδίων
789 5195 1087 5266 γινομένων
1118 5199 1261 5252 κατὰ
1291 5199 1388 5269 τὴν
1419 5200 1636 5272 παραλ-

71 5278 216 5355 λαγὴν
257 5287 361 5358 τῆς
416 5287 710 5356 οἰκήσεως,
759 5287 942 5361 ἔτερος
988 5289 1185 5362 ὁρίζων
1240 5291 1446 5358 γίνεται
1499 5292 1632 5362 (20),

72 5375 190 5428 κατὰ
216 5379 276 5432 τὸ
322 5380 504 5450 κλίμα
547 5378 840 5450 διαφέρων,
874 5381 967 5434 καὶ
1000 5383 1176 5437 πάντα
1221 5383 1290 5436 τὰ
1332 5385 1632 5454 φαινόμενα

124 5532 172 5611 "_
195 5553 278 5602 rp.
312 5537 690 5607 ἡμικυκλιων.

117 5683 226 5766 ,(90)
257 5694 507 5761 Ἕτερος
535 5690 743 5762 ὁρίζων
782 5695 1022 5766 γίνεται,
1046 5691 1122 5746 Ita
1153 5692 1208 5766 in
1239 5689 1613 5766 editis_ct_An-

70 5755 260 5834 glian
285 5755 496 5834 codice
519 5755 584 5817 ac
621 5755 826 5819 nostro.
864 5764 1170 5834 Perperam
1190 5765 1372 5834 itaque
1401 5759 1610 5834 Saluta-

1810 4739 1929 4795 Non
1956 4745 2041 4795 est
2065 4746 2246 4793 autem
2278 4737 2419 4792 idem
2462 4737 2690 4791 horizon
2722 4751 2818 4807 per
2842 4752 3033 4792 omnes
3066 4735 3230 4792 urbes
3258 4747 3313 4790 ct

1743 4831 2014 4902 regiones,
2044 4829 2140 4885 sed
2169 4829 2350 4900 quoad
2378 4844 2599 4886 sensum
2622 4827 2734 4884 fere
2755 4830 2808 4883 in
2830 4828 3024 4884 stadiis
3043 4828 3149 4883 600
3167 4828 3310 4883 idem

1744 4923 1968 4978 horizon
1995 4931 2300 4994 permanet,
2323 4925 2396 4976 ita
2440 4931 2500 4976 ut
2539 4932 2596 4978 et
2625 4921 3028 4993 magnitudines
3075 4921 3310 4979 dierum.

1742 5025 1795 5070 et
1819 5015 2000 5081 clima,
2037 5026 2092 5070 et
2120 5029 2312 5070 omnes
2343 5015 2672 5086 apparentia:
2697 5013 2896 5070 eadem
2934 5023 3310 5084 permaneant.

1812 5196 1950 5251 Cum
1981 5209 2112 5251 vero
2134 5194 2290 5265 plura
2316 5194 2520 5251 fuerint
2559 5194 2736 5250 stadia
2759 5194 2918 5263 juxta
2941 5193 3313 5250 diversitatem

1744 5287 2119 5353 habitationis,
2151 5287 2292 5342 alius
2325 5285 2384 5340 fit
2418 5287 2668 5351 horizon,
2701 5288 2921 5342 climate
2949 5285 3226 5349 differens,
3257 5291 3312 5338 et

1739 5397 1931 5438 omnes
1970 5379 2302 5450 apparentia
2327 5388 2630 5434 mutantur.
2662 5378 3051 5434 Verumtamen
3094 5389 3311 5450 oportet

1723 5710 1809 5770 ita
1840 5693 2118 5770 διαφέρον,
2151 5697 2298 5770 quod
2349 5697 2484 5770 etsi_
2508 5694 2697 5750 eodem
2729 5697 2996 5759 recurrit,
3039 5701 3301 5770 tamenet

1721 5763 1954 5833 vulgatae
1985 5763 2204 5824 lectioni
2241 5767 2522 5824 sententia
2567 5771 2786 5819 constat
2822 5776 2875 5821 et
2921 5778 3122 5820 temere
3150 5769 3295 5820 solli.

71 5830 164 5883 suis
191 5831 372 5900 (Plin.
409 5832 630 5900 Exora,
662 5850 716 5906 p.
747 5834 845 5890 66l
881 5823 952 5906 D')
972 5823 1258 5897 'emendat,
1285 5823 1385 5884 'zil.
1408 5829 1469 5885 τὸ
1495 5830 1611 5884 κλξο
1719 5823 1877 5889 citari
1911 5852 2022 5892 non
2059 5838 2180 5896 delr
