  <div class='ocr_page' id='page_1' title='image "/cluster/home/n/w/nwhite01/storage/ocr_20150623/19/hvd.32044011362951/400.png"; bbox 0 0 3786 6314; ppageno 0'>
   <div class='ocr_carea' id='block_1_1' title="bbox 95 275 185 331">
    <p class='ocr_par' dir='ltr' id='par_1_1' title="bbox 95 275 185 331">
     <span class='ocr_line' id='line_1_1' title="bbox 95 275 185 331; baseline 0.011 -1"><span class='ocrx_word' id='word_1_1' title='bbox 95 275 185 331; x_wconf 73' lang='lat'><strong>785</strong></span> 
     </span>
    </p>
   </div>
   <div class='ocr_carea' id='block_1_2' title="bbox 1177 273 2364 342">
    <p class='ocr_par' dir='ltr' id='par_1_2' title="bbox 1177 273 2364 342">
     <span class='ocr_line' id='line_1_2' title="bbox 1177 273 2364 342; baseline 0.009 -11"><span class='ocrx_word' id='word_1_2' title='bbox 1177 273 1422 331; x_wconf 76' lang='lat' dir='ltr'><strong>GEMINI</strong></span> <span class='ocrx_word' id='word_1_3' title='bbox 1459 275 1830 334; x_wconf 75' lang='lat' dir='ltr'><strong>ELEMENTA</strong></span> <span class='ocrx_word' id='word_1_4' title='bbox 1869 279 2364 342; x_wconf 68' lang='grc' dir='ltr'><strong>ΑδτΒοΝοΜΜῑ.</strong></span> 
     </span>
    </p>
   </div>
   <div class='ocr_carea' id='block_1_3' title="bbox 3233 289 3337 347">
    <p class='ocr_par' dir='ltr' id='par_1_3' title="bbox 3233 289 3337 347">
     <span class='ocr_line' id='line_1_3' title="bbox 3233 289 3337 347; baseline 0.038 -4"><span class='ocrx_word' id='word_1_5' title='bbox 3233 289 3337 347; x_wconf 74' lang='lat'><strong>786</strong></span> 
     </span>
    </p>
   </div>
   <div class='ocr_carea' id='block_1_4' title="bbox 96 391 1658 472">
    <p class='ocr_par' dir='ltr' id='par_1_4' title="bbox 96 391 1658 465">
     <span class='ocr_line' id='line_1_4' title="bbox 96 391 1658 465; baseline 0.003 -20"><span class='ocrx_word' id='word_1_6' title='bbox 96 391 301 457; x_wconf 76' lang='grc' dir='ltr'>ζωδιων,</span> <span class='ocrx_word' id='word_1_7' title='bbox 336 391 389 445; x_wconf 69' lang='grc' dir='ltr'>οἱ</span> <span class='ocrx_word' id='word_1_8' title='bbox 433 391 529 446; x_wconf 73' lang='grc' dir='ltr'><strong>διὰ</strong></span> <span class='ocrx_word' id='word_1_9' title='bbox 571 392 682 448; x_wconf 86' lang='grc' dir='ltr'><strong>τῶν</strong></span> <span class='ocrx_word' id='word_1_10' title='bbox 731 393 922 459; x_wconf 80' lang='grc' dir='ltr'>πόλων,</span> <span class='ocrx_word' id='word_1_11' title='bbox 947 395 976 447; x_wconf 79' lang='grc' dir='ltr'><strong>ὀ</strong></span> <span class='ocrx_word' id='word_1_12' title='bbox 1019 393 1138 447; x_wconf 85' lang='grc' dir='ltr'>καθ’</span> <span class='ocrx_word' id='word_1_13' title='bbox 1171 393 1409 465; x_wconf 80' lang='grc' dir='ltr'>ἑκάστην</span> <span class='ocrx_word' id='word_1_14' title='bbox 1453 395 1658 462; x_wconf 73' lang='grc' dir='ltr'>οἴκησιν</span> 
     </span>
    </p>
   </div>
   <div class='ocr_carea' id='block_1_5' title="bbox 1800 391 3335 472">
    <p class='ocr_par' dir='ltr' id='par_1_5' title="bbox 1800 399 3335 472">
     <span class='ocr_line' id='line_1_5' title="bbox 1800 399 3335 472; baseline 0.005 -20"><span class='ocrx_word' id='word_1_15' title='bbox 1800 399 1998 454; x_wconf 74' lang='lat' dir='ltr'><strong>animi</strong></span> <span class='ocrx_word' id='word_1_16' title='bbox 2025 399 2219 455; x_wconf 83' lang='lat' dir='ltr'><strong>circuli</strong></span> <span class='ocrx_word' id='word_1_17' title='bbox 2253 409 2510 472; x_wconf 82' lang='lat' dir='ltr'><strong>septem:</strong></span> <span class='ocrx_word' id='word_1_18' title='bbox 2563 401 2993 472; x_wconf 66' lang='lat' dir='ltr'><strong>aquinoctialis,</strong></span> <span class='ocrx_word' id='word_1_19' title='bbox 3049 401 3335 470; x_wconf 78' lang='lat' dir='ltr'><strong>zodiacus,</strong></span> 
     </span>
    </p>
   </div>
   <div class='ocr_carea' id='block_1_6' title="bbox 95 484 1306 557">
    <p class='ocr_par' dir='ltr' id='par_1_6' title="bbox 95 484 1306 557">
     <span class='ocr_line' id='line_1_6' title="bbox 95 484 1306 557; baseline 0.007 -21"><span class='ocrx_word' id='word_1_20' title='bbox 95 484 342 555; x_wconf 70' lang='grc' dir='ltr'>διορίζων,</span> <span class='ocrx_word' id='word_1_21' title='bbox 367 485 400 537; x_wconf 80' lang='grc' dir='ltr'>ὁ</span> <span class='ocrx_word' id='word_1_22' title='bbox 437 501 579 557; x_wconf 77' lang='grc' dir='ltr'>μεση</span> <span class='ocrx_word' id='word_1_23' title='bbox 589 484 828 557; x_wconf 84' lang='grc' dir='ltr'>μϐρινὺς,</span> <span class='ocrx_word' id='word_1_24' title='bbox 847 486 875 539; x_wconf 81' lang='grc' dir='ltr'><strong><em>ὁ</em></strong></span> <span class='ocrx_word' id='word_1_25' title='bbox 900 485 994 540; x_wconf 85' lang='grc' dir='ltr'><strong>τοῦ</strong></span> <span class='ocrx_word' id='word_1_26' title='bbox 1017 486 1306 556; x_wconf 75' lang='grc' dir='ltr'>γάλακτος.</span> 
     </span>
    </p>
   </div>
   <div class='ocr_carea' id='block_1_7' title="bbox 1771 491 3338 567">
    <p class='ocr_par' dir='ltr' id='par_1_7' title="bbox 1771 491 3338 567">
     <span class='ocr_line' id='line_1_7' title="bbox 1771 491 3338 567; baseline 0.003 -22"><span class='ocrx_word' id='word_1_27' title='bbox 1771 497 1826 546; x_wconf 91' lang='lat' dir='ltr'><strong>et</strong></span> <span class='ocrx_word' id='word_1_28' title='bbox 1856 491 2096 548; x_wconf 83' lang='lat' dir='ltr'><strong>circulus</strong></span> <span class='ocrx_word' id='word_1_29' title='bbox 2133 508 2230 564; x_wconf 86' lang='lat' dir='ltr'><strong>per</strong></span> <span class='ocrx_word' id='word_1_30' title='bbox 2275 491 2598 551; x_wconf 87' lang='lat' dir='ltr'><strong>medietates</strong></span> <span class='ocrx_word' id='word_1_31' title='bbox 2645 493 2967 567; x_wconf 87' lang='lat' dir='ltr'><strong>signorum;</strong></span> <span class='ocrx_word' id='word_1_32' title='bbox 3017 495 3210 551; x_wconf 82' lang='lat' dir='ltr'><strong>circuli</strong></span> <span class='ocrx_word' id='word_1_33' title='bbox 3244 511 3338 565; x_wconf 89' lang='lat' dir='ltr'><strong>per</strong></span> 
     </span>
    </p>
   </div>
   <div class='ocr_carea' id='block_1_8' title="bbox 99 565 3354 658">
    <p class='ocr_par' dir='ltr' id='par_1_8' title="bbox 99 565 3354 658">
     <span class='ocr_line' id='line_1_8' title="bbox 99 565 3354 658; baseline 0.004 -31"><span class='ocrx_word' id='word_1_34' title='bbox 99 575 267 645; x_wconf 84' lang='lat' dir='ltr'><strong>polos,</strong></span> <span class='ocrx_word' id='word_1_35' title='bbox 296 565 544 631; x_wconf 78' lang='lat' dir='ltr'><strong>circulus</strong></span> <span class='ocrx_word' id='word_1_36' title='bbox 575 577 667 646; x_wconf 88' lang='lat' dir='ltr'><strong>qui</strong></span> <span class='ocrx_word' id='word_1_37' title='bbox 705 577 760 631; x_wconf 88' lang='lat' dir='ltr'><strong>in</strong></span> <span class='ocrx_word' id='word_1_38' title='bbox 804 577 952 633; x_wconf 87' lang='lat' dir='ltr'><strong>omni</strong></span> <span class='ocrx_word' id='word_1_39' title='bbox 1005 577 1341 636; x_wconf 85' lang='lat' dir='ltr'><strong>habitatione</strong></span> <span class='ocrx_word' id='word_1_40' title='bbox 1396 577 1500 651; x_wconf 76' lang='lat'><strong>13</strong></span> <span class='ocrx_word' id='word_1_41' title='bbox 1560 579 1734 635; x_wconf 89' lang='lat' dir='ltr'><strong>visam</strong></span> <span class='ocrx_word' id='word_1_42' title='bbox 1770 582 1960 638; x_wconf 83' lang='lat' dir='ltr'><strong>mundi</strong></span> <span class='ocrx_word' id='word_1_43' title='bbox 2005 590 2220 656; x_wconf 80' lang='lat' dir='ltr'><strong>partem</strong></span> <span class='ocrx_word' id='word_1_44' title='bbox 2268 598 2310 638; x_wconf 74' lang='lat' dir='ltr'><strong>a.</strong></span> <span class='ocrx_word' id='word_1_45' title='bbox 2347 600 2457 642; x_wconf 89' lang='lat' dir='ltr'><strong>non</strong></span> <span class='ocrx_word' id='word_1_46' title='bbox 2507 585 2625 642; x_wconf 85' lang='lat' dir='ltr'><strong>visa</strong></span> <span class='ocrx_word' id='word_1_47' title='bbox 2661 565 2912 658; x_wconf 83' lang='lat' dir='ltr'><strong>separat,</strong></span> <span class='ocrx_word' id='word_1_48' title='bbox 2965 587 3302 644; x_wconf 87' lang='lat' dir='ltr'><strong>meridianus</strong></span> <span class='ocrx_word' id='word_1_49' title='bbox 3319 625 3354 651; x_wconf 85' lang='lat'><strong>,.</strong></span> 
     </span>
    </p>
   </div>
   <div class='ocr_carea' id='block_1_9' title="bbox 96 669 778 728">
    <p class='ocr_par' dir='ltr' id='par_1_9' title="bbox 96 669 778 728">
     <span class='ocr_line' id='line_1_9' title="bbox 96 669 778 728; baseline 0.001 -3"><span class='ocrx_word' id='word_1_50' title='bbox 96 679 143 725; x_wconf 86' lang='lat' dir='ltr'><strong>et</strong></span> <span class='ocrx_word' id='word_1_51' title='bbox 166 669 408 726; x_wconf 80' lang='lat' dir='ltr'><strong>circulus</strong></span> <span class='ocrx_word' id='word_1_52' title='bbox 438 671 545 726; x_wconf 58' lang='lat' dir='ltr'><strong>vim</strong></span> <span class='ocrx_word' id='word_1_53' title='bbox 571 672 778 728; x_wconf 70' lang='lat' dir='ltr'><strong>lacteas.</strong></span> 
     </span>
    </p>
   </div>
   <div class='ocr_carea' id='block_1_10' title="bbox 612 793 1124 851">
    <p class='ocr_par' dir='ltr' id='par_1_10' title="bbox 612 793 1124 851">
     <span class='ocr_line' id='line_1_10' title="bbox 612 793 1124 851; baseline 0.012 -6"><span class='ocrx_word' id='word_1_54' title='bbox 612 793 1004 849; x_wconf 74' lang='grc' dir='ltr'><strong>ΚΕΦΑΔΔΙΟΝ</strong></span> <span class='ocrx_word' id='word_1_55' title='bbox 1050 796 1124 851; x_wconf 80' lang='lat' dir='ltr'><strong>E&#39;.</strong></span> 
     </span>
    </p>
   </div>
   <div class='ocr_carea' id='block_1_11' title="bbox 469 908 1267 980">
    <p class='ocr_par' dir='ltr' id='par_1_11' title="bbox 469 908 1267 980">
     <span class='ocr_line' id='line_1_11' title="bbox 469 908 1267 980; baseline 0.006 -18"><span class='ocrx_word' id='word_1_56' title='bbox 469 908 612 978; x_wconf 72' lang='grc' dir='ltr'>Περὶ</span> <span class='ocrx_word' id='word_1_57' title='bbox 643 908 867 980; x_wconf 71' lang='grc' dir='ltr'>ἡμέρας</span> <span class='ocrx_word' id='word_1_58' title='bbox 897 909 997 964; x_wconf 80' lang='grc' dir='ltr'><strong>καί</strong></span> <span class='ocrx_word' id='word_1_59' title='bbox 1026 913 1267 980; x_wconf 82' lang='grc' dir='ltr'>νυκτός.</span> 
     </span>
    </p>
   </div>
   <div class='ocr_carea' id='block_1_12' title="bbox 163 1021 1658 1102">
    <p class='ocr_par' dir='ltr' id='par_1_12' title="bbox 163 1021 1658 1102">
     <span class='ocr_line' id='line_1_12' title="bbox 163 1021 1658 1102; baseline 0.005 -28"><span class='ocrx_word' id='word_1_60' title='bbox 163 1021 369 1093; x_wconf 80' lang='grc' dir='ltr'><strong>Ἡμέρα</strong></span> <span class='ocrx_word' id='word_1_61' title='bbox 402 1023 625 1093; x_wconf 77' lang='grc' dir='ltr'>λέγεται</span> <span class='ocrx_word' id='word_1_62' title='bbox 651 1025 840 1096; x_wconf 70' lang='grc' dir='ltr'>διχῶς*</span> <span class='ocrx_word' id='word_1_63' title='bbox 875 1025 995 1080; x_wconf 82' lang='grc' dir='ltr'>καθ’</span> <span class='ocrx_word' id='word_1_64' title='bbox 1028 1027 1124 1081; x_wconf 73' lang='grc' dir='ltr'>ἕνα</span> <span class='ocrx_word' id='word_1_65' title='bbox 1164 1028 1262 1100; x_wconf 84' lang='grc' dir='ltr'>μὲν</span> <span class='ocrx_word' id='word_1_66' title='bbox 1295 1044 1492 1100; x_wconf 88' lang='grc' dir='ltr'>τροπον</span> <span class='ocrx_word' id='word_1_67' title='bbox 1531 1029 1658 1102; x_wconf 66' lang='grc' dir='ltr'>χρόα</span> 
     </span>
    </p>
   </div>
   <div class='ocr_carea' id='block_1_13' title="bbox 97 1113 1660 1192">
    <p class='ocr_par' dir='ltr' id='par_1_13' title="bbox 97 1113 1660 1192">
     <span class='ocr_line' id='line_1_13' title="bbox 97 1113 1660 1192; baseline 0.006 -27"><span class='ocrx_word' id='word_1_68' title='bbox 97 1129 171 1172; x_wconf 77' lang='lat' dir='ltr'><strong>vo;</strong></span> <span class='ocrx_word' id='word_1_69' title='bbox 197 1115 224 1166; x_wconf 83' lang='grc' dir='ltr'>ὁ</span> <span class='ocrx_word' id='word_1_70' title='bbox 250 1113 359 1167; x_wconf 80' lang='grc' dir='ltr'><strong>ἀπὸ</strong></span> <span class='ocrx_word' id='word_1_71' title='bbox 386 1115 656 1188; x_wconf 80' lang='grc' dir='ltr'><strong>ἀνατολῆς</strong></span> <span class='ocrx_word' id='word_1_72' title='bbox 683 1117 833 1188; x_wconf 82' lang='grc' dir='ltr'>ἡλίου</span> <span class='ocrx_word' id='word_1_73' title='bbox 864 1117 1026 1190; x_wconf 86' lang='grc' dir='ltr'>μέχρι</span> <span class='ocrx_word' id='word_1_74' title='bbox 1057 1118 1260 1184; x_wconf 82' lang='grc' dir='ltr'><strong>δύσεως</strong></span> <span class='ocrx_word' id='word_1_75' title='bbox 1281 1137 1292 1148; x_wconf 85' lang='grc'><strong>·</strong></span> <span class='ocrx_word' id='word_1_76' title='bbox 1324 1119 1446 1174; x_wconf 84' lang='grc' dir='ltr'>καθ’</span> <span class='ocrx_word' id='word_1_77' title='bbox 1475 1121 1660 1192; x_wconf 75' lang='grc' dir='ltr'>ἕτερον</span> 
     </span>
    </p>
   </div>
   <div class='ocr_carea' id='block_1_14' title="bbox 94 1205 1660 1286">
    <p class='ocr_par' dir='ltr' id='par_1_14' title="bbox 94 1205 1660 1286">
     <span class='ocr_line' id='line_1_14' title="bbox 94 1205 1660 1286; baseline 0.008 -29"><span class='ocrx_word' id='word_1_78' title='bbox 94 1205 142 1257; x_wconf 75' lang='grc' dir='ltr'>δὲ</span> <span class='ocrx_word' id='word_1_79' title='bbox 165 1206 359 1278; x_wconf 87' lang='grc' dir='ltr'>τρόπον</span> <span class='ocrx_word' id='word_1_80' title='bbox 389 1209 580 1280; x_wconf 72' lang='grc' dir='ltr'>ἡμέρα</span> <span class='ocrx_word' id='word_1_81' title='bbox 625 1209 841 1280; x_wconf 81' lang='grc' dir='ltr'>λέγεται</span> <span class='ocrx_word' id='word_1_82' title='bbox 869 1214 1058 1284; x_wconf 85' lang='grc' dir='ltr'>χρόνος</span> <span class='ocrx_word' id='word_1_83' title='bbox 1085 1216 1114 1268; x_wconf 88' lang='grc' dir='ltr'><strong>ό</strong></span> <span class='ocrx_word' id='word_1_84' title='bbox 1153 1215 1243 1282; x_wconf 79' lang='grc' dir='ltr'><strong>ἀφ’</strong></span> <span class='ocrx_word' id='word_1_85' title='bbox 1271 1213 1421 1286; x_wconf 73' lang='grc' dir='ltr'>ἡλίου</span> <span class='ocrx_word' id='word_1_86' title='bbox 1464 1215 1660 1268; x_wconf 77' lang='grc' dir='ltr'>ἀνατο-</span> 
     </span>
    </p>
   </div>
   <div class='ocr_carea' id='block_1_15' title="bbox 96 1296 1661 1380">
    <p class='ocr_par' dir='ltr' id='par_1_15' title="bbox 96 1296 1661 1380">
     <span class='ocr_line' id='line_1_15' title="bbox 96 1296 1661 1380; baseline 0.01 -33"><span class='ocrx_word' id='word_1_87' title='bbox 96 1296 180 1366; x_wconf 77' lang='grc' dir='ltr'>λῆς</span> <span class='ocrx_word' id='word_1_88' title='bbox 211 1298 405 1370; x_wconf 85' lang='grc' dir='ltr'><strong>μέχρις</strong></span> <span class='ocrx_word' id='word_1_89' title='bbox 453 1301 611 1372; x_wconf 79' lang='grc' dir='ltr'>ἡλίου</span> <span class='ocrx_word' id='word_1_90' title='bbox 654 1300 810 1369; x_wconf 69' lang='grc' dir='ltr'>αἷθις</span> <span class='ocrx_word' id='word_1_91' title='bbox 862 1305 1146 1377; x_wconf 78' lang='grc' dir='ltr'><strong>ἀνατολῆς.</strong></span> <span class='ocrx_word' id='word_1_92' title='bbox 1194 1308 1348 1360; x_wconf 86' lang='grc' dir='ltr'>Ἔστι</span> <span class='ocrx_word' id='word_1_93' title='bbox 1377 1307 1434 1360; x_wconf 82' lang='grc' dir='ltr'>δὲ</span> <span class='ocrx_word' id='word_1_94' title='bbox 1477 1307 1661 1380; x_wconf 71' lang='grc' dir='ltr'>ἡμέρα</span> 
     </span>
    </p>
   </div>
   <div class='ocr_carea' id='block_1_16' title="bbox 97 1389 1658 1474">
    <p class='ocr_par' dir='ltr' id='par_1_16' title="bbox 97 1389 1658 1474">
     <span class='ocr_line' id='line_1_16' title="bbox 97 1389 1658 1474; baseline 0.01 -32"><span class='ocrx_word' id='word_1_95' title='bbox 97 1389 219 1443; x_wconf 76' lang='grc' dir='ltr'>κατὰ</span> <span class='ocrx_word' id='word_1_96' title='bbox 245 1392 337 1446; x_wconf 83' lang='grc' dir='ltr'>τὸν</span> <span class='ocrx_word' id='word_1_97' title='bbox 383 1393 638 1467; x_wconf 85' lang='grc' dir='ltr'>δεύτερον</span> <span class='ocrx_word' id='word_1_98' title='bbox 683 1398 881 1469; x_wconf 78' lang='grc' dir='ltr'>τρόπον</span> <span class='ocrx_word' id='word_1_99' title='bbox 918 1399 1012 1453; x_wconf 91' lang='grc' dir='ltr'><strong>τοῦ</strong></span> <span class='ocrx_word' id='word_1_100' title='bbox 1048 1399 1253 1473; x_wconf 78' lang='grc' dir='ltr'>κόσμου</span> <span class='ocrx_word' id='word_1_101' title='bbox 1297 1402 1658 1474; x_wconf 79' lang='grc' dir='ltr'>περιστροφὴ,</span> 
     </span>
    </p>
   </div>
   <div class='ocr_carea' id='block_1_17' title="bbox 95 1483 1662 1565">
    <p class='ocr_par' dir='ltr' id='par_1_17' title="bbox 95 1483 1662 1565">
     <span class='ocr_line' id='line_1_17' title="bbox 95 1483 1662 1565; baseline 0.009 -32"><span class='ocrx_word' id='word_1_102' title='bbox 95 1483 176 1534; x_wconf 76' lang='grc' dir='ltr'>καὶ</span> <span class='ocrx_word' id='word_1_103' title='bbox 200 1483 296 1554; x_wconf 86' lang='grc' dir='ltr'><strong>τῆς</strong></span> <span class='ocrx_word' id='word_1_104' title='bbox 320 1489 684 1562; x_wconf 79' lang='grc' dir='ltr'>περιφερείας</span> <span class='ocrx_word' id='word_1_105' title='bbox 714 1489 1042 1564; x_wconf 79' lang='grc' dir='ltr'>[ἀνατολῆς],</span> <span class='ocrx_word' id='word_1_106' title='bbox 1075 1493 1141 1565; x_wconf 74' lang='grc' dir='ltr'>ἥν</span> <span class='ocrx_word' id='word_1_107' title='bbox 1166 1495 1195 1547; x_wconf 75' lang='grc' dir='ltr'><strong>ό</strong></span> <span class='ocrx_word' id='word_1_108' title='bbox 1224 1492 1374 1564; x_wconf 80' lang='grc' dir='ltr'>ἦλιος</span> <span class='ocrx_word' id='word_1_109' title='bbox 1402 1492 1662 1565; x_wconf 81' lang='grc' dir='ltr'>μεταϐαί-</span> 
     </span>
    </p>
   </div>
   <div class='ocr_carea' id='block_1_18' title="bbox 95 1574 1661 1658">
    <p class='ocr_par' dir='ltr' id='par_1_18' title="bbox 95 1574 1661 1658">
     <span class='ocr_line' id='line_1_18' title="bbox 95 1574 1661 1658; baseline 0.014 -33"><span class='ocrx_word' id='word_1_110' title='bbox 95 1589 164 1626; x_wconf 85' lang='grc' dir='ltr'><strong>νει</strong></span> <span class='ocrx_word' id='word_1_111' title='bbox 198 1574 534 1644; x_wconf 77' lang='grc' dir='ltr'>ὑπεναντίως</span> <span class='ocrx_word' id='word_1_112' title='bbox 585 1580 900 1653; x_wconf 87' lang='grc' dir='ltr'>κινούμενος</span> <span class='ocrx_word' id='word_1_113' title='bbox 933 1583 1011 1656; x_wconf 81' lang='grc' dir='ltr'><strong>τῷ</strong></span> <span class='ocrx_word' id='word_1_114' title='bbox 1059 1585 1250 1657; x_wconf 88' lang='grc' dir='ltr'>κόσμῳ</span> <span class='ocrx_word' id='word_1_115' title='bbox 1292 1588 1351 1640; x_wconf 80' lang='grc' dir='ltr'><strong>έν</strong></span> <span class='ocrx_word' id='word_1_116' title='bbox 1389 1589 1455 1657; x_wconf 83' lang='grc' dir='ltr'>τῇ</span> <span class='ocrx_word' id='word_1_117' title='bbox 1501 1603 1661 1658; x_wconf 83' lang='grc' dir='ltr'>περι-</span> 
     </span>
    </p>
   </div>
   <div class='ocr_carea' id='block_1_19' title="bbox 96 1673 1660 1751">
    <p class='ocr_par' dir='ltr' id='par_1_19' title="bbox 96 1673 1660 1751">
     <span class='ocr_line' id='line_1_19' title="bbox 96 1673 1660 1751; baseline 0.003 -23"><span class='ocrx_word' id='word_1_118' title='bbox 96 1674 282 1743; x_wconf 75' lang='grc' dir='ltr'>στροφῇ</span> <span class='ocrx_word' id='word_1_119' title='bbox 309 1673 407 1728; x_wconf 86' lang='grc' dir='ltr'><strong>τοῦ</strong></span> <span class='ocrx_word' id='word_1_120' title='bbox 431 1675 663 1747; x_wconf 81' lang='grc' dir='ltr'>κόσμου.</span> <span class='ocrx_word' id='word_1_121' title='bbox 694 1679 772 1731; x_wconf 83' lang='grc' dir='ltr'><strong>Δι’</strong></span> <span class='ocrx_word' id='word_1_122' title='bbox 798 1680 865 1751; x_wconf 78' lang='grc' dir='ltr'>ἣν</span> <span class='ocrx_word' id='word_1_123' title='bbox 887 1680 1067 1735; x_wconf 78' lang='grc' dir='ltr'>αἰτίαν</span> <span class='ocrx_word' id='word_1_124' title='bbox 1091 1681 1199 1734; x_wconf 76' lang='grc' dir='ltr'>οὐδ’</span> <span class='ocrx_word' id='word_1_125' title='bbox 1224 1680 1338 1734; x_wconf 76' lang='grc' dir='ltr'>ἐστι</span> <span class='ocrx_word' id='word_1_126' title='bbox 1360 1680 1422 1734; x_wconf 74' lang='grc' dir='ltr'>τὸ</span> <span class='ocrx_word' id='word_1_127' title='bbox 1455 1696 1660 1749; x_wconf 89' lang='grc' dir='ltr'>συναμ-</span> 
     </span>
    </p>
   </div>
   <div class='ocr_carea' id='block_1_20' title="bbox 2397 795 2736 856">
    <p class='ocr_par' dir='ltr' id='par_1_20' title="bbox 2397 795 2736 856">
     <span class='ocr_line' id='line_1_20' title="bbox 2397 795 2736 856; baseline 0.003 -2"><span class='ocrx_word' id='word_1_128' title='bbox 2397 795 2623 856; x_wconf 83' lang='lat' dir='ltr'><strong>CAPUT</strong></span> <span class='ocrx_word' id='word_1_129' title='bbox 2676 799 2736 855; x_wconf 71' lang='grc' dir='ltr'><strong>ν.</strong></span> 
     </span>
    </p>
   </div>
   <div class='ocr_carea' id='block_1_21' title="bbox 2341 911 2836 1000">
    <p class='ocr_par' dir='ltr' id='par_1_21' title="bbox 2341 911 2836 1000">
     <span class='ocr_line' id='line_1_21' title="bbox 2341 911 2836 1000; baseline 0.004 -33"><span class='ocrx_word' id='word_1_130' title='bbox 2341 911 2419 969; x_wconf 82' lang='lat' dir='ltr'><strong>De</strong></span> <span class='ocrx_word' id='word_1_131' title='bbox 2457 912 2541 969; x_wconf 82' lang='lat' dir='ltr'><strong>die</strong></span> <span class='ocrx_word' id='word_1_132' title='bbox 2574 923 2625 968; x_wconf 84' lang='lat' dir='ltr'><strong>et</strong></span> <span class='ocrx_word' id='word_1_133' title='bbox 2660 923 2836 1000; x_wconf 47' lang='lat' dir='ltr'><strong>nocte.</strong></span> 
     </span>
    </p>
   </div>
   <div class='ocr_carea' id='block_1_22' title="bbox 1835 1025 3338 1102">
    <p class='ocr_par' dir='ltr' id='par_1_22' title="bbox 1835 1025 3338 1102">
     <span class='ocr_line' id='line_1_22' title="bbox 1835 1025 3338 1102; baseline 0.004 -18"><span class='ocrx_word' id='word_1_134' title='bbox 1835 1026 1963 1084; x_wconf 85' lang='lat' dir='ltr'><strong>Dies</strong></span> <span class='ocrx_word' id='word_1_135' title='bbox 2007 1026 2211 1083; x_wconf 90' lang='lat' dir='ltr'><strong>dicitur</strong></span> <span class='ocrx_word' id='word_1_136' title='bbox 2243 1025 2714 1098; x_wconf 49' lang='lat' dir='ltr'><strong>dupliciter,‘uno</strong></span> <span class='ocrx_word' id='word_1_137' title='bbox 2746 1029 2906 1086; x_wconf 90' lang='lat' dir='ltr'><strong>modo</strong></span> <span class='ocrx_word' id='word_1_138' title='bbox 2939 1039 3152 1102; x_wconf 90' lang='lat' dir='ltr'><strong>tempus</strong></span> <span class='ocrx_word' id='word_1_139' title='bbox 3203 1032 3338 1090; x_wconf 86' lang='lat' dir='ltr'><strong>illud</strong></span> 
     </span>
    </p>
   </div>
   <div class='ocr_carea' id='block_1_23' title="bbox 1763 1117 3338 1192">
    <p class='ocr_par' dir='ltr' id='par_1_23' title="bbox 1763 1117 3338 1192">
     <span class='ocr_line' id='line_1_23' title="bbox 1763 1117 3338 1192; baseline 0.006 -20"><span class='ocrx_word' id='word_1_140' title='bbox 1763 1117 1907 1189; x_wconf 88' lang='lat' dir='ltr'><strong>quod</strong></span> <span class='ocrx_word' id='word_1_141' title='bbox 1952 1127 2034 1175; x_wconf 90' lang='lat' dir='ltr'><strong>est</strong></span> <span class='ocrx_word' id='word_1_142' title='bbox 2067 1119 2136 1174; x_wconf 88' lang='lat' dir='ltr'><strong>ab</strong></span> <span class='ocrx_word' id='word_1_143' title='bbox 2167 1128 2291 1174; x_wconf 92' lang='lat' dir='ltr'><strong>ortu</strong></span> <span class='ocrx_word' id='word_1_144' title='bbox 2324 1120 2457 1176; x_wconf 91' lang='lat' dir='ltr'><strong>solis</strong></span> <span class='ocrx_word' id='word_1_145' title='bbox 2487 1137 2661 1192; x_wconf 91' lang='lat' dir='ltr'><strong>usque</strong></span> <span class='ocrx_word' id='word_1_146' title='bbox 2708 1122 2776 1176; x_wconf 91' lang='lat' dir='ltr'><strong>ad</strong></span> <span class='ocrx_word' id='word_1_147' title='bbox 2817 1137 3071 1178; x_wconf 88' lang='lat' dir='ltr'><strong>occasum</strong></span> <span class='ocrx_word' id='word_1_148' title='bbox 3108 1144 3122 1179; x_wconf 88' lang='lat'><strong>:</strong></span> <span class='ocrx_word' id='word_1_149' title='bbox 3165 1123 3338 1182; x_wconf 85' lang='lat' dir='ltr'><strong>altero</strong></span> 
     </span>
    </p>
   </div>
   <div class='ocr_carea' id='block_1_24' title="bbox 1765 1203 3348 1284">
    <p class='ocr_par' dir='ltr' id='par_1_24' title="bbox 1765 1203 3348 1284">
     <span class='ocr_line' id='line_1_24' title="bbox 1765 1203 3348 1284; baseline 0.004 -19"><span class='ocrx_word' id='word_1_150' title='bbox 1765 1209 1948 1278; x_wconf 90' lang='lat' dir='ltr'><strong>modo,</strong></span> <span class='ocrx_word' id='word_1_151' title='bbox 1981 1211 2100 1268; x_wconf 89' lang='lat' dir='ltr'><strong>dies</strong></span> <span class='ocrx_word' id='word_1_152' title='bbox 2123 1211 2330 1268; x_wconf 89' lang='lat' dir='ltr'><strong>dicitur</strong></span> <span class='ocrx_word' id='word_1_153' title='bbox 2379 1203 2603 1284; x_wconf 78' lang='lat' dir='ltr'><strong>tempus</strong></span> <span class='ocrx_word' id='word_1_154' title='bbox 2638 1213 2783 1284; x_wconf 92' lang='lat' dir='ltr'><strong>quod</strong></span> <span class='ocrx_word' id='word_1_155' title='bbox 2824 1223 2910 1270; x_wconf 88' lang='lat' dir='ltr'><strong>est</strong></span> <span class='ocrx_word' id='word_1_156' title='bbox 2951 1214 3020 1270; x_wconf 90' lang='lat' dir='ltr'><strong>ah</strong></span> <span class='ocrx_word' id='word_1_157' title='bbox 3051 1222 3173 1268; x_wconf 90' lang='lat' dir='ltr'><strong>ortu</strong></span> <span class='ocrx_word' id='word_1_158' title='bbox 3203 1215 3348 1272; x_wconf 76' lang='lat' dir='ltr'><strong>solis-</strong></span> 
     </span>
    </p>
   </div>
   <div class='ocr_carea' id='block_1_25' title="bbox 1764 1303 3338 1375">
    <p class='ocr_par' dir='ltr' id='par_1_25' title="bbox 1764 1303 3338 1375">
     <span class='ocr_line' id='line_1_25' title="bbox 1764 1303 3338 1375; baseline 0.004 -17"><span class='ocrx_word' id='word_1_159' title='bbox 1764 1319 1938 1374; x_wconf 90' lang='lat' dir='ltr'><strong>usque</strong></span> <span class='ocrx_word' id='word_1_160' title='bbox 1979 1303 2046 1358; x_wconf 88' lang='lat' dir='ltr'><strong>ad</strong></span> <span class='ocrx_word' id='word_1_161' title='bbox 2086 1305 2396 1375; x_wconf 76' lang='lat' dir='ltr'><strong>proximum</strong></span> <span class='ocrx_word' id='word_1_162' title='bbox 2437 1317 2616 1361; x_wconf 87' lang='lat' dir='ltr'><strong>ortum</strong></span> <span class='ocrx_word' id='word_1_163' title='bbox 2661 1307 2812 1362; x_wconf 85' lang='lat' dir='ltr'><strong>solis.</strong></span> <span class='ocrx_word' id='word_1_164' title='bbox 2862 1305 2958 1363; x_wconf 85' lang='lat' dir='ltr'><strong>Est</strong></span> <span class='ocrx_word' id='word_1_165' title='bbox 3002 1315 3182 1362; x_wconf 90' lang='lat' dir='ltr'><strong>autem</strong></span> <span class='ocrx_word' id='word_1_166' title='bbox 3221 1306 3338 1364; x_wconf 90' lang='lat' dir='ltr'><strong>dies</strong></span> 
     </span>
    </p>
   </div>
   <div class='ocr_carea' id='block_1_26' title="bbox 1759 1397 3338 1468">
    <p class='ocr_par' dir='ltr' id='par_1_26' title="bbox 1759 1397 3338 1468">
     <span class='ocr_line' id='line_1_26' title="bbox 1759 1397 3338 1468; baseline 0.002 -17"><span class='ocrx_word' id='word_1_167' title='bbox 1759 1397 1916 1468; x_wconf 78' lang='lat' dir='ltr'><strong>juxta</strong></span> <span class='ocrx_word' id='word_1_168' title='bbox 1949 1397 2248 1452; x_wconf 91' lang='lat' dir='ltr'><strong>secundum</strong></span> <span class='ocrx_word' id='word_1_169' title='bbox 2297 1397 2518 1452; x_wconf 89' lang='lat' dir='ltr'><strong>modum</strong></span> <span class='ocrx_word' id='word_1_170' title='bbox 2563 1400 2851 1456; x_wconf 82' lang='lat' dir='ltr'><strong>conversio</strong></span> <span class='ocrx_word' id='word_1_171' title='bbox 2899 1398 3112 1464; x_wconf 85' lang='lat' dir='ltr'><strong>mundi,</strong></span> <span class='ocrx_word' id='word_1_172' title='bbox 3147 1408 3201 1454; x_wconf 90' lang='lat' dir='ltr'><strong>et</strong></span> <span class='ocrx_word' id='word_1_173' title='bbox 3246 1416 3338 1456; x_wconf 84' lang='lat' dir='ltr'><strong>or—</strong></span> 
     </span>
    </p>
   </div>
   <div class='ocr_carea' id='block_1_27' title="bbox 1766 1486 3346 1560">
    <p class='ocr_par' dir='ltr' id='par_1_27' title="bbox 1766 1486 3346 1560">
     <span class='ocr_line' id='line_1_27' title="bbox 1766 1486 3346 1560; baseline 0.003 -20"><span class='ocrx_word' id='word_1_174' title='bbox 1766 1495 1856 1542; x_wconf 92' lang='lat' dir='ltr'><strong>tus</strong></span> <span class='ocrx_word' id='word_1_175' title='bbox 1889 1487 2007 1559; x_wconf 83' lang='lat' dir='ltr'><strong>ejus</strong></span> <span class='ocrx_word' id='word_1_176' title='bbox 2037 1501 2199 1544; x_wconf 89' lang='lat' dir='ltr'><strong>arcus</strong></span> <span class='ocrx_word' id='word_1_177' title='bbox 2231 1503 2393 1558; x_wconf 89' lang='lat' dir='ltr'><strong>quem</strong></span> <span class='ocrx_word' id='word_1_178' title='bbox 2451 1489 2532 1543; x_wconf 93' lang='lat' dir='ltr'><strong>sol</strong></span> <span class='ocrx_word' id='word_1_179' title='bbox 2564 1495 2813 1560; x_wconf 87' lang='lat' dir='ltr'><strong>peragrat</strong></span> <span class='ocrx_word' id='word_1_180' title='bbox 2860 1486 2988 1542; x_wconf 93' lang='lat' dir='ltr'><strong>dum</strong></span> <span class='ocrx_word' id='word_1_181' title='bbox 3025 1488 3080 1542; x_wconf 88' lang='lat' dir='ltr'><strong>in</strong></span> <span class='ocrx_word' id='word_1_182' title='bbox 3110 1503 3346 1544; x_wconf 71' lang='lat' dir='ltr'><strong>conver-</strong></span> 
     </span>
    </p>
   </div>
   <div class='ocr_carea' id='block_1_28' title="bbox 1766 1578 3339 1646">
    <p class='ocr_par' dir='ltr' id='par_1_28' title="bbox 1766 1578 3339 1646">
     <span class='ocr_line' id='line_1_28' title="bbox 1766 1578 3339 1646; baseline 0.001 -11"><span class='ocrx_word' id='word_1_183' title='bbox 1766 1578 1922 1635; x_wconf 80' lang='lat' dir='ltr'><strong>sione</strong></span> <span class='ocrx_word' id='word_1_184' title='bbox 1962 1579 2149 1634; x_wconf 90' lang='lat' dir='ltr'><strong>mundi</strong></span> <span class='ocrx_word' id='word_1_185' title='bbox 2189 1588 2439 1639; x_wconf 89' lang='lat' dir='ltr'><strong>movetur</strong></span> <span class='ocrx_word' id='word_1_186' title='bbox 2477 1587 2669 1636; x_wconf 90' lang='lat' dir='ltr'><strong>contra</strong></span> <span class='ocrx_word' id='word_1_187' title='bbox 2713 1581 2996 1635; x_wconf 88' lang='lat' dir='ltr'><strong>mundum.</strong></span> <span class='ocrx_word' id='word_1_188' title='bbox 3043 1579 3216 1646; x_wconf 86' lang='lat' dir='ltr'><strong>Quam</strong></span> <span class='ocrx_word' id='word_1_189' title='bbox 3267 1581 3339 1636; x_wconf 88' lang='lat' dir='ltr'><strong>ob</strong></span> 
     </span>
    </p>
   </div>
   <div class='ocr_carea' id='block_1_29' title="bbox 1765 1671 3338 1742">
    <p class='ocr_par' dir='ltr' id='par_1_29' title="bbox 1765 1671 3338 1742">
     <span class='ocr_line' id='line_1_29' title="bbox 1765 1671 3338 1742; baseline 0.003 -19"><span class='ocrx_word' id='word_1_190' title='bbox 1765 1683 1986 1724; x_wconf 86' lang='lat' dir='ltr'><strong>causam</strong></span> <span class='ocrx_word' id='word_1_191' title='bbox 2017 1686 2194 1740; x_wconf 88' lang='lat' dir='ltr'><strong>neque</strong></span> <span class='ocrx_word' id='word_1_192' title='bbox 2227 1671 2595 1741; x_wconf 89' lang='lat' dir='ltr'><strong>compositum</strong></span> <span class='ocrx_word' id='word_1_193' title='bbox 2641 1671 2775 1726; x_wconf 89' lang='lat' dir='ltr'><strong>illud</strong></span> <span class='ocrx_word' id='word_1_194' title='bbox 2836 1681 3049 1742; x_wconf 85' lang='lat' dir='ltr'><strong>tempus</strong></span> <span class='ocrx_word' id='word_1_195' title='bbox 3077 1688 3144 1727; x_wconf 77' lang='lat' dir='ltr'><strong>ex</strong></span> <span class='ocrx_word' id='word_1_196' title='bbox 3176 1681 3338 1728; x_wconf 77' lang='lat' dir='ltr'><strong>nocte</strong></span> 
     </span>
    </p>
   </div>
   <div class='ocr_carea' id='block_1_30' title="bbox 97 1755 1658 1844">
    <p class='ocr_par' dir='ltr' id='par_1_30' title="bbox 97 1757 1658 1844">
     <span class='ocr_line' id='line_1_30' title="bbox 97 1757 1658 1844; baseline 0.012 -35"><span class='ocrx_word' id='word_1_197' title='bbox 97 1757 323 1830; x_wconf 69' lang='grc' dir='ltr'>φύτερον,</span> <span class='ocrx_word' id='word_1_198' title='bbox 354 1762 456 1828; x_wconf 81' lang='grc' dir='ltr'><strong>νὺξ</strong></span> <span class='ocrx_word' id='word_1_199' title='bbox 493 1765 589 1818; x_wconf 80' lang='grc' dir='ltr'>καὶ</span> <span class='ocrx_word' id='word_1_200' title='bbox 621 1767 803 1838; x_wconf 76' lang='grc' dir='ltr'>ἡμέρα</span> <span class='ocrx_word' id='word_1_201' title='bbox 835 1769 927 1822; x_wconf 76' lang='grc' dir='ltr'><strong>ἐπὶ</strong></span> <span class='ocrx_word' id='word_1_202' title='bbox 953 1769 1013 1823; x_wconf 87' lang='grc' dir='ltr'><strong>τδ</strong></span> <span class='ocrx_word' id='word_1_203' title='bbox 1042 1770 1173 1824; x_wconf 80' lang='grc' dir='ltr'>αὐτὸ</span> <span class='ocrx_word' id='word_1_204' title='bbox 1211 1770 1301 1842; x_wconf 86' lang='grc' dir='ltr'><strong>ίση</strong></span> <span class='ocrx_word' id='word_1_205' title='bbox 1332 1771 1482 1844; x_wconf 81' lang='grc' dir='ltr'>πάσῃ</span> <span class='ocrx_word' id='word_1_206' title='bbox 1509 1774 1658 1828; x_wconf 80' lang='grc' dir='ltr'>νυκτὶ</span> 
     </span>
    </p>
   </div>
   <div class='ocr_carea' id='block_1_31' title="bbox 1800 1755 3336 1844">
    <p class='ocr_par' dir='ltr' id='par_1_31' title="bbox 1800 1761 3336 1833">
     <span class='ocr_line' id='line_1_31' title="bbox 1800 1761 3336 1833; baseline 0.001 -16"><span class='ocrx_word' id='word_1_207' title='bbox 1800 1772 1817 1817; x_wconf 91' lang='lat' dir='ltr'><strong>t</strong></span> <span class='ocrx_word' id='word_1_208' title='bbox 1870 1761 1957 1817; x_wconf 87' lang='lat' dir='ltr'><strong>die</strong></span> <span class='ocrx_word' id='word_1_209' title='bbox 2004 1762 2170 1816; x_wconf 87' lang='lat' dir='ltr'><strong>simul</strong></span> <span class='ocrx_word' id='word_1_210' title='bbox 2222 1763 2481 1832; x_wconf 85' lang='lat' dir='ltr'><strong>sumptis,</strong></span> <span class='ocrx_word' id='word_1_211' title='bbox 2527 1763 2737 1833; x_wconf 70' lang='lat' dir='ltr'><strong>aequale</strong></span> <span class='ocrx_word' id='word_1_212' title='bbox 2786 1771 2871 1818; x_wconf 89' lang='lat' dir='ltr'><strong>est</strong></span> <span class='ocrx_word' id='word_1_213' title='bbox 2901 1764 3051 1817; x_wconf 91' lang='lat' dir='ltr'><strong>omni</strong></span> <span class='ocrx_word' id='word_1_214' title='bbox 3099 1764 3249 1818; x_wconf 84' lang='lat' dir='ltr'><strong>nocti</strong></span> <span class='ocrx_word' id='word_1_215' title='bbox 3280 1771 3336 1820; x_wconf 83' lang='lat' dir='ltr'><strong>et</strong></span> 
     </span>
    </p>
   </div>
   <div class='ocr_carea' id='block_1_32' title="bbox 95 1852 1664 1937">
    <p class='ocr_par' dir='ltr' id='par_1_32' title="bbox 95 1852 1664 1937">
     <span class='ocr_line' id='line_1_32' title="bbox 95 1852 1664 1937; baseline 0.01 -34"><span class='ocrx_word' id='word_1_216' title='bbox 95 1852 175 1904; x_wconf 77' lang='grc' dir='ltr'><strong>καὶ</strong></span> <span class='ocrx_word' id='word_1_217' title='bbox 196 1853 375 1925; x_wconf 73' lang='grc' dir='ltr'>ἡμέρᾳ</span> <span class='ocrx_word' id='word_1_218' title='bbox 396 1871 414 1887; x_wconf 77' lang='grc' dir='ltr'><strong><em>ο</em></strong></span> <span class='ocrx_word' id='word_1_219' title='bbox 451 1855 590 1910; x_wconf 73' lang='grc' dir='ltr'>ἀλλὰ</span> <span class='ocrx_word' id='word_1_220' title='bbox 624 1859 761 1930; x_wconf 73' lang='grc' dir='ltr'>πρὸς</span> <span class='ocrx_word' id='word_1_221' title='bbox 793 1861 894 1932; x_wconf 88' lang='grc' dir='ltr'>μὲν</span> <span class='ocrx_word' id='word_1_222' title='bbox 924 1861 1023 1934; x_wconf 84' lang='grc' dir='ltr'>τὴν</span> <span class='ocrx_word' id='word_1_223' title='bbox 1064 1862 1317 1934; x_wconf 71' lang='grc' dir='ltr'>αἴσθησιν</span> <span class='ocrx_word' id='word_1_224' title='bbox 1344 1863 1434 1919; x_wconf 84' lang='grc' dir='ltr'>ῐσα</span> <span class='ocrx_word' id='word_1_225' title='bbox 1465 1865 1534 1919; x_wconf 77' lang='grc' dir='ltr'><strong>τὰ</strong></span> <span class='ocrx_word' id='word_1_226' title='bbox 1566 1883 1664 1937; x_wconf 85' lang='grc' dir='ltr'>με-</span> 
     </span>
    </p>
   </div>
   <div class='ocr_carea' id='block_1_33' title="bbox 94 1942 1664 2029">
    <p class='ocr_par' dir='ltr' id='par_1_33' title="bbox 94 1942 1664 2029">
     <span class='ocr_line' id='line_1_33' title="bbox 94 1942 1664 2029; baseline 0.01 -34"><span class='ocrx_word' id='word_1_227' title='bbox 94 1942 210 2016; x_wconf 76' lang='grc' dir='ltr'>γέθη</span> <span class='ocrx_word' id='word_1_228' title='bbox 242 1946 359 2000; x_wconf 74' lang='grc' dir='ltr'>ἐστί</span> <span class='ocrx_word' id='word_1_229' title='bbox 378 1964 392 1978; x_wconf 88' lang='grc'><strong>·</strong></span> <span class='ocrx_word' id='word_1_230' title='bbox 425 1947 568 2018; x_wconf 80' lang='grc' dir='ltr'>πρὸς</span> <span class='ocrx_word' id='word_1_231' title='bbox 595 1949 652 2004; x_wconf 83' lang='grc' dir='ltr'>δὲ</span> <span class='ocrx_word' id='word_1_232' title='bbox 683 1951 781 2024; x_wconf 77' lang='grc' dir='ltr'>τὴν</span> <span class='ocrx_word' id='word_1_233' title='bbox 812 1954 871 2006; x_wconf 82' lang='grc' dir='ltr'>ὲν</span> <span class='ocrx_word' id='word_1_234' title='bbox 897 1953 976 2026; x_wconf 80' lang='grc' dir='ltr'><strong>τῷ</strong></span> <span class='ocrx_word' id='word_1_235' title='bbox 1007 1954 1151 2026; x_wconf 85' lang='grc' dir='ltr'>λόγῳ</span> <span class='ocrx_word' id='word_1_236' title='bbox 1181 1955 1467 2029; x_wconf 82' lang='grc' dir='ltr'>ἀκρίϐειαν</span> <span class='ocrx_word' id='word_1_237' title='bbox 1492 1958 1664 2029; x_wconf 81' lang='grc' dir='ltr'>μικρά</span> 
     </span>
    </p>
   </div>
   <div class='ocr_carea' id='block_1_34' title="bbox 94 2036 1660 2121">
    <p class='ocr_par' dir='ltr' id='par_1_34' title="bbox 94 2036 1660 2121">
     <span class='ocr_line' id='line_1_34' title="bbox 94 2036 1660 2121; baseline 0.011 -34"><span class='ocrx_word' id='word_1_238' title='bbox 94 2047 166 2096; x_wconf 81' lang='grc' dir='ltr'><strong>τις</strong></span> <span class='ocrx_word' id='word_1_239' title='bbox 186 2036 275 2089; x_wconf 85' lang='grc' dir='ltr'>καὶ</span> <span class='ocrx_word' id='word_1_240' title='bbox 308 2038 715 2113; x_wconf 81' lang='grc' dir='ltr'>ἁνεπαίσθητος</span> <span class='ocrx_word' id='word_1_241' title='bbox 753 2045 786 2114; x_wconf 81' lang='grc' dir='ltr'><strong>ὴ</strong></span> <span class='ocrx_word' id='word_1_242' title='bbox 824 2045 1171 2117; x_wconf 85' lang='grc' dir='ltr'>παραλλαγή.</span> <span class='ocrx_word' id='word_1_243' title='bbox 1205 2049 1272 2100; x_wconf 79' lang='grc' dir='ltr'>Δί</span> <span class='ocrx_word' id='word_1_244' title='bbox 1302 2047 1403 2120; x_wconf 85' lang='grc' dir='ltr'>μὲν</span> <span class='ocrx_word' id='word_1_245' title='bbox 1433 2048 1541 2121; x_wconf 83' lang='grc' dir='ltr'>γὰρ</span> <span class='ocrx_word' id='word_1_246' title='bbox 1567 2049 1660 2103; x_wconf 88' lang='grc' dir='ltr'><strong>τοῦ</strong></span> 
     </span>
    </p>
   </div>
   <div class='ocr_carea' id='block_1_35' title="bbox 95 2128 1661 2216">
    <p class='ocr_par' dir='ltr' id='par_1_35' title="bbox 95 2128 1661 2216">
     <span class='ocr_line' id='line_1_35' title="bbox 95 2128 1661 2216; baseline 0.012 -37"><span class='ocrx_word' id='word_1_247' title='bbox 95 2128 279 2198; x_wconf 80' lang='grc' dir='ltr'>κόσμου</span> <span class='ocrx_word' id='word_1_248' title='bbox 309 2136 682 2205; x_wconf 78' lang='grc' dir='ltr'>περιστροφαὶ</span> <span class='ocrx_word' id='word_1_249' title='bbox 707 2137 970 2210; x_wconf 85' lang='grc' dir='ltr'>ίσόχρονοί</span> <span class='ocrx_word' id='word_1_250' title='bbox 998 2140 1134 2193; x_wconf 86' lang='grc' dir='ltr'>εἰσιν</span> <span class='ocrx_word' id='word_1_251' title='bbox 1155 2157 1170 2171; x_wconf 76' lang='grc' dir='ltr'><strong><em>ο</em></strong></span> <span class='ocrx_word' id='word_1_252' title='bbox 1203 2142 1258 2195; x_wconf 91' lang='grc' dir='ltr'><strong>αί</strong></span> <span class='ocrx_word' id='word_1_253' title='bbox 1287 2141 1346 2195; x_wconf 79' lang='grc' dir='ltr'>δὲ</span> <span class='ocrx_word' id='word_1_254' title='bbox 1375 2141 1483 2196; x_wconf 84' lang='grc' dir='ltr'><strong>τῶν</strong></span> <span class='ocrx_word' id='word_1_255' title='bbox 1504 2160 1661 2216; x_wconf 85' lang='grc' dir='ltr'>περι-</span> 
     </span>
    </p>
   </div>
   <div class='ocr_carea' id='block_1_36' title="bbox 94 2223 1660 2306">
    <p class='ocr_par' dir='ltr' id='par_1_36' title="bbox 94 2223 1660 2306">
     <span class='ocr_line' id='line_1_36' title="bbox 94 2223 1660 2306; baseline 0.01 -32"><span class='ocrx_word' id='word_1_256' title='bbox 94 2223 306 2293; x_wconf 73' lang='grc' dir='ltr'>φερειῶν</span> <span class='ocrx_word' id='word_1_257' title='bbox 357 2225 644 2293; x_wconf 77' lang='grc' dir='ltr'>ἀνατολαὶ,</span> <span class='ocrx_word' id='word_1_258' title='bbox 679 2227 746 2292; x_wconf 76' lang='grc' dir='ltr'>ἃς</span> <span class='ocrx_word' id='word_1_259' title='bbox 774 2232 804 2284; x_wconf 83' lang='grc' dir='ltr'><strong>ὁ</strong></span> <span class='ocrx_word' id='word_1_260' title='bbox 829 2231 981 2301; x_wconf 76' lang='grc' dir='ltr'>ἥλιος</span> <span class='ocrx_word' id='word_1_261' title='bbox 1031 2232 1344 2303; x_wconf 85' lang='grc' dir='ltr'>μεταϐαίνει</span> <span class='ocrx_word' id='word_1_262' title='bbox 1383 2235 1441 2287; x_wconf 77' lang='grc' dir='ltr'>ὲν</span> <span class='ocrx_word' id='word_1_263' title='bbox 1476 2237 1542 2306; x_wconf 79' lang='grc' dir='ltr'>τῇ</span> <span class='ocrx_word' id='word_1_264' title='bbox 1565 2235 1660 2289; x_wconf 90' lang='grc' dir='ltr'><strong>τοῦ</strong></span> 
     </span>
    </p>
   </div>
   <div class='ocr_carea' id='block_1_37' title="bbox 94 2313 1660 2395">
    <p class='ocr_par' dir='ltr' id='par_1_37' title="bbox 94 2313 1660 2395">
     <span class='ocr_line' id='line_1_37' title="bbox 94 2313 1660 2395; baseline 0.009 -32"><span class='ocrx_word' id='word_1_265' title='bbox 94 2313 278 2382; x_wconf 76' lang='grc' dir='ltr'>κόσμου</span> <span class='ocrx_word' id='word_1_266' title='bbox 297 2321 668 2395; x_wconf 75' lang='grc' dir='ltr'>περιστροφῇ,</span> <span class='ocrx_word' id='word_1_267' title='bbox 688 2317 787 2372; x_wconf 84' lang='grc' dir='ltr'><strong>οῦκ</strong></span> <span class='ocrx_word' id='word_1_268' title='bbox 811 2321 947 2374; x_wconf 84' lang='grc' dir='ltr'>είσιν</span> <span class='ocrx_word' id='word_1_269' title='bbox 975 2321 1259 2393; x_wconf 86' lang='grc' dir='ltr'>ίσόχρονοι.</span> <span class='ocrx_word' id='word_1_270' title='bbox 1284 2321 1359 2376; x_wconf 82' lang='grc' dir='ltr'><strong>Δι’</strong></span> <span class='ocrx_word' id='word_1_271' title='bbox 1393 2322 1460 2394; x_wconf 72' lang='grc' dir='ltr'>ἢν</span> <span class='ocrx_word' id='word_1_272' title='bbox 1483 2324 1660 2377; x_wconf 87' lang='grc' dir='ltr'>αίτίαν</span> 
     </span>
    </p>
   </div>
   <div class='ocr_carea' id='block_1_38' title="bbox 94 2403 1662 2486">
    <p class='ocr_par' dir='ltr' id='par_1_38' title="bbox 94 2403 1662 2486">
     <span class='ocr_line' id='line_1_38' title="bbox 94 2403 1662 2486; baseline 0.009 -30"><span class='ocrx_word' id='word_1_273' title='bbox 94 2403 181 2457; x_wconf 76' lang='grc' dir='ltr'>οὐκ</span> <span class='ocrx_word' id='word_1_274' title='bbox 204 2404 316 2460; x_wconf 77' lang='grc' dir='ltr'>ἐστι</span> <span class='ocrx_word' id='word_1_275' title='bbox 351 2409 770 2482; x_wconf 78' lang='grc' dir='ltr'>συναμφότερον</span> <span class='ocrx_word' id='word_1_276' title='bbox 803 2413 952 2466; x_wconf 72' lang='grc' dir='ltr'>πᾶσα</span> <span class='ocrx_word' id='word_1_277' title='bbox 984 2413 1081 2480; x_wconf 79' lang='grc' dir='ltr'><strong>νὺξ</strong></span> <span class='ocrx_word' id='word_1_278' title='bbox 1118 2413 1214 2468; x_wconf 78' lang='grc' dir='ltr'>καὶ</span> <span class='ocrx_word' id='word_1_279' title='bbox 1247 2413 1429 2486; x_wconf 76' lang='grc' dir='ltr'>ἡμέρα</span> <span class='ocrx_word' id='word_1_280' title='bbox 1456 2431 1662 2486; x_wconf 86' lang='grc' dir='ltr'>συναμ-</span> 
     </span>
    </p>
   </div>
   <div class='ocr_carea' id='block_1_39' title="bbox 96 2496 1150 2578">
    <p class='ocr_par' dir='ltr' id='par_1_39' title="bbox 96 2496 1150 2578">
     <span class='ocr_line' id='line_1_39' title="bbox 96 2496 1150 2578; baseline 0.011 -31"><span class='ocrx_word' id='word_1_281' title='bbox 96 2496 306 2567; x_wconf 65' lang='grc' dir='ltr'>φοτέρῳ,</span> <span class='ocrx_word' id='word_1_282' title='bbox 345 2499 501 2571; x_wconf 76' lang='grc' dir='ltr'>πάσῃ</span> <span class='ocrx_word' id='word_1_283' title='bbox 526 2501 684 2555; x_wconf 78' lang='grc' dir='ltr'>νυκτὶ</span> <span class='ocrx_word' id='word_1_284' title='bbox 713 2503 806 2556; x_wconf 74' lang='grc' dir='ltr'>καὶ</span> <span class='ocrx_word' id='word_1_285' title='bbox 831 2503 1016 2575; x_wconf 77' lang='grc' dir='ltr'>ἡμέρᾳ</span> <span class='ocrx_word' id='word_1_286' title='bbox 1040 2504 1150 2578; x_wconf 86' lang='grc' dir='ltr'>ίση.</span> 
     </span>
    </p>
   </div>
   <div class='ocr_carea' id='block_1_40' title="bbox 153 2682 1660 2773">
    <p class='ocr_par' dir='ltr' id='par_1_40' title="bbox 153 2682 1660 2773">
     <span class='ocr_line' id='line_1_40' title="bbox 153 2682 1660 2773; baseline 0.007 -38"><span class='ocrx_word' id='word_1_287' title='bbox 153 2682 296 2765; x_wconf 73' lang='grc' dir='ltr'>Κατὰ</span> <span class='ocrx_word' id='word_1_288' title='bbox 324 2682 391 2737; x_wconf 78' lang='grc' dir='ltr'>δὲ</span> <span class='ocrx_word' id='word_1_289' title='bbox 419 2683 514 2739; x_wconf 78' lang='grc' dir='ltr'>τὸν</span> <span class='ocrx_word' id='word_1_290' title='bbox 556 2683 807 2758; x_wconf 87' lang='grc' dir='ltr'>δεύτερον</span> <span class='ocrx_word' id='word_1_291' title='bbox 841 2689 1041 2773; x_wconf 82' lang='grc' dir='ltr'>τρόπον</span> <span class='ocrx_word' id='word_1_292' title='bbox 1068 2689 1167 2760; x_wconf 85' lang='grc' dir='ltr'><strong>τῆς</strong></span> <span class='ocrx_word' id='word_1_293' title='bbox 1199 2689 1514 2762; x_wconf 84' lang='grc' dir='ltr'>διαιρέσεως</span> <span class='ocrx_word' id='word_1_294' title='bbox 1552 2690 1660 2744; x_wconf 84' lang='grc' dir='ltr'><strong>τῶν</strong></span> 
     </span>
    </p>
   </div>
   <div class='ocr_carea' id='block_1_41' title="bbox 97 2775 1660 2855">
    <p class='ocr_par' dir='ltr' id='par_1_41' title="bbox 97 2775 1660 2855">
     <span class='ocr_line' id='line_1_41' title="bbox 97 2775 1660 2855; baseline 0.004 -27"><span class='ocrx_word' id='word_1_295' title='bbox 97 2775 312 2844; x_wconf 67' lang='grc' dir='ltr'>ἡμεριῖιν,</span> <span class='ocrx_word' id='word_1_296' title='bbox 366 2775 460 2848; x_wconf 81' lang='grc' dir='ltr'><strong>τὸν</strong></span> <span class='ocrx_word' id='word_1_297' title='bbox 489 2776 592 2848; x_wconf 84' lang='grc' dir='ltr'>μὲν</span> <span class='ocrx_word' id='word_1_298' title='bbox 622 2778 767 2849; x_wconf 84' lang='grc' dir='ltr'>μῆνα</span> <span class='ocrx_word' id='word_1_299' title='bbox 791 2779 1018 2852; x_wconf 76' lang='grc' dir='ltr'>λέγομεν</span> <span class='ocrx_word' id='word_1_300' title='bbox 1046 2777 1184 2836; x_wconf 75' lang='grc' dir='ltr'>εἶναι</span> <span class='ocrx_word' id='word_1_301' title='bbox 1222 2781 1448 2855; x_wconf 76' lang='grc' dir='ltr'>ἡμερῶν</span> <span class='ocrx_word' id='word_1_302' title='bbox 1469 2783 1532 2847; x_wconf 88' lang='grc' dir='ltr'>λ’,</span> <span class='ocrx_word' id='word_1_303' title='bbox 1567 2781 1660 2835; x_wconf 88' lang='grc' dir='ltr'><strong>τδν</strong></span> 
     </span>
    </p>
   </div>
   <div class='ocr_carea' id='block_1_42' title="bbox 95 2865 1660 2946">
    <p class='ocr_par' dir='ltr' id='par_1_42' title="bbox 95 2865 1660 2946">
     <span class='ocr_line' id='line_1_42' title="bbox 95 2865 1660 2946; baseline 0.006 -27"><span class='ocrx_word' id='word_1_304' title='bbox 95 2865 142 2919; x_wconf 75' lang='grc' dir='ltr'>δὲ</span> <span class='ocrx_word' id='word_1_305' title='bbox 161 2868 399 2922; x_wconf 74' lang='grc' dir='ltr'>ἐνιαυτὸν</span> <span class='ocrx_word' id='word_1_306' title='bbox 424 2869 649 2942; x_wconf 76' lang='grc' dir='ltr'>ἡμερῶν</span> <span class='ocrx_word' id='word_1_307' title='bbox 665 2870 755 2936; x_wconf 80' lang='grc' dir='ltr'>τξέ</span> <span class='ocrx_word' id='word_1_308' title='bbox 781 2872 931 2943; x_wconf 65' lang='grc' dir='ltr'>α’ίδη</span> <span class='ocrx_word' id='word_1_309' title='bbox 949 2871 1063 2926; x_wconf 78' lang='grc' dir='ltr'>ἔστι</span> <span class='ocrx_word' id='word_1_310' title='bbox 1086 2873 1145 2928; x_wconf 73' lang='grc' dir='ltr'>δὲ</span> <span class='ocrx_word' id='word_1_311' title='bbox 1165 2873 1226 2926; x_wconf 82' lang='grc' dir='ltr'>τὸ</span> <span class='ocrx_word' id='word_1_312' title='bbox 1255 2875 1660 2946; x_wconf 85' lang='grc' dir='ltr'>συναμφότερον</span> 
     </span>
    </p>
   </div>
   <div class='ocr_carea' id='block_1_43' title="bbox 97 2958 1658 3038">
    <p class='ocr_par' dir='ltr' id='par_1_43' title="bbox 97 2958 1658 3038">
     <span class='ocr_line' id='line_1_43' title="bbox 97 2958 1658 3038; baseline 0.008 -28"><span class='ocrx_word' id='word_1_313' title='bbox 97 2958 194 3024; x_wconf 76' lang='grc' dir='ltr'>νὺξ,</span> <span class='ocrx_word' id='word_1_314' title='bbox 222 2965 314 3016; x_wconf 77' lang='grc' dir='ltr'>καὶ</span> <span class='ocrx_word' id='word_1_315' title='bbox 344 2961 531 3033; x_wconf 81' lang='grc' dir='ltr'>ἡμέρα</span> <span class='ocrx_word' id='word_1_316' title='bbox 563 2963 754 3033; x_wconf 84' lang='grc' dir='ltr'>χρόνος</span> <span class='ocrx_word' id='word_1_317' title='bbox 779 2964 936 3037; x_wconf 84' lang='grc' dir='ltr'>ὡρῶν</span> <span class='ocrx_word' id='word_1_318' title='bbox 971 2965 1304 3038; x_wconf 83' lang='grc' dir='ltr'>ίσημερινῶν</span> <span class='ocrx_word' id='word_1_319' title='bbox 1332 2967 1431 3028; x_wconf 88' lang='grc' dir='ltr'>κδ’,</span> <span class='ocrx_word' id='word_1_320' title='bbox 1464 2969 1658 3038; x_wconf 60' lang='lat' dir='ltr'><strong>lqu-</strong></span> 
     </span>
    </p>
   </div>
   <div class='ocr_carea' id='block_1_44' title="bbox 96 3052 1728 3158">
    <p class='ocr_par' dir='ltr' id='par_1_44' title="bbox 96 3052 1728 3158">
     <span class='ocr_line' id='line_1_44' title="bbox 96 3052 1728 3158; baseline 0.007 -54"><span class='ocrx_word' id='word_1_321' title='bbox 96 3052 200 3158; x_wconf 50' lang='grc' dir='ltr'>ρινὴ</span> <span class='ocrx_word' id='word_1_322' title='bbox 232 3053 286 3107; x_wconf 85' lang='grc' dir='ltr'>δὲ</span> <span class='ocrx_word' id='word_1_323' title='bbox 320 3053 444 3125; x_wconf 83' lang='grc' dir='ltr'>ὥρα</span> <span class='ocrx_word' id='word_1_324' title='bbox 473 3055 534 3108; x_wconf 77' lang='grc' dir='ltr'>τὸ</span> <span class='ocrx_word' id='word_1_325' title='bbox 563 3055 729 3158; x_wconf 68' lang='grc' dir='ltr'>α’[κδν</span> <span class='ocrx_word' id='word_1_326' title='bbox 769 3057 932 3128; x_wconf 86' lang='grc' dir='ltr'>μέρος</span> <span class='ocrx_word' id='word_1_327' title='bbox 959 3057 1054 3112; x_wconf 87' lang='grc' dir='ltr'><strong>τοῦ</strong></span> <span class='ocrx_word' id='word_1_328' title='bbox 1087 3058 1280 3131; x_wconf 85' lang='grc' dir='ltr'>χρόνου</span> <span class='ocrx_word' id='word_1_329' title='bbox 1306 3058 1401 3113; x_wconf 85' lang='grc' dir='ltr'><strong>τοῦ</strong></span> <span class='ocrx_word' id='word_1_330' title='bbox 1435 3075 1660 3129; x_wconf 85' lang='grc' dir='ltr'>συναγο-</span> <span class='ocrx_word' id='word_1_331' title='bbox 1685 3101 1728 3158; x_wconf 76' lang='lat' dir='ltr'>c</span> 
     </span>
    </p>
   </div>
   <div class='ocr_carea' id='block_1_45' title="bbox 97 3141 948 3220">
    <p class='ocr_par' dir='ltr' id='par_1_45' title="bbox 97 3141 948 3220">
     <span class='ocr_line' id='line_1_45' title="bbox 97 3141 948 3220; baseline 0.011 -26"><span class='ocrx_word' id='word_1_332' title='bbox 97 3142 238 3208; x_wconf 81' lang='grc' dir='ltr'>μένου</span> <span class='ocrx_word' id='word_1_333' title='bbox 267 3148 334 3200; x_wconf 79' lang='grc' dir='ltr'>ἐκ</span> <span class='ocrx_word' id='word_1_334' title='bbox 365 3147 564 3210; x_wconf 84' lang='grc' dir='ltr'>νυκτὸς</span> <span class='ocrx_word' id='word_1_335' title='bbox 595 3141 690 3202; x_wconf 72' lang='grc' dir='ltr'>καὶ</span> <span class='ocrx_word' id='word_1_336' title='bbox 716 3147 948 3220; x_wconf 78' lang='grc' dir='ltr'>ἡμέρας.</span> 
     </span>
    </p>
   </div>
   <div class='ocr_carea' id='block_1_46' title="bbox 157 3235 1657 3314">
    <p class='ocr_par' dir='ltr' id='par_1_46' title="bbox 157 3235 1657 3314">
     <span class='ocr_line' id='line_1_46' title="bbox 157 3235 1657 3314; baseline 0.005 -25"><span class='ocrx_word' id='word_1_337' title='bbox 157 3235 221 3288; x_wconf 81' lang='grc' dir='ltr'><strong>Οὐ</strong></span> <span class='ocrx_word' id='word_1_338' title='bbox 243 3235 388 3290; x_wconf 85' lang='grc' dir='ltr'>κατὰ</span> <span class='ocrx_word' id='word_1_339' title='bbox 410 3238 597 3290; x_wconf 78' lang='grc' dir='ltr'>πᾶσαν</span> <span class='ocrx_word' id='word_1_340' title='bbox 617 3237 675 3291; x_wconf 76' lang='grc' dir='ltr'>δὲ</span> <span class='ocrx_word' id='word_1_341' title='bbox 697 3235 882 3308; x_wconf 82' lang='grc' dir='ltr'>χώραν</span> <span class='ocrx_word' id='word_1_342' title='bbox 909 3239 1004 3292; x_wconf 76' lang='grc' dir='ltr'>καὶ</span> <span class='ocrx_word' id='word_1_343' title='bbox 1025 3238 1178 3293; x_wconf 86' lang='grc' dir='ltr'>πόλιν</span> <span class='ocrx_word' id='word_1_344' title='bbox 1201 3239 1271 3294; x_wconf 86' lang='grc' dir='ltr'>τὰ</span> <span class='ocrx_word' id='word_1_345' title='bbox 1289 3241 1431 3296; x_wconf 75' lang='grc' dir='ltr'>αὐτὰ</span> <span class='ocrx_word' id='word_1_346' title='bbox 1451 3241 1657 3314; x_wconf 78' lang='grc' dir='ltr'>μεγέθη</span> 
     </span>
    </p>
   </div>
   <div class='ocr_carea' id='block_1_47' title="bbox 96 3326 1657 3404">
    <p class='ocr_par' dir='ltr' id='par_1_47' title="bbox 96 3326 1657 3404">
     <span class='ocr_line' id='line_1_47' title="bbox 96 3326 1657 3404; baseline 0.006 -28"><span class='ocrx_word' id='word_1_347' title='bbox 96 3326 187 3379; x_wconf 81' lang='grc' dir='ltr'><strong>τῶν</strong></span> <span class='ocrx_word' id='word_1_348' title='bbox 221 3328 447 3400; x_wconf 77' lang='grc' dir='ltr'>ἡμερῶν</span> <span class='ocrx_word' id='word_1_349' title='bbox 498 3330 678 3382; x_wconf 78' lang='grc' dir='ltr'>ἐστιν·</span> <span class='ocrx_word' id='word_1_350' title='bbox 715 3328 849 3384; x_wconf 79' lang='grc' dir='ltr'>ἀλλὰ</span> <span class='ocrx_word' id='word_1_351' title='bbox 885 3333 998 3395; x_wconf 79' lang='grc' dir='ltr'>τοῖς</span> <span class='ocrx_word' id='word_1_352' title='bbox 1039 3331 1136 3403; x_wconf 81' lang='grc' dir='ltr'>μὲν</span> <span class='ocrx_word' id='word_1_353' title='bbox 1166 3331 1304 3404; x_wconf 80' lang='grc' dir='ltr'>πρὸς</span> <span class='ocrx_word' id='word_1_354' title='bbox 1335 3333 1536 3404; x_wconf 79' lang='grc' dir='ltr'>ἄρκτον</span> <span class='ocrx_word' id='word_1_355' title='bbox 1576 3333 1657 3386; x_wconf 86' lang='lat' dir='ltr'><strong>ol-</strong></span> 
     </span>
    </p>
   </div>
   <div class='ocr_carea' id='block_1_48' title="bbox 98 3418 1660 3498">
    <p class='ocr_par' dir='ltr' id='par_1_48' title="bbox 98 3418 1660 3498">
     <span class='ocr_line' id='line_1_48' title="bbox 98 3418 1660 3498; baseline 0.004 -26"><span class='ocrx_word' id='word_1_356' title='bbox 98 3418 234 3474; x_wconf 76' lang='grc' dir='ltr'>κοῦσι</span> <span class='ocrx_word' id='word_1_357' title='bbox 267 3421 519 3492; x_wconf 75' lang='grc' dir='ltr'>μείζονες</span> <span class='ocrx_word' id='word_1_358' title='bbox 570 3423 670 3478; x_wconf 69' lang='grc' dir='ltr'>καὶ</span> <span class='ocrx_word' id='word_1_359' title='bbox 706 3422 914 3496; x_wconf 77' lang='grc' dir='ltr'>ἡμέραι</span> <span class='ocrx_word' id='word_1_360' title='bbox 963 3425 1224 3493; x_wconf 86' lang='grc' dir='ltr'>γίνονται,</span> <span class='ocrx_word' id='word_1_361' title='bbox 1261 3427 1374 3490; x_wconf 80' lang='grc' dir='ltr'>τοῖς</span> <span class='ocrx_word' id='word_1_362' title='bbox 1407 3425 1465 3479; x_wconf 71' lang='grc' dir='ltr'>δὲ</span> <span class='ocrx_word' id='word_1_363' title='bbox 1523 3425 1660 3498; x_wconf 79' lang='grc' dir='ltr'>πρὸς</span> 
     </span>
    </p>
   </div>
   <div class='ocr_carea' id='block_1_49' title="bbox 100 3515 781 3585">
    <p class='ocr_par' dir='ltr' id='par_1_49' title="bbox 100 3515 781 3585">
     <span class='ocr_line' id='line_1_49' title="bbox 100 3515 781 3585; baseline 0.007 -18"><span class='ocrx_word' id='word_1_364' title='bbox 100 3515 428 3585; x_wconf 81' lang='grc' dir='ltr'>μεσημϐρίαν</span> <span class='ocrx_word' id='word_1_365' title='bbox 447 3515 781 3579; x_wconf 58' lang='grc' dir='ltr'>-ᾰλάσσονεςι</span> 
     </span>
    </p>
   </div>
   <div class='ocr_carea' id='block_1_50' title="bbox 159 3605 1664 3681">
    <p class='ocr_par' dir='ltr' id='par_1_50' title="bbox 159 3605 1664 3681">
     <span class='ocr_line' id='line_1_50' title="bbox 159 3605 1664 3681; baseline 0.002 -22"><span class='ocrx_word' id='word_1_366' title='bbox 159 3605 302 3659; x_wconf 84' lang='grc' dir='ltr'>Ἔστι</span> <span class='ocrx_word' id='word_1_367' title='bbox 327 3605 385 3660; x_wconf 85' lang='grc' dir='ltr'>δὲ</span> <span class='ocrx_word' id='word_1_368' title='bbox 414 3607 474 3659; x_wconf 84' lang='grc' dir='ltr'>ὲν</span> <span class='ocrx_word' id='word_1_369' title='bbox 508 3605 673 3678; x_wconf 83' lang='grc' dir='ltr'>Ῥόδῳ</span> <span class='ocrx_word' id='word_1_370' title='bbox 700 3608 800 3677; x_wconf 83' lang='grc' dir='ltr'>μὲν</span> <span class='ocrx_word' id='word_1_371' title='bbox 833 3610 866 3678; x_wconf 76' lang='grc' dir='ltr'>ἡ</span> <span class='ocrx_word' id='word_1_372' title='bbox 896 3609 1124 3679; x_wconf 83' lang='grc' dir='ltr'>μεγίστη</span> <span class='ocrx_word' id='word_1_373' title='bbox 1157 3609 1342 3680; x_wconf 79' lang='grc' dir='ltr'>ἡμέρα</span> <span class='ocrx_word' id='word_1_374' title='bbox 1377 3608 1538 3681; x_wconf 84' lang='grc' dir='ltr'>ὡρῶν</span> <span class='ocrx_word' id='word_1_375' title='bbox 1582 3610 1664 3664; x_wconf 76' lang='grc' dir='ltr'>ίσ-</span> 
     </span>
    </p>
   </div>
   <div class='ocr_carea' id='block_1_51' title="bbox 99 3698 1658 3774">
    <p class='ocr_par' dir='ltr' id='par_1_51' title="bbox 99 3698 1658 3774">
     <span class='ocr_line' id='line_1_51' title="bbox 99 3698 1658 3774; baseline 0.003 -23"><span class='ocrx_word' id='word_1_376' title='bbox 99 3698 349 3768; x_wconf 76' lang='grc' dir='ltr'>ημερινῶν</span> <span class='ocrx_word' id='word_1_377' title='bbox 386 3698 449 3752; x_wconf 91' lang='grc' dir='ltr'>ιδ’</span> <span class='ocrx_word' id='word_1_378' title='bbox 461 3698 598 3770; x_wconf 71' lang='grc' dir='ltr'><strong>α’]β’</strong></span> <span class='ocrx_word' id='word_1_379' title='bbox 617 3716 630 3729; x_wconf 71' lang='grc'><strong><em>⁸</em></strong></span> <span class='ocrx_word' id='word_1_380' title='bbox 657 3699 786 3772; x_wconf 77' lang='grc' dir='ltr'>περὶ</span> <span class='ocrx_word' id='word_1_381' title='bbox 817 3699 875 3753; x_wconf 72' lang='grc' dir='ltr'>δὲ</span> <span class='ocrx_word' id='word_1_382' title='bbox 917 3699 1133 3772; x_wconf 84' lang='grc' dir='ltr'>Ῥώμην</span> <span class='ocrx_word' id='word_1_383' title='bbox 1157 3703 1192 3771; x_wconf 79' lang='grc' dir='ltr'><strong>η</strong></span> <span class='ocrx_word' id='word_1_384' title='bbox 1222 3702 1454 3773; x_wconf 80' lang='grc' dir='ltr'>μεγίστη</span> <span class='ocrx_word' id='word_1_385' title='bbox 1475 3701 1658 3774; x_wconf 76' lang='grc' dir='ltr'>ἡμέρα</span> 
     </span>
    </p>
   </div>
   <div class='ocr_carea' id='block_1_52' title="bbox 98 3786 1659 3865">
    <p class='ocr_par' dir='ltr' id='par_1_52' title="bbox 98 3786 1659 3865">
     <span class='ocr_line' id='line_1_52' title="bbox 98 3786 1659 3865; baseline 0.004 -22"><span class='ocrx_word' id='word_1_386' title='bbox 98 3786 234 3860; x_wconf 78' lang='grc' dir='ltr'>ὡρῶν</span> <span class='ocrx_word' id='word_1_387' title='bbox 260 3793 348 3863; x_wconf 85' lang='grc' dir='ltr'>ιση</span> <span class='ocrx_word' id='word_1_388' title='bbox 358 3808 425 3862; x_wconf 91' lang='grc' dir='ltr'><strong>με</strong></span> <span class='ocrx_word' id='word_1_389' title='bbox 433 3791 601 3865; x_wconf 74' lang='grc' dir='ltr'>ρινῶν</span> <span class='ocrx_word' id='word_1_390' title='bbox 636 3798 696 3844; x_wconf 88' lang='grc' dir='ltr'>ιε’</span> <span class='ocrx_word' id='word_1_391' title='bbox 714 3808 728 3822; x_wconf 87' lang='grc'><strong>·</strong></span> <span class='ocrx_word' id='word_1_392' title='bbox 760 3794 871 3856; x_wconf 85' lang='grc' dir='ltr'>τοῖς</span> <span class='ocrx_word' id='word_1_393' title='bbox 899 3791 943 3845; x_wconf 81' lang='grc' dir='ltr'>δ’</span> <span class='ocrx_word' id='word_1_394' title='bbox 969 3791 1048 3845; x_wconf 71' lang='grc' dir='ltr'>ἔτι</span> <span class='ocrx_word' id='word_1_395' title='bbox 1073 3792 1430 3864; x_wconf 74' lang='grc' dir='ltr'>βορειοτέροις</span> <span class='ocrx_word' id='word_1_396' title='bbox 1451 3793 1659 3849; x_wconf 88' lang='grc' dir='ltr'>οίκοῦσι</span> 
     </span>
    </p>
   </div>
   <div class='ocr_carea' id='block_1_53' title="bbox 97 3879 1660 3959">
    <p class='ocr_par' dir='ltr' id='par_1_53' title="bbox 97 3879 1660 3959">
     <span class='ocr_line' id='line_1_53' title="bbox 97 3879 1660 3959; baseline 0.003 -22"><span class='ocrx_word' id='word_1_397' title='bbox 97 3879 180 3952; x_wconf 78' lang='grc' dir='ltr'>τῆς</span> <span class='ocrx_word' id='word_1_398' title='bbox 207 3885 573 3956; x_wconf 83' lang='grc' dir='ltr'>Προποντίδος</span> <span class='ocrx_word' id='word_1_399' title='bbox 605 3885 834 3957; x_wconf 87' lang='grc' dir='ltr'>μεγίστη</span> <span class='ocrx_word' id='word_1_400' title='bbox 857 3885 1040 3956; x_wconf 71' lang='grc' dir='ltr'>ἡμέρα</span> <span class='ocrx_word' id='word_1_401' title='bbox 1063 3884 1270 3954; x_wconf 87' lang='grc' dir='ltr'>γίνεται</span> <span class='ocrx_word' id='word_1_402' title='bbox 1296 3886 1454 3958; x_wconf 81' lang='grc' dir='ltr'>ὡρῶν</span> <span class='ocrx_word' id='word_1_403' title='bbox 1477 3889 1660 3959; x_wconf 81' lang='grc' dir='ltr'>ίσημε-</span> 
     </span>
    </p>
   </div>
   <div class='ocr_carea' id='block_1_54' title="bbox 101 3971 1658 4049">
    <p class='ocr_par' dir='ltr' id='par_1_54' title="bbox 101 3971 1658 4049">
     <span class='ocr_line' id='line_1_54' title="bbox 101 3971 1658 4049; baseline 0.004 -23"><span class='ocrx_word' id='word_1_404' title='bbox 101 3971 240 4044; x_wconf 70' lang='grc' dir='ltr'>ρινῷν</span> <span class='ocrx_word' id='word_1_405' title='bbox 271 3980 348 4040; x_wconf 82' lang='grc' dir='ltr'>ις’</span> <span class='ocrx_word' id='word_1_406' title='bbox 367 3991 382 4005; x_wconf 73' lang='grc' dir='ltr'><strong>ο</strong></span> <span class='ocrx_word' id='word_1_407' title='bbox 422 3975 520 4028; x_wconf 77' lang='grc' dir='ltr'>καὶ</span> <span class='ocrx_word' id='word_1_408' title='bbox 555 3973 637 4028; x_wconf 70' lang='grc' dir='ltr'>ἔτι</span> <span class='ocrx_word' id='word_1_409' title='bbox 667 3977 780 4040; x_wconf 85' lang='grc' dir='ltr'>τοῖς</span> <span class='ocrx_word' id='word_1_410' title='bbox 811 3973 1164 4048; x_wconf 87' lang='grc' dir='ltr'>βορειοτέροις</span> <span class='ocrx_word' id='word_1_411' title='bbox 1192 3974 1258 4042; x_wconf 81' lang='grc' dir='ltr'><strong>ιζ’</strong></span> <span class='ocrx_word' id='word_1_412' title='bbox 1282 3977 1377 4031; x_wconf 77' lang='grc' dir='ltr'>καὶ</span> <span class='ocrx_word' id='word_1_413' title='bbox 1407 3984 1474 4049; x_wconf 85' lang='grc' dir='ltr'>ιη’</span> <span class='ocrx_word' id='word_1_414' title='bbox 1501 3975 1658 4049; x_wconf 86' lang='grc' dir='ltr'>ὡρῶν</span> 
     </span>
    </p>
   </div>
   <div class='ocr_carea' id='block_1_55' title="bbox 98 4063 849 4139">
    <p class='ocr_par' dir='ltr' id='par_1_55' title="bbox 98 4063 849 4139">
     <span class='ocr_line' id='line_1_55' title="bbox 98 4063 849 4139; baseline 0.007 -22"><span class='ocrx_word' id='word_1_415' title='bbox 98 4063 124 4130; x_wconf 72' lang='grc' dir='ltr'>ἡ</span> <span class='ocrx_word' id='word_1_416' title='bbox 158 4066 376 4138; x_wconf 84' lang='grc' dir='ltr'>μεγίστη</span> <span class='ocrx_word' id='word_1_417' title='bbox 408 4065 598 4139; x_wconf 76' lang='grc' dir='ltr'>ἡμέρα</span> <span class='ocrx_word' id='word_1_418' title='bbox 619 4065 849 4135; x_wconf 86' lang='grc' dir='ltr'>γίνεται.</span> 
     </span>
    </p>
   </div>
   <div class='ocr_carea' id='block_1_56' title="bbox 167 4245 1658 4318">
    <p class='ocr_par' dir='ltr' id='par_1_56' title="bbox 167 4245 1658 4318">
     <span class='ocr_line' id='line_1_56' title="bbox 167 4245 1658 4318; baseline 0.003 -20"><span class='ocrx_word' id='word_1_419' title='bbox 167 4245 281 4300; x_wconf 73' lang='grc' dir='ltr'><strong>Ἐπὶ</strong></span> <span class='ocrx_word' id='word_1_420' title='bbox 302 4247 359 4302; x_wconf 72' lang='grc' dir='ltr'>δὲ</span> <span class='ocrx_word' id='word_1_421' title='bbox 392 4247 524 4311; x_wconf 75' lang='grc' dir='ltr'>τοὺς</span> <span class='ocrx_word' id='word_1_422' title='bbox 548 4246 746 4310; x_wconf 82' lang='grc' dir='ltr'>τόπους</span> <span class='ocrx_word' id='word_1_423' title='bbox 780 4246 892 4318; x_wconf 82' lang='lat'><strong>(22)</strong></span> <span class='ocrx_word' id='word_1_424' title='bbox 916 4249 1137 4313; x_wconf 85' lang='grc' dir='ltr'>τούτους</span> <span class='ocrx_word' id='word_1_425' title='bbox 1163 4248 1422 4303; x_wconf 74' lang='grc' dir='ltr'>δοκεῖκαὶ</span> <span class='ocrx_word' id='word_1_426' title='bbox 1445 4248 1658 4314; x_wconf 82' lang='grc' dir='ltr'>Πυθέας</span> 
     </span>
    </p>
   </div>
   <div class='ocr_carea' id='block_1_57' title="bbox 96 4334 1656 4415">
    <p class='ocr_par' dir='ltr' id='par_1_57' title="bbox 96 4334 1656 4415">
     <span class='ocr_line' id='line_1_57' title="bbox 96 4334 1656 4415; baseline 0.008 -30"><span class='ocrx_word' id='word_1_427' title='bbox 96 4334 123 4384; x_wconf 80' lang='grc' dir='ltr'><strong>ὸ</strong></span> <span class='ocrx_word' id='word_1_428' title='bbox 148 4335 541 4410; x_wconf 81' lang='grc' dir='ltr'>Μασσαλιώτης</span> <span class='ocrx_word' id='word_1_429' title='bbox 563 4341 838 4410; x_wconf 82' lang='grc' dir='ltr'>παρεῖναι.</span> <span class='ocrx_word' id='word_1_430' title='bbox 867 4341 1005 4412; x_wconf 68' lang='grc' dir='ltr'>Φησὶ</span> <span class='ocrx_word' id='word_1_431' title='bbox 1033 4341 1162 4411; x_wconf 93' lang='grc' dir='ltr'>γοῦν</span> <span class='ocrx_word' id='word_1_432' title='bbox 1196 4345 1255 4396; x_wconf 83' lang='grc' dir='ltr'>ὲν</span> <span class='ocrx_word' id='word_1_433' title='bbox 1277 4345 1390 4407; x_wconf 79' lang='grc' dir='ltr'>τοῖς</span> <span class='ocrx_word' id='word_1_434' title='bbox 1416 4344 1543 4415; x_wconf 80' lang='grc' dir='ltr'>περὶ</span> <span class='ocrx_word' id='word_1_435' title='bbox 1561 4343 1656 4397; x_wconf 88' lang='grc' dir='ltr'><strong>τοῦ</strong></span> 
     </span>
    </p>
   </div>
   <div class='ocr_carea' id='block_1_58' title="bbox 1763 1853 3341 1926">
    <p class='ocr_par' dir='ltr' id='par_1_58' title="bbox 1763 1853 3341 1926">
     <span class='ocr_line' id='line_1_58' title="bbox 1763 1853 3341 1926; baseline 0.001 -18"><span class='ocrx_word' id='word_1_436' title='bbox 1763 1853 1869 1908; x_wconf 90' lang='lat' dir='ltr'><strong>diei</strong></span> <span class='ocrx_word' id='word_1_437' title='bbox 1896 1869 1911 1919; x_wconf 91' lang='lat'><strong>;</strong></span> <span class='ocrx_word' id='word_1_438' title='bbox 1955 1856 2049 1909; x_wconf 88' lang='lat' dir='ltr'><strong>scd</strong></span> <span class='ocrx_word' id='word_1_439' title='bbox 2079 1853 2259 1926; x_wconf 84' lang='lat' dir='ltr'><strong>quoad</strong></span> <span class='ocrx_word' id='word_1_440' title='bbox 2306 1870 2526 1910; x_wconf 82' lang='lat' dir='ltr'><strong>sensum</strong></span> <span class='ocrx_word' id='word_1_441' title='bbox 2561 1855 2964 1926; x_wconf 77' lang='lat' dir='ltr'><strong>magnitudines</strong></span> <span class='ocrx_word' id='word_1_442' title='bbox 2997 1863 3125 1910; x_wconf 90' lang='lat' dir='ltr'><strong>sunt</strong></span> <span class='ocrx_word' id='word_1_443' title='bbox 3158 1870 3341 1925; x_wconf 72' lang='lat' dir='ltr'><strong>aequa-</strong></span> 
     </span>
    </p>
   </div>
   <div class='ocr_carea' id='block_1_59' title="bbox 1763 1944 3338 2019">
    <p class='ocr_par' dir='ltr' id='par_1_59' title="bbox 1763 1944 3338 2019">
     <span class='ocr_line' id='line_1_59' title="bbox 1763 1944 3338 2019; baseline 0.003 -20"><span class='ocrx_word' id='word_1_444' title='bbox 1763 1944 1873 2008; x_wconf 89' lang='lat' dir='ltr'><strong>les,</strong></span> <span class='ocrx_word' id='word_1_445' title='bbox 1915 1945 2092 2016; x_wconf 86' lang='lat' dir='ltr'><strong>quoad</strong></span> <span class='ocrx_word' id='word_1_446' title='bbox 2137 1946 2369 2002; x_wconf 83' lang='lat' dir='ltr'><strong>rationis</strong></span> <span class='ocrx_word' id='word_1_447' title='bbox 2408 1947 2674 2016; x_wconf 85' lang='lat' dir='ltr'><strong>judicium</strong></span> <span class='ocrx_word' id='word_1_448' title='bbox 2726 1964 2892 2018; x_wconf 88' lang='lat' dir='ltr'><strong>parva</strong></span> <span class='ocrx_word' id='word_1_449' title='bbox 2927 1947 3175 2019; x_wconf 61' lang='lat' dir='ltr'><strong>quaedam</strong></span> <span class='ocrx_word' id='word_1_450' title='bbox 3217 1956 3338 2014; x_wconf 90' lang='lat' dir='ltr'><strong>est,</strong></span> 
     </span>
    </p>
   </div>
   <div class='ocr_carea' id='block_1_60' title="bbox 1762 2037 3344 2108">
    <p class='ocr_par' dir='ltr' id='par_1_60' title="bbox 1762 2037 3344 2108">
     <span class='ocr_line' id='line_1_60' title="bbox 1762 2037 3344 2108; baseline 0.002 -16"><span class='ocrx_word' id='word_1_451' title='bbox 1762 2045 1928 2108; x_wconf 87' lang='lat' dir='ltr'><strong>atque</strong></span> <span class='ocrx_word' id='word_1_452' title='bbox 1971 2038 2309 2094; x_wconf 82' lang='lat' dir='ltr'><strong>insensibilis</strong></span> <span class='ocrx_word' id='word_1_453' title='bbox 2341 2038 2656 2094; x_wconf 85' lang='lat' dir='ltr'><strong>diversitas.</strong></span> <span class='ocrx_word' id='word_1_454' title='bbox 2703 2037 2888 2093; x_wconf 78' lang='lat' dir='ltr'><strong>Mundi</strong></span> <span class='ocrx_word' id='word_1_455' title='bbox 2921 2040 3065 2095; x_wconf 88' lang='lat' dir='ltr'><strong>enim</strong></span> <span class='ocrx_word' id='word_1_456' title='bbox 3111 2054 3344 2095; x_wconf 84' lang='lat' dir='ltr'><strong>conver-</strong></span> 
     </span>
    </p>
   </div>
   <div class='ocr_carea' id='block_1_61' title="bbox 1763 2128 3339 2208">
    <p class='ocr_par' dir='ltr' id='par_1_61' title="bbox 1763 2128 3339 2208">
     <span class='ocr_line' id='line_1_61' title="bbox 1763 2128 3339 2208; baseline 0.003 -24"><span class='ocrx_word' id='word_1_457' title='bbox 1763 2128 1948 2208; x_wconf 76' lang='lat' dir='ltr'><strong>siones</strong></span> <span class='ocrx_word' id='word_1_458' title='bbox 1977 2129 2120 2185; x_wconf 87' lang='lat' dir='ltr'><strong>inter</strong></span> <span class='ocrx_word' id='word_1_459' title='bbox 2161 2145 2221 2186; x_wconf 88' lang='lat' dir='ltr'><strong>se</strong></span> <span class='ocrx_word' id='word_1_460' title='bbox 2257 2130 2597 2202; x_wconf 80' lang='lat' dir='ltr'><strong>temporibus</strong></span> <span class='ocrx_word' id='word_1_461' title='bbox 2634 2139 2764 2186; x_wconf 85' lang='lat' dir='ltr'><strong>sunt</strong></span> <span class='ocrx_word' id='word_1_462' title='bbox 2796 2133 3034 2202; x_wconf 63' lang='lat' dir='ltr'><strong>aequales</strong></span> <span class='ocrx_word' id='word_1_463' title='bbox 3063 2151 3076 2187; x_wconf 93' lang='lat'>:</span> <span class='ocrx_word' id='word_1_464' title='bbox 3107 2133 3203 2188; x_wconf 90' lang='lat' dir='ltr'><strong>sed</strong></span> <span class='ocrx_word' id='word_1_465' title='bbox 3248 2148 3339 2188; x_wconf 87' lang='lat' dir='ltr'><strong>ar-</strong></span> 
     </span>
    </p>
   </div>
   <div class='ocr_carea' id='block_1_62' title="bbox 1762 2220 3342 2293">
    <p class='ocr_par' dir='ltr' id='par_1_62' title="bbox 1762 2220 3342 2293">
     <span class='ocr_line' id='line_1_62' title="bbox 1762 2220 3342 2293; baseline 0.003 -17"><span class='ocrx_word' id='word_1_466' title='bbox 1762 2237 1926 2276; x_wconf 87' lang='lat' dir='ltr'><strong>cuum</strong></span> <span class='ocrx_word' id='word_1_467' title='bbox 1952 2221 2326 2286; x_wconf 87' lang='lat' dir='ltr'><strong>ascensiones,</strong></span> <span class='ocrx_word' id='word_1_468' title='bbox 2356 2237 2496 2293; x_wconf 90' lang='lat' dir='ltr'><strong>quos</strong></span> <span class='ocrx_word' id='word_1_469' title='bbox 2518 2222 2601 2277; x_wconf 93' lang='lat' dir='ltr'><strong>sol</strong></span> <span class='ocrx_word' id='word_1_470' title='bbox 2639 2220 2858 2277; x_wconf 82' lang='lat' dir='ltr'><strong>c&#39;ontlcit</strong></span> <span class='ocrx_word' id='word_1_471' title='bbox 2888 2224 2942 2278; x_wconf 90' lang='lat' dir='ltr'><strong>in</strong></span> <span class='ocrx_word' id='word_1_472' title='bbox 2985 2224 3175 2279; x_wconf 90' lang='lat' dir='ltr'><strong>mundi</strong></span> <span class='ocrx_word' id='word_1_473' title='bbox 3208 2239 3342 2281; x_wconf 88' lang='lat' dir='ltr'><strong>con-</strong></span> 
     </span>
    </p>
   </div>
   <div class='ocr_carea' id='block_1_63' title="bbox 1760 2313 3340 2386">
    <p class='ocr_par' dir='ltr' id='par_1_63' title="bbox 1760 2313 3340 2386">
     <span class='ocr_line' id='line_1_63' title="bbox 1760 2313 3340 2386; baseline 0.004 -19"><span class='ocrx_word' id='word_1_474' title='bbox 1760 2313 2030 2379; x_wconf 89' lang='lat' dir='ltr'><strong>versione,</strong></span> <span class='ocrx_word' id='word_1_475' title='bbox 2083 2331 2191 2370; x_wconf 88' lang='lat' dir='ltr'><strong>non</strong></span> <span class='ocrx_word' id='word_1_476' title='bbox 2223 2322 2354 2370; x_wconf 85' lang='lat' dir='ltr'><strong>sunt</strong></span> <span class='ocrx_word' id='word_1_477' title='bbox 2390 2315 2730 2386; x_wconf 88' lang='lat' dir='ltr'><strong>temporibus</strong></span> <span class='ocrx_word' id='word_1_478' title='bbox 2756 2317 3016 2386; x_wconf 69' lang='lat' dir='ltr'><strong>aequales.</strong></span> <span class='ocrx_word' id='word_1_479' title='bbox 3047 2317 3221 2384; x_wconf 83' lang='lat' dir='ltr'><strong>Quam</strong></span> <span class='ocrx_word' id='word_1_480' title='bbox 3267 2317 3340 2373; x_wconf 92' lang='lat' dir='ltr'><strong>ob</strong></span> 
     </span>
    </p>
   </div>
   <div class='ocr_carea' id='block_1_64' title="bbox 1760 2407 3341 2480">
    <p class='ocr_par' dir='ltr' id='par_1_64' title="bbox 1760 2407 3341 2480">
     <span class='ocr_line' id='line_1_64' title="bbox 1760 2407 3341 2480; baseline 0.004 -20"><span class='ocrx_word' id='word_1_481' title='bbox 1760 2419 1984 2462; x_wconf 84' lang='lat' dir='ltr'><strong>causam</strong></span> <span class='ocrx_word' id='word_1_482' title='bbox 2021 2421 2130 2461; x_wconf 92' lang='lat' dir='ltr'><strong>non</strong></span> <span class='ocrx_word' id='word_1_483' title='bbox 2167 2413 2253 2462; x_wconf 89' lang='lat' dir='ltr'><strong>est</strong></span> <span class='ocrx_word' id='word_1_484' title='bbox 2293 2407 2658 2477; x_wconf 90' lang='lat' dir='ltr'><strong>compositum</strong></span> <span class='ocrx_word' id='word_1_485' title='bbox 2690 2407 2822 2462; x_wconf 93' lang='lat' dir='ltr'><strong>illud</strong></span> <span class='ocrx_word' id='word_1_486' title='bbox 2871 2415 3109 2479; x_wconf 87' lang='lat' dir='ltr'><strong>tempus,</strong></span> <span class='ocrx_word' id='word_1_487' title='bbox 3143 2424 3341 2480; x_wconf 87' lang='lat' dir='ltr'><strong>nempe</strong></span> 
     </span>
    </p>
   </div>
   <div class='ocr_carea' id='block_1_65' title="bbox 1759 2497 3338 2570">
    <p class='ocr_par' dir='ltr' id='par_1_65' title="bbox 1759 2497 3338 2570">
     <span class='ocr_line' id='line_1_65' title="bbox 1759 2497 3338 2570; baseline 0.001 -18"><span class='ocrx_word' id='word_1_488' title='bbox 1759 2497 1940 2552; x_wconf 88' lang='lat' dir='ltr'><strong>omnis</strong></span> <span class='ocrx_word' id='word_1_489' title='bbox 1999 2512 2109 2552; x_wconf 79' lang='lat' dir='ltr'><strong>nox</strong></span> <span class='ocrx_word' id='word_1_490' title='bbox 2151 2505 2207 2553; x_wconf 91' lang='lat' dir='ltr'><strong>ct</strong></span> <span class='ocrx_word' id='word_1_491' title='bbox 2241 2497 2384 2564; x_wconf 90' lang='lat' dir='ltr'><strong>dies,</strong></span> <span class='ocrx_word' id='word_1_492' title='bbox 2411 2497 2716 2569; x_wconf 90' lang='lat' dir='ltr'><strong>composito</strong></span> <span class='ocrx_word' id='word_1_493' title='bbox 2739 2498 2815 2554; x_wconf 92' lang='lat' dir='ltr'><strong>illi</strong></span> <span class='ocrx_word' id='word_1_494' title='bbox 2843 2499 3096 2570; x_wconf 90' lang='lat' dir='ltr'><strong>tempori,</strong></span> <span class='ocrx_word' id='word_1_495' title='bbox 3127 2498 3338 2555; x_wconf 80' lang='lat' dir='ltr'><strong>scilicet</strong></span> 
     </span>
    </p>
   </div>
   <div class='ocr_carea' id='block_1_66' title="bbox 1759 2589 2589 2662">
    <p class='ocr_par' dir='ltr' id='par_1_66' title="bbox 1759 2589 2589 2662">
     <span class='ocr_line' id='line_1_66' title="bbox 1759 2589 2589 2662; baseline 0.004 -17"><span class='ocrx_word' id='word_1_496' title='bbox 1759 2589 1909 2645; x_wconf 90' lang='lat' dir='ltr'><strong>omni</strong></span> <span class='ocrx_word' id='word_1_497' title='bbox 1937 2589 2084 2644; x_wconf 90' lang='lat' dir='ltr'><strong>nocti</strong></span> <span class='ocrx_word' id='word_1_498' title='bbox 2117 2597 2172 2646; x_wconf 92' lang='lat' dir='ltr'><strong>et</strong></span> <span class='ocrx_word' id='word_1_499' title='bbox 2198 2590 2327 2657; x_wconf 89' lang='lat' dir='ltr'><strong>diei,</strong></span> <span class='ocrx_word' id='word_1_500' title='bbox 2362 2591 2589 2662; x_wconf 62' lang='lat' dir='ltr'><strong>aequale.</strong></span> 
     </span>
    </p>
   </div>
   <div class='ocr_carea' id='block_1_67' title="bbox 1831 2678 3335 2749">
    <p class='ocr_par' dir='ltr' id='par_1_67' title="bbox 1831 2678 3335 2749">
     <span class='ocr_line' id='line_1_67' title="bbox 1831 2678 3335 2749; baseline -0.001 -13"><span class='ocrx_word' id='word_1_501' title='bbox 1831 2678 2147 2737; x_wconf 86' lang='lat' dir='ltr'><strong>Secundum</strong></span> <span class='ocrx_word' id='word_1_502' title='bbox 2202 2682 2438 2738; x_wconf 89' lang='lat' dir='ltr'><strong>alterum</strong></span> <span class='ocrx_word' id='word_1_503' title='bbox 2483 2681 2706 2737; x_wconf 92' lang='lat' dir='ltr'><strong>modum</strong></span> <span class='ocrx_word' id='word_1_504' title='bbox 2752 2680 3047 2736; x_wconf 83' lang='lat' dir='ltr'><strong>divisionis</strong></span> <span class='ocrx_word' id='word_1_505' title='bbox 3096 2679 3335 2749; x_wconf 91' lang='lat' dir='ltr'><strong>dierum,</strong></span> 
     </span>
    </p>
   </div>
   <div class='ocr_carea' id='block_1_68' title="bbox 1761 2772 3336 2840">
    <p class='ocr_par' dir='ltr' id='par_1_68' title="bbox 1761 2772 3336 2840">
     <span class='ocr_line' id='line_1_68' title="bbox 1761 2772 3336 2840; baseline -0.001 -11"><span class='ocrx_word' id='word_1_506' title='bbox 1761 2789 2002 2830; x_wconf 87' lang='lat' dir='ltr'><strong>mensem</strong></span> <span class='ocrx_word' id='word_1_507' title='bbox 2033 2773 2271 2830; x_wconf 89' lang='lat' dir='ltr'><strong>dicimus</strong></span> <span class='ocrx_word' id='word_1_508' title='bbox 2302 2788 2427 2830; x_wconf 90' lang='lat' dir='ltr'><strong>esse</strong></span> <span class='ocrx_word' id='word_1_509' title='bbox 2450 2772 2662 2828; x_wconf 87' lang='lat' dir='ltr'><strong>dierum</strong></span> <span class='ocrx_word' id='word_1_510' title='bbox 2696 2774 2788 2840; x_wconf 81' lang='lat'><strong>&#39;50,</strong></span> <span class='ocrx_word' id='word_1_511' title='bbox 2821 2787 3025 2828; x_wconf 90' lang='lat' dir='ltr'><strong>annum</strong></span> <span class='ocrx_word' id='word_1_512' title='bbox 3058 2788 3190 2829; x_wconf 85' lang='lat' dir='ltr'><strong>vero</strong></span> <span class='ocrx_word' id='word_1_513' title='bbox 3215 2772 3336 2828; x_wconf 84' lang='lat' dir='ltr'><strong>die-</strong></span> 
     </span>
    </p>
   </div>
   <div class='ocr_carea' id='block_1_69' title="bbox 1759 2866 3338 2938">
    <p class='ocr_par' dir='ltr' id='par_1_69' title="bbox 1759 2866 3338 2938">
     <span class='ocr_line' id='line_1_69' title="bbox 1759 2866 3338 2938; baseline 0 -18"><span class='ocrx_word' id='word_1_514' title='bbox 1759 2881 1880 2920; x_wconf 91' lang='lat' dir='ltr'><strong>rum</strong></span> <span class='ocrx_word' id='word_1_515' title='bbox 1916 2866 2170 2938; x_wconf 67' lang='lat'><strong>5651/4;</strong></span> <span class='ocrx_word' id='word_1_516' title='bbox 2201 2875 2286 2923; x_wconf 90' lang='lat' dir='ltr'><strong>est</strong></span> <span class='ocrx_word' id='word_1_517' title='bbox 2302 2873 2482 2921; x_wconf 86' lang='lat' dir='ltr'><strong>autem</strong></span> <span class='ocrx_word' id='word_1_518' title='bbox 2504 2874 2720 2937; x_wconf 85' lang='lat' dir='ltr'><strong>tempus</strong></span> <span class='ocrx_word' id='word_1_519' title='bbox 2739 2883 2803 2922; x_wconf 80' lang='lat' dir='ltr'><strong>ex</strong></span> <span class='ocrx_word' id='word_1_520' title='bbox 2820 2875 2999 2931; x_wconf 90' lang='lat' dir='ltr'><strong>nocte,</strong></span> <span class='ocrx_word' id='word_1_521' title='bbox 3014 2874 3068 2922; x_wconf 91' lang='lat' dir='ltr'><strong>et</strong></span> <span class='ocrx_word' id='word_1_522' title='bbox 3086 2867 3174 2922; x_wconf 91' lang='lat' dir='ltr'><strong>die</strong></span> <span class='ocrx_word' id='word_1_523' title='bbox 3194 2880 3338 2921; x_wconf 83' lang='lat' dir='ltr'><strong>com-</strong></span> 
     </span>
    </p>
   </div>
   <div class='ocr_carea' id='block_1_70' title="bbox 1760 2959 3337 3031">
    <p class='ocr_par' dir='ltr' id='par_1_70' title="bbox 1760 2959 3337 3031">
     <span class='ocr_line' id='line_1_70' title="bbox 1760 2959 3337 3031; baseline 0.001 -17"><span class='ocrx_word' id='word_1_524' title='bbox 1760 2960 1998 3030; x_wconf 89' lang='lat' dir='ltr'><strong>positum</strong></span> <span class='ocrx_word' id='word_1_525' title='bbox 2033 2960 2290 3015; x_wconf 89' lang='lat' dir='ltr'><strong>horarum</strong></span> <span class='ocrx_word' id='word_1_526' title='bbox 2322 2959 2783 3031; x_wconf 69' lang='lat' dir='ltr'><strong>aequinoctialium</strong></span> <span class='ocrx_word' id='word_1_527' title='bbox 2812 2960 2905 3027; x_wconf 71' lang='lat'><strong>24,</strong></span> <span class='ocrx_word' id='word_1_528' title='bbox 2942 2959 3337 3029; x_wconf 67' lang='lat' dir='ltr'><strong>aequinoctialis</strong></span> 
     </span>
    </p>
   </div>
   <div class='ocr_carea' id='block_1_71' title="bbox 1761 3051 3338 3124">
    <p class='ocr_par' dir='ltr' id='par_1_71' title="bbox 1761 3051 3338 3124">
     <span class='ocr_line' id='line_1_71' title="bbox 1761 3051 3338 3124; baseline 0.002 -20"><span class='ocrx_word' id='word_1_529' title='bbox 1761 3060 1942 3107; x_wconf 91' lang='lat' dir='ltr'><strong>autem</strong></span> <span class='ocrx_word' id='word_1_530' title='bbox 1966 3051 2099 3108; x_wconf 92' lang='lat' dir='ltr'><strong>hora</strong></span> <span class='ocrx_word' id='word_1_531' title='bbox 2114 3061 2200 3108; x_wconf 85' lang='lat' dir='ltr'><strong>est</strong></span> <span class='ocrx_word' id='word_1_532' title='bbox 2225 3051 2363 3108; x_wconf 66' lang='lat'><strong>1/24</strong></span> <span class='ocrx_word' id='word_1_533' title='bbox 2409 3066 2538 3123; x_wconf 89' lang='lat' dir='ltr'><strong>pars</strong></span> <span class='ocrx_word' id='word_1_534' title='bbox 2563 3052 2826 3124; x_wconf 85' lang='lat' dir='ltr'><strong>temporis</strong></span> <span class='ocrx_word' id='word_1_535' title='bbox 2840 3051 3208 3122; x_wconf 76' lang='lat' dir='ltr'><strong>composities</strong></span> <span class='ocrx_word' id='word_1_536' title='bbox 3234 3067 3338 3107; x_wconf 84' lang='lat' dir='ltr'><strong>no-</strong></span> 
     </span>
    </p>
   </div>
   <div class='ocr_carea' id='block_1_72' title="bbox 1761 3145 2072 3202">
    <p class='ocr_par' dir='ltr' id='par_1_72' title="bbox 1761 3145 2072 3202">
     <span class='ocr_line' id='line_1_72' title="bbox 1761 3145 2072 3202; baseline 0 -2"><span class='ocrx_word' id='word_1_537' title='bbox 1761 3151 1849 3201; x_wconf 90' lang='lat' dir='ltr'><strong>cte</strong></span> <span class='ocrx_word' id='word_1_538' title='bbox 1876 3153 1931 3200; x_wconf 87' lang='lat' dir='ltr'><strong>et</strong></span> <span class='ocrx_word' id='word_1_539' title='bbox 1964 3145 2072 3202; x_wconf 91' lang='lat' dir='ltr'><strong>die.</strong></span> 
     </span>
    </p>
   </div>
   <div class='ocr_carea' id='block_1_73' title="bbox 1830 3237 3336 3311">
    <p class='ocr_par' dir='ltr' id='par_1_73' title="bbox 1830 3237 3336 3311">
     <span class='ocr_line' id='line_1_73' title="bbox 1830 3237 3336 3311; baseline -0.002 -17"><span class='ocrx_word' id='word_1_540' title='bbox 1830 3238 1952 3295; x_wconf 81' lang='lat' dir='ltr'><strong>Non</strong></span> <span class='ocrx_word' id='word_1_541' title='bbox 2009 3248 2139 3296; x_wconf 89' lang='lat' dir='ltr'><strong>sunt</strong></span> <span class='ocrx_word' id='word_1_542' title='bbox 2167 3248 2351 3297; x_wconf 87' lang='lat' dir='ltr'><strong>autem</strong></span> <span class='ocrx_word' id='word_1_543' title='bbox 2399 3255 2498 3311; x_wconf 89' lang='lat' dir='ltr'><strong>per</strong></span> <span class='ocrx_word' id='word_1_544' title='bbox 2545 3253 2738 3295; x_wconf 88' lang='lat' dir='ltr'><strong>omnes</strong></span> <span class='ocrx_word' id='word_1_545' title='bbox 2771 3237 3026 3310; x_wconf 78' lang='lat' dir='ltr'><strong>regiones</strong></span> <span class='ocrx_word' id='word_1_546' title='bbox 3065 3245 3125 3292; x_wconf 84' lang='lat' dir='ltr'><strong>et</strong></span> <span class='ocrx_word' id='word_1_547' title='bbox 3171 3237 3336 3292; x_wconf 84' lang='lat' dir='ltr'><strong>urbes</strong></span> 
     </span>
    </p>
   </div>
   <div class='ocr_carea' id='block_1_74' title="bbox 1759 3329 3338 3403">
    <p class='ocr_par' dir='ltr' id='par_1_74' title="bbox 1759 3329 3338 3403">
     <span class='ocr_line' id='line_1_74' title="bbox 1759 3329 3338 3403; baseline -0.001 -16"><span class='ocrx_word' id='word_1_548' title='bbox 1759 3332 1962 3388; x_wconf 65' lang='lat' dir='ltr'><strong>eaedem</strong></span> <span class='ocrx_word' id='word_1_549' title='bbox 2014 3331 2424 3403; x_wconf 72' lang='lat' dir='ltr'><strong>magnitudines</strong></span> <span class='ocrx_word' id='word_1_550' title='bbox 2453 3332 2691 3396; x_wconf 89' lang='lat' dir='ltr'><strong>dierum,</strong></span> <span class='ocrx_word' id='word_1_551' title='bbox 2729 3329 2826 3386; x_wconf 88' lang='lat' dir='ltr'><strong>sed</strong></span> <span class='ocrx_word' id='word_1_552' title='bbox 2881 3329 2950 3385; x_wconf 91' lang='lat' dir='ltr'><strong>iis</strong></span> <span class='ocrx_word' id='word_1_553' title='bbox 2991 3330 3086 3400; x_wconf 93' lang='lat' dir='ltr'><strong>qui</strong></span> <span class='ocrx_word' id='word_1_554' title='bbox 3141 3342 3338 3386; x_wconf 81' lang='lat' dir='ltr'><strong>versus</strong></span> 
     </span>
    </p>
   </div>
   <div class='ocr_carea' id='block_1_75' title="bbox 1761 3420 3336 3494">
    <p class='ocr_par' dir='ltr' id='par_1_75' title="bbox 1761 3420 3336 3494">
     <span class='ocr_line' id='line_1_75' title="bbox 1761 3420 3336 3494; baseline -0.002 -15"><span class='ocrx_word' id='word_1_555' title='bbox 1761 3423 2190 3494; x_wconf 79' lang='lat' dir='ltr'><strong>septentrionem</strong></span> <span class='ocrx_word' id='word_1_556' title='bbox 2229 3422 2481 3479; x_wconf 89' lang='lat' dir='ltr'><strong>habitant</strong></span> <span class='ocrx_word' id='word_1_557' title='bbox 2518 3421 2755 3492; x_wconf 87' lang='lat' dir='ltr'><strong>majores</strong></span> <span class='ocrx_word' id='word_1_558' title='bbox 2782 3421 2919 3476; x_wconf 78' lang='lat' dir='ltr'><strong>ﬁunt</strong></span> <span class='ocrx_word' id='word_1_559' title='bbox 2946 3431 3002 3477; x_wconf 92' lang='lat' dir='ltr'><strong>et</strong></span> <span class='ocrx_word' id='word_1_560' title='bbox 3031 3421 3174 3487; x_wconf 89' lang='lat' dir='ltr'><strong>dies,</strong></span> <span class='ocrx_word' id='word_1_561' title='bbox 3229 3420 3336 3476; x_wconf 84' lang='lat' dir='ltr'><strong>mi-</strong></span> 
     </span>
    </p>
   </div>
   <div class='ocr_carea' id='block_1_76' title="bbox 1760 3514 3157 3588">
    <p class='ocr_par' dir='ltr' id='par_1_76' title="bbox 1760 3514 3157 3588">
     <span class='ocr_line' id='line_1_76' title="bbox 1760 3514 3157 3588; baseline -0.001 -16"><span class='ocrx_word' id='word_1_562' title='bbox 1760 3531 1925 3572; x_wconf 90' lang='lat' dir='ltr'><strong>nores</strong></span> <span class='ocrx_word' id='word_1_563' title='bbox 1955 3531 2087 3572; x_wconf 82' lang='lat' dir='ltr'><strong>vero</strong></span> <span class='ocrx_word' id='word_1_564' title='bbox 2119 3516 2188 3572; x_wconf 89' lang='lat' dir='ltr'><strong>iis</strong></span> <span class='ocrx_word' id='word_1_565' title='bbox 2215 3516 2309 3588; x_wconf 90' lang='lat' dir='ltr'><strong>qui</strong></span> <span class='ocrx_word' id='word_1_566' title='bbox 2343 3531 2540 3571; x_wconf 87' lang='lat' dir='ltr'><strong>versus</strong></span> <span class='ocrx_word' id='word_1_567' title='bbox 2571 3514 2855 3570; x_wconf 89' lang='lat' dir='ltr'><strong>meridiem</strong></span> <span class='ocrx_word' id='word_1_568' title='bbox 2889 3514 3157 3570; x_wconf 89' lang='lat' dir='ltr'><strong>habitant.</strong></span> 
     </span>
    </p>
   </div>
   <div class='ocr_carea' id='block_1_77' title="bbox 1831 3605 3334 3677">
    <p class='ocr_par' dir='ltr' id='par_1_77' title="bbox 1831 3605 3334 3677">
     <span class='ocr_line' id='line_1_77' title="bbox 1831 3605 3334 3677; baseline -0.002 -14"><span class='ocrx_word' id='word_1_569' title='bbox 1831 3607 1928 3663; x_wconf 86' lang='lat' dir='ltr'><strong>Est</strong></span> <span class='ocrx_word' id='word_1_570' title='bbox 1971 3615 2152 3664; x_wconf 91' lang='lat' dir='ltr'><strong>autem</strong></span> <span class='ocrx_word' id='word_1_571' title='bbox 2193 3607 2249 3662; x_wconf 92' lang='lat' dir='ltr'><strong>in</strong></span> <span class='ocrx_word' id='word_1_572' title='bbox 2299 3605 2494 3661; x_wconf 82' lang='lat' dir='ltr'><strong>Rhodo</strong></span> <span class='ocrx_word' id='word_1_573' title='bbox 2545 3605 2866 3677; x_wconf 89' lang='lat' dir='ltr'><strong>longissima</strong></span> <span class='ocrx_word' id='word_1_574' title='bbox 2917 3605 3036 3661; x_wconf 90' lang='lat' dir='ltr'><strong>dies</strong></span> <span class='ocrx_word' id='word_1_575' title='bbox 3074 3605 3334 3661; x_wconf 87' lang='lat' dir='ltr'><strong>horarum</strong></span> 
     </span>
    </p>
   </div>
   <div class='ocr_carea' id='block_1_78' title="bbox 1759 3696 3337 3771">
    <p class='ocr_par' dir='ltr' id='par_1_78' title="bbox 1759 3696 3337 3771">
     <span class='ocr_line' id='line_1_78' title="bbox 1759 3696 3337 3771; baseline -0.001 -16"><span class='ocrx_word' id='word_1_576' title='bbox 1759 3700 2222 3771; x_wconf 65' lang='lat' dir='ltr'><strong>aequinoctialium</strong></span> <span class='ocrx_word' id='word_1_577' title='bbox 2249 3698 2315 3754; x_wconf 78' lang='lat' dir='ltr'><strong>M</strong></span> <span class='ocrx_word' id='word_1_578' title='bbox 2343 3697 2487 3769; x_wconf 75' lang='lat'><strong>1/2;</strong></span> <span class='ocrx_word' id='word_1_579' title='bbox 2526 3698 2676 3753; x_wconf 85' lang='lat' dir='ltr'><strong>circa</strong></span> <span class='ocrx_word' id='word_1_580' title='bbox 2733 3696 2963 3752; x_wconf 81' lang='lat' dir='ltr'><strong>Romam</strong></span> <span class='ocrx_word' id='word_1_581' title='bbox 3016 3697 3337 3768; x_wconf 74' lang='lat' dir='ltr'><strong>longissima</strong></span> 
     </span>
    </p>
   </div>
   <div class='ocr_carea' id='block_1_79' title="bbox 1759 3788 3338 3862">
    <p class='ocr_par' dir='ltr' id='par_1_79' title="bbox 1759 3788 3338 3862">
     <span class='ocr_line' id='line_1_79' title="bbox 1759 3788 3338 3862; baseline -0.003 -14"><span class='ocrx_word' id='word_1_582' title='bbox 1759 3792 1878 3848; x_wconf 90' lang='lat' dir='ltr'><strong>dies</strong></span> <span class='ocrx_word' id='word_1_583' title='bbox 1909 3792 2172 3847; x_wconf 87' lang='lat' dir='ltr'><strong>horarum</strong></span> <span class='ocrx_word' id='word_1_584' title='bbox 2202 3789 2664 3862; x_wconf 65' lang='lat' dir='ltr'><strong>aquiuoctialium</strong></span> <span class='ocrx_word' id='word_1_585' title='bbox 2699 3789 2803 3855; x_wconf 71' lang='lat'><strong>15;</strong></span> <span class='ocrx_word' id='word_1_586' title='bbox 2859 3790 2928 3846; x_wconf 90' lang='lat' dir='ltr'><strong>iis</strong></span> <span class='ocrx_word' id='word_1_587' title='bbox 2959 3805 3090 3845; x_wconf 89' lang='lat' dir='ltr'><strong>vero</strong></span> <span class='ocrx_word' id='word_1_588' title='bbox 3119 3789 3212 3860; x_wconf 91' lang='lat' dir='ltr'><strong>qui</strong></span> <span class='ocrx_word' id='word_1_589' title='bbox 3239 3788 3338 3844; x_wconf 82' lang='lat' dir='ltr'><strong>ha-</strong></span> 
     </span>
    </p>
   </div>
   <div class='ocr_carea' id='block_1_80' title="bbox 1760 3880 3336 3955">
    <p class='ocr_par' dir='ltr' id='par_1_80' title="bbox 1760 3880 3336 3955">
     <span class='ocr_line' id='line_1_80' title="bbox 1760 3880 3336 3955; baseline -0.002 -16"><span class='ocrx_word' id='word_1_590' title='bbox 1760 3885 1938 3940; x_wconf 85' lang='lat' dir='ltr'><strong>bitant</strong></span> <span class='ocrx_word' id='word_1_591' title='bbox 1992 3883 2393 3955; x_wconf 85' lang='lat' dir='ltr'><strong>aliquantulum</strong></span> <span class='ocrx_word' id='word_1_592' title='bbox 2446 3882 2587 3938; x_wconf 90' lang='lat' dir='ltr'><strong>ultra</strong></span> <span class='ocrx_word' id='word_1_593' title='bbox 2627 3880 2961 3953; x_wconf 78' lang='lat' dir='ltr'><strong>Pmpontida</strong></span> <span class='ocrx_word' id='word_1_594' title='bbox 2997 3897 3189 3938; x_wconf 87' lang='lat' dir='ltr'><strong>versus</strong></span> <span class='ocrx_word' id='word_1_595' title='bbox 3233 3881 3336 3936; x_wconf 85' lang='lat' dir='ltr'><strong>ho-</strong></span> 
     </span>
    </p>
   </div>
   <div class='ocr_carea' id='block_1_81' title="bbox 1759 3965 3335 4044">
    <p class='ocr_par' dir='ltr' id='par_1_81' title="bbox 1759 3965 3335 4044">
     <span class='ocr_line' id='line_1_81' title="bbox 1759 3965 3335 4044; baseline -0.001 -16"><span class='ocrx_word' id='word_1_596' title='bbox 1759 3990 1929 4040; x_wconf 87' lang='lat' dir='ltr'><strong>ream,</strong></span> <span class='ocrx_word' id='word_1_597' title='bbox 1965 3973 2282 4044; x_wconf 82' lang='lat' dir='ltr'><strong>longissima</strong></span> <span class='ocrx_word' id='word_1_598' title='bbox 2323 3973 2442 4028; x_wconf 88' lang='lat' dir='ltr'><strong>dies</strong></span> <span class='ocrx_word' id='word_1_599' title='bbox 2491 3974 2544 4027; x_wconf 82' lang='lat' dir='ltr'><strong>ﬁt</strong></span> <span class='ocrx_word' id='word_1_600' title='bbox 2588 3973 2844 4026; x_wconf 85' lang='lat' dir='ltr'><strong>horarum</strong></span> <span class='ocrx_word' id='word_1_601' title='bbox 2878 3965 3335 4043; x_wconf 62' lang='lat' dir='ltr'><strong>asquinoctialium</strong></span> 
     </span>
    </p>
   </div>
   <div class='ocr_carea' id='block_1_82' title="bbox 1761 4063 3336 4136">
    <p class='ocr_par' dir='ltr' id='par_1_82' title="bbox 1761 4063 3336 4136">
     <span class='ocr_line' id='line_1_82' title="bbox 1761 4063 3336 4136; baseline -0.002 -15"><span class='ocrx_word' id='word_1_602' title='bbox 1761 4067 1849 4131; x_wconf 84' lang='lat' dir='ltr'><strong>l6,</strong></span> <span class='ocrx_word' id='word_1_603' title='bbox 1880 4075 1934 4122; x_wconf 90' lang='lat' dir='ltr'><strong>et</strong></span> <span class='ocrx_word' id='word_1_604' title='bbox 1985 4067 2165 4121; x_wconf 90' lang='lat' dir='ltr'><strong>adhuc</strong></span> <span class='ocrx_word' id='word_1_605' title='bbox 2197 4066 2372 4136; x_wconf 81' lang='lat' dir='ltr'><strong>magis</strong></span> <span class='ocrx_word' id='word_1_606' title='bbox 2421 4064 2735 4120; x_wconf 85' lang='lat' dir='ltr'><strong>borealibus</strong></span> <span class='ocrx_word' id='word_1_607' title='bbox 2769 4064 2834 4118; x_wconf 78' lang='lat' dir='ltr'><strong>l7</strong></span> <span class='ocrx_word' id='word_1_608' title='bbox 2878 4074 2931 4119; x_wconf 92' lang='lat' dir='ltr'><strong>ct</strong></span> <span class='ocrx_word' id='word_1_609' title='bbox 2960 4063 3026 4120; x_wconf 80' lang='lat' dir='ltr'><strong>l8</strong></span> <span class='ocrx_word' id='word_1_610' title='bbox 3076 4063 3336 4119; x_wconf 84' lang='lat' dir='ltr'><strong>horarum</strong></span> 
     </span>
    </p>
   </div>
   <div class='ocr_carea' id='block_1_83' title="bbox 1759 4158 2340 4231">
    <p class='ocr_par' dir='ltr' id='par_1_83' title="bbox 1759 4158 2340 4231">
     <span class='ocr_line' id='line_1_83' title="bbox 1759 4158 2340 4231; baseline -0.005 -17"><span class='ocrx_word' id='word_1_611' title='bbox 1759 4159 2077 4231; x_wconf 88' lang='lat' dir='ltr'><strong>longissima</strong></span> <span class='ocrx_word' id='word_1_612' title='bbox 2109 4159 2167 4212; x_wconf 84' lang='lat' dir='ltr'><strong>tit</strong></span> <span class='ocrx_word' id='word_1_613' title='bbox 2200 4158 2340 4212; x_wconf 88' lang='lat' dir='ltr'><strong>dies.</strong></span> 
     </span>
    </p>
   </div>
   <div class='ocr_carea' id='block_1_84' title="bbox 1829 4244 3334 4317">
    <p class='ocr_par' dir='ltr' id='par_1_84' title="bbox 1829 4244 3334 4317">
     <span class='ocr_line' id='line_1_84' title="bbox 1829 4244 3334 4317; baseline -0.001 -13"><span class='ocrx_word' id='word_1_614' title='bbox 1829 4249 1912 4304; x_wconf 83' lang='lat' dir='ltr'><strong>Ad</strong></span> <span class='ocrx_word' id='word_1_615' title='bbox 1945 4249 2065 4304; x_wconf 91' lang='lat' dir='ltr'><strong>loca</strong></span> <span class='ocrx_word' id='word_1_616' title='bbox 2107 4249 2222 4304; x_wconf 66' lang='lat' dir='ltr'><strong>haec</strong></span> <span class='ocrx_word' id='word_1_617' title='bbox 2254 4247 2471 4302; x_wconf 87' lang='lat' dir='ltr'><strong>videtur</strong></span> <span class='ocrx_word' id='word_1_618' title='bbox 2500 4247 2664 4302; x_wconf 90' lang='lat' dir='ltr'><strong>etiam</strong></span> <span class='ocrx_word' id='word_1_619' title='bbox 2695 4245 2929 4317; x_wconf 85' lang='lat' dir='ltr'><strong>Pytheas</strong></span> <span class='ocrx_word' id='word_1_620' title='bbox 2973 4244 3334 4302; x_wconf 85' lang='lat' dir='ltr'><strong>Massiliensis</strong></span> 
     </span>
    </p>
   </div>
   <div class='ocr_carea' id='block_1_85' title="bbox 1760 4335 3334 4409">
    <p class='ocr_par' dir='ltr' id='par_1_85' title="bbox 1760 4335 3334 4409">
     <span class='ocr_line' id='line_1_85' title="bbox 1760 4335 3334 4409; baseline -0.001 -14"><span class='ocrx_word' id='word_1_621' title='bbox 1760 4342 2085 4395; x_wconf 87' lang='lat' dir='ltr'><strong>accessisse.</strong></span> <span class='ocrx_word' id='word_1_622' title='bbox 2145 4338 2326 4409; x_wconf 87' lang='lat' dir='ltr'><strong>inquit</strong></span> <span class='ocrx_word' id='word_1_623' title='bbox 2369 4339 2536 4408; x_wconf 90' lang='lat' dir='ltr'><strong>igitur</strong></span> <span class='ocrx_word' id='word_1_624' title='bbox 2570 4337 2814 4393; x_wconf 89' lang='lat' dir='ltr'><strong>inlibris</strong></span> <span class='ocrx_word' id='word_1_625' title='bbox 2857 4337 2973 4392; x_wconf 88' lang='lat' dir='ltr'><strong>suis</strong></span> <span class='ocrx_word' id='word_1_626' title='bbox 2999 4337 3067 4392; x_wconf 91' lang='lat' dir='ltr'><strong>de</strong></span> <span class='ocrx_word' id='word_1_627' title='bbox 3115 4335 3334 4394; x_wconf 88' lang='lat' dir='ltr'><strong>Oceano</strong></span> 
     </span>
    </p>
   </div>
   <div class='ocr_carea' id='block_1_86' title="bbox 109 4425 1658 4505">
    <p class='ocr_par' dir='ltr' id='par_1_86' title="bbox 109 4425 1656 4505">
     <span class='ocr_line' id='line_1_86' title="bbox 109 4425 1656 4505; baseline 0.005 -22"><span class='ocrx_word' id='word_1_628' title='bbox 109 4425 340 4484; x_wconf 79' lang='grc' dir='ltr'>Ὠκεανοῦ</span> <span class='ocrx_word' id='word_1_629' title='bbox 375 4433 969 4504; x_wconf 82' lang='grc' dir='ltr'>πεπραγματευμένοις</span> <span class='ocrx_word' id='word_1_630' title='bbox 1003 4435 1170 4505; x_wconf 84' lang='grc' dir='ltr'>αύτῷ,</span> <span class='ocrx_word' id='word_1_631' title='bbox 1197 4434 1319 4488; x_wconf 71' lang='grc' dir='ltr'>ὅτι(</span> <span class='ocrx_word' id='word_1_632' title='bbox 1355 4436 1656 4492; x_wconf 84' lang='grc' dir='ltr'>Ἐδείκνυον</span> 
     </span>
    </p>
   </div>
   <div class='ocr_carea' id='block_1_87' title="bbox 1800 4425 3334 4505">
    <p class='ocr_par' dir='ltr' id='par_1_87' title="bbox 1800 4428 3334 4504">
     <span class='ocr_line' id='line_1_87' title="bbox 1800 4428 3334 4504; baseline -0.003 -16"><span class='ocrx_word' id='word_1_633' title='bbox 1800 4433 1984 4504; x_wconf 76' lang='lat' dir='ltr'><strong>criptis</strong></span> <span class='ocrx_word' id='word_1_634' title='bbox 2016 4434 2130 4488; x_wconf 92' lang='lat' dir='ltr'><strong>sic:</strong></span> <span class='ocrx_word' id='word_1_635' title='bbox 2171 4449 2190 4482; x_wconf 73' lang='grc' dir='ltr'><strong>ι</strong></span> <span class='ocrx_word' id='word_1_636' title='bbox 2229 4430 2611 4485; x_wconf 80' lang='lat' dir='ltr'><strong>Monstrahant</strong></span> <span class='ocrx_word' id='word_1_637' title='bbox 2638 4429 2798 4482; x_wconf 83' lang='lat' dir='ltr'><strong>nobis</strong></span> <span class='ocrx_word' id='word_1_638' title='bbox 2824 4428 3077 4491; x_wconf 87' lang='lat' dir='ltr'><strong>barbari,</strong></span> <span class='ocrx_word' id='word_1_639' title='bbox 3113 4429 3204 4483; x_wconf 90' lang='lat' dir='ltr'><strong>ubi</strong></span> <span class='ocrx_word' id='word_1_640' title='bbox 3249 4429 3334 4485; x_wconf 90' lang='lat' dir='ltr'><strong>sol</strong></span> 
     </span>
    </p>
   </div>
   <div class='ocr_carea' id='block_1_88' title="bbox 97 4520 1656 4600">
    <p class='ocr_par' dir='ltr' id='par_1_88' title="bbox 97 4520 1656 4600">
     <span class='ocr_line' id='line_1_88' title="bbox 97 4520 1656 4600; baseline 0.006 -26"><span class='ocrx_word' id='word_1_641' title='bbox 97 4520 209 4589; x_wconf 72' lang='grc' dir='ltr'>ἡμῖν</span> <span class='ocrx_word' id='word_1_642' title='bbox 239 4525 287 4576; x_wconf 80' lang='lat' dir='ltr'><strong>oi</strong></span> <span class='ocrx_word' id='word_1_643' title='bbox 315 4524 609 4595; x_wconf 83' lang='grc' dir='ltr'>βάρϐαροι,</span> <span class='ocrx_word' id='word_1_644' title='bbox 635 4527 769 4579; x_wconf 76' lang='grc' dir='ltr'>ὅπου</span> <span class='ocrx_word' id='word_1_645' title='bbox 809 4527 838 4579; x_wconf 83' lang='grc' dir='ltr'>ὁ</span> <span class='ocrx_word' id='word_1_646' title='bbox 864 4526 1014 4597; x_wconf 79' lang='grc' dir='ltr'>ἥλιος</span> <span class='ocrx_word' id='word_1_647' title='bbox 1054 4530 1334 4600; x_wconf 84' lang='grc' dir='ltr'>κοιμᾶται.</span> <span class='ocrx_word' id='word_1_648' title='bbox 1369 4529 1656 4584; x_wconf 79' lang='grc' dir='ltr'>Συνέϐαινε</span> 
     </span>
    </p>
   </div>
   <div class='ocr_carea' id='block_1_89' title="bbox 98 4610 1694 4688">
    <p class='ocr_par' dir='ltr' id='par_1_89' title="bbox 98 4610 1694 4688">
     <span class='ocr_line' id='line_1_89' title="bbox 98 4610 1694 4688; baseline 0.003 -20"><span class='ocrx_word' id='word_1_649' title='bbox 98 4610 191 4683; x_wconf 76' lang='grc' dir='ltr'><strong>γὰρ</strong></span> <span class='ocrx_word' id='word_1_650' title='bbox 216 4617 343 4687; x_wconf 70' lang='grc' dir='ltr'>περὶ</span> <span class='ocrx_word' id='word_1_651' title='bbox 372 4613 602 4678; x_wconf 82' lang='grc' dir='ltr'>τούτους</span> <span class='ocrx_word' id='word_1_652' title='bbox 627 4616 752 4679; x_wconf 81' lang='grc' dir='ltr'>τοὺς</span> <span class='ocrx_word' id='word_1_653' title='bbox 782 4617 978 4681; x_wconf 85' lang='grc' dir='ltr'>τόπους</span> <span class='ocrx_word' id='word_1_654' title='bbox 1002 4617 1100 4688; x_wconf 78' lang='grc' dir='ltr'>τὴν</span> <span class='ocrx_word' id='word_1_655' title='bbox 1136 4617 1235 4688; x_wconf 82' lang='grc' dir='ltr'>μὲν</span> <span class='ocrx_word' id='word_1_656' title='bbox 1264 4617 1436 4672; x_wconf 80' lang='grc' dir='ltr'>νύκτα</span> <span class='ocrx_word' id='word_1_657' title='bbox 1469 4635 1662 4674; x_wconf 79' lang='grc' dir='ltr'>παντεο</span> <span class='ocrx_word' id='word_1_658' title='bbox 1691 4669 1694 4672; x_wconf 83' lang='lat'><strong>.</strong></span> 
     </span>
    </p>
   </div>
   <div class='ocr_carea' id='block_1_90' title="bbox 99 4700 1655 4780">
    <p class='ocr_par' dir='ltr' id='par_1_90' title="bbox 99 4700 1655 4780">
     <span class='ocr_line' id='line_1_90' title="bbox 99 4700 1655 4780; baseline 0.006 -23"><span class='ocrx_word' id='word_1_659' title='bbox 99 4700 187 4768; x_wconf 85' lang='grc' dir='ltr'><strong>λῶς</strong></span> <span class='ocrx_word' id='word_1_660' title='bbox 218 4707 423 4780; x_wconf 64' lang='grc' dir='ltr'>μικρὸν</span> <span class='ocrx_word' id='word_1_661' title='bbox 465 4706 735 4777; x_wconf 85' lang='grc' dir='ltr'>γίνεσθαι,</span> <span class='ocrx_word' id='word_1_662' title='bbox 791 4707 951 4778; x_wconf 83' lang='grc' dir='ltr'>ὡρῶν</span> <span class='ocrx_word' id='word_1_663' title='bbox 990 4704 1072 4772; x_wconf 75' lang='grc' dir='ltr'>οἷς</span> <span class='ocrx_word' id='word_1_664' title='bbox 1108 4709 1208 4780; x_wconf 80' lang='grc' dir='ltr'>μὲν</span> <span class='ocrx_word' id='word_1_665' title='bbox 1242 4709 1310 4780; x_wconf 85' lang='grc' dir='ltr'><strong>β’,</strong></span> <span class='ocrx_word' id='word_1_666' title='bbox 1357 4704 1440 4774; x_wconf 69' lang='grc' dir='ltr'><strong>οἷς</strong></span> <span class='ocrx_word' id='word_1_667' title='bbox 1489 4711 1547 4765; x_wconf 79' lang='grc' dir='ltr'>δὲ</span> <span class='ocrx_word' id='word_1_668' title='bbox 1578 4719 1655 4780; x_wconf 85' lang='grc' dir='ltr'><strong>γ’·</strong></span> 
     </span>
    </p>
   </div>
   <div class='ocr_carea' id='block_1_91' title="bbox 99 4791 1658 4871">
    <p class='ocr_par' dir='ltr' id='par_1_91' title="bbox 99 4791 1658 4871">
     <span class='ocr_line' id='line_1_91' title="bbox 99 4791 1658 4871; baseline 0.006 -25"><span class='ocrx_word' id='word_1_669' title='bbox 99 4791 216 4851; x_wconf 83' lang='grc' dir='ltr'>ὥστε</span> <span class='ocrx_word' id='word_1_670' title='bbox 247 4799 384 4868; x_wconf 73' lang='grc' dir='ltr'>μετὰ.</span> <span class='ocrx_word' id='word_1_671' title='bbox 429 4797 529 4870; x_wconf 75' lang='grc' dir='ltr'>τὴν</span> <span class='ocrx_word' id='word_1_672' title='bbox 557 4798 729 4860; x_wconf 86' lang='grc' dir='ltr'>δύσιν,</span> <span class='ocrx_word' id='word_1_673' title='bbox 769 4799 965 4870; x_wconf 79' lang='grc' dir='ltr'>μικροῦ</span> <span class='ocrx_word' id='word_1_674' title='bbox 1011 4799 1400 4871; x_wconf 83' lang='grc' dir='ltr'>διαλείμματος</span> <span class='ocrx_word' id='word_1_675' title='bbox 1431 4801 1658 4871; x_wconf 86' lang='grc' dir='ltr'>γενομέ-</span> 
     </span>
    </p>
   </div>
   <div class='ocr_carea' id='block_1_92' title="bbox 99 4888 1657 4962">
    <p class='ocr_par' dir='ltr' id='par_1_92' title="bbox 99 4888 1657 4962">
     <span class='ocr_line' id='line_1_92' title="bbox 99 4888 1657 4962; baseline 0.005 -24"><span class='ocrx_word' id='word_1_676' title='bbox 99 4901 193 4950; x_wconf 60' lang='lat' dir='ltr'><strong>vos,</strong></span> <span class='ocrx_word' id='word_1_677' title='bbox 225 4888 612 4944; x_wconf 81' lang='grc' dir='ltr'>έπανατέλλειν</span> <span class='ocrx_word' id='word_1_678' title='bbox 658 4888 859 4952; x_wconf 77' lang='grc' dir='ltr'>εὐθέως</span> <span class='ocrx_word' id='word_1_679' title='bbox 888 4888 977 4942; x_wconf 84' lang='grc' dir='ltr'>τὸν</span> <span class='ocrx_word' id='word_1_680' title='bbox 1024 4889 1196 4960; x_wconf 78' lang='grc' dir='ltr'>ἥλιον.</span> <span class='ocrx_word' id='word_1_681' title='bbox 1232 4909 1252 4942; x_wconf 71' lang='grc' dir='ltr'><strong>ι</strong></span> <span class='ocrx_word' id='word_1_682' title='bbox 1285 4891 1510 4962; x_wconf 81' lang='grc' dir='ltr'>Κράτης</span> <span class='ocrx_word' id='word_1_683' title='bbox 1541 4891 1598 4945; x_wconf 78' lang='grc' dir='ltr'>δὲ</span> <span class='ocrx_word' id='word_1_684' title='bbox 1627 4893 1657 4946; x_wconf 83' lang='grc'>6</span> 
     </span>
    </p>
   </div>
   <div class='ocr_carea' id='block_1_93' title="bbox 97 4981 1653 5056">
    <p class='ocr_par' dir='ltr' id='par_1_93' title="bbox 97 4981 1653 5056">
     <span class='ocr_line' id='line_1_93' title="bbox 97 4981 1653 5056; baseline -0.005 -13"><span class='ocrx_word' id='word_1_685' title='bbox 97 4982 459 5050; x_wconf 73' lang='grc' dir='ltr'>γραμματικός</span> <span class='ocrx_word' id='word_1_686' title='bbox 477 4981 597 5053; x_wconf 79' lang='lat'><strong>(23)</strong></span> <span class='ocrx_word' id='word_1_687' title='bbox 610 4998 741 5052; x_wconf 77' lang='grc' dir='ltr'>φησι</span> <span class='ocrx_word' id='word_1_688' title='bbox 768 4981 875 5035; x_wconf 85' lang='grc' dir='ltr'><strong>τῶν</strong></span> <span class='ocrx_word' id='word_1_689' title='bbox 904 4982 1086 5035; x_wconf 84' lang='grc' dir='ltr'>τόπων</span> <span class='ocrx_word' id='word_1_690' title='bbox 1121 4982 1324 5037; x_wconf 86' lang='grc' dir='ltr'>τούτων</span> <span class='ocrx_word' id='word_1_691' title='bbox 1350 4982 1447 5037; x_wconf 73' lang='grc' dir='ltr'>καὶ</span> <span class='ocrx_word' id='word_1_692' title='bbox 1473 4983 1653 5056; x_wconf 85' lang='grc' dir='ltr'>Ὄμη-</span> 
     </span>
    </p>
   </div>
   <div class='ocr_carea' id='block_1_94' title="bbox 100 5067 1694 5144">
    <p class='ocr_par' dir='ltr' id='par_1_94' title="bbox 100 5067 1694 5144">
     <span class='ocr_line' id='line_1_94' title="bbox 100 5067 1694 5144; baseline 0.008 -24"><span class='ocrx_word' id='word_1_693' title='bbox 100 5083 178 5135; x_wconf 81' lang='grc' dir='ltr'><strong>ρον</strong></span> <span class='ocrx_word' id='word_1_694' title='bbox 207 5071 576 5143; x_wconf 79' lang='grc' dir='ltr'>μνημονεῦσαι</span> <span class='ocrx_word' id='word_1_695' title='bbox 607 5073 665 5124; x_wconf 86' lang='grc' dir='ltr'><strong>έν</strong></span> <span class='ocrx_word' id='word_1_696' title='bbox 689 5067 771 5135; x_wconf 80' lang='grc' dir='ltr'>οἷς</span> <span class='ocrx_word' id='word_1_697' title='bbox 809 5089 971 5144; x_wconf 82' lang='grc' dir='ltr'>φησιν</span> <span class='ocrx_word' id='word_1_698' title='bbox 1009 5073 1328 5138; x_wconf 75' lang='grc' dir='ltr'>Ὀδυσσεύςο</span> <span class='ocrx_word' id='word_1_699' title='bbox 1691 5079 1694 5082; x_wconf 74' lang='grc'><strong>’</strong></span> 
     </span>
    </p>
   </div>
   <div class='ocr_carea' id='block_1_95' title="bbox 158 5225 1649 5306">
    <p class='ocr_par' dir='ltr' id='par_1_95' title="bbox 158 5225 1649 5306">
     <span class='ocr_line' id='line_1_95' title="bbox 158 5225 1649 5306; baseline 0 0"><span class='ocrx_word' id='word_1_700' title='bbox 158 5225 256 5306; x_wconf 61' lang='grc' dir='ltr'><strong>φῖ)</strong></span> <span class='ocrx_word' id='word_1_701' title='bbox 306 5227 435 5306; x_wconf 65' lang='grc' dir='ltr'>ἐπι</span> <span class='ocrx_word' id='word_1_702' title='bbox 468 5226 538 5306; x_wconf 55' lang='grc' dir='ltr'>εξ</span> <span class='ocrx_word' id='word_1_703' title='bbox 569 5227 976 5306; x_wconf 44' lang='lat' dir='ltr'><strong>regem.</strong></span> <span class='ocrx_word' id='word_1_704' title='bbox 1009 5227 1128 5306; x_wconf 59' lang='lat' dir='ltr'><strong>agn</strong></span> <span class='ocrx_word' id='word_1_705' title='bbox 1156 5243 1219 5306; x_wconf 65' lang='lat' dir='ltr'><strong>ea</strong></span> <span class='ocrx_word' id='word_1_706' title='bbox 1253 5227 1649 5306; x_wconf 53' lang='lat' dir='ltr'><strong>praess-‘9“.</strong></span> 
     </span>
    </p>
   </div>
   <div class='ocr_carea' id='block_1_96' title="bbox 103 5292 1652 5362">
    <p class='ocr_par' dir='ltr' id='par_1_96' title="bbox 103 5292 1652 5362">
     <span class='ocr_line' id='line_1_96' title="bbox 103 5292 1652 5362; baseline 0.007 -19"><span class='ocrx_word' id='word_1_707' title='bbox 103 5292 176 5347; x_wconf 90' lang='lat' dir='ltr'><strong>ubi</strong></span> <span class='ocrx_word' id='word_1_708' title='bbox 206 5298 440 5351; x_wconf 77' lang='lat' dir='ltr'><strong>maxima</strong></span> <span class='ocrx_word' id='word_1_709' title='bbox 464 5296 586 5352; x_wconf 89' lang='lat' dir='ltr'><strong>dies</strong></span> <span class='ocrx_word' id='word_1_710' title='bbox 617 5292 698 5351; x_wconf 17' lang='lat' dir='ltr'><strong>liti</strong></span> <span class='ocrx_word' id='word_1_711' title='bbox 723 5292 980 5352; x_wconf 84' lang='lat' dir='ltr'><strong>horarum</strong></span> <span class='ocrx_word' id='word_1_712' title='bbox 1013 5299 1101 5362; x_wconf 76' lang='grc' dir='ltr'>Π,</span> <span class='ocrx_word' id='word_1_713' title='bbox 1130 5299 1213 5353; x_wconf 83' lang='lat' dir='ltr'><strong>vel</strong></span> <span class='ocrx_word' id='word_1_714' title='bbox 1246 5292 1331 5353; x_wconf 71' lang='lat' dir='ltr'><strong>l8.</strong></span> <span class='ocrx_word' id='word_1_715' title='bbox 1378 5298 1482 5354; x_wconf 82' lang='lat' dir='ltr'><strong>Sed</strong></span> <span class='ocrx_word' id='word_1_716' title='bbox 1513 5292 1652 5354; x_wconf 58' lang='lat' dir='ltr'><strong>ulte¥</strong></span> 
     </span>
    </p>
   </div>
   <div class='ocr_carea' id='block_1_97' title="bbox 1761 4518 3334 4581">
    <p class='ocr_par' dir='ltr' id='par_1_97' title="bbox 1761 4518 3334 4581">
     <span class='ocr_line' id='line_1_97' title="bbox 1761 4518 3334 4581; baseline -0.005 0"><span class='ocrx_word' id='word_1_717' title='bbox 1761 4526 2006 4581; x_wconf 76' lang='lat' dir='ltr'><strong>cubaret.</strong></span> <span class='ocrx_word' id='word_1_718' title='bbox 2066 4522 2363 4578; x_wconf 89' lang='lat' dir='ltr'><strong>Eveniebat</strong></span> <span class='ocrx_word' id='word_1_719' title='bbox 2409 4520 2553 4574; x_wconf 90' lang='lat' dir='ltr'><strong>enim</strong></span> <span class='ocrx_word' id='word_1_720' title='bbox 2605 4519 2750 4573; x_wconf 88' lang='lat' dir='ltr'><strong>circa</strong></span> <span class='ocrx_word' id='word_1_721' title='bbox 2793 4518 2906 4574; x_wconf 82' lang='lat' dir='ltr'><strong>haec</strong></span> <span class='ocrx_word' id='word_1_722' title='bbox 2960 4519 3077 4573; x_wconf 90' lang='lat' dir='ltr'><strong>loca</strong></span> <span class='ocrx_word' id='word_1_723' title='bbox 3117 4529 3334 4575; x_wconf 89' lang='lat' dir='ltr'><strong>noctem</strong></span> 
     </span>
    </p>
   </div>
   <div class='ocr_carea' id='block_1_98' title="bbox 1761 4609 3330 4690">
    <p class='ocr_par' dir='ltr' id='par_1_98' title="bbox 1761 4609 3330 4690">
     <span class='ocr_line' id='line_1_98' title="bbox 1761 4609 3330 4690; baseline -0.006 -16"><span class='ocrx_word' id='word_1_724' title='bbox 1761 4617 1979 4690; x_wconf 86' lang='lat' dir='ltr'><strong>quidem</strong></span> <span class='ocrx_word' id='word_1_725' title='bbox 2011 4614 2168 4670; x_wconf 83' lang='lat' dir='ltr'><strong>valde</strong></span> <span class='ocrx_word' id='word_1_726' title='bbox 2201 4628 2424 4686; x_wconf 87' lang='lat' dir='ltr'><strong>parvam</strong></span> <span class='ocrx_word' id='word_1_727' title='bbox 2456 4611 2593 4674; x_wconf 79' lang='lat' dir='ltr'><strong>ﬁeri,</strong></span> <span class='ocrx_word' id='word_1_728' title='bbox 2630 4611 2714 4666; x_wconf 90' lang='lat' dir='ltr'><strong>bis</strong></span> <span class='ocrx_word' id='word_1_729' title='bbox 2740 4611 2958 4681; x_wconf 87' lang='lat' dir='ltr'><strong>quidem</strong></span> <span class='ocrx_word' id='word_1_730' title='bbox 2988 4611 3242 4664; x_wconf 88' lang='lat' dir='ltr'><strong>horarum</strong></span> <span class='ocrx_word' id='word_1_731' title='bbox 3273 4609 3330 4674; x_wconf 84' lang='lat'><strong>2,</strong></span> 
     </span>
    </p>
   </div>
   <div class='ocr_carea' id='block_1_99' title="bbox 1762 4701 3336 4777">
    <p class='ocr_par' dir='ltr' id='par_1_99' title="bbox 1762 4701 3336 4777">
     <span class='ocr_line' id='line_1_99' title="bbox 1762 4701 3336 4777; baseline -0.007 -11"><span class='ocrx_word' id='word_1_732' title='bbox 1762 4712 1871 4766; x_wconf 90' lang='lat' dir='ltr'><strong>illis</strong></span> <span class='ocrx_word' id='word_1_733' title='bbox 1896 4724 2026 4764; x_wconf 84' lang='lat' dir='ltr'><strong>vero</strong></span> <span class='ocrx_word' id='word_1_734' title='bbox 2049 4709 2104 4772; x_wconf 80' lang='lat'><strong>3,</strong></span> <span class='ocrx_word' id='word_1_735' title='bbox 2130 4716 2190 4761; x_wconf 91' lang='lat' dir='ltr'><strong>ut</strong></span> <span class='ocrx_word' id='word_1_736' title='bbox 2220 4713 2342 4777; x_wconf 90' lang='lat' dir='ltr'><strong>post</strong></span> <span class='ocrx_word' id='word_1_737' title='bbox 2370 4719 2648 4770; x_wconf 90' lang='lat' dir='ltr'><strong>occasum,</strong></span> <span class='ocrx_word' id='word_1_738' title='bbox 2673 4719 2839 4776; x_wconf 85' lang='lat' dir='ltr'><strong>parvo</strong></span> <span class='ocrx_word' id='word_1_739' title='bbox 2862 4702 3146 4757; x_wconf 88' lang='lat' dir='ltr'><strong>intervallo</strong></span> <span class='ocrx_word' id='word_1_740' title='bbox 3175 4701 3336 4757; x_wconf 82' lang='lat' dir='ltr'><strong>inter-</strong></span> 
     </span>
    </p>
   </div>
   <div class='ocr_carea' id='block_1_100' title="bbox 1763 4793 3335 4873">
    <p class='ocr_par' dir='ltr' id='par_1_100' title="bbox 1763 4793 3335 4873">
     <span class='ocr_line' id='line_1_100' title="bbox 1763 4793 3335 4873; baseline -0.008 -17"><span class='ocrx_word' id='word_1_741' title='bbox 1763 4799 1966 4873; x_wconf 90' lang='lat' dir='ltr'><strong>posito,</strong></span> <span class='ocrx_word' id='word_1_742' title='bbox 2003 4797 2188 4854; x_wconf 88' lang='lat' dir='ltr'><strong>statim</strong></span> <span class='ocrx_word' id='word_1_743' title='bbox 2221 4796 2302 4852; x_wconf 92' lang='lat' dir='ltr'><strong>sol</strong></span> <span class='ocrx_word' id='word_1_744' title='bbox 2332 4803 2522 4867; x_wconf 86' lang='lat' dir='ltr'><strong>postea</strong></span> <span class='ocrx_word' id='word_1_745' title='bbox 2551 4794 2810 4848; x_wconf 86' lang='lat' dir='ltr'><strong>oriretur.</strong></span> <span class='ocrx_word' id='word_1_746' title='bbox 2853 4811 2872 4846; x_wconf 73' lang='grc' dir='ltr'><strong>ι</strong></span> <span class='ocrx_word' id='word_1_747' title='bbox 2916 4793 3106 4848; x_wconf 89' lang='lat' dir='ltr'><strong>Crates</strong></span> <span class='ocrx_word' id='word_1_748' title='bbox 3151 4805 3335 4862; x_wconf 78' lang='lat' dir='ltr'><strong>gram-</strong></span> 
     </span>
    </p>
   </div>
   <div class='ocr_carea' id='block_1_101' title="bbox 1761 4885 3335 4962">
    <p class='ocr_par' dir='ltr' id='par_1_101' title="bbox 1761 4885 3335 4962">
     <span class='ocr_line' id='line_1_101' title="bbox 1761 4885 3335 4962; baseline -0.008 -13"><span class='ocrx_word' id='word_1_749' title='bbox 1761 4894 1995 4949; x_wconf 89' lang='lat' dir='ltr'><strong>maticus</strong></span> <span class='ocrx_word' id='word_1_750' title='bbox 2021 4891 2198 4962; x_wconf 88' lang='lat' dir='ltr'><strong>inquit</strong></span> <span class='ocrx_word' id='word_1_751' title='bbox 2222 4890 2416 4944; x_wconf 89' lang='lat' dir='ltr'><strong>horum</strong></span> <span class='ocrx_word' id='word_1_752' title='bbox 2441 4889 2685 4944; x_wconf 83' lang='lat' dir='ltr'><strong>locorum</strong></span> <span class='ocrx_word' id='word_1_753' title='bbox 2706 4889 2868 4943; x_wconf 88' lang='lat' dir='ltr'><strong>etiam</strong></span> <span class='ocrx_word' id='word_1_754' title='bbox 2896 4885 3189 4942; x_wconf 81' lang='lat' dir='ltr'><strong>Homerum</strong></span> <span class='ocrx_word' id='word_1_755' title='bbox 3221 4899 3335 4938; x_wconf 79' lang='lat' dir='ltr'><strong>me-</strong></span> 
     </span>
    </p>
   </div>
   <div class='ocr_carea' id='block_1_102' title="bbox 1761 4978 2800 5056">
    <p class='ocr_par' dir='ltr' id='par_1_102' title="bbox 1761 4978 2800 5056">
     <span class='ocr_line' id='line_1_102' title="bbox 1761 4978 2800 5056; baseline -0.006 -16"><span class='ocrx_word' id='word_1_756' title='bbox 1761 4984 1986 5040; x_wconf 90' lang='lat' dir='ltr'><strong>minisse</strong></span> <span class='ocrx_word' id='word_1_757' title='bbox 2017 4981 2071 5036; x_wconf 90' lang='lat' dir='ltr'><strong>in</strong></span> <span class='ocrx_word' id='word_1_758' title='bbox 2102 4981 2194 5037; x_wconf 81' lang='lat' dir='ltr'><strong>bis</strong></span> <span class='ocrx_word' id='word_1_759' title='bbox 2217 4996 2338 5052; x_wconf 74' lang='lat' dir='ltr'><strong>qua:</strong></span> <span class='ocrx_word' id='word_1_760' title='bbox 2370 4981 2595 5056; x_wconf 82' lang='lat' dir='ltr'><strong>Ulysses</strong></span> <span class='ocrx_word' id='word_1_761' title='bbox 2629 4978 2800 5034; x_wconf 89' lang='lat' dir='ltr'><strong>dicit:</strong></span> 
     </span>
    </p>
   </div>
   <div class='ocr_carea' id='block_1_103' title="bbox 1757 5222 3329 5297">
    <p class='ocr_par' dir='ltr' id='par_1_103' title="bbox 1757 5222 3329 5297">
     <span class='ocr_line' id='line_1_103' title="bbox 1757 5222 3329 5297; baseline -0.003 -13"><span class='ocrx_word' id='word_1_762' title='bbox 1757 5228 2057 5292; x_wconf 79' lang='lat' dir='ltr'><strong>exstitisse,</strong></span> <span class='ocrx_word' id='word_1_763' title='bbox 2087 5241 2209 5297; x_wconf 62' lang='lat' dir='ltr'><strong>quae</strong></span> <span class='ocrx_word' id='word_1_764' title='bbox 2238 5223 2556 5283; x_wconf 75' lang='lat' dir='ltr'><strong>Homericos</strong></span> <span class='ocrx_word' id='word_1_765' title='bbox 2590 5240 2782 5283; x_wconf 84' lang='lat' dir='ltr'><strong>versus</strong></span> <span class='ocrx_word' id='word_1_766' title='bbox 2816 5222 3329 5297; x_wconf 13' lang='lat' dir='ltr'><strong>adgexquisitiorem</strong></span> 
     </span>
    </p>
   </div>
   <div class='ocr_carea' id='block_1_104' title="bbox 1758 5294 3332 5367">
    <p class='ocr_par' dir='ltr' id='par_1_104' title="bbox 1758 5294 3332 5367">
     <span class='ocr_line' id='line_1_104' title="bbox 1758 5294 3332 5367; baseline -0.003 -12"><span class='ocrx_word' id='word_1_767' title='bbox 1758 5310 1811 5355; x_wconf 92' lang='lat' dir='ltr'><strong>et</strong></span> <span class='ocrx_word' id='word_1_768' title='bbox 1847 5294 2284 5354; x_wconf 82' lang='lat' dir='ltr'><strong>mathematicam</strong></span> <span class='ocrx_word' id='word_1_769' title='bbox 2332 5297 2599 5352; x_wconf 91' lang='lat' dir='ltr'><strong>rationem</strong></span> <span class='ocrx_word' id='word_1_770' title='bbox 2643 5297 2832 5367; x_wconf 75' lang='lat' dir='ltr'><strong>exigit.</strong></span> <span class='ocrx_word' id='word_1_771' title='bbox 2867 5295 3000 5367; x_wconf 78' lang='lat' dir='ltr'><strong>Nam</strong></span> <span class='ocrx_word' id='word_1_772' title='bbox 3033 5294 3332 5367; x_wconf 80' lang='lat' dir='ltr'><strong>simplicior</strong></span> 
     </span>
    </p>
   </div>
   <div class='ocr_carea' id='block_1_105' title="bbox 102 5364 3329 5438">
    <p class='ocr_par' dir='ltr' id='par_1_105' title="bbox 102 5364 3329 5438">
     <span class='ocr_line' id='line_1_105' title="bbox 102 5364 3329 5438; baseline 0.002 -24"><span class='ocrx_word' id='word_1_773' title='bbox 102 5364 332 5421; x_wconf 71' lang='lat' dir='ltr'><strong>rioriseze</strong></span> <span class='ocrx_word' id='word_1_774' title='bbox 365 5382 611 5438; x_wconf 88' lang='lat' dir='ltr'><strong>quoque,</strong></span> <span class='ocrx_word' id='word_1_775' title='bbox 647 5369 740 5423; x_wconf 90' lang='lat' dir='ltr'><strong>ubi</strong></span> <span class='ocrx_word' id='word_1_776' title='bbox 775 5376 860 5422; x_wconf 87' lang='lat' dir='ltr'><strong>est</strong></span> <span class='ocrx_word' id='word_1_777' title='bbox 891 5369 1147 5423; x_wconf 89' lang='lat' dir='ltr'><strong>horarum</strong></span> <span class='ocrx_word' id='word_1_778' title='bbox 1176 5368 1238 5422; x_wconf 78' lang='lat'><strong>2|</strong></span> <span class='ocrx_word' id='word_1_779' title='bbox 1289 5379 1343 5423; x_wconf 91' lang='lat' dir='ltr'><strong>et</strong></span> <span class='ocrx_word' id='word_1_780' title='bbox 1372 5368 1462 5432; x_wconf 82' lang='lat'><strong>22,</strong></span> <span class='ocrx_word' id='word_1_781' title='bbox 1495 5376 1554 5422; x_wconf 86' lang='lat' dir='ltr'><strong>ut</strong></span> <span class='ocrx_word' id='word_1_782' title='bbox 1584 5384 1652 5424; x_wconf 78' lang='lat' dir='ltr'><strong>ex</strong></span> <span class='ocrx_word' id='word_1_783' title='bbox 1754 5370 1986 5425; x_wconf 88' lang='lat' dir='ltr'><strong>istorum</strong></span> <span class='ocrx_word' id='word_1_784' title='bbox 2019 5367 2289 5424; x_wconf 88' lang='lat' dir='ltr'><strong>sententia</strong></span> <span class='ocrx_word' id='word_1_785' title='bbox 2324 5368 2580 5431; x_wconf 87' lang='lat' dir='ltr'><strong>traditur,</strong></span> <span class='ocrx_word' id='word_1_786' title='bbox 2630 5364 2800 5438; x_wconf 71' lang='lat' dir='ltr'><strong>noctu</strong></span> <span class='ocrx_word' id='word_1_787' title='bbox 2830 5375 2883 5420; x_wconf 90' lang='lat' dir='ltr'><strong>et</strong></span> <span class='ocrx_word' id='word_1_788' title='bbox 2919 5364 3152 5420; x_wconf 88' lang='lat' dir='ltr'><strong>interdiu</strong></span> <span class='ocrx_word' id='word_1_789' title='bbox 3184 5365 3329 5434; x_wconf 85' lang='lat' dir='ltr'><strong>pari-</strong></span> 
     </span>
    </p>
   </div>
   <div class='ocr_carea' id='block_1_106' title="bbox 102 5439 1653 5557">
    <p class='ocr_par' dir='ltr' id='par_1_106' title="bbox 102 5439 1653 5557">
     <span class='ocr_line' id='line_1_106' title="bbox 102 5439 1653 5521; baseline 0.003 -32"><span class='ocrx_word' id='word_1_790' title='bbox 102 5439 435 5504; x_wconf 76' lang='lat' dir='ltr'><strong>sequentibus</strong></span> <span class='ocrx_word' id='word_1_791' title='bbox 474 5447 740 5520; x_wconf 74' lang='lat' dir='ltr'><strong>apparet;</strong></span> <span class='ocrx_word' id='word_1_792' title='bbox 768 5439 915 5521; x_wconf 82' lang='lat' dir='ltr'><strong>quod</strong></span> <span class='ocrx_word' id='word_1_793' title='bbox 961 5439 1016 5493; x_wconf 92' lang='lat' dir='ltr'><strong>in</strong></span> <span class='ocrx_word' id='word_1_794' title='bbox 1053 5439 1356 5495; x_wconf 82' lang='lat' dir='ltr'><strong>elevatione</strong></span> <span class='ocrx_word' id='word_1_795' title='bbox 1385 5439 1653 5510; x_wconf 89' lang='lat' dir='ltr'><strong>graduum</strong></span> 
     </span>
     <span class='ocr_line' id='line_1_107' title="bbox 102 5501 913 5557; baseline 0.005 -4"><span class='ocrx_word' id='word_1_796' title='bbox 102 5501 174 5557; x_wconf 82' lang='grc'><strong>65.</strong></span> <span class='ocrx_word' id='word_1_797' title='bbox 199 5506 286 5557; x_wconf 77' lang='lat'><strong>66.</strong></span> <span class='ocrx_word' id='word_1_798' title='bbox 316 5523 379 5557; x_wconf 85' lang='lat' dir='ltr'><strong>ac.</strong></span> <span class='ocrx_word' id='word_1_799' title='bbox 419 5509 684 5557; x_wconf 80' lang='lat' dir='ltr'><strong>demeens</strong></span> <span class='ocrx_word' id='word_1_800' title='bbox 713 5518 913 5557; x_wconf 73' lang='lat' dir='ltr'><strong>evenit.</strong></span> 
     </span>
    </p>
   </div>
   <div class='ocr_carea' id='block_1_107' title="bbox 158 5506 1656 5650">
    <p class='ocr_par' dir='ltr' id='par_1_107' title="bbox 158 5506 1656 5650">
     <span class='ocr_line' id='line_1_108' title="bbox 163 5506 1411 5578; baseline -0.003 -12"><span class='ocrx_word' id='word_1_801' title='bbox 163 5546 174 5566; x_wconf 86' lang='lat'><strong>.</strong></span> <span class='ocrx_word' id='word_1_802' title='bbox 199 5506 286 5572; x_wconf 79' lang='lat'><strong>66,</strong></span> <span class='ocrx_word' id='word_1_803' title='bbox 316 5523 379 5562; x_wconf 86' lang='lat' dir='ltr'><strong>ac</strong></span> <span class='ocrx_word' id='word_1_804' title='bbox 419 5506 684 5578; x_wconf 79' lang='lat' dir='ltr'><strong>deinceps</strong></span> <span class='ocrx_word' id='word_1_805' title='bbox 713 5506 913 5563; x_wconf 81' lang='lat' dir='ltr'><strong>evenit.</strong></span> <span class='ocrx_word' id='word_1_806' title='bbox 1390 5506 1411 5510; x_wconf 64' lang='grc'>⁷</span> 
     </span>
     <span class='ocr_line' id='line_1_109' title="bbox 158 5575 1656 5650; baseline 0.003 -21"><span class='ocrx_word' id='word_1_807' title='bbox 158 5575 258 5650; x_wconf 67' lang='lat'><strong>(23)</strong></span> <span class='ocrx_word' id='word_1_808' title='bbox 293 5579 530 5650; x_wconf 61' lang='grc' dir='ltr'>Κράτης</span> <span class='ocrx_word' id='word_1_809' title='bbox 576 5578 645 5632; x_wconf 85' lang='grc' dir='ltr'>δὲ</span> <span class='ocrx_word' id='word_1_810' title='bbox 675 5582 708 5633; x_wconf 85' lang='lat' dir='ltr'><strong>d</strong></span> <span class='ocrx_word' id='word_1_811' title='bbox 755 5579 1172 5650; x_wconf 77' lang='grc' dir='ltr'>γραμματικός.</span> <span class='ocrx_word' id='word_1_812' title='bbox 1213 5578 1539 5650; x_wconf 58' lang='lat' dir='ltr'><strong>Eustathius</strong></span> <span class='ocrx_word' id='word_1_813' title='bbox 1587 5577 1656 5634; x_wconf 75' lang='lat' dir='ltr'><strong>ad</strong></span> 
     </span>
    </p>
   </div>
   <div class='ocr_carea' id='block_1_108' title="bbox 103 5643 1658 5719">
    <p class='ocr_par' dir='ltr' id='par_1_108' title="bbox 103 5643 1658 5719">
     <span class='ocr_line' id='line_1_110' title="bbox 103 5643 1658 5719; baseline 0.005 -24"><span class='ocrx_word' id='word_1_814' title='bbox 103 5643 272 5714; x_wconf 61' lang='lat' dir='ltr'><strong>uaga.</strong></span> <span class='ocrx_word' id='word_1_815' title='bbox 302 5643 368 5712; x_wconf 78' lang='grc' dir='ltr'>Κ,</span> <span class='ocrx_word' id='word_1_816' title='bbox 409 5643 606 5706; x_wconf 80' lang='lat' dir='ltr'><strong>versus</strong></span> <span class='ocrx_word' id='word_1_817' title='bbox 636 5643 1098 5719; x_wconf 54' lang='lat' dir='ltr'><strong>illos&#39;ex&#39;ponens,</strong></span> <span class='ocrx_word' id='word_1_818' title='bbox 1128 5643 1223 5718; x_wconf 86' lang='lat' dir='ltr'><strong>qui</strong></span> <span class='ocrx_word' id='word_1_819' title='bbox 1251 5664 1282 5704; x_wconf 89' lang='lat' dir='ltr'><strong>a</strong></span> <span class='ocrx_word' id='word_1_820' title='bbox 1311 5647 1540 5703; x_wconf 88' lang='lat' dir='ltr'><strong>Gemino</strong></span> <span class='ocrx_word' id='word_1_821' title='bbox 1579 5650 1658 5706; x_wconf 66' lang='lat' dir='ltr'><strong>cio</strong></span> 
     </span>
    </p>
   </div>
   <div class='ocr_carea' id='block_1_109' title="bbox 100 5719 1655 5792">
    <p class='ocr_par' dir='ltr' id='par_1_109' title="bbox 100 5719 1655 5792">
     <span class='ocr_line' id='line_1_111' title="bbox 100 5719 1655 5792; baseline 0.005 -23"><span class='ocrx_word' id='word_1_822' title='bbox 100 5719 282 5784; x_wconf 76' lang='lat' dir='ltr'><strong>untur.</strong></span> <span class='ocrx_word' id='word_1_823' title='bbox 304 5720 380 5776; x_wconf 80' lang='lat' dir='ltr'><strong>sit</strong></span> <span class='ocrx_word' id='word_1_824' title='bbox 403 5719 684 5778; x_wconf 81' lang='lat' dir='ltr'><strong>Cratetem</strong></span> <span class='ocrx_word' id='word_1_825' title='bbox 713 5719 860 5777; x_wconf 78' lang='lat' dir='ltr'><strong>illius</strong></span> <span class='ocrx_word' id='word_1_826' title='bbox 882 5719 1348 5792; x_wconf 84' lang='lat' dir='ltr'><strong>interpretationis</strong></span> <span class='ocrx_word' id='word_1_827' title='bbox 1377 5729 1655 5778; x_wconf 84' lang='lat' dir='ltr'><strong>auctorem</strong></span> 
     </span>
    </p>
   </div>
   <div class='ocr_carea' id='block_1_110' title="bbox 1757 5435 3330 5508">
    <p class='ocr_par' dir='ltr' id='par_1_110' title="bbox 1757 5435 3330 5508">
     <span class='ocr_line' id='line_1_112' title="bbox 1757 5435 3330 5508; baseline -0.003 -15"><span class='ocrx_word' id='word_1_828' title='bbox 1757 5448 1841 5494; x_wconf 86' lang='lat' dir='ltr'><strong>ter</strong></span> <span class='ocrx_word' id='word_1_829' title='bbox 1871 5454 2092 5508; x_wconf 91' lang='lat' dir='ltr'><strong>operam</strong></span> <span class='ocrx_word' id='word_1_830' title='bbox 2119 5438 2337 5492; x_wconf 89' lang='lat' dir='ltr'><strong>dedisse</strong></span> <span class='ocrx_word' id='word_1_831' title='bbox 2365 5439 2599 5508; x_wconf 86' lang='lat' dir='ltr'><strong>pastioni</strong></span> <span class='ocrx_word' id='word_1_832' title='bbox 2629 5435 3047 5508; x_wconf 64' lang='lat' dir='ltr'><strong>Laestrygonas;</strong></span> <span class='ocrx_word' id='word_1_833' title='bbox 3079 5449 3144 5487; x_wconf 81' lang='lat' dir='ltr'><strong>ac</strong></span> <span class='ocrx_word' id='word_1_834' title='bbox 3168 5442 3330 5508; x_wconf 84' lang='lat' dir='ltr'><strong>nocte</strong></span> 
     </span>
    </p>
   </div>
   <div class='ocr_carea' id='block_1_111' title="bbox 1759 5503 3326 5580">
    <p class='ocr_par' dir='ltr' id='par_1_111' title="bbox 1759 5503 3326 5580">
     <span class='ocr_line' id='line_1_113' title="bbox 1759 5503 3326 5580; baseline -0.003 -18"><span class='ocrx_word' id='word_1_835' title='bbox 1759 5503 1975 5580; x_wconf 78' lang='lat' dir='ltr'><strong>quidem</strong></span> <span class='ocrx_word' id='word_1_836' title='bbox 2013 5508 2200 5580; x_wconf 75' lang='lat' dir='ltr'><strong>boves,</strong></span> <span class='ocrx_word' id='word_1_837' title='bbox 2263 5509 2334 5562; x_wconf 89' lang='lat' dir='ltr'><strong>ob</strong></span> <span class='ocrx_word' id='word_1_838' title='bbox 2366 5503 2633 5580; x_wconf 57' lang='lat' dir='ltr'><strong>&#39;asilorum</strong></span> <span class='ocrx_word' id='word_1_839' title='bbox 2682 5516 2755 5580; x_wconf 88' lang='lat' dir='ltr'><strong>et_</strong></span> <span class='ocrx_word' id='word_1_840' title='bbox 2781 5503 3050 5576; x_wconf 78' lang='lat' dir='ltr'><strong>ejusmodi</strong></span> <span class='ocrx_word' id='word_1_841' title='bbox 3093 5503 3326 5580; x_wconf 78' lang='lat' dir='ltr'><strong>pestium</strong></span> 
     </span>
    </p>
   </div>
   <div class='ocr_carea' id='block_1_112' title="bbox 1759 5574 3329 5646">
    <p class='ocr_par' dir='ltr' id='par_1_112' title="bbox 1759 5574 3329 5646">
     <span class='ocr_line' id='line_1_114' title="bbox 1759 5574 3329 5646; baseline -0.001 -12"><span class='ocrx_word' id='word_1_842' title='bbox 1759 5574 1994 5644; x_wconf 77' lang='lat' dir='ltr'><strong>metum;</strong></span> <span class='ocrx_word' id='word_1_843' title='bbox 2034 5577 2101 5631; x_wconf 83' lang='lat' dir='ltr'><strong>de</strong></span> <span class='ocrx_word' id='word_1_844' title='bbox 2134 5577 2222 5632; x_wconf 90' lang='lat' dir='ltr'><strong>die</strong></span> <span class='ocrx_word' id='word_1_845' title='bbox 2252 5592 2405 5640; x_wconf 92' lang='lat' dir='ltr'><strong>vero,</strong></span> <span class='ocrx_word' id='word_1_846' title='bbox 2436 5578 2579 5632; x_wconf 89' lang='lat' dir='ltr'><strong>villis</strong></span> <span class='ocrx_word' id='word_1_847' title='bbox 2608 5574 2825 5630; x_wconf 74' lang='lat' dir='ltr'><strong>munita</strong></span> <span class='ocrx_word' id='word_1_848' title='bbox 2854 5589 3047 5646; x_wconf 85' lang='lat' dir='ltr'><strong>pecora</strong></span> <span class='ocrx_word' id='word_1_849' title='bbox 3090 5574 3329 5644; x_wconf 86' lang='lat' dir='ltr'><strong>pavisse.</strong></span> 
     </span>
    </p>
   </div>
   <div class='ocr_carea' id='block_1_113' title="bbox 1759 5645 3330 5718">
    <p class='ocr_par' dir='ltr' id='par_1_113' title="bbox 1759 5645 3330 5718">
     <span class='ocr_line' id='line_1_115' title="bbox 1759 5645 3330 5718; baseline -0.004 -15"><span class='ocrx_word' id='word_1_850' title='bbox 1759 5649 1930 5704; x_wconf 89' lang='lat' dir='ltr'><strong>Porro</strong></span> <span class='ocrx_word' id='word_1_851' title='bbox 1956 5647 2242 5712; x_wconf 85' lang='grc' dir='ltr'>κελεύθους</span> <span class='ocrx_word' id='word_1_852' title='bbox 2275 5649 2482 5718; x_wconf 69' lang='grc' dir='ltr'>ἤματος</span> <span class='ocrx_word' id='word_1_853' title='bbox 2518 5647 2612 5718; x_wconf 62' lang='grc' dir='ltr'><strong>κερ.</strong></span> <span class='ocrx_word' id='word_1_854' title='bbox 2655 5645 2866 5718; x_wconf 73' lang='grc' dir='ltr'>νυκτός,</span> <span class='ocrx_word' id='word_1_855' title='bbox 2918 5645 3112 5698; x_wconf 80' lang='lat' dir='ltr'><strong>diurna</strong></span> <span class='ocrx_word' id='word_1_856' title='bbox 3147 5652 3200 5718; x_wconf 74' lang='lat' dir='ltr'><strong>et</strong></span> <span class='ocrx_word' id='word_1_857' title='bbox 3227 5659 3330 5718; x_wconf 81' lang='lat' dir='ltr'><strong>_no-</strong></span> 
     </span>
    </p>
   </div>
   <div class='ocr_carea' id='block_1_114' title="bbox 1761 5714 3349 5789">
    <p class='ocr_par' dir='ltr' id='par_1_114' title="bbox 1761 5714 3349 5789">
     <span class='ocr_line' id='line_1_116' title="bbox 1761 5714 3349 5789; baseline -0.006 -13"><span class='ocrx_word' id='word_1_858' title='bbox 1761 5730 1950 5778; x_wconf 75' lang='lat' dir='ltr'><strong>cturus</strong></span> <span class='ocrx_word' id='word_1_859' title='bbox 1992 5733 2194 5789; x_wconf 73' lang='lat' dir='ltr'><strong>pascua</strong></span> <span class='ocrx_word' id='word_1_860' title='bbox 2217 5714 2425 5774; x_wconf 74' lang='lat' dir='ltr'><strong>vocari.</strong></span> <span class='ocrx_word' id='word_1_861' title='bbox 2458 5715 2534 5774; x_wconf 86' lang='lat' dir='ltr'><strong>Ita</strong></span> <span class='ocrx_word' id='word_1_862' title='bbox 2563 5715 2904 5787; x_wconf 79' lang='lat' dir='ltr'><strong>Eustathius,</strong></span> <span class='ocrx_word' id='word_1_863' title='bbox 2938 5730 3059 5786; x_wconf 68' lang='lat' dir='ltr'><strong>qua</strong></span> <span class='ocrx_word' id='word_1_864' title='bbox 3096 5714 3349 5789; x_wconf 76' lang='lat' dir='ltr'><strong>quidem.</strong></span> 
     </span>
    </p>
   </div>
  </div>
