3786 6364
115 275 202 332 789

1090 278 1326 336 GEMINI
1365 279 1740 335 ELEMENTA
1781 277 2282 337 ASTRONOMIIE.

3249 278 3368 340 790-

113 390 326 456 γίνεται·
389 390 562 462 ἑτέρα
606 392 665 446 δὲ
707 393 984 466 τρίμηνος,
1015 391 1136 470 ἕνῇ
1174 399 1282 450 ἀπὸ
1326 397 1420 452 τοῦ
1465 398 1672 470 θερινοῦ

1785 397 2079 454 trimestris
2132 396 2272 460 dies,
2311 396 2367 450 in
2399 410 2506 468 qua
2554 395 2623 450 ab
2651 395 2841 451 aestivo
2866 393 3078 467 tropico
3107 395 3174 451 ad
3204 397 3351 451 hori-

112 480 350 553 τροπικοῦ
375 483 472 536 ἐπὶ
511 484 607 537 τὸν
635 485 882 558 ὁρίζοντα
911 490 1150 560 καταντᾷ
1170 506 1183 519 ·
1209 491 1304 543 καὶ
1343 492 1522 546 πάντα
1546 490 1672 544 τοῦ·

110 593 187 628 τον
213 577 301 629 τὸν
330 577 530 648 χρόνον
564 579 710 633 κατά
739 581 864 646 τοὺς
895 581 1034 653 ὑπὲρ
1063 584 1166 654 γῆν
1197 584 1428 649 κύκλους
1460 586 1671 660 παραλ-

112 667 286 738 ληλους
313 668 700 741 ὲνεχθήσεται.
750 673 897 726 Ἐπεὶ
925 673 981 727 δὲ
1014 674 1298 746 συμϐαίνει
1331 678 1430 747 τὴν
1459 677 1671 750 οἴκησιν

112 759 291 829 ταύτην
316 762 376 814 ὲν
407 762 558 836 μέσῃ
606 767 672 835 τῇ
705 765 1086 839 κατεψυγμένη
1122 769 1217 822 καὶ
1255 770 1496 842 ἀοικήτῳ
1528 769 1672 844 ζώνῃ

113 851 375 924 ὑπάρχειν,
410 852 632 923 ἀνάγκη
661 853 750 907 διὰ
787 857 984 919 παντὸς
1011 859 1195 926 νέφεσι
1231 860 1554 930 κατέχεσθαι
1579 861 1671 914 τὸν

111 943 273 1007 τόπον,
312 946 410 998 καὶ
454 945 552 998 ἐπὶ
593 947 726 1002 πολὺ
776 949 938 1019 βάθος
978 951 1138 1021 ἀέρος
1179 953 1561 1025 συνεστηκέναι
1601 956 1670 1010 τὰ

111 1034 250 1105 νέφη,
266 1036 360 1089 καὶ
385 1036 464 1107 μὴ
487 1037 746 1092 δύνασθαι
767 1039 863 1104 τὰς
885 1040 980 1093 τοῦ
1001 1041 1154 1112 ἡλίου
1169 1043 1342 1112 αύγάς
1363 1046 1672 1100 διακόπτειν

109 1127 168 1180 τὰ
203 1126 363 1197 νέφηο
411 1127 559 1182 ῶστε
607 1130 842 1199 εὐλόγως
886 1132 1055 1186 νύκτα
1089 1135 1135 1166 ’⁸
1167 1134 1254 1188 διὰ
1289 1137 1486 1200 παντὸς
1533 1133 1670 1191 εἶναι

111 1217 220 1286 παρ’
247 1217 432 1280 αὐτοῖς
463 1219 678 1284 σκότος.
712 1221 881 1275 Ὅταν
906 1224 1003 1293 μὲν
1031 1224 1141 1297 γὰρ
1167 1225 1308 1298 ὑπὲρ
1333 1227 1436 1298 γῆν
1452 1227 1672 1302 ὑπάρχῃ

110 1313 132 1361 ό
153 1310 312 1379 ἥλιος,
355 1311 555 1376 σκότος
584 1315 701 1367 ἐστὶ
728 1318 854 1387 παρ’
877 1317 1059 1380 αὐτοῖς
1085 1317 1172 1372 διὰ
1196 1319 1295 1390 τὴν
1328 1320 1671 1392 παχυμερίαν

112 1401 204 1456 τῶν
230 1404 406 1473 νεφῶν
430 1423 445 1438 ο
479 1407 608 1459 ὃταν
636 1408 693 1460 δὲ
723 1407 826 1460 61:0
868 1407 958 1461 τὸν
981 1409 1232 1482 ὁρίζοντα
1267 1414 1296 1464 ό
1325 1412 1477 1482 ἥλιος
1504 1409 1561 1488 ᾗ,
1585 1413 1672 1468 διὰ

111 1495 196 1566 τὴν
214 1498 445 1567 φυσικὴν
474 1499 726 1570 ἀνάγκην
753 1500 846 1568 νύξ
875 1503 990 1555 ἐστι
1026 1505 1154 1574 παρ’
1187 1505 1364 1568 αὐτοῖς
1387 1522 1400 1536 ο
1424 1505 1563 1559 ὥστε
1585 1505 1672 1559 διὰ

115 1588 291 1652 παντὸς
340 1589 654 1659 ἀφώτιστον
693 1593 872 1646 αὐτῶν
923 1591 1059 1647 εἶναι
1102 1595 1201 1666 τὴν
1234 1595 1467 1666 οἴκησιν.
1501 1596 1671 1650 Τοῦτο

110 1674 207 1739 οὖν,
240 1680 392 1750 φησὶ,
421 1681 488 1734 τὸ
516 1681 805 1752 λεγόμενόν
835 1685 981 1738 ἐστιν
1008 1685 1112 1739 61:0
1138 1686 1231 1739 τοῦ
1269 1687 1492 1760 ποιητοῦ
1512 1705 1527 1722 ⁸

836 1797 978 1852 οὐδέ
1010 1802 1142 1852 ποτ’
1171 1802 1394 1866 αὐτοὺς

244 1863 475 1931 Ἠέλιος
505 1865 744 1935 φαέθων
761 1867 1126 1936 ἐπιδέρκεται
1154 1863 1530 1927 ἀκτίνεσσιν.

168 1976 224 2028 El
256 1977 350 2048 μὲν
396 1973 493 2031 οὖν
544 1977 717 2032 ταῦτα
761 1978 1074 2051 ἐνθυμεῖται
1102 1984 1131 2035 ό
1176 1983 1442 2054 Ὅμηρος,
1489 1983 1677 2056 ἕτερος

113 2065 230 2118 ἔστω
281 2067 468 2135 λόγος’
501 2069 588 2121 ὅτι
629 2068 686 2121 δέ
719 2069 824 2122 εἰσι
855 2071 1009 2123 τόποι
1040 2071 1202 2135 τινὲς,
1247 2071 1348 2142 τῆς
1377 2072 1481 2142 γῆς
1520 2090 1676 2142 σφαι-

115 2157 325 2228 ροειδοῦς
347 2161 726 2231 ὑπαρχούσης,
746 2160 960 2231 ἔχοντες
976 2161 1046 2216 τὰ
1069 2163 1441 2235 προειρημένα
1467 2164 1672 2238 μεγέθη

111 2250 204 2301 τῶν
227 2251 449 2322 ἡμερῶν
472 2251 612 2325 1:90;
639 2251 863 2324 ἀλληλα,
886 2251 1043 2322 δῆλον
1072 2254 1166 2307 ἀπ’
1195 2254 1367 2326 αὐτῆς
1391 2255 1492 2327 τῆς
1518 2257 1677 2325 σφαί-

115 2358 213 2411 ρας.
245 2343 380 2408 Τοὺς
422 2344 676 2414 μέντοιγε
719 2345 918 2410 τόπους
950 2345 1172 2410 τούτους
1201 2348 1491 2418 ἀοικήτους
1535 2346 1673 2403 εἶναι

115 2434 371 2503 ενμϐαίνει
399 2435 493 2489 διὰ
535 2435 637 2506 τὴν
673 2435 766 2489 τοῦ
799 2437 1004 2508 ψύχους
1043 2437 1374 2510 ὑπερϐολήν.
1411 2440 1498 2492 Ἐν
1531 2440 1671 2512 μέση

113 2525 202 2593 γὰρ
230 2529 431 2580 κεῖνται
465 2529 534 2598 τῇ
565 2528 953 2602 κατεψυγμένη
985 2527 1149 2602 ζώνῃ.

185 2615 459 2669 Ἀνάπαλιν
485 2617 546 2670 δὲ
573 2620 688 2680 τοῖς
710 2618 846 2688 πρὸς
879 2619 1227 2691 μεσημϐρίαν
1258 2618 1498 2674 οἰκοῦσιν
1526 2621 1675 2673 ἐλάσ-

117 2722 242 2770 σονες
264 2709 348 2762 ἀεὶ
380 2710 612 2781 μᾶλλον,
649 2711 743 2765 καὶ
781 2711 1066 2776 ἐλάσσονες
1099 2714 1153 2765 αἰ
1176 2713 1376 2784 ἡμέραι
1397 2715 1670 2782 γίνονται’

120 2801 224 2870 παρ’
246 2788 323 2865 οἷς
354 2803 454 2874 μὲν
489 2804 556 2856 ιδ’
591 2803 750 2874 ὡρῶν
785 2803 1115 2875 ἰσημερινῶν
1145 2805 1177 2876 ἡ
1219 2804 1450 2876 μεγίστη
1491 2805 1672 2877 ἡμέρα

117 2894 319 2960 γίνεται,
355 2898 492 2966 παρ’
523 2890 608 2959 οἷς
631 2897 688 2949 δὲ
719 2903 786 2965 ιγ’
810 2897 877 2950 ’⁷.

174 2987 332 3059 Πέρας
371 2989 431 3042 δέ
459 2992 584 3042 ἐστι
612 2988 764 3061 χώρα
799 3006 883 3053 τις
918 2989 1054 3060 πρὸς
1082 2988 1432 3061 μεσημϐρίαν
1473 2989 1674 3061 μᾶλλον

1777 495 1993 542 zontem
2047 486 2349 542 descendit.
2411 487 2588 557 Atque
2631 486 2780 540 omni
2811 484 2913 540 hoc
2965 493 3206 555 tempore
3254 501 3351 556 per

1777 581 2016 638 circulos
2061 580 2376 651 parallelos,
2417 579 2514 649 qui
2555 586 2684 632 sunt
2733 592 2899 648 supra
2943 587 3166 641 terram,
3210 577 3351 632 fere-

1778 684 1886 729 tur.
1931 673 2072 730 Cum
2121 687 2250 729 vero
2305 673 2588 743 contingat
2643 672 2786 726 hanc
2840 670 3235 725 habitationem
3292 670 3350 724 in

1777 766 1954 822 media
2004 764 2200 836 frigida
2258 774 2420 835 atque
2474 763 2814 818 inhabitabili
2861 777 2998 818 zona
3051 777 3193 826 esse,
3253 777 3350 817 ne-

1777 871 1932 913 cesse
1979 862 2064 913 est
2120 871 2338 928 semper
2381 855 2597 912 nebulis
2638 855 2899 926 occupari
2940 855 3145 917 locum,
3192 861 3247 909 et
3291 853 3347 908 in

1777 951 1973 1019 magna
2003 947 2146 1003 aeris
2174 947 2548 1019 profunditate
2577 947 2810 1002 nebulas
2841 947 3168 1001 constitutas
3199 961 3346 1012 esse,

1776 1055 1878 1095 nec
1903 1055 2064 1110 posse
2096 1041 2229 1096 solis
2262 1038 2448 1096 radios
2485 1041 2714 1096 nebulas
2749 1040 2870 1094 illas
2895 1039 3165 1110 dissipare
3197 1060 3210 1094 :
3246 1040 3350 1093 ita~

1776 1148 1882 1202 que
1931 1143 2359 1189 consentaneum
2414 1141 2498 1189 est
2547 1148 2764 1204 semper
2821 1132 2964 1202 apud
3016 1131 3165 1202 ipsos
3225 1145 3348 1186 esse

1777 1223 1954 1277 noctis
2012 1223 2286 1277 tenebras.
2353 1220 2489 1277 Cum
2545 1222 2690 1278 enim
2727 1237 2892 1292 supra
2943 1230 3145 1277 terrain
3184 1220 3349 1277 fuerit

1778 1315 1880 1378 sol,
1934 1315 2173 1370 tenebrae
2225 1326 2355 1371 sunt
2405 1314 2548 1386 apud
2598 1316 2747 1386 ipsos
2773 1322 2995 1385 propter
3036 1315 3346 1370 crassittem

1777 1405 2134 1471 nebularum;
2163 1419 2290 1459 cum
2344 1420 2472 1461 vero
2502 1403 2642 1460 infra
2673 1404 3011 1460 horizontem
3046 1405 3126 1460 sol
3158 1403 3344 1472 fuerit,

1776 1506 1995 1567 propter
2026 1497 2332 1552 naturalem
2371 1497 2754 1554 necessitatem
2782 1512 2889 1552 nox
2919 1504 3005 1552 est
3033 1497 3177 1567 apud
3207 1511 3304 1552 eos
3329 1513 3344 1552 :

1778 1588 1852 1642 ita
1877 1595 1936 1642 ut
1968 1604 2184 1658 semper
2215 1603 2406 1644 eorum
2434 1588 2703 1644 habitatio
2728 1589 2937 1644 lumine
2978 1596 3184 1647 careat.
3231 1588 3346 1645 Hoc

1670 1686 1676 1691 '
1777 1681 1964 1751 igitur,
1998 1681 2195 1752 inquit,
2225 1691 2311 1738 est
2353 1681 2488 1736 illud
2515 1681 2662 1753 quod
2691 1696 2723 1736 a
2761 1689 2921 1754 poeta
2947 1681 3168 1738 dicitur:

2228 1814 2390 1865 neque
2418 1814 2651 1868 unquam
2689 1813 2776 1852 eos

2130 1867 2226 1922 Sol
2272 1867 2546 1939 splendens
2585 1870 2773 1938 aspicit
2806 1867 2993 1922 radiis.

1845 1979 1930 2034 An
1962 1979 2129 2050 igitur
2156 1979 2271 2035 haec
2311 1982 2511 2051 cogitet
2559 1978 2848 2044 Homerus,
2909 1978 3015 2032 alia
3059 1985 3178 2033 esto
3223 1991 3347 2031 ora-

1775 2070 1888 2137 tio;
1941 2070 2087 2140 quod
2115 2078 2295 2126 autem
2331 2072 2443 2126 sint
2477 2071 2595 2124 loca
2626 2069 2897 2141 quaedam,
2934 2082 3059 2122 cum
3094 2078 3238 2121 terra
3273 2067 3348 2122 sit

1775 2163 2023 2233 globosa,
2079 2176 2202 2232 qua:
2245 2162 2534 2233 praedictas
2584 2159 2988 2232 magnitudines
3016 2157 3228 2213 dierum
3270 2157 3348 2211 in-

1777 2261 1860 2307 ter
1917 2268 1976 2308 se
2011 2254 2266 2318 habeant,
2311 2253 2661 2308 manifestum
2720 2260 2806 2308 est
2847 2267 2916 2307 ex
2970 2253 3086 2322 ipsa
3121 2251 3348 2320 sphaera

1775 2344 1967 2414 figura.
2012 2331 2159 2400 Loca
2198 2354 2348 2400 certe
2394 2345 2508 2399 haec
2547 2345 2930 2400 inbabitabilia
2977 2359 3102 2399 esse
3126 2344 3348 2398 contin-

1773 2438 1851 2508 git
1909 2447 2131 2509 prOpter
2167 2436 2392 2509 frigoris
2422 2453 2731 2494 excessum.
2769 2436 2910 2492 Sunt
2956 2438 3100 2492 enim
3139 2438 3240 2491 sita
3291 2435 3344 2490 in

1775 2533 1952 2587 media
1993 2546 2132 2587 zona
2181 2530 2398 2602 frigida.

1843 2625 2047 2681 Contra
2086 2639 2219 2680 vero
2249 2624 2323 2678 iis
2358 2623 2451 2694 qui
2500 2637 2691 2678 versus
2743 2621 3027 2677 meridiem
3075 2620 3344 2686 habitant,

1774 2718 2015 2774 minores
2048 2733 2262 2789 semper
2287 2725 2340 2772 et
2369 2718 2547 2772 adhuc
2577 2719 2816 2771 minores
2845 2715 2979 2769 liunt
3009 2715 3156 2779 dies;
3201 2713 3345 2784 apud

1772 2814 1910 2870 alios
1936 2814 2156 2885 quidem
2183 2813 2501 2884 longissima
2527 2811 2646 2867 dies
2674 2819 2760 2866 cst
2791 2811 3049 2864 horarum
3101 2808 3346 2878 aequino-

1772 2907 2020 2961 ctialium
2055 2907 2143 2972 M,
2174 2906 2320 2978 apud
2350 2905 2488 2960 alios
2516 2905 2603 2960 15.

1845 2994 2090 3050 Tandem
2145 3002 2230 3051 est
2262 2995 2412 3066 regio
2449 2995 2696 3065 quaedam
2737 2991 2913 3063 magis
2949 2991 3110 3047 nobis
3151 3005 3345 3046 versus

117 3077 245 3146 ἡμῶν
282 3080 534 3150 κειμένη,
581 3080 847 3152 λεγομένη
892 3081 995 3134 61:0
1026 3081 1118 3134 10v
1156 3081 1502 3152 ἰσημερινόνο
1538 3083 1596 3135 ὲν

1785 3088 2059 3144 meridiem
2093 3089 2225 3152 sita,
2259 3103 2382 3159 qua:
2418 3087 2622 3142 dicitur
2663 3091 2786 3141 esse
2824 3084 2928 3140 sub
2956 3081 3342 3154 aequinoctiali,

117 3170 156 3220 0!
185 3170 270 3240 μὲν
304 3173 454 3226 πόλοι
501 3173 598 3226 ἐπὶ
628 3173 718 3226 τοῦ
763 3175 1036 3245 ὁρίζοντος
1074 3175 1396 3228 πίπτουσιν
1440 3174 1574 3246 ὀρθὴ
1614 3175 1672 3228 δὲ

1785 3180 1830 3232 in
1868 3193 1977 3248 qua
2008 3179 2116 3248 poli
2147 3179 2336 3233 mundi
2375 3177 2434 3232 in
2478 3177 2764 3232 horizontc
2790 3183 3093 3246 ponuntur,
3130 3175 3346 3244 sphaera

119 3259 402 3318 καθίσταται
446 3267 480 3336 η
515 3264 616 3318 τοῦ
650 3266 858 3336 κόσμου
909 3271 1134 3339 σφαῖρα.
1176 3266 1592 3338 Διχοτομοῦνται
1617 3267 1674 3321 δὲ

124 3350 291 3418 τάντες
320 3358 368 3408 οἰ
403 3355 745 3428 παράλληλοι
773 3358 960 3411 κύκλοι
991 3361 1039 3412 οἰ
1072 3360 1412 3430 γραφόμενοι
1443 3360 1546 3412 ὑπὸ
1578 3359 1673 3412 τοῦ

119 3444 242 3513 ἡλίου
283 3449 418 3502 κατᾶ
450 3451 499 3482 ⁸⁸
531 3449 635 3520 τὴν
677 3450 772 3503 τοῦ
802 3450 1013 3521 κόσμου
1057 3452 1350 3522 γινομένην
1381 3469 1673 3523 περιστρο-

122 3538 221 3606 civ.
244 3543 314 3595 Δι’
338 3543 406 3614 ἣν
433 3542 620 3597 αἰτίαν
649 3543 907 3615 ἰσημερία
934 3544 1025 3598 διὰ
1049 3545 1248 3609 παντός
1277 3546 1392 3598 ἐστι
1420 3548 1550 3617 παρ’
1580 3546 1674 3599 αύ-

119 3635 224 3695 τείς.
272 3635 344 3688 O6
388 3635 500 3709 γὰρ
542 3637 672 3706 παρ’
704 3637 869 3708 ἄλλην
916 3638 1036 3692 τινά
1104 3639 1281 3694 αἰτίαν
1326 3641 1358 3712 ἡ
1419 3640 1673 3712 ἀνισότης

119 3722 291 3787 γίνεται
336 3727 445 3780 τῶν
483 3727 733 3800 ἡμερῶν,
761 3729 895 3782 ἀλλά
925 3730 1076 3801 παρὰ
1109 3731 1170 3784 10
1207 3731 1416 3803 ἕξαρμα
1448 3731 1544 3785 τοῦ
1575 3732 1672 3784 πό-

120 3811 219 3864 λουο
253 3817 279 3868 ὃ
306 3817 368 3888 δὴ
405 3818 659 3872 καλεῖται
694 3817 930 3889 έγκλιμα
961 3820 1054 3873 τοῦ
1103 3820 1329 3891 κόσμου.
1380 3821 1673 3892 Συμϐαίνει

119 3903 203 3977 γὰρ
221 3907 300 3962 διὰ
323 3910 413 3962 τὸν
443 3911 827 3982 μετεωρισμὺν
848 3911 942 3964 τοῦ
975 3912 1139 3965 πόλου
1173 3913 1281 3966 τῶν
1315 3912 1411 3983 μὲν
1439 3913 1546 3966 ἀπὸ
1577 3913 1672 3966 τοῦ

122 3999 399 4072 ἰσημερινοῦ
434 4004 605 4074 μέχρι
642 4003 738 4056 τοῦ
771 4003 984 4075 θερινοῦ
1019 4005 1280 4076 τροπικοῦ
1316 4006 1674 4078 γραφομένων

120 4086 298 4145 κύκλων
344 4095 572 4162 μείζονα
620 4094 722 4165 μὲν
752 4096 1017 4166 τμήματα
1068 4095 1207 4168 ὑπὲρ
1250 4097 1353 4166 γῆν
1403 4097 1670 4165 γίνεσθαιν

121 4178 340 4237 ἐλάττονα
365 4185 423 4237 δὲ
458 4186 569 4238 61:0
599 4185 732 4255 γῆν·
760 4187 868 4241 τῶν
892 4187 949 4240 δὲ
973 4187 1081 4241 ἀπὸ
1105 4188 1197 4241 τοῦ
1227 4189 1540 4260 ἰσημερινοῦ
1575 4188 1673 4259 μέ-

119 4286 190 4340 χρι
229 4274 314 4328 τοῦ
361 4277 681 4348 χειμερινοῦ
733 4277 990 4349 τροπικοῦ
1036 4279 1401 4352 γραφομένων
1457 4278 1674 4332 κύκλων

121 4362 338 4420 ἐλάττονα
384 4371 484 4439 μὲν
527 4371 795 4439 τμήματα
828 4369 969 4441 ὑπὲρ
996 4371 1101 4440 γῆν
1143 4370 1413 4440 γίνεσθαι,
1451 4371 1674 4442 μείζονα

1774 3279 1957 3326 autem
1989 3270 2178 3325 mundi
2211 3278 2358 3325 recta
2405 3270 2763 3325 constituitur
2803 3289 2816 3324 :
2851 3269 3134 3338 aequaliter
3164 3276 3346 3321 autem

1774 3370 2034 3419 secantur
2075 3376 2268 3416 omnes
2305 3361 2550 3432 paralleli
2587 3361 2802 3426 circuli,
2839 3361 2932 3430 qui
2964 3358 3347 3414 describuntur

1773 3469 1804 3508 ει
1828 3454 1942 3510 sole
1970 3454 2270 3510 secundum
2293 3453 2669 3525 quotidianam
2699 3454 2887 3509 mundi
2912 3451 3344 3508 conversionem.

1773 3544 1948 3610 Quam
1987 3545 2059 3601 ob
2102 3561 2325 3602 causam
2377 3545 2520 3617 apud
2561 3561 2658 3602 eos
2699 3561 2916 3617 semper
2975 3544 3078 3599 est'
3105 3541 3347 3614 aequino-

1773 3638 1966 3693 ctium.
2025 3638 2147 3694 Non
2192 3639 2337 3694 enim
2370 3646 2595 3710 propter
2651 3639 2812 3692 aliam
2869 3635 3161 3708 quamdam
3216 3649 3349 3690 cau-

1774 3745 1893 3785 sam
1945 3730 2165 3786 exsistit
2227 3730 2441 3787 dierum
2508 3730 2884 3800 inaequalitas,
2950 3728 3056 3782 nisi
3126 3733 3351 3798 propter

1774 3822 1884 3892 poli
1945 3823 2371 3889 exaltationem,
2418 3838 2539 3894 quae
2590 3822 2778 3877 mundi
2828 3828 3057 3876 vocatur
3121 3819 3350 3873 inclina-

1774 3914 1878 3968 tio.
1953 3913 2148 3970 Evenit
2219 3915 2363 3971 enim
2441 3921 2666 3984 pr0pter
2738 3911 2848 3984 poli
2925 3911 3346 3971 cxaltationem.

1771 4021 1961 4061 eorum
2004 4007 2338 4062 circulorum
2401 4009 2492 4077 qui
2545 4005 2612 4060 ab
2653 4004 3018 4076 atquinoctiali
3064 4017 3238 4073 uSque
3281 4001 3349 4055 ad

1773 4097 2018 4152 mstivum
2043 4099 2311 4167 tropicum
2339 4096 2746 4162 describuntur,
2777 4096 2986 4165 majora
3013 4095 3228 4166 quidem
3257 4108 3350 4147 su-

1773 4204 1870 4258 pra
1909 4197 2116 4244 terram
2165 4204 2286 4244 esse
2333 4197 2639 4259 segmenta,
2700 4188 2912 4242 minora
2971 4197 3149 4241 autem
3204 4184 3349 4240 infra

1773 4288 1976 4335 terram
2009 4299 2022 4334 :
2059 4297 2249 4336 eorum
2281 4297 2432 4345 vero,
2461 4281 2554 4351 qui
2592 4281 2660 4336 ab
2680 4279 3046 4350 arquinoctiali
3072 4279 3138 4332 ad
3167 4279 3350 4334 biber-

1775 4389 1905 4426 num
1938 4373 2208 4444 tropicum
2261 4372 2667 4438 describuntur,
2705 4375 2914 4425 minora
2961 4378 3235 4440 segmenta
3266 4369 3351 4424 in-

119 4454 163 4507 δὶ
185 4457 274 4512 61:0
306 4463 428 4533 γῆν.
464 4463 640 4516 Ὅπου
682 4462 737 4514 δὲ
767 4465 813 4515 οἱ
845 4462 997 4516 πόλοι
1031 4463 1124 4516 ἐπὶ
1152 4451 1257 4516 ’τοῦ
1287 4463 1560 4535 ὁρίζοντος
1584 4465 1672 4517 πί-

1785 4463 1857 4518 ira
1891 4472 2094 4520 terram
2145 4464 2281 4529 ﬁeri,
2330 4465 2540 4533 majora
2575 4480 2704 4517 vero
2756 4478 2920 4532 supra
2964 4468 3189 4516 terram.
3247 4459 3350 4516 Ubi

126 4563 324 4619 πτουσιν,
352 4555 754 4628 ἀναιρουμένου
778 4554 873 4608 τοῦ
897 4555 1067 4608 αἰτίου
1094 4557 1193 4627 τῆς
1218 4557 1537 4628 ἀνισότητος
1564 4557 1672 4610 τῶν

125 4639 306 4714 ἡμερῶν
325 4646 505 4714 (τοῦτο
533 4632 592 4700 δὲ
622 4643 689 4717 ἦν
719 4647 780 4700 10
812 4646 1091 4717 ἕγκλιμα),
1125 4647 1360 4716 εὐλόγως
1387 4635 1682 4719 συμϐαίνει

125 4731 375 4810 ἰσημερίαν
399 4736 544 4793 εἶναι
570 4739 661 4792 διὰ
691 4740 890 4804 παντὸς
924 4743 1054 4811 παρ’
1085 4740 1293 4804 αὐτοῖς.
1328 4741 1542 4804 Πάντας
1575 4740 1672 4811 μὲν

124 4825 206 4897 γὰρ
233 4831 630 4895 τοὺς-κύκλους
667 4832 694 4883 ό
721 4831 870 4901 ἥλιος
899 4833 1188 4902 ἰσοχρόνως
1225 4832 1670 4904 περιστρέφεται,

124 4922 334 4990 καὶτοὺς
373 4928 650 4998 μείζονας,
687 4927 781 4979 καὶ
821 4927 946 4989 τοὺς
976 4927 1291 4991 ἐλάσσονας,
1315 4925 1403 4979 διὰ
1439 4926 1500 4979 10
1543 4925 1670 4996 περί

123 5025 218 5065 τινα
246 5017 464 5084 μένοντα
500 5019 868 5088 σημεῖα,τοὺς
882 5018 1096 5083 πόλους,
1115 5019 1360 5087 γίνεσθαι
1391 5019 1488 5090 τὴν
1519 5035 1671 5091 περι-

127 5108 323 5179 στροφὴν
343 5109 435 5163 τοῦ
454 5110 685 5179 κόσμου.
709 5109 869 5162 Ὥστε
889 5109 962 5182 μὴ
976 5111 1124 5182 παρᾶ
1145 5110 1214 5164 τὰ
1233 5109 1434 5182 μεγέθη
1451 5110 1560 5164 τῶν
1575 5111 1672 5163 κύ-

125 5193 255 5259 κλων,
276 5200 404 5254 ἀλλά
421 5199 578 5273 παρὰ
592 5199 691 5272 τὴν
707 5202 995 5273 ἀνισότητα
1015 5203 1122 5256 τῶν
1146 5203 1470 5274 τμημάτων,
1488 5197 1562 5258 ῶν
1579 5204 1673 5272 φέ-

131 5301 251 5351 ρεται
263 5292 442 5363 όῆλιος
458 5293 566 5347 61:0
578 5293 705 5362 γῆν,
723 5294 817 5346 καὶ
839 5294 979 5366 ὑπὲρ
994 5295 1118 5366 γῆν,
1134 5295 1232 5365 τὴν
1249 5295 1537 5365 ἀνισότητα
1567 5295 1676 5348 τῶν

128 5377 308 5449 ἡμερῶν
320 5383 561 5452 γίνεσθαι
571 5425 584 5437 .
600 5387 663 5436 Δί
680 5385 924 5455 μέντοιγε
943 5385 1312 5457 παραυξήσεις
1323 5387 1432 5438 τῶν
1449 5386 1672 5458 ἡμερῶν

131 5467 201 5516 καὶ
225 5470 320 5523 τῶν
351 5475 563 5528 νυκτῶν
596 5474 698 5526 οὐκ
730 5475 868 5527 εἰσιν
898 5476 958 5527 ὲν
991 5475 1124 5527 πᾶσι
1158 5477 1272 5538 τοῖς
1301 5474 1512 5539 ζωδίοις
1535 5475 1670 5541 ἴσαι,

131 5555 234 5612 ἀλλά
265 5564 383 5633 περὶ
430 5566 530 5636 μὲν
569 5564 640 5617 τά
676 5565 909 5635 τροπικά
952 5569 1151 5637 σημεῖα
1174 5567 1366 5639 μικραὶ
1394 5567 1676 5633 παντελῶς

189 5719 226 5748 ⁸⁸
261 5738 340 5790 γρ.
374 5725 590 5787 νυκτός.
706 5724 747 5754 ²τ
783 5739 870 5786 περ.
908 5728 1002 5787 ις’.
1082 5723 1126 5754 ’⁸
1158 5741 1245 5793 rp.
1280 5723 1448 5795 παρὰ.

1771 4572 1901 4612 vero
1929 4558 2036 4628 poli
2071 4555 2262 4612 mundi
2289 4556 2343 4610 in
2377 4557 2661 4610 horizonte
2684 4555 2890 4625 jacent,
2922 4569 3086 4609 causa
3110 4554 3349 4623 inaequa-

1771 4647 1942 4704 litatis
1988 4647 2201 4702 dierum
2249 4646 2484 4710 sublata,
2528 4661 2650 4716 qua:
2691 4628 2776 4700 est
2809 4645 3090 4699 inclinatio
3135 4645 3346 4708 mundi,

1769 4738 1949 4794 evenit
1984 4745 2044 4793 ut
2100 4739 2487 4808 mquinoctium
2532 4737 2674 4808 apud
2717 4752 2813 4792 eos
2842 4737 2912 4791 sit
2943 4749 3183 4805 semper.
3219 4732 3351 4789 0m-

1770 4845 1868 4886 nes
1901 4829 2046 4884 enim
2083 4830 2320 4884 circulos
2347 4828 2638 4899 parallelos
2672 4829 2755 4884 sol
2797 4826 3101 4898 aequalibus
3139 4832 3351 4895 tempo-

1771 4922 1924 4977 ribus
1968 4928 2244 4992 peragrat,
2281 4937 2405 4976 cum
2453 4921 2708 4991 majores,
2743 4926 2858 4975 tum
2909 4919 3174 4980 minores,
3225 4931 3351 4986 pro-

1778 5025 1961 5083 pterea
1993 5013 2141 5083 quod
2172 5014 2320 5069 circa
2356 5015 2458 5070 lixa
2489 5023 2691 5085 puncta
2729 5029 2923 5084 nempe
2953 5012 3106 5082 polos
3133 5009 3345 5073 mundi,

1778 5107 1872 5161 ﬁat
1901 5105 2189 5162 conversio
2224 5107 2434 5161 mundi.
2468 5088 2655 5177 Itaque
2688 5122 2796 5162 non
2830 5114 3052 5178 propter
3076 5104 3350 5175 magnitu-

1773 5201 1933 5256 dines
1973 5198 2330 5267 circulorum,
2386 5200 2481 5256 sed
2523 5209 2747 5272 propter
2779 5199 3203 5270 inaequalitatem
3262 5211 3349 5250 se-

1773 5301 2137 5365 gmentorum,
2198 5294 2252 5348 in
2314 5295 2514 5365 quibus
2573 5295 2656 5350 sol
2722 5294 2889 5349 fertur
2939 5290 3079 5348 infra
3123 5299 3346 5354 terram,

1770 5392 1825 5438 et
1889 5398 2056 5454 supra
2132 5395 2369 5450 terram,
2431 5387 2488 5442 ﬁt
2549 5386 2888 5457 inaequalitas
2943 5385 3177 5440 dierum.
3253 5380 3347 5436 1η-

1770 5486 2048 5534 crementa
2129 5493 2261 5534 vero
2329 5459 2556 5536 dierum.
2605 5488 2660 5535 et
2729 5481 2968 5534 noctium
3036 5491 3146 5531 non
3221 5480 3349 5530 sunt

1771 5571 1828 5625 in
1892 5570 2150 5627 omnibus
2213 5571 2387 5643 signis
2445 5572 2713 5645 aequalia,
2781 5569 2875 5628 sed
2941 5571 3086 5625 circa
3141 5567 3348 5638 tropica
