  <div class='ocr_page' id='page_1' title='image "/cluster/home/n/w/nwhite01/storage/ocr_20150623/19/hvd.32044011362951/403.png"; bbox 0 0 3786 6368; ppageno 0'>
   <div class='ocr_carea' id='block_1_1' title="bbox 385 248 1954 312">
    <p class='ocr_par' dir='ltr' id='par_1_1' title="bbox 385 248 1954 312">
     <span class='ocr_line' id='line_1_1' title="bbox 385 248 1954 312; baseline -0.01 4"><span class='ocrx_word' id='word_1_1' title='bbox 385 248 468 302; x_wconf 68' lang='grc' dir='ltr'>ἴθι</span> <span class='ocrx_word' id='word_1_2' title='bbox 1367 256 1462 310; x_wconf 78' lang='lat' dir='ltr'><strong>AD</strong></span> <span class='ocrx_word' id='word_1_3' title='bbox 1500 252 1771 312; x_wconf 83' lang='lat' dir='ltr'><strong>EUSEBII</strong></span> <span class='ocrx_word' id='word_1_4' title='bbox 1803 251 1954 309; x_wconf 74' lang='lat' dir='ltr'><strong>cum</strong></span> 
     </span>
    </p>
   </div>
   <div class='ocr_carea' id='block_1_2' title="bbox 2100 248 2619 312">
    <p class='ocr_par' dir='ltr' id='par_1_2' title="bbox 2100 251 2619 309">
     <span class='ocr_line' id='line_1_2' title="bbox 2100 251 2619 309; baseline 0.002 -4"><span class='ocrx_word' id='word_1_5' title='bbox 2100 252 2199 308; x_wconf 66' lang='lat' dir='ltr'><strong>101V</strong></span> <span class='ocrx_word' id='word_1_6' title='bbox 2238 251 2619 309; x_wconf 56' lang='lat' dir='ltr'><strong>APPENDII.</strong></span> 
     </span>
    </p>
   </div>
   <div class='ocr_carea' id='block_1_3' title="bbox 3527 242 3627 303">
    <p class='ocr_par' dir='ltr' id='par_1_3' title="bbox 3527 242 3627 303">
     <span class='ocr_line' id='line_1_3' title="bbox 3527 242 3627 303; baseline 0 -3"><span class='ocrx_word' id='word_1_7' title='bbox 3527 242 3627 303; x_wconf 68' lang='grc' dir='ltr'><strong>πε</strong></span> 
     </span>
    </p>
   </div>
   <div class='ocr_carea' id='block_1_4' title="bbox 380 357 1954 440">
    <p class='ocr_par' dir='ltr' id='par_1_4' title="bbox 380 363 1949 438">
     <span class='ocr_line' id='line_1_4' title="bbox 380 363 1949 438; baseline 0.004 -24"><span class='ocrx_word' id='word_1_8' title='bbox 380 367 576 429; x_wconf 68' lang='lat' dir='ltr'><strong>puncta</strong></span> <span class='ocrx_word' id='word_1_9' title='bbox 631 363 856 419; x_wconf 77' lang='lat' dir='ltr'><strong>omnino</strong></span> <span class='ocrx_word' id='word_1_10' title='bbox 904 373 1033 420; x_wconf 82' lang='lat' dir='ltr'><strong>sunt</strong></span> <span class='ocrx_word' id='word_1_11' title='bbox 1084 381 1250 438; x_wconf 87' lang='lat' dir='ltr'><strong>par-va</strong></span> <span class='ocrx_word' id='word_1_12' title='bbox 1336 375 1498 438; x_wconf 85' lang='lat' dir='ltr'><strong>atque</strong></span> <span class='ocrx_word' id='word_1_13' title='bbox 1570 366 1949 422; x_wconf 79' lang='lat' dir='ltr'><strong>insensibilia:</strong></span> 
     </span>
    </p>
   </div>
   <div class='ocr_carea' id='block_1_5' title="bbox 2100 357 3627 440">
    <p class='ocr_par' dir='ltr' id='par_1_5' title="bbox 2100 357 3627 440">
     <span class='ocr_line' id='line_1_5' title="bbox 2100 357 3627 440; baseline -0.005 -20"><span class='ocrx_word' id='word_1_14' title='bbox 2100 367 2150 420; x_wconf 71' lang='grc' dir='ltr'><strong>αἱ</strong></span> <span class='ocrx_word' id='word_1_15' title='bbox 2181 367 2580 440; x_wconf 83' lang='grc' dir='ltr'>ἀνεπαίσθητοι·</span> <span class='ocrx_word' id='word_1_16' title='bbox 2600 376 2877 435; x_wconf 77' lang='grc' dir='ltr'>γίνονται-ο</span> <span class='ocrx_word' id='word_1_17' title='bbox 2905 361 3047 416; x_wconf 76' lang='grc' dir='ltr'>ὥστε</span> <span class='ocrx_word' id='word_1_18' title='bbox 3089 360 3275 432; x_wconf 80' lang='grc' dir='ltr'>σχεὸδν</span> <span class='ocrx_word' id='word_1_19' title='bbox 3303 360 3391 431; x_wconf 73' lang='grc' dir='ltr'><strong>ἐφ’</strong></span> <span class='ocrx_word' id='word_1_20' title='bbox 3419 357 3627 431; x_wconf 75' lang='grc' dir='ltr'>ἡμέρας</span> 
     </span>
    </p>
   </div>
   <div class='ocr_carea' id='block_1_6' title="bbox 383 445 1949 530">
    <p class='ocr_par' dir='ltr' id='par_1_6' title="bbox 383 445 1949 530">
     <span class='ocr_line' id='line_1_6' title="bbox 383 445 1949 530; baseline 0.003 -23"><span class='ocrx_word' id='word_1_21' title='bbox 383 452 480 523; x_wconf 78' lang='lat'><strong>[5</strong></span> <span class='ocrx_word' id='word_1_22' title='bbox 511 451 590 507; x_wconf 86' lang='lat' dir='ltr'><strong>ita</strong></span> <span class='ocrx_word' id='word_1_23' title='bbox 619 462 679 508; x_wconf 89' lang='lat' dir='ltr'><strong>nt</strong></span> <span class='ocrx_word' id='word_1_24' title='bbox 708 455 822 510; x_wconf 86' lang='lat' dir='ltr'><strong>fere</strong></span> <span class='ocrx_word' id='word_1_25' title='bbox 867 473 1040 529; x_wconf 90' lang='lat' dir='ltr'><strong>usque</strong></span> <span class='ocrx_word' id='word_1_26' title='bbox 1071 459 1139 514; x_wconf 88' lang='lat' dir='ltr'><strong>ad</strong></span> <span class='ocrx_word' id='word_1_27' title='bbox 1192 460 1310 514; x_wconf 84' lang='lat' dir='ltr'><strong>dies</strong></span> <span class='ocrx_word' id='word_1_28' title='bbox 1358 459 1716 530; x_wconf 84' lang='lat' dir='ltr'><strong>quadraginta</strong></span> <span class='ocrx_word' id='word_1_29' title='bbox 1757 445 1949 514; x_wconf 65' lang='lat' dir='ltr'><strong>eadem</strong></span> 
     </span>
    </p>
   </div>
   <div class='ocr_carea' id='block_1_7' title="bbox 381 545 1949 626">
    <p class='ocr_par' dir='ltr' id='par_1_7' title="bbox 381 545 1949 626">
     <span class='ocr_line' id='line_1_7' title="bbox 381 545 1949 626; baseline 0.004 -29"><span class='ocrx_word' id='word_1_30' title='bbox 381 545 698 616; x_wconf 86' lang='lat' dir='ltr'><strong>magnitudo</strong></span> <span class='ocrx_word' id='word_1_31' title='bbox 748 547 959 626; x_wconf 83' lang='lat' dir='ltr'><strong>dierum</strong></span> <span class='ocrx_word' id='word_1_32' title='bbox 1013 560 1067 606; x_wconf 90' lang='lat' dir='ltr'><strong>et</strong></span> <span class='ocrx_word' id='word_1_33' title='bbox 1123 552 1366 606; x_wconf 90' lang='lat' dir='ltr'><strong>noctium</strong></span> <span class='ocrx_word' id='word_1_34' title='bbox 1433 560 1768 623; x_wconf 77' lang='lat' dir='ltr'><strong>permaneat.</strong></span> <span class='ocrx_word' id='word_1_35' title='bbox 1810 549 1949 604; x_wconf 86' lang='lat' dir='ltr'><strong>Nam</strong></span> 
     </span>
    </p>
   </div>
   <div class='ocr_carea' id='block_1_8' title="bbox 2054 448 3630 527">
    <p class='ocr_par' dir='ltr' id='par_1_8' title="bbox 2054 448 3630 527">
     <span class='ocr_line' id='line_1_8' title="bbox 2054 448 3630 527; baseline -0.004 -16"><span class='ocrx_word' id='word_1_36' title='bbox 2054 464 2106 527; x_wconf 83' lang='grc' dir='ltr'><strong>μ’</strong></span> <span class='ocrx_word' id='word_1_37' title='bbox 2151 456 2261 527; x_wconf 70' lang='grc'>(25)</span> <span class='ocrx_word' id='word_1_38' title='bbox 2287 458 2349 510; x_wconf 85' lang='grc' dir='ltr'>τὸ</span> <span class='ocrx_word' id='word_1_39' title='bbox 2376 457 2510 512; x_wconf 79' lang='grc' dir='ltr'>αὐτὸ</span> <span class='ocrx_word' id='word_1_40' title='bbox 2546 454 2777 527; x_wconf 84' lang='grc' dir='ltr'>μέγεθος</span> <span class='ocrx_word' id='word_1_41' title='bbox 2819 452 2926 506; x_wconf 87' lang='grc' dir='ltr'><strong>τῶν</strong></span> <span class='ocrx_word' id='word_1_42' title='bbox 2969 450 3190 523; x_wconf 80' lang='grc' dir='ltr'>ἡμερῶν</span> <span class='ocrx_word' id='word_1_43' title='bbox 3237 448 3334 504; x_wconf 76' lang='grc' dir='ltr'>καὶ</span> <span class='ocrx_word' id='word_1_44' title='bbox 3381 449 3496 502; x_wconf 90' lang='grc' dir='ltr'><strong>τῶν</strong></span> <span class='ocrx_word' id='word_1_45' title='bbox 3542 468 3630 504; x_wconf 79' lang='grc' dir='ltr'>νυ-</span> 
     </span>
    </p>
   </div>
   <div class='ocr_carea' id='block_1_9' title="bbox 2053 542 3629 620">
    <p class='ocr_par' dir='ltr' id='par_1_9' title="bbox 2053 542 3629 620">
     <span class='ocr_line' id='line_1_9' title="bbox 2053 542 3629 620; baseline -0.004 -18"><span class='ocrx_word' id='word_1_46' title='bbox 2053 547 2196 602; x_wconf 90' lang='grc' dir='ltr'>κτῶν</span> <span class='ocrx_word' id='word_1_47' title='bbox 2227 549 2520 619; x_wconf 86' lang='grc' dir='ltr'>διαμένειν.</span> <span class='ocrx_word' id='word_1_48' title='bbox 2551 545 3066 620; x_wconf 86' lang='grc' dir='ltr'>Προσπορευόμενός</span> <span class='ocrx_word' id='word_1_49' title='bbox 3089 560 3149 596; x_wconf 90' lang='grc' dir='ltr'><strong>τε</strong></span> <span class='ocrx_word' id='word_1_50' title='bbox 3178 543 3316 614; x_wconf 84' lang='grc' dir='ltr'>γὰρ,</span> <span class='ocrx_word' id='word_1_51' title='bbox 3358 543 3454 596; x_wconf 77' lang='grc' dir='ltr'><strong>καὶ</strong></span> <span class='ocrx_word' id='word_1_52' title='bbox 3475 542 3629 596; x_wconf 86' lang='grc' dir='ltr'>πάλιν</span> 
     </span>
    </p>
   </div>
   <div class='ocr_carea' id='block_1_10' title="bbox 381 634 1954 716">
    <p class='ocr_par' dir='ltr' id='par_1_10' title="bbox 381 641 1950 716">
     <span class='ocr_line' id='line_1_10' title="bbox 381 641 1950 716; baseline 0.006 -25"><span class='ocrx_word' id='word_1_53' title='bbox 381 647 430 692; x_wconf 78' lang='lat' dir='ltr'><strong>et</strong></span> <span class='ocrx_word' id='word_1_54' title='bbox 481 641 772 706; x_wconf 86' lang='lat' dir='ltr'><strong>accedens,</strong></span> <span class='ocrx_word' id='word_1_55' title='bbox 822 651 877 699; x_wconf 89' lang='lat' dir='ltr'><strong>et</strong></span> <span class='ocrx_word' id='word_1_56' title='bbox 926 659 1120 700; x_wconf 82' lang='lat' dir='ltr'><strong>rursus</strong></span> <span class='ocrx_word' id='word_1_57' title='bbox 1172 644 1462 702; x_wconf 77' lang='lat' dir='ltr'><strong>discedens</strong></span> <span class='ocrx_word' id='word_1_58' title='bbox 1487 647 1572 703; x_wconf 90' lang='lat' dir='ltr'><strong>sol</strong></span> <span class='ocrx_word' id='word_1_59' title='bbox 1631 661 1662 700; x_wconf 92' lang='lat' dir='ltr'><strong>a</strong></span> <span class='ocrx_word' id='word_1_60' title='bbox 1720 643 1950 716; x_wconf 87' lang='lat' dir='ltr'><strong>tropicis</strong></span> 
     </span>
    </p>
   </div>
   <div class='ocr_carea' id='block_1_11' title="bbox 2100 634 3631 716">
    <p class='ocr_par' dir='ltr' id='par_1_11' title="bbox 2100 634 3631 713">
     <span class='ocr_line' id='line_1_11' title="bbox 2100 634 3631 713; baseline -0.006 -18"><span class='ocrx_word' id='word_1_61' title='bbox 2100 638 2758 713; x_wconf 73' lang='grc' dir='ltr'>ποχωρῶν-ἀπὸτροπικῶν</span> <span class='ocrx_word' id='word_1_62' title='bbox 2769 655 2835 709; x_wconf 90' lang='grc' dir='ltr'><strong>ση</strong></span> <span class='ocrx_word' id='word_1_63' title='bbox 2844 635 3028 708; x_wconf 89' lang='grc' dir='ltr'>μείων,</span> <span class='ocrx_word' id='word_1_64' title='bbox 3047 635 3275 707; x_wconf 84' lang='grc' dir='ltr'><strong>ἀδήλους</strong></span> <span class='ocrx_word' id='word_1_65' title='bbox 3290 637 3525 687; x_wconf 85' lang='grc' dir='ltr'>ποιεῖται</span> <span class='ocrx_word' id='word_1_66' title='bbox 3537 634 3631 698; x_wconf 77' lang='grc' dir='ltr'>τὰς</span> 
     </span>
    </p>
   </div>
   <div class='ocr_carea' id='block_1_12' title="bbox 383 731 1953 796">
    <p class='ocr_par' dir='ltr' id='par_1_12' title="bbox 383 731 1953 796">
     <span class='ocr_line' id='line_1_12' title="bbox 383 731 1953 796; baseline 0.004 -13"><span class='ocrx_word' id='word_1_67' title='bbox 383 731 617 796; x_wconf 86' lang='lat' dir='ltr'><strong>punctis,</strong></span> <span class='ocrx_word' id='word_1_68' title='bbox 656 732 827 788; x_wconf 91' lang='lat' dir='ltr'><strong>efﬁcit</strong></span> <span class='ocrx_word' id='word_1_69' title='bbox 872 733 1220 792; x_wconf 80' lang='lat' dir='ltr'><strong>insensibiles</strong></span> <span class='ocrx_word' id='word_1_70' title='bbox 1254 736 1558 792; x_wconf 87' lang='lat' dir='ltr'><strong>secundum</strong></span> <span class='ocrx_word' id='word_1_71' title='bbox 1604 735 1953 791; x_wconf 71' lang='lat' dir='ltr'><strong>latitudinem</strong></span> 
     </span>
    </p>
   </div>
   <div class='ocr_carea' id='block_1_13' title="bbox 384 827 1952 900">
    <p class='ocr_par' dir='ltr' id='par_1_13' title="bbox 384 827 1952 900">
     <span class='ocr_line' id='line_1_13' title="bbox 384 827 1952 900; baseline 0.006 -27"><span class='ocrx_word' id='word_1_72' title='bbox 384 834 659 890; x_wconf 77' lang='lat' dir='ltr'><strong>accessus,</strong></span> <span class='ocrx_word' id='word_1_73' title='bbox 685 832 746 878; x_wconf 92' lang='lat' dir='ltr'><strong>ut</strong></span> <span class='ocrx_word' id='word_1_74' title='bbox 777 827 1173 883; x_wconf 75' lang='lat' dir='ltr'><strong>convenienter</strong></span> <span class='ocrx_word' id='word_1_75' title='bbox 1190 843 1375 900; x_wconf 89' lang='lat' dir='ltr'><strong>usque</strong></span> <span class='ocrx_word' id='word_1_76' title='bbox 1392 828 1460 883; x_wconf 91' lang='lat' dir='ltr'><strong>ad</strong></span> <span class='ocrx_word' id='word_1_77' title='bbox 1491 829 1807 900; x_wconf 75' lang='lat' dir='ltr'><strong>praedictam</strong></span> <span class='ocrx_word' id='word_1_78' title='bbox 1831 827 1952 883; x_wconf 88' lang='lat' dir='ltr'><strong>die-</strong></span> 
     </span>
    </p>
   </div>
   <div class='ocr_carea' id='block_1_14' title="bbox 384 915 1950 989">
    <p class='ocr_par' dir='ltr' id='par_1_14' title="bbox 384 915 1950 989">
     <span class='ocr_line' id='line_1_14' title="bbox 384 915 1950 989; baseline 0.005 -24"><span class='ocrx_word' id='word_1_79' title='bbox 384 928 499 968; x_wconf 87' lang='lat' dir='ltr'><strong>rum</strong></span> <span class='ocrx_word' id='word_1_80' title='bbox 523 915 949 983; x_wconf 90' lang='lat' dir='ltr'><strong>multitudinem,</strong></span> <span class='ocrx_word' id='word_1_81' title='bbox 979 921 1160 989; x_wconf 87' lang='lat' dir='ltr'><strong>quoad</strong></span> <span class='ocrx_word' id='word_1_82' title='bbox 1197 937 1442 987; x_wconf 89' lang='lat' dir='ltr'><strong>sensum,</strong></span> <span class='ocrx_word' id='word_1_83' title='bbox 1475 922 1610 978; x_wconf 92' lang='lat' dir='ltr'><strong>solis</strong></span> <span class='ocrx_word' id='word_1_84' title='bbox 1641 935 1796 975; x_wconf 90' lang='lat' dir='ltr'><strong>mora</strong></span> <span class='ocrx_word' id='word_1_85' title='bbox 1839 921 1950 974; x_wconf 87' lang='lat' dir='ltr'><strong>fiat.</strong></span> 
     </span>
    </p>
   </div>
   <div class='ocr_carea' id='block_1_15' title="bbox 383 1006 1955 1078">
    <p class='ocr_par' dir='ltr' id='par_1_15' title="bbox 383 1006 1955 1078">
     <span class='ocr_line' id='line_1_15' title="bbox 383 1006 1955 1078; baseline 0.004 -19"><span class='ocrx_word' id='word_1_86' title='bbox 383 1006 551 1071; x_wconf 81' lang='lat' dir='ltr'><strong>Quam</strong></span> <span class='ocrx_word' id='word_1_87' title='bbox 585 1007 654 1062; x_wconf 90' lang='lat' dir='ltr'><strong>ob</strong></span> <span class='ocrx_word' id='word_1_88' title='bbox 687 1024 910 1064; x_wconf 82' lang='lat' dir='ltr'><strong>causam</strong></span> <span class='ocrx_word' id='word_1_89' title='bbox 939 1019 991 1066; x_wconf 90' lang='lat' dir='ltr'><strong>et</strong></span> <span class='ocrx_word' id='word_1_90' title='bbox 1024 1013 1248 1068; x_wconf 80' lang='lat' dir='ltr'><strong>maximi</strong></span> <span class='ocrx_word' id='word_1_91' title='bbox 1274 1022 1466 1078; x_wconf 66' lang='lat' dir='ltr'><strong>aestus,</strong></span> <span class='ocrx_word' id='word_1_92' title='bbox 1500 1021 1557 1069; x_wconf 87' lang='lat' dir='ltr'><strong>et</strong></span> <span class='ocrx_word' id='word_1_93' title='bbox 1590 1015 1829 1068; x_wconf 85' lang='lat' dir='ltr'><strong>maxima</strong></span> <span class='ocrx_word' id='word_1_94' title='bbox 1855 1013 1955 1066; x_wconf 83' lang='lat' dir='ltr'><strong>fri-</strong></span> 
     </span>
    </p>
   </div>
   <div class='ocr_carea' id='block_1_16' title="bbox 383 1101 1955 1168">
    <p class='ocr_par' dir='ltr' id='par_1_16' title="bbox 383 1101 1955 1168">
     <span class='ocr_line' id='line_1_16' title="bbox 383 1101 1955 1168; baseline 0.006 -20"><span class='ocrx_word' id='word_1_95' title='bbox 383 1113 510 1162; x_wconf 54' lang='lat' dir='ltr'><strong>gora</strong></span> <span class='ocrx_word' id='word_1_96' title='bbox 555 1109 678 1168; x_wconf 91' lang='lat' dir='ltr'><strong>post</strong></span> <span class='ocrx_word' id='word_1_97' title='bbox 717 1101 1108 1159; x_wconf 81' lang='lat' dir='ltr'><strong>conversiones</strong></span> <span class='ocrx_word' id='word_1_98' title='bbox 1151 1103 1308 1160; x_wconf 87' lang='lat' dir='ltr'><strong>ﬁunt.</strong></span> <span class='ocrx_word' id='word_1_99' title='bbox 1369 1103 1508 1160; x_wconf 91' lang='lat' dir='ltr'><strong>Cum</strong></span> <span class='ocrx_word' id='word_1_100' title='bbox 1559 1105 1706 1160; x_wconf 89' lang='lat' dir='ltr'><strong>enim</strong></span> <span class='ocrx_word' id='word_1_101' title='bbox 1753 1105 1840 1160; x_wconf 90' lang='lat' dir='ltr'><strong>bis</strong></span> <span class='ocrx_word' id='word_1_102' title='bbox 1886 1104 1955 1158; x_wconf 90' lang='lat' dir='ltr'><strong>ad</strong></span> 
     </span>
    </p>
   </div>
   <div class='ocr_carea' id='block_1_17' title="bbox 384 1190 1956 1264">
    <p class='ocr_par' dir='ltr' id='par_1_17' title="bbox 384 1190 1956 1264">
     <span class='ocr_line' id='line_1_17' title="bbox 384 1190 1956 1264; baseline 0.006 -21"><span class='ocrx_word' id='word_1_103' title='bbox 384 1190 626 1246; x_wconf 75' lang='lat' dir='ltr'><strong>eumdem</strong></span> <span class='ocrx_word' id='word_1_104' title='bbox 675 1192 854 1248; x_wconf 89' lang='lat' dir='ltr'><strong>locum</strong></span> <span class='ocrx_word' id='word_1_105' title='bbox 911 1196 1140 1251; x_wconf 82' lang='lat' dir='ltr'><strong>accedat</strong></span> <span class='ocrx_word' id='word_1_106' title='bbox 1180 1198 1465 1264; x_wconf 84' lang='lat' dir='ltr'><strong>continue,</strong></span> <span class='ocrx_word' id='word_1_107' title='bbox 1511 1209 1567 1256; x_wconf 90' lang='lat' dir='ltr'><strong>et</strong></span> <span class='ocrx_word' id='word_1_108' title='bbox 1601 1198 1956 1254; x_wconf 86' lang='lat' dir='ltr'><strong>insensibiles</strong></span> 
     </span>
    </p>
   </div>
   <div class='ocr_carea' id='block_1_18' title="bbox 383 1283 1956 1364">
    <p class='ocr_par' dir='ltr' id='par_1_18' title="bbox 383 1283 1956 1364">
     <span class='ocr_line' id='line_1_18' title="bbox 383 1283 1956 1364; baseline 0.006 -28"><span class='ocrx_word' id='word_1_109' title='bbox 383 1283 544 1338; x_wconf 87' lang='lat' dir='ltr'><strong>faciat</strong></span> <span class='ocrx_word' id='word_1_110' title='bbox 584 1299 864 1353; x_wconf 86' lang='lat' dir='ltr'><strong>accessus,</strong></span> <span class='ocrx_word' id='word_1_111' title='bbox 902 1297 958 1345; x_wconf 87' lang='lat' dir='ltr'><strong>et</strong></span> <span class='ocrx_word' id='word_1_112' title='bbox 984 1305 1262 1357; x_wconf 87' lang='lat' dir='ltr'><strong>recessus,</strong></span> <span class='ocrx_word' id='word_1_113' title='bbox 1296 1295 1688 1350; x_wconf 80' lang='lat' dir='ltr'><strong>convenienter</strong></span> <span class='ocrx_word' id='word_1_114' title='bbox 1735 1303 1956 1364; x_wconf 84' lang='lat' dir='ltr'><strong>propter</strong></span> 
     </span>
    </p>
   </div>
   <div class='ocr_carea' id='block_1_19' title="bbox 382 1379 1958 1458">
    <p class='ocr_par' dir='ltr' id='par_1_19' title="bbox 382 1379 1958 1458">
     <span class='ocr_line' id='line_1_19' title="bbox 382 1379 1958 1458; baseline 0.007 -29"><span class='ocrx_word' id='word_1_115' title='bbox 382 1392 584 1432; x_wconf 86' lang='lat' dir='ltr'><strong>moram</strong></span> <span class='ocrx_word' id='word_1_116' title='bbox 602 1379 656 1434; x_wconf 95' lang='lat' dir='ltr'><strong>in</strong></span> <span class='ocrx_word' id='word_1_117' title='bbox 676 1393 783 1436; x_wconf 89' lang='lat' dir='ltr'><strong>uno</strong></span> <span class='ocrx_word' id='word_1_118' title='bbox 812 1382 934 1437; x_wconf 88' lang='lat' dir='ltr'><strong>loco</strong></span> <span class='ocrx_word' id='word_1_119' title='bbox 951 1399 1098 1439; x_wconf 87' lang='lat' dir='ltr'><strong>nunc</strong></span> <span class='ocrx_word' id='word_1_120' title='bbox 1125 1393 1381 1450; x_wconf 69' lang='lat' dir='ltr'><strong>aestuum,</strong></span> <span class='ocrx_word' id='word_1_121' title='bbox 1406 1403 1554 1442; x_wconf 83' lang='lat' dir='ltr'><strong>nunc</strong></span> <span class='ocrx_word' id='word_1_122' title='bbox 1578 1386 1801 1458; x_wconf 80' lang='lat' dir='ltr'><strong>frigoris</strong></span> <span class='ocrx_word' id='word_1_123' title='bbox 1833 1387 1958 1442; x_wconf 85' lang='lat' dir='ltr'><strong>efﬁ-</strong></span> 
     </span>
    </p>
   </div>
   <div class='ocr_carea' id='block_1_20' title="bbox 383 1468 1959 1550">
    <p class='ocr_par' dir='ltr' id='par_1_20' title="bbox 383 1468 1959 1550">
     <span class='ocr_line' id='line_1_20' title="bbox 383 1468 1959 1550; baseline 0.006 -29"><span class='ocrx_word' id='word_1_124' title='bbox 383 1470 455 1522; x_wconf 90' lang='lat' dir='ltr'><strong>cit</strong></span> <span class='ocrx_word' id='word_1_125' title='bbox 485 1468 849 1529; x_wconf 90' lang='lat' dir='ltr'><strong>intensionem</strong></span> <span class='ocrx_word' id='word_1_126' title='bbox 866 1475 1004 1530; x_wconf 75' lang='lat' dir='ltr'><strong>:rhoc</strong></span> <span class='ocrx_word' id='word_1_127' title='bbox 1026 1485 1207 1537; x_wconf 87' lang='lat' dir='ltr'><strong>autem</strong></span> <span class='ocrx_word' id='word_1_128' title='bbox 1230 1478 1394 1532; x_wconf 89' lang='lat' dir='ltr'><strong>etiam</strong></span> <span class='ocrx_word' id='word_1_129' title='bbox 1412 1494 1477 1533; x_wconf 91' lang='lat' dir='ltr'><strong>ex</strong></span> <span class='ocrx_word' id='word_1_130' title='bbox 1495 1479 1862 1550; x_wconf 86' lang='lat' dir='ltr'><strong>gnomonibus</strong></span> <span class='ocrx_word' id='word_1_131' title='bbox 1876 1487 1959 1532; x_wconf 91' lang='lat' dir='ltr'><strong>est</strong></span> 
     </span>
    </p>
   </div>
   <div class='ocr_carea' id='block_1_21' title="bbox 384 1561 1960 1640">
    <p class='ocr_par' dir='ltr' id='par_1_21' title="bbox 384 1561 1960 1640">
     <span class='ocr_line' id='line_1_21' title="bbox 384 1561 1960 1640; baseline 0.006 -28"><span class='ocrx_word' id='word_1_132' title='bbox 384 1561 752 1620; x_wconf 74' lang='lat' dir='ltr'><strong>manifestum.</strong></span> <span class='ocrx_word' id='word_1_133' title='bbox 800 1565 936 1620; x_wconf 83' lang='lat' dir='ltr'><strong>Nam</strong></span> <span class='ocrx_word' id='word_1_134' title='bbox 977 1567 1300 1623; x_wconf 69' lang='lat' dir='ltr'><strong>extremitas</strong></span> <span class='ocrx_word' id='word_1_135' title='bbox 1340 1570 1550 1624; x_wconf 71' lang='lat' dir='ltr'><strong>umbra:</strong></span> <span class='ocrx_word' id='word_1_136' title='bbox 1587 1569 1644 1623; x_wconf 91' lang='lat' dir='ltr'><strong>in</strong></span> <span class='ocrx_word' id='word_1_137' title='bbox 1689 1582 1960 1640; x_wconf 80' lang='lat' dir='ltr'><strong>gnomone</strong></span> 
     </span>
    </p>
   </div>
   <div class='ocr_carea' id='block_1_22' title="bbox 383 1649 1954 1730">
    <p class='ocr_par' dir='ltr' id='par_1_22' title="bbox 383 1649 1954 1730">
     <span class='ocr_line' id='line_1_22' title="bbox 383 1649 1954 1730; baseline 0.006 -27"><span class='ocrx_word' id='word_1_138' title='bbox 383 1649 494 1706; x_wconf 86' lang='lat' dir='ltr'><strong>fere</strong></span> <span class='ocrx_word' id='word_1_139' title='bbox 520 1652 590 1707; x_wconf 88' lang='lat' dir='ltr'><strong>ad</strong></span> <span class='ocrx_word' id='word_1_140' title='bbox 616 1653 734 1710; x_wconf 90' lang='lat' dir='ltr'><strong>dies</strong></span> <span class='ocrx_word' id='word_1_141' title='bbox 756 1655 1119 1730; x_wconf 77' lang='lat' dir='ltr'><strong>quadraginta</strong></span> <span class='ocrx_word' id='word_1_142' title='bbox 1143 1667 1427 1728; x_wconf 88' lang='lat' dir='ltr'><strong>permanet</strong></span> <span class='ocrx_word' id='word_1_143' title='bbox 1450 1660 1505 1714; x_wconf 92' lang='lat' dir='ltr'><strong>in</strong></span> <span class='ocrx_word' id='word_1_144' title='bbox 1528 1659 1954 1730; x_wconf 89' lang='lat' dir='ltr'><strong>tr0picislineis.</strong></span> 
     </span>
    </p>
   </div>
   <div class='ocr_carea' id='block_1_23' title="bbox 384 1742 1955 1823">
    <p class='ocr_par' dir='ltr' id='par_1_23' title="bbox 384 1742 1955 1823">
     <span class='ocr_line' id='line_1_23' title="bbox 384 1742 1955 1823; baseline 0.004 -26"><span class='ocrx_word' id='word_1_145' title='bbox 384 1742 490 1798; x_wconf 87' lang='lat' dir='ltr'><strong>Sed</strong></span> <span class='ocrx_word' id='word_1_146' title='bbox 518 1745 665 1800; x_wconf 90' lang='lat' dir='ltr'><strong>circa</strong></span> <span class='ocrx_word' id='word_1_147' title='bbox 690 1749 1382 1819; x_wconf 74' lang='lat' dir='ltr'><strong>utrumqueazquinoctium</strong></span> <span class='ocrx_word' id='word_1_148' title='bbox 1399 1767 1596 1823; x_wconf 86' lang='lat' dir='ltr'><strong>magna</strong></span> <span class='ocrx_word' id='word_1_149' title='bbox 1619 1751 1955 1807; x_wconf 89' lang='lat' dir='ltr'><strong>incrementa</strong></span> 
     </span>
    </p>
   </div>
   <div class='ocr_carea' id='block_1_24' title="bbox 384 1835 1954 1912">
    <p class='ocr_par' dir='ltr' id='par_1_24' title="bbox 384 1835 1954 1912">
     <span class='ocr_line' id='line_1_24' title="bbox 384 1835 1954 1912; baseline 0.006 -26"><span class='ocrx_word' id='word_1_150' title='bbox 384 1835 591 1889; x_wconf 88' lang='lat' dir='ltr'><strong>dierum</strong></span> <span class='ocrx_word' id='word_1_151' title='bbox 628 1836 788 1904; x_wconf 88' lang='lat' dir='ltr'><strong>ﬁunt,</strong></span> <span class='ocrx_word' id='word_1_152' title='bbox 821 1847 883 1893; x_wconf 88' lang='lat' dir='ltr'><strong>ut</strong></span> <span class='ocrx_word' id='word_1_153' title='bbox 913 1854 1154 1909; x_wconf 88' lang='lat' dir='ltr'><strong>sequens</strong></span> <span class='ocrx_word' id='word_1_154' title='bbox 1185 1841 1305 1898; x_wconf 91' lang='lat' dir='ltr'><strong>dies</strong></span> <span class='ocrx_word' id='word_1_155' title='bbox 1335 1858 1366 1896; x_wconf 93' lang='lat' dir='ltr'><strong>a</strong></span> <span class='ocrx_word' id='word_1_156' title='bbox 1399 1843 1741 1912; x_wconf 64' lang='lat' dir='ltr'><strong>praecedente</strong></span> <span class='ocrx_word' id='word_1_157' title='bbox 1775 1842 1954 1897; x_wconf 83' lang='lat' dir='ltr'><strong>sensi-</strong></span> 
     </span>
    </p>
   </div>
   <div class='ocr_carea' id='block_1_25' title="bbox 384 1927 1958 2005">
    <p class='ocr_par' dir='ltr' id='par_1_25' title="bbox 384 1927 1958 2005">
     <span class='ocr_line' id='line_1_25' title="bbox 384 1927 1958 2005; baseline 0.008 -28"><span class='ocrx_word' id='word_1_158' title='bbox 384 1927 566 1981; x_wconf 82' lang='lat' dir='ltr'><strong>biliter</strong></span> <span class='ocrx_word' id='word_1_159' title='bbox 598 1929 789 1984; x_wconf 85' lang='lat' dir='ltr'><strong>variet.</strong></span> <span class='ocrx_word' id='word_1_160' title='bbox 823 1928 998 1997; x_wconf 84' lang='lat' dir='ltr'><strong>Quam</strong></span> <span class='ocrx_word' id='word_1_161' title='bbox 1020 1931 1090 1986; x_wconf 92' lang='lat' dir='ltr'><strong>ob</strong></span> <span class='ocrx_word' id='word_1_162' title='bbox 1110 1947 1336 1988; x_wconf 90' lang='lat' dir='ltr'><strong>causam</strong></span> <span class='ocrx_word' id='word_1_163' title='bbox 1365 1935 1422 1988; x_wconf 90' lang='lat' dir='ltr'><strong>in</strong></span> <span class='ocrx_word' id='word_1_164' title='bbox 1448 1933 1748 2005; x_wconf 81' lang='lat' dir='ltr'><strong>horologiis</strong></span> <span class='ocrx_word' id='word_1_165' title='bbox 1779 1942 1958 1990; x_wconf 75' lang='lat' dir='ltr'><strong>extre-</strong></span> 
     </span>
    </p>
   </div>
   <div class='ocr_carea' id='block_1_26' title="bbox 386 2016 1959 2096">
    <p class='ocr_par' dir='ltr' id='par_1_26' title="bbox 386 2016 1959 2096">
     <span class='ocr_line' id='line_1_26' title="bbox 386 2016 1959 2096; baseline 0.008 -29"><span class='ocrx_word' id='word_1_166' title='bbox 386 2016 549 2072; x_wconf 83' lang='lat' dir='ltr'><strong>mitas</strong></span> <span class='ocrx_word' id='word_1_167' title='bbox 566 2019 838 2076; x_wconf 67' lang='lat' dir='ltr'><strong>umbraein</strong></span> <span class='ocrx_word' id='word_1_168' title='bbox 857 2037 1127 2092; x_wconf 78' lang='lat' dir='ltr'><strong>gnomone</strong></span> <span class='ocrx_word' id='word_1_169' title='bbox 1137 2024 1580 2096; x_wconf 69' lang='lat' dir='ltr'><strong>abaequinoctiali</strong></span> <span class='ocrx_word' id='word_1_170' title='bbox 1595 2026 1959 2096; x_wconf 85' lang='lat' dir='ltr'><strong>circuloquo-</strong></span> 
     </span>
    </p>
   </div>
   <div class='ocr_carea' id='block_1_27' title="bbox 386 2105 1958 2185">
    <p class='ocr_par' dir='ltr' id='par_1_27' title="bbox 386 2105 1958 2185">
     <span class='ocr_line' id='line_1_27' title="bbox 386 2105 1958 2185; baseline 0.008 -27"><span class='ocrx_word' id='word_1_171' title='bbox 386 2105 518 2162; x_wconf 91' lang='lat' dir='ltr'><strong>tidie</strong></span> <span class='ocrx_word' id='word_1_172' title='bbox 533 2110 1318 2172; x_wconf 76' lang='lat' dir='ltr'><strong>sensibiles‘ellicitdistantias.</strong></span> <span class='ocrx_word' id='word_1_173' title='bbox 1338 2114 1629 2170; x_wconf 79' lang='lat' dir='ltr'><strong>Est‘autem</strong></span> <span class='ocrx_word' id='word_1_174' title='bbox 1655 2116 1958 2185; x_wconf 63' lang='lat' dir='ltr'><strong>causaginm-</strong></span> 
     </span>
    </p>
   </div>
   <div class='ocr_carea' id='block_1_28' title="bbox 386 2200 1957 2280">
    <p class='ocr_par' dir='ltr' id='par_1_28' title="bbox 386 2200 1957 2280">
     <span class='ocr_line' id='line_1_28' title="bbox 386 2200 1957 2280; baseline 0.007 -27"><span class='ocrx_word' id='word_1_175' title='bbox 386 2200 664 2269; x_wconf 83' lang='lat' dir='ltr'><strong>qualitatis</strong></span> <span class='ocrx_word' id='word_1_176' title='bbox 700 2212 756 2260; x_wconf 92' lang='lat' dir='ltr'><strong>et</strong></span> <span class='ocrx_word' id='word_1_177' title='bbox 780 2205 1106 2264; x_wconf 89' lang='lat' dir='ltr'><strong>incrementi</strong></span> <span class='ocrx_word' id='word_1_178' title='bbox 1142 2208 1358 2264; x_wconf 90' lang='lat' dir='ltr'><strong>dierum</strong></span> <span class='ocrx_word' id='word_1_179' title='bbox 1404 2209 1702 2280; x_wconf 85' lang='lat' dir='ltr'><strong>obliquitas</strong></span> <span class='ocrx_word' id='word_1_180' title='bbox 1746 2210 1957 2265; x_wconf 88' lang='lat' dir='ltr'><strong>zodiaci</strong></span> 
     </span>
    </p>
   </div>
   <div class='ocr_carea' id='block_1_29' title="bbox 387 2288 1957 2369">
    <p class='ocr_par' dir='ltr' id='par_1_29' title="bbox 387 2288 1957 2369">
     <span class='ocr_line' id='line_1_29' title="bbox 387 2288 1957 2369; baseline 0.007 -27"><span class='ocrx_word' id='word_1_181' title='bbox 387 2288 850 2366; x_wconf 78' lang='lat' dir='ltr'><strong>circuli.Attingit</strong></span> <span class='ocrx_word' id='word_1_182' title='bbox 867 2296 1012 2350; x_wconf 90' lang='lat' dir='ltr'><strong>enim</strong></span> <span class='ocrx_word' id='word_1_183' title='bbox 1032 2297 1272 2369; x_wconf 88' lang='lat' dir='ltr'><strong>tropicos</strong></span> <span class='ocrx_word' id='word_1_184' title='bbox 1301 2298 1561 2363; x_wconf 87' lang='lat' dir='ltr'><strong>circulos,</strong></span> <span class='ocrx_word' id='word_1_185' title='bbox 1581 2297 1716 2354; x_wconf 89' lang='lat' dir='ltr'><strong>etad</strong></span> <span class='ocrx_word' id='word_1_186' title='bbox 1733 2300 1957 2353; x_wconf 88' lang='lat' dir='ltr'><strong>multam</strong></span> 
     </span>
    </p>
   </div>
   <div class='ocr_carea' id='block_1_30' title="bbox 387 2379 1960 2454">
    <p class='ocr_par' dir='ltr' id='par_1_30' title="bbox 387 2379 1960 2454">
     <span class='ocr_line' id='line_1_30' title="bbox 387 2379 1960 2454; baseline 0.008 -22"><span class='ocrx_word' id='word_1_187' title='bbox 387 2379 784 2454; x_wconf 82' lang='lat' dir='ltr'><strong>longitudinem</strong></span> <span class='ocrx_word' id='word_1_188' title='bbox 838 2395 1129 2445; x_wconf 87' lang='lat' dir='ltr'><strong>contactus</strong></span> <span class='ocrx_word' id='word_1_189' title='bbox 1160 2405 1284 2448; x_wconf 87' lang='lat' dir='ltr'><strong>sese</strong></span> <span class='ocrx_word' id='word_1_190' title='bbox 1316 2389 1562 2446; x_wconf 78' lang='lat' dir='ltr'><strong>extendit</strong></span> <span class='ocrx_word' id='word_1_191' title='bbox 1594 2410 1607 2446; x_wconf 89' lang='lat'>:</span> <span class='ocrx_word' id='word_1_192' title='bbox 1636 2400 1694 2446; x_wconf 91' lang='lat' dir='ltr'><strong>ut</strong></span> <span class='ocrx_word' id='word_1_193' title='bbox 1725 2392 1779 2445; x_wconf 91' lang='lat' dir='ltr'><strong>in</strong></span> <span class='ocrx_word' id='word_1_194' title='bbox 1826 2392 1960 2446; x_wconf 89' lang='lat' dir='ltr'><strong>mul-</strong></span> 
     </span>
    </p>
   </div>
   <div class='ocr_carea' id='block_1_31' title="bbox 387 2471 1959 2551">
    <p class='ocr_par' dir='ltr' id='par_1_31' title="bbox 387 2471 1959 2551">
     <span class='ocr_line' id='line_1_31' title="bbox 387 2471 1959 2551; baseline 0.008 -28"><span class='ocrx_word' id='word_1_195' title='bbox 387 2473 460 2526; x_wconf 91' lang='lat' dir='ltr'><strong>tis</strong></span> <span class='ocrx_word' id='word_1_196' title='bbox 489 2471 628 2531; x_wconf 88' lang='lat' dir='ltr'><strong>locis</strong></span> <span class='ocrx_word' id='word_1_197' title='bbox 658 2490 823 2546; x_wconf 85' lang='lat' dir='ltr'><strong>parva</strong></span> <span class='ocrx_word' id='word_1_198' title='bbox 848 2477 922 2532; x_wconf 91' lang='lat' dir='ltr'><strong>sit</strong></span> <span class='ocrx_word' id='word_1_199' title='bbox 951 2479 1214 2534; x_wconf 89' lang='lat' dir='ltr'><strong>distantia</strong></span> <span class='ocrx_word' id='word_1_200' title='bbox 1261 2495 1294 2534; x_wconf 90' lang='lat' dir='ltr'><strong>a</strong></span> <span class='ocrx_word' id='word_1_201' title='bbox 1335 2480 1543 2535; x_wconf 86' lang='lat' dir='ltr'><strong>circulo</strong></span> <span class='ocrx_word' id='word_1_202' title='bbox 1578 2482 1810 2551; x_wconf 89' lang='lat' dir='ltr'><strong>tropico.</strong></span> <span class='ocrx_word' id='word_1_203' title='bbox 1878 2481 1959 2535; x_wconf 83' lang='lat' dir='ltr'><strong>Ex</strong></span> 
     </span>
    </p>
   </div>
   <div class='ocr_carea' id='block_1_32' title="bbox 387 2565 1957 2648">
    <p class='ocr_par' dir='ltr' id='par_1_32' title="bbox 387 2565 1957 2648">
     <span class='ocr_line' id='line_1_32' title="bbox 387 2565 1957 2648; baseline 0.007 -28"><span class='ocrx_word' id='word_1_204' title='bbox 387 2565 490 2622; x_wconf 88' lang='lat' dir='ltr'><strong>hoc</strong></span> <span class='ocrx_word' id='word_1_205' title='bbox 517 2569 684 2624; x_wconf 85' lang='lat' dir='ltr'><strong>etiam</strong></span> <span class='ocrx_word' id='word_1_206' title='bbox 719 2572 970 2643; x_wconf 89' lang='lat' dir='ltr'><strong>sequitur</strong></span> <span class='ocrx_word' id='word_1_207' title='bbox 1000 2574 1080 2646; x_wconf 71' lang='lat' dir='ltr'><strong>{ut</strong></span> <span class='ocrx_word' id='word_1_208' title='bbox 1115 2575 1344 2630; x_wconf 88' lang='lat' dir='ltr'><strong>mutatio</strong></span> <span class='ocrx_word' id='word_1_209' title='bbox 1389 2584 1801 2648; x_wconf 90' lang='lat' dir='ltr'><strong>segmentorum</strong></span> <span class='ocrx_word' id='word_1_210' title='bbox 1861 2592 1957 2631; x_wconf 89' lang='lat' dir='ltr'><strong>su-</strong></span> 
     </span>
    </p>
   </div>
   <div class='ocr_carea' id='block_1_33' title="bbox 385 2665 1962 2740">
    <p class='ocr_par' dir='ltr' id='par_1_33' title="bbox 385 2665 1962 2740">
     <span class='ocr_line' id='line_1_33' title="bbox 385 2665 1962 2740; baseline 0.006 -27"><span class='ocrx_word' id='word_1_211' title='bbox 385 2673 484 2729; x_wconf 87' lang='lat' dir='ltr'><strong>pra</strong></span> <span class='ocrx_word' id='word_1_212' title='bbox 513 2669 737 2731; x_wconf 88' lang='lat' dir='ltr'><strong>terram,</strong></span> <span class='ocrx_word' id='word_1_213' title='bbox 770 2665 826 2719; x_wconf 89' lang='lat' dir='ltr'><strong>in</strong></span> <span class='ocrx_word' id='word_1_214' title='bbox 866 2666 1070 2736; x_wconf 89' lang='lat' dir='ltr'><strong>quibus</strong></span> <span class='ocrx_word' id='word_1_215' title='bbox 1101 2667 1184 2722; x_wconf 91' lang='lat' dir='ltr'><strong>sol</strong></span> <span class='ocrx_word' id='word_1_216' title='bbox 1217 2665 1412 2733; x_wconf 89' lang='lat' dir='ltr'><strong>fertur,</strong></span> <span class='ocrx_word' id='word_1_217' title='bbox 1461 2683 1626 2738; x_wconf 82' lang='lat' dir='ltr'><strong>parva</strong></span> <span class='ocrx_word' id='word_1_218' title='bbox 1673 2677 1840 2740; x_wconf 91' lang='lat' dir='ltr'><strong>atque</strong></span> <span class='ocrx_word' id='word_1_219' title='bbox 1875 2669 1962 2722; x_wconf 87' lang='lat' dir='ltr'><strong>in-</strong></span> 
     </span>
    </p>
   </div>
   <div class='ocr_carea' id='block_1_34' title="bbox 385 2753 1963 2832">
    <p class='ocr_par' dir='ltr' id='par_1_34' title="bbox 385 2753 1963 2832">
     <span class='ocr_line' id='line_1_34' title="bbox 385 2753 1963 2832; baseline 0.008 -28"><span class='ocrx_word' id='word_1_220' title='bbox 385 2753 815 2824; x_wconf 81' lang='lat' dir='ltr'><strong>sensibilis&#39;liat,</strong></span> <span class='ocrx_word' id='word_1_221' title='bbox 846 2758 902 2814; x_wconf 94' lang='lat' dir='ltr'><strong>in</strong></span> <span class='ocrx_word' id='word_1_222' title='bbox 931 2760 1142 2815; x_wconf 86' lang='lat' dir='ltr'><strong>circulo</strong></span> <span class='ocrx_word' id='word_1_223' title='bbox 1170 2768 1353 2816; x_wconf 90' lang='lat' dir='ltr'><strong>autem</strong></span> <span class='ocrx_word' id='word_1_224' title='bbox 1380 2761 1755 2832; x_wconf 70' lang='lat' dir='ltr'><strong>aequinoctiali</strong></span> <span class='ocrx_word' id='word_1_225' title='bbox 1785 2764 1842 2815; x_wconf 90' lang='lat' dir='ltr'><strong>ﬁt</strong></span> <span class='ocrx_word' id='word_1_226' title='bbox 1874 2777 1963 2817; x_wconf 86' lang='lat' dir='ltr'><strong>se-</strong></span> 
     </span>
    </p>
   </div>
   <div class='ocr_carea' id='block_1_35' title="bbox 385 2846 1963 2924">
    <p class='ocr_par' dir='ltr' id='par_1_35' title="bbox 385 2846 1963 2924">
     <span class='ocr_line' id='line_1_35' title="bbox 385 2846 1963 2924; baseline 0.007 -26"><span class='ocrx_word' id='word_1_227' title='bbox 385 2846 500 2900; x_wconf 88' lang='lat' dir='ltr'><strong>ctio</strong></span> <span class='ocrx_word' id='word_1_228' title='bbox 549 2847 762 2904; x_wconf 86' lang='lat' dir='ltr'><strong>zodiaci</strong></span> <span class='ocrx_word' id='word_1_229' title='bbox 805 2849 1001 2906; x_wconf 90' lang='lat' dir='ltr'><strong>circuli</strong></span> <span class='ocrx_word' id='word_1_230' title='bbox 1053 2859 1109 2907; x_wconf 92' lang='lat' dir='ltr'><strong>et</strong></span> <span class='ocrx_word' id='word_1_231' title='bbox 1153 2853 1556 2924; x_wconf 71' lang='lat' dir='ltr'><strong>aequinoctialis</strong></span> <span class='ocrx_word' id='word_1_232' title='bbox 1591 2873 1603 2909; x_wconf 94' lang='lat'>:</span> <span class='ocrx_word' id='word_1_233' title='bbox 1641 2869 1671 2908; x_wconf 91' lang='lat' dir='ltr'><strong>a</strong></span> <span class='ocrx_word' id='word_1_234' title='bbox 1719 2854 1963 2910; x_wconf 87' lang='lat' dir='ltr'><strong>sectione</strong></span> 
     </span>
    </p>
   </div>
   <div class='ocr_carea' id='block_1_36' title="bbox 383 2939 1961 3017">
    <p class='ocr_par' dir='ltr' id='par_1_36' title="bbox 383 2939 1961 3017">
     <span class='ocr_line' id='line_1_36' title="bbox 383 2939 1961 3017; baseline 0.006 -25"><span class='ocrx_word' id='word_1_235' title='bbox 383 2939 672 2996; x_wconf 83' lang='lat' dir='ltr'><strong>inclinatio</strong></span> <span class='ocrx_word' id='word_1_236' title='bbox 695 2958 893 3000; x_wconf 89' lang='lat' dir='ltr'><strong>versus</strong></span> <span class='ocrx_word' id='word_1_237' title='bbox 924 2951 1217 3016; x_wconf 88' lang='lat' dir='ltr'><strong>utramque</strong></span> <span class='ocrx_word' id='word_1_238' title='bbox 1267 2955 1477 3017; x_wconf 87' lang='lat' dir='ltr'><strong>partem</strong></span> <span class='ocrx_word' id='word_1_239' title='bbox 1518 2961 1778 3017; x_wconf 85' lang='lat' dir='ltr'><strong>magnam.</strong></span> <span class='ocrx_word' id='word_1_240' title='bbox 1814 2946 1961 3001; x_wconf 88' lang='lat' dir='ltr'><strong>acci-</strong></span> 
     </span>
    </p>
   </div>
   <div class='ocr_carea' id='block_1_37' title="bbox 384 3031 2034 3133">
    <p class='ocr_par' dir='ltr' id='par_1_37' title="bbox 384 3031 2034 3133">
     <span class='ocr_line' id='line_1_37' title="bbox 384 3031 2034 3133; baseline 0.004 -49"><span class='ocrx_word' id='word_1_241' title='bbox 384 3032 466 3101; x_wconf 72' lang='lat' dir='ltr'><strong>pit</strong></span> <span class='ocrx_word' id='word_1_242' title='bbox 489 3031 557 3086; x_wconf 90' lang='lat' dir='ltr'><strong>ab</strong></span> <span class='ocrx_word' id='word_1_243' title='bbox 582 3033 952 3104; x_wconf 69' lang='lat' dir='ltr'><strong>aequinoctiali</strong></span> <span class='ocrx_word' id='word_1_244' title='bbox 981 3036 1326 3092; x_wconf 86' lang='lat' dir='ltr'><strong>distantiam.</strong></span> <span class='ocrx_word' id='word_1_245' title='bbox 1361 3037 1446 3092; x_wconf 79' lang='lat' dir='ltr'><strong>Ex</strong></span> <span class='ocrx_word' id='word_1_246' title='bbox 1476 3040 1580 3092; x_wconf 89' lang='lat' dir='ltr'><strong>hoc</strong></span> <span class='ocrx_word' id='word_1_247' title='bbox 1609 3037 1860 3108; x_wconf 85' lang='lat' dir='ltr'><strong>sequitur</strong></span> <span class='ocrx_word' id='word_1_248' title='bbox 1902 3045 1962 3092; x_wconf 92' lang='lat' dir='ltr'><strong>ut</strong></span> <span class='ocrx_word' id='word_1_249' title='bbox 1991 3076 2034 3133; x_wconf 64' lang='grc' dir='ltr'>Ο</span> 
     </span>
    </p>
   </div>
   <div class='ocr_carea' id='block_1_38' title="bbox 385 3121 1966 3199">
    <p class='ocr_par' dir='ltr' id='par_1_38' title="bbox 385 3121 1966 3199">
     <span class='ocr_line' id='line_1_38' title="bbox 385 3121 1966 3199; baseline 0.006 -26"><span class='ocrx_word' id='word_1_250' title='bbox 385 3121 552 3175; x_wconf 89' lang='lat' dir='ltr'><strong>etiam</strong></span> <span class='ocrx_word' id='word_1_251' title='bbox 581 3137 780 3194; x_wconf 85' lang='lat' dir='ltr'><strong>magna</strong></span> <span class='ocrx_word' id='word_1_252' title='bbox 804 3121 1019 3180; x_wconf 89' lang='lat' dir='ltr'><strong>dierum</strong></span> <span class='ocrx_word' id='word_1_253' title='bbox 1054 3124 1148 3179; x_wconf 84' lang='lat' dir='ltr'><strong>ﬁat</strong></span> <span class='ocrx_word' id='word_1_254' title='bbox 1182 3127 1433 3194; x_wconf 88' lang='lat' dir='ltr'><strong>mutatio,</strong></span> <span class='ocrx_word' id='word_1_255' title='bbox 1464 3135 1686 3198; x_wconf 83' lang='lat' dir='ltr'><strong>propter</strong></span> <span class='ocrx_word' id='word_1_256' title='bbox 1714 3144 1966 3199; x_wconf 80' lang='lat' dir='ltr'><strong>segmen-</strong></span> 
     </span>
    </p>
   </div>
   <div class='ocr_carea' id='block_1_39' title="bbox 385 3216 1968 3291">
    <p class='ocr_par' dir='ltr' id='par_1_39' title="bbox 385 3216 1968 3291">
     <span class='ocr_line' id='line_1_39' title="bbox 385 3216 1968 3291; baseline 0.005 -25"><span class='ocrx_word' id='word_1_257' title='bbox 385 3221 576 3268; x_wconf 86' lang='lat' dir='ltr'><strong>torum.</strong></span> <span class='ocrx_word' id='word_1_258' title='bbox 598 3229 911 3281; x_wconf 86' lang='lat' dir='ltr'><strong>excessum,</strong></span> <span class='ocrx_word' id='word_1_259' title='bbox 967 3216 1023 3272; x_wconf 89' lang='lat' dir='ltr'><strong>in</strong></span> <span class='ocrx_word' id='word_1_260' title='bbox 1049 3218 1250 3288; x_wconf 84' lang='lat' dir='ltr'><strong>quibus</strong></span> <span class='ocrx_word' id='word_1_261' title='bbox 1279 3218 1362 3275; x_wconf 93' lang='lat' dir='ltr'><strong>sol</strong></span> <span class='ocrx_word' id='word_1_262' title='bbox 1414 3219 1588 3274; x_wconf 85' lang='lat' dir='ltr'><strong>fertur</strong></span> <span class='ocrx_word' id='word_1_263' title='bbox 1621 3235 1786 3291; x_wconf 90' lang='lat' dir='ltr'><strong>supra</strong></span> <span class='ocrx_word' id='word_1_264' title='bbox 1826 3221 1968 3274; x_wconf 89' lang='lat' dir='ltr'><strong>hori-</strong></span> 
     </span>
    </p>
   </div>
   <div class='ocr_carea' id='block_1_40' title="bbox 388 3305 1967 3381">
    <p class='ocr_par' dir='ltr' id='par_1_40' title="bbox 388 3305 1967 3381">
     <span class='ocr_line' id='line_1_40' title="bbox 388 3305 1967 3381; baseline 0.005 -23"><span class='ocrx_word' id='word_1_265' title='bbox 388 3312 629 3361; x_wconf 73' lang='lat' dir='ltr'><strong>zontem.</strong></span> <span class='ocrx_word' id='word_1_266' title='bbox 661 3305 892 3378; x_wconf 89' lang='lat' dir='ltr'><strong>Propter</strong></span> <span class='ocrx_word' id='word_1_267' title='bbox 924 3308 1067 3364; x_wconf 90' lang='lat' dir='ltr'><strong>hanc</strong></span> <span class='ocrx_word' id='word_1_268' title='bbox 1107 3317 1288 3366; x_wconf 88' lang='lat' dir='ltr'><strong>autem</strong></span> <span class='ocrx_word' id='word_1_269' title='bbox 1335 3325 1558 3367; x_wconf 86' lang='lat' dir='ltr'><strong>causam</strong></span> <span class='ocrx_word' id='word_1_270' title='bbox 1604 3312 1749 3366; x_wconf 91' lang='lat' dir='ltr'><strong>circa</strong></span> <span class='ocrx_word' id='word_1_271' title='bbox 1796 3311 1967 3381; x_wconf 90' lang='lat' dir='ltr'><strong>tropi-</strong></span> 
     </span>
    </p>
   </div>
   <div class='ocr_carea' id='block_1_41' title="bbox 389 3398 1965 3473">
    <p class='ocr_par' dir='ltr' id='par_1_41' title="bbox 389 3398 1965 3473">
     <span class='ocr_line' id='line_1_41' title="bbox 389 3398 1965 3473; baseline 0.005 -23"><span class='ocrx_word' id='word_1_272' title='bbox 389 3411 493 3451; x_wconf 87' lang='lat' dir='ltr'><strong>cos</strong></span> <span class='ocrx_word' id='word_1_273' title='bbox 543 3398 782 3455; x_wconf 84' lang='lat' dir='ltr'><strong>circulos</strong></span> <span class='ocrx_word' id='word_1_274' title='bbox 822 3415 990 3470; x_wconf 89' lang='lat' dir='ltr'><strong>parva</strong></span> <span class='ocrx_word' id='word_1_275' title='bbox 1030 3409 1194 3473; x_wconf 91' lang='lat' dir='ltr'><strong>atque</strong></span> <span class='ocrx_word' id='word_1_276' title='bbox 1237 3404 1580 3460; x_wconf 89' lang='lat' dir='ltr'><strong>insensibilia</strong></span> <span class='ocrx_word' id='word_1_277' title='bbox 1627 3405 1965 3460; x_wconf 89' lang='lat' dir='ltr'><strong>incrementa</strong></span> 
     </span>
    </p>
   </div>
   <div class='ocr_carea' id='block_1_42' title="bbox 389 3487 1964 3564">
    <p class='ocr_par' dir='ltr' id='par_1_42' title="bbox 389 3487 1964 3564">
     <span class='ocr_line' id='line_1_42' title="bbox 389 3487 1964 3564; baseline 0.005 -24"><span class='ocrx_word' id='word_1_278' title='bbox 389 3487 604 3542; x_wconf 86' lang='lat' dir='ltr'><strong>dierum</strong></span> <span class='ocrx_word' id='word_1_279' title='bbox 651 3497 706 3544; x_wconf 91' lang='lat' dir='ltr'><strong>et</strong></span> <span class='ocrx_word' id='word_1_280' title='bbox 751 3491 995 3545; x_wconf 92' lang='lat' dir='ltr'><strong>noctium</strong></span> <span class='ocrx_word' id='word_1_281' title='bbox 1039 3492 1422 3564; x_wconf 90' lang='lat' dir='ltr'><strong>perﬁciuntur,</strong></span> <span class='ocrx_word' id='word_1_282' title='bbox 1456 3501 1511 3550; x_wconf 87' lang='lat' dir='ltr'><strong>et</strong></span> <span class='ocrx_word' id='word_1_283' title='bbox 1571 3493 1685 3550; x_wconf 89' lang='lat' dir='ltr'><strong>fere</strong></span> <span class='ocrx_word' id='word_1_284' title='bbox 1718 3495 1964 3550; x_wconf 89' lang='lat' dir='ltr'><strong>eamdem</strong></span> 
     </span>
    </p>
   </div>
   <div class='ocr_carea' id='block_1_43' title="bbox 389 3580 1967 3641">
    <p class='ocr_par' dir='ltr' id='par_1_43' title="bbox 389 3580 1967 3641">
     <span class='ocr_line' id='line_1_43' title="bbox 389 3580 1967 3641; baseline 0.003 -8"><span class='ocrx_word' id='word_1_285' title='bbox 389 3580 753 3637; x_wconf 88' lang='lat' dir='ltr'><strong>mutationem</strong></span> <span class='ocrx_word' id='word_1_286' title='bbox 785 3581 991 3638; x_wconf 87' lang='lat' dir='ltr'><strong>habent</strong></span> <span class='ocrx_word' id='word_1_287' title='bbox 1023 3583 1362 3641; x_wconf 88' lang='lat' dir='ltr'><strong>incrementa</strong></span> <span class='ocrx_word' id='word_1_288' title='bbox 1388 3604 1402 3639; x_wconf 86' lang='lat'><strong>:</strong></span> <span class='ocrx_word' id='word_1_289' title='bbox 1434 3594 1494 3640; x_wconf 93' lang='lat' dir='ltr'><strong>ut</strong></span> <span class='ocrx_word' id='word_1_290' title='bbox 1525 3587 1786 3640; x_wconf 91' lang='lat' dir='ltr'><strong>diurnum</strong></span> <span class='ocrx_word' id='word_1_291' title='bbox 1817 3586 1967 3639; x_wconf 88' lang='lat' dir='ltr'><strong>circa</strong></span> 
     </span>
    </p>
   </div>
   <div class='ocr_carea' id='block_1_44' title="bbox 388 3671 1968 3747">
    <p class='ocr_par' dir='ltr' id='par_1_44' title="bbox 388 3671 1968 3747">
     <span class='ocr_line' id='line_1_44' title="bbox 388 3671 1968 3747; baseline 0.004 -23"><span class='ocrx_word' id='word_1_292' title='bbox 388 3671 780 3741; x_wconf 64' lang='lat' dir='ltr'><strong>aequinoctium</strong></span> <span class='ocrx_word' id='word_1_293' title='bbox 825 3673 1220 3730; x_wconf 88' lang='lat' dir='ltr'><strong>incrementum</strong></span> <span class='ocrx_word' id='word_1_294' title='bbox 1284 3675 1399 3732; x_wconf 90' lang='lat' dir='ltr'><strong>fere</strong></span> <span class='ocrx_word' id='word_1_295' title='bbox 1455 3677 1722 3747; x_wconf 87' lang='lat' dir='ltr'><strong>nonagies</strong></span> <span class='ocrx_word' id='word_1_296' title='bbox 1753 3675 1824 3730; x_wconf 88' lang='lat' dir='ltr'><strong>sit</strong></span> <span class='ocrx_word' id='word_1_297' title='bbox 1852 3691 1968 3730; x_wconf 91' lang='lat' dir='ltr'><strong>ma-</strong></span> 
     </span>
    </p>
   </div>
   <div class='ocr_carea' id='block_1_45' title="bbox 385 3761 1964 3832">
    <p class='ocr_par' dir='ltr' id='par_1_45' title="bbox 385 3761 1964 3832">
     <span class='ocr_line' id='line_1_45' title="bbox 385 3761 1964 3832; baseline 0.002 -13"><span class='ocrx_word' id='word_1_298' title='bbox 385 3761 480 3832; x_wconf 73' lang='lat' dir='ltr'><strong>jus</strong></span> <span class='ocrx_word' id='word_1_299' title='bbox 509 3763 708 3818; x_wconf 90' lang='lat' dir='ltr'><strong>diurno</strong></span> <span class='ocrx_word' id='word_1_300' title='bbox 770 3764 918 3820; x_wconf 89' lang='lat' dir='ltr'><strong>circa</strong></span> <span class='ocrx_word' id='word_1_301' title='bbox 971 3767 1361 3825; x_wconf 85' lang='lat' dir='ltr'><strong>conversiones</strong></span> <span class='ocrx_word' id='word_1_302' title='bbox 1428 3770 1788 3824; x_wconf 87' lang='lat' dir='ltr'><strong>incremento.</strong></span> <span class='ocrx_word' id='word_1_303' title='bbox 1856 3767 1964 3822; x_wconf 85' lang='lat' dir='ltr'><strong>Ea-</strong></span> 
     </span>
    </p>
   </div>
   <div class='ocr_carea' id='block_1_46' title="bbox 390 3851 1968 3916">
    <p class='ocr_par' dir='ltr' id='par_1_46' title="bbox 390 3851 1968 3916">
     <span class='ocr_line' id='line_1_46' title="bbox 390 3851 1968 3916; baseline 0.003 -8"><span class='ocrx_word' id='word_1_304' title='bbox 390 3851 515 3908; x_wconf 89' lang='lat' dir='ltr'><strong>dem</strong></span> <span class='ocrx_word' id='word_1_305' title='bbox 549 3859 635 3910; x_wconf 88' lang='lat' dir='ltr'><strong>est</strong></span> <span class='ocrx_word' id='word_1_306' title='bbox 655 3855 794 3910; x_wconf 90' lang='lat' dir='ltr'><strong>ratio</strong></span> <span class='ocrx_word' id='word_1_307' title='bbox 819 3863 872 3910; x_wconf 91' lang='lat' dir='ltr'><strong>et</strong></span> <span class='ocrx_word' id='word_1_308' title='bbox 904 3857 956 3910; x_wconf 93' lang='lat' dir='ltr'><strong>in</strong></span> <span class='ocrx_word' id='word_1_309' title='bbox 979 3856 1192 3913; x_wconf 91' lang='lat' dir='ltr'><strong>diurnis</strong></span> <span class='ocrx_word' id='word_1_310' title='bbox 1242 3867 1298 3913; x_wconf 89' lang='lat' dir='ltr'><strong>et.</strong></span> <span class='ocrx_word' id='word_1_311' title='bbox 1337 3859 1394 3912; x_wconf 89' lang='lat' dir='ltr'><strong>in</strong></span> <span class='ocrx_word' id='word_1_312' title='bbox 1447 3857 1770 3913; x_wconf 89' lang='lat' dir='ltr'><strong>menstruis.</strong></span> <span class='ocrx_word' id='word_1_313' title='bbox 1818 3855 1968 3916; x_wconf 87' lang='lat' dir='ltr'><strong>Sem-</strong></span> 
     </span>
    </p>
   </div>
   <div class='ocr_carea' id='block_1_47' title="bbox 391 3945 1968 4019">
    <p class='ocr_par' dir='ltr' id='par_1_47' title="bbox 391 3945 1968 4019">
     <span class='ocr_line' id='line_1_47' title="bbox 391 3945 1968 4019; baseline 0.004 -22"><span class='ocrx_word' id='word_1_314' title='bbox 391 3959 489 4014; x_wconf 87' lang='lat' dir='ltr'><strong>per</strong></span> <span class='ocrx_word' id='word_1_315' title='bbox 513 3945 656 3999; x_wconf 87' lang='lat' dir='ltr'><strong>enim</strong></span> <span class='ocrx_word' id='word_1_316' title='bbox 682 3955 943 4016; x_wconf 90' lang='lat' dir='ltr'><strong>quantum</strong></span> <span class='ocrx_word' id='word_1_317' title='bbox 972 3947 1091 4004; x_wconf 91' lang='lat' dir='ltr'><strong>dies</strong></span> <span class='ocrx_word' id='word_1_318' title='bbox 1115 3959 1370 4019; x_wconf 84' lang='lat' dir='ltr'><strong>augetur,</strong></span> <span class='ocrx_word' id='word_1_319' title='bbox 1412 3954 1622 4006; x_wconf 82' lang='lat' dir='ltr'><strong>tantum</strong></span> <span class='ocrx_word' id='word_1_320' title='bbox 1661 3947 1826 4007; x_wconf 84' lang='lat' dir='ltr'><strong>etiam</strong></span> <span class='ocrx_word' id='word_1_321' title='bbox 1852 3962 1968 4004; x_wconf 86' lang='lat' dir='ltr'><strong>nox</strong></span> 
     </span>
    </p>
   </div>
   <div class='ocr_carea' id='block_1_48' title="bbox 392 4029 1967 4110">
    <p class='ocr_par' dir='ltr' id='par_1_48' title="bbox 392 4029 1967 4110">
     <span class='ocr_line' id='line_1_48' title="bbox 392 4029 1967 4110; baseline 0.004 -22"><span class='ocrx_word' id='word_1_322' title='bbox 392 4035 682 4094; x_wconf 82' lang='lat' dir='ltr'><strong>minuitur.</strong></span> <span class='ocrx_word' id='word_1_323' title='bbox 713 4037 878 4093; x_wconf 86' lang='lat' dir='ltr'><strong>Fiunt</strong></span> <span class='ocrx_word' id='word_1_324' title='bbox 905 4040 1052 4094; x_wconf 91' lang='lat' dir='ltr'><strong>enim</strong></span> <span class='ocrx_word' id='word_1_325' title='bbox 1083 4040 1202 4096; x_wconf 88' lang='lat' dir='ltr'><strong>dies</strong></span> <span class='ocrx_word' id='word_1_326' title='bbox 1221 4029 1485 4094; x_wconf 87' lang='lat' dir='ltr'><strong>noctibus</strong></span> <span class='ocrx_word' id='word_1_327' title='bbox 1516 4038 1752 4110; x_wconf 84' lang='lat' dir='ltr'><strong>majores</strong></span> <span class='ocrx_word' id='word_1_328' title='bbox 1779 4039 1838 4098; x_wconf 87' lang='lat' dir='ltr'><strong>in</strong></span> <span class='ocrx_word' id='word_1_329' title='bbox 1870 4054 1967 4095; x_wconf 92' lang='lat' dir='ltr'><strong>sex</strong></span> 
     </span>
    </p>
   </div>
   <div class='ocr_carea' id='block_1_49' title="bbox 392 4128 1966 4200">
    <p class='ocr_par' dir='ltr' id='par_1_49' title="bbox 392 4128 1966 4200">
     <span class='ocr_line' id='line_1_49' title="bbox 392 4128 1966 4200; baseline 0.003 -18"><span class='ocrx_word' id='word_1_330' title='bbox 392 4128 589 4200; x_wconf 80' lang='lat' dir='ltr'><strong>signis,</strong></span> <span class='ocrx_word' id='word_1_331' title='bbox 612 4129 817 4198; x_wconf 85' lang='lat' dir='ltr'><strong>Ariete,</strong></span> <span class='ocrx_word' id='word_1_332' title='bbox 847 4130 1052 4198; x_wconf 88' lang='lat' dir='ltr'><strong>Tauro,</strong></span> <span class='ocrx_word' id='word_1_333' title='bbox 1086 4131 1356 4196; x_wconf 89' lang='lat' dir='ltr'><strong>Geminis,</strong></span> <span class='ocrx_word' id='word_1_334' title='bbox 1399 4130 1639 4196; x_wconf 84' lang='lat' dir='ltr'><strong>Cancro,</strong></span> <span class='ocrx_word' id='word_1_335' title='bbox 1676 4130 1879 4199; x_wconf 87' lang='lat' dir='ltr'><strong>Leone,</strong></span> <span class='ocrx_word' id='word_1_336' title='bbox 1912 4140 1966 4188; x_wconf 91' lang='lat' dir='ltr'><strong>et</strong></span> 
     </span>
    </p>
   </div>
   <div class='ocr_carea' id='block_1_50' title="bbox 394 4218 1966 4296">
    <p class='ocr_par' dir='ltr' id='par_1_50' title="bbox 394 4218 1966 4296">
     <span class='ocr_line' id='line_1_50' title="bbox 394 4218 1966 4296; baseline 0.004 -23"><span class='ocrx_word' id='word_1_337' title='bbox 394 4218 638 4293; x_wconf 82' lang='lat' dir='ltr'><strong>Virgine,</strong></span> <span class='ocrx_word' id='word_1_338' title='bbox 682 4223 777 4294; x_wconf 90' lang='lat' dir='ltr'><strong>qui</strong></span> <span class='ocrx_word' id='word_1_339' title='bbox 817 4224 1199 4280; x_wconf 90' lang='lat' dir='ltr'><strong>semicirculus</strong></span> <span class='ocrx_word' id='word_1_340' title='bbox 1245 4223 1456 4280; x_wconf 88' lang='lat' dir='ltr'><strong>zodiaci</strong></span> <span class='ocrx_word' id='word_1_341' title='bbox 1503 4239 1535 4278; x_wconf 93' lang='lat' dir='ltr'><strong>a</strong></span> <span class='ocrx_word' id='word_1_342' title='bbox 1588 4225 1764 4294; x_wconf 90' lang='lat' dir='ltr'><strong>prima</strong></span> <span class='ocrx_word' id='word_1_343' title='bbox 1813 4233 1966 4296; x_wconf 88' lang='lat' dir='ltr'><strong>parte</strong></span> 
     </span>
    </p>
   </div>
   <div class='ocr_carea' id='block_1_51' title="bbox 390 4307 1966 4385">
    <p class='ocr_par' dir='ltr' id='par_1_51' title="bbox 390 4307 1966 4385">
     <span class='ocr_line' id='line_1_51' title="bbox 390 4307 1966 4385; baseline 0.006 -27"><span class='ocrx_word' id='word_1_344' title='bbox 390 4307 600 4363; x_wconf 74' lang='lat' dir='ltr'><strong>Arietis</strong></span> <span class='ocrx_word' id='word_1_345' title='bbox 624 4325 799 4380; x_wconf 92' lang='lat' dir='ltr'><strong>usque</strong></span> <span class='ocrx_word' id='word_1_346' title='bbox 828 4311 897 4365; x_wconf 92' lang='lat' dir='ltr'><strong>ad</strong></span> <span class='ocrx_word' id='word_1_347' title='bbox 945 4311 1284 4367; x_wconf 87' lang='lat' dir='ltr'><strong>tricesimam</strong></span> <span class='ocrx_word' id='word_1_348' title='bbox 1333 4324 1543 4383; x_wconf 90' lang='lat' dir='ltr'><strong>partem</strong></span> <span class='ocrx_word' id='word_1_349' title='bbox 1595 4311 1966 4385; x_wconf 11' lang='lat' dir='ltr'><strong>Virginislest</strong></span> 
     </span>
    </p>
   </div>
   <div class='ocr_carea' id='block_1_52' title="bbox 2056 727 3632 805">
    <p class='ocr_par' dir='ltr' id='par_1_52' title="bbox 2056 727 3632 805">
     <span class='ocr_line' id='line_1_52' title="bbox 2056 727 3632 805; baseline -0.006 -18"><span class='ocrx_word' id='word_1_350' title='bbox 2056 732 2200 787; x_wconf 85' lang='grc' dir='ltr'><strong>κατά</strong></span> <span class='ocrx_word' id='word_1_351' title='bbox 2237 733 2439 797; x_wconf 86' lang='grc' dir='ltr'>πλάτος</span> <span class='ocrx_word' id='word_1_352' title='bbox 2462 732 2729 805; x_wconf 82' lang='grc' dir='ltr'>παρόδους</span> <span class='ocrx_word' id='word_1_353' title='bbox 2747 748 2760 762; x_wconf 89' lang='grc'><strong>·</strong></span> <span class='ocrx_word' id='word_1_354' title='bbox 2787 730 2928 784; x_wconf 83' lang='grc' dir='ltr'>ὥστε</span> <span class='ocrx_word' id='word_1_355' title='bbox 2959 728 3196 797; x_wconf 82' lang='grc' dir='ltr'>εὐλόγως</span> <span class='ocrx_word' id='word_1_356' title='bbox 3227 730 3321 780; x_wconf 72' lang='grc' dir='ltr'><strong>ἐπί⁸</strong></span> <span class='ocrx_word' id='word_1_357' title='bbox 3357 727 3421 780; x_wconf 81' lang='grc' dir='ltr'>τὸ</span> <span class='ocrx_word' id='word_1_358' title='bbox 3447 743 3632 796; x_wconf 86' lang='grc' dir='ltr'>προει-</span> 
     </span>
    </p>
   </div>
   <div class='ocr_carea' id='block_1_53' title="bbox 2056 815 3631 898">
    <p class='ocr_par' dir='ltr' id='par_1_53' title="bbox 2056 815 3631 898">
     <span class='ocr_line' id='line_1_53' title="bbox 2056 815 3631 898; baseline -0.007 -19"><span class='ocrx_word' id='word_1_359' title='bbox 2056 826 2290 898; x_wconf 88' lang='grc' dir='ltr'>ρημένον</span> <span class='ocrx_word' id='word_1_360' title='bbox 2316 825 2520 898; x_wconf 84' lang='grc' dir='ltr'>πλῆθος</span> <span class='ocrx_word' id='word_1_361' title='bbox 2546 825 2654 879; x_wconf 87' lang='grc' dir='ltr'><strong>τῶν</strong></span> <span class='ocrx_word' id='word_1_362' title='bbox 2694 823 2914 896; x_wconf 76' lang='grc' dir='ltr'>ἡμερῶν</span> <span class='ocrx_word' id='word_1_363' title='bbox 2960 820 3226 892; x_wconf 80' lang='grc' dir='ltr'>ἐπιμονὴν</span> <span class='ocrx_word' id='word_1_364' title='bbox 3267 818 3344 883; x_wconf 84' lang='grc' dir='ltr'>ὼς</span> <span class='ocrx_word' id='word_1_365' title='bbox 3375 818 3515 889; x_wconf 77' lang='grc' dir='ltr'>πρὸς</span> <span class='ocrx_word' id='word_1_366' title='bbox 3547 815 3631 869; x_wconf 80' lang='grc' dir='ltr'>αί-</span> 
     </span>
    </p>
   </div>
   <div class='ocr_carea' id='block_1_54' title="bbox 2057 907 3633 991">
    <p class='ocr_par' dir='ltr' id='par_1_54' title="bbox 2057 907 3633 991">
     <span class='ocr_line' id='line_1_54' title="bbox 2057 907 3633 991; baseline -0.01 -17"><span class='ocrx_word' id='word_1_367' title='bbox 2057 919 2248 990; x_wconf 83' lang='grc' dir='ltr'>σθησιν</span> <span class='ocrx_word' id='word_1_368' title='bbox 2307 920 2435 991; x_wconf 75' lang='grc' dir='ltr'>περὶ</span> <span class='ocrx_word' id='word_1_369' title='bbox 2486 919 2581 973; x_wconf 81' lang='grc' dir='ltr'>τὸν</span> <span class='ocrx_word' id='word_1_370' title='bbox 2630 918 2793 971; x_wconf 81' lang='grc' dir='ltr'>τόπον</span> <span class='ocrx_word' id='word_1_371' title='bbox 2839 913 3084 985; x_wconf 85' lang='grc' dir='ltr'>γίνεσθαι</span> <span class='ocrx_word' id='word_1_372' title='bbox 3133 911 3211 982; x_wconf 84' lang='grc' dir='ltr'>τῷ</span> <span class='ocrx_word' id='word_1_373' title='bbox 3267 909 3431 981; x_wconf 82' lang='grc' dir='ltr'><strong>ἡλίῳ..</strong></span> <span class='ocrx_word' id='word_1_374' title='bbox 3461 909 3538 960; x_wconf 90' lang='grc' dir='ltr'><strong>Δι’</strong></span> <span class='ocrx_word' id='word_1_375' title='bbox 3569 907 3633 977; x_wconf 74' lang='grc' dir='ltr'>ἢν</span> 
     </span>
    </p>
   </div>
   <div class='ocr_carea' id='block_1_55' title="bbox 2055 997 3634 1082">
    <p class='ocr_par' dir='ltr' id='par_1_55' title="bbox 2055 997 3634 1082">
     <span class='ocr_line' id='line_1_55' title="bbox 2055 997 3634 1082; baseline -0.008 -18"><span class='ocrx_word' id='word_1_376' title='bbox 2055 1011 2234 1066; x_wconf 78' lang='grc' dir='ltr'><strong>αἰτίαν</strong></span> <span class='ocrx_word' id='word_1_377' title='bbox 2262 1012 2357 1066; x_wconf 60' lang='grc' dir='ltr'><strong>καί⁵</strong></span> <span class='ocrx_word' id='word_1_378' title='bbox 2379 1011 2448 1066; x_wconf 87' lang='grc' dir='ltr'><strong>τὰ</strong></span> <span class='ocrx_word' id='word_1_379' title='bbox 2473 1012 2704 1082; x_wconf 86' lang='grc' dir='ltr'>μέγιστα</span> <span class='ocrx_word' id='word_1_380' title='bbox 2724 1007 2984 1079; x_wconf 79' lang='grc' dir='ltr'><strong>καύματα</strong></span> <span class='ocrx_word' id='word_1_381' title='bbox 3011 1002 3195 1059; x_wconf 76' lang='grc' dir='ltr'>καὶτὰ</span> <span class='ocrx_word' id='word_1_382' title='bbox 3225 1001 3462 1073; x_wconf 83' lang='grc' dir='ltr'>μέγιστα</span> <span class='ocrx_word' id='word_1_383' title='bbox 3491 997 3634 1070; x_wconf 73' lang='grc' dir='ltr'>ψύχη</span> 
     </span>
    </p>
   </div>
   <div class='ocr_carea' id='block_1_56' title="bbox 2056 1092 3634 1177">
    <p class='ocr_par' dir='ltr' id='par_1_56' title="bbox 2056 1092 3634 1177">
     <span class='ocr_line' id='line_1_56' title="bbox 2056 1092 3634 1177; baseline -0.01 -18"><span class='ocrx_word' id='word_1_384' title='bbox 2056 1105 2196 1159; x_wconf 85' lang='grc' dir='ltr'><strong>κατά</strong></span> <span class='ocrx_word' id='word_1_385' title='bbox 2229 1106 2326 1169; x_wconf 90' lang='grc' dir='ltr'><strong>τάς</strong></span> <span class='ocrx_word' id='word_1_386' title='bbox 2373 1104 2582 1177; x_wconf 76' lang='grc' dir='ltr'>τροπὰς</span> <span class='ocrx_word' id='word_1_387' title='bbox 2627 1103 2836 1172; x_wconf 77' lang='grc' dir='ltr'>γίνεται</span> <span class='ocrx_word' id='word_1_388' title='bbox 2873 1097 3006 1171; x_wconf 72' lang='grc'>(26).</span> <span class='ocrx_word' id='word_1_389' title='bbox 3046 1099 3137 1161; x_wconf 71' lang='grc' dir='ltr'><strong>Δὶς</strong></span> <span class='ocrx_word' id='word_1_390' title='bbox 3193 1095 3302 1166; x_wconf 88' lang='grc' dir='ltr'>γὰρ</span> <span class='ocrx_word' id='word_1_391' title='bbox 3346 1093 3511 1156; x_wconf 75' lang='grc' dir='ltr'>αὐτὸς</span> <span class='ocrx_word' id='word_1_392' title='bbox 3548 1092 3634 1144; x_wconf 74' lang='grc' dir='ltr'>τὸν</span> 
     </span>
    </p>
   </div>
   <div class='ocr_carea' id='block_1_57' title="bbox 2056 1181 3636 1261">
    <p class='ocr_par' dir='ltr' id='par_1_57' title="bbox 2056 1181 3636 1261">
     <span class='ocr_line' id='line_1_57' title="bbox 2056 1181 3636 1261; baseline -0.008 -15"><span class='ocrx_word' id='word_1_393' title='bbox 2056 1194 2216 1247; x_wconf 81' lang='grc' dir='ltr'>αὐτὸν</span> <span class='ocrx_word' id='word_1_394' title='bbox 2255 1194 2394 1248; x_wconf 84' lang='grc' dir='ltr'><strong>κατά</strong></span> <span class='ocrx_word' id='word_1_395' title='bbox 2429 1193 2500 1246; x_wconf 52' lang='grc' dir='ltr'><strong>τὸν</strong></span> <span class='ocrx_word' id='word_1_396' title='bbox 2541 1191 2761 1261; x_wconf 79' lang='grc' dir='ltr'>συνεχὲς</span> <span class='ocrx_word' id='word_1_397' title='bbox 2805 1186 3264 1259; x_wconf 87' lang='grc' dir='ltr'>ἐπιπορευόμενος</span> <span class='ocrx_word' id='word_1_398' title='bbox 3308 1181 3498 1247; x_wconf 87' lang='grc' dir='ltr'>τόπον,</span> <span class='ocrx_word' id='word_1_399' title='bbox 3547 1181 3636 1233; x_wconf 75' lang='grc' dir='ltr'><strong>καὶ</strong></span> 
     </span>
    </p>
   </div>
   <div class='ocr_carea' id='block_1_58' title="bbox 2057 1273 3636 1358">
    <p class='ocr_par' dir='ltr' id='par_1_58' title="bbox 2057 1273 3636 1358">
     <span class='ocr_line' id='line_1_58' title="bbox 2057 1273 3636 1358; baseline -0.01 -18"><span class='ocrx_word' id='word_1_400' title='bbox 2057 1285 2156 1349; x_wconf 86' lang='grc' dir='ltr'>τὰς</span> <span class='ocrx_word' id='word_1_401' title='bbox 2188 1285 2504 1358; x_wconf 81' lang='grc' dir='ltr'>προσόδους,</span> <span class='ocrx_word' id='word_1_402' title='bbox 2535 1284 2630 1338; x_wconf 72' lang='grc' dir='ltr'><strong>κα)¹</strong></span> <span class='ocrx_word' id='word_1_403' title='bbox 2657 1283 2756 1346; x_wconf 78' lang='grc' dir='ltr'><strong>τὰς</strong></span> <span class='ocrx_word' id='word_1_404' title='bbox 2791 1280 3168 1351; x_wconf 79' lang='grc' dir='ltr'><strong>ἀποχωρήσεις</strong></span> <span class='ocrx_word' id='word_1_405' title='bbox 3203 1275 3416 1346; x_wconf 78' lang='grc' dir='ltr'>ἀδήλως</span> <span class='ocrx_word' id='word_1_406' title='bbox 3453 1273 3636 1326; x_wconf 77' lang='grc' dir='ltr'>ποιού-</span> 
     </span>
    </p>
   </div>
   <div class='ocr_carea' id='block_1_59' title="bbox 2061 1365 3638 1450">
    <p class='ocr_par' dir='ltr' id='par_1_59' title="bbox 2061 1365 3638 1450">
     <span class='ocr_line' id='line_1_59' title="bbox 2061 1365 3638 1450; baseline -0.007 -21"><span class='ocrx_word' id='word_1_407' title='bbox 2061 1396 2239 1450; x_wconf 79' lang='grc' dir='ltr'>μενος,</span> <span class='ocrx_word' id='word_1_408' title='bbox 2271 1378 2507 1446; x_wconf 79' lang='grc' dir='ltr'>εὐλόγως</span> <span class='ocrx_word' id='word_1_409' title='bbox 2539 1380 2604 1430; x_wconf 87' lang='grc' dir='ltr'>ὲκ</span> <span class='ocrx_word' id='word_1_410' title='bbox 2632 1375 2732 1445; x_wconf 86' lang='grc' dir='ltr'>τῆς</span> <span class='ocrx_word' id='word_1_411' title='bbox 2777 1373 2914 1447; x_wconf 81' lang='grc' dir='ltr'>πρὸς</span> <span class='ocrx_word' id='word_1_412' title='bbox 2945 1373 3041 1425; x_wconf 74' lang='grc' dir='ltr'>ἕνα</span> <span class='ocrx_word' id='word_1_413' title='bbox 3064 1370 3227 1423; x_wconf 85' lang='grc' dir='ltr'>τόπον</span> <span class='ocrx_word' id='word_1_414' title='bbox 3254 1367 3526 1439; x_wconf 75' lang='grc' dir='ltr'>ἐπιμονῆς</span> <span class='ocrx_word' id='word_1_415' title='bbox 3551 1365 3638 1418; x_wconf 67' lang='grc' dir='ltr'><strong>ὁτὲ</strong></span> 
     </span>
    </p>
   </div>
   <div class='ocr_carea' id='block_1_60' title="bbox 2061 1459 3637 1542">
    <p class='ocr_par' dir='ltr' id='par_1_60' title="bbox 2061 1459 3637 1542">
     <span class='ocr_line' id='line_1_60' title="bbox 2061 1459 3637 1542; baseline -0.011 -16"><span class='ocrx_word' id='word_1_416' title='bbox 2061 1472 2158 1542; x_wconf 85' lang='grc' dir='ltr'><strong>μὲν</strong></span> <span class='ocrx_word' id='word_1_417' title='bbox 2206 1469 2317 1524; x_wconf 88' lang='grc' dir='ltr'><strong>τῶν</strong></span> <span class='ocrx_word' id='word_1_418' title='bbox 2366 1467 2686 1540; x_wconf 80' lang='grc' dir='ltr'><strong>καυμάτων,</strong></span> <span class='ocrx_word' id='word_1_419' title='bbox 2734 1467 2824 1520; x_wconf 81' lang='grc' dir='ltr'><strong>ὁτὲ</strong></span> <span class='ocrx_word' id='word_1_420' title='bbox 2881 1465 2938 1519; x_wconf 83' lang='grc' dir='ltr'>δὲ</span> <span class='ocrx_word' id='word_1_421' title='bbox 2987 1463 3080 1516; x_wconf 90' lang='grc' dir='ltr'><strong>τοῦ</strong></span> <span class='ocrx_word' id='word_1_422' title='bbox 3133 1461 3339 1532; x_wconf 77' lang='grc' dir='ltr'>ψύχους</span> <span class='ocrx_word' id='word_1_423' title='bbox 3392 1459 3637 1512; x_wconf 76' lang='grc' dir='ltr'>ἐπίτασιν</span> 
     </span>
    </p>
   </div>
   <div class='ocr_carea' id='block_1_61' title="bbox 2059 1551 3636 1634">
    <p class='ocr_par' dir='ltr' id='par_1_61' title="bbox 2059 1551 3636 1634">
     <span class='ocr_line' id='line_1_61' title="bbox 2059 1551 3636 1634; baseline -0.007 -17"><span class='ocrx_word' id='word_1_424' title='bbox 2059 1566 2312 1619; x_wconf 85' lang='grc' dir='ltr'>ποιεῖται.</span> <span class='ocrx_word' id='word_1_425' title='bbox 2341 1560 2611 1634; x_wconf 81' lang='grc' dir='ltr'>Πρόδηλον</span> <span class='ocrx_word' id='word_1_426' title='bbox 2639 1560 2696 1614; x_wconf 84' lang='grc' dir='ltr'>δὲ</span> <span class='ocrx_word' id='word_1_427' title='bbox 2729 1557 2886 1614; x_wconf 80' lang='grc' dir='ltr'>τοῦτο</span> <span class='ocrx_word' id='word_1_428' title='bbox 2919 1556 3016 1610; x_wconf 70' lang='grc' dir='ltr'>καὶ</span> <span class='ocrx_word' id='word_1_429' title='bbox 3053 1557 3119 1608; x_wconf 87' lang='grc' dir='ltr'><strong>ἐκ</strong></span> <span class='ocrx_word' id='word_1_430' title='bbox 3157 1553 3264 1606; x_wconf 88' lang='grc' dir='ltr'><strong>τῶν</strong></span> <span class='ocrx_word' id='word_1_431' title='bbox 3307 1551 3636 1622; x_wconf 77' lang='grc' dir='ltr'>ὡρολογίων.</span> 
     </span>
    </p>
   </div>
   <div class='ocr_carea' id='block_1_62' title="bbox 2060 1641 3636 1725">
    <p class='ocr_par' dir='ltr' id='par_1_62' title="bbox 2060 1641 3636 1725">
     <span class='ocr_line' id='line_1_62' title="bbox 2060 1641 3636 1725; baseline -0.009 -18"><span class='ocrx_word' id='word_1_432' title='bbox 2060 1655 2133 1707; x_wconf 84' lang='grc' dir='ltr'>Τὸ</span> <span class='ocrx_word' id='word_1_433' title='bbox 2164 1654 2274 1725; x_wconf 79' lang='grc' dir='ltr'><strong>γὰρ</strong></span> <span class='ocrx_word' id='word_1_434' title='bbox 2320 1653 2492 1725; x_wconf 81' lang='grc' dir='ltr'>ἄκρον</span> <span class='ocrx_word' id='word_1_435' title='bbox 2537 1651 2640 1722; x_wconf 77' lang='grc' dir='ltr'>τῆς</span> <span class='ocrx_word' id='word_1_436' title='bbox 2675 1646 3083 1718; x_wconf 58' lang='grc' dir='ltr'>τοῦηγνώμονος</span> <span class='ocrx_word' id='word_1_437' title='bbox 3128 1647 3286 1707; x_wconf 80' lang='grc' dir='ltr'>σκιᾶς</span> <span class='ocrx_word' id='word_1_438' title='bbox 3329 1641 3518 1713; x_wconf 84' lang='grc' dir='ltr'>σχεδὸν</span> <span class='ocrx_word' id='word_1_439' title='bbox 3556 1642 3636 1709; x_wconf 75' lang='grc' dir='ltr'>ἐφ’</span> 
     </span>
    </p>
   </div>
   <div class='ocr_carea' id='block_1_63' title="bbox 2057 1735 3641 1817">
    <p class='ocr_par' dir='ltr' id='par_1_63' title="bbox 2057 1735 3641 1817">
     <span class='ocr_line' id='line_1_63' title="bbox 2057 1735 3641 1817; baseline -0.009 -18"><span class='ocrx_word' id='word_1_440' title='bbox 2057 1746 2268 1817; x_wconf 86' lang='grc' dir='ltr'>ἡμέρας</span> <span class='ocrx_word' id='word_1_441' title='bbox 2289 1746 2357 1817; x_wconf 84' lang='grc' dir='ltr'><strong>’μ’</strong></span> <span class='ocrx_word' id='word_1_442' title='bbox 2391 1744 2640 1816; x_wconf 83' lang='grc' dir='ltr'>ἐπιμένει</span> <span class='ocrx_word' id='word_1_443' title='bbox 2670 1745 2788 1807; x_wconf 85' lang='grc' dir='ltr'>ταῖς</span> <span class='ocrx_word' id='word_1_444' title='bbox 2820 1741 3109 1813; x_wconf 84' lang='grc' dir='ltr'>τροπικαῖς</span> <span class='ocrx_word' id='word_1_445' title='bbox 3157 1738 3465 1808; x_wconf 81' lang='grc' dir='ltr'><strong>γραμμαῖς.</strong></span> <span class='ocrx_word' id='word_1_446' title='bbox 3509 1735 3641 1806; x_wconf 81' lang='grc' dir='ltr'>Περὶ</span> 
     </span>
    </p>
   </div>
   <div class='ocr_carea' id='block_1_64' title="bbox 2055 1825 3641 1909">
    <p class='ocr_par' dir='ltr' id='par_1_64' title="bbox 2055 1825 3641 1909">
     <span class='ocr_line' id='line_1_64' title="bbox 2055 1825 3641 1909; baseline -0.006 -20"><span class='ocrx_word' id='word_1_447' title='bbox 2055 1837 2112 1891; x_wconf 85' lang='grc' dir='ltr'>δὲ</span> <span class='ocrx_word' id='word_1_448' title='bbox 2140 1837 2237 1901; x_wconf 81' lang='grc' dir='ltr'><strong>τὰς</strong></span> <span class='ocrx_word' id='word_1_449' title='bbox 2283 1835 2572 1909; x_wconf 78' lang='grc' dir='ltr'>ἰσημερίας</span> <span class='ocrx_word' id='word_1_450' title='bbox 2611 1834 2876 1904; x_wconf 80' lang='grc' dir='ltr'>ἑκατέρας</span> <span class='ocrx_word' id='word_1_451' title='bbox 2909 1829 3144 1902; x_wconf 83' lang='grc' dir='ltr'>μεγάλαι</span> <span class='ocrx_word' id='word_1_452' title='bbox 3180 1829 3238 1884; x_wconf 78' lang='grc' dir='ltr'>αἱ</span> <span class='ocrx_word' id='word_1_453' title='bbox 3267 1825 3641 1901; x_wconf 83' lang='grc' dir='ltr'>παραυξήσεις</span> 
     </span>
    </p>
   </div>
   <div class='ocr_carea' id='block_1_65' title="bbox 2056 1917 3642 1998">
    <p class='ocr_par' dir='ltr' id='par_1_65' title="bbox 2056 1917 3642 1998">
     <span class='ocr_line' id='line_1_65' title="bbox 2056 1917 3642 1998; baseline -0.008 -18"><span class='ocrx_word' id='word_1_454' title='bbox 2056 1927 2162 1980; x_wconf 87' lang='grc' dir='ltr'><strong>τῶν</strong></span> <span class='ocrx_word' id='word_1_455' title='bbox 2191 1927 2410 1998; x_wconf 84' lang='grc' dir='ltr'>ἡμερῶν</span> <span class='ocrx_word' id='word_1_456' title='bbox 2454 1925 2727 1995; x_wconf 75' lang='grc' dir='ltr'>γίνονταιο</span> <span class='ocrx_word' id='word_1_457' title='bbox 2774 1923 2914 1975; x_wconf 85' lang='grc' dir='ltr'>ὥστε</span> <span class='ocrx_word' id='word_1_458' title='bbox 2972 1920 3072 1992; x_wconf 83' lang='grc' dir='ltr'>τὴν</span> <span class='ocrx_word' id='word_1_459' title='bbox 3123 1917 3388 1990; x_wconf 76' lang='grc' dir='ltr'>ἐχομένην</span> <span class='ocrx_word' id='word_1_460' title='bbox 3433 1917 3642 1988; x_wconf 69' lang='grc' dir='ltr'>ἡμέραν</span> 
     </span>
    </p>
   </div>
   <div class='ocr_carea' id='block_1_66' title="bbox 2055 2009 3648 2092">
    <p class='ocr_par' dir='ltr' id='par_1_66' title="bbox 2055 2009 3648 2092">
     <span class='ocr_line' id='line_1_66' title="bbox 2055 2009 3648 2092; baseline -0.006 -21"><span class='ocrx_word' id='word_1_461' title='bbox 2055 2018 2157 2088; x_wconf 79' lang='grc' dir='ltr'>τῆς</span> <span class='ocrx_word' id='word_1_462' title='bbox 2202 2019 2619 2092; x_wconf 79' lang='grc' dir='ltr'>προηγουμένης</span> <span class='ocrx_word' id='word_1_463' title='bbox 2669 2014 2941 2088; x_wconf 75' lang='grc' dir='ltr'>αἰσθητῶς</span> <span class='ocrx_word' id='word_1_464' title='bbox 2990 2011 3418 2085; x_wconf 86' lang='grc' dir='ltr'>παραλλάσσειν.</span> <span class='ocrx_word' id='word_1_465' title='bbox 3455 2010 3532 2062; x_wconf 89' lang='grc' dir='ltr'><strong>Δι’</strong></span> <span class='ocrx_word' id='word_1_466' title='bbox 3579 2009 3648 2080; x_wconf 80' lang='grc' dir='ltr'><strong>ἢν-</strong></span> 
     </span>
    </p>
   </div>
   <div class='ocr_carea' id='block_1_67' title="bbox 2057 2103 3641 2183">
    <p class='ocr_par' dir='ltr' id='par_1_67' title="bbox 2057 2103 3641 2183">
     <span class='ocr_line' id='line_1_67' title="bbox 2057 2103 3641 2183; baseline -0.006 -19"><span class='ocrx_word' id='word_1_467' title='bbox 2057 2113 2236 2166; x_wconf 88' lang='grc' dir='ltr'>αίτίαν</span> <span class='ocrx_word' id='word_1_468' title='bbox 2265 2116 2324 2167; x_wconf 81' lang='grc' dir='ltr'><strong>ἐν</strong></span> <span class='ocrx_word' id='word_1_469' title='bbox 2358 2114 2471 2176; x_wconf 89' lang='grc' dir='ltr'>τοῖς</span> <span class='ocrx_word' id='word_1_470' title='bbox 2499 2109 2809 2183; x_wconf 75' lang='grc' dir='ltr'>ῶρολογίοις</span> <span class='ocrx_word' id='word_1_471' title='bbox 2835 2107 2896 2161; x_wconf 87' lang='grc' dir='ltr'>τὸ</span> <span class='ocrx_word' id='word_1_472' title='bbox 2925 2108 3092 2178; x_wconf 85' lang='grc' dir='ltr'>ἄκρον</span> <span class='ocrx_word' id='word_1_473' title='bbox 3118 2105 3220 2176; x_wconf 80' lang='grc' dir='ltr'>τῆς</span> <span class='ocrx_word' id='word_1_474' title='bbox 3247 2103 3342 2158; x_wconf 92' lang='grc' dir='ltr'><strong>τοῦ</strong></span> <span class='ocrx_word' id='word_1_475' title='bbox 3365 2103 3641 2174; x_wconf 86' lang='grc' dir='ltr'>γνώμονος</span> 
     </span>
    </p>
   </div>
   <div class='ocr_carea' id='block_1_68' title="bbox 2061 2195 3640 2276">
    <p class='ocr_par' dir='ltr' id='par_1_68' title="bbox 2061 2195 3640 2276">
     <span class='ocr_line' id='line_1_68' title="bbox 2061 2195 3640 2276; baseline -0.011 -11"><span class='ocrx_word' id='word_1_476' title='bbox 2061 2212 2218 2274; x_wconf 82' lang='grc' dir='ltr'>σκιᾶς</span> <span class='ocrx_word' id='word_1_477' title='bbox 2242 2205 2462 2262; x_wconf 80' lang='grc' dir='ltr'>ἀπὸτοῦ</span> <span class='ocrx_word' id='word_1_478' title='bbox 2492 2201 2808 2276; x_wconf 79' lang='grc' dir='ltr'>ἰσημερινώ</span> <span class='ocrx_word' id='word_1_479' title='bbox 2835 2200 3037 2256; x_wconf 83' lang='grc' dir='ltr'>κύκλου</span> <span class='ocrx_word' id='word_1_480' title='bbox 3067 2199 3329 2271; x_wconf 83' lang='grc' dir='ltr'>αἰσθητὰς</span> <span class='ocrx_word' id='word_1_481' title='bbox 3360 2197 3487 2250; x_wconf 83' lang='grc' dir='ltr'>καθ’</span> <span class='ocrx_word' id='word_1_482' title='bbox 3510 2195 3640 2269; x_wconf 76' lang='grc' dir='ltr'>ἡμέ-</span> 
     </span>
    </p>
   </div>
   <div class='ocr_carea' id='block_1_69' title="bbox 2063 2290 3716 2376">
    <p class='ocr_par' dir='ltr' id='par_1_69' title="bbox 2063 2290 3716 2376">
     <span class='ocr_line' id='line_1_69' title="bbox 2063 2290 3716 2376; baseline -0.011 -18"><span class='ocrx_word' id='word_1_483' title='bbox 2063 2322 2160 2376; x_wconf 88' lang='grc' dir='ltr'><strong>ραν</strong></span> <span class='ocrx_word' id='word_1_484' title='bbox 2191 2301 2291 2365; x_wconf 85' lang='grc' dir='ltr'><strong>τάς</strong></span> <span class='ocrx_word' id='word_1_485' title='bbox 2326 2299 2654 2361; x_wconf 73' lang='grc' dir='ltr'>ἀποστάσεις</span> <span class='ocrx_word' id='word_1_486' title='bbox 2680 2298 2928 2350; x_wconf 87' lang='grc' dir='ltr'>ποιεῖται.</span> <span class='ocrx_word' id='word_1_487' title='bbox 2966 2293 3126 2349; x_wconf 82' lang='grc' dir='ltr'>Αἰτία</span> <span class='ocrx_word' id='word_1_488' title='bbox 3161 2292 3218 2345; x_wconf 88' lang='grc' dir='ltr'><strong>δέ</strong></span> <span class='ocrx_word' id='word_1_489' title='bbox 3261 2294 3379 2345; x_wconf 82' lang='grc' dir='ltr'>ἐστι</span> <span class='ocrx_word' id='word_1_490' title='bbox 3422 2290 3523 2360; x_wconf 81' lang='grc' dir='ltr'>τῆς</span> <span class='ocrx_word' id='word_1_491' title='bbox 3552 2290 3644 2342; x_wconf 75' lang='grc' dir='ltr'>ἀν-</span> <span class='ocrx_word' id='word_1_492' title='bbox 3713 2292 3716 2293; x_wconf 65' lang='grc'><strong><em>⁷</em></strong></span> 
     </span>
    </p>
   </div>
   <div class='ocr_carea' id='block_1_70' title="bbox 2063 2378 3645 2465">
    <p class='ocr_par' dir='ltr' id='par_1_70' title="bbox 2063 2378 3645 2465">
     <span class='ocr_line' id='line_1_70' title="bbox 2063 2378 3645 2465; baseline -0.011 -17"><span class='ocrx_word' id='word_1_493' title='bbox 2063 2394 2304 2465; x_wconf 87' lang='grc' dir='ltr'>ισότητος</span> <span class='ocrx_word' id='word_1_494' title='bbox 2332 2391 2426 2446; x_wconf 73' lang='grc' dir='ltr'>καὶ</span> <span class='ocrx_word' id='word_1_495' title='bbox 2447 2389 2546 2460; x_wconf 79' lang='grc' dir='ltr'>τῆς</span> <span class='ocrx_word' id='word_1_496' title='bbox 2564 2387 2673 2442; x_wconf 87' lang='grc' dir='ltr'><strong>τῶν</strong></span> <span class='ocrx_word' id='word_1_497' title='bbox 2695 2384 2915 2458; x_wconf 85' lang='grc' dir='ltr'>ἡμερῶν</span> <span class='ocrx_word' id='word_1_498' title='bbox 2944 2380 3340 2454; x_wconf 79' lang='grc' dir='ltr'>παραυξησεως</span> <span class='ocrx_word' id='word_1_499' title='bbox 3369 2381 3403 2451; x_wconf 84' lang='grc' dir='ltr'><strong>ἡ</strong></span> <span class='ocrx_word' id='word_1_500' title='bbox 3426 2378 3645 2450; x_wconf 79' lang='grc' dir='ltr'>λοξότης</span> 
     </span>
    </p>
   </div>
   <div class='ocr_carea' id='block_1_71' title="bbox 2061 2467 3648 2550">
    <p class='ocr_par' dir='ltr' id='par_1_71' title="bbox 2061 2467 3648 2550">
     <span class='ocr_line' id='line_1_71' title="bbox 2061 2467 3648 2550; baseline -0.013 -10"><span class='ocrx_word' id='word_1_501' title='bbox 2061 2485 2155 2540; x_wconf 89' lang='grc' dir='ltr'><strong>τοῦ</strong></span> <span class='ocrx_word' id='word_1_502' title='bbox 2194 2479 2458 2550; x_wconf 80' lang='grc' dir='ltr'>ζωδιακοῦ</span> <span class='ocrx_word' id='word_1_503' title='bbox 2496 2479 2718 2534; x_wconf 87' lang='grc' dir='ltr'>κύκλου.</span> <span class='ocrx_word' id='word_1_504' title='bbox 2751 2475 2872 2530; x_wconf 85' lang='grc' dir='ltr'><strong>Τῶν</strong></span> <span class='ocrx_word' id='word_1_505' title='bbox 2924 2474 3022 2546; x_wconf 85' lang='grc' dir='ltr'><strong>μὲν</strong></span> <span class='ocrx_word' id='word_1_506' title='bbox 3069 2472 3180 2545; x_wconf 83' lang='grc' dir='ltr'><strong>γὰρ</strong></span> <span class='ocrx_word' id='word_1_507' title='bbox 3229 2470 3513 2543; x_wconf 81' lang='grc' dir='ltr'>τροπικῶν</span> <span class='ocrx_word' id='word_1_508' title='bbox 3553 2467 3648 2521; x_wconf 84' lang='grc' dir='ltr'>κύ-</span> 
     </span>
    </p>
   </div>
   <div class='ocr_carea' id='block_1_72' title="bbox 2060 2559 3644 2646">
    <p class='ocr_par' dir='ltr' id='par_1_72' title="bbox 2060 2559 3644 2646">
     <span class='ocr_line' id='line_1_72' title="bbox 2060 2559 3644 2646; baseline -0.011 -13"><span class='ocrx_word' id='word_1_509' title='bbox 2060 2579 2204 2633; x_wconf 87' lang='grc' dir='ltr'>κλων</span> <span class='ocrx_word' id='word_1_510' title='bbox 2231 2576 2553 2646; x_wconf 76' lang='grc' dir='ltr'>ἐφάπτεται,</span> <span class='ocrx_word' id='word_1_511' title='bbox 2585 2570 2680 2626; x_wconf 72' lang='grc' dir='ltr'>καὶ</span> <span class='ocrx_word' id='word_1_512' title='bbox 2720 2568 2815 2622; x_wconf 75' lang='grc' dir='ltr'>ἐπὶ</span> <span class='ocrx_word' id='word_1_513' title='bbox 2863 2567 2996 2620; x_wconf 81' lang='grc' dir='ltr'>πολὺ</span> <span class='ocrx_word' id='word_1_514' title='bbox 3044 2565 3220 2638; x_wconf 77' lang='grc' dir='ltr'>μῆκος</span> <span class='ocrx_word' id='word_1_515' title='bbox 3245 2563 3358 2635; x_wconf 70' lang='grc'>(27)</span> <span class='ocrx_word' id='word_1_516' title='bbox 3395 2564 3432 2634; x_wconf 75' lang='grc' dir='ltr'>ἡ</span> <span class='ocrx_word' id='word_1_517' title='bbox 3466 2559 3644 2632; x_wconf 73' lang='grc' dir='ltr'>ἐπαφὴ</span> 
     </span>
    </p>
   </div>
   <div class='ocr_carea' id='block_1_73' title="bbox 2059 2650 3643 2729">
    <p class='ocr_par' dir='ltr' id='par_1_73' title="bbox 2059 2650 3643 2729">
     <span class='ocr_line' id='line_1_73' title="bbox 2059 2650 3643 2729; baseline -0.012 -7"><span class='ocrx_word' id='word_1_518' title='bbox 2059 2666 2313 2722; x_wconf 88' lang='grc' dir='ltr'>διατείνει</span> <span class='ocrx_word' id='word_1_519' title='bbox 2334 2682 2348 2695; x_wconf 75' lang='grc' dir='ltr'><strong>ο</strong></span> <span class='ocrx_word' id='word_1_520' title='bbox 2384 2662 2524 2717; x_wconf 81' lang='grc' dir='ltr'>ὥστε</span> <span class='ocrx_word' id='word_1_521' title='bbox 2558 2663 2616 2714; x_wconf 92' lang='grc' dir='ltr'><strong>ἐν</strong></span> <span class='ocrx_word' id='word_1_522' title='bbox 2652 2657 2833 2729; x_wconf 79' lang='grc' dir='ltr'>πολλῷ</span> <span class='ocrx_word' id='word_1_523' title='bbox 2863 2657 3013 2726; x_wconf 82' lang='grc' dir='ltr'>τόπῳ</span> <span class='ocrx_word' id='word_1_524' title='bbox 3058 2655 3261 2727; x_wconf 84' lang='grc' dir='ltr'>μικρὰν</span> <span class='ocrx_word' id='word_1_525' title='bbox 3293 2654 3405 2708; x_wconf 86' lang='grc' dir='ltr'>ἀπὸ</span> <span class='ocrx_word' id='word_1_526' title='bbox 3431 2652 3528 2705; x_wconf 89' lang='grc' dir='ltr'><strong>τοῦ</strong></span> <span class='ocrx_word' id='word_1_527' title='bbox 3557 2650 3643 2704; x_wconf 86' lang='grc' dir='ltr'>θε-</span> 
     </span>
    </p>
   </div>
   <div class='ocr_carea' id='block_1_74' title="bbox 2066 2740 3646 2831">
    <p class='ocr_par' dir='ltr' id='par_1_74' title="bbox 2066 2740 3646 2831">
     <span class='ocr_line' id='line_1_74' title="bbox 2066 2740 3646 2831; baseline -0.013 -19"><span class='ocrx_word' id='word_1_528' title='bbox 2066 2757 2213 2831; x_wconf 90' lang='grc' dir='ltr'>ρινοῦ</span> <span class='ocrx_word' id='word_1_529' title='bbox 2241 2753 2505 2828; x_wconf 86' lang='grc' dir='ltr'>τροπικοῦ</span> <span class='ocrx_word' id='word_1_530' title='bbox 2547 2751 2646 2823; x_wconf 78' lang='grc' dir='ltr'>τὴν</span> <span class='ocrx_word' id='word_1_531' title='bbox 2688 2748 2988 2805; x_wconf 87' lang='grc' dir='ltr'>ἀπόστασιν</span> <span class='ocrx_word' id='word_1_532' title='bbox 3031 2743 3297 2814; x_wconf 88' lang='grc' dir='ltr'>γίνεσθαι.</span> <span class='ocrx_word' id='word_1_533' title='bbox 3342 2740 3646 2795; x_wconf 83' lang='grc' dir='ltr'>Ἀκολουθεὶ</span> 
     </span>
    </p>
   </div>
   <div class='ocr_carea' id='block_1_75' title="bbox 2062 2827 3646 2918">
    <p class='ocr_par' dir='ltr' id='par_1_75' title="bbox 2062 2827 3646 2918">
     <span class='ocr_line' id='line_1_75' title="bbox 2062 2827 3646 2918; baseline -0.013 -13"><span class='ocrx_word' id='word_1_534' title='bbox 2149 2827 2326 2918; x_wconf 68' lang='grc' dir='ltr'>τούτω</span> <span class='ocrx_word' id='word_1_535' title='bbox 2359 2847 2455 2901; x_wconf 69' lang='grc' dir='ltr'>καὶ</span> <span class='ocrx_word' id='word_1_536' title='bbox 2503 2844 2602 2915; x_wconf 80' lang='grc' dir='ltr'>τὴν</span> <span class='ocrx_word' id='word_1_537' title='bbox 2637 2839 2991 2914; x_wconf 78' lang='grc' dir='ltr'>παραλλαγὴν</span> <span class='ocrx_word' id='word_1_538' title='bbox 3035 2836 3145 2890; x_wconf 89' lang='grc' dir='ltr'><strong>τῶν</strong></span> <span class='ocrx_word' id='word_1_539' title='bbox 3195 2834 3529 2908; x_wconf 84' lang='grc' dir='ltr'>τμημάτων,</span> <span class='ocrx_word' id='word_1_540' title='bbox 3577 2827 3646 2886; x_wconf 86' lang='grc' dir='ltr'>ὧν</span> 
     </span>
    </p>
   </div>
   <div class='ocr_carea' id='block_1_76' title="bbox 2065 2928 3648 3015">
    <p class='ocr_par' dir='ltr' id='par_1_76' title="bbox 2065 2928 3648 3015">
     <span class='ocr_line' id='line_1_76' title="bbox 2065 2928 3648 3015; baseline -0.013 -16"><span class='ocrx_word' id='word_1_541' title='bbox 2065 2944 2210 3015; x_wconf 84' lang='grc' dir='ltr'>ὑπὲρ</span> <span class='ocrx_word' id='word_1_542' title='bbox 2241 2943 2342 3014; x_wconf 82' lang='grc' dir='ltr'>γῆν</span> <span class='ocrx_word' id='word_1_543' title='bbox 2373 2941 2599 3012; x_wconf 82' lang='grc' dir='ltr'>φέρεται</span> <span class='ocrx_word' id='word_1_544' title='bbox 2627 2938 2656 2990; x_wconf 86' lang='grc' dir='ltr'>ὁ</span> <span class='ocrx_word' id='word_1_545' title='bbox 2687 2936 2840 3006; x_wconf 75' lang='grc' dir='ltr'>ἥλιος</span> <span class='ocrx_word' id='word_1_546' title='bbox 2863 2977 2878 3001; x_wconf 88' lang='grc'><strong>,</strong></span> <span class='ocrx_word' id='word_1_547' title='bbox 2906 2931 3106 3004; x_wconf 75' lang='grc' dir='ltr'>μικρὰν</span> <span class='ocrx_word' id='word_1_548' title='bbox 3133 2929 3228 2984; x_wconf 69' lang='grc' dir='ltr'><strong>καὶ</strong></span> <span class='ocrx_word' id='word_1_549' title='bbox 3253 2928 3648 2998; x_wconf 83' lang='grc' dir='ltr'>ἀνεπαίσθητον</span> 
     </span>
    </p>
   </div>
   <div class='ocr_carea' id='block_1_77' title="bbox 2064 3023 3658 3108">
    <p class='ocr_par' dir='ltr' id='par_1_77' title="bbox 2064 3023 3658 3108">
     <span class='ocr_line' id='line_1_77' title="bbox 2064 3023 3658 3108; baseline -0.011 -16"><span class='ocrx_word' id='word_1_550' title='bbox 2064 3037 2332 3108; x_wconf 82' lang='grc' dir='ltr'>γίνεσθαι.</span> <span class='ocrx_word' id='word_1_551' title='bbox 2363 3034 2486 3088; x_wconf 68' lang='grc' dir='ltr'><strong>Ἐπὶ</strong></span> <span class='ocrx_word' id='word_1_552' title='bbox 2506 3034 2563 3086; x_wconf 84' lang='grc' dir='ltr'>δὲ</span> <span class='ocrx_word' id='word_1_553' title='bbox 2587 3030 2681 3086; x_wconf 89' lang='grc' dir='ltr'><strong>τοῦ</strong></span> <span class='ocrx_word' id='word_1_554' title='bbox 2707 3025 3241 3101; x_wconf 31' lang='grc' dir='ltr'>ἰσημερινοῦυκύκλου</span> <span class='ocrx_word' id='word_1_555' title='bbox 3269 3023 3416 3097; x_wconf 78' lang='grc' dir='ltr'>τομὴ</span> <span class='ocrx_word' id='word_1_556' title='bbox 3443 3024 3658 3094; x_wconf 86' lang='grc' dir='ltr'>γίνεται.</span> 
     </span>
    </p>
   </div>
   <div class='ocr_carea' id='block_1_78' title="bbox 2039 3115 3649 3194">
    <p class='ocr_par' dir='ltr' id='par_1_78' title="bbox 2039 3115 3649 3194">
     <span class='ocr_line' id='line_1_78' title="bbox 2039 3115 3649 3194; baseline -0.011 -10"><span class='ocrx_word' id='word_1_557' title='bbox 2039 3121 2160 3184; x_wconf 71' lang='grc' dir='ltr'><strong>τοῦ</strong></span> <span class='ocrx_word' id='word_1_558' title='bbox 2199 3125 2465 3192; x_wconf 79' lang='grc' dir='ltr'>ζωδιακοῦ</span> <span class='ocrx_word' id='word_1_559' title='bbox 2499 3124 2700 3178; x_wconf 82' lang='grc' dir='ltr'>κύκλου</span> <span class='ocrx_word' id='word_1_560' title='bbox 2735 3123 2872 3194; x_wconf 86' lang='grc' dir='ltr'>πρὸς</span> <span class='ocrx_word' id='word_1_561' title='bbox 2917 3123 3010 3175; x_wconf 84' lang='grc' dir='ltr'>τὸν</span> <span class='ocrx_word' id='word_1_562' title='bbox 3061 3117 3412 3191; x_wconf 73' lang='grc' dir='ltr'>ἰσημερινόνο</span> <span class='ocrx_word' id='word_1_563' title='bbox 3454 3116 3563 3170; x_wconf 84' lang='grc' dir='ltr'>ἀπὸ</span> <span class='ocrx_word' id='word_1_564' title='bbox 3593 3115 3649 3168; x_wconf 69' lang='grc' dir='ltr'>δὲ</span> 
     </span>
    </p>
   </div>
   <div class='ocr_carea' id='block_1_79' title="bbox 3568 3205 3648 3257">
    <p class='ocr_par' dir='ltr' id='par_1_79' title="bbox 3568 3205 3648 3257">
     <span class='ocr_line' id='line_1_79' title="bbox 3568 3205 3648 3257; baseline -0.013 -21"><span class='ocrx_word' id='word_1_565' title='bbox 3568 3205 3648 3257; x_wconf 71' lang='grc' dir='ltr'><strong>ιιι</strong></span> 
     </span>
    </p>
   </div>
   <div class='ocr_carea' id='block_1_80' title="bbox 2065 3204 3561 3292">
    <p class='ocr_par' dir='ltr' id='par_1_80' title="bbox 2065 3204 3561 3292">
     <span class='ocr_line' id='line_1_80' title="bbox 2065 3204 3561 3292; baseline -0.009 -21"><span class='ocrx_word' id='word_1_566' title='bbox 2065 3220 2165 3290; x_wconf 79' lang='grc' dir='ltr'>τῆς</span> <span class='ocrx_word' id='word_1_567' title='bbox 2184 3219 2356 3292; x_wconf 79' lang='grc' dir='ltr'>τομῆς</span> <span class='ocrx_word' id='word_1_568' title='bbox 2389 3214 2630 3284; x_wconf 80' lang='grc' dir='ltr'>ἔγκλισις</span> <span class='ocrx_word' id='word_1_569' title='bbox 2659 3214 2743 3285; x_wconf 82' lang='grc' dir='ltr'>ἐφ’</span> <span class='ocrx_word' id='word_1_570' title='bbox 2775 3213 3012 3285; x_wconf 80' lang='grc' dir='ltr'>ἑκάτερα</span> <span class='ocrx_word' id='word_1_571' title='bbox 3047 3208 3289 3283; x_wconf 83' lang='grc' dir='ltr'>μεγάλην</span> <span class='ocrx_word' id='word_1_572' title='bbox 3313 3204 3561 3277; x_wconf 74' lang='grc' dir='ltr'>λαμϐάνε</span> 
     </span>
    </p>
   </div>
   <div class='ocr_carea' id='block_1_81' title="bbox 2066 3295 3651 3376">
    <p class='ocr_par' dir='ltr' id='par_1_81' title="bbox 2066 3295 3651 3376">
     <span class='ocr_line' id='line_1_81' title="bbox 2066 3295 3651 3376; baseline -0.011 -11"><span class='ocrx_word' id='word_1_573' title='bbox 2066 3310 2346 3364; x_wconf 84' lang='grc' dir='ltr'>διάστασιν</span> <span class='ocrx_word' id='word_1_574' title='bbox 2383 3305 2492 3360; x_wconf 83' lang='grc' dir='ltr'>ἀπὸ</span> <span class='ocrx_word' id='word_1_575' title='bbox 2543 3304 2636 3358; x_wconf 87' lang='grc' dir='ltr'><strong>τοῦ</strong></span> <span class='ocrx_word' id='word_1_576' title='bbox 2692 3303 3029 3376; x_wconf 85' lang='grc' dir='ltr'>ἰσημερινοῦ·</span> <span class='ocrx_word' id='word_1_577' title='bbox 3065 3297 3351 3356; x_wconf 82' lang='grc' dir='ltr'>ἀκολουθεῖ</span> <span class='ocrx_word' id='word_1_578' title='bbox 3390 3297 3450 3351; x_wconf 83' lang='grc' dir='ltr'>δὲ</span> <span class='ocrx_word' id='word_1_579' title='bbox 3480 3295 3651 3366; x_wconf 87' lang='grc' dir='ltr'>τούτῳ</span> 
     </span>
    </p>
   </div>
   <div class='ocr_carea' id='block_1_82' title="bbox 2068 3386 3659 3470">
    <p class='ocr_par' dir='ltr' id='par_1_82' title="bbox 2068 3386 3659 3470">
     <span class='ocr_line' id='line_1_82' title="bbox 2068 3386 3659 3470; baseline -0.009 -16"><span class='ocrx_word' id='word_1_580' title='bbox 2068 3400 2162 3454; x_wconf 74' lang='grc' dir='ltr'>καὶ</span> <span class='ocrx_word' id='word_1_581' title='bbox 2185 3395 2539 3470; x_wconf 81' lang='grc' dir='ltr'>παραλλαγὴν</span> <span class='ocrx_word' id='word_1_582' title='bbox 2582 3395 2691 3448; x_wconf 86' lang='grc' dir='ltr'><strong>τῶν</strong></span> <span class='ocrx_word' id='word_1_583' title='bbox 2730 3394 2955 3466; x_wconf 78' lang='grc' dir='ltr'>ἡμερῶν</span> <span class='ocrx_word' id='word_1_584' title='bbox 3000 3391 3241 3464; x_wconf 83' lang='grc' dir='ltr'>μεγάλην</span> <span class='ocrx_word' id='word_1_585' title='bbox 3274 3388 3524 3460; x_wconf 88' lang='grc' dir='ltr'>γίνεσθαι</span> <span class='ocrx_word' id='word_1_586' title='bbox 3565 3386 3659 3441; x_wconf 73' lang='grc' dir='ltr'>διὰ.</span> 
     </span>
    </p>
   </div>
   <div class='ocr_carea' id='block_1_83' title="bbox 2067 3477 3652 3560">
    <p class='ocr_par' dir='ltr' id='par_1_83' title="bbox 2067 3477 3652 3560">
     <span class='ocr_line' id='line_1_83' title="bbox 2067 3477 3652 3560; baseline -0.007 -18"><span class='ocrx_word' id='word_1_587' title='bbox 2067 3489 2165 3560; x_wconf 78' lang='grc' dir='ltr'>τὴν</span> <span class='ocrx_word' id='word_1_588' title='bbox 2201 3489 2308 3542; x_wconf 90' lang='grc' dir='ltr'><strong>τῶν</strong></span> <span class='ocrx_word' id='word_1_589' title='bbox 2353 3488 2658 3560; x_wconf 86' lang='grc' dir='ltr'>τμημάτων</span> <span class='ocrx_word' id='word_1_590' title='bbox 2694 3485 2990 3558; x_wconf 81' lang='grc' dir='ltr'>ὑπεροχὴν,</span> <span class='ocrx_word' id='word_1_591' title='bbox 3039 3477 3113 3537; x_wconf 83' lang='grc' dir='ltr'>ὧν</span> <span class='ocrx_word' id='word_1_592' title='bbox 3153 3483 3385 3555; x_wconf 83' lang='grc' dir='ltr'>φέρεται·</span> <span class='ocrx_word' id='word_1_593' title='bbox 3430 3481 3462 3534; x_wconf 86' lang='grc' dir='ltr'><strong>ό</strong></span> <span class='ocrx_word' id='word_1_594' title='bbox 3505 3480 3652 3550; x_wconf 77' lang='grc' dir='ltr'>ἥλιος</span> 
     </span>
    </p>
   </div>
   <div class='ocr_carea' id='block_1_84' title="bbox 2068 3572 3651 3653">
    <p class='ocr_par' dir='ltr' id='par_1_84' title="bbox 2068 3572 3651 3653">
     <span class='ocr_line' id='line_1_84' title="bbox 2068 3572 3651 3653; baseline -0.006 -19"><span class='ocrx_word' id='word_1_595' title='bbox 2068 3580 2210 3652; x_wconf 82' lang='grc' dir='ltr'>ὑπὲρ</span> <span class='ocrx_word' id='word_1_596' title='bbox 2235 3581 2358 3653; x_wconf 79' lang='grc' dir='ltr'>γῆν.</span> <span class='ocrx_word' id='word_1_597' title='bbox 2400 3580 2498 3635; x_wconf 83' lang='grc' dir='ltr'>Διὰ</span> <span class='ocrx_word' id='word_1_598' title='bbox 2526 3579 2583 3632; x_wconf 79' lang='grc' dir='ltr'>δὲ</span> <span class='ocrx_word' id='word_1_599' title='bbox 2632 3579 2732 3650; x_wconf 82' lang='grc' dir='ltr'>τὴν</span> <span class='ocrx_word' id='word_1_600' title='bbox 2776 3578 2956 3631; x_wconf 85' lang='grc' dir='ltr'>αἰτίαν</span> <span class='ocrx_word' id='word_1_601' title='bbox 2998 3575 3201 3646; x_wconf 85' lang='grc' dir='ltr'>ταύτην</span> <span class='ocrx_word' id='word_1_602' title='bbox 3235 3576 3366 3646; x_wconf 74' lang='grc' dir='ltr'>περ).</span> <span class='ocrx_word' id='word_1_603' title='bbox 3406 3572 3510 3645; x_wconf 76' lang='grc' dir='ltr'><strong>μὲν</strong></span> <span class='ocrx_word' id='word_1_604' title='bbox 3534 3589 3651 3645; x_wconf 83' lang='grc' dir='ltr'>τρο-</span> 
     </span>
    </p>
   </div>
   <div class='ocr_carea' id='block_1_85' title="bbox 2068 3657 3651 3743">
    <p class='ocr_par' dir='ltr' id='par_1_85' title="bbox 2068 3657 3651 3743">
     <span class='ocr_line' id='line_1_85' title="bbox 2068 3657 3651 3743; baseline -0.006 -17"><span class='ocrx_word' id='word_1_605' title='bbox 2068 3676 2262 3736; x_wconf 79' lang='grc' dir='ltr'>πικοὺς</span> <span class='ocrx_word' id='word_1_606' title='bbox 2294 3671 2527 3736; x_wconf 88' lang='grc' dir='ltr'>κύκλους</span> <span class='ocrx_word' id='word_1_607' title='bbox 2561 3671 2754 3743; x_wconf 82' lang='grc' dir='ltr'><strong>μικραί⁸</strong></span> <span class='ocrx_word' id='word_1_608' title='bbox 2787 3670 2880 3723; x_wconf 73' lang='grc' dir='ltr'><strong>καὶ</strong></span> <span class='ocrx_word' id='word_1_609' title='bbox 2912 3657 3307 3739; x_wconf 70' lang='grc' dir='ltr'>ἀνεπαίσθητοι</span> <span class='ocrx_word' id='word_1_610' title='bbox 3332 3667 3392 3718; x_wconf 88' lang='grc' dir='ltr'><strong>αί</strong></span> <span class='ocrx_word' id='word_1_611' title='bbox 3440 3683 3651 3735; x_wconf 83' lang='grc' dir='ltr'>παραυ-</span> 
     </span>
    </p>
   </div>
   <div class='ocr_carea' id='block_1_86' title="bbox 2068 3758 3650 3836">
    <p class='ocr_par' dir='ltr' id='par_1_86' title="bbox 2068 3758 3650 3836">
     <span class='ocr_line' id='line_1_86' title="bbox 2068 3758 3650 3836; baseline -0.006 -17"><span class='ocrx_word' id='word_1_612' title='bbox 2068 3765 2254 3836; x_wconf 79' lang='grc' dir='ltr'>ξήσεις</span> <span class='ocrx_word' id='word_1_613' title='bbox 2281 3764 2390 3818; x_wconf 89' lang='grc' dir='ltr'><strong>τῶν</strong></span> <span class='ocrx_word' id='word_1_614' title='bbox 2421 3763 2645 3835; x_wconf 77' lang='grc' dir='ltr'>ἡμερῶν</span> <span class='ocrx_word' id='word_1_615' title='bbox 2689 3763 2783 3816; x_wconf 80' lang='grc' dir='ltr'>καὶ</span> <span class='ocrx_word' id='word_1_616' title='bbox 2827 3761 2937 3816; x_wconf 89' lang='grc' dir='ltr'><strong>τῶν</strong></span> <span class='ocrx_word' id='word_1_617' title='bbox 2991 3759 3200 3814; x_wconf 86' lang='grc' dir='ltr'>νυκτῶν</span> <span class='ocrx_word' id='word_1_618' title='bbox 3257 3758 3650 3821; x_wconf 74' lang='grc' dir='ltr'>ἐπιτελοῦνται,</span> 
     </span>
    </p>
   </div>
   <div class='ocr_carea' id='block_1_87' title="bbox 2067 3852 3652 3928">
    <p class='ocr_par' dir='ltr' id='par_1_87' title="bbox 2067 3852 3652 3928">
     <span class='ocr_line' id='line_1_87' title="bbox 2067 3852 3652 3928; baseline -0.005 -18"><span class='ocrx_word' id='word_1_619' title='bbox 2067 3858 2162 3910; x_wconf 76' lang='grc' dir='ltr'>καὶ</span> <span class='ocrx_word' id='word_1_620' title='bbox 2197 3856 2381 3928; x_wconf 80' lang='grc' dir='ltr'>σχεδὸν</span> <span class='ocrx_word' id='word_1_621' title='bbox 2403 3856 2503 3928; x_wconf 79' lang='grc' dir='ltr'>τὴν</span> <span class='ocrx_word' id='word_1_622' title='bbox 2539 3856 2709 3926; x_wconf 81' lang='grc' dir='ltr'>αὐτὴν</span> <span class='ocrx_word' id='word_1_623' title='bbox 2735 3853 3089 3924; x_wconf 84' lang='grc' dir='ltr'>παραλλαγὴν</span> <span class='ocrx_word' id='word_1_624' title='bbox 3123 3852 3338 3924; x_wconf 77' lang='grc' dir='ltr'>ἔχουσιν</span> <span class='ocrx_word' id='word_1_625' title='bbox 3359 3853 3418 3905; x_wconf 88' lang='grc' dir='ltr'>αἰ</span> <span class='ocrx_word' id='word_1_626' title='bbox 3440 3868 3652 3922; x_wconf 80' lang='grc' dir='ltr'>παραυ-</span> 
     </span>
    </p>
   </div>
   <div class='ocr_carea' id='block_1_88' title="bbox 2069 3945 3651 4023">
    <p class='ocr_par' dir='ltr' id='par_1_88' title="bbox 2069 3945 3651 4023">
     <span class='ocr_line' id='line_1_88' title="bbox 2069 3945 3651 4023; baseline -0.006 -19"><span class='ocrx_word' id='word_1_627' title='bbox 2069 3949 2292 4023; x_wconf 22' lang='grc' dir='ltr'>ξιήσεις·</span> <span class='ocrx_word' id='word_1_628' title='bbox 2329 3948 2470 4002; x_wconf 83' lang='grc' dir='ltr'>ὥστε</span> <span class='ocrx_word' id='word_1_629' title='bbox 2520 3948 2620 4018; x_wconf 81' lang='grc' dir='ltr'>τὴν</span> <span class='ocrx_word' id='word_1_630' title='bbox 2678 3945 2985 4019; x_wconf 75' lang='grc' dir='ltr'>ἡμερησίαν</span> <span class='ocrx_word' id='word_1_631' title='bbox 3034 3946 3162 4017; x_wconf 72' lang='grc' dir='ltr'>περὶ</span> <span class='ocrx_word' id='word_1_632' title='bbox 3213 3945 3313 4016; x_wconf 78' lang='grc' dir='ltr'>τὴν</span> <span class='ocrx_word' id='word_1_633' title='bbox 3365 3947 3651 4017; x_wconf 78' lang='grc' dir='ltr'>ἰσημερίαν</span> 
     </span>
    </p>
   </div>
   <div class='ocr_carea' id='block_1_89' title="bbox 2069 4033 3650 4112">
    <p class='ocr_par' dir='ltr' id='par_1_89' title="bbox 2069 4033 3650 4112">
     <span class='ocr_line' id='line_1_89' title="bbox 2069 4033 3650 4112; baseline -0.004 -18"><span class='ocrx_word' id='word_1_634' title='bbox 2069 4040 2410 4112; x_wconf 79' lang='grc' dir='ltr'>παραύξησιν</span> <span class='ocrx_word' id='word_1_635' title='bbox 2483 4038 2668 4109; x_wconf 83' lang='grc' dir='ltr'>σχεδὸν</span> <span class='ocrx_word' id='word_1_636' title='bbox 2743 4036 3295 4109; x_wconf 83' lang='grc' dir='ltr'>ἐνενηκονταπλάσιον</span> <span class='ocrx_word' id='word_1_637' title='bbox 3357 4033 3502 4090; x_wconf 78' lang='grc' dir='ltr'>εἶναι</span> <span class='ocrx_word' id='word_1_638' title='bbox 3557 4036 3650 4106; x_wconf 83' lang='grc' dir='ltr'>τῆς</span> 
     </span>
    </p>
   </div>
   <div class='ocr_carea' id='block_1_90' title="bbox 2067 4127 3653 4207">
    <p class='ocr_par' dir='ltr' id='par_1_90' title="bbox 2067 4127 3653 4207">
     <span class='ocr_line' id='line_1_90' title="bbox 2067 4127 3653 4207; baseline -0.003 -21"><span class='ocrx_word' id='word_1_639' title='bbox 2067 4132 2376 4207; x_wconf 75' lang='grc' dir='ltr'>ἡμερησίας</span> <span class='ocrx_word' id='word_1_640' title='bbox 2427 4133 2556 4202; x_wconf 75' lang='grc' dir='ltr'>περ).</span> <span class='ocrx_word' id='word_1_641' title='bbox 2600 4129 2810 4201; x_wconf 84' lang='grc' dir='ltr'>τροπὰς</span> <span class='ocrx_word' id='word_1_642' title='bbox 2853 4130 3268 4202; x_wconf 80' lang='grc' dir='ltr'>παραυξήσεως.</span> <span class='ocrx_word' id='word_1_643' title='bbox 3308 4127 3372 4184; x_wconf 79' lang='grc' dir='ltr'>Ὀ</span> <span class='ocrx_word' id='word_1_644' title='bbox 3405 4129 3463 4183; x_wconf 82' lang='grc' dir='ltr'>δὲ</span> <span class='ocrx_word' id='word_1_645' title='bbox 3495 4129 3653 4192; x_wconf 80' lang='grc' dir='ltr'>αὐτὸς</span> 
     </span>
    </p>
   </div>
   <div class='ocr_carea' id='block_1_91' title="bbox 2066 4210 3652 4299">
    <p class='ocr_par' dir='ltr' id='par_1_91' title="bbox 2066 4210 3652 4299">
     <span class='ocr_line' id='line_1_91' title="bbox 2066 4210 3652 4299; baseline -0.004 -19"><span class='ocrx_word' id='word_1_646' title='bbox 2066 4225 2223 4299; x_wconf 83' lang='grc' dir='ltr'>λόγος</span> <span class='ocrx_word' id='word_1_647' title='bbox 2277 4224 2371 4285; x_wconf 73' lang='grc' dir='ltr'><strong>καὶ</strong></span> <span class='ocrx_word' id='word_1_648' title='bbox 2433 4223 2528 4277; x_wconf 76' lang='grc' dir='ltr'>ἐπὶ</span> <span class='ocrx_word' id='word_1_649' title='bbox 2575 4221 2685 4276; x_wconf 86' lang='grc' dir='ltr'><strong>τῶν</strong></span> <span class='ocrx_word' id='word_1_650' title='bbox 2730 4210 2865 4294; x_wconf 53' lang='lat' dir='ltr'><strong>mit,</strong></span> <span class='ocrx_word' id='word_1_651' title='bbox 2902 4223 3052 4295; x_wconf 56' lang='lat' dir='ltr'><strong>fin</strong></span> <span class='ocrx_word' id='word_1_652' title='bbox 3099 4223 3194 4276; x_wconf 78' lang='grc' dir='ltr'>καὶ</span> <span class='ocrx_word' id='word_1_653' title='bbox 3243 4223 3337 4275; x_wconf 76' lang='grc' dir='ltr'>ἐπὶ</span> <span class='ocrx_word' id='word_1_654' title='bbox 3387 4221 3498 4275; x_wconf 88' lang='grc' dir='ltr'><strong>τῶν</strong></span> <span class='ocrx_word' id='word_1_655' title='bbox 3550 4239 3652 4292; x_wconf 84' lang='grc' dir='ltr'>μη-</span> 
     </span>
    </p>
   </div>
   <div class='ocr_carea' id='block_1_92' title="bbox 2067 4310 3654 4394">
    <p class='ocr_par' dir='ltr' id='par_1_92' title="bbox 2067 4310 3654 4394">
     <span class='ocr_line' id='line_1_92' title="bbox 2067 4310 3654 4394; baseline -0.003 -26"><span class='ocrx_word' id='word_1_656' title='bbox 2067 4316 2254 4374; x_wconf 84' lang='grc' dir='ltr'>νιαίων</span> <span class='ocrx_word' id='word_1_657' title='bbox 2289 4315 2353 4369; x_wconf 75' lang='grc'><strong>³⁸.</strong></span> <span class='ocrx_word' id='word_1_658' title='bbox 2389 4313 2500 4371; x_wconf 71' lang='grc' dir='ltr'><strong>Ἀεὶ</strong></span> <span class='ocrx_word' id='word_1_659' title='bbox 2543 4312 2651 4385; x_wconf 81' lang='grc' dir='ltr'><strong>γὰρ</strong></span> <span class='ocrx_word' id='word_1_660' title='bbox 2674 4313 2798 4367; x_wconf 84' lang='grc' dir='ltr'>ὅσον</span> <span class='ocrx_word' id='word_1_661' title='bbox 2824 4315 2858 4385; x_wconf 84' lang='grc' dir='ltr'>ὴ</span> <span class='ocrx_word' id='word_1_662' title='bbox 2882 4314 3064 4386; x_wconf 85' lang='grc' dir='ltr'>ἡμέρα</span> <span class='ocrx_word' id='word_1_663' title='bbox 3095 4311 3386 4394; x_wconf 34' lang='grc' dir='ltr'>παραύξειι,</span> <span class='ocrx_word' id='word_1_664' title='bbox 3438 4310 3654 4365; x_wconf 78' lang='grc' dir='ltr'>τοσοῦτο</span> 
     </span>
    </p>
   </div>
   <div class='ocr_carea' id='block_1_93' title="bbox 393 4399 1954 4484">
    <p class='ocr_par' dir='ltr' id='par_1_93' title="bbox 393 4399 1954 4477">
     <span class='ocr_line' id='line_1_93' title="bbox 393 4399 1954 4477; baseline 0.007 -25"><span class='ocrx_word' id='word_1_665' title='bbox 393 4399 648 4457; x_wconf 80' lang='lat' dir='ltr'><strong>borealis.</strong></span> <span class='ocrx_word' id='word_1_666' title='bbox 681 4401 900 4459; x_wconf 76' lang='lat' dir='ltr'><strong>Rursus</strong></span> <span class='ocrx_word' id='word_1_667' title='bbox 924 4412 1114 4460; x_wconf 89' lang='lat' dir='ltr'><strong>noctes</strong></span> <span class='ocrx_word' id='word_1_668' title='bbox 1135 4405 1331 4462; x_wconf 90' lang='lat' dir='ltr'><strong>diebus</strong></span> <span class='ocrx_word' id='word_1_669' title='bbox 1361 4414 1489 4462; x_wconf 91' lang='lat' dir='ltr'><strong>sunt</strong></span> <span class='ocrx_word' id='word_1_670' title='bbox 1521 4405 1755 4477; x_wconf 85' lang='lat' dir='ltr'><strong>majores</strong></span> <span class='ocrx_word' id='word_1_671' title='bbox 1786 4407 1843 4466; x_wconf 87' lang='lat' dir='ltr'><strong>in</strong></span> <span class='ocrx_word' id='word_1_672' title='bbox 1877 4423 1954 4463; x_wconf 85' lang='lat' dir='ltr'><strong>re-</strong></span> 
     </span>
    </p>
   </div>
   <div class='ocr_carea' id='block_1_94' title="bbox 2100 4399 3653 4484">
    <p class='ocr_par' dir='ltr' id='par_1_94' title="bbox 2100 4402 3653 4476">
     <span class='ocr_line' id='line_1_94' title="bbox 2100 4402 3653 4476; baseline -0.003 -16"><span class='ocrx_word' id='word_1_673' title='bbox 2100 4407 2166 4460; x_wconf 75' lang='lat' dir='ltr'><strong>:a‘t</strong></span> <span class='ocrx_word' id='word_1_674' title='bbox 2189 4409 2223 4476; x_wconf 81' lang='grc' dir='ltr'>ὴ</span> <span class='ocrx_word' id='word_1_675' title='bbox 2255 4404 2352 4469; x_wconf 83' lang='grc' dir='ltr'><strong>νὺξ</strong></span> <span class='ocrx_word' id='word_1_676' title='bbox 2380 4403 2643 4475; x_wconf 78' lang='grc' dir='ltr'>μειοῦται.</span> <span class='ocrx_word' id='word_1_677' title='bbox 2681 4404 2922 4457; x_wconf 89' lang='grc' dir='ltr'>Γίνονται</span> <span class='ocrx_word' id='word_1_678' title='bbox 2950 4405 3058 4476; x_wconf 79' lang='grc' dir='ltr'>γὰρ</span> <span class='ocrx_word' id='word_1_679' title='bbox 3087 4404 3332 4475; x_wconf 71' lang='grc' dir='ltr'>μείζονες</span> <span class='ocrx_word' id='word_1_680' title='bbox 3369 4404 3426 4458; x_wconf 86' lang='grc' dir='ltr'><strong>αἰ</strong></span> <span class='ocrx_word' id='word_1_681' title='bbox 3453 4402 3653 4474; x_wconf 77' lang='grc' dir='ltr'>ἡμέραι</span> 
     </span>
    </p>
   </div>
   <div class='ocr_carea' id='block_1_95' title="bbox 392 4491 1964 4569">
    <p class='ocr_par' dir='ltr' id='par_1_95' title="bbox 392 4491 1964 4569">
     <span class='ocr_line' id='line_1_95' title="bbox 392 4491 1964 4569; baseline 0.005 -25"><span class='ocrx_word' id='word_1_682' title='bbox 392 4491 554 4564; x_wconf 90' lang='lat' dir='ltr'><strong>liquis</strong></span> <span class='ocrx_word' id='word_1_683' title='bbox 577 4494 773 4564; x_wconf 88' lang='lat' dir='ltr'><strong>signis,</strong></span> <span class='ocrx_word' id='word_1_684' title='bbox 806 4495 991 4565; x_wconf 85' lang='lat' dir='ltr'><strong>Libra,</strong></span> <span class='ocrx_word' id='word_1_685' title='bbox 1025 4497 1279 4569; x_wconf 87' lang='lat' dir='ltr'><strong>Scorpio,</strong></span> <span class='ocrx_word' id='word_1_686' title='bbox 1312 4497 1627 4569; x_wconf 86' lang='lat' dir='ltr'><strong>Sagittario,</strong></span> <span class='ocrx_word' id='word_1_687' title='bbox 1673 4499 1964 4569; x_wconf 87' lang='lat' dir='ltr'><strong>Capricor-</strong></span> 
     </span>
    </p>
   </div>
   <div class='ocr_carea' id='block_1_96' title="bbox 389 4585 1964 4662">
    <p class='ocr_par' dir='ltr' id='par_1_96' title="bbox 389 4585 1964 4662">
     <span class='ocr_line' id='line_1_96' title="bbox 389 4585 1964 4662; baseline 0.005 -23"><span class='ocrx_word' id='word_1_688' title='bbox 389 4601 485 4653; x_wconf 90' lang='lat' dir='ltr'><strong>no,</strong></span> <span class='ocrx_word' id='word_1_689' title='bbox 521 4585 764 4659; x_wconf 83' lang='lat' dir='ltr'><strong>Aquario</strong></span> <span class='ocrx_word' id='word_1_690' title='bbox 812 4597 868 4644; x_wconf 89' lang='lat' dir='ltr'><strong>et</strong></span> <span class='ocrx_word' id='word_1_691' title='bbox 909 4587 1183 4660; x_wconf 84' lang='lat' dir='ltr'><strong>Piscibus,</strong></span> <span class='ocrx_word' id='word_1_692' title='bbox 1222 4591 1316 4662; x_wconf 91' lang='lat' dir='ltr'><strong>qui</strong></span> <span class='ocrx_word' id='word_1_693' title='bbox 1347 4606 1543 4648; x_wconf 88' lang='lat' dir='ltr'><strong>rursus</strong></span> <span class='ocrx_word' id='word_1_694' title='bbox 1586 4591 1964 4647; x_wconf 82' lang='lat' dir='ltr'><strong>semicirculus</strong></span> 
     </span>
    </p>
   </div>
   <div class='ocr_carea' id='block_1_97' title="bbox 461 4744 1571 4818">
    <p class='ocr_par' dir='ltr' id='par_1_97' title="bbox 461 4744 1571 4818">
     <span class='ocr_line' id='line_1_97' title="bbox 461 4744 1571 4818; baseline 0.002 -18"><span class='ocrx_word' id='word_1_695' title='bbox 461 4744 511 4775; x_wconf 81' lang='lat'><strong>”</strong></span> <span class='ocrx_word' id='word_1_696' title='bbox 545 4764 636 4817; x_wconf 64' lang='grc' dir='ltr'><strong>πο.</strong></span> <span class='ocrx_word' id='word_1_697' title='bbox 669 4746 1072 4818; x_wconf 72' lang='grc' dir='ltr'>λαμϐάνουσαν.</span> <span class='ocrx_word' id='word_1_698' title='bbox 1127 4748 1174 4780; x_wconf 75' lang='grc'><strong>³⁸</strong></span> <span class='ocrx_word' id='word_1_699' title='bbox 1207 4749 1248 4817; x_wconf 81' lang='grc' dir='ltr'><strong>Ῑ.</strong></span> <span class='ocrx_word' id='word_1_700' title='bbox 1285 4749 1571 4817; x_wconf 83' lang='grc' dir='ltr'>νυχιαίων..</span> 
     </span>
    </p>
   </div>
   <div class='ocr_carea' id='block_1_98' title="bbox 459 4901 1971 4977">
    <p class='ocr_par' dir='ltr' id='par_1_98' title="bbox 459 4901 1971 4977">
     <span class='ocr_line' id='line_1_98' title="bbox 459 4901 1971 4977; baseline 0.003 -19"><span class='ocrx_word' id='word_1_701' title='bbox 459 4904 570 4975; x_wconf 71' lang='grc'>(25)</span> <span class='ocrx_word' id='word_1_702' title='bbox 612 4905 795 4977; x_wconf 63' lang='grc' dir='ltr'>’(Ωστε</span> <span class='ocrx_word' id='word_1_703' title='bbox 844 4903 1071 4977; x_wconf 68' lang='grc' dir='ltr'>σχεδρν</span> <span class='ocrx_word' id='word_1_704' title='bbox 1113 4905 1205 4977; x_wconf 56' lang='lat' dir='ltr'><strong>sgf</strong></span> <span class='ocrx_word' id='word_1_705' title='bbox 1232 4901 1556 4977; x_wconf 19' lang='grc' dir='ltr'>ἡμέραςλμν.</span> <span class='ocrx_word' id='word_1_706' title='bbox 1616 4903 1859 4977; x_wconf 87' lang='lat' dir='ltr'><strong>Scaliger</strong></span> <span class='ocrx_word' id='word_1_707' title='bbox 1914 4908 1971 4962; x_wconf 89' lang='lat' dir='ltr'><strong>in</strong></span> 
     </span>
    </p>
   </div>
   <div class='ocr_carea' id='block_1_99' title="bbox 387 4973 1788 5044">
    <p class='ocr_par' dir='ltr' id='par_1_99' title="bbox 387 4973 1788 5044">
     <span class='ocr_line' id='line_1_99' title="bbox 387 4973 1788 5044; baseline 0.003 -16"><span class='ocrx_word' id='word_1_708' title='bbox 387 4973 543 5030; x_wconf 83' lang='lat' dir='ltr'><strong>Notis</strong></span> <span class='ocrx_word' id='word_1_709' title='bbox 577 4975 644 5030; x_wconf 88' lang='lat' dir='ltr'><strong>ad</strong></span> <span class='ocrx_word' id='word_1_710' title='bbox 677 4976 874 5030; x_wconf 89' lang='lat' dir='ltr'><strong>librum</strong></span> <span class='ocrx_word' id='word_1_711' title='bbox 904 4989 964 5027; x_wconf 90' lang='grc' dir='ltr'><strong>ιιι</strong></span> <span class='ocrx_word' id='word_1_712' title='bbox 1001 4973 1226 5038; x_wconf 83' lang='lat' dir='ltr'><strong>Manilii,</strong></span> <span class='ocrx_word' id='word_1_713' title='bbox 1257 4976 1419 5028; x_wconf 80' lang='lat' dir='ltr'><strong>verba</strong></span> <span class='ocrx_word' id='word_1_714' title='bbox 1447 4973 1538 5029; x_wconf 87' lang='lat' dir='ltr'><strong>illa</strong></span> <span class='ocrx_word' id='word_1_715' title='bbox 1563 4984 1734 5044; x_wconf 72' lang='lat' dir='ltr'><strong>poeta:</strong></span> <span class='ocrx_word' id='word_1_716' title='bbox 1767 4973 1788 5032; x_wconf 75' lang='grc' dir='ltr'>Ξ</span> 
     </span>
    </p>
   </div>
   <div class='ocr_carea' id='block_1_100' title="bbox 499 5064 1866 5138">
    <p class='ocr_par' dir='ltr' id='par_1_100' title="bbox 499 5064 1866 5138">
     <span class='ocr_line' id='line_1_100' title="bbox 499 5064 1866 5138; baseline 0.001 -17"><span class='ocrx_word' id='word_1_717' title='bbox 499 5065 720 5137; x_wconf 77' lang='lat' dir='ltr'><strong>Statque</strong></span> <span class='ocrx_word' id='word_1_718' title='bbox 751 5081 854 5118; x_wconf 82' lang='lat' dir='ltr'><strong>uno</strong></span> <span class='ocrx_word' id='word_1_719' title='bbox 875 5077 1069 5118; x_wconf 86' lang='lat' dir='ltr'><strong>natura</strong></span> <span class='ocrx_word' id='word_1_720' title='bbox 1104 5066 1242 5131; x_wconf 82' lang='lat' dir='ltr'><strong>loco,</strong></span> <span class='ocrx_word' id='word_1_721' title='bbox 1270 5064 1588 5136; x_wconf 85' lang='lat' dir='ltr'><strong>paulumque</strong></span> <span class='ocrx_word' id='word_1_722' title='bbox 1609 5069 1866 5138; x_wconf 79' lang='lat' dir='ltr'><strong>quiescit;</strong></span> 
     </span>
    </p>
   </div>
   <div class='ocr_carea' id='block_1_101' title="bbox 389 5155 1979 5222">
    <p class='ocr_par' dir='ltr' id='par_1_101' title="bbox 389 5155 1979 5222">
     <span class='ocr_line' id='line_1_101' title="bbox 389 5155 1979 5222; baseline 0.003 -12"><span class='ocrx_word' id='word_1_723' title='bbox 389 5159 459 5212; x_wconf 84' lang='lat' dir='ltr'><strong>ad</strong></span> <span class='ocrx_word' id='word_1_724' title='bbox 503 5175 567 5213; x_wconf 91' lang='lat' dir='ltr'><strong>ea</strong></span> <span class='ocrx_word' id='word_1_725' title='bbox 616 5158 809 5221; x_wconf 83' lang='lat' dir='ltr'><strong>refert,</strong></span> <span class='ocrx_word' id='word_1_726' title='bbox 845 5172 967 5222; x_wconf 69' lang='lat' dir='ltr'><strong>quae</strong></span> <span class='ocrx_word' id='word_1_727' title='bbox 1021 5157 1124 5212; x_wconf 87' lang='lat' dir='ltr'><strong>hoc</strong></span> <span class='ocrx_word' id='word_1_728' title='bbox 1174 5158 1296 5212; x_wconf 89' lang='lat' dir='ltr'><strong>loco</strong></span> <span class='ocrx_word' id='word_1_729' title='bbox 1325 5155 1585 5214; x_wconf 87' lang='lat' dir='ltr'><strong>Geminus</strong></span> <span class='ocrx_word' id='word_1_730' title='bbox 1628 5159 1696 5215; x_wconf 91' lang='lat' dir='ltr'><strong>de</strong></span> <span class='ocrx_word' id='word_1_731' title='bbox 1735 5159 1979 5216; x_wconf 88' lang='lat' dir='ltr'><strong>solstitio</strong></span> 
     </span>
    </p>
   </div>
   <div class='ocr_carea' id='block_1_102' title="bbox 2069 4496 3651 4570">
    <p class='ocr_par' dir='ltr' id='par_1_102' title="bbox 2069 4496 3651 4570">
     <span class='ocr_line' id='line_1_102' title="bbox 2069 4496 3651 4570; baseline -0.003 -17"><span class='ocrx_word' id='word_1_732' title='bbox 2069 4501 2176 4562; x_wconf 83' lang='grc' dir='ltr'><strong>τῶν</strong></span> <span class='ocrx_word' id='word_1_733' title='bbox 2210 4498 2417 4553; x_wconf 85' lang='grc' dir='ltr'>νυκτῶν</span> <span class='ocrx_word' id='word_1_734' title='bbox 2448 4501 2506 4554; x_wconf 82' lang='grc' dir='ltr'><strong>ἐν</strong></span> <span class='ocrx_word' id='word_1_735' title='bbox 2554 4496 2870 4564; x_wconf 64' lang='grc' dir='ltr'>ἐξζωδίοις,</span> <span class='ocrx_word' id='word_1_736' title='bbox 2897 4498 3070 4570; x_wconf 83' lang='grc' dir='ltr'>Χριῷ,</span> <span class='ocrx_word' id='word_1_737' title='bbox 3114 4498 3336 4569; x_wconf 84' lang='grc' dir='ltr'>Ταύρῳ,</span> <span class='ocrx_word' id='word_1_738' title='bbox 3380 4497 3651 4569; x_wconf 87' lang='grc' dir='ltr'>Διδύμοις,</span> 
     </span>
    </p>
   </div>
   <div class='ocr_carea' id='block_1_103' title="bbox 2072 4585 3650 4674">
    <p class='ocr_par' dir='ltr' id='par_1_103' title="bbox 2072 4585 3650 4674">
     <span class='ocr_line' id='line_1_103' title="bbox 2072 4585 3650 4674; baseline -0.004 -28"><span class='ocrx_word' id='word_1_739' title='bbox 2072 4591 2355 4666; x_wconf 79' lang='grc' dir='ltr'>Καρκίνῳ,</span> <span class='ocrx_word' id='word_1_740' title='bbox 2397 4591 2608 4660; x_wconf 82' lang='grc' dir='ltr'>Λέοντι,</span> <span class='ocrx_word' id='word_1_741' title='bbox 2645 4590 2940 4674; x_wconf 71' lang='grc' dir='ltr'>Παρθένῳο</span> <span class='ocrx_word' id='word_1_742' title='bbox 2983 4592 3119 4665; x_wconf 83' lang='grc' dir='ltr'>ὅπερ</span> <span class='ocrx_word' id='word_1_743' title='bbox 3178 4588 3509 4662; x_wconf 80' lang='grc' dir='ltr'>ἡμικύκλιον</span> <span class='ocrx_word' id='word_1_744' title='bbox 3559 4585 3650 4641; x_wconf 80' lang='grc' dir='ltr'><strong>τοῦ</strong></span> 
     </span>
    </p>
   </div>
   <div class='ocr_carea' id='block_1_104' title="bbox 2074 4905 3653 5032">
    <p class='ocr_par' dir='ltr' id='par_1_104' title="bbox 2074 4905 3653 5032">
     <span class='ocr_line' id='line_1_104' title="bbox 2074 4905 3653 5032; baseline -0.001 -70"><span class='ocrx_word' id='word_1_745' title='bbox 2074 4906 2225 5032; x_wconf 49' lang='lat' dir='ltr'><strong>relut</strong></span> <span class='ocrx_word' id='word_1_746' title='bbox 2273 4905 2526 4978; x_wconf 87' lang='lat' dir='ltr'><strong>generale</strong></span> <span class='ocrx_word' id='word_1_747' title='bbox 2561 4905 2835 4976; x_wconf 89' lang='lat' dir='ltr'><strong>quoddam</strong></span> <span class='ocrx_word' id='word_1_748' title='bbox 2874 4915 3083 4963; x_wconf 72' lang='lat' dir='ltr'><strong>natura</strong></span> <span class='ocrx_word' id='word_1_749' title='bbox 3135 4906 3411 4977; x_wconf 76' lang='lat' dir='ltr'><strong>iustitium</strong></span> <span class='ocrx_word' id='word_1_750' title='bbox 3461 4905 3653 4962; x_wconf 90' lang='lat' dir='ltr'><strong>indici-</strong></span> 
     </span>
     <span class='ocr_line' id='line_1_105' title="bbox 2098 4995 2198 5032; baseline 0 0"><span class='ocrx_word' id='word_1_751' title='bbox 2098 4995 2198 5032; x_wconf 93' lang='lat' dir='ltr'><strong>ur:</strong></span> 
     </span>
    </p>
   </div>
   <div class='ocr_carea' id='block_1_105' title="bbox 2098 4995 2198 5032">
    <p class='ocr_par' dir='ltr' id='par_1_105' title="bbox 2098 4995 2198 5032">
     <span class='ocr_line' id='line_1_106' title="bbox 2098 4995 2198 5032; baseline 0 0"><span class='ocrx_word' id='word_1_752' title='bbox 2098 4995 2198 5032; x_wconf 75' lang='lat' dir='ltr'><strong>lll&#39;:</strong></span> 
     </span>
    </p>
   </div>
   <div class='ocr_carea' id='block_1_106' title="bbox 2086 5069 3650 5141">
    <p class='ocr_par' dir='ltr' id='par_1_106' title="bbox 2086 5069 3650 5141">
     <span class='ocr_line' id='line_1_107' title="bbox 2086 5069 3650 5141; baseline 0 -19"><span class='ocrx_word' id='word_1_753' title='bbox 2086 5073 2230 5141; x_wconf 65' lang='lat' dir='ltr'><strong>Tunc</strong></span> <span class='ocrx_word' id='word_1_754' title='bbox 2252 5070 2382 5140; x_wconf 81' lang='lat' dir='ltr'><strong>riget</strong></span> <span class='ocrx_word' id='word_1_755' title='bbox 2407 5069 2576 5125; x_wconf 81' lang='lat' dir='ltr'><strong>omnis</strong></span> <span class='ocrx_word' id='word_1_756' title='bbox 2605 5087 2752 5141; x_wconf 74' lang='lat' dir='ltr'><strong>ager,</strong></span> <span class='ocrx_word' id='word_1_757' title='bbox 2768 5069 3008 5124; x_wconf 81' lang='lat' dir='ltr'><strong>clausum</strong></span> <span class='ocrx_word' id='word_1_758' title='bbox 3037 5086 3202 5130; x_wconf 75' lang='lat' dir='ltr'><strong>mare,</strong></span> <span class='ocrx_word' id='word_1_759' title='bbox 3221 5069 3438 5123; x_wconf 83' lang='lat' dir='ltr'><strong>condita</strong></span> <span class='ocrx_word' id='word_1_760' title='bbox 3454 5077 3650 5122; x_wconf 80' lang='lat' dir='ltr'><strong>castra.</strong></span> 
     </span>
    </p>
   </div>
   <div class='ocr_carea' id='block_1_107' title="bbox 2084 5138 3407 5195">
    <p class='ocr_par' dir='ltr' id='par_1_107' title="bbox 2084 5138 3407 5195">
     <span class='ocr_line' id='line_1_108' title="bbox 2084 5138 3407 5195; baseline 0.002 -3"><span class='ocrx_word' id='word_1_761' title='bbox 2084 5138 2198 5194; x_wconf 86' lang='lat' dir='ltr'><strong>Nec</strong></span> <span class='ocrx_word' id='word_1_762' title='bbox 2235 5138 2463 5194; x_wconf 72' lang='lat' dir='ltr'><strong>tolerant</strong></span> <span class='ocrx_word' id='word_1_763' title='bbox 2495 5138 2694 5194; x_wconf 74' lang='lat' dir='ltr'><strong>medius</strong></span> <span class='ocrx_word' id='word_1_764' title='bbox 2729 5139 2922 5194; x_wconf 72' lang='lat' dir='ltr'><strong>hiemes</strong></span> <span class='ocrx_word' id='word_1_765' title='bbox 2947 5141 3218 5195; x_wconf 82' lang='lat' dir='ltr'><strong>horrentia</strong></span> <span class='ocrx_word' id='word_1_766' title='bbox 3246 5155 3407 5194; x_wconf 70' lang='lat' dir='ltr'><strong>saxa.</strong></span> 
     </span>
    </p>
   </div>
   <div class='ocr_carea' id='block_1_108' title="bbox 391 5210 1954 5298">
    <p class='ocr_par' dir='ltr' id='par_1_108' title="bbox 391 5210 1954 5298">
     <span class='ocr_line' id='line_1_109' title="bbox 391 5210 1954 5298; baseline 0.001 -16"><span class='ocrx_word' id='word_1_767' title='bbox 391 5210 994 5298; x_wconf 43' lang='lat' dir='ltr'><strong>proximis-inermibus</strong></span> <span class='ocrx_word' id='word_1_768' title='bbox 1023 5210 1252 5289; x_wconf 31' lang='lat' dir='ltr'><strong>&quot;narrat,</strong></span> <span class='ocrx_word' id='word_1_769' title='bbox 1275 5210 1579 5282; x_wconf 10' lang='lat' dir='ltr'><strong>inin—liriim&#39;</strong></span> <span class='ocrx_word' id='word_1_770' title='bbox 1615 5210 1693 5284; x_wconf 34' lang='lat' dir='ltr'><strong>xvi:</strong></span> <span class='ocrx_word' id='word_1_771' title='bbox 1735 5210 1954 5286; x_wconf 63' lang='grc' dir='ltr'><strong>⁷6ιῖέίίῶ</strong></span> 
     </span>
    </p>
   </div>
   <div class='ocr_carea' id='block_1_109' title="bbox 2100 5210 3430 5298">
    <p class='ocr_par' dir='ltr' id='par_1_109' title="bbox 2100 5210 3430 5281">
     <span class='ocr_line' id='line_1_110' title="bbox 2100 5210 3430 5281; baseline 0.001 -17"><span class='ocrx_word' id='word_1_772' title='bbox 2100 5210 2304 5281; x_wconf 68' lang='lat' dir='ltr'><strong>Statque</strong></span> <span class='ocrx_word' id='word_1_773' title='bbox 2337 5227 2441 5264; x_wconf 86' lang='lat' dir='ltr'><strong>uno</strong></span> <span class='ocrx_word' id='word_1_774' title='bbox 2469 5220 2664 5265; x_wconf 88' lang='lat' dir='ltr'><strong>natura</strong></span> <span class='ocrx_word' id='word_1_775' title='bbox 2688 5212 2822 5274; x_wconf 85' lang='lat' dir='ltr'><strong>loco,</strong></span> <span class='ocrx_word' id='word_1_776' title='bbox 2853 5211 3169 5281; x_wconf 82' lang='lat' dir='ltr'><strong>paulumque</strong></span> <span class='ocrx_word' id='word_1_777' title='bbox 3190 5211 3430 5280; x_wconf 77' lang='lat' dir='ltr'><strong>quiescit.</strong></span> 
     </span>
    </p>
   </div>
   <div class='ocr_carea' id='block_1_110' title="bbox 390 5297 1972 5369">
    <p class='ocr_par' dir='ltr' id='par_1_110' title="bbox 390 5297 1972 5369">
     <span class='ocr_line' id='line_1_111' title="bbox 390 5297 1972 5369; baseline 0.004 -19"><span class='ocrx_word' id='word_1_778' title='bbox 390 5299 510 5355; x_wconf 88' lang='lat' dir='ltr'><strong>dies</strong></span> <span class='ocrx_word' id='word_1_779' title='bbox 548 5315 688 5369; x_wconf 87' lang='lat' dir='ltr'><strong>pene</strong></span> <span class='ocrx_word' id='word_1_780' title='bbox 739 5297 1022 5369; x_wconf 75' lang='lat' dir='ltr'><strong>immotum</strong></span> <span class='ocrx_word' id='word_1_781' title='bbox 1048 5298 1102 5351; x_wconf 92' lang='lat' dir='ltr'><strong>in</strong></span> <span class='ocrx_word' id='word_1_782' title='bbox 1146 5298 1358 5369; x_wconf 84' lang='lat' dir='ltr'><strong>tropico</strong></span> <span class='ocrx_word' id='word_1_783' title='bbox 1405 5300 1613 5353; x_wconf 87' lang='lat' dir='ltr'><strong>circulo</strong></span> <span class='ocrx_word' id='word_1_784' title='bbox 1665 5301 1972 5357; x_wconf 86' lang='lat' dir='ltr'><strong>consistere</strong></span> 
     </span>
    </p>
   </div>
   <div class='ocr_carea' id='block_1_111' title="bbox 390 5365 1972 5436">
    <p class='ocr_par' dir='ltr' id='par_1_111' title="bbox 390 5365 1972 5436">
     <span class='ocr_line' id='line_1_112' title="bbox 390 5365 1972 5436; baseline 0.004 -15"><span class='ocrx_word' id='word_1_785' title='bbox 390 5365 565 5424; x_wconf 74' lang='lat' dir='ltr'><strong>solem</strong></span> <span class='ocrx_word' id='word_1_786' title='bbox 596 5369 672 5430; x_wconf 85' lang='grc' dir='ltr'>ὡς</span> <span class='ocrx_word' id='word_1_787' title='bbox 699 5365 837 5436; x_wconf 66' lang='grc' dir='ltr'>προς</span> <span class='ocrx_word' id='word_1_788' title='bbox 861 5366 1128 5436; x_wconf 70' lang='grc' dir='ltr'>αἴσθησιν.</span> <span class='ocrx_word' id='word_1_789' title='bbox 1159 5365 1264 5424; x_wconf 83' lang='lat' dir='ltr'><strong>Sed</strong></span> <span class='ocrx_word' id='word_1_790' title='bbox 1287 5370 1522 5424; x_wconf 83' lang='lat' dir='ltr'><strong>alienum</strong></span> <span class='ocrx_word' id='word_1_791' title='bbox 1553 5370 1605 5424; x_wconf 92' lang='lat' dir='ltr'><strong>id</strong></span> <span class='ocrx_word' id='word_1_792' title='bbox 1629 5379 1714 5425; x_wconf 89' lang='lat' dir='ltr'><strong>est</strong></span> <span class='ocrx_word' id='word_1_793' title='bbox 1734 5386 1763 5424; x_wconf 89' lang='lat' dir='ltr'><strong>a</strong></span> <span class='ocrx_word' id='word_1_794' title='bbox 1790 5380 1972 5427; x_wconf 84' lang='lat' dir='ltr'><strong>mente</strong></span> 
     </span>
    </p>
   </div>
   <div class='ocr_carea' id='block_1_112' title="bbox 390 5435 1968 5510">
    <p class='ocr_par' dir='ltr' id='par_1_112' title="bbox 390 5435 1968 5510">
     <span class='ocr_line' id='line_1_113' title="bbox 390 5435 1968 5510; baseline 0.003 -18"><span class='ocrx_word' id='word_1_795' title='bbox 390 5435 754 5510; x_wconf 33' lang='lat' dir='ltr'><strong>Manilii,qui_’</strong></span> <span class='ocrx_word' id='word_1_796' title='bbox 777 5435 844 5489; x_wconf 90' lang='lat' dir='ltr'><strong>de</strong></span> <span class='ocrx_word' id='word_1_797' title='bbox 872 5435 1100 5492; x_wconf 86' lang='lat' dir='ltr'><strong>hiberno</strong></span> <span class='ocrx_word' id='word_1_798' title='bbox 1131 5441 1371 5510; x_wconf 87' lang='lat' dir='ltr'><strong>tempore</strong></span> <span class='ocrx_word' id='word_1_799' title='bbox 1401 5440 1665 5508; x_wconf 83' lang='lat' dir='ltr'><strong>loquitur,</strong></span> <span class='ocrx_word' id='word_1_800' title='bbox 1700 5456 1794 5509; x_wconf 86' lang='lat' dir='ltr'><strong>per</strong></span> <span class='ocrx_word' id='word_1_801' title='bbox 1822 5442 1968 5510; x_wconf 85' lang='lat' dir='ltr'><strong>quod</strong></span> 
     </span>
    </p>
   </div>
   <div class='ocr_carea' id='block_1_113' title="bbox 391 5505 1969 5579">
    <p class='ocr_par' dir='ltr' id='par_1_113' title="bbox 391 5505 1969 5579">
     <span class='ocr_line' id='line_1_114' title="bbox 391 5505 1969 5579; baseline 0.003 -17"><span class='ocrx_word' id='word_1_802' title='bbox 391 5509 562 5579; x_wconf 68' lang='lat' dir='ltr'><strong>inuria</strong></span> <span class='ocrx_word' id='word_1_803' title='bbox 593 5505 962 5572; x_wconf 76' lang='lat' dir='ltr'><strong>clauduntur;</strong></span> <span class='ocrx_word' id='word_1_804' title='bbox 992 5525 1097 5579; x_wconf 88' lang='lat' dir='ltr'><strong>nec</strong></span> <span class='ocrx_word' id='word_1_805' title='bbox 1140 5505 1258 5564; x_wconf 49' lang='lat' dir='ltr'><strong>non—</strong></span> <span class='ocrx_word' id='word_1_806' title='bbox 1279 5518 1422 5564; x_wconf 88' lang='lat' dir='ltr'><strong>terra</strong></span> <span class='ocrx_word' id='word_1_807' title='bbox 1457 5505 1572 5579; x_wconf 72' lang='lat' dir='ltr'><strong>ipsa</strong></span> <span class='ocrx_word' id='word_1_808' title='bbox 1599 5505 1793 5566; x_wconf 80' lang='lat' dir='ltr'><strong>&#39;tninus</strong></span> <span class='ocrx_word' id='word_1_809' title='bbox 1825 5505 1969 5566; x_wconf 78' lang='lat' dir='ltr'><strong>ultro</strong></span> 
     </span>
    </p>
   </div>
   <div class='ocr_carea' id='block_1_114' title="bbox 390 5577 1986 5661">
    <p class='ocr_par' dir='ltr' id='par_1_114' title="bbox 390 5577 1986 5661">
     <span class='ocr_line' id='line_1_115' title="bbox 390 5577 1986 5661; baseline 0.004 -32"><span class='ocrx_word' id='word_1_810' title='bbox 390 5577 638 5661; x_wconf 54' lang='lat' dir='ltr'><strong>citroque</strong></span> <span class='ocrx_word' id='word_1_811' title='bbox 675 5578 1110 5661; x_wconf 68' lang='lat' dir='ltr'><strong>commeantibus</strong></span> <span class='ocrx_word' id='word_1_812' title='bbox 1143 5591 1308 5650; x_wconf 89' lang='lat' dir='ltr'><strong>patet.</strong></span> <span class='ocrx_word' id='word_1_813' title='bbox 1335 5577 1498 5661; x_wconf 82' lang='lat' dir='ltr'><strong>_Certe</strong></span> <span class='ocrx_word' id='word_1_814' title='bbox 1520 5588 1742 5661; x_wconf 60' lang='lat' dir='ltr'><strong>promer</strong></span> <span class='ocrx_word' id='word_1_815' title='bbox 1774 5581 1986 5637; x_wconf 80' lang='lat' dir='ltr'><strong>hiemis-</strong></span> 
     </span>
    </p>
   </div>
   <div class='ocr_carea' id='block_1_115' title="bbox 390 5647 1966 5714">
    <p class='ocr_par' dir='ltr' id='par_1_115' title="bbox 390 5647 1966 5714">
     <span class='ocr_line' id='line_1_116' title="bbox 390 5647 1966 5714; baseline 0.003 -12"><span class='ocrx_word' id='word_1_816' title='bbox 390 5647 803 5702; x_wconf 86' lang='lat' dir='ltr'><strong>inclementiam</strong></span> <span class='ocrx_word' id='word_1_817' title='bbox 845 5650 1000 5701; x_wconf 80' lang='lat' dir='ltr'><strong>tectis</strong></span> <span class='ocrx_word' id='word_1_818' title='bbox 1038 5647 1160 5705; x_wconf 73' lang='lat' dir='ltr'><strong>sese</strong></span> <span class='ocrx_word' id='word_1_819' title='bbox 1205 5652 1487 5704; x_wconf 86' lang='lat' dir='ltr'><strong>continent</strong></span> <span class='ocrx_word' id='word_1_820' title='bbox 1520 5647 1806 5714; x_wconf 72' lang='lat' dir='ltr'><strong>homines,</strong></span> <span class='ocrx_word' id='word_1_821' title='bbox 1853 5659 1906 5704; x_wconf 88' lang='lat' dir='ltr'><strong>et</strong></span> <span class='ocrx_word' id='word_1_822' title='bbox 1936 5669 1966 5706; x_wconf 86' lang='lat' dir='ltr'><strong>a</strong></span> 
     </span>
    </p>
   </div>
   <div class='ocr_carea' id='block_1_116' title="bbox 382 5717 1965 5793">
    <p class='ocr_par' dir='ltr' id='par_1_116' title="bbox 382 5717 1965 5793">
     <span class='ocr_line' id='line_1_117' title="bbox 382 5717 1965 5793; baseline 0.003 -19"><span class='ocrx_word' id='word_1_823' title='bbox 382 5717 552 5775; x_wconf 77' lang='lat' dir='ltr'><strong>bellis</strong></span> <span class='ocrx_word' id='word_1_824' title='bbox 599 5717 912 5783; x_wconf 84' lang='lat' dir='ltr'><strong>abstinent;</strong></span> <span class='ocrx_word' id='word_1_825' title='bbox 965 5735 1028 5776; x_wconf 89' lang='lat' dir='ltr'><strong>ac</strong></span> <span class='ocrx_word' id='word_1_826' title='bbox 1073 5721 1174 5778; x_wconf 74' lang='lat' dir='ltr'><strong>sub</strong></span> <span class='ocrx_word' id='word_1_827' title='bbox 1209 5722 1443 5793; x_wconf 83' lang='lat' dir='ltr'><strong>pellibus</strong></span> <span class='ocrx_word' id='word_1_828' title='bbox 1497 5719 1738 5778; x_wconf 84' lang='lat' dir='ltr'><strong>hiemant</strong></span> <span class='ocrx_word' id='word_1_829' title='bbox 1775 5739 1790 5778; x_wconf 84' lang='lat'><strong>:</strong></span> <span class='ocrx_word' id='word_1_830' title='bbox 1842 5722 1965 5779; x_wconf 87' lang='lat' dir='ltr'><strong>ideo</strong></span> 
     </span>
    </p>
   </div>
   <div class='ocr_carea' id='block_1_117' title="bbox 2149 5301 3651 5379">
    <p class='ocr_par' dir='ltr' id='par_1_117' title="bbox 2149 5301 3651 5379">
     <span class='ocr_line' id='line_1_118' title="bbox 2149 5301 3651 5379; baseline -0.002 -24"><span class='ocrx_word' id='word_1_831' title='bbox 2149 5301 2261 5379; x_wconf 59' lang='lat'><strong>(9.6)</strong></span> <span class='ocrx_word' id='word_1_832' title='bbox 2294 5303 2458 5356; x_wconf 85' lang='grc' dir='ltr'>Κατὰ</span> <span class='ocrx_word' id='word_1_833' title='bbox 2502 5303 2609 5370; x_wconf 84' lang='grc' dir='ltr'>τὰς</span> <span class='ocrx_word' id='word_1_834' title='bbox 2637 5303 2859 5372; x_wconf 79' lang='grc' dir='ltr'>τροπὰς</span> <span class='ocrx_word' id='word_1_835' title='bbox 2900 5302 3144 5379; x_wconf 71' lang='grc' dir='ltr'>γίνεται.</span> <span class='ocrx_word' id='word_1_836' title='bbox 3195 5301 3509 5376; x_wconf 86' lang='lat' dir='ltr'><strong>Legendum</strong></span> <span class='ocrx_word' id='word_1_837' title='bbox 3569 5307 3651 5354; x_wconf 88' lang='lat' dir='ltr'><strong>est</strong></span> 
     </span>
    </p>
   </div>
   <div class='ocr_carea' id='block_1_118' title="bbox 2077 5374 3652 5526">
    <p class='ocr_par' dir='ltr' id='par_1_118' title="bbox 2077 5374 3652 5526">
     <span class='ocr_line' id='line_1_119' title="bbox 2077 5374 3652 5526; baseline -0.004 -29"><span class='ocrx_word' id='word_1_838' title='bbox 2295 5444 2404 5526; x_wconf 64' lang='lat' dir='ltr'><strong>Kai</strong></span> <span class='ocrx_word' id='word_1_839' title='bbox 2437 5445 2546 5526; x_wconf 45' lang='grc' dir='ltr'><em>ἐπὶ·</em></span> <span class='ocrx_word' id='word_1_840' title='bbox 2577 5442 2986 5526; x_wconf 69' lang='grc' dir='ltr'>πολὺ·</span> <span class='ocrx_word' id='word_1_841' title='bbox 3007 5443 3220 5526; x_wconf 54' lang='grc' dir='ltr'>ῌοωρε</span> <span class='ocrx_word' id='word_1_842' title='bbox 3272 5443 3349 5506; x_wconf 86' lang='grc' dir='ltr'>ὼς</span> <span class='ocrx_word' id='word_1_843' title='bbox 3394 5440 3652 5526; x_wconf 50' lang='lat' dir='ltr'><strong>ergogo!-</strong></span> 
     </span>
    </p>
   </div>
   <div class='ocr_carea' id='block_1_119' title="bbox 2076 5513 3647 5641">
    <p class='ocr_par' dir='ltr' id='par_1_119' title="bbox 2076 5513 3647 5641">
     <span class='ocr_line' id='line_1_120' title="bbox 2076 5513 3647 5586; baseline -0.001 -20"><span class='ocrx_word' id='word_1_844' title='bbox 2076 5513 2288 5583; x_wconf 79' lang='grc' dir='ltr'>σθησιν,</span> <span class='ocrx_word' id='word_1_845' title='bbox 2331 5525 2390 5570; x_wconf 90' lang='lat' dir='ltr'><strong>ut</strong></span> <span class='ocrx_word' id='word_1_846' title='bbox 2423 5516 2585 5586; x_wconf 86' lang='lat' dir='ltr'><strong>paulo</strong></span> <span class='ocrx_word' id='word_1_847' title='bbox 2615 5513 2931 5570; x_wconf 22' lang='lat' dir='ltr'><strong>ante‘dixit.</strong></span> <span class='ocrx_word' id='word_1_848' title='bbox 2958 5515 3077 5571; x_wconf 82' lang='lat' dir='ltr'><strong>Alio</strong></span> <span class='ocrx_word' id='word_1_849' title='bbox 3121 5513 3170 5568; x_wconf 81' lang='lat' dir='ltr'><strong>ui</strong></span> <span class='ocrx_word' id='word_1_850' title='bbox 3206 5514 3261 5568; x_wconf 90' lang='lat' dir='ltr'><strong>in</strong></span> <span class='ocrx_word' id='word_1_851' title='bbox 3293 5529 3407 5566; x_wconf 90' lang='lat' dir='ltr'><strong>uno</strong></span> <span class='ocrx_word' id='word_1_852' title='bbox 3442 5513 3647 5569; x_wconf 85' lang='lat' dir='ltr'><strong>tantum</strong></span> 
     </span>
     <span class='ocr_line' id='line_1_121' title="bbox 2076 5531 3646 5641; baseline 0 0"><span class='ocrx_word' id='word_1_853' title='bbox 2076 5594 2276 5641; x_wconf 84' lang='lat' dir='ltr'><strong>nuncto</strong></span> <span class='ocrx_word' id='word_1_854' title='bbox 2314 5587 2372 5639; x_wconf 86' lang='lat' dir='ltr'><strong>ﬁt</strong></span> <span class='ocrx_word' id='word_1_855' title='bbox 2410 5591 2707 5641; x_wconf 89' lang='lat' dir='ltr'><strong>contactus</strong></span> <span class='ocrx_word' id='word_1_856' title='bbox 2751 5587 2861 5641; x_wconf 91' lang='lat' dir='ltr'><strong>ille.</strong></span> <span class='ocrx_word' id='word_1_857' title='bbox 2903 5583 3038 5641; x_wconf 81' lang='lat' dir='ltr'><strong>Vide</strong></span> <span class='ocrx_word' id='word_1_858' title='bbox 3077 5531 3451 5641; x_wconf 54' lang='lat' dir='ltr'><strong>ﬁinnarchum</strong></span> <span class='ocrx_word' id='word_1_859' title='bbox 3485 5581 3576 5640; x_wconf 90' lang='lat' dir='ltr'><strong>lib.</strong></span> <span class='ocrx_word' id='word_1_860' title='bbox 3607 5575 3646 5641; x_wconf 81' lang='grc' dir='ltr'><strong>ἰ.</strong></span> 
     </span>
    </p>
   </div>
   <div class='ocr_carea' id='block_1_120' title="bbox 2073 5575 3646 5656">
    <p class='ocr_par' dir='ltr' id='par_1_120' title="bbox 2073 5575 3646 5656">
     <span class='ocr_line' id='line_1_122' title="bbox 2073 5575 3646 5656; baseline -0.001 -20"><span class='ocrx_word' id='word_1_861' title='bbox 2073 5575 2372 5656; x_wconf 46' lang='grc' dir='ltr'>ρυιὶοιοξίῇι</span> <span class='ocrx_word' id='word_1_862' title='bbox 2410 5575 2707 5643; x_wconf 73' lang='lat' dir='ltr'><strong>contactus</strong></span> <span class='ocrx_word' id='word_1_863' title='bbox 2751 5587 2861 5642; x_wconf 89' lang='lat' dir='ltr'><strong>ille.</strong></span> <span class='ocrx_word' id='word_1_864' title='bbox 2903 5583 3038 5644; x_wconf 82' lang='lat' dir='ltr'><strong>Vide</strong></span> <span class='ocrx_word' id='word_1_865' title='bbox 3077 5575 3451 5656; x_wconf 79' lang='lat' dir='ltr'><strong>Hipparchum</strong></span> <span class='ocrx_word' id='word_1_866' title='bbox 3485 5581 3576 5640; x_wconf 90' lang='lat' dir='ltr'><strong>lib.</strong></span> <span class='ocrx_word' id='word_1_867' title='bbox 3607 5575 3646 5647; x_wconf 86' lang='lat' dir='ltr'><strong>i,</strong></span> 
     </span>
    </p>
   </div>
   <div class='ocr_carea' id='block_1_121' title="bbox 2070 5654 2412 5713">
    <p class='ocr_par' dir='ltr' id='par_1_121' title="bbox 2070 5654 2412 5713">
     <span class='ocr_line' id='line_1_123' title="bbox 2070 5654 2412 5713; baseline 0.015 -5"><span class='ocrx_word' id='word_1_868' title='bbox 2070 5669 2222 5711; x_wconf 88' lang='lat' dir='ltr'><strong>num.</strong></span> <span class='ocrx_word' id='word_1_869' title='bbox 2253 5654 2412 5713; x_wconf 74' lang='lat' dir='ltr'><strong>XXI-</strong></span> 
     </span>
    </p>
   </div>
  </div>
