3786 6330
115 265 198 322 795
1114 269 1358 326 GEMINI
1396 270 1769 328 ELEMENTA
1798 275 2306 339 'ASTRONOMLE.
3228 287 3346 348 ἰθό

115 378 347 445 ζωδιακοῦ
379 380 582 435 κύκλου
627 384 732 436 ἀπὸ
779 403 1002 458 πρωτης
1052 387 1244 458 μοίρας
1278 387 1449 464 Κριοῦ
1501 389 1655 460 μέχρι

1781 391 1978 448 zodiaci
2013 410 2041 448 a
2067 398 2242 468 prima
2268 407 2423 471 parte
2449 399 2628 458 Librae
2656 417 2836 474 usque
2868 403 2935 458 ad
2967 403 3212 462 Piscium
3237 415 3341 463 tri-

115 469 363 542 Ηαρθένου
417 472 617 543 μοίρας
642 473 684 526 λ’
730 473 934 545 βόρειόν
972 479 1108 534 ἐστι.
1159 477 1326 532 Πάλιν
1365 481 1420 532 at
1469 478 1655 544 νύκτες

1781 484 2032 541 :esimam
2081 497 2290 560 partem
2328 493 2586 548 australis
2622 503 2726 551 est.
2770 497 3170 553 lucrementum
3207 515 3338 556 vero

120 562 200 615 τῶν
232 563 447 634 ἡμερῶν
481 564 724 634 μείζονες
773 569 865 622 ἐπὶ
914 572 1028 634 τοῖς
1069 569 1519 643 ἀπολειπομένοις
1558 570 1655 637 ζω-

1781 573 1977 630 lierum
2029 577 2088 634 lit
2120 596 2150 635 a
2178 583 2352 653 prima
2377 593 2530 654 parte
2549 585 2867 658 Capricorni
2895 587 2964 643 ad
2984 587 3339 645 Geminorum

113 653 238 717 Βίοις,
265 654 442 726 Ζυγῷ,
467 657 737 730 Σκορπίῳ,
767 659 988 734 Τοξότῃ,
1015 661 1322 733 Αίγόκερῳ,
1368 661 1655 734 ’Υδροχόῳ,

1781 669 2099 728 .ricesiruam
2160 653 2412 746 partem:
2446 679 2592 750 quod
2630 653 2922 736 dimidium
2987 688 3073 737 est
3126 681 3338 738 zodiaci

119 745 356 816 Ἰχθύσιν·
391 749 528 822 ὅπερ
579 751 738 806 πάλιν
785 754 1108 826 ἡμικύκλιον
1152 757 1247 810 τοῦ
1271 755 1534 820 ζωδιακοῦ
1567 755 1665 810 κύ-
1761 761 1978 818 circuli.

111 840 215 892 κλου
243 839 344 893 ἀπὸ
372 841 548 910 Ζυγοῦ
591 844 813 915 πρώτης
881 848 1075 918 μοίρας
1119 849 1314 920 μέχρις
1370 848 1588 919 Ἰχθύων
1637 849 1833 923 μοίρας
1871 853 1914 907 λ’
1953 857 2126 913 νότιόν
2169 862 2306 916 ὲστι.
2347 863 2697 934 Παραύξησις
2734 863 2794 919 δέ.
2825 867 3060 938 ᾗμερων
3126 867 3338 936 γίνεται

110 937 196 988 ἀπὸ
238 935 456 1008 πρώτης
525 939 721 1012 μοίρας
751 943 1030 1017 Αίγὸκερω
1080 945 1240 1019 μέχρι
1269 946 1514 1018 Διδύμων
1559 945 1754 1018 μοίρας
1790 957 2148 1028 τριακοστῆς·
2189 959 2324 1032 ὅπερ
2373 962 2520 1015 ἐστὶν
2557 935 2889 1034 ἡμικύκλιον.
2920 935 3012 1017 τοῦ
3066 935 3336 1028 ζωδιακοῦ

109 1026 302 1084 κύκλου.
571 1063 580 1070 -

175 1121 295 1174 Ἀπὸ
323 1122 380 1174 δὲ
409 1122 508 1193 τῆς
555 1127 763 1196 τροπῆς
800 1129 1113 1201 χειμερινῆς
1143 1131 1302 1202 μέχρι
1326 1132 1534 1204 τροπῆς
1572 1132 1655 1185 θε-

1835 1129 1918 1186 Ab
1973 1132 2203 1190 hiberna
2232 1138 2593 1194 conversione
2651 1158 2824 1212 usque
2868 1143 2935 1198 ad
2974 1145 3217 1202 mstivam
3273 1149 3335 1204 lit

109 1211 238 1282 ρινῆς
264 1213 605 1286 παραύξησις
664 1217 889 1289 ἡμερῶν
935 1219 1161 1288 γίνεται.
1209 1223 1554 1296 Παραύξησις
1600 1225 1655 1277 δὲ

1781 1219 1978 1278 iierum
2034 1227 2480 1297 incrementum,
2526 1232 2619 1288 sed
2661 1235 2901 1289 noctium
2934 1236 3334 1295 incrementum

109 1303 288 1357 νυκτῶν
317 1306 522 1374 γίνεται
554 1309 661 1365 ἀπὸ
696 1311 970 1383 Καρκίνου
1012 1311 1232 1386 πρώτης
1275 1315 1465 1386 μοίρας
1496 1317 1655 1387 μέχρι

1781 1311 1822 1367 it
1877 1329 1907 1368 a
1936 1316 2131 1371 Cancri
2153 1320 2328 1389 prima
2357 1332 2513 1392 parte
2541 1340 2715 1395 usque
2752 1325 2817 1380 ad
2856 1325 3133 1398 Sagittarii
3165 1331 3335 1387 trice-

107 1395 304 1460 Τοξότου
334 1399 530 1470 μοίρας
567 1399 631 1466 λ’,
674 1403 986 1475 ὅπεροὲστὶν
1023 1406 1342 1476 ἡμικύκλιον
1377 1409 1534 1464 πάλιν
1563 1411 1655 1465 τοῦ

1781 1402 1958 1458 simam
1997 1415 2228 1478 partem.
2262 1411 2356 1481 qui
2385 1427 2579 1468 rursus
2604 1415 2985 1472 semicirculus
3017 1427 3101 1473 est
3124 1421 3336 1476 zodiaci

106 1487 339 1550 ζωδιακοῦ
374 1491 575 1546 κύκλου
614 1494 723 1548 ἀπὸ
753 1495 960 1566 τροπῆς
1002 1496 1220 1570 θερινῆς
1261 1501 1421 1573 μέχρι
1445 1503 1655 1574 τροπῆς

1781 1493 1842 1549 ab
1869 1497 2057 1552 aestiva
2087 1503 2447 1560 conversione
2480 1519 2653 1576 usque
2680 1506 2749 1562 ad
2783 1507 3090 1568 hibernam.

106 1585 410 1657 χειμερινῆς.

160 1673 298 1738 Τινὲς
337 1677 436 1746 μὲν
469 1673 564 1732 οῦν
617 1679 973 1754 διελάμϐανον
1019 1687 1278 1757 μεγίστας
1312 1687 1523 1760 ἡμέρας
1565 1689 1652 1757 γί-

104 1765 264 1818 νεσθαι
294 1767 350 1819 ἐν
378 1769 643 1842 Καρκίνῳ
663 1788 676 1803 ο
717 1775 952 1847 ἐπείπερ
983 1779 1039 1831 ai
1069 1777 1275 1852 Oeptva‘t
1317 1783 1576 1852 τροπικαὶ
1601 1785 1657 1835 ὲν

102 1857 166 1927 τῷ
189 1863 562 1933 προειρημένῳ
591 1865 766 1938 ζωδίῳ
799 1869 1038 1936 γίνονται
1057 1888 1071 1902 ·
1102 1873 1362 1943 μεγίστας
1386 1874 1442 1926 δὲ
1459 1873 1656 1938 νύκτας

103 1947 219 2005 εἶναι
241 1955 297 2008 ὲν
327 1957 633 2030 Δίγόκερῳ,
660 1960 781 2013 ἐπεὶ
809 1964 864 2015 αί
887 1965 1191 2034 χειμεριναὶ
1212 1965 1410 2035 τροπαὶ
1429 1966 1486 2018 ὲν
1501 1966 1660 2034 Αἰγό-

105 2059 225 2113 κερῳ
249 2045 487 2113 γίνονται
506 2064 520 2078 °
552 2051 927 2123 παραπλήσιόν
957 2069 1009 2106 τι
1051 2054 1330 2120 ποιοῦντες
1357 2057 1659 2126 ἁμάρτημα

102 2133 166 2202 τῷ
185 2136 268 2187 ἐπὶ
291 2137 396 2190 τῶν
425 2140 724 2210 συζυγιῶν.
750 2143 792 2196 Ε
799 2145 813 2196 ί
838 2145 936 2214 μὲν
963 2143 1072 2216 γὰρ
1092 2148 1147 2199 ὲν
1166 2146 1304 2210 ὅλοις
1323 2151 1433 2211 τοῖς
1449 2147 1658 2212 ζῳδίοις

104 2227 312 2293 ἐγίνοντο
331 2233 556 2302 τροπαὶ,
590 2229 658 2305 ἦν
689 2233 756 2288 ἂν
789 2235 988 2307 ἀληθὲς
1018 2237 1078 2291 τὸ
1112 2240 1533 2311 προειρημένον·
1564 2240 1658 2294 νῦν

101 2317 147 2368 δὲ
172 2319 234 2372 τὰ
269 2323 365 2392 μὲν
410 2325 657 2396 τροπικὰ
697 2331 899 2399 σημεῖα
936 2329 1077 2400 λόγῳ
1121 2330 1373 2403 θεωρητά
1413 2334 1528 2386 ἐστι
1552 2349 1567 2363 ο
1597 2331 1659 2386 τὸ

102 2409 149 2461 δὲ
175 2411 282 2465 ὅλον
310 2413 502 2478 ζῴδιον
529 2417 592 2470 τὸ
611 2416 706 2470 τοῦ
736 2420 1012 2491 Καρκίνου
1046 2422 1143 2494 τὴν
1167 2423 1334 2494 αὐτὴν
1359 2425 1658 2479 ἀπόστασιν

103 2501 193 2572 ἔχει
219 2505 319 2559 ἀπὸ
350 2508 444 2561 τοῦ
470 2508 688 2580 θερινοῦ
709 2515 968 2582 τροπικοῦ
1001 2517 1229 2586 σημείου
1252 2520 1366 2581 τοῖς
1383 2518 1653 2589 Διδύμοις,

104 2597 181 2649 καὶ
206 2600 302 2654 ὑπὸ
327 2602 438 2655 τῶν
483 2603 668 2657 αὐτῶν
710 2607 1070 2679 παραλλήλων
1118 2610 1655 2681 ὲμπεριλαμόἁνεται

104 2689 306 2756 κύκλων,
337 2696 431 2748 καὶ
463 2699 532 2750 ἐκ
561 2697 654 2750 τοῦ
687 2698 851 2752 αὑτοῦ
882 2701 1049 2754 τόπου
1079 2702 1178 2772 τὴν
1199 2703 1459 2774 ἀνατολὴν
1491 2708 1658 2758 ποιεῖ-

101 2798 192 2848 ται,
210 2785 296 2838 καὶ
315 2788 394 2851 είς
428 2789 526 2842 τὸν
556 2789 720 2842 αὑτὸν
759 2791 919 2845 τόπον
943 2793 1041 2865 τὴν
1077 2793 1250 2848 δύσιν.
1281 2795 1402 2848 Εἰσὶ
1434 2795 1543 2868 γὰρ
1566 2797 1658 2850 ἁλ-

103 2872 253 2944 λήλοις
305 2880 446 2934 κατὰ
502 2881 788 2950 συζυγίαν.
833 2884 925 2937 Διὸ
974 2884 1038 2956 δὴ
1083 2886 1274 2940 καὶτὰ
1318 2887 1522 2958 μεγέθη
1545 2890 1656 2943 τῶν

100 2967 290 3039 ἡμερῶν
339 2973 436 3027 καὶ
495 2973 610 3028 τῶν
641 2975 849 3029 νυκτῶν
882 2978 972 3031 ῐσα
1019 2979 1165 3032 ἐστὶν
1203 2981 1262 3032 ὲν
1283 2979 1535 3051 Διδύμοις
1562 2983 1657 3037 καὶ

104 3059 345 3135 Καρκίνῳ.
382 3068 498 3120 Καὶ
535 3065 646 3137 γὰρ
679 3069 737 3122 ὲν
766 3072 878 3133 τοῖς
914 3069 1226 3142 ὼρολογίοις
1268 3073 1332 3126 τὸ
1357 3073 1526 3146 ἄκρον
1555 3074 1657 3145 τῆς

101 3151 177 3205 τοῦ
203 3155 467 3228 γνώμονος
523 3161 685 3222 σκιᾶς
714 3159 814 3224 τὰς
864 3161 1032 3227 αὑτὰς
1077 3164 1279 3234 γράφει
1307 3165 1571 3236 γραμμὰς
1599 3169 1656 3220 ἐν

101 3243 193 3305 τοῖς
228 3249 648 3320 προειρημένοις
687 3249 918 3315 ζῳδίοις.
975 3254 1032 3306 '0
1063 3253 1122 3307 δὲ
1170 3254 1333 3316 αὐτὸς
1379 3256 1535 3326 λόγος
1563 3258 1657 3312 καὶ

103 3335 177 3387 ἐπὶ
202 3337 668 3413 τῶνχειμερινῶν
700 3344 940 3414 τροπῶν.
987 3345 1120 3398 Ούδὲ
1158 3347 1266 3417 γὰρ
1303 3349 1389 3400 ἐπ’
1434 3349 1656 3402 ἐκείνων

103 3428 402 3501 ὑποληπτέον
434 3436 495 3487 ὲν
535 3435 644 3506 ὅλῳ
687 3435 766 3507 τῷ
812 3438 1094 3510 Δίγόκερῳ
1154 3440 1416 3512 μεγίστας
1457 3442 1655 3506 νύκτας

105 3522 342 3587 γίνεσθαι·
380 3529 500 3581 ἀλλ’
536 3528 596 3581 ἓν
631 3547 684 3582 τι
719 3534 945 3602 σημεῖον
981 3533 1124 3604 λόγῳ
1156 3534 1449 3607 θεωρητὺν,
1483 3536 1512 3588 ὃ
1544 3553 1657 3589 κοι-

103 3614 172 3667 νίν
191 3620 322 3672 ἐστιν
351 3621 643 3692 Αίγόκερω
668 3623 760 3676 καὶ
787 3623 878 3676 τοῦ
913 3625 1160 3693 Τοξότου,
1182 3626 1282 3697 τὴν
1315 3629 1484 3700 αὐτὴν
1516 3629 1654 3682 ἀπό-

106 3720 263 3762 στασιν
292 3711 403 3782 ἔχει
451 3713 566 3768 ἀπὸ
616 3715 710 3768 τοῦ
753 3717 1012 3787 τροπικοῦ
1053 3720 1362 3791 χειμερινοῦ
1403 3722 1652 3792 σημείου,

103 3800 177 3850 καὶ
207 3803 302 3856 ὑπὸ
339 3807 452 3859 τῶν
495 3806 678 3860 αὐτῶν
721 3809 1081 3881 παραλλήλων
1116 3813 1654 3884 ὲμπεριλαμϐἁνεται

104 3890 304 3959 κύκλιον,
339 3900 434 3952 καὶ
459 3897 612 3953 ἔστιν
643 3899 890 3970 ἀλλήλοις
922 3901 1064 3956 κατὰ
1093 3903 1354 3973 συζυγίαν
1373 3923 1388 3938 ο
1419 3906 1539 3961 ὅθεν
1563 3909 1654 3962 καὶ
1742 3910 1744 3912 ⁷

103 3984 156 4035 τὰ
178 3989 366 4062 μεγέθη
401 3991 516 4044 τῶν
539 3990 766 4064 ἡμερῶν
798 3993 891 4046 καὶ
918 3995 1127 4048 νυκτῶν
1157 3996 1246 4049 ῐσα
1286 3999 1434 4051 ἐστὶν
1459 4001 1518 4054 ἐν
1555 4002 1657 4056 Το-

101 4072 207 4150 ξότῃ
254 4083 343 4134 καὶ
396 4083 712 4153 Αίγόκερῳ.
761 4084 1006 4137 Καθόλου
1048 4085 1103 4138 δὲ
1157 4087 1258 4142 ὅσα
1302 4088 1410 4141 τῶν
1451 4090 1655 4155 ζωδίων

99 4171 218 4225 κατὰ
253 4174 512 4244 συζυγίαν
561 4175 812 4247 ἀλλήλοις
850 4177 1119 4249 ὑπάρχει,
1162 4179 1332 4234 ταῦτα
1377 4180 1447 4235 τὰ
1491 4181 1656 4247 ζώδια

104 4259 201 4326 ἴσας
224 4266 429 4339 ἡμέρας
474 4268 573 4321 καὶ
605 4266 803 4332 νύκτας
832 4271 1096 4342 περιέχει.
1130 4273 1384 4326 Ἔσονται
1422 4269 1516 4326 οὖν
1545 4273 1654 4328 ίσαι

101 4353 273 4425 ἡμέραι
299 4360 356 4412 ὲν
382 4359 642 4430 Διδύμοις
673 4360 766 4413 καὶ
789 4361 1067 4433 Καρκίνῳ,
1090 4362 1288 4436 Ταύρῳ
1319 4364 1414 4418 καὶ
1439 4365 1651 4430 Λέοντι,

1833 1710 2090 1769 Nonnulli
2125 1715 2294 1786 igitur
2324 1727 2649 1788 putaverunt
2681 1723 3028 1793 longissimas
3062 1726 3180 1782 dies
3215 1726 3334 1783 ﬁeri

1762 1802 1818 1856 in
1849 1802 2062 1860 Cancro
2105 1825 2119 1862 :
2161 1810 2431 1878 siquidem
2465 1815 2665 1868 aestiva:
2692 1819 3086 1872 conversiones
3109 1818 3163 1871 in
3185 1819 3336 1874 dicto

1761 1896 1920 1966 signo
1948 1897 2079 1953 [iant
2113 1919 2129 1956 :
2163 1913 2355 1960 noctes
2394 1921 2524 1960 vero
2573 1907 2840 1965 maximas
2883 1911 2995 1963 lieri
3051 1911 3106 1965 in
3145 1911 3336 1982 Capri-

1759 2002 1950 2052 corno,
1995 2005 2120 2043 cum
2166 1991 2403 2048 bibet-na:
2447 1997 2836 2052 conversiones
2873 1996 3004 2052 (iant
3025 1998 3081 2052 in
3141 1998 3336 2070 Capri-

1760 2093 1952 2134 corno.
1989 2081 2107 2148 Qua
2167 2084 2222 2138 in
2271 2101 2331 2141 re
2379 2087 2558 2143 simile
2613 2090 2961 2146 committunt
3005 2100 3244 2146 erratum
3285 2093 3337 2149 ei

1762 2171 1910 2239 quod
1941 2174 2296 2230 committunt
2329 2176 2387 2231 in
2432 2179 2674 2250 syzigiis.
2710 2180 2768 2236 Si
2811 2182 2954 2236 enim
3000 2181 3055 2236 in
3095 2183 3224 2238 totis
3262 2184 3338 2240 si-

1760 2262 1884 2330 gnis
1926 2263 2118 2320 tierent
2143 2269 2558 2334 conversiones,
2593 2282 2741 2327 esset
2772 2289 2959 2328 verum
2993 2275 3139 2344 quod
3175 2275 3338 2331 modo

1757 2352 1964 2407 dictum
2009 2362 2095 2410 est
2126 2371 2140 2409 :
2177 2363 2233 2410 at
2270 2373 2417 2414 nunc
2446 2371 2646 2430 puncta
2695 2364 2904 2434 tmpica
2953 2367 3162 2421 ratione
3209 2377 3339 2424 sunt

1758 2445 2198 2515 contemplabilia
2223 2465 2238 2515 ;
2270 2457 2440 2504 totum
2464 2468 2594 2507 vero
2621 2454 2834 2525 signqu
2858 2455 3056 2511 Cancri
3089 2458 3335 2514 eamdem

1759 2535 2075 2591 distantiam
2112 2537 2274 2594 habet
2313 2542 2382 2596 ab
2434 2545 2624 2597 aestivo
2671 2545 2878 2614 tropico
2923 2555 3126 2616 puncto
3169 2564 3334 2618 quam

1757 2627 1991 2694 Gemini,
2021 2639 2074 2685 et
2104 2633 2172 2686 ab
2195 2632 2386 2688 iisdem
2421 2635 2695 2706 parallelis
2731 2639 2954 2695 circulis
2977 2640 3337 2710 comprehcn-
3358 2678 3373 2688 η

1758 2719 1941 2788 ditur;
1975 2730 2029 2775 et
2057 2739 2124 2778 ex
2149 2725 2336 2780 eodem
2373 2727 2494 2782 loco
2519 2735 2698 2783 ortum
2728 2729 2879 2794 facit,
2908 2740 2961 2785 et
2994 2731 3048 2786 in
3079 2731 3333 2787 eumdem

1757 2813 1938 2869 locum
1991 2815 2122 2870 facit
2160 2832 2439 2873 occasum.
2479 2819 2618 2876 Sunt
2663 2823 2811 2880 enim
2863 2823 2976 2878 hare
3022 2825 3176 2895 signa
3229 2825 3335 2882 sibi

1758 2902 1990 2960 invicem
2030 2908 2332 2962 secundum
2368 2912 2668 2982 syzygiam,
2709 2927 2806 2968 seu
2849 2915 3330 2970 combinatiouem.

1757 2996 2122 3064 Quamobrem
2178 3003 2340 3057 etiam
2391 3004 2792 3074 magnitudines
2855 3006 3067 3062 dierum
3121 3017 3176 3062 et
3235 3024 3337 3063 no-

1763 3089 1934 3143 ctium
1963 3093 2203 3161 mquales
2236 3103 2365 3148 sunt
2395 3095 2449 3148 in
2483 3093 2728 3151 Geminis
2761 3104 2814 3151 et
2841 3097 3074 3155 Cancro.
3120 3097 3334 3154 Etenim

1761 3181 1816 3236 in
1844 3181 2141 3254 horologiis
2171 3187 2488 3240 extremitas
2515 3188 2788 3242 umbrzein
2820 3203 3090 3258 gnomone
3113 3189 3334 3246 easdem

1760 3273 1933 3331 lineas
1962 3276 2227 3332 describit
2257 3277 2312 3332 in
2343 3277 2505 3334 dictis
2555 3279 2746 3350 signis.
2808 3279 3010 3336 Eadem
3061 3288 3146 3337 est
3192 3282 3335 3337 ratio

1759 3364 1920 3418 etiam
1953 3365 2006 3420 in
2040 3366 2289 3424 hibernis
2322 3371 2799 3427 conversionibus.
2851 3371 3037 3440 Neque
3079 3375 3224 3428 enim
3275 3375 3335 3429 in

1761 3455 1869 3511 illis
1899 3459 2198 3528 putandum
2222 3472 2307 3517 est
2334 3461 2390 3516 in
2434 3472 2548 3518 toto
2601 3463 2937 3534 Capricorno
2981 3465 3334 3536 longissimas

1759 3548 1875 3604 ﬁeri
1910 3559 2144 3608 noctes:
2179 3554 2273 3610 sed
2327 3571 2494 3609 untun
2545 3556 2764 3627 aliquod
2812 3565 3072 3626 punctum
3121 3558 3334 3614 ratione

1761 3641 2178 3715 intelligendum
2220 3661 2512 3704 commune
2549 3657 2634 3706 est
2675 3649 3014 3720 Capricorno
3061 3658 3115 3706 et
3154 3648 3334 3721 Sagit-

1757 3736 1900 3789 tario
1935 3755 1948 3792 :
1982 3745 2157 3792 totum
2183 3755 2312 3794 vero
2359 3742 2575 3813 signum
2620 3743 2966 3814 Capricorni,
3012 3751 3066 3799 ct
3117 3744 3334 3815 signum

1760 3826 2042 3900 Sagittarii
2093 3832 2340 3888 eamdem
2391 3834 2593 3890 habent
2649 3834 2968 3891 distantiam
3016 3837 3336 3893 abhiherno

1758 3924 1966 3992 tropico
1992 3935 2214 3994 puncto,
2241 3935 2294 3981 et
2324 3929 2392 3982 ah
2413 3928 2604 3984 iisdem
2632 3931 2907 3999 parallclis
2937 3930 3161 3986 circulis
3191 3946 3335 3985 com-

1756 4013 2191 4082 prehenduntur,
2219 4017 2433 4086 sibique
2469 4018 2700 4072 invicem
2730 4027 2857 4074 sunt
2905 4020 3208 4075 secundum
3230 4021 3335 4092 ιϐ

1759 4107 2056 4176 syzyaiam,
2085 4123 2181 4162 seu
2216 4109 2699 4166 combinationem.
2724 4109 2880 4166 Unde
2919 4111 3082 4166 etiam
3124 4114 3332 4183 magni-

1760 4198 1978 4253 tudines
2016 4199 2226 4254 dierum
2259 4208 2314 4254 et
2343 4202 2584 4255 noctium
2626 4203 2866 4271 mquales
2900 4212 3028 4257 sunt
3063 4203 3118 4258 in
3144 4203 3324 4274 Sagit—

1759 4289 1902 4343 tario
1927 4297 1981 4344 et
2014 4289 2370 4360 Capricorno.
2419 4293 2822 4348 Universaliler
2851 4302 3056 4362 autem,
3106 4310 3227 4365 qua;
3252 4295 3332 4350 si-

1757 4393 1859 4447 gna
1891 4379 2034 4432 inter
2073 4395 2135 4435 se
2193 4389 2320 4434 sunt
2373 4381 2670 4435 secundum
2715 4383 3012 4453 syzygiam.
3065 4399 3127 4438 ea
3175 4384 3330 4455 signa

102 4445 229 4518 Κριῷ
258 4452 346 4505 καὶ
373 4451 666 4524 Παρθένῳ,
709 4452 903 4523 Ἰχθύσι
927 4454 1022 4508 καὶ
1049 4455 1226 4526 Ζυγῷ,
1267 4457 1537 4530 ’Υδροχόῳ
1561 4458 1653 4512 καὶ

1781 4472 1998 4540 equales
2037 4472 2240 4527 habent
2266 4471 2384 4527 dies
2408 4481 2461 4527 et
2481 4482 2689 4528 noctes.
2714 4473 2887 4527 Erunt
2909 4475 3072 4546 igitur
3090 4477 3331 4546 aequales

101 4535 338 4615 Σκορπίῳ,
369 4545 664 4614 Αίγόκερῳ
693 4546 786 4597 καὶ
810 4545 1031 4619 Τοξότῃ.

155 4801 248 4855 Τοῦ
277 4805 333 4859 δὲ
363 4805 575 4877 κόσμου
617 4809 988 4878 σφαιροειδοῦς
1035 4809 1389 4882 ὑπάρχοντος,
1433 4813 1526 4866 καὶ
1570 4830 1654 4866 κι-

98 4894 325 4964 νουμένου
365 4898 546 4971 φορὰν
600 4899 886 4968 ἐγκύκλιον
917 4902 1010 4955 ἀπ’
1063 4901 1326 4972 ἀνατολῆς
1354 4903 1446 4956 ἐπὶ
1480 4903 1652 4968 δύσιν,

103 4985 356 5053 συμϐαίνει
391 4991 616 5045 ἅπαντα.
640 4989 710 5044 τὰ
767 4991 860 5046 ἐπὶ
908 4993 1009 5063 τῆς
1061 4992 1293 5066 σφαίρας
1331 4996 1530 5066 σημεῖα
1561 4997 1656 5049 ἐπὶ

100 5079 430 5153 παραλλήλων
466 5082 687 5136 κύκλων
731 5084 1010 5156 φέρεσθαι.
1053 5084 1145 5149 Ἐξ
1192 5079 1252 5137 οὗ
1284 5087 1534 5159 φανερὸν,
1571 5089 1655 5142 ὅτι

100 5170 176 5220 καὶ
200 5172 389 5238 πάντες
422 5175 476 5227 οί
513 5174 747 5245 ἀστέρες
793 5176 884 5229 ἐπὶ
921 5176 1276 5249 παραλλήλων
1306 5177 1519 5231 κύκλων
1554 5178 1654 5249 τὴν

102 5257 283 5334 κίνησιν
312 5267 625 5321 ποιοῦνται.
652 5266 752 5320 Διὰ
773 5267 929 5321 τοῦτο
955 5269 1012 5322 δὲ
1037 5269 1129 5322 καὶ
1160 5270 1224 5324 ὲκ
1259 5270 1349 5322 τοῦ
1371 5269 1532 5324 αὑτοῦ
1567 5270 1656 5324 τό·

103 5365 185 5406 που
217 5359 410 5424 πάντες
435 5361 487 5413 οί
514 5358 778 5423 ἀπλανεῖς
804 5360 1031 5432 ἀστέρες
1059 5361 1426 5426 ἀνατέλλουσι,
1452 5365 1546 5417 καὶ
1574 5364 1654 5426 είς

103 5447 174 5501 τὸν
199 5453 351 5508 αὐτὸν
383 5456 554 5510 τόπον
581 5453 830 5508 δύνουσιν
849 5470 862 5482 ⁸
895 5454 1095 5524 ὁμοίως
1124 5453 1181 5507 δὲ
1228 5455 1322 5507 καὶ
1362 5456 1411 5507 οἱ
1449 5455 1654 5526 παράλ-

103 5535 225 5608 ληλοι
263 5547 455 5601 κύκλοι
496 5551 564 5600 ὲκ
602 5544 698 5598 τοῦ
740 5545 903 5599 αὐτοῦ
943 5547 1109 5598 τόπου
1153 5545 1518 5616 ἀνατέλλουσι,
1560 5549 1655 5602 xui.

104 5632 167 5694 ῑίς
192 5635 275 5691 τὸν
299 5640 462 5693 αὑτὸν
484 5642 652 5694 τόπον
685 5637 949 5691 δύνουσιν.

168 5723 220 5779 ὀ
245 5729 298 5782 δὲ
333 5731 442 5784 τῶν
474 5731 685 5798 ζῳδίων
720 5729 937 5796 κύκλος,
977 5730 1127 5797 λοξὸς
1159 5729 1234 5785 ὢν
1266 5731 1330 5801 τῇ
1367 5730 1500 5801 πρὸς
1530 5732 1652 5798 τοὺς

1755 4560 1873 4616 dies
1907 4561 1960 4614 in
1983 4560 2227 4616 Geminis
2255 4569 2310 4615 et
2357 4562 2590 4625 Cancro,
2631 4563 2686 4616 in
2721 4562 2904 4617 Tauro
2938 4571 2993 4619 et
3030 4563 3227 4630 Leone,
3272 4566 3329 4621 in

1756 4649 1937 4705 Ariete
1967 4661 2022 4705 et
2051 4647 2298 4722 Virgine,
2325 4649 2380 4705 in
2413 4649 2665 4708 Piscibus
2692 4659 2747 4708 et
2775 4650 2956 4717 Libra,
2994 4654 3052 4708 in
3079 4654 3328 4726 Aquario

1753 4751 1810 4798 et
1839 4741 2088 4814 Scorpio,
2131 4744 2187 4799 in
2216 4745 2560 4817 Capricorno
2582 4752 2637 4800 et
2663 4743 2977 4815 Sagittario.

1824 4836 1962 4891 Cum
2002 4845 2184 4893 autem
2207 4840 2444 4895 mundus
2483 4841 2554 4895 sit
2577 4839 2902 4910 sphtericus,
2949 4848 3003 4896 et
3047 4848 3328 4898 moveatur

1756 4935 1909 4982 motu
1941 4927 2202 4982 circulari
2231 4928 2301 4984 ab
2321 4937 2447 4984 ortu
2470 4929 2537 4985 ad
2552 4945 2836 4995 occasum,
2866 4930 3046 4986 evenit
3067 4934 3329 4992 utomnia

1756 5025 1957 5090 puncta
2013 5018 2069 5073 in
2111 5019 2325 5090 sphaera
2365 5021 2421 5076 in
2478 5022 2754 5093 parallelis
2790 5023 3015 5079 circulis
3059 5023 3326 5086 ferantur.

1756 5109 1832 5164 Ex
1861 5125 1972 5180 quo
2018 5110 2391 5178 manifestum,
2433 5113 2580 5184 quod
2621 5114 2785 5170 etiam
2827 5129 3020 5172 omnes
3055 5117 3226 5173 stella;
3270 5119 3324 5175 in

1754 5203 2028 5272 parallelis
2055 5203 2282 5261 circulis
2315 5217 2521 5261 metum
2549 5204 2772 5263 faciant.
2791 5205 2964 5274 Quam
2998 5209 3068 5264 ob
3102 5225 3324 5267 causam

1753 5294 1916 5350 etiam
1938 5292 2130 5348 eodem
2151 5309 2215 5348 ex
2254 5294 2375 5349 loco
2407 5311 2599 5352 omnes
2624 5297 2795 5352 stellae
2823 5295 2942 5352 lixae
2967 5298 3242 5365 oriuntur,
3273 5309 3328 5356 et

1755 5387 1811 5441 in
1843 5384 2094 5440 eumdem
2123 5385 2302 5440 locum
2328 5387 2584 5442 occidunt
2616 5408 2630 5442 :
2667 5387 2921 5444 similiter
2941 5399 3120 5446 autem
3142 5399 3196 5447 et
3225 5407 3325 5462 pa-

1759 5477 1938 5534 ralleli
1969 5477 2165 5532 circuli
2192 5493 2257 5532 ex
2288 5479 2484 5536 eodem
2511 5481 2631 5537 loco
2667 5482 2942 5550 oriuntur,
2985 5492 3043 5540 et
3078 5483 3134 5538 in
3173 5500 3327 5541 eum-

1755 5572 1876 5628 dem
1902 5571 2080 5626 locum
2112 5569 2389 5627 occidunt.

1833 5729 1902 5784 At
1929 5726 2213 5794 zodiacus,
2249 5743 2375 5784 cum
2405 5729 2475 5785 sit
2508 5727 2762 5800 obliquus
2797 5729 2903 5786 situ
2925 5730 2989 5786 ad
3012 5731 3320 5802 parallelos.
