3786 6314
395 287 504 340 793

1398 287 1491 339 ΑΙ)
1530 281 1804 338 Ευεειιιι
1846 281 2244 339 CIIRONICON
2287 277 2652 338 APPENDIX.

3567 275 3666 334 793

396 414 506 452 non
538 397 700 452 habet
729 413 919 454 omnes
964 403 1148 467 partes
1189 413 1254 452 ex
1308 396 1500 453 eodem
1551 397 1674 450 loco
1707 396 1971 460 orientes,

2117 395 2452 467 ‘apailﬁlouc
2468 395 2633 458 Θέσει,
2650 393 2710 446 ού
2735 392 2907 446 πάντα
2923 391 3034 462 εχει
3054 391 3121 444 τὰ
3146 390 3287 462 μέρη
3309 391 3374 443 ἐκ
3391 389 3487 443 τοῦ
3506 390 3664 445 αὑτοῦ

398 507 498 548 nec
553 492 608 546 in
647 489 900 546 eumdem
969 489 1148 543 locum
1223 488 1534 543 occidentes
1571 507 1584 542 :
1620 486 1975 557 quamobrem

398 598 574 652 neque
594 581 882 636 duodecim
911 580 1062 650 signa
1083 595 1149 634 ex
1175 578 1366 633 eodem
1407 579 1532 633 loco
1560 578 1838 640 oriuntur,
1883 592 1978 630 ne-

395 689 503 744 que
526 674 578 727 in
606 672 854 728 eumdem
887 671 1064 724 locum
1099 670 1380 724 occidunt.
1420 668 1556 724 Nam
1588 669 1642 724 in
1693 669 1977 722 latitudine

395 765 656 818 zodiacus
687 762 930 816 circulus
960 767 1117 815 ortus
1146 768 1200 814 et
1223 774 1456 814 occasus
1489 757 1680 813 efﬁcit.
1727 756 1821 810 Est
1875 772 1977 810 au-

377 867 505 910 .tem
537 855 771 910 latitudo
814 862 971 908 ortus
1004 855 1124 922 ejus
1155 853 1541 908 semicirculus
1569 867 1598 906 a
1627 853 1799 922 prima
1825 858 1978 921 parte

395 947 593 1001 Cancri
628 947 859 1010 oriente,
889 961 1064 1014 usque
1108 946 1174 998 ad
1222 945 1453 1015 primam
1497 943 1816 1015 Capricorni
1860 959 1979 1013 par-

395 1049 503 1095 tem
536 1040 943 1096 ascendentem.
993 1037 1212 1105 Quanta
1262 1040 1410 1093 enim
1461 1046 1545 1093 est
1591 1038 1646 1091 in
1694 1037 1980 1092 horizonte

394 1131 604 1186 zodiaci
637 1131 948 1195 circulatio,
983 1146 1105 1200 qua:
1149 1138 1236 1185 est
1289 1129 1431 1183 inter
1467 1127 1566 1183 hos
1611 1128 1752 1194 dies,
1791 1135 1980 1183 tantus

393 1231 478 1278 est
513 1223 814 1278 secundum
871 1223 1216 1277 latitudinem
1263 1235 1592 1292 progressus
1648 1220 1874 1275 zodiaco
1923 1221 1978 1275 in

396 1316 700 1370 horizonte.
734 1313 832 1370 His
852 1329 1097 1386 congrua
1125 1316 1289 1368 etiam
1320 1313 1527 1368 Aratus
1556 1311 1821 1377 ostendit,
1853 1327 1980 1366 cum

394 1407 476 1461 sic
500 1407 676 1477 inquit
708 1427 723 1462 :

429 1617 499 1691 4t
535 1613 618 1666 hic
671 1622 877 1691 tantum
909 1627 1101 1691 aquam
1136 1608 1336 1691 Oceani
1374 1611 1592 1691 transit,

431 1685 705 1749 Quantum
739 1700 770 1734 a
799 1680 1133 1748 Capricorno
1158 1681 1358 1734 oriente
1382 1681 1614 1734 maxime

2077 488 2242 541 τόπου
2273 487 2650 548 ἀνατέλλοντα,
2672 486 2766 538 καὶ
2796 486 2874 547 είς
2908 484 2998 536 τὸν
3026 483 3188 536 αὑτὸν
3216 482 3380 535 τόπον
3407 481 3661 535 δύνοντα·

2077 579 2144 632 δι’
2173 580 2239 650 ἢν
2266 579 2444 633 αἰτίαν
2477 579 2599 632 οὑδὲ
2641 576 2712 630 τὰ
2756 576 2821 646 ιβ’
2851 575 3015 640 ζώδια
3053 577 3117 628 ὲκ
3162 573 3257 627 τοῦ
3303 573 3472 628 αὑτοῦ
3507 574 3664 626 τόπου

2078 670 2380 732 ἀνατέλλει,
2403 672 2498 724 καὶ
2531 672 2612 733 είς
2631 669 2722 723 τὸν
2761 668 2921 723 αὑτὸν
2948 668 3112 722 τόπον
3145 667 3310 720 δύνει.
3356 667 3448 719 Ἐν
3476 665 3665 720 πλάτει

2077 761 2186 833 γὰρ
2213 764 2240 815 ὁ
2264 759 2526 826 ζωδιακὸς
2556 760 2756 825 κύκλος
2785 761 2885 824 τὰς
2920 759 3183 823 ἀνατολὰς
3216 759 3310 813 καὶ
3344 757 3447 822 τὰς
3491 757 3666 822 δύσεις

2081 857 2332 908 ποιεῖται.
2365 855 2521 906 Ἐστι
2547 853 2604 906 δὲ
2641 853 2700 906 τὸ
2751 851 2951 916 πλάτος
2992 851 3154 904 αὐτοῦ
3190 852 3288 922 τῆς
3311 850 3581 922 ἀνατολῆς
3608 851 3664 906 τὺ

2078 947 2185 1000 ἀπὸ
2213 947 2304 1000 τοῦ
2330 947 2608 1018 Καρκίνου
2642 945 2865 1018 πρώτης
2909 947 3105 1017 μοίρας
3144 943 3547 1014 ἀνατελλούσης
3576 945 3662 1015 μέ-

2078 1057 2199 1111 χρις
2217 1039 2499 1113 Αἰγόκερω
2532 1039 2753 1112 πρώτης
2787 1037 2980 1109 μοίρας
3005 1036 3438 1109 ἀναφερομένης.
3477 1035 3661 1106 Ἦλίκη

2078 1131 2188 1202 γάρ
2221 1133 2366 1184 ἐστιν
2399 1129 2510 1201 (28)
2539 1132 2570 1202 ἡ
2616 1129 2816 1201 μεταξὺ
2848 1113 2960 1183 τών
3005 1129 3227 1200 ήμερῶν
3268 1126 3477 1181 τούτων
3515 1145 3662 1199 περι-

2081 1221 2222 1292 φορά
2259 1221 2448 1275 τούτου
2484 1222 2577 1275 ἐπὶ
2619 1221 2712 1275 τοῦ
2757 1221 3050 1293 ὁρίζοντος,
3097 1218 3400 1291 τηλικαύτη
3457 1219 3661 1289 ἐστινὴ

2080 1315 2222 1369 κατά
2246 1314 2444 1378 πλάτος
2469 1314 2701 1386 πάροδος
2745 1314 2835 1366 ἐπὶ
2868 1313 2962 1366 τοῦ
3001 1314 3274 1384 ὁρίζοντος
3307 1313 3386 1384 τῷ
3417 1313 3668 1384 ζωδιακῷ

2080 1407 2283 1478 κύκλῳ.
2313 1406 2536 1470 Τούτοις
2559 1405 2616 1459 δὲ
2650 1404 2950 1478 συμφώνως
2985 1406 3078 1458 καὶ
3108 1407 3137 1458 ὀ
3161 1405 3398 1476 ’Ἄρατος
3426 1405 3663 1474 ἀποφαί-

2081 1518 2232 1556 νεται
2255 1501 2428 1570 λέγων
2455 1498 2628 1564 οὕτως
2646 1516 2662 1529 σ

2082 1614 2278 1683 Αὐτὰρ
2325 1613 2410 1681 ὅγ’
2458 1610 2760 1683 Ὠκεανοῖο
2805 1611 2995 1666 τόσον
3035 1612 3459 1683 παραμείϐεται
3497 1609 3668 1680 ὕδωρ,

2087 1681 2320 1738 Ὄσσον
2363 1684 2462 1738 ἀπ’
2485 1682 2843 1751 Αὶγοκερῆος
2884 1682 3308 1750 ἀνερχομένοιο
3340 1681 3614 1750 μάλιστα

431 1755 512 1809 Ad
539 1751 805 1808 Cancrum
829 1753 1083 1806 orientem
1127 1751 1352 1804 volvitur
1381 1767 1398 1804 :
1427 1759 1688 1822 quantum
1720 1749 1948 1822 undique

2117 1756 2383 1822 ἷαρκίνον
2406 1757 2492 1818 εἰς
2530 1749 2776 1807 ἀνιόντα
2801 1749 3146 1806 κυλίνδεται
3164 1770 3178 1783 ·
3208 1749 3408 1806 ὅσσον
3434 1751 3668 1822 ἀπὼν-τη

435 1824 621 1881 Oriens
652 1825 906 1887 continet,
929 1831 1134 1874 tantum
1154 1830 1293 1874 certe
1311 1820 1515 1891 quidem
1530 1821 1658 1874 alibi
1679 1821 1938 1876 occidens.

467 1936 524 1990 ln
547 1935 633 1990 his
665 1935 809 1990 enim
850 1933 1173 1988 determinat
1225 1947 1578 2003 progressum
1624 1933 1834 1988 zodiaci
1867 1933 1975 1987 cir-

395 2025 718 2096 culi,quern
765 2023 892 2077 facit
938 2021 1239 2077 secundum
1291 2023 1634 2076 latitudinem
1681 2023 1736 2076 in
1772 2033 1896 2076 ortu
1921 2029 1975 2077 et

396 2134 600 2174 occasu
634 2138 647 2173 :
681 2118 846 2188 idque
875 2123 1246 2186 congruenter
1278 2114 1681 2170 mathematicis
1716 2121 1770 2170 et
1801 2129 1970 2184 appa-

399 2213 607 2266 rentize.
648 2211 798 2264 Talis
829 2225 953 2263 cum
998 2210 1069 2264 sit
1101 2208 1388 2262 inclinatio
1429 2206 1660 2271 zodiaci,
1707 2207 1976 2276 contingit

397 2308 561 2363 etiam
616 2304 1074 2367 dodecatemoria,
1143 2301 1248 2357 etsi
1307 2300 1682 2372 magnitudine
1743 2301 1974 2370 requalia

397 2407 545 2465 sunt,
576 2407 758 2453 tamen
789 2395 1149 2465 inaequalibus
1199 2394 1538 2464 temporibus
1586 2400 1742 2448 ortus
1790 2401 1844 2448 et
1882 2409 1975 2448 oc-

395 2505 558 2546 casus
599 2490 798 2545 facere.
852 2488 982 2554 Qua:
1009 2488 1154 2541 enim
1211 2502 1334 2540 cum
1396 2486 1654 2542 zodiacus
1694 2485 1751 2539 lit
1792 2493 1977 2541 rectus

395 2591 574 2638 ortum
598 2581 830 2643 faciunt,
864 2581 954 2634 illa
988 2581 1143 2646 signa
1165 2579 1220 2633 in
1253 2579 1492 2633 maximo
1523 2588 1767 2649 tempore
1789 2587 1971 2633 ortum

394 2681 448 2731 et
477 2689 736 2729 occasum
773 2673 1003 2727 faciunt.
1038 2671 1206 2726 Recta
1239 2671 1384 2726 enim
1417 2671 1483 2724 ad
1511 2671 1845 2726 horizontem
1886 2685 1979 2725 ca—

395 2768 551 2833 dunt,
580 2774 639 2821 ut
668 2764 968 2822 secundum
996 2763 1422 2834 unumquodque
1444 2772 1705 2833 punctum
1751 2761 1844 2816 ﬁat
1874 2777 1969 2818 or-

397 2865 488 2914 tus
549 2857 712 2928 signi,
767 2865 929 2926 atque
985 2855 1108 2910 ideo
1150 2871 1404 2924 magnum
1455 2862 1670 2925 tempus
1719 2863 1872 2909 ortus
1923 2861 1979 2908 et

397 2965 627 3006 occasus
648 2957 1021 3004 consumatur.
1045 2947 1176 3015 Quae
1205 2963 1332 3002 vero
1354 2962 1479 3001 cum
1505 2945 1763 3001 zodiacus
1793 2944 1859 2998 ad
1877 2944 1977 2998 ho-

398 3043 665 3117 rizontem
705 3039 764 3093 lit
804 3038 1060 3108 obliquus
1097 3045 1276 3092 ortum
1335 3035 1579 3100 faciunt,
1635 3035 1725 3089 illa
1765 3035 1977 3088 minore

2088 1821 2415 1882 ’Aftéllwr
2443 1823 2666 1892 ἐπέχει,
2693 1825 2923 1877 τόσσον⁹
2959 1840 3029 1892 τε
3054 1824 3174 1892 μὲν
3199 1822 3419 1877 ἄλλοθι
3447 1821 3666 1876 δύνωγ.

2157 1937 2244 1989 Ἐν
2269 1935 2379 2006 γὰρ
2400 1935 2609 1999 τούτοις
2633 1934 2730 2006 τὴν
2768 1933 3002 2006 πάροδον
3043 1933 3295 2004 ἀφορίζει
3327 1931 3427 1987 τοῦ
3473 1932 3668 1998 ζωδια-

2077 2029 2172 2084 κοῦ
2206 2029 2426 2092 κύκλου,
2455 2031 2520 2101 ἧν
2565 2032 2798 2082 ποιεῖται
2828 2025 2969 2080 κατά
3015 2025 3218 2091 πλάτος
3267 2027 3362 2080 ἐπὶ
3395 2027 3496 2097 τῆς
3538 2027 3668 2079 ἀνα-

2075 2123 2233 2194 τολῆς
2267 2121 2361 2175 καὶ
2407 2121 2508 2190 τῆς
2546 2119 2752 2182 δύσεως
2779 2117 3087 2190 συμφώνως
3115 2121 3229 2183 τοῖς
3260 2118 3668 2190 μαθηματικοῖς

2076 2216 2171 2268 καὶ
2204 2213 2282 2284 τῷ
2314 2212 2640 2284 φαινομένῳ.
2670 2211 2936 2283 Τοιαύτης
2961 2211 3018 2264 δὲ
3042 2211 3144 2282 τῆς
3167 2211 3472 2279 ἐγκλίσεως
3497 2211 3670 2279 ὑπαρ-

2077 2307 2276 2378 χούσης
2304 2305 2399 2359 τοῦ
2435 2304 2705 2369 ζωδιακοῦ
2749 2303 2973 2367 κύκλου,
3011 2303 3297 2375 συμϐαίνει
3342 2304 3440 2356 καὶ
3472 2303 3541 2356 τὰ
3572 2304 3670 2356 δω-

2076 2395 2448 2467 δεκατημόρια
2483 2395 2572 2447 ῐσα
2600 2394 2730 2448 ὄντα
2755 2393 2896 2448 κατὰ
2928 2393 2990 2447 τδ
3022 2393 3251 2465 μέγεθος
3293 2393 3509 2457 ἀνίσοις
3543 2394 3668 2465 χρό-

2078 2506 2189 2552 νοις
2213 2488 2312 2550 τάς
2334 2486 2599 2550 ἀνατολὰς
2624 2487 2718 2540 καὶ
2742 2487 2838 2551 τὰς
2863 2487 3044 2551 δύσεις
3071 2485 3362 2540 ποιεῖσθαι.
3395 2486 3539 2540 Ὅσα
3574 2488 3671 2556 μὲν

2077 2578 2188 2650 γὰρ
2238 2579 2400 2651 ὀρθοῦ
2446 2579 2768 2651 γιγνομένου
2823 2579 2916 2634 τοῦ
2976 2577 3239 2644 ζωδιακοῦ
3287 2578 3532 2639 κύκλου,
3573 2577 3670 2648 τὴν

2077 2672 2340 2744 ἀνατολὴν
2369 2676 2623 2738 ποιεῖται,
2651 2676 2834 2727 ἐκεῖνα
2856 2671 2926 2725 τά
2947 2671 3112 2736 ζώδια
3133 2673 3190 2724 ὲν
3215 2669 3458 2741 πλείστῳ
3484 2670 3526 2702 ³¹
3547 2670 3670 2741 χρό-

2078 2783 2154 2835 νῳ
2178 2765 2278 2836 τὴν
2312 2764 2575 2837 ἀνατολὴν
2615 2768 2710 2819 καὶ
2750 2765 2848 2836 τὴν
2873 2763 3026 2818 δύσιν
3057 2765 3314 2816 ποιεῖται.
3365 2760 3536 2832 ’ορΘά
3563 2761 3670 2832 γὰρ

2080 2855 2232 2928 παρά
2257 2856 2351 2910 τὸν
2381 2858 2632 2928 ὁρίζοντα
2682 2857 3055 2929 παραπίπτει·
3086 2853 3226 2908 ὣστε
3273 2853 3399 2908 καθ’
3436 2852 3496 2906 ἓν
3537 2853 3668 2905 ἔκα-

2083 2965 2205 3001 στον
2224 2952 2448 3020 σημεῖον
2475 2949 2567 3003 τοῦ
2592 2948 2781 3014 ζωδίου
2802 2948 2900 3020 τὴν
2922 2946 3185 3018 ἀνατολὴν
3205 2944 3456 3015 γίνεσθαι
3474 2962 3490 2976 ’
3513 2944 3598 2998 διὰ
3613 2943 3668 2996 δὲ

2081 3041 2238 3096 τοῦτο
2257 3042 2422 3096 πολὺν
2447 3043 2635 3114 χρόνον
2651 3041 3033 3096 ἀναλίσκεσθαι
3061 3039 3160 3110 τῆς
3175 3038 3445 3108 ἀνατολῆς
3465 3038 3559 3091 καὶ
3572 3036 3670 3104 τῆς

399 3145 643 3205 tempore
672 3133 944 3186 oriuntur.
997 3128 1134 3184 Nam
1173 3130 1337 3186 etiam
1373 3129 1528 3199 signa
1567 3128 1787 3198 obliqua
1836 3127 1971 3181 inci-

2117 3133 2310 3198 5σεως’
2350 3134 2449 3187 ὅσα
2483 3134 2540 3187 δὲ
2562 3135 2790 3202 πλαγίου
2835 3132 3119 3204 γινομένου
3151 3131 3245 3184 τοῦ
3264 3129 3539 3194 ζωδιακοῦ
3570 3127 3667 3181 κὺ-

399 3229 535 3284 dunt
559 3227 613 3281 in
646 3226 1006 3288 horizontem,
1033 3232 1092 3278 ut
1121 3221 1419 3279 secundum
1457 3221 1656 3277 multas
1685 3221 1822 3275 alias
1856 3231 1974 3291 par-

399 3329 484 3378 tes
509 3320 871 3376 simulortum
906 3317 1130 3380 faciant,
1161 3324 1324 3385 atque
1357 3313 1480 3368 ideo
1515 3313 1754 3368 velocem
1791 3320 1973 3366 ortum

397 3412 680 3482 contingat
708 3409 844 3464 ﬁeri.
879 3406 1035 3462 Unde
1061 3407 1224 3462 etiam
1254 3404 1386 3460 illud
1443 3404 1589 3475 quod
1645 3402 1790 3474 apud
1835 3403 1973 3456 Ara-

399 3512 514 3558 tum
546 3502 784 3565 dicitur,
829 3500 1093 3571 quaeritur
1125 3496 1400 3568 quomodo
1431 3503 1485 3550 et
1529 3496 1584 3550 in
1637 3495 1974 3566 longissimis

400 3596 681 3658 noctibus,
713 3602 766 3648 et
796 3593 851 3646 in
883 3591 1242 3652 brevissimis,
1274 3606 1369 3645 sex
1396 3590 1551 3660 signa
1590 3589 1870 3651 oriantur,
1919 3597 1974 3644 et

403 3705 498 3744 sex
527 3688 812 3748 occidant,
852 3699 976 3739 cum
1015 3683 1257 3738 noctium
1308 3683 1600 3738 diversitas
1637 3682 1708 3736 sit
1751 3693 1967 3751 magna.

341 3813 344 3816 ~
406 3781 545 3836 Dicit
566 3791 746 3834 autem
778 3779 858 3832 sic
889 3778 1092 3864 Aratus
1123 3797 1136 3831 :

2078 3225 2242 3288 κλου,
2297 3227 2433 3296 πρὸς
2479 3227 2570 3279 τὸν
2625 3225 2874 3298 ὁρίζοντα
2928 3225 3027 3296 τὴν
3077 3223 3345 3293 ἀνατολὴν
3400 3224 3668 3282 ποιεῖται,

2081 3322 2266 3374 ἐκεῖνα
2299 3321 2356 3374 ἐν
2389 3320 2628 3374 ὲλάττονι
2663 3321 2838 3392 χρόνῳ
2865 3319 3290 3390 ἐπαναφέρεται.
3322 3314 3541 3383 Πλάγια
3565 3313 3674 3384 γὰρ

2077 3412 2422 3484 παραπίπτει
2458 3413 2554 3466 καὶ
2596 3412 2665 3466 τὰ
2702 3411 2866 3478 ζώδια
2914 3410 3051 3483 πρὸς
3079 3410 3171 3463 τὸν
3210 3406 3465 3478 ὁρίζοντα
3490 3422 3504 3436 ⁸
3533 3405 3670 3459 ὥστε

2077 3506 2198 3559 κατ’
2228 3503 2363 3558 ἀλλα
2394 3503 2565 3557 πολλά
2599 3504 2739 3574 μέρη
2772 3503 2888 3573 ἅμα
2931 3503 3030 3573 τὴν
3071 3499 3335 3570 ἀνατολὴν
3376 3495 3666 3551 ποιεῖσθαι.

2076 3595 2176 3648 Διά
2205 3595 2261 3648 δὲ
2303 3595 2464 3649 τοῦτο
2508 3597 2605 3649 καὶ⁵
2664 3597 2888 3666 ταχεῖαν
2929 3595 3028 3666 τὴν
3077 3591 3341 3662 ἀνατολὴν
3383 3587 3671 3660 συμϐαίνει

2077 3686 2341 3754 γίνεσθαι.
2374 3686 2537 3740 Ὅθεν
2580 3686 2675 3740 καὶ
2714 3687 2776 3741 τὸ
2817 3687 2947 3758 παρ’
2993 3686 3204 3755 Ἀράτῳ
3254 3683 3550 3752 λεγόμενθν
3576 3680 3674 3748 ζη-

2076 3780 2269 3838 τεῖται,
2315 3777 2432 3839 πῶς
2475 3778 2570 3832 καὶ
2615 3780 2672 3830 ὲν
2719 3781 2840 3842 ταῖς
2893 3777 3265 3849 μακροτάταις
3323 3772 3446 3838 νυξὶ
3490 3771 3584 3825 καὶ
3616 3771 3673 3821 ὲν

402 3876 522 3935 ταῖς
591 3871 954 3942 βραχυτάταις
1007 3870 1066 3936 ἒξ
1105 3871 1551 3942 δωδεκατημόρια
1595 3868 1895 3931 ἀνατέλλει,
1932 3871 2024 3923 καὶ
2087 3871 2146 3937 ἓξ
2193 3873 2374 3938 δύνει,
2434 3875 2535 3946 τῆς
2585 3875 2940 3946 παραλλαγῆς
2995 3873 3106 3928 τῶν
3158 3870 3369 3926 νυκτῶν
3435 3867 3674 3941 μεγάλης

405 3969 772 4040 ὑπαρχούσης.
834 3967 899 4022 Ἦ
951 3969 1058 4040 γὰρ
1117 3969 1347 4041 μεγίστη
1401 3967 1496 4033 νὺξ
1560 3967 1658 4037 τῆς
1705 3965 1992 4038 ἐλαχίστης
2050 3968 2305 4041 ὑπερέχει
2373 3969 2522 4042 ὥρας
2577 3969 2895 4043 ίσημερινὰς
2957 3969 3042 4034 ιζ’.
3115 3968 3278 4037 Λέγει
3320 3966 3380 4019 δὲ
3439 3963 3673 4034 Ἀρατος

402 4060 575 4124 οὕτως
594 4077 606 4090 ⁸

1049 4179 1284 4234 ....omni
1310 4179 1363 4231 in
1397 4185 1569 4230 nocte.

445 4247 547 4302 Sea:
571 4265 776 4318 semper
803 4250 1052 4303 occidunt
1083 4249 1412 4302 duodecima:
1440 4255 1616 4318 partes
1643 4243 1834 4299 circuli

447 4319 682 4374 Totidem
711 4321 956 4374 oriuntur
989 4337 1006 4375 :
1043 4322 1096 4374 in
1123 4329 1328 4373 tantam
1353 4317 1735 4388 longitudinem
1757 4317 1950 4386 quavis

481 4478 524 4510 ³⁸
562 4495 653 4550 γρ.
692 4479 919 4530 πλείονι.

2091 4216 2104 4228 .
2187 4214 2200 4227 .
2282 4212 2297 4227 .
2379 4211 2391 4224 .
2474 4211 2486 4222 .
2569 4211 2581 4223 .
2658 4169 2827 4238 πάσῃ
2856 4169 2924 4222 δὲ
2949 4165 3243 4222 ἐπὶνυκτὶ
3282 4163 3398 4233 (29)

2092 4241 2202 4308 Ἐξ
2223 4243 2311 4296 ἀεὶ
2339 4241 2594 4295 δύνουσι
2632 4239 3005 4304 δυωδεκάδες
3029 4238 3300 4308 κύκλοιο2

2093 4302 2315 4368 Τόσσοι
2333 4312 2385 4365 δ’
2408 4310 2772 4367 ἀντέλλουσι
2787 4328 2799 4341 ·
2827 4302 3013 4364 τόσοις
3031 4308 3083 4362 δ’
3109 4305 3207 4360 ἐπὶ
3225 4303 3428 4375 μῆκος
3448 4302 3672 4369 ἑκάστη

487 4586 597 4658 (28)
641 4588 848 4658 'Hatlxn
893 4585 1005 4656 γάρ
1041 4584 1230 4638 ἐστιν.
1285 4581 1612 4658 l-lorizontis
1647 4595 1835 4658 arcum
1875 4577 1986 4658 .de-
2013 4581 2060 4637 D
2088 4580 2199 4654 net.
2233 4570 2347 4625 lloc
2368 4571 2514 4658 enim
2541 4568 2766 4658 circulis
2801 4567 3058 4658 omnii-bus
3105 4563 3362 4658 maximis
3392 4567 3667 4658 convenit,

412 4649 620 4718 scribit.
664 4657 756 4726 qui
808 4649 1258 4726 inter'punctnm
1300 4653 1533 4706 ortivum
1573 4649 1890 4726 Capricorni
1919 4663 1982 4702 ac

411 4729 607 4784 Cancri
656 4722 1014 4797 interceptus
1045 4735 1149 4797 est.
1183 4723 1369 4797 Itaque
1413 4723 1685 4792 περιφορά
1725 4722 1880 4797 idem_
1900 4727 1985 4797 est

413 4799 559 4870 quod
585 4790 930 4870 περιφέρεια.
963 4794 1069 4870 sed
1097 4810 1202 4849 vox
1223 4790 1412 4870 τούτου
1425 4790 1807 4870 _eitpurigenda
1832 4790 1984 4870 vide-

417 4860 528 4930 t'ur,
563 4860 670 4938 pro'
695 4860 802 4938 qua
843 4868 896 4938 in
934 4867 1124 4938 codice
1159 4865 1326 4919 veteri
1359 4860 1776 4938 toﬁeo’legit‘ur,
1814 4860 1986 4938 nihilo

417 4931 728 5006 sincerius:
755 4937 861 4992 Sed
894 4937 1042 4990 Arati
1079 4949 1291 4996 versus,
1313 4935 1406 5002 qui
1437 4933 1504 5006 ab
1543 4932 1774 4988 Gemino
1805 4931 1986 4986 decla-

417 5005 632 5073 rantur,
685 5006 1063 5063 obscurissimi
1115 5013 1274 5069 sunt;
1320 5013 1379 5058 ut
1427 5005 1605 5058 minus
1659 5005 1916 5073 miremur
1961 5014 1991 5073 ξ

420 5070 664 5139 Theone,
689 5081 804 5133 sive
827 5077 1157 5134 scholiorum
1181 5075 1446 5136 miscella,
1462 5084 1515 5129 et
1538 5075 1606 5129 ab
1622 5075 1826 5128 Avieno
1850 5070 1992 5125 haud

420 5152 554 5206 satis
592 5150 894 5204 intellectos
930 5147 1120 5202 fuisse.
1167 5144 1257 5200 Sic
1308 5146 1451 5201 enim
1494 5146 1790 5215 explicant,
1823 5140 1993 5215 quasi

420 5221 525 5276 hoc
556 5223 756 5275 Aratus
799 5219 900 5273 sibi
951 5217 1108 5282 velit;
1140 5215 1478 5270 tantumdem
1531 5211 1597 5269 ei
1648 5215 1741 5268 illo
1787 5211 1994 5267 circulo

422 5306 588 5362 supra
641 5297 841 5362 terram
875 5289 945 5342 ab
988 5288 1198 5342 oriente
1247 5285 1584 5362 Capricorno
1621 5286 1687 5338 ad
1729 5285 1992 5362 orientem

425 5354 607 5430 patere
647 5361 1230 5430 Cancrumtqnalrtum
1279 5354 1382 5430 sub
1409 5364 1553 5409 terra
1599 5363 1682 5408 est
1723 5370 1752 5430 a
1782 5354 1996 5430 Cancro

425 5423 490 5486 ad
513 5431 927 5500 Capricornum.
957 5423 1035 5482 Ita
1063 5426 1272 5482 Theon.
1304 5424 1500 5480 Festus
1521 5433 1699 5479 autem
1723 5423 1990 5478 Avienus:

501 5543 601 5598 Ille
637 5553 810 5597 autem
846 5541 1041 5598 Oceani
1077 5551 1284 5594 tantum
1312 5536 1586 5608 descendit
1607 5538 1661 5590 in
1691 5514 1888 5608 regnor,

502 5613 772 5680 Quantum
801 5630 833 5665 a
861 5611 1084 5669 caeruleo
1117 5610 1282 5663 distat
1314 5609 1518 5663 Cancro
1546 5606 1923 5676 Capricbrnus.

431 5706 561 5773 Qua
592 5706 861 5762 sententia
898 5702 1184 5774 nugatoria
1218 5709 1322 5769 est,
1371 5715 1543 5771 neque
1583 5699 1651 5754 ad
1690 5715 1802 5758 rem
1831 5701 1998 5771 perti-

2087 4643 2179 4714 qui
2210 4642 2490 4711 mqualiter
2519 4641 2586 4694 ab
2614 4637 3246 4714 horizontedividuntur.
3283 4635 3399 4714 [mo
3430 4637 3672 4714 in_Sph:e-

2091 4704 2150 4767 ra
2191 4704 2339 4767 rec'ta
2366 4725 2655 4765 commune
2690 4710 2742 4762 id
2760 4714 2840 4762 est
2864 4706 3138 4776 parallelis
3175 4704 3455 4776 omnibus.
3475 4707 3669 4760 Aratus

2091 4791 2268 4838 autem
2281 4782 2557 4852 peculiare
2566 4779 2778 4852 aliquid
2799 4775 3024 4852 zodiaca
3038 4775 3247 4852 circulo
3266 4775 3520 4830 versibus
3542 4777 3672 4852 iisce

2091 4845 2410 4923 complexus
2432 4861 2534 4907 est.
2565 4850 2643 4905 Ne
2667 4845 2863 4912 multa,
2883 4848 3063 4923 ὅσσον,
3082 4854 3135 4900 et
3149 4847 3346 4923 τόσσον
3372 4845 3670 4923 secundum

2093 4915 2458 4984 latitudinem,
2492 4931 2551 4976 ut
2581 4927 2798 4980 vocant,
2831 4919 3084 4979 ortivam,
3117 4919 3232 4970 sive
3267 4915 3415 4968 κατά
3451 4916 3665 4980 πλάτος,

2096 5011 2204 5049 ηοη
2231 4995 2373 5048 κατὰ
2412 4994 2583 5064 μῆκος
2616 4990 3023 5064 intelligendum
3059 4997 3164 5052 est,
3205 4994 3265 5064 ut
3303 4987 3467 5040 docet
3493 4988 3667 5041 Gemi-

2089 5070 2218 5119 ‘nus.
2270 5057 2544 5130 Quantum
2579 5063 2653 5116 ait
2704 5057 3049 5114 intervallum
3081 5073 3167 5130 est
3210 5057 3356 5110 inter
3385 5065 3665 5130 punctum

2096 5126 2418 5195 liorizo’ntis,
2453 5150 2482 5187 a
2511 5149 2620 5201 quo
2650 5132 3019 5200 Capricornus
3048 5129 3330 5201 ori_tur._Aet
3363 5128 3498 5201 illud
3529 5126 3667 5201 unde

2095 5205 2304 5259 Cancer
2330 5197 2578 5258 exortum
2623 5197 2784 5265 facit,
2821 5209 3024 5254 tantam
3059 5197 3268 5253 oriendi
3312 5197 3667 5253 occidendive

2098 5275 2434 5330 latitudinem
2464 5274 2624 5328 habet
2647 5272 2938 5334 zodiacus,
2973 5286 3036 5325 ac
3072 5278 3281 5323 tantum
3307 5270 3572 5338 spatium,
3603 5267 3668 5319 ab

2097 5343 2335 5409 Oceano,
2364 5345 2414 5398 id
2443 5353 2528 5399 est
2565 5344 2849 5398 horizonte
2877 5342 3133 5396 attollens
3178 5354 3322 5400 sese.
3355 5338 3670 5410 complecti-

2101 5425 2208 5474 tur.
2241 5416 2600 5484 similiterque
2628 5413 2902 5484 occidens,

2173 5486 2284 5558 (29)
2322 5485 2494 5555 Πάσῃ
2513 5479 2586 5538 δὲ
2611 5484 2708 5538 ἐπὶ
2730 5483 2923 5558 νυκτί.
2954 5479 3008 5558 Si
3033 5479 3393 5558 Soliuianum‘
3406 5479 3670 5558 exercita-

2103 5548 2276 5613 torem'
2311 5548 2607 5618 auscultes,
2647 5552 2923 5623 vapulabit
2960 5551 3182 5614 Aratus,
3227 5550 3334 5623 (uti
3363 5548 3669 5623 δυωδεκόιδα

2102 5627 2242 5683 dixit
2280 5642 2380 5697 pro
2434 5620 2755 5697 duodecima
2803 5631 2986 5693 parte,
3029 5637 3153 5697 cum
3205 5620 3670 5697 sitduodenarius

2104 5699 2220 5770 ipse
2253 5686 2418 5754 totus.
2454 5696 2588 5752 Nam
2621 5686 3000 5766 Casaubonum
3026 5691 3328 5763 redarguit,
3357 5690 3508 5763 quod
3533 5686 3669 5762 apud
