3786 6316
88 273 173 326 797

1128 278 1369 336 GEMINI
1404 280 1778 337 ELEMENTA
1815 283 2307 343 ASTRUNOMMS.

3241 287 3347 346 798

86 385 204 471 ut;
374 389 767 471 estciruo'tat,
800 390 951 471 eoos-
972 391 1053 471 _té
1081 408 1201 471 περ
1223 394 1412 471 ἣμισυ
1441 398 1556 471 κύκ
1566 400 1653 451 ,1οῖ

1793 398 1919 471 Non:
1948 378 2149 471 semper
2191 411 2268 455 est
2301 409 2540 463 extensa,
2561 411 2813 470 quantam
2845 400 3093 457 medietas
3124 402 3310 456 circuli

96 447 455 527 Ἀβχομένης
482 460 609 515 ἀπὸ
638 447 855 528 νυκτὸς
891 447 1354 533 ἀείρεταιτὴᾶἶθι

160 575 474 646 ’Δπορεῖται
497 575 588 647 δὴ,
616 576 735 641 πῶς
755 579 849 632 καὶ
870 580 928 632 ὲν
946 582 1067 644 ταῖς
1094 580 1465 652 μακροτάταις
1491 583 1587 637 καὶ
1610 584 1672 637 ὲν

85 666 193 729 ταῖς
247 665 629 737 βραχυτάταις
682 667 832 734 νυξὶν
876 671 1199 741 ἡμικύκλιον
1249 674 1344 729 τοῦ
1398 675 1666 741 ζωδιακοῦ

86 755 273 810 κύκλου
308 759 406 812 καὶ
458 758 763 825 ἀνατέλλει,
811 761 906 815 καὶ
954 762 1122 820 δύνει.
1166 765 1381 820 Γίνεται
1421 766 1478 821 δὲ
1510 766 1670 822 τοῦτο

85 848 162 901 διὰ
184 849 282 920 τὴν
318 849 574 919 ἔγκλισιν
603 850 700 905 τοῦ
746 850 1014 916 ζωδιακοῦ
1047 856 1271 912 κύκλου.
1305 858 1406 913 Διά
1433 859 1542 931 γὰρ
1569 860 1669 933 τὴν

86 938 334 1012 λοξότητα
361 944 422 997 ὲν
452 943 665 1008 ἀνίσοις
704 945 917 1017 χρόνοις
944 947 1246 1013 ἀνατέλλει,
1290 952 1386 1004 καὶ
1426 950 1569 1005 δύνει
1596 952 1670 1006 τά

84 1034 167 1087 τοῦ
197 1035 469 1098 ζωδιακοῦ
506 1036 757 1113 [κύκλου]
789 1040 1112 1112 ἡμικύκλια.
1136 1043 1536 1099 Ταπεινοτάτου
1562 1044 1666 1117 μὲν

85 1126 181 1198 γὰρ
202 1127 357 1192 ὄντος
383 1129 483 1184 τοῦ
535 1132 799 1196 ζωδιακοῦ
848 1131 1048 1188 κύκλου
1096 1135 1234 1208 πρὸς
1272 1135 1363 1191 τὸν
1390 1136 1664 1211 ὁρίζοντα,

84 1219 210 1292 ὅπερ
248 1221 773 1297 γίνεταιςΑίγόκερω
807 1224 1032 1297 πρώτης
1063 1227 1258 1299 μοίρας
1298 1227 1665 1300 μεσουρανού-

87 1327 195 1383 σης,
225 1316 454 1385 ταχεῖαν
489 1318 702 1370 ποεῖται
726 1317 826 1387 τὴν
857 1317 1122 1390 ἀνατολὴν
1146 1318 1208 1371 τὸ
1241 1317 1564 1390 ἡμικύκλιον
1599 1318 1663 1371 τὸ

83 1405 178 1457 ἀπὸ
200 1404 295 1458 τοῦ
314 1406 490 1479 Κριοῦ
517 1407 738 1479 πρώτης
761 1408 956 1481 μοίρας
975 1408 1136 1481 μέχρι
1156 1410 1435 1481 Παρθένου
1465 1410 1662 1482 μοίρας

85 1493 140 1547 λ’.
173 1495 411 1561 Πλάγιον
440 1497 553 1568 γὰρ
582 1498 920 1569 παραπίπτει
947 1498 1101 1571 παρά
1139 1499 1231 1553 τὸν
1258 1500 1526 1572 ὁρίζοντα,
1565 1501 1661 1554 καὶ

87 1587 245 1641 πολλά
282 1589 427 1661 μέρη
463 1589 582 1661 ἅμα
613 1592 711 1664 τὴν
740 1591 1004 1663 ἀνατολὴν
1033 1595 1288 1647 ποιεῖται.
1335 1593 1655 1666 Ὀρθοτάτου

1840 470 1885 522 Α
1911 470 2063 526 nocte
2084 473 2359 538 incipiente
2385 471 2646 525 attollitur
2671 488 2829 542 supra
2860 482 3076 528 terram.

1846 582 2139 641 Dubitatur
2173 585 2287 656 jam
2318 586 2597 657 quomodo
2632 587 2798 642 etiam
2832 587 2888 641 in
2924 588 3260 660 longissimis
3285 597 3344 645 et

1771 677 1827 732 in
1851 678 2192 735 brevissimis
2214 680 2469 736 noctibus
2490 678 2878 737 semicirculus
2899 682 3108 737 zodiaci
3128 692 3182 736 et
3198 681 3346 736 oria-

1768 778 1860 823 tur
1897 776 1951 824 et
1979 770 2214 825 occidat.
2262 769 2349 826 Fit
2384 778 2567 825 autem
2597 772 2724 840 ‘hoc
2768 781 2990 843 propter
3035 772 3345 829 inclinatio-

1767 878 1893 918 nem
1922 861 2155 918 zodiaci.
2183 861 2318 917 Nam
2349 872 2570 935 propter
2599 863 2995 934 obliquitatem,
3028 866 3082 920 iu
3133 872 3347 936 tempo-

1768 955 1924 1011 ribus
1969 956 2330 1027 intequalibus
2351 958 2605 1010 oriuntur
2632 965 2685 1012 et
2710 958 2970 1013 occidunt
3001 957 3209 1012 zodiaci
3254 973 3346 1013 sec

1766 1046 2056 1102 micirculi.
2088 1045 2222 1100 Nam
2270 1062 2395 1101 cum
2422 1047 2683 1102 zodiacus
2716 1048 2818 1118 17
2853 1048 3093 1104 circulus
3118 1061 3203 1103 est
3236 1048 3343 1102 hu-

1766 1139 2032 1195 millimus
2063 1138 2130 1193 ad
2153 1139 2517 1205 horizontem,
2569 1140 2714 1210 quod
2748 1142 2811 1194 tit
2848 1154 2971 1195 cum
3018 1139 3350 1211 Capricorni

1764 1229 1941 1300 prima
1967 1246 2096 1301 pars
2129 1228 2364 1285 medium
2404 1229 2529 1284 caeli
2574 1236 2740 1293 tenet,
2791 1229 3031 1285 velocem
3075 1229 3207 1285 facit
3249 1246 3349 1286 or-

1761 1329 1877 1375 tum
1911 1321 2287 1378 semicirculus
2344 1321 2437 1392 qui
2482 1330 2567 1377 est
2608 1322 2677 1376 ah
2718 1319 2922 1376 Arietis
2959 1322 3132 1391 prima
3183 1328 3348 1392 parte

1761 1426 1937 1483 usque
1957 1410 2025 1466 ad
2046 1409 2286 1482 Virginis
2315 1419 2524 1481 partem
2555 1411 2908 1467 tricesimam.
2943 1411 3076 1465 Nam
3118 1411 3345 1483 oblique

1759 1503 1908 1560 cadit
1947 1504 2014 1558 ad
2050 1504 2410 1571 horizontem,
2464 1512 2520 1560 et
2560 1504 2616 1559 in
2659 1505 2845 1560 multis
2888 1504 3135 1576 partibus
3176 1504 3340 1560 simul

1758 1610 1937 1654 ortum
1969 1598 2118 1654 facit.
2159 1597 2296 1654 Cum
2351 1613 2481 1654 vero
2538 1598 2796 1654 zodiacus
2841 1606 2926 1653 est
2964 1596 3336 1663 rectissimus,

84 1679 134 1733 δὲ
154 1679 304 1746 δντος
327 1682 425 1736 τοῦ
457 1681 725 1747 ζωδιακοῦ
742 1682 963 1747 κύκλου,
984 1684 1123 1757 ὅπερ
1149 1684 1357 1754 γίνεται
1376 1685 1651 1758 Καρκίνου

1769 1690 1903 1760 quod
1937 1690 2160 1755 ﬁt,cum
2188 1688 2362 1759 prima
2394 1704 2522 1759 pars
2552 1687 2748 1744 Cancri
2800 1687 3039 1743 medium
3085 1686 3209 1742 ωιιὶ
3250 1695 3337 1742 te-

85 1772 293 1845 πρώτης
346 1774 550 1846 μοίρας
611 1775 1051 1848 μεσουρανούσης
1074 1754 1101 1842 ,1
1136 1780 1360 1848 ταχεῖαν
1421 1754 1652 1832 ποιεῖται

1769 1790 1874 1849 ιρι,
1900 1782 2143 1838 velocem
2166 1779 2297 1837 facit
2316 1791 2502 1837 ortum
2532 1790 2585 1836 et
2604 1781 2984 1836 semicirculus
3041 1780 3135 1850 qui
3180 1788 3264 1836 est
3307 1794 3336 1834 a

81 1865 168 1938 τὴν
202 1865 473 1940 ἀνατολὴν
494 1867 558 1921 τὸ
579 1868 902 1940 ἡμικύκλιον
930 1869 993 1922 τὸ
1034 1869 1144 1924 ἀπὸ
1169 1868 1265 1923 τοῦ
1305 1869 1476 1940 Ζυγοῦ
1510 1868 1657 1941 πρὼ-

82 1974 171 2029 της
200 1958 399 2029 μοίρας
426 1959 626 2033 μέχρις
664 1960 884 2032 Ἰχθύων
915 1960 1108 2032 μοίρας
1133 1962 1178 2015 λ’
1197 1977 1211 1991 ’
1244 1960 1367 2015 ὃθεν
1393 1961 1450 2014 ὲν
1476 1959 1653 2032 πολλῷ

83 2050 242 2123 χρόνῳ
268 2050 368 2124 τὴν
402 2051 684 2122 ἀναφορὰν
726 2055 977 2108 ποιεῖται.
1025 2052 1278 2122 Εύλόγως
1326 2048 1418 2106 οὖν
1464 2054 1557 2106 καὶ¹
1594 2056 1653 2106 ὲν

83 2147 188 2206 sai;
214 2147 557 2216 χειμεριναῖς
585 2143 705 2210 νυξὶ
731 2145 827 2199 καὶ
866 2147 925 2199 ὲν
967 2148 1088 2210 ταῖς
1128 2144 1367 2218 θεριναῖς
1396 2144 1456 2211 ἒξ
1484 2144 1650 2211 ζὼδια

85 2236 370 2302 ἀνατέλλει,
407 2238 503 2291 καὶ
544 2236 605 2303 ἒξ
645 2236 812 2303 {eam
852 2237 1011 2292 δύνει.
1072 2239 1136 2291 Οἱ
1188 2239 1296 2311 γὰρ
1345 2238 1654 2292 ἀνατολικοὶ

85 2328 269 2400 χρόνοι,
310 2329 422 2383 τῶν
466 2329 675 2395 ζωδίων
711 2329 841 2384 ῐσων
881 2329 1051 2383 ὄντων
1100 2329 1242 2383 κατά
1293 2330 1354 2383 τὸ
1401 2328 1650 2400 μέγεθος,

86 2422 239 2473 ἄνισοι
273 2420 517 2488 γίνονται
547 2418 692 2474 κατὰ
714 2420 841 2483 τοὺς
874 2419 1121 2491 χρόνους.
1160 2420 1270 2473 Καὶ
1312 2421 1371 2472 ὲν
1405 2418 1505 2490 μὲν
1532 2421 1653 2482 ταῖς

87 2530 220 2585 χειμε
230 2515 401 2586 ριναῖς
427 2510 552 2577 νυξὶ⁸
578 2512 648 2565 τά
681 2511 1029 2583 πολυχρόνιον
1071 2510 1367 2581 ποιούμενα
1394 2508 1489 2581 τὴν
1516 2511 1651 2563 ἀνα-

86 2604 226 2676 τολὴν
249 2603 615 2676 ἀναφέρεται·
643 2604 700 2655 ὲν
740 2600 798 2655 δὲ
821 2603 942 2665 ταῖς
993 2601 1231 2672 θεριναῖς
1280 2599 1399 2665 νυξὶ
1445 2599 1517 2654 τά
1554 2617 1653 2654 τα-

88 2700 218 2766 χεῖαν
247 2697 553 2768 ποιούμενα
582 2696 681 2768 τὴν
715 2694 980 2766 ἀνατολὴν
1019 2694 1321 2750 ἀνατέλλει.

147 2790 205 2844 Οἱ
236 2791 334 2862 μὲν
372 2786 469 2843 οὖν
500 2789 718 2860 ἀρχαῖοι
758 2786 1011 2860 καθάπερ
1047 2786 1139 2840 ἐπὶ
1170 2786 1278 2840 τῶν
1314 2783 1456 2839 κατά
1485 2782 1654 2847 συζυ-

90 2882 198 2949 γίαν
226 2883 431 2947 ζωδίων
464 2881 743 2953 ἠγνόησαν
764 2919 780 2944 ,
811 2877 985 2942 οὕτως
1032 2878 1127 2932 καὶ¹
1172 2879 1231 2931 ὲν
1261 2880 1372 2941 τοῖς
1408 2875 1656 2931 ἀνατολιο

91 2979 191 3039 κοῖς
213 2976 420 3047 χρόνοις
452 2974 565 3028 τῶν
591 2972 797 3039 ζωδίων
821 2972 1141 3044 διήμαρτον.
1186 2970 1653 3044 Ὑποστησάμενοι

1758 1872 1937 1929 Libras
1981 1872 2156 1944 prima
2195 1880 2351 1944 parte
2380 1888 2555 1942 usque
2602 1872 2668 1926 ad
2712 1870 2950 1927 Piscium
2991 1880 3198 1936 partem
3243 1870 3337 1924 tri-

1754 1966 2012 2022 cesimam
2041 1983 2055 2019 :
2087 1964 2233 2019 unde
2272 1964 2327 2019 in
2348 1964 2508 2034 longo
2527 1971 2771 2034 tempore
2793 1972 2972 2017 ortum
3007 1962 3156 2018 facit.
3195 1961 3341 2017 Con-

1753 2056 2039 2111 venienter
2066 2052 2233 2124 igitur
2258 2065 2311 2108 et
2348 2054 2401 2108 iu
2433 2053 2679 2108 hibernis
2700 2053 2976 2116 noctibus,
3012 2059 3067 2107 et
3109 2051 3163 2105 in
3193 2051 3341 2106 aesti-

1755 2146 1857 2211 vis,
1902 2162 1999 2201 sex
2024 2146 2178 2218 signa
2212 2146 2485 2211 oriuntur,
2509 2151 2563 2200 et
2585 2160 2677 2200 sex
2721 2144 2875 2215 signa
2899 2145 3176 2199 occidunt.
3202 2142 3336 2197 Nam

1753 2239 1928 2293 ortiva
1977 2246 2259 2310 tempora.
2315 2239 2419 2294 etsi
2483 2239 2639 2309 signa
2682 2238 2860 2310 quoad
2913 2236 3338 2309 magnitudinem

1754 2339 1882 2385 sunt
1910 2332 2161 2401 aequalia,
2215 2330 2352 2385 llum
2395 2331 2679 2402 inzequalia
2726 2330 3028 2387 secundum
3070 2337 3336 2398 tempora.

1755 2423 1821 2477 Et
1841 2424 2063 2493 quidem
2082 2425 2136 2479 in
2176 2424 2424 2479 hibernis
2464 2425 2721 2480 noctibus
2767 2408 2845 2479 ea,
2881 2424 3039 2494 signa
3085 2424 3339 2478 oriuntur

1754 2529 1874 2585 qua:
1909 2513 2125 2568 tardum
2159 2513 2363 2570 faciunt
2392 2523 2614 2582 ortum;
2660 2514 2716 2569 in
2745 2514 2949 2569 aastivis
2988 2514 3241 2571 noctibus
3271 2527 3338 2569 ea

1754 2603 2006 2656 oriuntur
2034 2602 2188 2675 signa
2208 2618 2328 2674 qua:
2354 2604 2592 2659 velocem
2625 2603 2834 2658 faciunt
2869 2614 3074 2660 ortum.

1824 2799 2049 2857 Veteres
2077 2800 2275 2873 igitur,
2313 2801 2770 2873 quemadmodum
2820 2817 2930 2858 non
2972 2810 3120 2857 recte
3172 2802 3335 2857 intel-

1754 2892 2004 2949 lexerunt
2050 2894 2205 2965 signa
2243 2884 2660 2957 combinatoria,
2694 2893 2777 2949 sic
2823 2895 2986 2948 etiam
3032 2894 3087 2948 in
3141 2894 3334 2949 ortivis

1754 2983 2095 3061 temporibus
2123 2984 2403 3055 signorum
2443 2991 2783 3040 erraverunt.
2818 2984 2955 3041 Cum
2990 2985 3137 3041 enim
3189 3000 3332 3055 pne-

91 3066 184 3137 γὰρ
207 3067 493 3139 ὀρθότατον
532 3062 674 3120 εἶναι
706 3065 797 3118 τὸν
839 3063 1099 3129 ζωδιακὸν
1129 3063 1348 3128 κύκλον,
1374 3065 1652 3137 Καρκίνου

1769 3074 2182 3156 supposuissent
2207 3074 2491 3130 zodiacum
2519 3075 2784 3130 circulum
2815 3083 2931 3130 tum
2960 3075 3329 3131 rectissimum

94 3160 290 3232 πρώτης
328 3160 529 3232 μοίρας
578 3158 1016 3230 μεσουρανούσης
1039 3175 1054 3191 ο
1109 3159 1231 3213 ἐπεὶ
1279 3157 1421 3213 κατά
1470 3158 1657 3213 τοῦτον

92 3252 170 3305 τὸν
210 3255 391 3326 καιρὸν
437 3251 722 3307 ἀνατέλλει
763 3252 861 3323 μὲν
911 3252 1082 3322 Ζυγὸς
1105 3294 1122 3320 ,
1155 3251 1301 3305 δύνει
1341 3251 1400 3304 δὲ
1445 3251 1615 3323 Κριός
1640 3268 1657 3283 ο

97 3345 418 3416 ἀπεφήναντο
443 3346 504 3398 ἐν
537 3343 777 3414 πλείστῳ
805 3344 905 3414 μὲν
936 3344 1114 3415 χρόνῳ
1130 3343 1441 3397 ἀνατέλλειν
1464 3344 1656 3412 Ζυγὺν,

94 3437 146 3487 ἐν
173 3434 396 3509 πλείστῳ
439 3434 499 3490 δὲ
532 3434 712 3507 χρόνῳ
743 3432 919 3487 δύνειν
961 3434 1154 3505 Κριόν.
1195 3433 1365 3489 Πάλιν
1407 3435 1528 3487 ἐπεὶ
1558 3452 1658 3488 τα-

100 3528 381 3594 umbrato;
413 3529 631 3599 γίνεται
663 3527 694 3579 ὁ
723 3527 831 3582 τῶν
863 3526 1069 3591 ζωδίων
1111 3526 1333 3591 κύκλος,
1378 3527 1660 3597 Αἱγόκερω

102 3617 293 3692 πρώτης
333 3620 535 3693 μοίρας
572 3619 1048 3691 μεσουρανούσης,
1084 3620 1227 3674 κατά
1256 3617 1446 3673 τοῦτον
1478 3619 1658 3673 δὲ.τδν

98 3710 260 3782 καιρὸν
291 3710 580 3766 ἀνατέλλει
616 3710 716 3782 μὲν
746 3712 938 3783 Κριὸς,
966 3710 1109 3766 δύνει
1135 3710 1193 3765 δὲ
1220 3711 1391 3781 Ζυγός
1414 3727 1426 3739 ⁸
1455 3711 1663 3782 ἀπεᾶεήο

97 3817 229 3857 ναντο
267 3804 365 3875 μὲν
409 3803 649 3876 τάχιστα
695 3803 1008 3857 ἀνατέλλειν
1051 3803 1252 3874 Κριὸν,
1289 3802 1555 3876 ἐλαχίστῳ
1599 3805 1658 3857 δὲ

101 3895 252 3967 χρόνῳ
268 3896 446 3950 δύνειν
470 3895 668 3965 Ζυγόν.
692 3894 864 3948 Πάλιν
893 3894 1017 3949 ἐπεὶ
1047 3894 1218 3966 μέσην
1251 3894 1493 3963 ἔγκλισιν
1520 3895 1659 3968 λαμ-

102 3985 228 4049 ϐάνει
246 3992 273 4043 ὁ
300 3990 410 4043 τῶν
439 3987 651 4054 ζωδίων
680 3987 879 4051 κύκλος
903 3986 1041 4059 πρὸς
1071 3986 1164 4041 τὸν
1191 3987 1461 4059 ὁρίζοντα,
1483 3988 1656 4061 Κριοῦ

101 4081 293 4154 πρώτης
336 4082 534 4155 μοίρας
581 4078 1059 4153 μεσουρανούσης,
1096 4079 1193 4133 καὶ
1222 4078 1399 4148 Ζυγοῦ
1432 4077 1656 4151 πρώτης

105 4172 267 4246 μοίρας
298 4172 773 4247 μεσουρανούσης·
796 4170 1075 4227 ἀνατέλλει
1104 4170 1202 4243 μὲν
1230 4172 1532 4243 Καρκίνος,
1562 4171 1655 4225 δύ-

100 4279 165 4315 νει
192 4265 243 4319 δὲ
273 4266 621 4340 Αἰγὸκερως’
658 4262 800 4317 ὥστε
839 4264 1002 4335 μέσον
1032 4262 1225 4335 χρόνον
1263 4264 1364 4334 τῆς
1395 4262 1657 4333 ἀνατολῆς

100 4351 218 4423 ἔχειν
244 4357 544 4429 Καρκίνον,
575 4356 673 4409 καὶ
709 4354 873 4426 μέσον
904 4354 1096 4427 χρόνον
1127 4355 1228 4427 τῆς
1256 4354 1460 4420 δύσεως
1492 4355 1654 4424 Αἰγό-

1756 3179 1899 3230 esse,
1936 3179 2060 3219 cum
2091 3164 2290 3220 Cancri
2334 3165 2509 3235 prima
2551 3181 2681 3236 pars
2717 3165 2955 3220 medium
2993 3165 3117 3220 caeli
3165 3173 3334 3219 tene-

1757 3264 1875 3324 ret;
1918 3272 2153 3327 cumque
2205 3255 2309 3312 hoc
2361 3264 2605 3328 tempore
2635 3257 2846 3312 oriatur
2871 3256 3072 3322 Libra,
3116 3256 3333 3313 occidat

1756 3341 1952 3398 Aries:
1988 3342 2114 3398 inde
2168 3351 2477 3399 statuerunt
2538 3345 2859 3415 longissimo
2902 3353 3147 3417 tempore
3195 3347 3330 3402 oriri

1757 3432 1999 3498 Libram,
2031 3440 2085 3488 et
2117 3434 2439 3505 longissimo
2490 3440 2732 3506 tempore
2776 3437 3029 3493 occidere
3066 3438 3328 3493 Arietem.

1759 3522 1976 3581 Rursus
1996 3540 2121 3581 cum
2150 3526 2490 3582 humillimus
2525 3527 2618 3581 ﬁat
2646 3528 2928 3594 zodiacus,
2961 3530 3133 3599 prima
3180 3538 3334 3601 parte

1757 3617 2082 3690 Capricorni
2112 3626 2329 3675 tenente
2361 3619 2599 3675 medium
2640 3621 2793 3686 caeli,
2825 3631 2879 3678 et
2933 3622 3036 3677 hoc
3083 3630 3330 3692 tempore

1758 3711 1972 3766 oriatur
1997 3710 2177 3776 Aries,
2210 3711 2375 3766 Libra
2409 3712 2625 3768 occidat
2656 3732 2670 3768 :
2706 3721 3017 3770 statuerunt
3044 3715 3327 3770 celerrime

1758 3804 1897 3858 oriri
1934 3804 2199 3871 Arietem,
2244 3816 2299 3860 et
2330 3807 2619 3863 celerrimo
2650 3814 2894 3878 tempore
2949 3808 3198 3863 occidere
3240 3807 3334 3862 Li-

1758 3895 1940 3951 bram.
1970 3893 2185 3951 Rursus
2222 3911 2345 3950 cum
2375 3897 2606 3952 mediam
2631 3898 3037 3954 inclinationem
3076 3898 3333 3953 zodiacus

1759 3994 1875 4039 tum
1902 3984 1971 4039 ad
2006 3986 2343 4040 horizontem
2375 3988 2624 4058 accipiat,
2661 4004 2784 4042 cum
2821 3991 2994 4059 prima
3019 4005 3146 4059 pars
3176 3989 3335 4045 Arie~

1760 4079 1832 4133 tis
1856 4077 2095 4133 medium
2127 4078 2249 4133 ϐίοιὶ
2281 4090 2535 4149 occupat,
2566 4088 2618 4133 et
2648 4079 2825 4134 Librae
2848 4095 2975 4150 pars
2999 4081 3173 4151 prima
3217 4089 3332 4135 me-

1763 4167 1916 4221 dium
1949 4167 2075 4221 caeli
2106 4173 2275 4231 tenet,
2305 4168 2521 4222 oriatur
2549 4178 2728 4223 autem
2776 4166 2987 4223 Cancer
3013 4177 3069 4223 et
3117 4168 3333 4223 occidat

1761 4259 2137 4329 Capricornus
2178 4276 2193 4313 :
2232 4265 2544 4313 statuerunt
2595 4259 2780 4330 igitur,
2830 4258 3065 4314 medium
3115 4267 3331 4329 tempus

1760 4357 1918 4406 ortus
1944 4349 2145 4405 habere
2174 4349 2467 4416 Cancrum,
2496 4359 2551 4405 et
2582 4349 2818 4405 medium
2848 4360 3060 4422 tempus
3096 4366 3329 4408 occasus

100 4462 265 4517 κερων·
291 4449 456 4503 πάλιν
475 4447 535 4501 δὲ
554 4446 752 4519 Χηλῶν
774 4447 1237 4520 μεσουρανουσῶν,
1268 4448 1431 4518 μέσον
1457 4448 1650 4519 χρόνον

1769 4444 2184 4514 Saprieornum;
2219 4458 2411 4498 rursus
2443 4441 2625 4496 Chelis
2658 4442 2892 4496 medium
2943 4443 3064 4498 ραιΙί
3095 4444 3333 4498 tenenti-

99 4538 180 4610 τῆς
200 4541 460 4613 ἀνατολῆς
493 4540 608 4607 ἕξει
630 4542 962 4615 Δίγόκερως,
998 4542 1092 4597 καὶ
1136 4541 1299 4612 μέσον
1324 4541 1425 4613 τῆς
1455 4540 1657 4605 δύσεως

99 4634 261 4703 χρόνον
286 4634 587 4707 Καρκίνος.
638 4634 703 4687 Ἦ
734 4634 791 4687 δὲ
817 4635 1051 4707 τοσαύτη
1085 4633 1300 4698 ἕκθεσις
1330 4633 1440 4689 τῶν
1464 4635 1657 4690 ἀνατοο

97 4719 237 4777 λικῶν
273 4727 487 4798 χρόνων
538 4724 694 4796 παρὰ
734 4727 847 4790 τοῖς
892 4725 1140 4797 ἀρχαίοις
1184 4725 1302 4779 ἐστὶ
1356 4725 1658 4798 διημαρτη-

100 4815 231 4889 μένη.
272 4818 430 4872 Ἐπεὶ
466 4816 579 4890 γὰρ
615 4816 835 4888 Δίδυμοι
880 4817 976 4871 καὶ
1020 4817 1295 4890 Καρκίνος
1341 4817 1441 4890 τὴν
1487 4808 1661 4889 αὐτὴν

97 4902 309 4973 ἔγκλισιν
360 4906 583 4980 ἔχουσιν
633 4907 692 4958 ὲν
733 4905 810 4976 τῷ
855 4904 1103 4976 ζωδιακῷ
1151 4903 1338 4974 κύκλῳ
1382 4904 1518 4976 πρὸς
1564 4902 1656 4957 τὸν

96 4995 346 5067 ὁρίζοντα,
380 5000 477 5053 καὶ
509 4998 613 5067 τὴν
646 4997 817 5069 αὐτὴν
848 4996 1147 5051 ἀπόστασιν
1175 4995 1284 5049 ἀπὸ
1312 4993 1406 5049 τοῦ
1441 4992 1655 5064 θερινοῦ

103 5143 399 5206 Strabonem
427 5150 524 5206 lib.
559 5165 626 5213 ιι,
653 5148 1014 5221 έξηκοντάδας
1038 5164 1137 5219 pro
1168 5148 1276 5203 alia
1304 5162 1438 5221 voce
1456 5146 1652 5218 depra-

100 5227 205 5271 vata
233 5221 446 5291 restitui
491 5220 720 5291 iubens,
740 5219 1130 5291 'sexagesimas
1160 5219 1655 5291 partesinterpre-

101 5293 225 5362 tatus
247 5292 334 5346 sit.
359 5290 477 5347 Hoc
494 5288 632 5353 vero
660 5288 958 5362 salmasius
980 5289 1122 5362 (pag.
1149 5288 1281 5362 664)Δ
1301 5288 1449 5362 _ideo
1469 5304 1655 5362 repre-

106 5355 284 5432 hendit,
319 5362 465 5432 quod
508 5375 574 5416 ea
609 5361 834 5432 notione
873 5355 1220 5432 scribendum
1257 5355 1653 5432 έξηκῳτάδας,

104 5428 142 5479 Si
167 5428 372 5500 quidem
398 5431 722 5503 έξηκοντάς,
749 5431 945 5503 inquit,
971 5438 1057 5486 est
1101 5428 1514 5503 sexagenarius,
1544 5444 1652 5503 non

107 5499 212 5587 ντί
234 5499 612 5587 salsissime;
642 5507 784 5587 δίνη
804 5499 977 5587 δεκάς
990 5499 1357 5587 terrentur:
1370 5500 1654 5587 ,ρεςεξτεεᾲ

105 5567 320 5628 decuria.
353 5567 674 5629 Secundum
717 5571 822 5625 hoc
856 5571 1269 5641 grammaticum
1308 5567 1654 5641 interdictum

106 5640 446 5699 vadimonium
499 5643 674 5696 Arato
718 5639 962 5707 dicetur;
998 5656 1098 5695 nec
1136 5651 1394 5694 recusare
1428 5639 1650 5707 poterit,

104 5711 217 5769 quin
247 5714 313 5771 ad
330 5712 581 5772 tribunal
617 5708 873 5770 Salmasii
904 5726 1030 5768 reus
1059 5711 1275 5775 citetur,
1306 5708 1461 5780 quod
1482 5707 1652 5763 δωδε-

1758 4534 1881 4601 bus,
1905 4533 2143 4589 medium
2187 4542 2402 4603 tempus
2430 4544 2584 4588 ortus
2612 4531 2832 4587 habebit
2856 4530 3244 4603 Capricornus,
3274 4546 3329 4590 et

1757 4625 1996 4680 medium
2056 4633 2274 4696 tempus
2319 4639 2552 4681 occasus
2583 4625 2813 4681 Cancer.
2856 4624 3005 4682 Talis
3057 4627 3328 4696 expositio

1757 4715 2060 4770 ortivorum
2099 4722 2403 4785 temporum
2450 4714 2594 4786 apud
2639 4725 2851 4772 veteres
2893 4715 3026 4772 falsa
3053 4725 3157 4772 est.
3188 4715 3327 4773 Cum

1757 4808 1904 4863 enim
1937 4806 2149 4863 Gemini
2185 4813 2239 4863 et
2270 4805 2481 4863 Cancer
2519 4807 2766 4863 eamdem
2825 4808 3059 4865 habeant
3092 4808 3327 4864 inclina-

1757 4900 1960 4954 tionem
2015 4898 2069 4953 in
2098 4898 2326 4953 zodiaco
2351 4898 2421 4954 ad
2468 4898 2830 4965 horizontem,
2857 4901 3212 4972 eamdemque
3238 4902 3292 4958 di
3311 4932 3326 4943 -

1762 4992 2022 5048 stantiam
2050 4991 2118 5047 ab
2132 4992 2319 5047 aestivo
2344 4992 2555 5064 tropico
2582 4991 2760 5064 signo,
2794 5001 2849 5050 et
2875 4994 3089 5050 dierum
3118 4995 3329 5067 magni-

1756 5145 1926 5218 κάδας
1954 5145 2240 5218 scripserit
2273 5163 2373 5218 pro
2410 5148 2807 5213 δωδεκατάδας.
2847 5147 2920 5206 Ut
2958 5151 3103 5206 enim
3142 5152 3212 5205 ab
3237 5166 3325 5215 eo,

1756 5217 1915 5293 quod
1957 5225 2042 5293 est
2069 5214 2396 5293 έξηκοᾰτός,
2425 5218 2651 5293 deﬂecti
2680 5222 2792 5293 yult
2830 5220 2931 5293 τὴν
2973 5214 3327 5293 ἑξηκοστάδα,

1756 5285 1838 5343 sic
1867 5286 1935 5363 ab
1958 5285 2201 5363 δέκατος,
2216 5291 2320 5363 _vc_l
2343 5288 2646 5363 δωδέκατος
2672 5285 2910 5363 formare
2937 5285 3207 5363 oportebit
3241 5285 3328 5345 δεὲ

1757 5356 2024 5433 κατάδας,
2075 5359 2161 5433 vel
2210 5358 2601 5433 δωδεκατῶας.
2648 5360 2838 5433 Apage
2901 5356 3003 5417 has
3050 5362 3323 5433 ineptias:

1754 5427 1915 5504 τούτο
1958 5427 2376 5504 νομοθετοῦντρς
2417 5431 2534 5504 ἐστι
2572 5427 3009 5504 τοῖςίόνόμασιν,
3049 5427 3156 5486 οὐκ
3192 5432 3327 5504 ἀληέ

1757 5496 2038 5573 (ζώοντος,
2055 5505 2116 5553 ut
2148 5514 2271 5553 cum
2299 5498 2642 5573 Nazianzeno
2685 5496 2901 5573 loquar.
2927 5496 3211 5558 Postremo
3237 5496 3326 5557 vel

1760 5567 1958 5623 Strabo
2007 5567 2124 5642 ipse
2175 5571 2506 5642 correctoris
2554 5567 2826 5642 licentiam
2874 5574 3139 5636 refrenat,
3183 5573 3326 5642 apud

1757 5652 1917 5709 quem
1988 5640 2159 5693 raucis
2206 5647 2329 5708 post
2368 5640 2459 5696 illa
2494 5641 2765 5711 versibus,
2810 5643 2920 5699 τῶν
2958 5640 3328 5712 ἑξηκοντάδων

1761 5654 2081 5766 vocabulum
2117 5709 2328 5779 legitur.

2132 5724 2328 5767 "illllﬂ'.
