3786 6316
416 303 526 359 799
1429 305 1519 360 AD
1560 300 1825 358 EUSEBll
1877 295 2272 355 CHRONICON
2310 293 2673 352 APPENDIX.
3564 294 3667 351 διο

414 417 642 472 tudine:
663 418 993 486 aequales,“
1015 420 1230 476 Cancro
1260 420 1532 476 mediante
1563 423 1618 475 in
1646 423 1808 484 caelo,
1842 437 1905 474 or

2166 413 2350 468 ιπικοῦ
2379 413 2606 486 σημείου
2626 452 2642 476 ,
2677 411 2770 468 καὶ
2801 408 2872 464 τά
2901 409 3107 482 μεγέθη
3153 408 3260 465 τῶν
3289 407 3520 482 ἡμερῶν
3542 411 3661 464 ῐσα⁶

416 517 508 562 tnr
531 507 690 573 Libra
719 529 732 566 :
767 512 821 565 in
853 513 1197 585 temporibus
1220 515 1518 585 mqualibus
1551 517 1804 570 oriuntur
1829 515 1911 571 Vir

2170 507 2186 558 t
2218 505 2463 576 Διδύμων
2497 505 2595 576 μὲν
2629 501 3098 576 μεσουρανούντων
3136 501 3416 555 ἀνατέλλει
3457 501 3665 572 Παρϐέο

411 607 471 656 et
499 601 682 659 Libra.
2089 615 2214 662 νοςο
2243 599 2520 672 Καρκίνου
2547 597 2605 651 δὲ
2642 594 3121 669 μεσουρανοῦντος,
3147 593 3430 648 ἀνατέλλει
3465 594 3630 663 Ζυγὸς
3647 610 3660 625 ⁸

2090 692 2148 744 tv
2179 690 2278 761 ἴσῳ
2308 691 2486 763 χρόνῳ
2509 689 2857 744 ἀνατέλλουσι
2891 687 3162 758 Παρθένος
3189 687 3284 741 καὶ
3315 686 3510 755 Ζυγός.

488 781 735 857 Cumque
785 790 1132 848 rectissimus
1187 790 1280 845 ﬁat
1328 791 1624 858 zodiacus,
1663 793 1906 849 Geminis
1934 804 1983 851 et

2165 785 2272 838 Καὶ
2313 784 2436 838 ἐπεὶ
2463 784 2751 857 ὀρθότατος
2780 783 2990 852 γίνεται
3020 784 3048 835 ὁ
3074 781 3181 836 τῶν
3209 779 3416 845 ζωδίων
3449 778 3660 843 κύκλος,

416 873 635 931 Cancro
685 878 919 934 medium
955 881 1079 935 coeli
1119 883 1468 948 tenentibus,
1503 884 1823 956 longissimo
1850 895 1911 940 ιε]

2166 875 2326 948 Βύμου
2352 877 2446 930 καὶ
2484 877 2762 948 Καρκίνου
2811 874 3306 948 μεσουρανούντων,
3341 875 3401 926 ὲν
3430 873 3661 944 πλείστῳ

419 982 552 1038 pore
580 971 834 1025 oriuntur
860 970 1025 1044 Virgo
1044 981 1098 1045 et
1123 972 1309 1044 Libra,
1329 987 1384 1031 et
1409 991 1518 1031 non
1551 985 1764 1032 tantum
1782 977 1912 1033 Chel

2166 969 2268 1039 όνῳ
2302 968 2647 1022 ἀνατέλλουσι
2673 968 2945 1040 Παρθένος
2975 969 3067 1021 καὶ
3089 967 3280 1035 Ζυγὸς,
3305 968 3400 1020 καὶ
3419 967 3480 1019 οὐ
3510 966 3661 1037 μόνον

420 1065 479 1110 ut
512 1065 721 1115 veteres
752 1062 1140 1133 opinabantur.

2091 1062 2149 1114 at
2183 1061 2382 1133 Χηλαὶ,
2411 1061 2662 1136 καθάπερ
2694 1064 2741 1115 οἱ
2767 1062 2984 1133 ἀρχαῖοι
3004 1060 3380 1133 διελάμϐανον.

485 1149 700 1207 Rursus
734 1168 858 1208 cum
891 1155 1222 1227 Sagittarius
1251 1167 1304 1214 et
1332 1160 1703 1231 Capricornus
1738 1164 1980 1219 eamdem

2165 1155 2329 1210 Πάλιν
2363 1153 2419 1207 δὲ
2460 1151 2582 1206 ἐπεὶ
2611 1151 2846 1224 Τοξότης
2887 1152 2981 1206 καὶ
3009 1151 3323 1225 Αἰγόκερως
3358 1152 3458 1224 τὴν
3501 1152 3660 1224 αὐτὴν

417 1240 651 1297 habeant
691 1247 756 1300 ad
807 1246 1144 1305 horizontem
1201 1254 1645 1322 inclinationem,
1697 1264 1752 1311 et
1807 1257 1912 1329 Sag

2163 1247 2330 1301 κλισιν
2364 1247 2545 1316 ἔχουσι
2583 1245 2720 1317 πρὸς
2755 1243 2845 1297 τὸν
2871 1241 3119 1314 ὁρίζοντα
3139 1284 3154 1309 ,
3180 1242 3274 1296 καὶ
3305 1243 3534 1309 Τοξότου
3569 1261 3658 1314 με-

411 1335 558 1388 tario
586 1337 824 1392 medium
849 1342 974 1395 coeli
1008 1351 1230 1400 tenente
1252 1349 1503 1401 oriantur
1532 1347 1742 1414 Pisces,
1773 1350 1906 1404 occic

2162 1337 2511 1411 υρανοῠντος,
2553 1335 2932 1390 ἀνατέλλουσιν
2972 1334 3175 1406 ’ἰχθύες
3200 1376 3214 1401 ,
3248 1335 3396 1389 δύνει
3433 1336 3491 1388 δὲ
3518 1335 3657 1406 Παρ-

415 1421 618 1496 Virgo:
655 1427 994 1498 Capricorno
1033 1435 1274 1489 medium
1311 1437 1436 1491 cmli
1484 1450 1809 1509 occupante,
1838 1443 1910 1493 ori

2171 1449 2242 1495 νος
2264 1447 2278 1461 ο
2318 1430 2600 1502 Αῐγὸκερω
2637 1429 2693 1482 δὲ
2725 1428 3185 1500 μεσουρανοῦντος
3208 1467 3224 1492 ,
3254 1428 3533 1482 ἀνατέλλει
3569 1417 3666 1501 μὲν

413 1527 506 1571 ιιιι·
554 1519 733 1584 Aries,
783 1523 999 1579 occidat
1032 1525 1218 1594 Libra,
1255 1529 1459 1600 ﬁatque
1497 1531 1838 1587 humillimus
1896 1550 1908 1586 ι

2164 1522 2279 1586 πιδς,
2314 1521 2459 1574 δύνει
2501 1521 2558 1574 δὲ
2605 1521 2775 1590 Ζυγὺς
2797 1559 2811 1583 ,
2841 1521 2934 1573 καὶ
2974 1520 3182 1588 γίνεται
3222 1521 3607 1586 ταπεινότατος
3634 1523 3659 1574 δ

411 1607 626 1672 diacus,
659 1625 785 1664 cum
839 1611 1172 1683 Sagittarius
1224 1627 1278 1673 et
1324 1619 1696 1688 Capricornus
1749 1622 1803 1675 in
1845 1635 1906 1677 co

2169 1633 2196 1667 ν
2242 1613 2446 1679 ζωδῐων
2479 1612 2706 1678 κύκλος,
2747 1613 2974 1679 Τοξότου
3021 1617 3115 1668 καὶ
3153 1615 3440 1687 Αἱγόκερω
3472 1631 3663 1686 μεσου-

413 1699 657 1756 mediant
692 1719 708 1755 :
761 1705 819 1759 in
876 1705 1204 1765 brevissimo
1233 1718 1483 1783 tempore
1532 1713 1789 1769 occidunt
1817 1713 1908 1768 Vir

2176 1707 2427 1762 νούντωνο
2457 1711 2514 1761 ὲν
2543 1707 2809 1779 ἐλαχίστῳ
2831 1708 3007 1780 χρόνῳ
3038 1708 3249 1763 δύνουσι
3274 1710 3549 1780 Παρθένος
3575 1712 3671 1765 καὶ

408 1796 464 1843 et
486 1788 672 1847 Libra.
1349 1768 1365 1783 ’
1776 1768 1783 1769 7

1349 1768 1365 1783 '
1776 1768 1783 1769 ί
1920 1768 1972 1785 ur
2019 1768 2065 1828 Β
2091 1768 2281 1869 ὲυγός.

480 1880 699 1940 Rursus
735 1903 863 1944 vero
896 1905 1020 1944 cum
1043 1891 1294 1951 Piscibus
1326 1897 1562 1952 medium
1594 1899 1719 1953 caeli
1751 1900 1975 1955 tenenti-

2166 1893 2331 1947 Πάλιν
2376 1894 2433 1947 δὲ
2480 1894 2601 1948 ἐπεὶ
2643 1894 2860 1965 Ἰχθύων
2904 1896 3387 1966 μεσουρανούντων
3443 1898 3661 1952 ἀνατέλ-

411 1973 516 2029 bus
558 1978 809 2034 oriantur
838 1981 1092 2038 Gemini:
1127 1989 1314 2043 Ariete
1365 1990 1601 2044 medium
1647 1992 1772 2046 caeli
1821 2007 1906 2046 οε(

2165 2003 2243 2039 δσι
2295 1987 2517 2059 Δίδυμοι
2545 2029 2560 2054 ,
2625 1987 2798 2059 Κριοῦ
2865 1988 3326 2060 μεσουρανοῦντος
3390 1990 3660 2044 ἀνατέλλει

411 2073 579 2133 pante
627 2073 842 2126 oriatur
889 2075 1100 2132 Cancer
1134 2098 1146 2134 :
1179 2079 1432 2137 Piscibus
1462 2098 1591 2138 vero
1617 2092 1669 2138 et
1701 2084 1886 2139 Ariete

2165 2078 2364 2150 ιρκίνος
2391 2120 2405 2142 ,
2453 2077 2671 2150 Ἰχθύων
2711 2081 2769 2134 δὲ
2811 2082 2905 2135 καὶ
2950 2081 3120 2154 Κριοῦ
3165 2082 3660 2154 μεσουρανούντων,

411 2161 556 2216 caelo
605 2165 996 2236 incdiantibus,
1051 2172 1283 2228 mediam
1332 2175 1739 2231 inclinationem
1789 2177 1906 2231 habt

2168 2189 2265 2242 σην
2295 2172 2536 2240 ἔγκλισιν
2570 2172 2684 2244 ἔχει
2717 2176 2746 2226 ὁ
2786 2173 3048 2240 ζωδιακὸς
3075 2175 3307 2241 κύκλος·
3346 2177 3512 2248 μέσον
3559 2179 3661 2248 ἄρα

413 2251 674 2340 ιιοᾱίιιουε
709 2276 723 2312 :
758 2261 994 2316 medium
1047 2266 1216 2334 igitur
1251 2276 1468 2339 tempus
1503 2278 1657 2325 ortus
1700 2272 1908 2326 contint

2166 2262 2278 2317 όνον
2301 2265 2399 2334 τῆς
2427 2264 2693 2335 ἀνατολῆς
2721 2265 3033 2336 περιέχουσι
3061 2266 3282 2338 Διδυμοι
3322 2268 3419 2322 καὶ
3461 2267 3661 2340 Καρκι-

413 2339 629 2399 Gemini
671 2355 723 2401 et
753 2348 982 2419 Cancer,
1020 2352 1351 2428 Sagittarius
1375 2374 1505 2415 vero
1539 2371 1593 2416 et
1617 2361 1908 2432 Capricorn

1752 2363 1986 2419 iecimus
2091 2373 2201 2421 νος,
2225 2356 2431 2421 δύσεως
2459 2358 2517 2412 δὲ
2547 2357 2781 2430 Τοξότης
2795 2360 2902 2419 ,καὶ
2918 2358 3247 2432 Αἰγόκερως.

411 2447 662 2492 occasus.

486 2526 751 2588 Similiter
805 2550 951 2604 cum,
986 2537 1210 2612 Virgine
1239 2554 1292 2598 et
1325 2542 1511 2601 Chelis
1561 2546 1799 2601 medium
1854 2546 1981 2601 cmli

2172 2540 2406 2610 Ὁμοίως
2426 2539 2484 2593 δὲ
2515 2541 2636 2593 ἐπεὶ
2657 2540 2934 2612 Παρθένου
2961 2542 3054 2594 καὶ
3079 2541 3273 2614 Χηλῶν
3303 2559 3662 2616 μεσουρανου-

412 2624 748 2690 tenentibus,
773 2630 1007 2685 mediam
1039 2634 1453 2692 inclinationem
1488 2639 1748 2695 zodiacus
1783 2639 1907 2694 habt

2163 2653 2201 2688 ιν
2224 2635 2397 2706 μέσην
2428 2634 2668 2704 ἔγκλισιν
2697 2635 2838 2707 ἔχειν
2860 2635 3074 2705 λέγεται
3102 2639 3130 2690 ὁ
3156 2636 3424 2702 ζωδιακὸς
3449 2637 3658 2704 κύκλος,

410 2715 650 2781 dicatur,
681 2727 736 2773 et
770 2718 994 2792 Virgine
1050 2727 1288 2782 medium
1334 2730 1458 2784 coeli
1499 2742 1740 2794 tenente,
1772 2733 1905 2787 orial

2161 2726 2475 2798 ὶΠαρθένου
2504 2727 2964 2800 μεσουρανούσης,
2982 2727 3260 2782 ἀνατέλλει
3289 2728 3391 2800 μὲν
3410 2730 3656 2802 Τοξότης,

413 2807 766 2881 Sagittarius,
801 2817 1056 2879 occidant
1087 2817 1300 2875 Gemini
1323 2839 1337 2887 ;
1357 2822 1542 2878 Chelis
1567 2841 1697 2880 vero
1717 2827 1842 2881 οωΙί
1869 2842 1908 2879 ir

2167 2838 2304 2875 must
2334 2821 2391 2875 δὲ
2438 2822 2657 2894 Δίδυμοι
2681 2838 2695 2853 ο
2731 2823 2926 2893 Χηλῶν
2959 2824 3014 2877 δὲ
3059 2826 3512 2897 μεσουρανουσῶν
3540 2827 3662 2880 ἀνα-

413 2902 564 2957 dium
615 2909 1013 2976 occupantibus
1061 2913 1270 2967 oriatur
1317 2913 1727 2986 Capricornus,
1767 2919 1908 2974 occic

2169 2914 2264 2968 ιλει
2296 2915 2628 2988 Αἱγόκερως,
2655 2913 2800 2968 δύνει
2831 2916 2888 2970 δὲ
2929 2917 3230 2989 Καρκίνοςο
3271 2917 3440 2988 μέσον
3479 2917 3664 2989 χρόνον

412 2991 646 3059 Cancer,
682 2999 918 3054 medium
979 3010 1192 3073 tempus
1237 3005 1516 3064 habebunt
1547 3020 1703 3066 ortus
1750 3010 1907 3081 Sagiu

2168 3006 2400 3079 ριέξουσι
2443 3007 2544 3078 τῆς
2592 3007 2854 3081 ἀνατολῆς
2903 3007 3136 3080 Τοξότης
3178 3009 3274 3064 καὶ
3331 3011 3663 3080 Λίγόκερως,

414 3087 533 3142 rius
561 3096 616 3143 et
645 3088 1044 3162 Capricornus,
1080 3111 1314 3155 occasus
1348 3115 1476 3156 vero
1521 3099 1733 3158 Gemini
1758 3112 1813 3160 et
1841 3104 1909 3160 Ca

1708 3103 1733 3158 ιί
1758 3112 1813 3160 et
1841 3104 1984 3160 Can-
2013 3129 2059 3188 ο
2090 3102 2188 3173 τῆς
2217 3101 2275 3154 δὲ
2300 3100 2508 3166 δύσεως
2535 3102 2757 3173 Δίδυμοι
2790 3102 2884 3156 καὶ
2913 3102 3203 3174 Καρκίνος.

414 3192 527 3232 cer.

486 3268 564 3324 Ex
594 3271 678 3328 his
707 3275 1058 3333 manifestum
1091 3289 1175 3335 cst
1198 3285 1342 3353 quod
1373 3299 1437 3340 ea
1468 3285 1619 3356 signa
1659 3301 1781 3358 qua!
1810 3302 1981 3358 aequa-

2171 3283 2265 3338 Ἐκ
2292 3283 2349 3338 δὲ
2379 3283 2582 3338 τούτων
2609 3285 2861 3356 φανερὸν,
2897 3286 2977 3339 ὄτι
3008 3284 3076 3338 τά
3105 3287 3217 3338 ῐσον
3259 3285 3537 3356 ἀπέχοντα
3559 3285 3666 3340 τῶν

414 3359 541 3418 liter
572 3378 601 3417 a
635 3369 854 3435 punctis
888 3373 1115 3440 trepicis
1145 3385 1200 3429 et
1249 3378 1726 3447 :equinoctialibus
1756 3378 1909 3434 distat

2167 3375 2385 3443 mtxt‘ov,
2416 3377 2639 3430 καὶτῶν
2665 3377 2996 3448 ξσημερινῶν
3019 3375 3257 3448 σημείων
3281 3378 3339 3429 tv
3368 3375 3470 3448 ἷσῳ
3494 3378 3662 3449 χρόνῳ

414 3458 712 3525 aequalibus
744 3463 1084 3530 temporibus
1116 3467 1364 3521 oriantur
1391 3477 1446 3522 et
1473 3471 1749 3538 occidant;
1786 3479 1840 3526 et
1862 3487 1909 3526 CI

2168 3469 2403 3534 ιτέλλει,
2434 3470 2528 3522 καὶ
2577 3469 2762 3522 δύνειο
2813 3470 2908 3523 καὶ¹
2955 3469 3077 3523 ἐπεὶ
3127 3471 3184 3524 tv
3223 3468 3378 3542 πάσῃ
3414 3472 3573 3524 νυκτὶ
3609 3469 3663 3534 ἒξ

415 3548 565 3602 omni
599 3559 757 3605 nocte
776 3567 870 3606 sex
908 3555 1067 3624 signa
1093 3557 1344 3612 oriantur
1368 3558 1422 3612 in
1453 3559 1604 3613 horis
1631 3559 1718 3624 12,
1755 3569 1809 3614 et
1836 3578 1910 3616 on

2165 3561 2257 3615 ιδια
2299 3560 2578 3615 ἀνατέλλει
2625 3564 2680 3614 ἐν
2722 3561 2890 3633 ὥραις
2926 3561 3014 3628 ιϐ’,
3049 3561 3300 3634 φανερὸν,
3342 3563 3427 3616 ὅτι
3473 3564 3570 3616 καὶ
3608 3562 3660 3614 tv

414 3637 504 3696 die
534 3656 628 3695 sex
659 3643 812 3713 signa
845 3647 1094 3701 oriantur
1123 3650 1177 3704 in
1214 3649 1366 3705 horis
1411 3649 1495 3715 12,
1531 3651 1909 3707 ηιιιιιὶΐεειυιηι

2162 3653 2273 3724 ,έρᾳ
2311 3653 2406 3706 καὶ
2445 3652 2598 3705 νυκτὶ
2635 3651 2701 3706 ιϐ’
2735 3651 2899 3717 ζώδια
2943 3653 3218 3707 ἀνατέλλει
3261 3656 3320 3708 ἐν
3366 3653 3540 3726 ὥραις
3568 3653 3640 3709 κδ’
3645 3697 3657 3714 ,

415 3729 564 3798 quod
593 3739 647 3785 et
680 3733 735 3786 in
769 3735 856 3788 die
877 3746 931 3790 et
962 3737 1018 3792 in
1051 3749 1208 3794 n0cte
1235 3740 1303 3794 η
1331 3741 1484 3811 signa
1521 3744 1771 3797 oriantur
1800 3745 1854 3798 in
1889 3745 1910 3800 l:

2182 3745 2234 3797 δὲ
2262 3744 2319 3797 ἒν
2362 3742 2549 3808 ζὼδιον
2582 3743 2862 3797 ἀνατέλλει
2905 3745 2963 3797 ὲν
3009 3743 3158 3797 δυσὶν
3185 3743 3360 3817 ὥραις
3391 3746 3534 3800 κατά
3574 3745 3677 3800 τδν.

416 3824 496 3878 ris
519 3821 612 3887 24,
646 3829 701 3876 et
729 3840 894 3880 unum
946 3829 1162 3900 signum
1192 3830 1247 3886 in
1288 3832 1323 3886 2
1353 3832 1505 3888 horis
1545 3833 1845 3889 secundum
1878 3852 1911 3890 η

2183 3855 2258 3891 τον
2287 3836 2396 3890 τῶν
2420 3837 2692 3891 ἀνατολῶν
2722 3839 2932 3910 χρόνον.
2963 3839 3074 3893 Καὶ
3101 3838 3262 3892 πάλιν
3290 3840 3414 3893 ἐπεὶ
3435 3841 3493 3892 ὲν
3520 3841 3678 3912 πάσῃ,

417 3915 571 3971 dium
602 3923 822 3973 ortuuui
857 3929 1092 3991 tempus.
1132 3921 1196 3977 Et
1230 3939 1422 3981 rursus
1465 3940 1590 3979 cum
1646 3926 1794 3980 omni
1828 3943 1912 3982 n01

2163 3933 2247 3986 κτὶ
2280 3930 2339 3996 ἓξ
2385 3929 2549 3996 ζώδια
2583 3929 2728 3985 δύνει
2763 3933 2821 3984 tv
2860 3930 3028 4004 ὥραις
3074 3929 3161 3996 ιδ’,
3201 3931 3437 4004 φανερὸν
3472 3935 3536 3986 ὲκ
3561 3930 3658 3984 τῶν

419 4022 514 4062 sex
538 4009 694 4078 signa
744 4012 995 4066 oriantur
1027 4015 1079 4068 in
1117 4015 1268 4071 horis
1295 4015 1385 4081 12,
1423 4016 1776 4073 manifestum
1807 4030 1891 4074 est

2163 4023 2269 4076 τῶν
2292 4065 2306 4088 ,
2336 4024 2416 4077 ὅτι
2465 4022 2528 4076 τὺ
2557 4021 2614 4075 ἓν
2653 4020 2839 4088 ζὼδιον
2879 4025 2938 4076 ὲν
2978 4023 3130 4078 δυσὶν
3171 4022 3344 4097 ὥραις
3379 4023 3545 4086 δύνει,
3572 4023 3657 4076 καὶ

417 4097 636 4166 iisdem,
668 4102 812 4171 quod
855 4121 1021 4160 unum
1067 4109 1282 4179 signum
1316 4109 1372 4164 in
1405 4109 1623 4166 duabus
1657 4112 1809 4168 horis
1842 4128 1912 4168 oc

2187 4117 2350 4182 ζώδια
2380 4115 2658 4170 ἀνατέλλει
2701 4115 2797 4168 καὶ¹
2838 4115 2983 4170 δύνει
3017 4117 3076 4169 ὲν
3111 4116 3282 4188 ὥραις
3327 4117 3657 4188 ἰσημεριναῑς

417 4192 533 4255 dat,
557 4202 611 4248 et
645 4193 713 4247 12
743 4197 897 4266 signa
927 4200 1196 4263 oriantur,
1218 4208 1271 4255 ct
1288 4203 1543 4258 occidant
1569 4205 1624 4258 in
1656 4203 1808 4260 horis
1827 4221 1908 4276 atq

2192 4229 2206 4242 ν
2244 4209 2339 4263 καὶ
2365 4209 2582 4263 πάντων
2613 4209 2722 4264 τῶν
2754 4207 2958 4273 ζωδίων
2985 4212 3013 4264 ὁ
3048 4211 3454 4284 συναμφότερος
3480 4209 3672 4282 χρόνοις¹

417 4284 747 4342 noctialibus
777 4288 880 4353 24,
916 4299 969 4345 et
999 4292 1241 4346 omnium
1276 4295 1555 4366 signorum
1589 4306 1802 4368 tempus
1833 4306 1912 4352 orl

2161 4322 2188 4368 ς
2219 4303 2485 4374 ἀνατολῆς
2530 4305 2754 4375 καὶτῆς
2786 4302 2991 4369 δύσεὼς
3031 4308 3178 4358 ἐστιν
3223 4307 3339 4370 ἴσος
3381 4305 3537 4378 ὡρῶν
3581 4305 3656 4358 ls-

418 4386 473 4433 et
514 4395 768 4446 occasus,
823 4383 987 4438 simul
1038 4395 1342 4457 sumptum,
1375 4388 1446 4443 sit
1488 4389 1700 4460 aequale
1755 4397 1913 4461 templ

2160 4397 2368 4469 ιερινῶν
2416 4396 2524 4450 κδ’·
2560 4395 2654 4451 καὶ⁸
2705 4397 2806 4450 ὅσα
2862 4397 2960 4467 μὲν
3011 4395 3120 4450 τῶν
3159 4395 3366 4462 ζωδίων
3398 4398 3457 4450 tv
3513 4395 3655 4450 πλεξ-

420 4469 676 4528 horarum
736 4475 1193 4544 aequinoctialium
1216 4479 1307 4544 24,
1365 4489 1423 4536 et
1469 4482 1614 4551 quod
1649 4497 1912 4551 quacunq

2178 4491 2402 4563 ρχρόνῳ
2431 4490 2729 4554 ἀνατέλλει,
2764 4491 2821 4543 tv
2854 4489 3121 4562 ἐλαχίστῳ
3153 4490 3330 4562 χρόνῳ
3361 4490 3540 4544 δύνει·
3563 4489 3673 4545 ὅσα,

420 4565 574 4635 signa
611 4565 932 4636 longissimo
961 4576 1205 4641 tempore
1229 4572 1506 4637 oriuntur,
1545 4589 1609 4629 ea
1663 4574 1914 4630 brevissii

2171 4586 2230 4638 ὲν
2251 4583 2518 4657 ἐλαχίστῳ
2553 4583 2727 4657 χρόνῳ
2750 4583 3100 4656 ἀναφέρεται,
3125 4584 3182 4637 ὲν
3218 4582 3459 4656 πλείστῳ
3491 4581 3653 4656 χρόνῳ

419 4662 664 4728 tempore
704 4659 958 4715 occidant
997 4675 1011 4714 τ
1045 4680 1166 4734 qum
1196 4680 1324 4720 vero
1379 4664 1708 4721 brevissimo
1743 4673 1989 4738 tempore
2089 4675 2254 4732 δύνει.

419 4749 703 4818 oriuntur,
733 4767 797 4807 ea
827 4752 1146 4825 longissimo
1175 4765 1418 4828 tempore
1451 4760 1721 4815 occidant.

957 4890 1064 4961 ιε
1091 4890 1320 4949 CAPUT
1371 4873 1460 4952 vi.

2615 4899 3007 4954 ΚΕΦΔΛΑΙΟΝ
3047 4897 3137 4966 (Γ.

1016 5005 1095 5062 De
1131 5009 1418 5064 mensibus.

2678 5013 2818 5082 Περὶ
2843 5012 3073 5084 μηνῶν.

492 5141 695 5200 Mensis
725 5151 808 5199 est
853 5155 1066 5216 tempus
1119 5162 1151 5200 a
1206 5147 1596 5218 conjunctione
1649 5147 1718 5203 ad
1765 5149 1987 5220 conjun-

2161 5151 2287 5223 Μήν
2313 5152 2430 5205 ἐστι
2464 5151 2655 5223 χρόνος
2683 5148 2794 5222 (30)
2833 5149 2941 5202 ἀπὸ
2983 5149 3203 5202 συνόδου
3234 5151 3328 5204 ἐπὶ
3368 5149 3594 5215 σύνοδον,
3621 5147 3651 5220 ἢ

424 5234 688 5298 ctionem,
722 5245 815 5290 aut
841 5253 871 5291 a
900 5237 1201 5306 plenilunio
1230 5237 1299 5293 ad
1338 5240 1718 5310 plenilunium.
1749 5239 1844 5296 Est
1890 5257 1919 5296 a

2156 5240 2200 5292 ιδ
2227 5239 2561 5311 πανσελήνου
2601 5239 2694 5293 ἐπὶ
2737 5237 3085 5308 πανσέληνον.
3134 5239 3292 5294 Ἔστι
3341 5240 3400 5295 δὲ
3452 5238 3651 5301 σύνοδος

422 5334 532 5382 tem
560 5327 906 5398 conjunctio,
931 5345 1055 5384 cum
1081 5329 1137 5384 in
1161 5331 1350 5387 eadem
1399 5341 1556 5402 parte
1583 5333 1786 5389 fuerint
1819 5333 1899 5388 sol

2157 5347 2216 5393 :v,
2248 5330 2377 5382 ὅταν
2405 5330 2462 5382 ὲν
2493 5330 2559 5400 τῇ
2603 5329 2739 5398 αὐτῇ
2778 5327 2940 5399 μοίρᾳ
2986 5328 3210 5400 γένηται
3247 5329 3277 5381 ὁ
3315 5328 3465 5400 ἥλιος
3502 5327 3652 5395 καὶὴ

423 5419 552 5475 luna
592 5436 605 5472 :
639 5422 782 5493 quod
813 5421 871 5476 lit
889 5422 1036 5478 circa
1064 5421 1403 5478 tricesimum
1435 5423 1580 5477 diem
1614 5424 1775 5481 lunae.
1807 5423 1918 5480 Plet

2157 5420 2290 5493 λήνη
2314 5439 2328 5452 θ
2356 5420 2499 5475 τοῦτ’
2533 5421 2647 5474 ἐστι
2676 5421 2803 5494 περὶ
2826 5420 2926 5492 τὴν
2951 5420 3218 5493 τριακάδα
3244 5421 3493 5494 σελήνης.
3521 5423 3652 5476 Παν-

425 5511 633 5568 lunium
677 5513 901 5582 dicitur,
936 5527 1062 5569 cum
1124 5515 1256 5570 luna
1309 5514 1611 5570 secundum
1661 5517 1920 5573 diametru

2198 5529 2316 5583 ηνος
2353 5512 2411 5566 δὲ
2439 5512 2694 5582 λέγεται,
2723 5511 2851 5566 ὅταν
2887 5513 2922 5584 ἡ
2953 5510 3148 5586 σελήνη
3191 5513 3334 5568 κατά
3380 5514 3652 5585 διάμετρον
3689 5533 3693 5536 ·

497 5689 764 5767 (50)M1_5_i_r
785 5692 917 5767 ἐστι
944 5697 1180 5765 χρόνος.
1211 5695 1436 5767 Sextum
1461 5694 1564 5750 hoc
1585 5705 1748 5767 caput
1780 5697 1992 5754 Gemini

2173 5694 2269 5751 θεοὶ
2303 5702 2355 5767 et
2406 5693 2569 5748 Attici
2623 5693 3100 5767 veterisgformam
3142 5693 3542 5767 explicandam.
3583 5691 3668 5746 Eo.

422 5756 595 5828 longe
633 5756 996 5822 utilissimumw
1035 5756 1150 5833 est;
1180 5780 1244 5822 ac
1284 5756 1706 5835 pulcherrimum
1747 5768 1815 5824 ad
1865 5769 1991 5826 anui
2094 5780 2196 5828 nos
2233 5765 2317 5823 usi
2348 5781 2536 5824 sumus
2568 5765 2772 5836 passim
2803 5765 2892 5820 lib.
2930 5781 2947 5820 i
2979 5772 3033 5820 ct
3062 5780 3101 5820 ιι
3129 5756 3408 5822 Da'doctr.
3440 5775 3587 5832 ιενφ.
