3786 6314
107 365 191 420 801

1127 361 1369 420 GEMINI
1405 359 1782 417 ELEMENTA
1819 361 2316 422 ASTRONOMIJ.

3241 369 3351 424 802

108 485 309 555 γίνηται
332 480 413 552 τῷ
439 481 587 554 ἡλίῳ
609 496 628 515 ⁸
653 478 808 535 τοῦτο
832 480 891 534 δέ
913 483 1031 536 ἐστι
1059 483 1186 555 περὶ
1207 482 1305 554 τὴν
1333 481 1674 554 διχομηνίαν.

1794 485 2073 554 ιρροιιίιιιι-
2101 485 2226 542 soli.
2259 483 2376 540 Hoc
2407 484 2467 540 lit
2492 484 2641 542 circa
2674 486 2914 543 medium
2947 503 3212 543 mensem.
3250 487 3349 543 Est

113 567 249 623 Ἐστι
277 570 336 623 δέ
360 571 622 642 μηνιαῖοθς
652 569 838 641 χρόνος
854 571 1203 644 (51)ήμερῶν
1229 572 1310 626 κθ⁹
1345 573 1478 644 α’[β’
1507 572 1676 644 ill/11'

108 663 219 720 ἐνδέ
239 663 314 735 τῷ
339 663 588 735 μηνιαίῳ
603 663 778 736 χρόνῳ
802 665 834 734 ἡ
862 663 1059 736 σελήνη
1085 664 1468 738 διαπορεύεται
1495 667 1584 721 τόν
1616 685 1678 722 τε

104 756 200 807 τῶν
236 753 441 820 ζωδίων
489 755 726 822 κύκλον,
759 756 853 810 καὶ
892 756 973 810 ἔτι
1017 757 1117 827 τὴν
1164 759 1520 831 περιφέρειαν
1552 760 1618 832 ἢν
1648 763 1680 815 ό

103 847 241 914 ἥλιος
277 848 334 900 ἐν
361 846 442 918 τῷ
478 848 716 920 μηνιαίῳ
754 847 931 920 χρόνῳ
967 849 1047 912 είς
1073 848 1142 903 τὰ
1166 851 1407 921 ἐπόμενα
1437 851 1544 908 τῶν
1572 851 1680 917 ξω·

102 938 218 990 δίων
249 938 590 1009 μεταϐαίνει.
621 939 766 1012 Αὐτὴ
804 938 859 993 δέ
894 941 1040 993 ἐστιν
1080 941 1156 1004 ὡς
1189 940 1414 1010 ἔγγιστα
1445 943 1637 1008 ζωδίου
1662 962 1676 976 °

103 1029 231 1082 ῶστε
259 1031 316 1082 ἐν
342 1028 421 1100 τῷ
452 1031 692 1102 μηνιαίῳ
726 1031 901 1102 χρόνῳ
933 1031 1002 1101 ιγ’
1035 1031 1200 1097 ζῴδια
1232 1033 1308 1097 ὡς
1335 1033 1562 1104 ἔγγιστα
1594 1053 1680 1090 κι-

102 1123 300 1176 νεῖσθαι
344 1125 448 1195 τὴν
501 1122 746 1196 σελήνην.
785 1125 942 1178 Ἐστι
986 1124 1045 1178 δὲ
1083 1126 1112 1178 ὁ
1158 1126 1255 1196 μὲν
1295 1127 1526 1200 ἀκριϐὴς
1571 1145 1678 1200 μη-

102 1217 256 1279 νιαίος
271 1215 481 1287 χρόνος,
495 1215 746 1288 καθάπερ
759 1215 993 1288 εἴρηται,
1013 1218 1116 1289 ήμε
1125 1217 1233 1289 ρῶν
1243 1217 1323 1272 κθ⁹
1343 1216 1475 1290 inf/3'
1487 1220 1676 1291 α’[λγ“

101 1307 146 1360 οἱ
163 1306 214 1359 δέ
235 1307 371 1379 πρὸς
393 1308 496 1380 τὴν
525 1309 804 1380 πολιτικὴν
826 1310 1048 1380 ἀγωγὴν
1067 1310 1250 1381 όλοσχε
1260 1311 1412 1383 ρέστε
1421 1330 1510 1384 ρον
1538 1313 1688 1389 λαμ-ι

103 1394 378 1466 ϐανόμενοι
395 1401 644 1471 μηνιαῖοι
661 1400 843 1471 χρόνοι
865 1401 1000 1453 εἰσὶν
1021 1401 1244 1474 ἡμερῶν
1271 1402 1336 1456 κθ
1363 1403 1516 1474 α’ίβ¹,
1536 1403 1677 1458 ῶστε

103 1490 184 1541 τὸν
220 1488 441 1561 δίμηνον
483 1491 675 1563 χρόνον
707 1491 958 1560 γενέσθαι
993 1493 1214 1565 ἡμερῶν
1253 1493 1351 1549 νϐ’.
1389 1497 1550 1550 Ὅθεν
1589 1497 1679 1551 διὰ

105 1580 294 1653 ταύτην
320 1581 418 1654 τὴν
453 1583 631 1637 αἰτίαν
655 1584 704 1636 οί
736 1583 880 1638 κατὰ
901 1583 1054 1638 πόλιν
1081 1585 1248 1656 μῆνες
1279 1587 1504 1655 ἐναλλὰξ
1525 1590 1680 1658 ἄγονα

105 1690 184 1726 ται
210 1673 438 1747 πλήρεις
468 1675 562 1729 καὶ
604 1674 803 1728 κοῖλοι·
843 1675 930 1729 διὰ
955 1675 1016 1729 τὸ
1045 1677 1146 1748 τὴν
1186 1676 1418 1750 σελήνην
1450 1679 1676 1752 δίμηνον

107 1765 316 1837 ἡμερῶν
347 1762 490 1819 εἶναι
517 1765 619 1822 νθ’.

179 1902 270 1962 Ἐκ
305 1901 364 1955 δὲ
400 1901 608 1956 τούτων
631 1904 922 1974 συνάγεται
948 1905 977 1958 ὁ
1010 1904 1152 1960 κατὰ
1175 1907 1404 1979 σελήνην
1432 1906 1674 1971 ἐνιαυτὸς

102 1992 316 2063 ἡμερῶν
355 1993 484 2048 τνδ’.
528 1995 654 2049 Ἐὰν
687 1996 796 2068 γὰρ
827 1997 926 2061 τὰς
965 1997 1060 2052 τοῦ
1112 1999 1279 2071 μηνὸς
1324 1999 1538 2071 ἡμέρας
1576 2000 1675 2065 τὰς

105 2084 182 2138 «θ’
203 2085 334 2157 α’]β’
363 2086 662 2153 δωδεκάκις
692 2089 1278 2163 πολλαπλασιάσωμεν,
1311 2093 1678 2166 ἀποτελεσθή-

110 2192 279 2232 σονται
320 2179 529 2250 ἡμέραι
568 2181 629 2234 αἱ
675 2180 768 2234 τοῦ
803 2183 946 2238 κατὰ
995 2185 1225 2256 σελήνην
1257 2184 1508 2239 ἐνιαυτοῦ
1549 2185 1672 2241 τνδ’.

105 2269 292 2335 ’Λλλος
329 2271 440 2342 γάρ
465 2272 582 2324 ἐστι
610 2272 733 2325 καθ’
756 2273 907 2344 ἡλιον
936 2274 1204 2340 ἐνιαυτὸς,
1239 2277 1333 2330 καὶ
1355 2276 1512 2340 ἄλλος
1537 2277 1678 2331 κατὰ

102 2360 341 2434 σελήνην.
377 2364 439 2416 '0
487 2363 587 2434 μὲν
619 2364 726 2436 γὰρ
763 2365 857 2418 τοῦ
900 2366 1050 2437 ἡλίου
1093 2367 1158 2420 ιϐ’
1189 2367 1395 2432 ζωδίων
1439 2368 1552 2439 ἔχει
1580 2386 1679 2422 πε-

109 2453 356 2526 ριδρομὴν
381 2453 477 2507 τοῦ
506 2454 679 2526 ’ἡλίου⁹
703 2458 840 2529 ὅπερ
867 2458 1004 2510 εἰσὶν
1037 2459 1240 2530 ἡμέραι
1261 2461 1366 2526 τξε⁹
1391 2461 1537 2530 α’]δν·
1570 2461 1597 2512 ὁ
1621 2460 1678 2514 δὲ

109 2545 198 2615 τῆς
229 2547 488 2618 σελήνης,
535 2547 601 2600 t6'
638 2549 821 2619 μηνῶν
877 2549 1121 2623 περιέχει
1164 2553 1353 2624 χρόνον
1384 2554 1485 2625 τῆς
1529 2554 1682 2626 σελή-

110 2655 216 2707 νης,
241 2641 377 2710 ὅπερ
422 2639 574 2693 ἐστὶν
617 2640 827 2712 ἡμέραι
872 2642 1007 2709 τνδ’,
1055 2643 1178 2697 ἐπεὶ
1227 2642 1350 2697 οὔτε
1389 2645 1419 2697 ό
1468 2645 1574 2715 μὴν
1621 2644 1681 2710 ἐξ

112 2728 234 2781 ὅλων
262 2729 488 2802 ἡμερῶν
510 2730 856 2802 συνέστηκεν,
878 2732 1002 2787 οὔτε
1027 2735 1057 2787 ὁ
1084 2734 1204 2789 καθ’
1234 2735 1387 2806 ήλιον
1415 2736 1678 2800 ἐνιαυτός.

125 2820 380 2892 Ἐξητεῖτο
417 2817 520 2876 οὖν
553 2822 744 2894 χρόνος
789 2823 896 2878 ὑπὸ
935 2824 1044 2878 τῶν
1089 2825 1452 2899 ἀστρολόγων,
1487 2827 1547 2892 ὃς
1592 2845 1683 2884 πε·

119 2911 269 2983 ριὲχει
315 2913 445 2980 ὅλας
492 2914 744 2986 ἡμέρας,
798 2917 891 2970 καὶ
935 2917 1088 2983 ὅλους
1132 2919 1339 2991 μῆνας,
1388 2920 1482 2974 καὶ
1528 2919 1682 2986 ὅλους

115 3001 398 3066 ἐνιαυτούς.

1781 585 1958 631 autem
1994 585 2334 632 menstruum
2366 583 2581 648 tempus
2602 579 2812 633 dierum
2834 579 2905 634 29
2939 579 3043 651 4/2
3082 579 3255 652 1/53;
3291 581 3347 634 in

1777 680 2059 722 menstruo
2091 679 2268 722 autem
2288 677 2530 738 tempore
2559 670 2684 724 luna
2715 681 2970 743 peragrat
2999 681 3054 727 et
3077 673 3347 726 circulum

1779 758 2084 816 zodiacum.
2108 767 2163 814 et
2179 769 2442 829 praeterea
2460 775 2583 814 eum
2609 776 2799 815 arcum
2837 778 2997 831 quem
3019 765 3100 817 sol
3122 763 3176 818 in
3204 779 3354 817 men-

1771 858 1934 905 struo
1966 857 2212 920 tempore
2267 851 2324 906 in
2358 854 2753 922 consequentia
2794 854 2950 923 signa
2989 856 3209 908 transit.
3248 853 3349 909 Hic

1777 955 1939 997 arcus
1971 952 2149 997 autem
2180 942 2292 998 fere
2343 952 2428 999 est
2457 944 2622 998 unius
2668 944 2829 1016 signi.
2877 948 3061 1016 Itaque
3091 947 3145 1000 in
3197 964 3351 1002 men-

1777 1039 1932 1086 struo
1955 1041 2192 1102 tempore
2211 1033 2337 1086 luna
2351 1034 2462 1088 fere
2482 1034 2546 1087 l3
2563 1035 2717 1105 signa
2736 1039 3026 1105 percurrit.
3053 1035 3148 1092 Est
3165 1045 3346 1092 autem

1775 1133 2024 1181 exactum
2057 1132 2396 1180 menstruum
2440 1133 2672 1197 tempus,
2699 1127 2843 1182 sicut
2869 1127 3072 1182 dictum
3100 1140 3205 1194 est,
3229 1129 3347 1184 die-

1776 1230 1899 1269 rum
1916 1215 2104 1287 291ίὲ
2127 1217 2290 1288 1/33,
2322 1233 2443 1288 quae
2461 1234 2586 1272 vero
2613 1228 2890 1274 menstrua
2909 1228 3150 1289 tempora
3175 1221 3240 1275 ad
3267 1221 3348 1276 ci-

1776 1309 1934 1363 vilem
1949 1325 2106 1364 usum
2125 1310 2306 1365 minus
2326 1319 2578 1367 accurate
2596 1321 2907 1377 sumuntur,
2921 1328 2981 1368 ea
2995 1323 3118 1368 sunt
3138 1314 3348 1368 dierum

1775 1401 1846 1456 29
1884 1402 2009 1474 1ίῖ,
2049 1405 2122 1456 ita
2160 1411 2217 1457 nt
2267 1404 2524 1460 bimestre
2583 1413 2800 1476 tempus
2848 1406 2942 1460 ﬁat
2984 1406 3194 1460 dierum
3231 1405 3346 1462 59:

1778 1497 1924 1550 unde
1958 1503 2179 1565 propter
2209 1495 2351 1551 lianc
2380 1512 2602 1552 causam
2636 1500 2824 1555 civiles
2865 1515 3080 1555 menses
3109 1502 3350 1554 alterna—

1776 1589 1872 1641 tim
1922 1596 2160 1658 aguntur
2199 1590 2366 1658 pleni,
2399 1600 2452 1643 et
2493 1590 2614 1645 cavi
2647 1609 2661 1645 :
2694 1599 2983 1662 propterea
3028 1591 3176 1663 quod
3219 1593 3349 1648 luna

1777 1677 2056 1733 bimestris
2083 1678 2157 1734 sit
2178 1679 2390 1734 dierum
2421 1679 2512 1734 59.

1845 1900 1924 1958 Ex
1956 1901 2043 1959 bis
2072 1910 2254 1958 autem
2273 1881 2962 1976 colligiturlunarisannus
2990 1906 3202 1962 dierum
3222 1905 3349 1963 354.

1777 1995 1833 2052 Si
1863 1999 2008 2052 enim
2036 1998 2200 2054 unius
2243 1999 2447 2054 mensis
2478 2000 2597 2054 dies
2629 1998 2824 2070 291/2
2848 2000 3139 2055 duodecies
3170 2001 3353 2054 multi-

1775 2090 2198 2160 plicaverimus,
2251 2090 2554 2145 ellicientur
2614 2091 2826 2146 lunaris
2877 2094 3005 2146 anni
3065 2091 3182 2148 dies
3223 2092 3350 2148 354.

1775 2182 1933 2236 Alius
1961 2183 2106 2238 enim
2141 2195 2227 2238 est
2262 2198 2438 2238 annus
2469 2183 2688 2250 solaris,
2721 2192 2775 2237 et
2809 2184 2952 2238 alius
2985 2199 3163 2238 annus
3198 2184 3356 2238 luna-

1776 2273 1873 2328 ris.
1899 2273 2108 2330 Solaris
2129 2273 2274 2330 enim
2305 2289 2485 2329 annus
2549 2276 2713 2329 habet
2751 2274 3041 2328 circuitum
3074 2275 3208 2330 solis
3256 2289 3356 2345 per

1777 2367 1846 2422 12
1873 2368 2049 2438 signa,
2080 2367 2175 2437 qui
2211 2366 2510 2421 habetdies
2546 2367 2650 2422 365
2689 2367 2831 2439 1/»:
2862 2376 2915 2421 at
2949 2367 3154 2422 lunaris
3175 2383 3354 2422 annus

1779 2460 2029 2515 continet
2081 2465 2298 2527 tempus
2351 2457 2419 2511 1‘2
2445 2461 2715 2513 mensium
2765 2460 3061 2522 lunarium,
3093 2461 3238 2529 quod
3266 2468 3353 2515 est

1777 2552 1986 2608 dierum
2026 2549 2150 2604 554.
2185 2549 2464 2618 Siquidem
2497 2565 2598 2604 nec
2629 2550 2834 2605 mensis
2859 2565 2922 2604 ex
2952 2551 3182 2620 integris
3224 2567 3354 2606 con-

1778 2653 1886 2700 stat
1938 2641 2152 2706 diebus,
2207 2657 2308 2696 nec
2335 2657 2514 2696 annus
2550 2642 2767 2698 solaris.
2805 2642 3161 2708 Querebatur
3185 2645 3353 2715 igitur

1781 2745 1995 2808 tempus
2024 2736 2094 2792 ab
2143 2736 2440 2806 astrologis
2486 2735 2631 2804 quod
2677 2736 2917 2805 integros
2955 2736 3091 2800 dies,
3117 2744 3172 2792 et
3206 2737 3349 2791 inte-

1777 2845 1907 2902 gros
1933 2845 2168 2894 menses,
2202 2839 2255 2884 et
2277 2830 2518 2900 integros
2537 2842 2712 2882 annos
2736 2827 3065 2884 contineret.
3101 2869 3106 2876 .

177 3139 431 3210 Πρόθεσις
456 3138 572 3212 γὰρ
590 3135 664 3213 ἦν
686 3143 799 3205 τοῖς
825 3141 1072 3216 ἀρχαίοις
1099 3143 1206 3215 (52)
1232 3144 1358 3210 τοὺς
1381 3146 1480 3218 μέν
1505 3147 1682 3220 μῆνας

1852 3142 2197 3213 Propositum
2240 3139 2387 3196 enim
2429 3139 2531 3194 l‘uit
2562 3137 2840 3194 veteribus
2883 3151 3100 3193 menses
3130 3134 3351 3207 quidem

118 3227 251 3296 ἄγειν
293 3230 436 3285 κατὰ
478 3231 709 3304 σελήνην
732 3273 746 3297 ,
775 3235 901 3298 τοὺς
936 3235 992 3288 δὲ
1034 3238 1312 3300 ἐνιαυτοὺς
1354 3239 1477 3292 καθ’
1507 3240 1678 3311 ἡλιον.

117 3321 182 3373 re.
205 3322 305 3395 γὰρ
333 3324 442 3378 ὑπὸ
466 3325 576 3378 τῶν
602 3325 782 3397 νόμων
812 3327 907 3380 καὶ
931 3328 1040 3382 τῶν
1067 3331 1333 3402 χρησμῶν
1374 3335 1684 3405 παραγγελε-

116 3411 320 3485 λόμενον
341 3457 356 3481 ,
380 3418 445 3471 τὸ
477 3417 628 3471 θύειν
667 3419 807 3474 κατὰ
837 3420 905 3490 γ’,
933 3423 1098 3494 ήγουν
1125 3424 1194 3478 τὰ
1224 3425 1455 3499 πάτρια,
1484 3428 1680 3499 μῆνας,

119 3508 330 3580 ἡμέρας,
364 3511 678 3577 ἐνιαυτούςσ
722 3513 882 3567 τοῦτο
915 3515 1159 3571 διέλαϐον
1204 3518 1442 3584 ἅπαντες
1482 3523 1531 3574 οἱ
1561 3521 1686 3574 ’Ἑλ-

122 3597 260 3671 ληνες
419 3605 550 3668 τοὺς
585 3604 683 3675 μὲν
730 3607 1006 3672 ἐνιαυτοὺς
1057 3611 1362 3681 συμφώνως
1408 3613 1560 3682 ἄγειν
1605 3615 1685 3688 τῷ

123 3693 260 3764 ἡλίῳ,
302 3695 401 3759 τὰς
437 3697 496 3750 δὲ
536 3698 750 3769 ὴμέρας
802 3700 898 3754 καὶ
944 3703 1071 3765 τοὺς
1119 3702 1294 3773 μῆνας
1342 3708 1407 3776 τῇ
1465 3707 1682 3783 σελήνη.

127 3787 262 3840 Ἔστι
285 3788 342 3842 δέ
379 3789 440 3842 τδ
475 3789 577 3860 μέν
607 3789 729 3842 καθ’
755 3792 909 3862 ήλιον
951 3793 1105 3863 ἄγειν
1149 3797 1278 3860 τοὺς
1316 3799 1596 3865 ἐνιαυτοὺς
1625 3803 1688 3856 τὸ

125 3881 235 3951 περὶ
260 3882 355 3946 τὰς
392 3882 567 3946 αὑτὰς
603 3882 750 3956 ὥρας
774 3885 867 3939 τοῦ
896 3886 1141 3941 ἐνιαυτοῦ
1174 3888 1272 3953 τὰς
1299 3892 1471 3956 αὐτὰς
1497 3893 1688 3959 θυσίας

125 3975 222 4036 τοῖς
248 3975 384 4038 θεοῖς
417 3975 809 4041 ἐπιτελεῖσθαι,
838 3979 931 4032 καὶ
970 3979 1070 4051 τὴν
1115 3981 1215 4052 μὲν
1251 3984 1471 4055 ἐαρινὴν
1499 3985 1687 4040 θυσίαν

124 4059 201 4115 διὰ
222 4066 416 4130 παντὸς
450 4065 595 4119 κατὰ
621 4066 682 4119 τὸ
707 4065 806 4136 ἔαρ
832 4068 1197 4124 συντελεῖσθαι
1219 4113 1233 4137 ,
1259 4072 1357 4144 τὴν
1385 4075 1441 4128 δέ
1471 4075 1688 4149 θερινὴν

125 4157 248 4209 κατὰ
291 4157 352 4210 τὸ
396 4157 584 4229 θέροςο
630 4160 829 4230 ὁμοίως
874 4160 931 4213 δὲ
973 4164 1065 4215 κού⁸
1115 4167 1257 4218 κατὰ
1298 4167 1425 4230 τοὺς
1469 4167 1689 4233 λοιποὺς

111 4249 329 4319 σκαιροὺς
356 4248 452 4302 τοῦ
494 4249 649 4313 ἔτους
692 4250 790 4315 τὰς
824 4251 996 4316 αὑτὰς
1023 4253 1211 4319 θυσίας
1248 4257 1485 4310 πίπτειν.
1518 4259 1690 4314 Τοῦτο

126 4338 220 4409 γὰρ
249 4340 514 4396 ὑπέλαϐον
545 4345 814 4416 προσηνὲς
847 4344 940 4397 καὶ
973 4349 1364 4418 κεχαρισμένον
1397 4347 1534 4403 εἶναι
1575 4355 1690 4417 τοῖς

129 4428 270 4495 θεοῖς.
295 4432 468 4487 Τοῦτο
513 4433 572 4487 δὲ
614 4435 788 4499 ἄλλως
826 4437 925 4491 οὐκ
973 4436 1039 4491 ἂν
1071 4438 1286 4495 δύναιτο
1320 4443 1593 4512 γενέσθαι,
1638 4448 1688 4500 εί

1785 3251 1946 3308 agere
1975 3233 2271 3291 secundum
2319 3232 2525 3296 lunam,
2565 3244 2738 3284 annos
2769 3244 2898 3284 vero
2924 3229 3222 3283 secundum
3258 3243 3351 3281 so—

1783 3329 1910 3384 lem.
1943 3326 2100 3394 Quod
2128 3327 2271 3382 enim
2322 3339 2351 3377 a
2393 3323 2603 3394 legibus
2633 3330 2687 3377 ct
2730 3322 2969 3376 oraculis
3003 3319 3354 3390 praecipieba-

1739 3489 1745 3495 _
1782 3426 1894 3481 tur,
1926 3427 1986 3472 ut
2016 3416 2390 3472 sacrificarent
2439 3414 2744 3470 secundum
2797 3414 2902 3465 tria
2924 3454 2936 3471 .
2969 3413 3222 3466 videlicet
3255 3426 3352 3482 pa-

1783 3513 1911 3575 tria,
1938 3525 2176 3572 menses,
2206 3508 2346 3571 dies,
2382 3521 2591 3572 armos;
2634 3507 2736 3560 hoc
2771 3505 2845 3558 ita
2893 3504 3152 3558 diSiincte
3189 3503 3357 3556 facie-

1784 3605 1914 3659 ba’nt
1940 3602 2182 3658 universi
2218 3599 2414 3664 ϐαθεῖ,
2449 3606 2507 3654 ut
2532 3613 2706 3652 annos
2733 3603 2959 3668 agerent
2990 3603 3360 3666 congruenter

1785 3712 1908 3752 cum
1940 3695 2088 3760 sole;
2126 3693 2242 3749 dies
2275 3708 2426 3754 vero,
2471 3699 2526 3746 ct
2570 3705 2786 3745 menses
2826 3705 2949 3744 cum
2998 3688 3148 3743 luna.
3185 3686 3361 3740 Porro

1787 3787 2089 3844 secundum
2139 3786 2309 3842 solem
2365 3799 2540 3839 annos
2595 3798 2757 3853 agere
2798 3789 2883 3837 est
2939 3783 3086 3834 circa
3137 3780 3357 3835 easdem

1786 3887 2141 3951 tempestates
2185 3879 2310 3932 anni
2347 3878 2536 3932 eadem
2571 3874 2842 3930 sacriﬁcia
2881 3873 2989 3927 diis
3039 3871 3262 3943 perlici;
3303 3876 3362 3924 ct

1787 3988 2014 4038 vernum
2070 3971 2396 4027 sacrilicium
2440 3983 2654 4039 semper
2682 3968 2737 4022 in
2784 3982 2912 4021 vere
2961 3963 3358 4034 consummari.

1786 4065 2036 4120 astivum
2076 4071 2256 4117 autem
2289 4062 2344 4114 in
2373 4069 2561 4116 testate
2598 4077 2610 4113 :
2646 4058 2902 4113 similiter
2932 4066 2985 4112 et
3026 4057 3080 4110 in
3130 4055 3361 4126 reliquis

1790 4156 1916 4210 anni
1944 4155 2282 4225 temporibus
2312 4153 2501 4208 eadem
2522 4151 2793 4207 sacrilicia
2817 4148 3032 4203 cadere.
3070 4146 3186 4202 Hoc
3209 4147 3360 4202 enim

1788 4245 2049 4318 putabant
2077 4253 2360 4315 acceptum
2391 4253 2444 4298 et
2473 4253 2682 4314 gratum
2716 4255 2840 4296 esse
2874 4241 3002 4296 diis.
3028 4237 3144 4292 Hoc
3173 4246 3355 4292 autem

1791 4344 1948 4398 aliter
1975 4341 2092 4396 ﬁeri
2113 4355 2220 4394 non
2247 4344 2452 4409 posset,
2483 4337 2589 4391 nisi
2616 4334 3006 4390 conversiones
3039 4331 3361 4386 solstitiales

1790 4443 1844 4490 et
1869 4431 2196 4504 aequinoctia
2232 4430 2288 4482 in
2331 4426 2524 4481 iisdem
2565 4421 2775 4477 zodiaci
2811 4421 2947 4474 locis
2994 4419 3206 4473 ﬂerent.
3255 4414 3357 4471 Se-

131 4522 195 4593 μὴ
221 4525 273 4576 αἱ
299 4525 501 4598 τροπαὶ
526 4527 621 4580 καὶ
646 4529 700 4581 αί
739 4529 1020 4601 ἰσημερίαι
1054 4532 1182 4604 περὶ
1214 4510 1340 4599 τοὺς
1376 4536 1572 4601 αὐτοὺς
1597 4538 1684 4592 τό-

1794 4526 2026 4585 cundum
2065 4524 2250 4577 lunam
2299 4533 2428 4574 vero
2471 4517 2589 4572 dies
2641 4527 2802 4585 agere
2828 4522 2911 4568 est
2943 4510 3070 4572 tale,
3117 4519 3177 4564 ut
3225 4523 3359 4563 con-

129 4631 246 4679 πους
268 4619 559 4688 γίγνοιντο.
582 4619 657 4672 Τὸ
677 4621 734 4674 δέ
753 4621 894 4676 κατὰ
927 4623 1154 4694 σελήνην
1175 4624 1327 4695 ἄγειν
1354 4627 1454 4691 τὰς
1475 4629 1690 4704 ἡμέρας

129 4709 343 4765 τοιοῦτον
386 4715 539 4775 ἐστι,
572 4711 634 4765 τὸ
681 4712 988 4777 ἀκολούθως
1021 4719 1133 4780 τοῖς
1172 4717 1272 4789 τῆς
1316 4719 1544 4792 σελήνης
1588 4739 1694 4792 φω-

129 4804 318 4868 τισμοίς
342 4802 444 4864 τὰς
469 4804 843 4874 προσηγορίας
864 4803 971 4857 τῶν
1002 4805 1222 4877 ἡμερῶν
1253 4808 1517 4878 γίνεσθαι.
1559 4811 1693 4865 Ἀπὸ

129 4888 222 4961 γὰρ
249 4893 350 4945 τῶν
373 4893 474 4965 τῆς
510 4891 740 4964 σελήνης
769 4895 1066 4966 φωτισμῶν
1096 4898 1154 4951 αί
1194 4901 1553 4973 προσηγορίαι
1583 4902 1692 4956 τῶν

129 4981 328 5057 ἡμερῶν
357 4985 888 5058 κατωνομάσθησαν.

198 5117 342 5198 Ἐνῇ
387 5123 489 5196 μέν
531 5122 643 5195 γὰρ
685 5124 870 5196 ἡμέρᾳ
925 5125 1026 5180 νέα
1074 5128 1106 5199 ἡ
1169 5127 1364 5201 σελήνη
1417 5131 1688 5200 φαίνεται,

130 5212 254 5267 κατὰ
289 5213 614 5288 συναλοιφὴν
643 5207 904 5288 νεομηνία
933 5217 978 5249 ³³
1007 5220 1420 5294 προσηγορεύθη
1441 5240 1454 5255 ·
1484 5225 1542 5277 ἐν
1632 5224 1690 5279 δέ

192 5366 231 5399 ³²
259 5374 300 5440 Ῑ.
328 5389 418 5425 νου
425 5389 617 5447 μηνια.

196 5525 295 5602 (3|)
330 5531 497 5585 Ἐστι
532 5529 604 5584 δὲ
626 5529 904 5600 μηνιαῖος
931 5534 1170 5602 χρόνος.
1200 5530 1316 5586 Non
1343 5540 1568 5589 exactus
1599 5532 1688 5590 hic

367 5590 994 5674 syz‘ygiaa'modus'est',
1043 5610 1102 5656 ut
1129 5590 1215 5656 'ex
1263 5618 1386 5674 pag.
1426 5604 1492 5657 21
1550 5619 1686 5660 con-

329 5741 622 5810 Πρόθεσις
650 5740 761 5812 γὰρ
789 5738 870 5814 ἧος
904 5741 1029 5814 τοῖς
1053 5743 1339 5813 ἀρχαίοις.
1380 5740 1480 5797 Hic
1523 5744 1689 5798 mini-

142 5817 268 5863 mum
309 5825 511 5868 annum
567 5811 796 5882 usurpat
817 5811 1099 5869 Geminus
1130 5811 1244 5875 pro
1275 5814 1487 5877 maiori.
1525 5826 1577 5871 et
1621 5830 1690 5871 ex

1787 4629 1984 4695 grnant
2031 4631 2156 4672 cum
2211 4615 2355 4668 luna:
2414 4605 2914 4665 illuminationibus
2970 4601 3358 4695 appellationes

1787 4693 2021 4769 dierum.
2053 4707 2188 4764 Nam
2218 4723 2246 4762 a
2275 4707 2417 4760 luna:
2441 4698 2934 4757 illuminationibus
2963 4693 3359 4766 appellationes

1789 4808 1999 4862 dierum
2022 4809 2149 4860 sunt
2171 4798 2552 4857 denominata.

1860 5127 1920 5184 In
1943 5141 2049 5199 qua
2075 5125 2221 5182 enim
2253 5122 2342 5179 die
2363 5121 2493 5176 luna
2530 5120 2756 5189 apparet
2782 5125 2943 5173 nova.
2973 5123 3036 5165 ea
3070 5121 3167 5179 per
3191 5118 3355 5177 syna-

1792 5224 2034 5295 lmplien,
2069 5235 2167 5276 seu
2221 5203 3006 5288 compositionem,vsopnvla,
3044 5201 3098 5256 id
3130 5206 3234 5266 est,
3261 5211 3361 5252 no-

1787 5530 2038 5604 pluribus
2091 5526 2369 5604 conﬂato;
2403 5519 2712 5604 cujusmgdi
2747 5509 3358 5604 erat‘goctarltelgi‘snenz-

1791 5577 2368 5666 ﬁéi'dée'ietééi’i'iiiin'
2407 5577 2586 5666 annus
2623 5586 2948 5666 C_leos_trati.
2989 5584 3072 5638 vel
3115 5577 3357 5666 Harl-{ali3

1789 5649 2495 5734 νξῖθίοιοιιί-ενξξιιιιῖειιίρμί
2525 5659 2796 5734 nominari
2822 5659 3200 5714 consueverat.
3233 5649 3359 5704 llaec

1791 5743 1876 5800 vel
1916 5741 2097 5812 pueris
2128 5739 2379 5813 ignorare
2410 5733 2528 5789 non
2551 5733 2696 5787 licet.
