3786 6334
446 367 573 425 ’803

1488 366 1579 420 λι)
1619 365 1891 423 EUSEB"
1933 362 2333 422 CllliONlCON
2373 362 2739 418 APPENDIX.

3591 370 3686 426 τοι

470 482 742 536 νίίυιιιιιηι
767 480 1095 552 appellatur;
1134 478 1185 534 in
1214 494 1320 552 qua
1338 493 1469 534 vero
1487 479 1583 535 die
1612 480 1910 536 secundam
1945 479 1997 535 fa

2131 479 2315 552 ἡμέρα
2365 478 2462 552 τὴν
2497 479 2755 550 δευτέραν
2780 479 2944 548 φάσιν
2976 480 3233 543 ποιεῖται,
3250 479 3522 553 ’δευτέραν
3551 499 3691 556 προσ-

473 573 551 627 cit
579 573 995 645 apparitionem.
1026 587 1143 626 eam
1164 569 1462 627 secundam
1512 566 1697 626 lunam
1736 579 2032 640 vocarunt;

466 666 862 735 apparitionem
909 665 1070 725 lunae.
1098 678 1219 734 quae
1247 662 1393 717 circa
1436 661 1677 718 medium
1722 664 1926 719 mensis
1955 664 2033 728 (it,

466 756 539 810 ab
568 757 687 827 ipso
706 764 930 823 eventu,
952 754 1290 826 διχομηνίαν,
1315 754 1370 808 id
1392 762 1476 809 est
1504 756 1848 811 medietatem
1883 772 2036 811 men-

465 847 544 903 sis
570 848 942 909 nominarunt,
978 861 1043 901 ac
1091 846 1403 901 summatim
1430 861 1624 903 omnes
1668 847 1787 904 dies
1822 864 1851 901 a
1894 849 2035 904 luna:

463 939 957 996 illuminationibus
982 938 1433 994 denominarunt.
1474 937 1639 995 Unde
1667 940 1832 996 etiam
1868 941 2034 996 trice-

463 1033 656 1087 simam
683 1031 887 1086 mensis
916 1032 1221 1096 diem,cum
1248 1031 1440 1086 ultima
1465 1032 1557 1094 sit,
1593 1032 1664 1087 ab
1696 1033 1814 1103 ipso
1837 1044 2031 1088 ereritu

461 1126 705 1181 triacada
745 1133 1031 1180 vocarunt.
1065 1123 1166 1180 His
1204 1132 1584 1180 consentanea
1627 1126 1790 1180 etiam
1832 1125 2032 1181 Aratus

459 1218 516 1274 in
576 1220 1033 1291 appellationibus
1086 1217 1300 1274 dierum
1360 1219 1723 1284 demonstrat,
1769 1234 1894 1273 cum
1944 1219 2031 1275 sic

457 1311 633 1382 inquit
661 1329 675 1367 :

456 1419 647 1496 1_V_onne
669 1423 836 1496 uides.
872 1441 991 1479 cum
1013 1440 1177 1496 parva
1203 1419 1453 1496 cornibus
1489 1420 1616 1474 luna

469 1492 678 1564 _V_esperi
704 1490 1032 1564 apparuerit,
1056 1492 1339 1548 crescentis
1369 1490 1520 1545 docet

454 1560 654 1618 Mensis
692 1560 956 1636 (signum)
993 1565 1114 1619 inde
1157 1579 1275 1617 cum
1309 1564 1512 1631 primus
1540 1560 1790 1629 splendor
1821 1562 2023 1645 ali/[un-

457 1701 525 1754 Ut
555 1701 798 1756 umbram
824 1702 1014 1765 faciat,
1035 1701 1202 1755 tendit
1231 1698 1303 1752 ad
1329 1711 1576 1769 quartum
1596 1701 1759 1757 diem.
1830 1632 2022 1706 [duim

453 1772 586 1826 Octo
621 1771 733 1827 dies
770 1773 824 1826 in
854 1771 1025 1827 medio
1055 1772 1178 1827 orbe
1210 1770 1431 1825 luminis
1464 1774 1791 1827 medietatem
1827 1776 2021 1841 mensis

1558 1842 1699 1926 [tota
1722 1843 1856 1926 facie
1886 1846 2015 1917 (35).
2055 1856 2095 1913 Β

451 1908 667 1983 Semper
687 1922 863 1967 autem
891 1911 999 1966 alio
1033 1922 1261 1983 tempore
1283 1913 1421 1968 alias
1449 1908 1647 1982 fron‘tes
1680 1908 1947 1970 inclinans

452 1982 684 2047 Dixerit,
713 1992 878 2052 quota
901 1984 1094 2038 mensis
1122 2001 1321 2039 aurora
1348 1987 1814 2039 circumvotvatur.

453 2120 647 2190 191a
693 2121 779 2177 bis
832 2121 976 2178 enim
1015 2121 1303 2194 perspicue
1342 2123 1523 2193 inquit
1555 2123 1628 2178 ab
1670 2122 2021 2179 illuminatio-

448 2212 613 2267 nibus
637 2212 779 2268 lunae
802 2212 1197 2283 appellationes
1226 2214 1438 2271 dierum
1465 2215 1846 2271 denominatas
1873 2232 2016 2274 esse.

448 2303 625 2372 llujus
664 2304 808 2374 quod
832 2304 1133 2360 secundum
1184 2306 1367 2361 lunam
1402 2315 1657 2362 accurate
1688 2307 1805 2363 dies
1843 2305 2018 2363 Graeci

448 2405 635 2467 agant,
690 2407 1067 2465 argumentum
1097 2404 1181 2452 est
1221 2397 1345 2461 hoc.
1392 2397 1538 2469 quod
1598 2398 1731 2454 solis
1783 2399 2017 2469 eclipses

447 2491 580 2541 liant
612 2488 665 2541 in
698 2486 1087 2553 triacade,hoc
1132 2495 1217 2543 est
1242 2487 1330 2543 die
1352 2487 1649 2544 tricesima.
1680 2486 1836 2543 Tunc
1869 2488 2014 2542 enim

440 2580 568 2635 luna
596 2580 947 2652 conjungitur
972 2594 1097 2635 cum
1131 2580 1267 2641 sole.
1295 2587 1350 2636 et
1372 2580 1426 2635 in
1456 2581 1646 2637 eodem
1680 2580 1849 2652 gradu
1882 2597 2015 2635 con-

439 2672 703 2728 stituitur.
739 2672 906 2727 Luna:
937 2687 1065 2727 vero
1093 2672 1325 2743 eclipses
1384 2672 1709 2744 contingant
1756 2687 1821 2728 ea
1857 2681 2016 2729 nocte

441 2778 562 2835 quae
584 2763 761 2818 tendit
795 2763 860 2817 ad
893 2761 1240 2816 medietatem
1269 2763 1495 2820 mensis.
1537 2763 1692 2818 Tunc
1738 2764 1884 2819 enim
1927 2779 2016 2819 se-

436 2853 675 2907 cundum
705 2851 1030 2907 diametrum
1056 2854 1183 2907 luna
1217 2853 1318 2908 soli
1345 2853 1675 2924 opponitur,
1718 2859 1773 2906 et
1821 2852 2015 2908 incidit

434 2943 488 2995 in
529 2941 777 2994 umbram
804 2948 983 2997 teme.
1005 2942 1143 2997 Cum
1171 2943 1337 3014 igitur
1351 2951 1406 2998 et
1426 2943 1554 2998 anni
1574 2951 1826 2998 accurate
1843 2959 2013 3015 agan-

436 3039 527 3087 tur
555 3030 855 3087 secundum
891 3034 1059 3089 solem
1081 3073 1096 3098 ,
1131 3042 1185 3089 et
1213 3049 1432 3091 menses
1467 3045 1521 3090 et
1564 3035 1683 3091 dies
1709 3036 2009 3091 secundum

432 3124 652 3192 lunam,
698 3135 826 3179 tunc
854 3133 1048 3197 putant
1082 3125 1255 3182 Graeci
1294 3142 1355 3183 se
1380 3127 1680 3183 secundum
1706 3127 1887 3199 patria
1922 3144 2010 3183 sa-

2133 571 2439 644 ηγόρευσαν
2457 587 2471 600 ·
2501 570 2599 642 τὴν
2629 569 2686 623 δὲ
2723 570 2864 624 κατὰ
2896 568 3058 641 μέσον
3083 567 3179 622 τοῦ
3207 569 3380 641 μηνὸς
3423 573 3691 645 γινομένην

2136 662 2297 732 φάσιν
2328 661 2426 733 τῆς
2459 660 2687 732 σελήνης
2720 661 2828 715 ἀπὸ
2847 661 3011 714 αὐτοῦ
3037 660 3129 715 τοῦ
3157 660 3548 734 συμϐαίνοντος
3568 665 3695 735 διχο-

2137 755 2336 827 μηνίαν
2360 753 2645 808 ἐκάλεσαν.
2682 755 2792 809 Καὶ
2817 753 3044 809 καθόλου
3071 753 3130 808 δὲ
3161 755 3341 818 πάσας
3365 754 3469 819 τάς
3501 757 3691 828 ἡμέρας

2132 849 2243 903 sub
2258 848 2369 903 τῶν
2387 850 2487 920 τῆς
2516 849 2745 921 σελήνης
2766 847 3061 919 φωτισμῶν
3082 849 3535 921 προσωνόμασαν.
3549 850 3692 904 Ὅθεν

2130 942 2226 995 καὶ
2244 942 2344 1013 τὴν
2372 940 2699 1013 τριακοστὴν
2723 941 2816 996 τοῦ
2846 942 3013 1013 μηνὸς
3035 941 3249 1013 ἡμέραν
3285 942 3524 1013 ἐσχάτην
3548 937 3691 997 οὖσαν

2131 1033 2241 1087 ἀπὸ
2261 1032 2426 1087 αὐτοῦ
2452 1033 2545 1087 τοῦ
2570 1033 2955 1103 συμϐαίνοντος
2976 1035 3245 1106 τριακάδα
3269 1035 3554 1089 ἐκάλεσαν.
3580 1036 3693 1090 Τού-

2130 1143 2243 1190 τοις
2269 1127 2326 1180 δέ
2357 1126 2665 1191 ἀκολούθως
2703 1128 2797 1181 καὶ
2830 1129 2859 1182 ό
2894 1128 3127 1199 Ἄρατος
3158 1128 3252 1180 ἐπὶ
3292 1126 3404 1181 τῶν
3441 1143 3693 1199 προσηγο-

2126 1217 2265 1290 ριῶν
2296 1217 2405 1272 τῶν
2432 1217 2653 1291 ἡμερῶν
2678 1218 3062 1289 ἀποφαίνεται,
3087 1218 3261 1289 λέγων
3287 1218 3464 1283 οὕτως
3480 1236 3495 1249 ο

2129 1443 2257 1511 οὐχ
2282 1440 2485 1510 ὀράας,
2520 1442 2694 1512 ὀλίγη
2715 1441 2832 1511 μὲν
2865 1441 3012 1495 ὅταν
3042 1440 3339 1512 κεράεσσι
3354 1439 3585 1512 σελήνη

2138 1512 2502 1580 Ἐσπερόθεν
2535 1516 2836 1582 φαίνηται,
2875 1513 3221 1581 ἀεξομένοιο
3252 1511 3529 1566 διδάσκει

2125 1582 2350 1651 Μηνὸς,
2377 1583 2475 1637 ὅτε
2502 1581 2702 1652 πρώτη
2731 1583 3127 1637 ἀποκιδναται
3152 1583 3410 1637 αὐτόθεν
3430 1581 3605 1652 αὐγὴ,

2123 1718 2363 1773 Ὀσσον
2389 1716 2724 1772 ἐπισκιάειν
2753 1717 2853 1770 ἐπὶ
2890 1717 3170 1786 τέτρατον
3190 1713 3349 1785 ἦμαρ
3377 1716 3573 1771 ἰοῦσα.

2138 1788 2311 1843 Ὀκτὼ
2329 1788 2379 1842 δ’
2400 1790 2470 1842 ἐν
2488 1788 2544 1841 δι
2549 1788 2723 1857 χάσει
2741 1806 2754 1818 ·
2778 1788 3072 1857 διχόμηνα
3088 1787 3156 1840 δὲ
3176 1788 3357 1840 παντὶ
3381 1787 3682 1856 προσώπῳ.

2121 1924 2243 1979 Alei
2267 1924 2320 1978 δ’
2344 1923 2611 1979 ἄλλοθεν
2638 1925 2801 1980 ἄλλα
2825 1926 3292 1992 παρακλίνουσα
3317 1925 3561 1993 μέτωπα

2117 1996 2286 2065 Hipp,
2313 1997 2608 2065 ἀποσταίη
2634 1997 2830 2065 μηνὸς
2863 1995 3270 2066 περιτέλλεται
3300 1995 3444 2064 ἠώς.

2128 2108 2222 2162 Ἔν
2248 2107 2357 2180 γὰρ
2383 2107 2592 2172 τούτοις
2619 2108 2805 2179 σαφῶς
2830 2124 2995 2177 φησιν
3022 2108 3091 2161 ἐκ
3122 2106 3232 2161 τῶν
3261 2107 3560 2177 φωτισμῶν
3596 2106 3683 2176 τῆς

2122 2201 2351 2274 σελήνης
2394 2202 2492 2267 τὰς
2538 2202 2908 2275 προσηγορίας
2947 2200 3057 2254 τῶν
3106 2202 3330 2273 ἡμερῶν
3380 2203 3683 2272 κατωνομά·

2122 2293 2264 2347 σθαι.
2296 2291 2402 2346 Τοῦ
2442 2293 2498 2347 δὲ
2528 2293 2670 2347 κατὰ
2700 2292 2931 2363 σελήνην
2961 2291 3115 2361 ἄγειν
3146 2291 3397 2363 ἀκριϐῶς
3424 2291 3525 2356 τὰς
3564 2291 3686 2362 ἡμὲ·

2122 2401 2223 2457 ρας
2256 2384 2609 2457 παράδειγμά
2630 2384 2749 2437 ἐστι
2777 2384 2838 2438 τδ
2858 2384 2957 2447 τὰς
2986 2384 3084 2455 μὲν
3104 2383 3199 2437 τοῦ
3236 2382 3395 2455 ἡλίου
3428 2384 3683 2454 ἐκλείψεις

2119 2476 2366 2546 γίνεσθαι
2392 2480 2458 2548 τῇ
2504 2475 2774 2548 τριακάδι.
2809 2476 2944 2530 Τότε
2974 2475 3083 2548 γὰρ
3112 2474 3385 2529 συνοδεύει
3417 2476 3452 2547 ἡ
3498 2475 3679 2546 σελήνη

2116 2569 2195 2641 τῷ
2224 2569 2379 2642 ἡλίῳ,
2414 2571 2508 2624 καὶ
2549 2569 2690 2624 κατὰ
2726 2568 2827 2641 τὴν
2865 2568 3034 2640 αὐτὴν
3073 2571 3267 2640 μοῖραν
3310 2569 3543 2637 γίνεται.
3586 2568 3683 2630 Τὰς

2116 2660 2172 2713 δέ
2195 2661 2297 2731 τῆς
2341 2660 2569 2733 σελήνης
2608 2660 2877 2731 ἐκλείψεις
2904 2661 3061 2714 νυκτὶ
3100 2663 3165 2731 τῇ
3210 2659 3451 2732 φερούσῃ
3492 2662 3571 2724 εἰς
3595 2660 3682 2728 τὴν

2113 2753 2453 2825 διχομηνίαν.
2498 2754 2630 2808 Τότε
2661 2754 2770 2827 γὰρ
2798 2753 2941 2809 κατὰ
2971 2753 3263 2825 διάμετρον
3289 2752 3503 2821 γίνεται
3533 2754 3567 2823 ἡ
3602 2767 3679 2804 σε·

2114 2846 2247 2918 λὴνη
2272 2846 2350 2917 τῷ
2370 2846 2525 2918 ἡλίῳ,
2561 2848 2654 2901 καὶ
2680 2846 2941 2919 ἐμπίπτει
2973 2848 3052 2910 εἰς
3079 2844 3140 2898 τὸ
3165 2844 3266 2915 τῆς
3298 2844 3405 2915 γῆς
3430 2842 3679 2913 σκίασμα.

2115 2941 2288 2994 ὐταν
2336 2936 2430 2994 οὖν
2477 2939 2572 2994 καὶ
2615 2939 2666 2994 οἱ
2709 2939 2947 2993 ἐνιαυτοὶ
2989 2937 3233 3009 ἀκριϐῶς
3278 2936 3526 3006 ἄγωνται
3572 2936 3679 2992 καθ’

2108 3033 2282 3104 ἥλιον,
2322 3032 2416 3086 καὶ
2455 3033 2503 3085 οἱ
2553 3031 2742 3103 μῆνες,
2778 3031 2872 3084 καὶ
2911 3031 2969 3083 αἱ
2998 3030 3204 3103 ἡμέραι
3251 3029 3397 3084 κατὰ
3440 3029 3677 3102 σελήνην,

2110 3125 2229 3180 τότε
2261 3122 2568 3196 νομίζωσιν
2604 3124 2655 3177 oi
2687 3124 2947 3196 ’Έλληνες
2984 3123 3125 3178 κατὰ
3159 3125 3231 3179 τά
3271 3125 3480 3197 πάτρια
3506 3124 3676 3179 θύεινο

431 3218 715 3285 criﬁcare;
749 3218 852 3274 hoc
889 3225 1071 3274 autem
1120 3227 1205 3275 est
1242 3218 1434 3276 iisdem
1480 3221 1822 3290 temporibus
1878 3226 2003 3276 anni

2121 3216 2267 3272 τοῦτο
2291 3216 2336 3270 δ’
2364 3217 2480 3270 ἐστὶ
2505 3214 2646 3270 κατὰ
2677 3217 2801 3280 τοὺς
2825 3216 3020 3280 αὐτοὺς
3056 3216 3283 3288 καιροὺς
3313 3216 3409 3271 τοῦ
3445 3215 3679 3271 ἐνιαυτοῦ

426 3311 616 3366 eadem
647 3310 915 3367 sacriﬁcia
951 3311 1057 3367 diis
1084 3327 1488 3369 consummare.
1543 3313 1722 3383 Atque
1766 3312 2007 3386 ΒηριῙί

428 3402 649 3472 quidem
673 3403 1009 3458 contrariam
1044 3401 1249 3458 Grzecis
1274 3411 1333 3460 et
1356 3405 1683 3460 sententiam
1711 3413 1766 3462 et
1806 3420 2007 3476 propo-

426 3492 593 3549 situm
616 3492 943 3549 habuerunt.
960 3492 1146 3564 Neque
1162 3497 1304 3551 enim
1322 3511 1497 3551 annos
1513 3504 1682 3567 agunt
1703 3497 2002 3552 secundum

424 3585 620 3648 solem,
640 3600 817 3655 neque
841 3601 1060 3641 menses
1080 3592 1135 3642 et.
1157 3585 1276 3642 dies
1303 3587 1608 3642 secundum
1651 3588 1837 3642 lunam
1858 3629 1873 3650 .
1906 3590 2002 3645 sed

427 3677 651 3747 propria
684 3675 919 3747 quadam
954 3680 1166 3732 ratione
1204 3687 1331 3732 sunt
1363 3678 1468 3735 usi.
1500 3676 1708 3733 Volunt
1735 3680 1881 3735 enim
1906 3696 2000 3736 sa-

423 3767 630 3822 criﬁcia
652 3766 759 3822 diis
784 3766 902 3822 ﬁeri
923 3782 1034 3823 non
1064 3769 1366 3824 secundum
1407 3768 1549 3825 idem
1583 3776 1798 3840 tempus
1830 3773 1998 3840 anni;

425 3860 520 3917 sed
554 3875 616 3915 ea
647 3874 744 3931 per
792 3875 983 3914 omnes
1011 3860 1140 3914 anni
1179 3861 1512 3931 quadrantes
1540 3861 1641 3930 ire,
1685 3868 1740 3916 et
1779 3861 1894 3918 ﬁeri
1932 3880 1995 3920 ex

424 3948 619 4004 aestivo
652 3947 793 4005 fésto
818 3957 872 4004 et
907 3947 1286 4020 hibernum,et
1313 3951 1647 4014 autumnale,
1664 3960 1718 4006 et
1745 3967 1993 4008 vernum.

424 4043 609 4111 Agunt
638 4044 784 4097 enim
840 4057 1043 4098 annum
1089 4042 1298 4099 dierum
1345 4042 1485 4105 565.
1529 4041 1817 4099 duodecim
1851 4047 1996 4101 enim

425 4148 642 4190 menses
668 4143 836 4204 agunt
867 4135 938 4191 30
992 4135 1224 4199 dierum,
1254 4144 1308 4191 et
1338 4135 1583 4206 quinque
1625 4137 1745 4193 dies
1773 4145 1995 4208 epactas

426 4225 652 4281 addunt.
680 4226 785 4281 Sed
816 4225 1175 4296 quadrantem
1205 4227 1355 4283 illum
1378 4227 1484 4283 diei
1523 4243 1633 4284 non
1663 4229 1995 4285 intercalant

425 4325 646 4389 propter
670 4317 983 4389 praedictam
1024 4334 1285 4387 causam;
1324 4327 1383 4375 ut
1411 4320 1666 4378 videlicet
1714 4322 1823 4379 illis
1854 4324 1992 4381 festa

421 4410 742 4481 anticipent.
782 4409 917 4465 Nam
937 4411 994 4467 in
1018 4421 1254 4482 quatuor
1284 4413 1445 4470 annis
1473 4429 1586 4470 uno
1627 4414 1717 4471 die
1747 4414 1989 4487 Μενοιίὶ

417 4502 678 4559 deﬁciunt
706 4519 736 4558 a
769 4504 906 4570 sole,
937 4504 991 4558 in
1008 4503 1080 4559 40
1112 4505 1273 4559 annis
1298 4505 1487 4561 decem
1508 4504 1703 4562 diebus
1733 4505 1988 4562 deﬁcient

417 4602 639 4665 propter
667 4610 870 4650 annum
931 4597 1084 4653 solis.
1118 4594 1308 4667 Itaque
1348 4598 1513 4653 etiam
1542 4597 1765 4653 totidem
1794 4598 1989 4654 diebus

416 4686 715 4757 anticipant
744 4687 981 4750 festa,ut
1006 4703 1074 4743 ne
1089 4689 1409 4758 contingant
1433 4688 1735 4744 secundum
1768 4690 1988 4746 eosdem

415 4779 748 4849 quadrantes
778 4780 929 4834 anni.
955 4780 1016 4835 In
1056 4780 1217 4836 annis
1249 4794 1379 4835 vero
1415 4780 1520 4836 120
1570 4790 1853 4837 menstrua
1882 4784 1989 4839 erit

415 4871 673 4938 varietas,
704 4872 1045 4942 respiciendo
1075 4888 1202 4928 cum
1225 4872 1290 4927 ad
1322 4888 1525 4929 annum
1555 4875 1689 4931 solis
1710 4915 1727 4940 ,
1765 4885 1879 4931 tum
1916 4877 1986 4932 ad

416 4963 545 5018 anni
567 4963 920 5033 quadrantes.
945 4963 1308 5032 Quamobrem
1341 4974 1584 5038 erratum
1633 4967 1787 5032 illud,
1835 4969 1983 5039 quod

416 5055 557 5127 apud
582 5055 801 5112 Graecos
839 5056 1241 5122 circumfertur,
1277 5072 1404 5112 cum
1450 5068 1677 5131 propter
1722 5061 1983 5131 temporis

413 5146 806 5218 longitudinem
850 5150 1238 5220 approbatione
1288 5149 1510 5222 dignum
1566 5153 1639 5207 sit
1689 5152 1982 5217 habitum,

412 5239 576 5293 etiam
606 5235 673 5293 ad
704 5249 890 5296 nostra
921 5256 1093 5311 usque
1121 5250 1364 5312 tempora
1409 5257 1508 5313 pro
1540 5258 1671 5300 vero
1711 5245 1981 5299 creditum

411 5328 532 5385 fuit.
555 5330 754 5387 Putant
778 5334 921 5388 enim
945 5333 1165 5405 plurimi
1209 5331 1523 5393 Graecorum
1553 5336 1607 5390 in
1653 5334 1852 5392 festum
1883 5335 1990 5392 lsi-

479 5486 526 5518 ⁸³
557 5505 649 5559 τρο
676 5494 808 5560 tW-

479 5638 590 5715 (35)
625 5643 678 5699 ld
709 5653 801 5715 est
819 5644 1029 5714 integro
1059 5645 1191 5700 orbe
1215 5643 1422 5715 lucens:

480 5712 593 5783 (54)
634 5719 697 5769 Οἱ
733 5714 852 5784 μὲν
887 5712 996 5784 νᾶρ
1026 5716 1352 5784 Αίγύπτιοι.
1381 5712 1482 5769 Hic
1514 5712 1669 5769 locus
1700 5713 1967 5771 Soliniani

409 5786 854 5840 commentatoris
880 5785 1110 5856 castigat
1140 5799 1403 5852 errorem,
1439 5784 1534 5856 qui
1568 5800 1770 5841 annum
1802 5785 1972 5857 Egy-

2106 3310 2207 3374 τὰς
2231 3309 2398 3374 αὐτὰς
2425 3308 2616 3372 θυσίας
2637 3311 2748 3372 τοῖς
2779 3306 2922 3371 θεοῖς
2949 3308 3337 3363 συντελεῖσθαι.
3364 3309 3429 3363 οι
3460 3310 3561 3381 μὲν
3581 3308 3679 3378 γὰρ

2105 3400 2391 3471 Αἰγύπτιοι
2432 3400 2544 3470 (54)
2582 3398 2683 3470 τὴν
2714 3399 2962 3453 ἐναντίαν
3002 3398 3255 3472 διάληψιν
3296 3400 3393 3455 καὶ
3435 3400 3679 3474 πρόθεσιν

2102 3494 2371 3565 ἐσχήκασι
2416 3493 2530 3554 τοῖς
2575 3490 2851 3559 Ἕλλησιν.
2897 3490 3035 3544 Οὔτε
3076 3490 3184 3563 γάρ
3235 3492 3362 3555 τοὺς
3412 3492 3678 3553 ἐνιαυτοὺς

2092 3585 2298 3655 ’ἄγουσι
2327 3583 2450 3638 καθ’
2480 3582 2652 3653 ἥλιον,
2683 3580 2807 3637 οὔτε
2838 3583 2969 3645 τοὺς
3010 3582 3186 3654 μῆνας
3214 3583 3310 3636 καὶ
3341 3582 3441 3648 τὰς
3477 3585 3678 3656 ἡμέρας

2103 3674 2245 3728 κατὰ
2273 3673 2371 3745 τὴν
2415 3673 2678 3742 σελήνην’
2726 3670 2841 3731 ἀλλ’
2876 3672 2980 3743 ἰδίᾳ
3006 3673 3113 3725 τινὶ
3156 3672 3455 3727 ὑποστάσει
3489 3689 3678 3745 κεχρη-

2106 3766 2256 3838 μένοι
2290 3764 2417 3819 εἰσί.
2458 3763 2749 3817 Βούλονται
2783 3763 2893 3838 γὰρ
2919 3763 3018 3828 τὰς
3053 3763 3245 3828 θυσίας
3275 3767 3390 3830 τοῖς
3438 3765 3578 3831 θεοῖς
3606 3767 3675 3837 μὴ

2100 3858 2244 3913 κατὰ
2273 3857 2365 3912 τὸν
2391 3856 2554 3911 αὑτὸν
2592 3856 2781 3929 καιρὸν
2818 3855 2912 3909 τοῦ
2952 3856 3198 3911 ἐνιαυτοῦ
3231 3857 3483 3926 γίνεσθαι
3504 3877 3520 3890 ’
3550 3856 3675 3913 ἀλλὰ

2099 3950 2188 4003 διὰ
2215 3948 2405 4002 πασῶν
2427 3947 2537 4001 τῶν
2557 3946 2652 4001 τοῦ
2679 3946 2924 4001 ἐνιαυτοῦ
2946 3947 3104 4020 ὡρῶν
3131 3947 3361 4002 διελθεῖν
3381 3966 3395 3980 °
3419 3950 3514 4004 καὶ
3539 3951 3674 4019 γίνε-

2099 4044 2225 4099 σθαι
2254 4043 2353 4117 τὴν
2379 4041 2596 4115 θερινὴν
2634 4042 2824 4115 ἑορτὴν
2851 4043 2946 4097 καὶ
2988 4045 3329 4117 χειμερινὴν,
3361 4048 3456 4101 καὶ
3498 4047 3671 4118 φθινο-

2097 4136 2377 4208 πωρινὴν,
2430 4135 2526 4190 καὶ
2572 4136 2815 4207 ἐαρινὴν.
2864 4137 3091 4205 Ἀγουσι
3137 4135 3249 4208 γὰρ
3296 4137 3389 4191 τὸν
3438 4132 3670 4192 ἐνιαυτὸν

2096 4229 2319 4303 ἡμερῶν
2370 4228 2698 4301 τριακοσίων
2749 4226 3012 4299 ἑξήκοντα
3061 4229 3224 4283 πέντε
3248 4245 3265 4262 ο
3319 4229 3527 4285 δώδεκα
3569 4231 3670 4301 γὰρ

2098 4323 2275 4394 μῆνας
2320 4321 2515 4390 ἄγουσι
2562 4319 3063 4396 τριακονθημέρους
3114 4322 3209 4375 καὶ
3251 4322 3413 4377 πέντε
3464 4322 3671 4395 ἡμέρας

2094 4414 2380 4481 ἐπάγουσι.
2414 4412 2489 4465 Τὸ
2520 4411 2577 4465 δέ
2605 4411 2730 4483 α’ίδί
2761 4412 2862 4466 οὐκ
2888 4412 3155 4483 ἐπάγουσι
3176 4413 3265 4467 διὰ
3295 4415 3397 4486 τὴν
3423 4430 3670 4486 προειρη-

2099 4505 2265 4576 μένην
2313 4502 2491 4558 αἰτίαν
2513 4543 2529 4566 ,
2562 4503 2649 4556 ἵνα
2689 4503 2876 4565 αὐτοῖς
2911 4504 3345 4570 ἀναποδίζωνται
3382 4508 3437 4559 αἱ
3468 4505 3665 4577 ἐορταί.

2104 4598 2194 4650 Ἐν
2225 4593 2334 4667 γάρ
2356 4597 2469 4658 τοῖς
2494 4593 2536 4647 δ’
2570 4592 2714 4648 ἔτεσι
2744 4595 2841 4667 μιᾷ
2862 4596 3048 4669 ἡμέρᾳ
3078 4596 3366 4669 ύστεροῦσι
3402 4598 3549 4672 παρά
3582 4598 3667 4651 τὸν

2091 4688 2292 4759 ἥλιον-⁸
2318 4689 2376 4739 ἐν
2422 4685 2480 4739 δὲ
2514 4688 2628 4749 τοῖς
2669 4690 2726 4757 μ’
2760 4685 2905 4740 ἔτεσι
2958 4693 2988 4740 ι’
3031 4687 3269 4761 ἡμέραις
3313 4690 3667 4764 ύστερήσουσι

2089 4775 2244 4851 παρᾶ
2292 4777 2383 4831 τὸν
2425 4775 2518 4831 τοῦ
2550 4776 2698 4848 ἡλίου
2733 4778 2979 4833 ἐνιαυτόν
3004 4797 3018 4809 ο
3058 4780 3201 4834 ὥστε
3232 4781 3328 4835 καὶ
3383 4783 3669 4846 τοσαύταις

2088 4870 2323 4945 ἡμέραις
2363 4867 2775 4935 άναποδίζουσιν
2804 4872 2859 4926 αἱ
2889 4871 3093 4943 ἑορταὶ,
3133 4871 3272 4946 πρὸς
3312 4872 3375 4927 τὸ
3408 4875 3483 4946 μὴ
3530 4874 3669 4943 γίνε-

2088 4962 2212 5017 σθαι
2242 4961 2382 5017 κατὰ
2400 4962 2503 5027 τὰς
2527 4960 2697 5026 αὑτὰς
2737 4961 2888 5035 ὥρας
2914 4961 3008 5016 τοῦ
3041 4962 3311 5018 ἐνιαυτοῦ.
3348 4964 3435 5018 Ἐν
3473 4965 3528 5019 δὲ
3560 4966 3668 5026 τοῖς

2086 5063 2168 5130 ρκ’
2199 5056 2243 5088 ³³
2266 5055 2411 5110 ἔτεσι
2438 5058 2687 5127 μηνιαῖον
2713 5054 2867 5109 ἔσται
2901 5054 2963 5109 τὸ
3010 5054 3384 5128 παράλλαγμα
3415 5058 3508 5111 καὶ
3533 5056 3667 5128 πρὸς

2081 5149 2173 5203 τὸν
2199 5148 2295 5202 τοῦ
2335 5147 2489 5220 ἡλίου
2519 5146 2783 5212 ἐνιαυτὸν,
2814 5148 2912 5202 καὶ
2959 5146 3097 5220 πρὸς
3137 5147 3239 5212 τὰς
3279 5148 3431 5210 κατὰ,
3456 5150 3518 5202 τὸ
3549 5149 3666 5210 ἔτος

2087 5241 2257 5314 ῶρας.
2284 5242 2363 5295 Δι’
2393 5242 2459 5313 ἡν
2487 5240 2664 5295 αἰτίαν
2693 5240 2788 5295 καὶ
2816 5240 2878 5293 τὸ
2907 5240 3342 5313 περιφερόμενον
3363 5241 3664 5312 ἁμάρτημα

2088 5334 2243 5408 παρὰ
2278 5336 2388 5398 τοῖς
2433 5332 2691 5407 Ἕλλησιν
2729 5334 2795 5389 ἐκ
2840 5333 3050 5387 πολλῶν
3093 5333 3306 5406 χρόνων
3357 5334 3664 5407 παραδοχῆς

2073 5646 2312 5716 ptiacum
2348 5646 2419 5701 ita
2451 5646 2765 5711 contexuit,
2799 5654 2858 5702 ut
2903 5655 3099 5719 pra-ter
3142 5648 3261 5704 dics
3291 5662 3491 5704 occur
3513 5647 3662 5703 hom

2076 5732 2169 5772 sex
2194 5719 2488 5786 quotannis
2518 5719 2911 5774 insererentur.
