3786 6316
99 353 189 407 805

1134 344 1369 400 GEMINI
1411 344 1784 400 ELEMENTA
1821 345 2322 403 ASTRO‘NOMIIE.

3243 347 3350 405 306

103 467 382 538 ἠξιωμένον
409 464 582 536 μέχρι
604 462 846 519 τῶνκαθ’
877 462 1026 534 ἡμᾶς
1047 461 1254 533 χρόνων
1284 461 1660 515 πεπίστευται.

1843 480 1874 528 ι,
1909 463 2209 519 secundum
2235 461 2526 532 Aigyptios
2566 467 2622 516 et
2670 460 2974 517 secundum
3021 460 3350 517 Eudoxum.

113 556 573 628 Ὑπολαμϐάνουσι.
612 555 720 628 γὰρ
753 556 802 609 οἱ
829 554 1069 607 πλεῖστοι
1112 554 1222 625 (-55)
1256 553 1364 607 τῶν
1396 554 1667 625 Ἑλλήνων

106 652 202 722 ἃμα
241 652 348 712 τοῖς
399 647 587 712 Ἰσίοις
620 647 738 700 κατ’
777 646 1106 714 Αἰγυπτίους
1140 645 1236 698 καὶ
1280 645 1399 696 κατ’
1440 642 1668 708 Εὔδοξον

103 741 222 796 εἶναι
257 739 582 812 χειμερινὰς
606 738 809 811 τροπάς
827 755 840 768 ο
877 739 1013 809 ὅπερ
1040 737 1156 790 ἐστὶ
1190 738 1504 789 παντάπασι
1533 735 1669 805 ψεῦ-

101 835 190 896 δος.
217 833 357 901 Μηνὶ
388 830 503 902 γὰρ
547 829 654 900 ὅλῳ
683 828 1052 900 παραλλάσσει
1095 829 1162 882 τὰ
1207 829 1347 880 Ἵσια
1391 828 1525 898 πρὸς
1568 826 1668 890 τὰς

102 923 392 994 χειμερινὰς
428 923 663 994 τροπάς.
705 920 906 993 Ἐρρὑ
934 920 991 973 δὲ
1024 919 1084 972 τὸ
1105 919 1408 990 ἁμάρτημα
1437 917 1543 971 ἀπὸ
1567 920 1668 990 τῆς

101 1013 488 1087 προειρημένης
537 1013 752 1076 αἰτίας·
801 1012 907 1081 πρὸ
947 1011 1056 1082 γὰρ
1105 1017 1186 1081 ρκ’
1222 1009 1358 1062 ὲτῶν
1403 1009 1666 1062 συνέπεσε

99 1108 202 1161 κατ’
222 1106 388 1168 αὐτὲις
425 1105 527 1169 τὰς
556 1105 872 1176 χειμερινὰς
895 1103 1101 1176 τροπὰς
1131 1101 1362 1172 ἄγεσθαι
1389 1101 1457 1154 τὰ
1487 1103 1662 1154 Ἵσια·

99 1198 148 1250 ἐν
173 1197 308 1250 ἔτεσι
346 1197 406 1250 δὲ
440 1198 706 1268 τέσσαρσι
755 1198 884 1267 μιᾶς
922 1194 1136 1266 ἡμέρας
1184 1194 1401 1263 ἐγένετο
1453 1191 1666 1263 παράλ-

100 1289 281 1358 λαγμα.
323 1289 501 1341 Τοῦτο
545 1284 636 1342 οὖν
684 1289 784 1342 οὐκ
822 1287 1088 1358 αἰσθητὴν
1139 1286 1265 1356 ἔσχε
1309 1285 1666 1357 παραλλαγὴν

100 1381 217 1452 πρὸς
244 1383 340 1445 τὰς
383 1384 504 1436 κατ’
535 1381 654 1446 ἔτος
689 1381 856 1454 ὥρας.
896 1381 982 1433 Ἐν
1023 1380 1167 1432 ἔτεσι
1207 1379 1263 1432 δὲ
1290 1386 1342 1449 μ’
1373 1379 1594 1450 ἡμερῶν
1633 1381 1664 1431 ι’

97 1473 288 1540 ἐγένετο
341 1473 738 1544 παράλλαγμα.
793 1473 916 1525 Οὐδ’
969 1471 1142 1535 οὕτως
1201 1471 1464 1543 αἰσθητὴν
1527 1467 1664 1524 εἶναι

97 1565 358 1634 συμϐαίνει
389 1567 489 1636 τὴν
516 1564 896 1636 παραλλαγήν.
929 1564 1065 1616 Νυνὶ
1109 1561 1358 1634 μέντοιγε
1408 1561 1665 1633 μηνιαίας

96 1657 368 1728 γινομένης
397 1656 760 1727 παραλλαγῆς
791 1657 847 1706 ἐν
879 1652 960 1726 ρκ’
997 1654 1193 1718 ἔτεσιν,
1228 1651 1530 1724 ὑπερϐολὴν
1563 1653 1664 1704 οὐκ

97 1747 466 1802 ἀπολείπουσιν
523 1749 749 1817 ἀγνοίας
811 1749 860 1801 οἱ
919 1746 1378 1817 διαλαμϐάνοντες
1441 1746 1498 1798 ὲν
1553 1747 1664 1809 τοῖς

107 1838 262 1906 Ἶσίοις
288 1844 414 1895 κατ’
439 1841 792 1908 Αἰγυπτίους.
827 1840 918 1894 καὶ
945 1840 1062 1892 κατ’
1098 1837 1322 1902 Εὔδοξον
1350 1836 1449 1900 τὰς
1481 1854 1662 1907 χειμε-

103 1933 233 2002 ρινὰς
256 1934 469 1998 τροπὰς
498 1929 656 1987 εἶναι.
689 1933 804 2002 Mt;
831 1932 927 2002 μὲν
957 1930 1066 2000 γὰρ
1095 1929 1278 2001 ἡμέρᾳ.
1298 1929 1330 2000 ἦ
1354 1929 1474 1981 δυσὶ
1499 1929 1666 1980 διενε-

97 2024 268 2094 χθῆναι
310 2025 664 2095 ἐνδεχόμενόν
706 2025 854 2076 ἐστι·
906 2024 1152 2093 μηνιαίον
1197 2021 1252 2073 δὲ
1299 2014 1684 2092 παράλλαγμα’

98 2117 332 2169 ἀδύνατόν
382 2118 500 2169 ἐστι
529 2114 731 2168 λαθεῖν.
767 2114 875 2166 Καὶ
902 2113 1009 2187 γὰρ
1047 2112 1114 2166 τὰ
1145 2112 1350 2183 μεγέθη
1393 2113 1500 2165 τῶν
1534 2115 1667 2183 ἡμε-

99 2207 192 2278 ρῶν
220 2209 468 2278 ἐλέγχειν
510 2207 757 2267 δύναται,
793 2205 1032 2276 μεγάλην
1079 2204 1271 2276 ἔχοντα
1313 2205 1666 2276 παραλλαγὴν

99 2302 214 2370 πρὸς
241 2301 340 2364 τὰς
369 2299 693 2370 χειμερινὰς
722 2298 950 2368 τροπάς.
989 2297 1098 2351 Καὶ
1140 2297 1196 2351 αί
1222 2296 1330 2351 τῶν
1359 2297 1667 2368 ὡρολογίων

99 2392 432 2464 καταγραφαὶ
462 2391 724 2461 ἐκδήλους
754 2389 964 2443 ποιοῦσι
1001 2389 1101 2449 τὰς
1131 2391 1252 2443 κατ’
1288 2388 1542 2460 ἀλήθειαν
1579 2405 1666 2457 γι-

100 2482 310 2551 νομένας
356 2478 592 2550 τροπὰς,
637 2479 732 2530 καὶ
774 2478 1008 2546 μάλιστα
1058 2479 1187 2548 παρ’
1234 2479 1553 2545 Αἰγυπτίοις
1608 2479 1668 2531 ἐν

104 2564 462 2644 παρατηρήσει
505 2570 842 2640 γενομένοις.
901 2569 1062 2622 Ὅθεν
1105 2569 1174 2623 τὰ
1217 2571 1360 2622 ἰσια
1403 2569 1668 2641 πρότερον

106 2660 187 2727 μὲν
208 2663 369 2732 ﬁve-ro
395 2662 442 2694 “
470 2661 612 2715 κατὰ
653 2660 751 2724 τὰς
789 2663 1104 2732 χειμερινὰς
1138 2661 1344 2730 τροπάς
1363 2676 1377 2691 ο
1413 2661 1509 2714 καὶ
1537 2661 1668 2732 πρὸ·

103 2765 236 2819 τερον
262 2752 305 2804 δ’
353 2752 436 2804 ἔτι
481 2751 627 2803 κατὰ
668 2751 885 2822 θερινὰς
929 2752 1165 2823 τροπάς’
1199 2753 1275 2815 ὡς
1318 2752 1410 2804 καὶ
1447 2753 1667 2823 Ἐρατο-

107 2840 275 2914 σθένης
304 2842 414 2913 (56)
445 2844 505 2895 ἐν
536 2841 616 2912 τῷ
652 2843 789 2910 Περὶ
826 2842 936 2910 τῆς
979 2843 1398 2910 ὀκταετηρίδος
1428 2845 1669 2914 ὑπομνή-

108 2950 218 3000 ματι
246 2935 579 3006 μνημονεύει
600 2953 614 2966 ο
655 2937 750 2988 καὶ
786 2935 1084 3006 ἀχθήσεται
1117 2937 1280 2990 πάλιν
1301 2935 1442 2989 κατὰ
1487 2937 1669 3004 φθινό-

107 3040 286 3098 πωρον,
319 3031 416 3082 καὶ
449 3028 596 3082 κατὰ
631 3028 728 3092 τὰς
763 3026 982 3100 θερινὰς
1016 3028 1246 3098 τροπὰς,
1293 3029 1388 3082 καὶ
1427 3028 1568 3082 κατὰ
1607 3029 1668 3082 τὸ

1770 556 2027 612 hibernas
2062 556 2452 610 conversiones
2507 554 2770 608 incidere.
2823 553 2980 620 Quod
3030 552 3232 607 falsum
3263 568 3352 607 est

1768 650 2010 703 omnino.
2044 647 2232 703 Mense
2263 647 2408 702 enim
2455 654 2570 701 toto
2626 647 2826 701 festum
2876 645 3036 703 Isidis
3085 644 3354 700 distatab

1768 740 2013 795 hibernis
2041 738 2510 795 conversionibus.
2530 736 2709 791 Fluxit
2734 746 2916 791 autem
2947 743 3191 792 erratum
3217 735 3352 790 illud

1767 848 1832 887 ex
1871 847 2037 886 causa
2070 831 2358 901 praedicta;
2395 845 2520 884 nam
2577 837 2704 884 ante
2747 829 2849 884 I20
2905 844 3082 884 annos
3123 829 3354 899 contigit

1769 930 1828 978 ut
1885 922 2078 978 festum
2115 920 2276 976 Isidis
2319 922 2376 974 in
2435 921 2566 990 ipsis
2599 917 3352 976 hibernis'conversionibus

1768 1022 2023 1084 ageretur
2056 1032 2068 1067 :
2099 1014 2153 1067 iu
2191 1014 2350 1068 annis
2381 1022 2560 1067 autem
2595 1020 2830 1082 quatuor
2863 1013 3024 1068 unius
3051 1012 3154 1068 diei
3187 1013 3352 1067 liehat

1766 1106 2016 1161 variatio.
2041 1105 2151 1160 IIoc
2175 1106 2338 1175 igitur
2360 1121 2467 1158 non
2487 1104 2673 1158 habuit
2693 1104 3004 1161 sensibilem
3030 1105 3350 1159 varietatem

1768 1199 1834 1252 ad
1863 1199 1990 1252 anni
2016 1206 2390 1269 tempestates.
2412 1199 2469 1251 In
2495 1197 2652 1251 annis
2684 1205 2863 1250 autem
2891 1197 2960 1251 Δί)
2988 1195 3128 1252 facta
3150 1205 3230 1252 est
3255 1197 3351 1251 de-

1766 1303 1883 1342 cem
1909 1287 2118 1342 dierum
2141 1287 2388 1341 variatio.
2413 1285 2522 1339 Nec
2553 1285 2633 1340 sic
2659 1286 2874 1354 quidem
2907 1287 3084 1341 evenit
3109 1287 3350 1341 sensibi-

1768 1380 1869 1434 Iem
1897 1379 2007 1435 ﬁeri
2032 1380 2404 1435 mutationem.
2428 1379 2497 1433 At
2534 1396 2678 1434 nunc
2704 1396 2827 1433 cum
2854 1381 2906 1434 in
2939 1381 3094 1434 annis
3127 1379 3229 1432 I20
3259 1377 3350 1432 ﬁat

1769 1479 2049 1526 menstrua
2087 1472 2347 1534 varietas,
2371 1487 2657 1527 excessum
2694 1472 3014 1543 ignorantiae
3040 1487 3146 1524 non
3184 1471 3352 1526 relin-

1765 1573 1941 1634 quunt
1959 1563 1992 1617 ii
2016 1564 2108 1634 qui
2128 1572 2318 1632 putant
2335 1566 2386 1618 in
2407 1564 2544 1620 festo
2564 1563 2740 1627 Isidis,
2759 1562 3351 1634 secuudumIEgyptios

1766 1663 1820 1710 et
1849 1657 2150 1712 secundum
2176 1655 2485 1716 Eudoxum.
2508 1657 2767 1711 hibernas
2795 1656 2906 1711 ﬁeri
2936 1657 3350 1712 conversiones.

1767 1748 1888 1804 Uno
1907 1751 2051 1804 enim
2101 1749 2189 1804 die
2217 1757 2310 1803 aut
2338 1750 2556 1806 duobus
2582 1750 2878 1806 dissentire
2902 1751 3116 1820 aliquos
3147 1749 3251 1802 hac
3283 1749 3352 1802 de

1768 1855 1826 1894 re
1856 1839 2121 1908 possibile
2149 1848 2267 1905 est;
2322 1849 2378 1893 at
2431 1849 2768 1895 menstruam
2803 1841 3120 1896 varietatem
3155 1840 3350 1903 latere,

1767 1931 2104 2002 impossibile
2125 1940 2230 1987 est.
2263 1931 2476 1987 Etenim
2511 1931 2916 2003 magnitudines
2962 1930 3195 1993 dierum,
3225 1945 3348 1984 cum

1769 2022 2002 2079 habeant
2037 2038 2290 2094 magnam
2341 2024 2699 2078 mutationem
2736 2024 2789 2077 in
2834 2023 3082 2077 hibernis
3121 2037 3353 2076 conver-

1768 2116 2038 2182 sionibus,
2072 2131 2168 2170 eos
2236 2130 2464 2186 arguere
2511 2125 2762 2186 possunt.
2816 2114 2882 2168 Et
2943 2115 3350 2183 horologiorum

1769 2205 2167 2276 descriptiones
2197 2203 2520 2261 manifestas
2538 2205 2740 2259 faciunt
2762 2219 2917 2259 veras
2935 2203 3347 2265 conversiones,

1767 2305 1822 2352 et
1852 2299 2085 2352 maxime
2113 2296 2257 2367 apud
2292 2295 2711 2367 Egyptios,qui
2733 2312 2827 2351 eas
2857 2297 3173 2350 observant.
3195 2293 3353 2349 Unde

1769 2389 1966 2444 festum
1991 2388 2152 2445 Isidis
2187 2390 2338 2460 prius
2373 2391 2597 2460 quidem
2643 2389 2804 2444 ﬁebat
2837 2389 2892 2442 in
2938 2387 3186 2443 hibernis
3215 2401 3351 2442 con-

1766 2481 2150 2537 versionihus:
2183 2491 2236 2537 et
2275 2483 2455 2536 adhuc
2483 2483 2638 2552 prius
2692 2481 2744 2536 in
2781 2480 2989 2536 aestivis
3027 2479 3353 2534 conversio.

1767 2573 1971 2627 nibus:
2006 2573 2148 2627 sicut
2199 2583 2252 2627 et
2307 2571 2696 2627 Eratosthenes
2739 2572 2792 2625 in
2834 2569 3228 2625 commentario
3275 2565 3354 2622 De

1768 2664 2078 2718 octaeteride
2123 2663 2366 2718 meminit
2397 2681 2409 2716 ε
2441 2671 2494 2715 et
2533 2671 2722 2732 agetur
2757 2663 2954 2716 iterum
2987 2663 3040 2715 iu
3063 2671 3349 2724 autumno,

1767 2757 1897 2811 etin
1925 2757 2132 2810 aestivis
2166 2754 2659 2818 conversionibus,
2699 2759 2753 2808 et
2809 2752 2864 2806 in
2903 2766 3052 2817 vere,
3084 2759 3138 2804 et
3177 2750 3234 2803 in
3265 2749 3352 2802 lii-

1769 2849 1955 2902 bernis
1985 2847 2464 2902 conversionibus.
2507 2846 2565 2900 In
2615 2847 2774 2899 annis
2813 2849 2959 2898 enim
3010 2841 3149 2896 M60
3189 2857 3388 2896 omne-

1770 2937 1968 2993 festum
2001 2937 2236 2992 transire
2269 2944 2486 3006 oportet
2539 2951 2636 3004 per
2667 2949 2861 2990 omnes
2905 2933 3034 2986 anni
3079 2930 3354 3001 quadran-

1769 3037 1882 3097 tes;
1917 3039 1970 3086 et
2007 3045 2201 3085 rursus
2242 3030 2456 3084 restitui
2492 3028 2560 3082 ad
2603 3027 2744 3082 idem
2805 3036 3018 3095 tempus
3055 3024 3208 3078 anni.
3245 3022 3355 3092 2o

107 3115 208 3185 Ξαρ,
234 3120 323 3171 καὶ
352 3120 496 3173 κατὰ
522 3118 622 3182 τὰς
648 3119 963 3190 χειμερινὰς
986 3120 1214 3190 τροπάς·
1258 3121 1344 3173 Ἑν
1376 3121 1520 3175 ἔτεσι
1559 3123 1667 3196 γὰρ

1848 3123 2016 3194 gyptii
2071 3123 2251 3192 igitur.
2323 3121 2625 3177 secundum
2685 3119 2962 3190 propriam
3026 3116 3353 3190 hypothesin

108 3207 273 3273 χιλίοις
292 3210 667 3280 τετρακοσίοις
688 3209 948 3280 ἑξήκοντα
977 3210 1190 3264 ἃπασαν
1222 3211 1413 3282 ἑορτὴν
1441 3213 1668 3268 διελθεῖν

109 3295 176 3349 δεῖ
213 3299 292 3354 διὰ
325 3301 520 3356 πασῶν
565 3301 674 3354 τῶν
710 3301 803 3354 τοῦ
852 3301 1099 3356 ἐνιαυτοῦ
1147 3302 1328 3374 ὡρῶν,
1371 3305 1465 3358 καὶ
1510 3307 1668 3360 πάλιν

111 3388 604 3464 ἀποκατασταθῆναι
637 3394 730 3445 ἐπὶ
773 3393 864 3445 τὸν
906 3393 1066 3446 αὑτὸν
1115 3394 1306 3465 καιρὸν
1349 3395 1442 3448 τοῦ
1490 3396 1663 3461 ἔτους.

1775 3214 2039 3286 propositi
2067 3214 2224 3279 linis;
2253 3213 2427 3268 ϐιωςί
2453 3228 2604 3276 vero,
2629 3227 2754 3266 cum
2779 3209 3111 3265 contrariam
3132 3220 3357 3262 seuien-

1775 3307 1904 3360 tiain
1939 3307 2198 3371 habeant,
2241 3320 2417 3360 annos
2456 3314 2623 3374 agunt
2656 3302 2960 3358 secundum
2996 3301 3200 3362 solem,
3237 3298 3356 3352 di.:s

1773 3415 1924 3462 vero,
1953 3407 2007 3453 et
2032 3413 2252 3453 menses
2286 3396 2588 3451 secundum
2623 3395 2829 3448 lunam.

113 3480 165 3532 ΰί
189 3482 276 3550 μὲν
299 3481 390 3539 οὖν
433 3484 722 3552 Αἰγύπτιοι
766 3484 905 3538 κατὰ
935 3486 1031 3556 τὴν
1070 3486 1206 3540 ἰδίαν
1249 3486 1550 3542 ὑπόστασιν
1617 3489 1710 3542 τοῦ
1761 3490 2125 3562 προκειμένου
2170 3488 2380 3553 τέλους,
2425 3489 2475 3543 oi.
2523 3487 2579 3540 δὲ
2625 3486 2909 3557 Ἕλληνες,
2959 3485 3057 3554 τὴν
3107 3480 3359 3535 ἐναντίαν

109 3575 308 3646 γνώμην
359 3576 579 3646 ἔχοντες
604 3617 619 3640 ν
673 3577 801 3639 τοὺς
860 3577 958 3647 μὲν
1008 3581 1284 3644 ἐνιαυτοὺς
1337 3579 1456 3633 καθ’
1511 3580 1660 3650 ἥλιον
1697 3582 1910 3652 ἄγουσι,
1951 3586 2077 3648 τοὺς
2129 3585 2186 3638 δὲ
2232 3585 2405 3656 μῆνας
2439 3583 2533 3635 καλ⁵
2573 3580 2674 3644 τὰς
2723 3579 2938 3650 ἡμέρας
3006 3575 3148 3630 κατὰ
3197 3574 3355 3647 σελή-

112 3684 212 3738 νην.

171 3760 214 3793 ⁸³
239 3779 322 3829 γρ.
353 3761 594 3828 ἐγένετο.

171 3854 274 3924 (55)
321 3851 845 3924 ’Υπολιξμϐἁνουσι
886 3853 996 3921 γὰρ
1025 3856 1078 3906 οἱ
1120 3855 1416 3910 πλεῖστοι.
1472 3853 1665 3912 Mirum

113 3934 184 3998 est
212 3924 470 3998 achillem
508 3923 740 3998 _Tatium
779 3925 1048 3998 incudem
1086 3941 1271 3998 errore
1309 3929 1515 3982 versari
1541 3945 1664 3998 cap.

112 3995 174 4069 ili
205 3993 404 4069 Isagog.
437 3995 540 4047 sub
568 3996 751 4069 liuent.
783 3993 951 4062 Igitur
977 3995 1121 4062 quod
1150 3996 1253 4048 Isia
1283 3997 1412 4069 olim
1461 3998 1514 4051 in
1543 3993 1667 4069 τρο-

117 4065 210 4127 τάς
247 4064 602 4127 incidissent,
640 4064 692 4118 id
725 4080 850 4119 esse
891 4073 1210 4133 perpetuum
1260 4064 1670 4122 arbitrabantur

118 4135 350 4203 imperiti.
387 4136 539 4201 Quos
581 4150 647 4188 ex
691 4149 756 4188 eo
801 4134 1000 4188 refellit
1031 4133 1313 4200 Geminus,
1351 4139 1495 4205 quod
1543 4148 1669 4193 ante

118 4219 271 4260 annos
313 4220 441 4267 cxx,
496 4221 660 4274 quam
711 4205 1006 4267 scribebat,
1059 4205 1192 4259 illud
1238 4209 1549 4270 accidisset,
1605 4223 1668 4262 ac

120 4277 318 4346 proinde
346 4287 594 4344 tempore
629 4289 728 4328 suo
762 4275 994 4346 solidu_m
1023 4275 1135 4342 jam
1180 4291 1420 4331 mensem
1468 4279 1681 4346 festum.

120 4343 243 4398 idem
274 4343 479 4419 τροπάς
503 4343 1123 4419 ἓηιενει·ιει·θι.“8ςιιιὶε.
1158 4346 1251 4419 lib.
1288 4347 1431 4419 1ιᾷοε
1460 4347 1664 4402 emend.

121 4424 278 4487 temp.,
301 4413 476 4487 capite
499 4415 577 4470 De
594 4425 844 4469 octaeter.
875 4413 1106 4487 Eudoxi,
1121 4432 1184 4470 ex
1201 4416 1303 4471 hoc
1320 4417 1532 4472 Gemini
1550 4420 1668 4487 loco

120 4485 381 4555 colligebat
439 4485 724 4540 Eudoxum
777 4486 1158 4539 octaeterideiu
1213 4503 1366 4541 suam
1431 4490 1500 4542 ab
1547 4486 1667 4545 Isiis

122 4560 437 4624 auspicatum
487 4572 632 4620 esse,
675 4556 832 4625 quasi
866 4557 966 4608 hoc
1015 4555 1276 4610 Geminus
1307 4558 1551 4618 diceret,
1598 4559 1666 4612 ab

123 4639 250 4679 ara-0
278 4629 384 4687 illo.
437 4628 582 4681 unde
629 4626 1010 4681 octaeterideiu
1068 4641 1221 4680 suam
1255 4628 1528 4680 inchoavit
1558 4626 1666 4680 Eu-

123 4693 296 4761 doxus,
330 4699 396 4752 ad
429 4708 646 4751 aetatem
673 4711 827 4751 suam
859 4712 1030 4751 annos
1058 4699 1272 4764 elapsos
1297 4714 1419 4752 esse
1447 4706 1664 4752 centum

122 4772 172 4838 et
199 4769 392 4838 viginti.
432 4771 602 4821 Porro
633 4782 758 4838 cum
793 4765 1072 4820 Eudoxum
1121 4783 1263 4820 anno
1297 4769 1456 4826 tertio
1487 4771 1666 4838 olym-

127 4835 278 4906 piadis
310 4855 403 4892 cui
438 4835 829 4891 octaeteridem
871 4853 1024 4890 suam
1073 4839 1305 4906 ccepisse
1353 4847 1522 4906 putet,
1546 4835 1664 4891 Na-

125 4905 382 4964 bouassari
411 4923 720 4961 Cccuxxui
743 4924 756 4968 ;
781 4908 826 4958 si
845 4910 910 4960 ad
938 4908 1082 4960 hunc
1101 4905 1272 4962 annos
1289 4905 1516 4976 atljicias
1537 4923 1664 4972 cxx,

127 4981 298 5034 confiet
343 4995 521 5033 annus
557 4976 925 5031 Nabonassari
959 4993 1065 5041 niv,
1104 4993 1212 5046 quo
1250 4979 1523 5032 scribebat
1560 4978 1668 5032 Ge-

127 5048 298 5102 minus.
335 5051 410 5103 Ita
431 5053 537 5102 erit
566 5047 874 5116 Hipparcho
906 5049 1190 5102 vetustior.
1224 5047 1304 5100 Ad
1331 5049 1469 5101 hanc
1509 5048 1668 5102 dubi-

131 5121 358 5188 tationem
409 5120 547 5172 nihil
581 5134 639 5173 se
671 5119 814 5188 quod
847 5119 1173 5186 respondeat
1217 5119 1415 5188 habere
1443 5117 1663 5172 fatetur.

248 5192 420 5244 nullus
451 5182 1202 5263 liii:_erat'Iratsitaulli‘locus.
1245 5187 1373 5263 Non
1393 5189 1538 5242 enim
1567 5188 1666 5243 Isia

134 5257 178 5309 in
202 5260 470 5328 ipsiusmet
517 5257 757 5312 Eudoxei
787 5260 913 5311 anni
947 5259 1104 5328 primi
1129 5259 1335 5326 τροπάς
1366 5260 1670 5314 incurrisse

134 5330 228 5381 vult
258 5330 518 5384 Geminus
551 5339 679 5382 ante
711 5343 814 5382 cxx
850 5344 1024 5382 annos
1059 5345 1221 5398 quam
1259 5328 1543 5398 scriberet,
1581 5344 1670 5383 ve-

136 5408 232 5469 rum
279 5401 330 5452 iu
377 5402 528 5454 illum
583 5401 760 5469 ipsum
803 5398 968 5469 diem,
1008 5397 1252 5469 inquein
1297 5397 1504 5469 τροπάς
1562 5398 1673 5452 Eu-

135 5466 280 5523 doxus
308 5466 620 5539 eoujecerat
641 5489 652 5523 :
673 5469 870 5538 cuique
895 5468 1080 5522 allixas
1107 5466 1466 5523 easdem'esse
1498 5478 1672 5536 poste-

137 5539 246 5614 ritas
271 5542 525 5614 deinceps
556 5540 736 5614 o_muis
759 5540 1146 5614 existimabat,
1165 5539 1362 5614 solaris
1397 5540 1668 5614 anticipa-

135 5607 275 5661 tiouis
317 5607 522 5682 ignara.
588 5609 699 5664 Nos
754 5607 1036 5682 Eudoxum
1103 5610 1248 5662 circa
1307 5607 1670 5682 Olympiadem

137 5688 275 5732 mm
324 5678 636 5735 condidisse
681 5680 1064 5734 octaeteridein
1124 5693 1277 5732 suam
1329 5678 1670 5736 ostendimus

240 5766 281 5824 ti
303 5749 375 5805 De
414 5753 590 5814 doctr.
623 5760 803 5818 temp.,
840 5765 958 5824 cap.
979 5749 1040 5824 _6,
1081 5757 1463 5824 quentempore
1486 5749 1672 5802 solsti-

137 5817 248 5874 tium
275 5823 556 5879 hibernum
607 5835 796 5877 verum
843 5819 1070 5875 cadebat
1101 5817 1159 5874 in
1189 5817 1499 5875 Decembris
1542 5833 1666 5885 xxv,

1778 3851 2015 3906 medium
2048 3851 2100 3906 in
2137 3865 2286 3904 xxvi.
2320 3849 2438 3903 Jam
2467 3847 2593 3912 Isia,
2624 3847 2692 3902 de
2723 3844 2924 3916 quibus
2959 3842 3221 3916 Geminus
3253 3846 3356 3901 10-

1777 3925 1985 3991 quitur,
2017 3938 2080 3974 ea
2116 3937 2236 3975 esse
2270 3922 2696 3991 videnlurtqua:
2731 3915 2801 3991 ab
2833 3931 2944 3970 xvu
2979 3916 3065 3969 die
3087 3915 3261 3991 Athyr

1777 3985 1846 4046 ix
1883 3992 2104 4053 ﬁebant,
2150 3999 2206 4044 ut
2235 3992 2394 4045 testis
2424 3997 2507 4043 est
2547 3985 2874 4042 Plutarchus
2909 3994 3068 4038 tract.
3099 3985 3174 4039 De
3202 3985 3359 4040 ’lslde

1777 4073 1825 4116 et
1851 4061 2062 4116 Osiride
2095 4062 2238 4131 (pag.
2273 4060 2378 4114 566
2399 4061 2531 4114 edit.
2561 4056 2952 4131 Graec_o_-Lat.).
2983 4055 3202 4131 Namea
3235 4058 3359 4112 πέν-

1779 4132 1934 4202 θιμα,
1982 4140 2038 4185 et
2089 4126 2338 4199 lugubria
2391 4131 2561 4184 fuisse
2593 4129 2820 4202 scribit;
2860 4135 2913 4181 et
2936 4127 3084 4202 inter
3120 4126 3354 4202 illorum

1775 4195 1973 4255 causas
2006 4195 2169 4254 liauc'
2191 4206 2458 4259 recenset,
2495 4199 2640 4268 quod
2678 4197 2980 4268 coutgctis
3026 4195 3220 4268 diebus
3257 4213 3356 4268 no-

1776 4282 1891 4326 ctes
1927 4273 2058 4323 tiant
2101 4270 2394 4338 longiores.
2432 4264 2789 4320 At'Achilles
2820 4264 3012 4338 Tatius
3045 4267 3225 4338 capite
3257 4264 3351 4325 25.

1776 4343 1935 4396 docet
1979 4341 2052 4394 ob
2102 4335 2242 4392 hanc
2294 4339 2538 4394 eamdem
2573 4351 2792 4391 causam
2825 4335 2950 4395 Isia,
2983 4349 3106 4404 qua:
3139 4337 3200 4405 in_
3227 4351 3356 4405 τρο-

1778 4412 1885 4475 πάς
1918 4413 2186 4469 incidunt.
2231 4410 2300 4462 ab
2329 4407 2602 4476 [Egyptiis
2643 4406 2910 4460 celebrari
2943 4403 3124 4476 solita.
3162 4403 3356 4476 Quare

1775 4474 1980 4535 nullum
2009 4482 2121 4550 jam
2149 4474 2516 4550 dubiuii1__est,
2555 4479 2622 4531 de
2644 4477 2853 4550 quibus
2891 4474 3013 4528 Isiis
3044 4474 3355 4550 intelligen-

1699 4541 1874 4606 Ddus
1909 4553 1980 4605 sit
2009 4541 2308 4604 'Geiuinus.
2359 4546 2515 4600 Ilunc
2570 4541 2715 4601 enim
2769 4551 2980 4598 certum
3032 4552 3115 4598 est
3170 4541 3244 4598 de
3283 4545 3354 4599 iis

1770 4638 1950 4692 agere,
2005 4634 2124 4692 qua}
2168 4635 2288 4692 xvii
2337 4619 2516 4692 Atliyr‘
2562 4618 2794 4692 inibant.
2834 4615 3064 4692 .Atli‘yr,
3101 4616 3348 4692 inquam,

1769 4685 1911 4763 vagi,
1939 4685 2053 4744 non
2091 4687 2386 4763 Juli_ani_et
2429 4685 2540 4763 lixi.
2578 4687 2699 4754 Quo
2729 4685 2908 4763 posito
2943 4685 3233 4763 lacileerit
3265 4687 3352 4737 iu-

1769 4755 2036 4831 ve§tigare
2068 4761 2214 4830 quod
2245 4777 2276 4813 a
2298 4757 2774 4831 Geminotempus
2807 4757 2909 4831 hoc
2943 4755 3064 4831 loco
3095 4756 3354 4831 designe—

1770 4844 1876 4886 tur.
1912 4825 2167 4885 'Nam'ut
2219 4847 2326 4884 xvii
2377 4829 2494 4884 dies
2524 4825 2698 4898 Athyr
2740 4825 3166 4898 in_Decembri_s
3220 4841 3352 4898 xxvi

1770 4904 1997 4966 incidat,
2029 4917 2257 4956 necesse
2290 4911 2374 4956 est
2417 4895 2769 4954 Neouieniam
2819 4895 3015 4966 Tnotli
3045 4895 3244 4966 cadere
3296 4897 3353 4950 in

1770 4963 2023 5028 Octobris
2057 4987 2130 5025 xi.
2181 4969 2235 5023 Id
2287 4971 2487 5024 accidit
2531 4971 2764 5038 primum
2797 4963 3352 5038 anuo_Nabouassari

1771 5059 1902 5108 aur,
1937 5050 2133 5113 quarto
2156 5043 2482 5112 Olympiadis
2509 5033 2668 5113 (ἔχιν,
2699 5037 2904 5107 periodi
2933 5033 3351 5113 Julianaaﬁiiﬂ.

1771 5105 1923 5169 Adde
1956 5105 2126 5180 igitur
2155 5105 2329 5166 annos
2363 5113 2485 5172 I20,
2520 5105 2746 5164 exsistet
2779 5122 2956 5161 annus
3003 5106 3208 5180 periodi
3253 5105 3354 5160 Ju-

1772 5186 1928 5239 liana:
1957 5176 2119 5244 4657,
2153 5191 2381 5252 quartus
2411 5181 2737 5252 Olympiadis
2781 5192 2983 5252 cuml
3013 5176 3354 5252 Urbisﬂcou-

1771 5256 1895 5310 dita:
1927 5245 2198 5308 ncnxxvn'.
2251 5252 2414 5307 Sulla:
2452 5245 2634 5320 itaque
2680 5260 2923 5317 tempore
2952 5247 3137 5299 ﬂoruit
3169 5245 3356 5320 Gemi-

1772 5343 1876 5382 nus
1904 5337 2109 5380 noster.
2143 5323 2198 5378 lu
2217 5323 2310 5378 lib.
2345 5341 2381 5377 Il
2415 5322 2492 5376 De
2513 5319 2754 5374 dectrina
2788 5330 3116 5390 teniporunt,_
3141 5332 3261 5390 cap.
3292 5319 3350 5382 6,

1773 5414 1879 5450 nou
1924 5397 2155 5448 multum
2199 5395 2504 5448 ablusimus
2551 5394 2619 5444 ab
2663 5391 2764 5442 hoc
2797 5389 3031 5441 calculo.
3087 5387 3191 5441 Sed
3224 5404 3352 5457 τρο-

1773 5467 1880 5529 mi;
1913 5465 2122 5519 Eudoxi
2157 5479 2222 5518 ex
2261 5464 2540 5518 communi
2569 5470 2622 5515 et
2652 5459 3022 5530 Scaligeriana
3082 5460 3353 5530 sententia

1773 5528 2161 5590 constituimus
2209 5544 2406 5604 quarto
2447 5536 2533 5587 die
2568 5540 2707 5604 post
2757 5528 3084 5604 solstitium,
3137 5528 3208 5604 in_
3243 5541 3354 5604 xxx

1774 5606 2109 5671 Decembris,
2168 5597 2240 5657 ιη’
2277 5620 2344 5658 ex
2397 5597 2683 5674 hypotliesi
2731 5597 3120 5674 et-concessis
3161 5597 3354 5652 abillo

1771 5679 1933 5733 rebus
1966 5668 2365 5744 argumentatio
2398 5668 2585 5726 nostra
2617 5668 2962 5744 procederet.

1843 5748 1953 5817 (36)
2001 5734 2108 5817 Ὧς
2153 5745 2251 5798 καὶ
2288 5734 2764 5817 ΔἸηλοαξοοξθένης.
2815 5737 2992 5808 Hujus
3043 5736 3170 5792 libri
3218 5734 3354 5790 Era-

1775 5811 2044 5874 tosthenis
2077 5814 2326 5870 meminit
2359 5821 2412 5869 et
2445 5811 2656 5866 Tatius.
