3786 6310
456 333 560 390 807

1480 334 1569 387 AD
1608 333 1875 390 EUSEBII
1905 333 2303 391 CHRONICO‘N
2344 332 2704 392 APPENDIX.

3595 333 3678 383 808

530 448 754 504 Veteres
775 449 939 520 igitur
959 449 1191 520 agebant
1212 463 1433 505 menses
1474 450 1545 504 50
1577 449 1829 517 dierum;
1868 468 2007 507 men-

2203 457 2265 509 Οἱ
2297 457 2396 527 μὲν
2423 449 2516 508 οὖν
2563 451 2779 523 ἀρχαῖοι
2831 450 2956 513 τοὺς
2993 449 3166 521 μῆνας
3207 447 3681 520 τριακονθημέρους

459 556 548 596 ses
577 549 758 596 autem
790 542 1139 596 intercalares
1188 549 1410 612 propter
1459 557 1661 596 annum
1709 544 1863 599 solis.
1890 543 2026 598 Cum

459 640 641 687 autem
677 649 771 703 per
800 633 1169 703 apparentiam
1211 634 1396 688 statim
1421 635 1625 690 veritas
1657 635 2030 707 deprehende-

457 733 631 786 retur,
683 741 748 779 eo
804 725 947 795 quod
980 724 1098 778 dies
1138 733 1195 778 et
1222 741 1436 782 menses
1472 742 1579 781 non
1637 729 2030 798 responderent

459 815 635 880 lunae,
672 818 799 870 anni
846 831 978 870 vero
1027 831 1132 870 non
1170 827 1534 886 congruerent
1563 834 1685 874 cum
1737 821 1873 885 sole,
1903 821 2031 875 hinc

457 906 770 976 quau-ebant
793 905 1094 975 periodum,
1123 921 1244 974 qua:
1261 907 1314 958 in
1337 906 1497 962 annis
1517 909 1876 978 responderet
1901 911 2026 976 soli,

457 996 514 1050 in
551 996 832 1050 mensibus
867 1011 993 1050 vero
1015 1002 1069 1048 et
1117 995 1314 1051 diebus
1359 996 1521 1050 lunae.
1554 997 1810 1055 Continet
1846 1009 2028 1054 autem

454 1087 620 1157 hujus
643 1087 849 1158 periodi
885 1095 1100 1159 tempus
1141 1089 1385 1158 integros
1417 1104 1654 1156 menses,
1685 1099 1741 1147 et
1787 1092 2030 1161 integros

452 1180 592 1254 dies,
626 1192 680 1236 ct
723 1184 962 1254 integros
991 1198 1184 1237 annos.
1219 1182 1457 1237 Primam
1507 1193 1690 1239 autem
1723 1187 2027 1239 constitue-

450 1284 577 1328 runt
611 1276 892 1344 periodum
929 1276 1300 1338 octaeteridis,
1340 1291 1463 1346 quae
1521 1276 1766 1332 continet
1813 1291 2029 1330 menses

451 1367 667 1437 quidem
711 1367 800 1431 99,
846 1369 900 1422 in
955 1369 1156 1438 quibus
1209 1368 1568 1424 intercalares
1633 1384 1850 1423 menses
1901 1378 2029 1423 sunt

451 1467 587 1526 tres,
617 1461 733 1516 dies
764 1477 892 1516 vero
912 1461 1076 1524 2922,
1118 1467 1173 1516 et
1210 1477 1384 1516 annos
1430 1469 1577 1516 octo.
1614 1461 2030 1515 Constituerunt

449 1559 627 1606 autem
657 1553 988 1608 octaeterida
1017 1553 1120 1607 hoc
1169 1551 1330 1605 modo
1357 1552 1526 1606 :Cum
1557 1553 1700 1607 enim
1733 1567 1910 1608 annus
1940 1567 2032 1606 so-

448 1643 578 1698 laris
604 1644 674 1697 sit
701 1644 910 1700 dierum
940 1644 1182 1714 5651/4,
1203 1660 1381 1700 annus
1415 1660 1542 1699 vero
1572 1645 1782 1700 lunaris
1815 1645 1885 1699 sit
1914 1642 2030 1699 die-

449 1749 572 1788 rum
602 1736 728 1798 554,
767 1745 1097 1806 acceperunt
1120 1752 1427 1800 excessum,
1461 1751 1569 1807 quo
1605 1736 1819 1792 excedit
1851 1751 2028 1792 annus

2133 547 2294 623 ἦγονο
2323 548 2448 612 τοὺς
2483 546 2540 599 δέ
2570 542 2897 616 ἐμϐολίμους
2939 543 3065 612 παρ’
3098 541 3359 595 ἐνιαυτόν.
3396 540 3604 611 Ταχέως
3636 541 3682 594 6t

2137 639 2242 694 ὑπὸ
2279 637 2374 690 τοῦ
2420 633 2746 706 φαινομένου
2779 631 3143 703 ἐλεγχομένης
3187 631 3284 698 τῆς
3327 630 3576 701 ἀληθείας
3612 631 3683 684 διὰ

2134 732 2194 784 τὸ
2239 729 2338 793 τὰς
2371 728 2583 799 ἡμέρας
2615 725 2709 778 καὶ
2757 725 2885 786 τοὺς
2940 720 3239 792 μῆναςσμὴ
3288 723 3587 791 συμφωνεῖν
3627 724 3681 793 τῇ

2137 825 2355 897 σελήνῃ,
2377 823 2504 885 τοὺς
2529 820 2572 873 δ’
2603 818 2887 881 ἐνιαυτοὺς
2912 816 2986 888 μὴ
3013 817 3244 886 στοιχεῖν
3268 814 3348 885 τῷ
3369 814 3521 885 ἡλίῳ.
3547 815 3681 866 Ὅθεν

2135 916 2357 987 ἐζήτουν
2388 915 2432 946 ³⁸⁵
2473 912 2742 983 περίοδον,
2785 911 2904 981 ἥτις
2948 906 3090 962 κατὰ
3133 907 3233 978 μὲν
3265 908 3391 970 τοὺς
3435 908 3681 969 ἐνιαυτοὺς

2134 1005 2211 1076 τῷ
2237 1005 2372 1076 ἡλίῳ
2416 1002 2792 1074 συμφωνήσει,
2839 998 2982 1052 κατὰ
3015 999 3072 1051 δέ
3105 999 3232 1060 τοὺς
3269 996 3445 1067 μῆνας
3491 995 3680 1058 καὶτὰς

2132 1095 2346 1166 ἡμέρας
2372 1096 2438 1164 τῇ
2467 1092 2683 1165 σελήνῃ.
2715 1092 2964 1163 Περιέχει
2987 1089 3042 1143 δέ
3072 1092 3101 1143 6
3123 1089 3223 1160 τῆς
3248 1088 3495 1159 περιόδου
3520 1089 3681 1159 χρόνος

2134 1183 2289 1246 ὅλους
2322 1183 2522 1253 μῆνας,
2556 1182 2648 1234 καὶ
2679 1181 2804 1244 ὅλας
2837 1181 3071 1252 ἡμέρας,
3103 1181 3196 1234 καὶ
3226 1179 3380 1242 ὅλους
3410 1178 3679 1240 ἐνιαυτούς.

2135 1273 2356 1346 Πρῶτον
2389 1274 2446 1326 δὲ
2486 1275 2878 1344 συνεστήσαντο
2903 1275 3002 1344 τὴν
3033 1274 3280 1345 περίοδον
3319 1272 3417 1343 τῆς
3454 1272 3684 1340 ὀκταετη-

2137 1364 2298 1434 ρίδος,
2333 1364 2455 1434 ἥτις
2483 1366 2734 1436 ,περιέχει
2769 1368 2866 1437 μὲν
2899 1366 3077 1436 μῆνας
3105 1363 3208 1432 LLB',
3234 1367 3292 1417 ἐν
3317 1359 3400 1427 οἷς
3428 1363 3683 1434 ἐμὸόλιμοι

2134 1462 2202 1524 γ’,
2232 1457 2445 1528 ἡμέρας
2491 1457 2549 1510 δὲ
2590 1457 2760 1529 βλκβ’,
2789 1458 2883 1530 ἐτη
2911 1459 2969 1512 δέ
2997 1465 3066 1530 η’.
3095 1458 3500 1529 Συνεστήσαντο
3527 1456 3580 1510 δέ
3603 1457 3683 1525 τὴν

2133 1548 2487 1619 ὀκταετηρίδα
2517 1550 2608 1602 τὸν
2660 1550 2858 1622 τρόπον
2911 1550 3119 1602 τοῦτον·
3166 1549 3321 1602 Ἐπεὶ
3367 1547 3475 1618 γὰρ
3515 1549 3543 1600 6
3583 1547 3684 1599 καθ’

2133 1639 2281 1710 ἥλιον
2310 1642 2555 1704 ἐνιαυτὸς
2582 1641 2802 1714 ἡμερῶν
2828 1643 2943 1694 ἐστι
2965 1639 3093 1707 τξέ,
3113 1640 3261 1712 01/8.
3283 1643 3312 1693 6
3326 1640 3380 1693 δέ
3400 1639 3535 1693 κατὰ
3552 1638 3685 1708 σελὴ-

2129 1747 2229 1802 νην
2263 1731 2503 1794 ἐνιαυτός
2533 1734 2679 1784 ἐστιν
2715 1733 2937 1804 ἡμερῶν
2961 1731 3090 1797 τνδ’,
3122 1731 3312 1785 ἔλαϐον
3351 1730 3449 1800 τὴν
3476 1728 3683 1799 ὑπερθοο

451 1827 650 1883 solaris
673 1843 873 1881 annum
903 1829 1174 1884 lunarem.
1195 1827 1466 1884 Excessus
1492 1838 1668 1884 autem
1704 1828 1794 1882 hic
1813 1837 1896 1883 est
1919 1827 2007 1882 die

2127 1819 2225 1892 λὴν
2259 1821 2324 1891 ἢν
2359 1821 2614 1894 ὑπερέχει
2643 1824 2671 1875 ὁ
2699 1822 2821 1876 καθ’
2848 1822 2997 1894 ἥλιον
3042 1821 3286 1885 ἐνιαυτὸς
3325 1821 3421 1873 τοῦ
3451 1819 3581 1872 κατὰ
3612 1836 3683 1871 σε·

451 1939 573 1978 rum
623 1925 680 1979 tl
719 1923 944 1996 l/LSi
994 1925 1157 1995 igitur
1221 1925 1521 1979 secundum
1562 1924 1747 1978 lunam
1804 1937 2030 1992 agamus

449 2031 690 2079 menses,
721 2017 776 2070 in
826 2031 969 2070 anno
1012 2016 1328 2072 deticiemns
1372 2017 1442 2070 ab
1489 2031 1634 2070 anno
1661 2015 1792 2072 solis
1839 2015 2030 2072 diebus

450 2103 510 2159 il
542 2105 666 2176 ιχι.
700 2105 1073 2171 Quaesirerunt
1100 2107 1280 2177 igitur,
1303 2107 1518 2177 quoties
1543 2107 1596 2162 lii
1629 2107 1747 2161 dies
1772 2106 2033 2177 multipli-

447 2196 804 2252 catiel‘ticiant
828 2199 1068 2265 integros
1097 2199 1216 2254 dies
1237 2207 1290 2253 et
1320 2199 1561 2266 integros
1594 2214 1832 2254 menses.
1851 2199 2031 2284 Oc’ties

445 2302 577 2357 ergo
603 2289 936 2359 multiplicati
964 2291 1201 2346 ellicinnt
1245 2292 1486 2362 integros
1527 2290 1644 2346 dies
1679 2299 1732 2346 et
1785 2291 2031 2360 integros

446 2393 662 2434 menses
678 2399 692 2442 ;
711 2382 826 2436 dies
837 2381 1054 2451 quidem
1073 2382 1162 2444 90,
1181 2398 1397 2438 menses
1414 2398 1539 2438 vere
1557 2390 1688 2437 tres.
1710 2380 1764 2436 Si
1788 2382 1952 2452 igitur
1973 2382 2027 2436 in

445 2470 752 2538 annojuxta
766 2475 933 2527 soletn
951 2474 1233 2530 delicimus
1250 2475 1442 2531 diebus
1463 2476 1517 2529 ll
1541 2475 1660 2546 1/6,
1679 2474 2025 2529 manifestum

442 2570 528 2617 est
547 2564 690 2633 quod
711 2565 762 2618 in
781 2575 906 2621 octo
927 2568 1085 2622 annis
1107 2569 1421 2626 deficiemus
1446 2569 1601 2638 juxta
1633 2561 1800 2623 selem
1831 2567 2023 2621 diebus

443 2652 534 2720 90,
555 2656 644 2726 qui
668 2665 796 2712 sunt
825 2675 1041 2716 menses
1068 2669 1197 2718 tres.
1231 2663 1403 2729 Quam
1421 2663 1490 2718 ob
1509 2677 1728 2718 causam
1752 2661 1806 2714 in
1831 2659 2022 2730 quavis

443 2747 770 2803 octaeteride
803 2757 914 2805 tres
935 2762 1170 2822 aguntur
1198 2769 1416 2810 menses
1444 2753 1818 2814 intercalares,
1854 2750 2024 2806 utde-

444 2833 620 2892 l'ectus
657 2839 748 2909 qui
792 2841 847 2894 lit
882 2842 1112 2914 singulis
1168 2843 1326 2899 annis
1355 2858 1385 2896 a
1429 2843 1574 2907 sole,
1626 2843 1933 2912 repleatur,
1966 2846 2021 2894 et

444 2939 637 2983 rursus
673 2945 703 2982 a
729 2932 988 3003 principio
1013 2975 1028 2998 ,
1071 2950 1195 2989 cum
1240 2943 1368 2991 octo
1421 2936 1548 2990 anni
1578 2933 1781 2989 fuerint
1823 2931 2019 3002 elapsi,

446 3014 586 3072 festa
620 3033 926 3092 congruant
959 3027 1026 3081 ad
1067 3027 1285 3082 easdem
1323 3027 1449 3081 anni
1489 3033 1858 3097 tempestates.
1905 3022 2020 3076 Hoc.

443 3111 590 3164 enim
622 3129 744 3168 cum
771 3117 846 3180 lit,
871 3119 1140 3173 sacriﬁcia
1169 3120 1276 3175 diis
1311 3135 1537 3190 semper
1555 3119 1910 3190 perlicientur
1958 3115 2015 3170 in

443 3204 635 3264 iisdem
665 3213 792 3267 anni
822 3215 1257 3285 tempestatibus.

522 3470 632 3536 33m
665 3493 794 3534 vero
818 3493 941 3533 cum
960 3495 1176 3535 menses
1208 3479 1580 3545 intercalares,
1607 3489 1870 3551 quantum
1898 3479 2012 3534 ﬁeri
2047 3481 2092 3544 Β

440 3577 678 3645 poterat,
713 3586 780 3624 ex
811 3587 967 3641 aequo
1013 3573 1348 3626 collocarent
1394 3573 1591 3643 (neque
1637 3573 1780 3626 enim
1825 3586 2020 3642 exspe-

443 3661 702 3717 ctandum
755 3670 894 3724 erat,
949 3662 1124 3718 donec
1165 3675 1445 3719 menstrua
1492 3666 1642 3720 ﬁeret
1687 3665 1918 3719 variatio
1953 3664 2020 3719 ad

443 3756 837 3825 apparentiam,
883 3771 1060 3824 neque
1085 3755 1242 3825 juxta
1273 3758 1508 3812 solarem
1554 3773 1774 3813 cursum
1808 3758 2017 3828 integer

444 3846 653 3900 mensis
673 3853 791 3899 erat
814 3849 1280 3920 antevertendus),
1317 3849 1388 3904 ob
1415 3865 1534 3905 eam
1581 3865 1802 3905 causam
1846 3851 2020 3905 inter-

443 3939 657 3992 calares
711 3953 926 3992 menses
953 3939 1359 3994 constituerunt
1413 3943 1498 4012 agi
1547 3941 1602 3995 in
1645 3942 1806 3996 tertio
1840 3957 2016 4006 anno,

442 4037 500 4085 et
529 4031 744 4101 quinto,
766 4041 821 4086 et
854 4039 1078 4097 octavo;
1125 4031 1264 4087 duos
1314 4033 1531 4102 quidem
1563 4049 1800 4101 menses,
1849 4035 2020 4090 inter-

439 4120 603 4191 iectis
633 4121 849 4176 duobus
878 4121 1036 4174 annis
1055 4137 1070 4172 ε
1091 4136 1257 4174 unum
1295 4137 1423 4176 vero
1453 4137 1720 4186 mensem,
1747 4137 1855 4177 uno
1881 4123 2014 4176 dun-

441 4223 593 4270 taxat
625 4232 770 4271 anno
796 4217 1140 4285 interposito.
1167 4213 1310 4269 Nihil
1354 4225 1535 4271 autem
1580 4215 1765 4281 refert,
1800 4215 2014 4272 etiamsi

442 4307 653 4382 in‘aliis
683 4309 842 4363 annis
867 4308 1113 4364 eamdem
1156 4307 1570 4378 dispositionem
1603 4307 2014 4363 intercalarinm

440 4401 708 4458 mensium
741 4400 940 4470 aliquis
968 4399 1190 4455 laceret.
1233 4400 1427 4468 Agitur
1460 4408 1639 4455 autem
1674 4399 1885 4454 lunaris
1917 4414 2018 4452 an-

443 4507 545 4549 nus
573 4493 783 4549 dierum
826 4493 930 4548 554
951 4513 964 4548 :
984 4509 1144 4564 quam
1162 4493 1230 4549 ob
1257 4509 1477 4550 causam
1506 4501 1838 4565 putaverunt
1866 4509 2019 4547 men-

545 4607 589 4640 “
619 4607 661 4675 Ῑ.
691 4606 938 4661 ἐντεῦθεν

510 4697 620 4770 (37)
659 4699 737 4752 Δι’
770 4696 850 4766 ἢν
873 4699 1088 4751 αἰτίαν.
1115 4696 1640 4770 Animadrertendns
1675 4696 1764 4770 hic
1794 4705 1877 4752 est
1901 4711 2016 4750 em-

435 4767 764 4824 boliniornm
820 4770 1090 4824 mensium
1148 4769 1287 4823 situs
1348 4769 1402 4820 in
1459 4768 1818 4827 octaeteride.
1867 4783 2007 4837 quos

439 4852 583 4893 anno
608 4842 788 4900 tertio,
816 4839 1030 4907 quinto,
1065 4847 1118 4894 et
1155 4846 1351 4893 octavo
1380 4839 1730 4892 intercalatos
1755 4853 1879 4892 esse
1903 4839 2002 4892 do-

436 4919 542 4980 cet.
566 4907 724 4963 Falso
755 4924 882 4980 ergo
927 4907 1254 4971 Macrobius,
1285 4916 1338 4964 ct
1365 4915 1489 4962 ante
1523 4907 1668 4962 hunc
1697 4907 1918 4964 Solinus
1946 4909 2002 4965 in

436 4979 544 5034 fine
564 4979 911 5034 octaeteridis
939 4989 1051 5034 tres
1090 4982 1294 5035 solidos
1327 4993 1542 5034 menses
1571 4986 1725 5032 extra
1753 4980 2000 5034 ordinem

438 5049 738 5104 incnlcatos
775 5065 803 5101 a
835 5049 1039 5105 Grtecis
1070 5061 1362 5106 asserunt:
1402 5050 1474 5103 ita
1515 5061 1573 5102 ut
1617 5066 1791 5104 nonus
1825 5065 2002 5106 annus

436 5119 851 5189 quadringentis
879 5129 933 5174 et
966 5131 1200 5190 quatuor
1242 5122 1434 5174 diebus
1477 5119 1864 5189 explicaretur,
1897 5121 2001 5176 hoc

437 5197 523 5246 est
551 5190 843 5260 nonaginta
871 5191 937 5244 ad
977 5191 1282 5260 ordinarios
1303 5205 1491 5244 cccuv
1517 5191 1804 5258 adjunctus
1840 5205 2002 5260 cape.

436 5267 538 5314 ret.
575 5258 854 5329 Nnmiuam
891 5262 962 5315 ita
1001 5259 1171 5314 Graeci
1213 5277 1412 5315 annum
1447 5276 1604 5315 suum
1655 5258 1998 5316 ordinarunt.

437 5329 623 5396 Itaque
651 5331 1015 5402 παράκουσμα
1044 5331 1188 5385 istud
1221 5339 1304 5402 est
1350 5330 1558 5402 Solini;
1604 5347 1763 5401 quem
1799 5342 2002 5389 temere

436 5400 741 5470 assectatus
777 5409 862 5455 est
900 5400 1226 5470 Macrobius.
1269 5401 1406 5456 Cum
1449 5401 1594 5455 enim
1625 5400 1844 5470 legisset
1886 5402 1996 5466 ille,

437 5468 493 5524 in
549 5471 878 5525 octaeteride
933 5469 1118 5524 Graeca
1181 5486 1396 5526 menses
1462 5485 1585 5526 esse
1644 5468 1998 5528 intercalares

436 5545 580 5602 tres,
614 5543 729 5595 sive
781 5542 876 5602 ita,
927 5549 1170 5596 vertente
1219 5540 1548 5595 octaeteride
1577 5541 1802 5596 totidem
1845 5550 1997 5597 extra

434 5609 680 5681 ordinem
715 5611 1010 5680 iniputatos
1039 5627 1159 5666 esse
1205 5625 1419 5666 menses
1450 5611 1796 5681 ἐμϐολίμους,
1831 5622 1994 5681 puta-

434 5679 512 5753 !jt
539 5678 834 5753 ἀθρόωςρί
876 5682 931 5735 in
981 5681 1230 5753 eunidem
1265 5678 1494 5734 annunr
1523 5678 1655 5753 esse
1681 5678 1992 5753 congestos.

434 5742 774 5818 Verunigui
817 5752 894 5805 ita
939 5749 1270 5818 scribebant,
1328 5766 1436 5806 non
1484 5752 1670 5824 utique
1719 5742 1902 5821 simul,
1939 5759 1996 5811 et

2133 1911 2320 1984 λήνην.
2336 1913 2456 1966 Εἰσὶ
2488 1913 2544 1966 δέ
2569 1914 2773 1985 ἡμέραι
2797 1920 2862 1967 ια’
2879 1914 3028 1984 α’[δ’.
3047 1913 3172 1966 Ἐὰν
3195 1911 3305 1984 ἄρα
3319 1911 3458 1978 κατὰ
3483 1911 3683 1981 σελήνην

2132 2002 2354 2074 ἄγωμεν
2406 2004 2532 2067 τοὺς
2582 2003 2758 2075 μῆνας
2807 2005 2864 2056 ἐν
2911 2002 2991 2074 τῷ
3043 2002 3298 2073 ἐνιαυτῷ,
3345 2003 3684 2074 ὑστερήσομεν

2130 2095 2345 2168 ἡμέρας
2371 2097 2521 2168 παρὰ
2548 2097 2638 2150 τὸν
2663 2097 2756 2150 τοῦ
2794 2097 2944 2168 ἡλίου
2972 2097 3216 2151 ἐνιαυτὸν
3240 2096 3434 2158 ιαάἸδ
3451 2135 3470 2152 .
3487 2094 3684 2164 Ἑζήτη·

2134 2203 2231 2240 σαν
2252 2183 2344 2240 οὖν
2383 2187 2614 2251 ποσάκις
2641 2189 2802 2241 αὐταὶ
2839 2190 2895 2242 αί
2922 2188 3126 2260 ήμέραι
3153 2187 3683 2242 πολυπλασιασθεῖσαι

2129 2279 2484 2334 ἀποτελοῦσιν
2515 2281 2642 2344 ὅλας
2669 2281 2883 2354 ἡμέρας
2911 2284 3004 2335 καὶ
3027 2281 3182 2345 ὅλους
3220 2282 3414 2352 μῆνας.
3457 2279 3684 2341 Ὀκτάκις

2128 2368 2222 2427 οὖν
2243 2373 2792 2427 πολυπλασιασθεῖσαι
2823 2371 3176 2426 ἀποτελοῦσιν
3215 2371 3343 2436 ὅλας
3367 2371 3574 2442 ἡμέρας
3607 2370 3686 2421 καὶ

2129 2463 2284 2528 ὅλους
2321 2463 2522 2534 μῆνας’
2554 2463 2765 2535 ἡμέρας
2813 2466 2910 2535 μέν
2938 2461 3008 2530 ιζ,
3043 2464 3220 2535 μῆνας
3263 2464 3322 2516 δὲ
3351 2465 3518 2532 τρεῖς.
3552 2461 3697 2513 ἘπεὶΔ

2127 2551 2220 2608 οὖν
2251 2558 2307 2608 ἐν
2343 2555 2422 2626 τῷ
2448 2556 2676 2626 ἐνιαυτῷ
2709 2556 2859 2627 παρὰ
2899 2557 2988 2609 τὸν
3015 2556 3165 2628 ἥλιον
3202 2555 3537 2628 ὑστεροῦμεν
3565 2553 3685 2624 ήμέ-

2130 2665 2230 2720 ρας
2253 2647 2319 2703 ια’
2335 2649 2458 2721 d/S'
2468 2691 2482 2714 ,
2499 2651 2749 2722 φανερὸν,
2768 2652 2848 2704 ὅτι
2878 2652 2936 2705 ἐν
2952 2653 3062 2714 τοῖς
3077 2657 3126 2719 η’
3142 2649 3318 2703 ἔτεσιν
3339 2649 3684 2720 ὐστερήσομεν

2127 2740 2284 2812 παρᾶ
2303 2740 2394 2794 τὸν
2415 2741 2566 2812 ἥλιον
2586 2743 2800 2814 ἡμέρας
2820 2747 2890 2810 ιζ,
2929 2743 3091 2813 αἴπερ
3119 2744 3224 2796 είσ¹ι
3251 2743 3420 2813 μῆνες
3445 2740 3511 2810 γ’.
3536 2740 3606 2791 Δι’
3628 2739 3685 2806 ἦν

2126 2836 2304 2888 αἰτίαν
2343 2835 2462 2888 καθ’
2505 2837 2741 2908 ἑκάστην
2774 2837 3128 2907 όκταετηρίδα
3159 2839 3310 2908 τρεῖς
3355 2837 3569 2904 ἄγονται
3598 2831 3687 2901 μῆ-

2124 2943 2214 2989 νες
2247 2925 2549 2999 ἐμϐόλιμοι,
2583 2929 2670 2982 ἵνα
2701 2930 2762 2982 τὸ
2790 2929 2911 2983 καθ’
2948 2929 3178 2983 ἕκαστον
3213 2928 3461 2983 ἐνιαυτὸν
3487 2921 3686 2997 γινόμεο

2125 3035 2213 3070 νον
2247 3017 2511 3090 ἔλλειμμα
2541 3021 2676 3093 πρὸς
2705 3022 2796 3075 τὸν
2822 3023 2972 3094 ἡλιον
3002 3023 3394 3094 ἀναπληρωθῇ,
3423 3023 3514 3074 καὶ
3541 3017 3686 3071 πάλιν

2125 3110 2182 3176 ἐξ
2217 3111 2411 3181 ἀρχῆς,
2447 3111 2762 3168 διελθόντων
2805 3115 2914 3170 τῶν
2954 3123 3000 3188 η’
3048 3115 3206 3181 ἐτῶν,
3258 3112 3611 3186 συμφωνῶσιν
3638 3111 3687 3162 at

2041 3221 2070 3243 ν
2117 3206 2301 3276 ἑορταὶ
2345 3206 2481 3278 πρὸς
2525 3209 2624 3273 τὰς
2657 3209 2826 3274 αὐτὰς
2859 3211 3027 3282 ὧρας.
3075 3211 3364 3282 Γινομένου
3401 3211 3457 3264 δὲ
3493 3209 3688 3270 τούτου,

2123 3297 2177 3348 αἱ
2198 3295 2375 3350 Θυσίαι
2399 3301 2508 3364 τοῖς
2536 3300 2676 3365 θεοῖς
2699 3301 2786 3355 διὰ
2808 3304 3006 3366 παντὸς
3045 3303 3541 3376 ἐπιτελεσθήσονται
3561 3301 3689 3355 κατὰ

2124 3390 2222 3455 τὰς
2246 3394 2414 3459 αὐτὰς
2443 3394 2588 3467 ὧρας
2609 3397 2702 3450 τοῦ
2731 3398 2997 3452 ἐνιαυτοῦ.

2197 3486 2332 3558 Ἤδη
2396 3487 2645 3558 μέντοιγε
2687 3491 2814 3554 τοὺς
2859 3489 3190 3562 ἐμϐολίμους
3233 3489 3579 3556 διατάξαντες
3617 3487 3689 3550 ὡς

2121 3573 2188 3650 ἧν
2223 3579 2570 3651 ἐνδεχόμενον
2609 3582 2841 3652 μάλιστα
2878 3584 2944 3638 δι’
2978 3583 3091 3636 ἴσου
3117 3600 3131 3614 υ
3168 3582 3293 3636 οὔτε
3338 3583 3448 3655 γὰρ
3484 3580 3688 3653 περιμέ-

2121 3682 2233 3718 νειν
2262 3665 2360 3729 δεῖ,
2394 3667 2499 3730 ἕως
2534 3663 2595 3722 οῦ
2629 3672 2874 3739 μηνιαῖον
2907 3671 3128 3742 γένηται
3167 3671 3536 3743 παράλλαγμα
3564 3669 3688 3739 πρὸς

2120 3759 2182 3812 τὸ
2210 3760 2551 3830 φαινόμενον,
2582 3759 2704 3814 οὔτε
2738 3761 3142 3834 προλαμϐάνειν
3174 3762 3326 3835 παρὰ
3363 3764 3455 3816 τὸν
3479 3760 3687 3832 ἡλιακὸν

2120 3851 2320 3923 δρόμον
2368 3853 2511 3923 μῆνα
2551 3852 2709 3905 ὅλον’
2759 3853 2826 3906 δι’
2868 3855 2936 3924 ἡν
2978 3855 3157 3909 αἰτίαν
3203 3857 3331 3918 τοὺς
3377 3853 3688 3926 ἐμϐολίμους

2125 3943 2300 4015 μῆνας
2327 3943 2518 4008 ἔταξαν
2540 3946 2768 4014 ἄγεσθαι
2797 3950 2852 3999 ἐν
2872 3946 2948 4018 τῷ
2969 3947 3135 4019 τρίτῳ
3161 3948 3292 4008 ἔτει.
3320 3948 3415 4002 καὶ
3447 3948 3685 4016 πέμπτῳ,

2123 4036 2217 4088 καὶ¹
2240 4036 2409 4107 ὀγδόῳ
2431 4054 2444 4067 ·
2474 4036 2568 4090 δῶο
2599 4039 2697 4108 μὲν
2739 4039 2914 4108 μῆνας
2945 4039 3144 4110 μεταξὺ
3184 4038 3278 4092 δύο
3314 4038 3454 4091 ἐτῶν
3477 4035 3685 4091 πιπτόν-

2120 4144 2247 4192 των,
2280 4129 2375 4181 ἒνα
2401 4129 2458 4182 δὲ
2492 4129 2695 4200 μεταξὺ
2720 4132 2837 4194 ἐνὸς
2859 4131 3104 4186 ἐνιαυτοῦ
3131 4131 3425 4203 ἀγομένου.
3450 4129 3607 4185 Οὐδὲν
3635 4128 3684 4180 δέ

2121 4219 2387 4291 διαφέρει,
2418 4220 2510 4273 ἐὰν
2548 4225 2642 4276 καὶ
2682 4224 2739 4277 ἐν
2784 4224 2966 4289 ἄλλοις
3003 4225 3149 4278 ἔτεσι
3185 4223 3284 4296 τὴν
3319 4223 3486 4295 αὐτὴν
3513 4222 3684 4276 διάτα-

2123 4307 2202 4372 ξιν
2225 4309 2332 4361 τῶν
2367 4310 2679 4381 ἐμὸολίμων
2715 4313 2900 4385 μηνῶν
2934 4313 3226 4387 ποιήσηταί
3260 4331 3365 4378 τις.
3394 4315 3613 4383 ’Δγεται
3635 4311 3684 4364 ἃ

2119 4404 2148 4456 6
2180 4403 2323 4456 κατὰ
2375 4405 2605 4477 σελήνην
2657 4408 2902 4471 ἐνιαυτὸς
2947 4408 3168 4480 ἡμερῶν
3210 4408 3314 4462 τνδ¹
3341 4425 3356 4438 ·
3408 4408 3477 4462 δι’
3510 4409 3576 4478 ἣν
3615 4408 3686 4457 al-

2119 4494 2237 4548 τίαν
2271 4494 2383 4566 (57)
2418 4497 2686 4561 ὑπέλαϐον
2733 4495 2872 4554 εἶναι
2920 4500 3014 4553 τὸν
3071 4497 3213 4552 κατὰ
3267 4498 3498 4568 σελήνην
3553 4497 3684 4568 μῆνα

2119 4697 2309 4773 eodem
2335 4698 2388 4752 in
2420 4714 2563 4755 anno
2588 4744 2602 4762 .
2638 4701 2731 4757 sed
2763 4701 3024 4773 paulatim
3056 4699 3405 4773 dispensatos
3426 4710 3548 4773 esse
3569 4695 3684 4773 τοὺς

2119 4767 2450 4850 ἐμϐολίμους
2497 4765 2814 4827 asserebant
2846 4791 2875 4850 ;_
2915 4765 3376 4850 quemadmodum
3433 4765 3683 4850 Geminus

2038 4826 2090 4888 υ
2112 4826 2329 4910 egregie
2371 4826 2751 4915 demonstrat;
2785 4826 2877 4915 qui
2928 4826 3147 4913 quidem
3185 4843 3426 4915 scriptor
3447 4847 3677 4915 propter

2111 4907 2222 4986 non
2249 4907 2817 4986 Vretustatemmodo,
2858 4907 3162 4986 sed-Ausum
3215 4907 3680 4986 etiatnjoctrinae

2113 4981 2394 5105 hujusqlaft:
2422 4985 2727 5049 scientiam,
2757 4976 3032 5041 sexcentis
3063 4982 3271 5038 Solinis
3304 4994 3373 5033 ac
3402 4976 3682 5033 Macrobiis

2113 5061 2304 5105 antece
2351 5071 2362 5105 Ι
2396 5092 2410 5105 .

2111 5053 2410 5107 antecellit.

2180 5121 2367 5177 Credit
2402 5119 2718 5192 Solinianns
2763 5126 3166 5192 commentator
3188 5119 3508 5192 tSalmas.._
3545 5117 3677 5172 Plin.

2109 5196 2325 5247 exercit.
2376 5208 2431 5263 p.
2474 5191 2539 5246 l9
2585 5191 2627 5244 Β
2655 5199 2710 5246 ct
2740 5191 2804 5259 (Ξ)
2851 5191 2906 5244 in
2935 5189 3311 5263 descriptione
3345 5189 3670 5263 illaGraeca-

2110 5263 2248 5317 nica:
2288 5260 2718 5324 intércalationis
2753 5277 2861 5316 non
2892 5263 3185 5317 convenire
3217 5260 3557 5316 Macrobium
3604 5260 3677 5312 in.

2109 5339 2190 5388 ter
2220 5340 2274 5388 et
2303 5333 2551 5388 Solinum
2579 5353 2591 5389 :
2625 5334 2768 5403 quod
2815 5331 3037 5388 Solinus
3077 5347 3222 5385 anno
3260 5347 3425 5403 nono,
3451 5333 3677 5403 interca-

2106 5403 2250 5458 latos
2335 5419 2457 5459 esse
2495 5473 2501 5474 γ
2537 5400 2818 5474 scripserit
2885 5418 3100 5474 menses
3158 5410 3323 5474 tres.
3369 5402 3501 5474 sive
3567 5400 3676 5474 dies

2106 5475 2398 5544 nonaginta
2428 5492 2440 5526 :
2473 5473 2577 5541 Qui
2619 5469 2759 5528 anno
2794 5490 2930 5528 nono
2972 5473 3203 5527 restituti
3247 5471 3538 5544 eﬁiciebant
3569 5469 3676 5544 dies

2104 5542 2514 5614 quadringentos
2567 5545 2925 5615 quadraginta
2967 5553 3218 5614 quatuor,
3264 5551 3326 5615 _at
3385 5542 3679 5615 Macrobius

2105 5610 2284 5687 octavo
2324 5610 2525 5686 quoque
2554 5610 2692 5687 (iuno
2721 5610 2793 5670 id'
2816 5610 3125 5687 dicat'gsse
3155 5613 3483 5687 perfectum.
3527 5610 3679 5687 Nulla

2105 5683 2248 5739 inter
2289 5683 2384 5740 eus
2430 5683 2742 5754 discordia;
2789 5701 2964 5754 neque
2999 5683 3222 5739 Solinus
3253 5684 3524 5754 principio
3553 5683 3677 5732 anni

2103 5756 2234 5811 noni
2293 5753 2676 5813 intercalatum
2735 5752 2892 5814 esse‘
2920 5755 3112 5825 docet,
3187 5752 3311 5809 cuin
3375 5752 3450 5808 id
3486 5759 3677 5806 octavo
