3786 6316
140 295 233 352 815

1129 295 1365 353 GEMINI
1403 295 1777 354 ELEMENTA
1814 292 2303 375 ASTRONOHIE.

3224 297 3332 359 814

134 405 420 472 πλεονάζειν
475 405 603 469 τοὺς
654 405 880 481 πλήρεις
924 410 1034 464 τῶν
1067 412 1259 469 κοίλων
1302 416 1505 488 μηνιῖιν.
1536 418 1666 472 Οὐδὲ

1779 415 1952 483 Quam
1997 417 2069 471 ob
2135 430 2357 472 causam
2410 422 2627 486 oportet
2675 417 2868 489 plenos
2891 433 3111 477 menses
3144 420 3329 491 plures

136 502 226 572 μὴν
252 501 305 553 ἓν
351 502 464 563 τοῖς
485 512 535 573 η’
584 501 727 556 ἔτεσι
750 505 897 575 τρεῖς
927 500 1021 559 οὖν
1058 504 1221 559 ἔνεισι
1250 509 1415 579 μῆνες
1455 510 1671 581 spem-

136 611 226 663 μοι.
252 594 311 647 ει
337 594 438 665 μὲν
479 595 587 668 γὰρ
627 592 697 667 ἦν
727 598 756 650 ὀ
780 600 1022 663 ἐνιαυτὸς
1049 599 1077 652 ὁ
1106 602 1245 655 κατὰ
1280 602 1505 676 σελήνην
1534 607 1672 675 ἡμε-

134 687 226 756 ρῶν
264 687 385 751 τνδ’,
411 682 480 758 ἦν
527 688 594 742 ἂν
640 681 685 760 ’ἠ
737 690 976 763 ὑπεροχὴ
1019 693 1113 747 τοῦ
1162 693 1388 765 ἡλιακοῦ
1422 696 1668 750 ἐνιαυτοῦ

132 776 325 846 iusva
354 775 422 830 ta.’
453 778 573 849 αλδ.
605 772 772 832 Αὗται
802 780 860 833 δὲ
878 781 1101 846 ὀκτάκις
1121 782 1668 838 πλυπλασιασοείσαι

133 867 475 940 συνεπλήρουν
528 870 596 924 ἂν
636 872 762 935 τοὺς
815 878 863 940 γ’
897 873 1071 944 μῆνας
1128 875 1253 939 τοὺς
1301 876 1630 947 ἐμϐολίμους
1650 894 1664 907 ’

130 958 230 1011 νυνὶ
264 959 318 1012 δὲ
356 960 386 1011 ὁ
432 961 573 1016 κατὰ
610 963 836 1034 σελήνην
876 965 1117 1031 ἐνιαυτὸς
1145 966 1387 1039 ἀκριϐῶς
1412 969 1527 1022 ἐστι
1563 969 1668 1022 τνδ¹

128 1047 194 1111 ὡς
218 1048 434 1119 ἔγγιστα
483 1053 689 1122 τρίτου.
731 1055 859 1107 Ἐὰν
889 1051 982 1109 οὖν
1012 1057 1302 1129 ἀφέλωμεν
1331 1058 1398 1112 τὰ
1422 1059 1524 1112 τνδ¹
1560 1061 1668 1130 αίγ

127 1141 218 1194 ἀπὸ
235 1142 335 1195 τῶν
357 1141 465 1208 τξε’
482 1145 607 1215 αλδ,
630 1145 1147 1219 καταλειφθήσονται
1170 1149 1374 1222 ἡμέραι
1401 1158 1452 1215 ι’,
1481 1158 1547 1206 ια’
1566 1154 1669 1205 δω-

123 1229 353 1295 δικὰδες·
397 1225 560 1286 αὗται
608 1235 665 1287 δὲ
709 1237 1257 1293 όκταπλασιασθεῖσαι
1314 1241 1668 1295 ἀποτελοῦσιν

126 1320 313 1393 ἡμέρας
330 1325 417 1389 at:
442 1326 551 1396 a/y
575 1327 651 1391 ὡς
670 1327 912 1398 ἔγγιστα.
937 1327 1105 1386 Δῦται
1131 1332 1186 1385 δὲ
1208 1334 1407 1406 ἡμέραι
1434 1337 1493 1388 οὐ
1526 1353 1636 1409 συμ
1652 1366 1667 1378 ο

127 1410 365 1482 πληροῦσι
411 1421 461 1483 γ’
499 1416 696 1486 μῆνας.
743 1418 823 1471 Δι’
869 1420 936 1490 ἢν
964 1422 1140 1476 αἰτίαν
1165 1423 1225 1476 οὐ
1260 1423 1342 1477 δεῖ
1371 1425 1585 1494 ἀγνοεῖν
1609 1428 1667 1479 ὲν

123 1505 218 1565 τοῖς
238 1511 284 1575 η’
307 1506 451 1560 ἔτεσι
476 1506 527 1574 γ’
559 1508 731 1578 μῆνας
766 1509 1090 1582 ἐμϐολίμους
1124 1513 1196 1585 μὴ
1225 1513 1483 1569 amcos:
1506 1512 1663 1571 εἶναι.

126 1592 273 1646 Τοῦτο
302 1594 358 1649 δὲ
400 1597 494 1649 καὶ
537 1597 625 1651 διὰ
655 1598 756 1668 τῆς
773 1601 1415 1674 Ιέννεακαιδεκαετηρίδος
1437 1606 1668 1677 φανερὸν

124 1683 329 1750 γίνεται.
390 1687 479 1739 Ἐν
530 1688 637 1760 γὰρ
675 1692 786 1753 τοῖς
824 1689 889 1743 ιϐ’
937 1692 1081 1746 ἔτεσι
1119 1692 1163 1756 ζ’
1189 1694 1357 1764 μῆνες
1382 1695 1664 1766 ἐμϐόλιμοι

1769 520 1890 560 esse
1917 505 2067 559 cavis
2114 506 2416 562 mensibus.
2468 504 2654 577 Neque
2713 524 2847 565 vero
2901 510 2958 564 in
2990 517 3117 566 octo
3170 516 3330 571 annis

1769 603 1882 651 tres
1902 596 2012 665 jam
2046 596 2233 651 insunt
2253 612 2470 652 menses
2498 596 2871 655 intercalares.
2908 599 2963 656 Si
2984 602 3127 658 enim
3152 617 3329 660 annus

1768 687 1979 742 lunaris
2008 695 2153 743 esset
2204 688 2419 742 dierum
2466 689 2592 754 554,
2641 691 2839 747 solaris
2870 708 3060 757 pannus
3098 691 3329 749 haberet

1768 793 2048 833 excessum
2066 779 2274 833 dierum
2294 780 2354 833 11
2398 779 2515 850 i/i.
2537 781 2602 834 Hi
2620 784 2789 837 octies
2821 785 3164 855 multiplicati
3187 801 3333 841 com-

1768 871 1981 939 plerent
2010 878 2121 925 tres
2148 885 2364 926 menses
2403 871 2783 928 intercalares.
2834 872 2991 930 Nunc
3012 891 3142 931 vero
3171 876 3329 931 luna-

1770 960 1848 1013 ris
1866 976 2045 1015 annus
2072 962 2301 1031 praecise
2325 969 2411 1016 est
2440 962 2649 1016 dierum
2678 962 2904 1035 5541/5
2925 964 3058 1021 fere.
3086 962 3141 1020 Si
3163 967 3330 1038 igitur

1769 1050 1991 1120 5541/3
2008 1049 2319 1106 auferamus
2349 1067 2380 1105 a
2410 1052 2515 1107 565
2553 1053 2657 1125 ιμ
2685 1054 3064 1126 relinquentur
3101 1057 3219 1113 dies
3261 1058 3330 1115 11)

1770 1139 1944 1208 11]ιῖ
1980 1159 1991 1192 :
2025 1140 2117 1209 qui
2153 1156 2248 1209 per
2275 1139 2309 1194 8
2340 1141 2685 1211 multiplicati
2713 1142 2952 1199 elliciunt
2984 1147 3104 1203 dies
3134 1142 3328 1220 871/3

1771 1228 1902 1283 fere.
1956 1231 2022 1282 Hi
2077 1240 2256 1285 autem
2302 1231 2419 1287 dies
2473 1249 2580 1287 non
2632 1236 2906 1305 complent
2952 1246 3066 1294 tres
3092 1254 3326 1296 menses.

1770 1318 1943 1386 Quam
1970 1322 2042 1377 ob
2073 1338 2293 1377 causam
2316 1340 2424 1378 non
2448 1325 2906 1395 estignorandum
2927 1328 2983 1384 in
3017 1339 3142 1385 octo
3167 1331 3327 1387 annis

1770 1421 1883 1469 tres
1916 1430 2134 1471 menses
2150 1416 2506 1471 intercalares
2531 1432 2825 1489 non‘posse
2841 1434 2983 1476 esse.
3008 1420 3124 1477 Hoc
3148 1432 3328 1478 autem

1768 1504 1931 1558 etiam
1963 1520 2058 1573 per
2081 1503 2700 1573 cnneakadecaeterida,
2732 1508 2785 1564 id
2816 1518 2902 1564 est
2933 1510 3213 1580 periodum
3263 1512 3331 1566 19

1769 1608 2059 1656 annorum,
2093 1594 2150 1648 ﬁt
2182 1596 2551 1652 manifestum.
2590 1594 2649 1651 In
2677 1598 2837 1653 anuis
2869 1599 3013 1654 enim
3055 1599 3123 1656 19
3156 1616 3329 1672 agun-

1772 1692 1862 1738 tur
1885 1685 1917 1737 7
1946 1701 2165 1742 menses
2193 1687 2567 1749 intercalares.
2591 1696 2645 1742 et
2671 1704 2737 1743 ex
2766 1689 3067 1759 majoribus
3115 1702 3326 1762 tempo-

122 1778 341 1845 ἄγονται,
386 1781 481 1833 καὶ
528 1781 593 1834 ἐκ
657 1782 912 1838 πλειόνων
972 1786 1178 1855 χρόνων
1226 1790 1576 1859 συμφωνήσει
1631 1790 1664 1860 ἠ

1769 1777 1922 1832 ribus
1950 1786 2212 1848 congruet
2239 1778 2795 1835 enneakadecaeteris
2814 1782 2868 1835 in
2898 1783 3163 1838 mensium
3200 1800 3326 1839 usu.

121 1869 665 1943 ἑννεακαιδεκαετηρὶς
719 1874 859 1927 κατὰ
904 1875 1003 1946 τὴν
1049 1875 1156 1927 τῶν
1187 1877 1369 1949 μηνῶν
1402 1879 1625 1948 ἀγωγήν
1648 1894 1663 1909 ⁸

123 1962 172 2013 ὲν
218 1965 319 2034 ἄρα
359 1967 480 2026 ταῖς
530 1964 673 2018 όκτὼ
712 1967 1339 2040 ὲννεακαιδεκαετηρίσιν
1386 1970 1666 2041 ἐμϐόλιμοι

123 2054 267 2123 μῆνες
310 2055 636 2127 ἀχθησονται
684 2065 789 2122 νς’.
827 2059 915 2111 Ἐν
947 2059 1004 2112 δὲ
1048 2062 1112 2131 τῇ
1141 2062 1474 2133 ὀκταετηρίδι
1502 2062 1667 2132 μῆνες

122 2144 381 2215 ἐμϐόλιμοι
411 2146 634 2215 ἄγονται
663 2154 710 2217 γ’
732 2165 745 2177 ·
778 2149 836 2200 ἐν
870 2150 976 2220 ἄρα
1010 2153 1129 2214 ταῖς
1166 2150 1230 2203 ιϐ’
1264 2153 1663 2223 όκταετηρίσιν,

121 2233 236 2305 ὅπερ
266 2238 412 2289 ἐστὶν
458 2238 556 2307 ἐτη
609 2239 740 2308 ρνβ’,
779 2240 1056 2311 ἐμϐόλιμοι
1102 2241 1321 2309 ἄγονται
1352 2242 1447 2307 νξκ
1490 2243 1579 2295 Ἐν
1608 2244 1665 2295 δὲ

119 2326 183 2395 τῷ
208 2329 350 2399 αὐτῷ
402 2331 580 2401 χρόνῳ
618 2331 758 2384 κατὰ
799 2332 896 2403 τὴν
924 2334 1524 2406 ὲννεακαιδεκαετηρίδα
1568 2336 1665 2407 τὴν

122 2419 494 2488 συμφωνοῦσαν
518 2423 631 2484 τοῖς
651 2424 988 2493 φαινομένοις
1013 2424 1296 2496 ἐμϐόλιμοι
1323 2427 1489 2498 μῆνες
1516 2428 1666 2494 ἄγον-

119 2525 192 2562 τιι
212 2518 310 2575 ν;’”
326 2513 466 2565 ὥστε
484 2512 795 2576 πλεονάζειν
818 2514 915 2587 τὴν
935 2517 1288 2587 όκταετηρίδα
1315 2516 1392 2569 ἐνὶ
1416 2518 1545 2589 μηνὶ
1569 2519 1666 2587 ἐμ-

120 2599 449 2674 ϐολίμῳ.οὐκ
465 2606 625 2676 ἅραή
659 2606 978 2677 όκταετηρὶς
1005 2610 1151 2678 τρεῖς
1169 2608 1344 2678 μῆνας
1371 2608 1483 2678 ἔχει
1504 2609 1666 2678 ἐμϐο-

118 2691 309 2762 λίμους·
342 2695 478 2749 ἀλλὰ
503 2696 596 2748 καὶ
624 2697 764 2749 κατὰ
778 2696 931 2749 τοῦτο
957 2697 1371 2769 διημάρτηταιὴ
1398 2698 1659 2768 περίοδος.

178 2786 386 2859 Διόπερ,
414 2786 605 2857 ἐπειδὴ
633 2788 1077 2860 διημαρτημένην
1102 2786 1239 2842 εἶναι
1270 2788 1545 2842 συνέϐαινε
1568 2790 1665 2860 τὴν

122 2876 453 2948 ὀκταετηρίδα
492 2879 633 2931 κατὰ
672 2879 863 2938 πάντα,
910 2878 1100 2950 ἑτέραν
1130 2880 1374 2950 περίοδον
1407 2884 1663 2953 συνεστή-

123 2980 262 3018 σαντο
280 2967 378 3037 τὴν
405 2967 508 3037 τῆς
550 2967 1175 3040 ὲννεακαιδεκαετηρίδος
1221 2972 1267 3024 οἱ
1300 2972 1425 3041 περὶ
1453 2972 1663 3043 Εὐκτή-

122 3074 238 3122 μονα
264 3061 373 3131 (Η)
406 3099 423 3123 ,
454 3061 551 3113 καὶ
586 3061 870 3127 ⁴Ιδίλιπτιον,
904 3063 997 3117 καὶ
1020 3063 1304 3118 Κάλιππον
1326 3066 1660 3137 ἀστρολόγοι.

121 3231 279 3280 versu,
308 3225 365 3272 et
397 3233 522 3288 qua
551 3217 880 3286 respondent
910 3235 941 3274 e
967 3218 1175 3275 directo
1207 3221 1464 3275 horarum
1494 3223 1663 3277 ratio-

1688 3114 1735 3178 C

1768 1867 1945 1939 Igitur
1994 1869 2049 1924 in
2108 1878 2233 1925 octo
2284 1870 2523 1941 periodis
2568 1872 2635 1925 19
2668 1887 2940 1928 annorum
2976 1875 3329 1930 intercalares

1767 1976 1983 2016 menses
2008 1970 2242 2031 agentur
2273 1961 2368 2025 56,
2408 1962 2461 2016 in
2479 1964 2811 2019 octaeteride
2840 1979 3057 2020 menses
3095 1967 3327 2021 interea-

1767 2054 1909 2108 lares
1962 2062 2198 2124 aguntur
2253 2063 2385 2109 tres.
2442 2054 2610 2124 Igitur
2661 2055 2713 2109 in
2774 2056 2841 2110 19
2888 2056 3327 2119 octaeterirlibus,

1765 2163 1886 2218 qua
1911 2146 2120 2201 faciunt
2148 2163 2324 2202 anuos
2376 2147 2500 2211 152,
2559 2148 2916 2203 intercalares
2954 2155 3192 2219 aguntur
3237 2144 3327 2203 ετ.

1766 2238 1823 2292 in
1876 2238 2065 2293 eodem
2123 2247 2365 2309 tempore
2407 2241 2462 2294 in
2530 2239 2757 2310 periodo
2817 2238 3328 2297 decemnovennali.

1764 2345 1886 2399 qua
1945 2330 2278 2400 apparentiis
2328 2330 2585 2401 congruit
2618 2370 2635 2394 ,
2695 2330 3049 2386 intercalares
3110 2346 3331 2386 menses

1765 2430 2000 2487 aguntur
2023 2419 2109 2473 56.
2143 2419 2329 2489 Itaque
2355 2421 2649 2475 octaeteris
2705 2435 2815 2475 uno
2858 2436 3046 2476 mense
3090 2420 3331 2476 interca-

1763 2510 1867 2564 lari
1928 2518 2154 2582 superat
2220 2512 2505 2581 periodum
2569 2511 3144 2568 decemnovennalem.
3211 2511 3328 2567 Nou

1764 2601 1931 2671 igitur
1973 2603 2267 2657 octaeteris
2321 2612 2498 2674 potest
2559 2611 2671 2657 tres
2724 2616 2940 2658 menses
2974 2602 3330 2657 intercalares

1763 2693 1963 2748 habere
1996 2712 2010 2760 ;
2058 2696 2151 2749 sed
2181 2705 2235 2750 et
2262 2696 2374 2750 hac
2392 2695 2647 2764 periodus
2671 2696 2724 2748 in
2753 2696 2856 2750 hoc
2878 2693 3083 2749 fefellit.

1831 2786 1937 2856 23
1973 2785 2336 2852 Quamobrem
2360 2804 2483 2841 cum
2506 2789 2847 2856 contingeret
2878 2785 3207 2841 octaeterida
3234 2800 3330 2856 per

1763 2879 1944 2930 omnia
2010 2878 2265 2934 aberrare
2290 2919 2304 2942 ,
2345 2881 2503 2933 aliam
2574 2880 2983 2934 constituerunt
3020 2877 3326 2947 periodum.

1763 2984 1955 3038 nempe
2001 2968 2583 3035 decemnoveuualem,
2635 2970 2959 3034 Euctemon,
3015 2965 3323 3039 Philippus.

1764 3058 2023 3131 Calippus
2043 3060 2324 3132 astrologi.
2371 3060 2748 3117 Observarunt
2776 3063 2921 3117 enim
2963 3062 3018 3116 in
3063 3062 3131 3116 19
3170 3063 3331 3116 anuis

1763 3217 2060 3288 redarguit,
2089 3218 2199 3289 qui
2227 3218 2369 3273 diem
2411 3218 2467 3273 in
2494 3218 2705 3274 Gracia
2734 3218 3137 3289 longissimum
3184 3219 3294 3272 seri
3317 3245 3332 3260 ο

120 3288 244 3362 cinia
276 3289 568 3362 capiantur
596 3307 609 3341 :
638 3291 709 3341 ita
742 3297 801 3362 ut
845 3290 891 3342 si
941 3295 1199 3360 scrupula
1250 3293 1445 3345 diurna
1488 3294 1661 3362 prima
1761 3297 1961 3362 pserat
1989 3303 2109 3343 eam
2138 3288 2222 3362 ad
2238 3290 2620 3362 brevissimum
2661 3288 3183 3362 habergralionem.
3202 3303 3331 3362 Quae

121 3361 233 3420 sint,
263 3356 380 3424 quae
411 3360 498 3413 his
551 3359 902 3429 respondent.
955 3375 1053 3429 pro
1075 3356 1269 3422 'boris,
1305 3372 1358 3416 et
1406 3356 1660 3417 horarum
1758 3359 2113 3429 estquinque
2158 3358 2225 3412 ad
2255 3360 2384 3423 tria,
2414 3367 2775 3429 cumtamen
2812 3357 3071 3429 Eudoxus
3101 3363 3157 3429 et
3199 3356 3327 3411 Phi-

122 3430 370 3498 scrupulis
400 3428 596 3501 primis
627 3428 967 3501 habeantur.
986 3428 1042 3483 Si
1072 3433 1328 3501 scrupula
1351 3432 1545 3485 diurna
1577 3450 1663 3487 se-

121 3504 277 3573 cunda
314 3498 601 3573 pr0posita
630 3499 763 3562 sint,
798 3500 944 3573 hora
971 3501 1083 3554 sint
1108 3498 1404 3570 prii—norum
1434 3517 1663 3573 scrupu-

121 3566 549 3640 lorumfiusiar;
602 3578 657 3623 et
706 3572 963 3639 scrupula
1028 3566 1200 3639 prima
1258 3566 1662 3640 secundorum;

122 3647 264 3711 atque
296 3639 367 3691 ita
394 3639 667 3711 deinceps
686 3642 992 3711 unoggradu
1022 3643 1276 3711 scrupula
1306 3639 1660 3698 descendant.

120 3707 187 3759 Ad
216 3709 352 3761 hunc
386 3724 519 3779 ergo
547 3710 769 3762 modum
799 3707 902 3763 ista
935 3707 1391 3779 comput‘abimus.

979 3825 1139 3879 Hora

178 3891 256 3945 δι’
361 3891 629 3961 Scrupula
664 3893 861 3947 diurna
1019 3895 1086 3945 12
1156 3895 1239 3949 24⁹
1348 3893 1411 3949 0"
1518 3894 1593 3948 0"

179 3962 271 4014 50"
358 3964 612 4019 Secunda
1050 3964 1087 4015 0
1156 3967 1227 4017 20
1347 3969 1383 4018 0
1527 3970 1562 4019 0

209 4074 285 4126 8⁸⁸
352 4074 537 4129 Tertia
1053 4076 1088 4130 0
1192 4075 1227 4131 0
1351 4077 1385 4129 3
1494 4077 1562 4131 12

178 4144 296 4199 20""
359 4146 567 4212 Quarta
1053 4148 1089 4200 0
1194 4150 1229 4198 0
1352 4150 1386 4200 0
1528 4150 1562 4200 8

1025 4260 1093 4314 12
1163 4261 1247 4316 μ’
1320 4262 1416 4315 45η
1486 4261 1598 4316 20¹¹⁰

179 4370 381 4428 Rursus
418 4389 485 4429 ex
520 4374 760 4429 secunda
789 4373 972 4428 tabula
1014 4373 1403 4444 investigemus
1448 4381 1583 4444 quot
1612 4374 1666 4428 in

319 4259 542 4314 Summa
573 4260 832 4315 horarum

126 4455 403 4513 sexageuas
445 4444 676 4498 diurnas
704 4453 1108 4498 commutentur
1135 4443 1279 4509 hora
1310 4444 1397 4503 12,
1443 4443 1548 4507 μ’,
1581 4445 1663 4505 3".
1698 4459 1741 4512 ι)

124 4510 458 4584 20¹¹,ἐ;ιάθιη
485 4515 741 4568 cautione
769 4521 1004 4577 servata,
1035 4521 1094 4566 ut
1119 4516 1163 4567 si
1198 4515 1346 4567 hora
1378 4517 1667 4584 proposita

123 4583 242 4653 sint,
265 4599 381 4652 qua
404 4586 475 4639 iis
504 4584 833 4652 respondent
862 4585 1210 4653 sexagesima
1240 4586 1449 4653 prima,
1472 4583 1671 4640 Secun-

123 4652 217 4711 da.
245 4666 368 4715 etc.,
404 4663 464 4707 ut
494 4655 550 4707 in
579 4655 762 4708 tabula
791 4652 1170 4714 notatasunt.
1203 4652 1524 4709 habeantur.
1573 4655 1669 4708 Sin

125 4736 218 4787 pro
236 4722 376 4778 horis
404 4727 664 4793 scrupula
692 4733 1083 4793 proponantur.
1115 4734 1230 4777 tum
1262 4725 1407 4780 hora
1432 4729 1486 4779 in
1516 4741 1670 4780 sexa-

128 4793 314 4864 gesima
363 4796 537 4863 prima
601 4794 814 4864 horaria
861 4796 1273 4855 convertenda,
1332 4796 1669 4864 sexagesima

121 4862 279 4981 1prima
312 4862 375 4917 in
414 4866 678 4919 secunda.
714 4863 824 4918 Hoc
866 4866 1030 4916 modo
1058 4864 1241 4934 itaque
1281 4868 1421 4918 ratio
1450 4862 1671 4919 conusta-

158 4946 168 4981 ι
198 4969 215 4981 .

158 4946 215 4982 Ιῑ.

186 5061 329 5120 Hora
729 5064 795 5119 1‘2
972 5067 1056 5123 30'
1159 5068 1220 5122 0"
1328 5070 1403 5123 0'"
1510 5071 1598 5118 0""

186 5132 439 5207 Scrupula
724 5134 810 5189 μ’
1008 5138 1029 5189 1
1125 5137 1195 5191 5υ
1333 5142 1368 5192 0
1507 5139 1544 5192 0

185 5242 435 5318 Scrupula
759 5251 822 5303 5"
999 5251 1033 5304 0
1159 5250 1191 5301 0
1335 5251 1366 5302 7
1474 5251 1544 5305 50

185 5316 436 5389 Scrupula
720 5318 832 5371 eum
995 5322 1030 5374 υ
1161 5321 1195 5371 o
1337 5322 1371 5374 0
1479 5322 1547 5375 50

189 5428 393 5487 Summa
965 5435 1045 5489 δι’
1121 5434 1216 5487 50"
1314 5434 1415 5487 ~8"'
1471 5433 1598 5488 20""

184 5521 287 5595 ’1“)
318 5529 381 5595 οι
413 5526 549 5593 περὶ
598 5525 972 5593 Εὐκτήμονα.
1019 5526 1211 5580 Mirum
1243 5525 1310 5579 de
1350 5525 1559 5580 Metone
1590 5535 1670 5580 ta-

126 5594 283 5665 cuisse
307 5594 619 5657 Geuuuum,
651 5597 738 5647 cui
769 5607 949 5649 tamen
985 5597 1254 5665 pracipue
1300 5597 1580 5652 inventum
1605 5598 1669 5649 il-

124 5657 203 5712 lud
226 5663 731 5720 decemnovennalis
757 5666 894 5725 cyt-li
920 5657 1202 5720 tribuitur.

190 5728 537 5804 Hipparchus.
570 5734 661 5787 lib.
713 5750 750 5796 ι,
779 5724 1009 5805 Philippi
1058 5736 1378 5793 auctoritate
1417 5736 1666 5791 Attalum

1761 3426 2752 3498 lippusfasseverentejusmodiesse,
2798 3428 2977 3497 qualis
3004 3435 3088 3481 est
3124 3426 3330 3498 duode-

1762 3494 1866 3551 cim
1898 3497 1965 3552 ad
1990 3505 2218 3567 septem.
2253 3494 2388 3551 Nam
2418 3514 2542 3552 cum
2570 3497 2798 3552 Eudoxo
2814 3494 3180 3567 consentiens
3199 3494 3331 3551 Phi-

1765 3568 1943 3636 lippus
1987 3566 2251 3623 docuerat
2278 3568 2500 3639 ‘tropici
2555 3566 3115 3639 segmentum._quod
3162 3581 3329 3637 supra

1762 3645 1963 3691 terram
1995 3648 2102 3701 est,
2130 3652 2250 3692 eam
2277 3636 2477 3693 habere
2510 3636 2775 3691 ratiunem
2802 3638 2870 3692 ad
2898 3637 3127 3707 alterum
3184 3636 3329 3707 quod

1763 3706 1868 3778 sub
1893 3717 2038 3778 terra
2060 3716 2164 3770 est,
2187 3723 2308 3778 qua
2331 3715 2414 3762 est
2444 3708 2730 3778 duodecim
2754 3708 2820 3760 ad
2842 3716 3070 3777 septem.
3097 3706 3330 3778 ὀμοίως

1762 3777 1820 3829 δὲ
1883 3777 2057 3848 τούτῳ
2103 3776 2219 3830 καῖ
2243 3777 2353 3830 τῶν
2402 3777 2537 3849 περὶ
2578 3776 2843 3830 Φίλιππον
2885 3776 3327 3849 ἆναγραφόντων.

1763 3861 1926 3970 gnem
2013 3856 2070 3902 et
2147 3848 2572 3916 συγκαταδύσεις
2593 3887 2608 3910 ,
2664 3854 2721 3901 et
2796 3848 3157 3910 συνανατολὰς
3220 3848 3332 3902 τῶν

1803 3933 1999 3970 στρων.
2027 3919 2184 3970 auasi
2208 3920 2273 3970 ad
2300 3921 2464 3970 situm
2493 3918 2714 3970 Gracia
2739 3918 3137 3970 conscripsisse
3162 3917 3325 3970 dicit:

1803 3933 1999 3987 στρων.
2027 3919 2184 3987 quasi
2208 3920 2273 3972 ad
2300 3921 2464 3972 situm
2493 3918 2714 3973 Gracia
2739 3918 3137 3987 conscripsisse
3162 3917 3325 3971 dicit:

1766 3986 1890 4039 cum
1940 3986 2118 4042 tamen
2153 3990 2206 4041 in
2252 4004 2317 4042 eu
2359 3989 2471 4042 sint
2500 3988 2842 4041 hallucinati.
2878 3986 3044 4056 Igitur
3073 3997 3227 4056 ortus
3255 3991 3331 4043 si-

1766 4057 1954 4109 derum
2015 4065 2071 4109 et
2112 4071 2344 4112 occasus
2377 4059 2663 4127 proposuit
2692 4057 2745 4109 in
2777 4066 3155 4178 parapegmate
3206 4055 3332 4111 Phi-

1766 4126 1964 4178 linnus.
1996 4124 2319 4178 Plutarchus
2360 4129 2412 4178 in
2445 4135 2603 4178 tract.
2633 4145 2647 4178 :
2684 4127 2804 4178 Ὅτι
2855 4126 2966 4178 οὐδ
3024 4124 3132 4178 ζῆν
3162 4127 3332 4178 ἐστιν

1766 4126 1964 4194 lippus.
1996 4124 2319 4181 Plutarchus
2360 4124 2412 4179 in
2445 4124 2603 4181 tract.
2633 4145 2647 4180 :
2684 4124 2804 4178 Ὅτι
2855 4124 3000 4179 οὑδέ
3024 4124 3132 4194 ζῇν
3162 4127 3333 4180 ἐστιν

1766 4194 1957 4260 ἡδέως
2009 4196 2134 4249 κατ’
2178 4197 2543 4263 ’Em’xmvpor,
2595 4195 2841 4264 ejusdem
2871 4194 3105 4266 Philippi
3138 4196 3329 4250 inven-

1767 4273 1882 4317 tum
1929 4280 2053 4318 esse
2090 4266 2301 4322 scribit.
2337 4266 2857 4319 demonstrationem
2899 4265 3196 4319 schematis
3247 4266 3332 4319 lu-

1769 4348 1889 4387 na:
1922 4334 2086 4403 Τίνας
2128 4334 2370 4403 οἰόμεθα,
2421 4335 2514 4386 καὶ
2555 4334 2790 4402 πηλίκας
2820 4333 3012 4403 ἡδονὰς
3059 4334 3165 4387 ἀπὸ
3189 4350 3330 4402 γεω-

1772 4402 1996 4472 μετρίας
2050 4402 2411 4473 δρέπεσθαιν
2448 4402 2541 4456 καὶ
2598 4402 2984 4473 ἀστρολογίας,
3038 4402 3332 4473 Εὐκλείδην

1768 4470 2046 4544 γράφοντα
2081 4470 2149 4525 τὰ
2180 4472 2450 4533 διοπτικὰ,
2497 4473 2591 4544 καξι
2636 4470 2897 4544 Φίλιπὲιον
2943 4470 3333 4528 ἀποδεικνύντα

1771 4542 1898 4614 asp!
1934 4542 2027 4595 τοῦ
2062 4545 2333 4612 σχήματος
2366 4544 2465 4613 τῆς
2502 4543 2766 4612 σελήνης;
2821 4543 2994 4614 (ιιιιιδΔ
3016 4552 3081 4614 et._
3106 4553 3331 4614 quantas

1771 4610 2054 4679 voluptates
2093 4610 2352 4665 credimus
2391 4610 2432 4664 ε’
2444 4610 2727 4682 geometria
2748 4622 2797 4669 et
2827 4610 3125 4682 astrologia
3149 4612 3331 4665 decer—

1770 4683 1937 4751 psissc
1972 4682 2264 4746 Euclidem,
2294 4699 2413 4735 cum
2455 4682 2702 4735 scriberet
2739 4682 3002 4748 dioptica;
3040 4682 3334 4737 Pmurruu

1770 4754 2217 4807 demonstratione
2261 4753 2327 4807 de
2374 4753 2547 4823 ﬁgura
2597 4754 2735 4823 tuna:
2787 4754 2975 4823 litteris
3034 4751 3333 4823 mandata?

1772 4823 1979 4878 Plinius
2006 4824 2098 4877 lib.
2132 4839 2283 4887 xvm,
2328 4821 2448 4892 cap.
2482 4824 2571 4883 3|,
2603 4822 2927 4893 Philippum,
2959 4821 3145 4875 laudat
3173 4836 3334 4893 para.

1773 4895 2036 4962 pegmatis
2073 4904 2371 4950 auctorem.
2403 4896 2457 4947 iu
2506 4908 2613 4963 quo
2648 4894 2928 4963 stellarum
2972 4899 3128 4945 ortus
3166 4905 3331 4963 occa-

1772 4960 1975 5031 susque
2020 4964 2409 5033 descripserat.
2449 4960 2674 5032 perinde
2707 4976 2772 5017 ac
2819 4961 3126 5032 Calippum,
3176 4960 3333 5016 Dosi-

1772 5035 1978 5093 theum,
2016 5032 2318 5095 Eudoxum,
2354 5044 2409 5087 et
2439 5035 2595 5103 alios.
2626 5033 2718 5103 qui
2748 5032 2951 5103 passim
2997 5033 3075 5103 ab;
3093 5032 3331 5103 antiquis

1770 5118 1836 5157 co
1885 5104 2101 5173 nomine
2130 5105 2388 5157 citantur.
2433 5100 3009 5173 Deindecousentiunt
3058 5100 3331 5173 (quodest

1771 5174 1975 5242 rarum)
2034 5172 2352 5237 Pmuerus,
2412 5171 2698 5242 Calippus,
2744 5172 3056 5242 Dositheus,
3092 5171 3333 5242 Parme-

1773 5240 1969 5301 m'scus.
2003 5242 2203 5306 Conon.
2238 5244 2444 5304 Criton.
2491 5240 2842 5306 Democritus,
2891 5241 3168 5301 Eudoxus.
3206 5240 3328 5304 Ion.

1772 5327 1825 5364 IV
1850 5310 2197 5383 Καιηοειοο.
2225 5312 2495 5383 Capeltam
2517 5315 2775 5368 matutino
2804 5313 3021 5375 exoriri,
3053 5322 3105 5383 et
3129 5328 3188 5367 ιιι
3218 5309 3331 5363 Κα-

1773 5383 1911 5435 lend.
1954 5381 2169 5438 Ha'dos.
2225 5381 2362 5437 Tum
2397 5385 2489 5439 lib.
2543 5401 2558 5437 ι
2609 5382 3330 5453 iu_catalogo_scriptorum

1770 5463 2116 5507 externorum
2161 5454 2253 5508 lib.
2312 5470 2441 5508 mu
2484 5470 2607 5508 cum
2655 5450 2913 5517 Thalete;
2952 5450 3198 5509 Eudoxo.
3228 5450 3335 5503 Ca-

1771 5523 1936 5591 lippo.
1975 5522 2251 5585 Dositheo.
2296 5534 2426 5579 etc...
2477 5524 2786 5578 nominatur
2816 5521 3114 5591 Philippus.
3153 5519 3331 5591 Ptole-

1769 5588 1938 5664 niaus
1964 5594 2016 5664 in
2052 5594 2191 5646 libro
2222 5594 2297 5647 De
2315 5594 2600 5664 signiﬁcat.
2633 5588 3077 5664 ﬁxarumGrace
3112 5589 3329 5664 a_n_obis

1768 5662 1935 5723 edito.
1970 5663 2199 5732 Philippi
2231 5657 2553 5733 parapegma
2582 5657 2690 5716 non
2717 5660 3118 5733 semellaudat.
3148 5657 3327 5733 '[hotu

1771 5747 1907 5787 xxx:
1934 5734 1992 5787 '0
2019 5728 2195 5797 κοινός
2226 5728 2456 5796 Ἵππουζ
2488 5732 2581 5786 καὶ
2622 5728 2973 5803 Ἀνδρομέδας
2999 5728 3132 5799 ἑῷος
3163 5728 3327 5781 δύνει.
