3786 6316
130 343 224 399 817

1161 348 1399 405 GEMINI
1436 348 1808 406 ELEHENTA
1835 350 2326 417 ASTRONOMLE.

3273 360 3377 416 8l8

131 456 389 528 ἀνατολὴν
450 454 669 527 βλέπειο
695 458 788 512 καὶ
836 459 963 513 ὅταν
1001 459 1240 533 προδύνῃ
1269 462 1363 516 τοῦ
1398 461 1569 535 ἡλίου,
1620 465 1712 517 καὶ

1819 467 2041 537 respicit
2068 487 2080 522 :
2117 477 2172 524 et
2205 484 2331 525 cum
2348 468 2557 527 'occtdit
2586 477 2713 525 ante
2737 470 2906 527 solem
2932 511 2947 539 ,
2987 479 3043 527 et
3063 487 3186 528 cum
3217 475 3378 531 occi—

131 551 251 603 ὅταν
278 549 654 625 ἐπικαταδύνῃ
684 550 761 622 τῷ
789 550 945 622 ἡλίῳ,
968 552 1344 625 ὲπέστραπται
1376 556 1437 608 τὸ
1462 554 1719 629 λαμπρὸν

132 640 263 711 πρὸς
293 640 387 693 τὸν
414 640 592 712 ἥλιον.
648 643 735 695 Ἐν
767 642 824 695 δέ
859 659 969 697 τισι
997 643 1106 696 τῶν
1144 645 1365 717 ἡμερῶν
1400 647 1711 718 παρατετή-

132 750 283 805 ρηται
325 736 360 806 ἡ
389 734 592 805 σελήνη
623 733 761 789 κατὰ
784 734 845 788 τὸ
887 736 1108 790 σπάνιον
1146 736 1613 792 ὲπικαταδύνουσα
1634 736 1719 810 τῷ

129 826 275 897 ἡλίῳ,
298 826 482 879 καὶτὸ
527 826 775 899 λαμπρὸν
804 825 1002 898 ἔχουσα
1026 827 1219 899 βλέπον
1242 830 1377 899 πρὸς
1405 830 1506 901 τὴν
1536 830 1710 885 δύσιν.

130 917 528 990 Παρώλάξασα
547 918 602 971 δὲ
635 920 700 989 τῇ
733 918 888 972 νυκτὶ
907 918 1042 990 πρὸς
1082 918 1172 972 τὸν
1208 920 1391 990 ἡλιον,
1444 921 1539 974 καὶ
1580 938 1715 994 προ-

129 1008 452 1064 ανατείλασα
504 1009 598 1063 τοῦ
642 1008 790 1079 ἡλίου
812 1050 827 1075 ,
885 1009 946 1062 τὸ
989 1010 1240 1083 λαμπρὸν
1297 1011 1496 1084 ἔχουσα
1573 1012 1713 1066 θεω-

131 1105 296 1173 ριίται
328 1100 471 1172 πρὸς
502 1100 790 1174 ἀνατολήν.
829 1099 919 1166 Ἐξ
938 1094 997 1155 οὗ
1019 1103 1271 1176 φανερὸν,
1299 1106 1382 1158 δτι
1435 1106 1469 1176 ἡ
1515 1104 1714 1175 σελήνη

132 1195 231 1250 ὑπὸ
276 1192 373 1245 τοῦ
438 1191 588 1264 ἡλίου
642 1192 956 1263 φωτίζεται.
1026 1194 1477 1267 Παρατετὴρηται
1509 1194 1567 1248 δὲ
1621 1198 1715 1250 καὶ

128 1282 192 1337 τὰ
235 1284 483 1338 τοιαῦτα.
544 1285 673 1339 Ὅτε
710 1286 806 1356 μὲν
840 1285 949 1357 γὰρ
983 1286 1122 1339 κατὰ
1164 1287 1479 1359 χειμερινὰς
1505 1287 1714 1359 τροπὰς

129 1376 381 1451 ὑπάρχων
412 1379 444 1432 ὁ
474 1376 625 1448 ήλιος
688 1376 979 1449 ἀνατέλλη,
1008 1375 1130 1430 τότε
1165 1376 1229 1430 τὸ
1257 1376 1581 1449 μεσαίτατον
1610 1377 1706 1432 τοῦ

132 1469 542 1542 πεφωτισμένον
565 1468 758 1542 βλέπει
789 1468 926 1543 πρὸς
978 1469 1071 1524 τὸν
1099 1469 1249 1541 ἡλιον
1272 1486 1285 1499 ·
1312 1468 1451 1523 ὥστε
1489 1469 1589 1541 τὴν
1615 1470 1713 1534 τὰς

130 1560 348 1633 κεραίας
405 1560 871 1631 ἐπιζευγνύουσαν
927 1562 1027 1632 τῆς
1082 1560 1312 1633 σελήνης
1355 1560 1568 1616 εὐθεῖαν
1592 1560 1715 1633 δίχα

130 1652 377 1725 καὶπρὸς
410 1652 582 1725 ὀρθὰς
611 1652 905 1724 τέμνεσθαι
939 1652 1043 1706 ὑπὸ
1072 1653 1171 1724 τῆς
1204 1651 1419 1716 εὐθείας
1440 1651 1548 1705 τῶν
1579 1652 1702 1721 ἀγο-

135 1743 303 1814 μένων
331 1744 443 1798 ἀπὸ
475 1744 572 1798 τοῦ
613 1744 840 1817 κέντρου
870 1743 964 1799 τοῦ
991 1743 1141 1816 ἡλίου
1164 1743 1258 1797 ἐπὶ
1284 1742 1383 1817 τήν
1404 1743 1714 1814 διχοτομίαν

131 1834 223 1904 τῆς
250 1833 486 1905 σελήνης
512 1852 525 1866 °
555 1835 683 1888 ὅταν
711 1834 767 1889 δὲ
789 1834 931 1888 κατὰ
958 1834 1176 1907 θερινὰς
1212 1834 1422 1904 τροπὰς
1450 1833 1709 1906 ὑπάρχων
1744 1819 1786 1877 Β

131 1926 387 1999 ἀνατέλλῃ
420 1930 452 1982 ό
482 1927 655 1999 ἡλιος,
686 1927 849 1982 πάλιν
887 1927 1188 2000 έστραπται
1216 1926 1277 1981 τὸ
1300 1928 1463 2000 μέσον
1486 1926 1582 1981 τοῦ
1613 1944 1709 1980 πε-

135 2017 466 2088 φωτισμένον
499 2017 639 2089 πρὸς
670 2018 732 2071 τὸ
768 2018 932 2090 μέσον
968 2016 1064 2072 τοῦ
1109 2017 1294 2090 ἡλίου·
1330 2016 1471 2071 ὥστε
1512 2015 1712 2089 ὁμοίως

131 2106 549 2177 διχοτομείσθαι,
580 2110 680 2164 καὶ
708 2109 845 2180 πρὸς
878 2108 1044 2182 ὀρθὰς
1070 2109 1364 2181 τέμνεσθαι
1400 2109 1499 2182 τὴν
1526 2127 1712 2183 προει-

132 2196 373 2270 ρημένην
400 2198 642 2253 εὐθεῖαν.
673 2199 747 2253 Τὸ
770 2200 826 2253 δὲ
852 2200 985 2254 αὐτὸ
1020 2200 1230 2269 γίνεται
1262 2202 1355 2255 καὶ
1375 2201 1468 2254 ἐπὶ
1490 2200 1597 2254 τῶν
1624 2198 1715 2254 δό-

135 2306 264 2344 σεων
293 2307 307 2321 ·
342 2288 487 2344 ὥστε
520 2292 616 2345 καὶ
642 2290 730 2345 διὰ
758 2291 948 2346 τούτου
973 2290 1068 2346 τοῦ
1105 2292 1335 2365 σημείου
1362 2293 1713 2362 συνάγεσθαι,

132 2382 209 2435 ὅτι
237 2383 341 2436 ὑπὸ
372 2382 470 2436 τοῦ
502 2383 656 2455 ἡλίου
688 2385 981 2454 φωτίζεται
1008 2387 1042 2457 ἡ
1089 2385 1305 2457 σελήνη.
1362 2385 1717 2457 Πεφωτισμέ-

133 2491 213 2527 νον
238 2474 488 2545 μέντοιγε
508 2474 599 2529 διὰ
635 2476 833 2539 παντὸς
874 2478 1043 2548 αὐτῆς
1074 2478 1135 2530 τὸ
1158 2475 1271 2530 ἴσον
1304 2478 1451 2529 ἐστὶν
1484 2477 1558 2540 ὡς
1587 2478 1716 2546 ἡμι-

136 2566 374 2638 σφαίριον
394 2583 409 2597 ο
450 2567 513 2619 οὐ
543 2552 792 2635 φαίνεται
833 2566 893 2621 δὲ
946 2567 1035 2621 διὰ
1072 2568 1272 2631 παντὸς
1303 2567 1471 2637 αὐτῆς
1501 2566 1562 2620 τδ
1605 2568 1718 2621 ἴσον

135 2660 543 2733 πεφωτισμένον
565 2661 641 2726 ὡς
667 2662 803 2733 πρὸς
835 2661 936 2735 τὴν
964 2660 1240 2734 ἡμετέραν
1270 2662 1480 2734 ὅρασιν,
1508 2660 1597 2714 διὰ
1615 2659 1717 2725 τὰς

136 2753 262 2824 πρὸς
307 2753 401 2807 τὸν
436 2753 588 2825 ἥλιον
627 2753 973 2817 ἀποστάσεις.
1014 2752 1186 2807 Ὅταν
1235 2753 1334 2824 μὲν
1384 2750 1495 2824 γὰρ
1540 2753 1599 2804 ὲν
1646 2753 1715 2823 τῇ

132 2845 375 2916 τριακάδι
406 2846 467 2898 ὲν
519 2848 589 2916 τῇ
648 2846 784 2916 αὐτῇ
846 2845 1010 2919 μοίρᾳ
1040 2845 1264 2915 γένηται
1315 2847 1344 2898 ὁ
1366 2844 1516 2915 ἡλιος
1552 2844 1647 2898 καὶ
1680 2844 1715 2915 ἡ

136 2936 347 3008 σελήνη,
372 2938 499 2991 τότε
514 2937 577 2990 τὸ
612 2938 969 3008 ἡμισφαίριον
993 2935 1442 3008 ὲπεστραμμένον
1475 2934 1611 3006 πρὸς
1629 2934 1720 2988 τὸν

132 3027 292 3097 ἡλιον,
330 3027 791 3100 ἀπεστραμμένον
848 3027 905 3081 δὲ
960 3027 1068 3081 ἀπὸ
1095 3027 1199 3097 τῆς
1229 3026 1503 3099 ἡμετέρας
1523 3024 1717 3096 ὕψεως,

1816 552 1897 608 dit
1926 556 2262 624 postsolem,
2294 573 2423 639 pars
2454 558 2748 629 splendens
2796 559 2864 615 ad
2922 561 3089 617 solem
3116 576 3376 625 conversa

1815 651 1921 701 est.
1948 645 2007 701 In
2035 648 2366 719 quibusdam
2391 657 2573 705 autem
2604 650 2798 707 diebus
2815 650 3102 709 observata
3129 661 3214 711 est
3249 654 3374 709 luna

1816 751 1944 793 raro
1976 740 2229 797 occidere
2254 750 2378 811 post
2413 742 2605 806 solem,
2635 748 2689 798 et
2734 742 2937 800 habere
2954 752 3161 816 partem
3193 746 3377 817 splen-

1814 830 1998 885 didam
2038 831 2419 902 respicientem
2449 846 2730 889 occasum.
2755 832 2892 888 Cum
2932 850 3063 890 vero
3108 844 3376 892 nocturno

1819 929 2065 993 tempore
2089 922 2317 979 alternis
2340 924 2515 979 variat
2541 923 2610 979 ad
2633 924 2828 992 solem,
2858 933 2911 981 et
2939 936 3065 982 ante
3081 928 3248 985 solem
3272 929 3379 983 ori-

1814 1020 1937 1081 tur;
1970 1013 2184 1070 videtur
2201 1014 2576 1085 splendentem
2608 1024 2816 1088 partem
2844 1016 3046 1073 habere
3074 1018 3141 1072 ad
3171 1025 3372 1073 ortum.

1816 1105 1972 1163 Unde
2014 1106 2369 1163 manifestum
2426 1116 2513 1165 est
2576 1110 2761 1164 lunam
2806 1124 2839 1164 a
2904 1110 3019 1166 sole
3058 1110 3373 1166 illuminari.

1815 1197 2114 1256 Observata
2147 1208 2281 1256 sunt
2312 1207 2366 1257 et
2390 1201 2538 1256 talia.
2571 1201 2709 1258 Cum
2750 1203 2898 1259 enim
2921 1204 3003 1259 sol
3052 1203 3107 1258 in
3130 1203 3375 1260 hibernis

1817 1292 2276 1348 conversionibus
2306 1293 2584 1350 exsistens
2607 1295 2803 1361 oritur,
2856 1302 2987 1350 tunc
3024 1295 3263 1350 medium
3311 1296 3377 1351 il-

1817 1383 2098 1438 luminatte
2154 1383 2330 1456 partis
2374 1385 2519 1440 luna:
2567 1384 2791 1456 respicit
2835 1384 2904 1440 ad
2950 1386 3154 1442 solem:
3200 1385 3275 1440 ita
3319 1398 3378 1442 ut

1814 1480 1965 1529 recta
2003 1475 2170 1539 linea,
2201 1491 2325 1547 quae
2375 1488 2584 1531 cornua
2616 1476 2758 1532 lunae.
2811 1476 3117 1547 conjungit,
3153 1478 3370 1547 aequali-

1815 1572 1917 1629 ter,
1978 1574 2032 1622 et
2091 1564 2159 1621 ad
2209 1565 2439 1637 angulos
2486 1572 2669 1623 rectos
2712 1574 2927 1622 secetur
2956 1582 2986 1621 a
3016 1574 3161 1623 recta
3186 1583 3373 1622 earum

1815 1655 2111 1720 linearum,
2138 1670 2260 1726 quae
2294 1655 2575 1711 ducuntur
2613 1672 2643 1712 a
2684 1665 2875 1713 centro
2933 1656 3068 1712 solis
3104 1658 3168 1713 ad
3192 1672 3374 1729 arqua-

1814 1742 1947 1804 lem‘
1976 1747 2275 1804 sectionem
2332 1747 2516 1811 lunae;
2552 1763 2676 1803 cum
2729 1764 2857 1805 vero
2918 1750 3002 1805 sol
3072 1749 3126 1804 in
3171 1749 3374 1805 aestivis

1814 1838 2091 1897 exsistens
2145 1839 2600 1895 conversionibus
2638 1840 2835 1905 oritur,
2875 1855 3069 1896 rursus
3114 1840 3375 1896 medietas

1814 1931 2136 1986 illuminatte
2164 1931 2337 2002 partis
2372 1931 2516 1986 luna:
2555 1945 2824 1988 conversa
2879 1938 2964 1988 est
3031 1930 3103 1986 ad
3138 1931 3376 1987 medium

1814 2023 2021 2093 solis;_
2050 2024 2127 2078 ita
2187 2033 2244 2078 ut
2291 2022 2545 2079 similiter
2601 2023 2905 2093 aequaliter,
2943 2029 2999 2078 et
3047 2022 3115 2077 ad
3152 2023 3380 2093 angulos

1814 2086 2244 2170 rectos.secetur
2271 2113 2527 2185 praedicta
2551 2086 2716 2172 recta.
2760 2086 2903 2171 Idem
2950 2114 3009 2169 ﬁt
3047 2121 3104 2170 et
3144 2116 3199 2170 in
3224 2086 3383 2169 occao

1815 2204 1999 2271 sibus;
2031 2212 2091 2258 ut
2120 2219 2217 2275 per
2247 2203 2351 2259 hoc
2383 2205 2548 2259 etiam
2584 2204 2800 2275 signum
2831 2203 3141 2274 colligatur,
3202 2217 3233 2256 a
3267 2202 3382 2257 sole

1816 2294 2000 2347 lunam
2052 2293 2371 2347 illuminari.
2421 2290 2810 2349 Verumtamen
2853 2306 2981 2362 pars
3008 2291 3151 2347 luna:
3200 2290 3379 2346 media

1817 2393 2074 2454 tanquam
2134 2382 2574 2455 hemisphaerium
2620 2397 2835 2455 semper
2865 2381 3238 2438 illuminatur:
3270 2396 3378 2436 non

1817 2485 2002 2533 tamen
2043 2491 2261 2547 semper
2290 2484 2514 2547 apparet
2536 2475 2656 2546 ejus
2689 2490 2817 2547 pars
2840 2474 3021 2531 media
3044 2475 3371 2536 illuminata.

1817 2569 1998 2640 quoad
2050 2577 2298 2625 nostrum
2331 2576 2637 2641 aspectum.
2665 2573 2886 2638 propter
2938 2566 3057 2637 ejus
3098 2579 3127 2619 a
3167 2566 3282 2623 sole
3303 2566 3383 2621 di-

1820 2660 2096 2716 stantiam.
2125 2658 2263 2715 Cum
2298 2659 2446 2715 enim
2471 2658 2561 2714 die
2594 2657 2874 2714 tricesimo
2902 2657 2958 2711 in
2992 2655 3181 2713 eodem
3203 2657 3377 2729 gradu

1820 2752 2025 2807 fuerint
2056 2751 2138 2806 sol
2170 2758 2226 2807 et
2256 2750 2405 2816 luna,
2434 2760 2550 2804 tum
2581 2749 3024 2819 hemisphaerium
3054 2763 3379 2805 conversum

1820 2843 2041 2916 quidem
2065 2842 2132 2898 ad
2164 2842 2359 2908 solem,
2399 2856 2652 2899 aversum
2705 2855 2837 2896 vero
2887 2854 2920 2895 a
2953 2840 3167 2897 visione
3191 2851 3384 2896 nostra

1820 2934 2183 2998 illuminatur,
2230 2931 2405 2988 fertur
2440 2933 2587 2989 enim
2630 2932 2759 2987 luna
2810 2929 2953 2986 infra
2997 2932 3203 3003 solem,
3254 2947 3381 2986 cum

1823 3042 1953 3082 vero
1997 3026 2223 3081 alternis
2276 3024 2492 3081 vicibus
2554 3025 2685 3081 luna
2714 3026 2890 3081 variat
2921 3023 2992 3080 ad
3035 3023 3207 3080 solem
3235 3024 3384 3078 circa

136 3119 456 3187 φωτίζεται·
521 3119 781 3175 ὑποκάτω
829 3119 936 3191 γὰρ
994 3120 1030 3189 ἡ
1083 3117 1284 3189 σελήνη
1346 3117 1568 3189 φέρεται
1625 3115 1717 3170 τοῦ

1823 3119 2188 3179 novilunium.
2229 3127 2362 3174 tunc
2398 3119 2528 3174 luna
2582 3118 2781 3173 falcata
2835 3126 3091 3188 apparet;
3122 3130 3249 3171 nam
3284 3117 3382 3170 he-

136 3209 277 3280 ἡλίου
295 3228 310 3241 ·
351 3212 486 3266 ὅταν
532 3211 591 3264 δὲ
632 3206 1009 3283 παραλλάξῃή
1054 3210 1252 3282 σελήνη
1285 3210 1422 3282 πρὸς
1458 3210 1551 3263 τὸν
1571 3208 1720 3279 ἣλιον

139 3302 259 3373 περὶ
307 3302 409 3374 τὴν
466 3301 766 3372 νουμηνίαν
788 3342 807 3367 ,
887 3290 1007 3357 τότε
1081 3300 1365 3373 μηνοειδὴς
1424 3303 1458 3373 ἡ
1521 3300 1719 3371 σελήνη

139 3389 443 3463 θεωρεῖταιι
474 3392 570 3447 τοῦ
602 3394 709 3464 γὰρ
746 3392 1108 3464 ἡμισφαιρίου
1161 3390 1256 3446 τοῦ
1306 3391 1719 3462 πεφωτισμένου

146 3480 323 3551 μικρὸν
385 3481 553 3554 μέρος
611 3482 1005 3553 παρακλίνεται
1078 3482 1216 3553 πρὸς
1292 3481 1392 3553 τὴν
1446 3480 1722 3552 ἡμετέραν

143 3569 348 3640 ὅρασιν·
409 3573 541 3627 ὅταν
598 3573 657 3627 δὲ
709 3573 889 3645 ἀπέχῃ
941 3575 979 3645 ἡ
1033 3573 1230 3644 σελήνη
1284 3572 1393 3627 ἀπὸ
1438 3572 1534 3626 τοῦ
1567 3572 1722 3643 ἡλίου

143 3664 193 3715 ὲν
211 3659 329 3729 ταῖς
356 3664 557 3735 ἐφεξῆς
586 3665 846 3737 ἡμέραις,
876 3666 1058 3720 πλεῖον
1087 3665 1174 3720 ἀεὶ
1203 3667 1299 3719 καὶ
1335 3664 1512 3718 πλεῖον
1532 3664 1594 3718 τὸ
1625 3681 1723 3719 πε-

145 3756 472 3827 φωτισμένον
500 3758 593 3827 ὑφ’
619 3755 780 3829 ἡμῶν
819 3757 1104 3828 θεωρεῖται
1122 3774 1137 3788 ο
1175 3758 1304 3811 ὅταν
1335 3756 1392 3812 δὲ
1422 3756 1484 3810 τὸ
1508 3757 1610 3827 αχδ
1628 3755 1722 3828 μέ-

149 3862 227 3915 ρος
252 3848 349 3902 τοῦ
374 3849 646 3913 ζωδιακοῦ
694 3849 896 3905 κύκλου
946 3850 1162 3922 ἀπόσχῃ
1193 3849 1414 3921 σελήνη,
1443 3847 1723 3920 διχότομος

146 3939 434 4015 θεωρεῖται·
469 3942 592 3997 τότε
620 3941 732 4013 γὰρ
761 3940 1116 4013 ἡμισφαιρίου
1166 3940 1262 3994 τοῦ
1309 3939 1720 4010 πεφωτισμένου

149 4032 242 4089 ὀπὴ
268 4034 363 4089 τοῦ
385 4034 542 4107 ἡλίου
568 4034 633 4088 τὸ
655 4035 832 4106 ἡμισυ
864 4035 952 4104 ἐφ’
978 4034 1130 4105 ἡμᾶς
1166 4031 1569 4104 ὲπέστραπται·
1599 4030 1720 4101 μεί·

151 4126 284 4191 ζονος
310 4128 369 4181 δὲ
395 4126 698 4198 γενομένου
726 4124 823 4180 τοῦ
853 4125 1218 4197 διαστήματος
1241 4124 1343 4194 τῆς
1367 4122 1595 4195 σελήνης
1613 4119 1724 4175 ἀπὸ

150 4216 232 4270 τοῦ
250 4218 417 4290 ἡλίου,
450 4219 638 4291 μεῖζον
657 4218 754 4272 καὶ
779 4219 841 4270 τὸ
858 4215 1267 4288 πεφωτισμένον
1291 4232 1305 4246 ο
1334 4216 1464 4269 ὅταν
1495 4213 1554 4267 δὲ
1578 4212 1720 4267 κατὰ

150 4306 419 4383 διάμετρον
457 4310 684 4382 γένηται
715 4308 794 4381 τῷ
837 4307 993 4381 ἡλίῳ,
1025 4309 1086 4362 τὸ
1137 4305 1547 4377 πεφωτισμένον
1593 4307 1723 4375 ἡμι-

157 4402 388 4474 σφαίριον
412 4402 655 4458 ἐναντίον
691 4403 901 4471 γίνεται
933 4400 1068 4472 πρὸς
1084 4401 1183 4471 τὴν
1212 4398 1488 4471 ἡμετέραν
1509 4397 1719 4469 ὅρασιν.

1822 3210 2122 3283 misphmrii
2153 3210 2261 3284 24
2300 3209 2592 3265 ἱηιιηιιιίηοιὶ
2646 3223 2814 3279 parva
2870 3224 2997 3280 pars
3030 3208 3273 3264 declinat
3313 3207 3384 3263 ad

1821 3315 2066 3361 nostram
2107 3305 2402 3369 visionem;
2446 3318 2569 3358 cum
2609 3317 2741 3359 vero
2774 3301 2930 3358 abest
2959 3302 3085 3356 luna
3124 3315 3156 3354 a
3188 3301 3305 3357 sole
3326 3298 3385 3354 in

1819 3396 2013 3452 diebus
2073 3393 2450 3465 sequentibus,
2510 3394 2633 3464 plus
2683 3407 2903 3464 semper
2953 3393 3023 3449 de
3078 3391 3390 3447 illuminata

1822 3494 1976 3558 parte
2014 3501 2045 3541 a
2091 3486 2251 3542 nobis
2308 3485 2648 3557 conspicitur
2677 3502 2692 3551 ;
2718 3498 2845 3540 cum
2892 3492 3074 3540 autem
3112 3498 3213 3555 per
3246 3498 3387 3554 qua-

1820 3580 2069 3636 drantem
2099 3577 2313 3633 zodiaci
2342 3576 2536 3633 circuli
2585 3575 2823 3632 abfuerit
2884 3576 3036 3641 luna,
3096 3574 3384 3630 dimidiata

1819 3680 2077 3745 apparet;
2108 3677 2242 3725 tunc
2269 3670 2415 3727 enim
2453 3667 2824 3740 hemisphaerii
2866 3667 3167 3723 illuminati
3205 3679 3236 3722 a
3267 3668 3392 3723 solo

1820 3760 2092 3817 medietas
2118 3761 2185 3816 ad
2214 3775 2320 3816 nos
2341 3775 2613 3817 conversa
2643 3765 2766 3827 est;
2806 3775 2932 3815 cum
2959 3759 3134 3830 major
3161 3758 3219 3814 lit
3246 3759 3388 3815 lunai

1824 3866 1853 3907 a
1877 3854 1994 3909 sole
2022 3854 2309 3915 distantia,
2342 3852 2510 3909 etiam
2534 3853 2713 3923 major
2743 3860 2830 3909 est
2863 3867 2994 3923 pars
3036 3851 3340 3908 illuminata
3368 3869 3393 3916 ί

1821 3959 1948 3999 cum
1977 3953 2161 4002 autem
2184 3944 2438 4015 opposita
2469 3943 2634 3999 fuerit
2655 3943 2782 4011 soli,
2825 3942 3189 3997 illuminatum
3218 3941 3391 3998 hemi~

1824 4035 2117 4108 sphaerium
2174 4043 2367 4090 nostro
2419 4033 2742 4104 conspectui
2771 4031 3021 4088 oll'ertur.
3060 4030 3129 4084 Et
3173 4040 3235 4086 ut
3264 4031 3390 4087 uni-

1820 4143 1978 4184 verse
2036 4126 2215 4183 dicam
2249 4166 2265 4192 ,
2322 4124 2629 4182 secundum
2686 4125 2953 4179 rationem
3001 4122 3387 4180 distantiarum

1821 4213 2228 4286 magnitudines
2277 4213 2737 4270 illuminationnm
2798 4221 3135 4285 spectantur.
3167 4211 3388 4269 Postre-

1821 4320 1934 4368 mo,
1961 4318 2084 4358 cum
2117 4304 2245 4358 luna
2279 4304 2510 4363 subierit
2536 4306 2729 4370 solem,
2764 4318 2961 4373 expers
3020 4302 3243 4357 luminis
3291 4318 3389 4373 ap—

1822 4401 1997 4466 paret.
2040 4391 2492 4463 Hemisphazrium
2524 4395 2670 4449 enim
2699 4395 2821 4464 ejus
2853 4395 3217 4450 illuminatum
3265 4410 3392 4449 sur-

161 4492 259 4545 Καὶ
287 4494 517 4548 καθόλου
542 4494 600 4548 δὲ
617 4493 754 4566 πρὸς
780 4493 937 4562 λόγον
952 4492 1061 4547 τῶν
1085 4491 1417 4546 διαστάσεων
1427 4489 1499 4543 τὰ
1513 4486 1716 4563 μεγέθη

1822 4499 1943 4539 sum
1994 4481 2063 4536 ad
2122 4482 2293 4539 solem
2352 4498 2676 4540 conversum
2719 4492 2837 4539 est:
2888 4484 3035 4541 unde
3093 4486 3219 4553 jure
3262 4501 3390 4553 pars

155 4582 251 4639 τῶν
301 4585 605 4658 φωτισμῶν
659 4585 964 4657 θεωρεῖται.
997 4583 1069 4638 Τὸ
1104 4582 1162 4636 δὲ
1209 4581 1538 4644 τελευταῖον,
1586 4579 1717 4633 ὅταν

159 4675 486 4752 ὑποτραχάσῃ
511 4676 593 4747 τῷ
623 4676 759 4749 ἡλίῳ
781 4678 815 4746 ἡ
859 4676 1078 4748 σελήνη,
1100 4672 1404 4745 ἀφώτιστος
1435 4671 1712 4743 βλέπεται.

158 4765 223 4818 Τὸ
239 4769 340 4840 γὰρ
362 4768 722 4840 ἡμισφαίριον
741 4767 914 4838 αὐτῆς
928 4768 989 4821 τὸ
1004 4764 1413 4837 πεφωτισμένον
1441 4763 1554 4817 ἄνω
1582 4761 1717 4833 πρὸς

159 4856 395 4929 τδνὴλιον
412 4860 786 4932 ἐπέστραπταί
803 4878 818 4891 ο
845 4859 966 4914 ὅθεν
999 4858 1233 4927 εὐλόγως
1258 4858 1387 4927 ἡμῖν
1407 4853 1717 4925 ἀθεώρητον

164 4947 347 5012 γίνεται
376 4952 438 5005 τὸ
460 4951 875 5022 πεφωτισμένον
919 4950 1083 5021 μέρος
1107 4950 1207 5021 τῆς
1235 4949 1483 5021 σελήνης.
1526 4946 1615 5012 Ἐξ
1641 4939 1717 4999 ὧν

164 5042 391 5112 ςσνερδν,
434 5043 518 5096 ὅτι
579 5044 614 5115 ἡ
667 5042 863 5112 σελήνη
920 5040 1025 5095 ὑπὸ
1068 5041 1162 5095 τοῦ
1206 5040 1355 5111 ἡλίου
1398 5040 1713 5110 φωτίζεται.

167 5125 419 5196 λαμϐάνει
436 5132 500 5187 δὲ
545 5133 675 5195 τοὺς
705 5132 914 5195 πάντας
939 5134 1350 5203 σχηματισμοὺς
1382 5134 1416 5203 ἡ
1442 5130 1637 5203 σελήνη
1661 5133 1718 5185 ἐν

168 5216 235 5285 ’τῷ
263 5223 488 5294 μηνιαίῳ
513 5223 692 5295 χρόνῳ
716 5223 1005 5294 τέσσαρας,
1029 5225 1111 5287 δὶς
1140 5224 1335 5286 αὐτοὺς
1358 5222 1713 5276 ἀποτελοῦσα.

170 5306 272 5362 Εἰσὶ
305 5312 360 5365 δὲ
394 5316 442 5367 oi
492 5317 863 5386 σχηματισμοὶ
909 5317 1041 5383 οἵδε,
1070 5316 1373 5386 μηνοειδὴς,
1416 5315 1718 5387 διχότομος,

172 5398 505 5474 ἀμφίκυρτος,
528 5405 882 5476 πανσέληνος.
918 5406 1218 5478 Μηνοειδὴς
1249 5406 1345 5477 μὲν
1380 5401 1472 5461 οὖν
1510 5405 1720 5475 γίνεται

175 5504 207 5538 π
232 5493 280 5559 ρῖ
298 5494 389 5559 τὰς
431 5496 607 5568 ἀρχὰς
655 5496 762 5551 τῶν
797 5497 979 5568 μηνῶν
1008 5516 1021 5531 ο
1070 5498 1350 5569 διχότομος
1369 5497 1427 5551 δὲ
1471 5494 1600 5567 περὶ
1620 5495 1721 5566 τὴν

1824 4576 1969 4631 lunae
2000 4575 2309 4629 illuminata
2333 4590 2442 4631 non
2475 4584 2774 4647 spectatur.
2809 4574 2887 4631 Ex
2943 4576 3144 4646 quibus
3200 4578 3391 4632 mani-

1824 4668 2022 4726 festum
2046 4676 2151 4730 est,
2185 4668 2369 4723 lunam
2392 4682 2424 4722 a
2462 4670 2578 4725 sole
2609 4669 2930 4726 illuminari.
2964 4669 3178 4741 Accipit
3209 4680 3391 4727 autem

1821 4778 2017 4818 omnes
2042 4762 2507 4832 conligurationes
2539 4763 2668 4818 luna
2716 4772 2951 4833 quatuor
3006 4762 3062 4818 in
3109 4778 3392 4819 menstruo

1824 4863 2093 4924 tempore,
2131 4854 2217 4910 bis
2238 4868 2334 4910 eas
2363 4855 2625 4912 eﬁiciens.
2676 4852 2817 4911 Sunt
2868 4865 3047 4911 autem
3086 4859 3392 4926 conligunt-

1825 4946 2010 5001 tioncs
2068 4944 2173 5007 hae,
2237 4943 2458 5008 falcata,
2511 4944 2816 5007 dimidiata.
2875 4944 3101 5016 gibbosa
3128 4956 3184 5000 et
3211 4945 3387 5016 plena.

1827 5038 2050 5094 Falcata
2076 5039 2310 5094 efﬁcitur
2340 5042 2488 5095 circa
2533 5040 2802 5112 principia
2856 5041 3164 5109 mensium;
3224 5042 3390 5097 dimi-

1825 5130 1971 5185 diata
2002 5133 2150 5184 circa
2179 5130 2322 5186 diem
2378 5141 2627 5188 octavam
2693 5148 2929 5196 mensus;
2976 5134 3202 5204 globosa
3243 5135 3389 5189 circa

1826 5219 2203 5276 duodecimam
2234 5238 2251 5287 ;
2281 5228 2335 5276 et
2367 5221 2522 5293 plena
2558 5223 2702 5277 circa
2749 5223 3090 5278 medietatem
3146 5224 3389 5280 mensis:

1827 5326 1890 5365 ac
1927 5324 2119 5366 rursus
2152 5311 2378 5382 gibbosa
2412 5323 2533 5383 post
2566 5312 2909 5368 medietatem
2944 5316 3182 5381 mensis;
3234 5319 3392 5368 dlml-

1827 5402 1976 5458 diata
2026 5402 2175 5457 circa
2231 5404 2547 5459 vicesimam
2611 5405 2864 5466 tertiam;
2904 5412 2958 5463 ct
3007 5406 3204 5461 falcata
3247 5406 3391 5459 circa

1828 5503 2103 5549 extremos
2127 5508 2362 5550 menses.
3300 5528 3305 5535 ·

173 5578 338 5656 ῧγόὁην
362 5590 455 5642 τοῦ
488 5592 685 5661 μηνός
717 5591 1059 5663 ἀμφίκυρτος
1084 5592 1140 5646 δὲ
1159 5609 1223 5645 πε
1233 5592 1287 5663 ρὶ
1320 5590 1419 5663 τὴν
1455 5588 1790 5660 δωδεκάτην⁸
1833 5586 2164 5656 πανσέληνος
2186 5587 2241 5640 δὲ
2269 5586 2395 5657 περὶ
2418 5586 2515 5658 τήν
2544 5586 2874 5659 διχομηνίαν.
2903 5585 3012 5639 Καὶ
3027 5584 3188 5639 πάλιν
3232 5583 3397 5653 ἀμφί-

178 5688 346 5744 κυρτῆς
382 5682 516 5750 μετὰ
565 5681 663 5754 τήν
706 5683 1056 5754 διχομηνίαν·
1103 5683 1380 5755 διχότομος
1427 5684 1483 5740 δὲ
1540 5682 1666 5754 περὶ
1691 5680 1790 5743 τὴν
1824 5677 2073 5749 εἰκοστήν
2114 5676 2303 5749 τρίτην
2325 5694 2337 5710 ο
2379 5680 2659 5749 μηνοειδής
2696 5676 2755 5734 δὲ
2784 5679 2914 5749 περὶ·
2941 5674 3006 5730 τὰ
3051 5673 3250 5747 ἔσχατα
3284 5672 3390 5726 τῶν

192 5781 256 5835 PT.
261 5786 280 5818 ‘t
286 5770 353 5822 ὢν
362 5815 373 5826 .
