3786 6316
450 388 560 449 819

1440 376 1786 434 APPENDIX
1818 374 1917 430 ‘AD
1954 371 2226 429 EUSEBll
2264 367 2683 429 CIIRONICON.

3564 364 3655 420 810

522 502 645 561 Non
673 515 887 572 semper
918 505 1100 555 autem
1140 496 1195 552 in
1226 494 1417 552 diebus
1464 494 1708 565 ejusdem
1766 491 2007 548 nominis

2185 490 2259 544 Οὐ
2286 489 2375 544 διὰ
2402 480 2602 552 παντὸς
2644 485 2700 539 δὲ
2726 487 2781 539 ἐν
2822 484 2939 546 τειῖς
2973 480 3279 552 ὁμωνύμοις
3310 478 3533 552 ἡμέραις
3550 486 3658 548 τοὺς

453 595 678 656 easdem
711 591 1174 665 conﬁgurationes
1206 589 1335 644 luna
1369 586 1551 652 eﬁicit,
1587 589 1682 644 sed
1733 588 1788 642 in
1822 587 2007 643 diver-

456 690 537 747 sis
595 686 788 743 diebus
844 681 1143 740 secundum
1189 679 1614 753 inaequalitatem
1640 687 1842 735 motus.
1878 679 2013 735 Cum

455 776 605 833 enim
661 773 944 830 celerrima
972 778 1076 836 est,
1107 781 1330 842 apparet
1367 770 1496 826 luna
1549 769 1747 824 falcata
1780 770 1901 842 ipso
1928 769 2017 826 die

453 863 758 931 novilunii;
817 879 939 919 cum
991 860 1329 927 tardissima,
1376 860 1465 916 die
1513 860 1696 924 tertio,
1724 867 1779 915 et
1832 867 2017 914 manet

455 956 657 1013 falcata
690 954 963 1010 interdum
995 967 1168 1022 usque
1189 951 1260 1007 ad
1297 950 1440 1008 diem
1493 952 1745 1021 quintum
1777 970 1793 1015 ;
1848 952 2016 1005 intrr-

458 1053 586 1107 dum
618 1064 743 1105 cum
779 1046 1085 1103 tardissima
1104 1053 1400 1116 est,usque
1427 1046 1493 1099 ad
1515 1044 1806 1117 septimum
1836 1045 2013 1106 diem;

453 1140 735 1198 dimidiata
767 1138 1025 1203 efﬁcitur,
1054 1154 1181 1195 cum
1207 1146 1293 1195 est
1322 1138 1687 1201 velocissima,
1718 1138 1864 1193 circa
1893 1151 2014 1191 sex-

453 1244 603 1300 tum;
668 1247 794 1288 cum
846 1231 1182 1294 tardissima,
1237 1231 1386 1287 circa
1456 1237 1746 1296 octavum;
1790 1228 2017 1300 gibbosa

454 1325 707 1391 efﬁcitur,
739 1338 863 1380 cum
876 1307 972 1381 est
1002 1322 1309 1387 celerrima,
1344 1322 1490 1377 circa
1522 1320 1791 1376 decimum
1824 1337 1841 1387 ;
1890 1334 2014 1373 cum

456 1428 541 1476 est
589 1410 923 1482 tardissima,
955 1416 1100 1471 circa
1138 1415 1236 1484 13;
1268 1415 1429 1487 plena
1460 1413 1726 1477 redditur,
1760 1427 1883 1467 cum
1933 1418 2018 1466 est

452 1510 758 1577 celerrima,
822 1508 968 1563 circa
1028 1506 1129 1573 l3;
1193 1520 1319 1561 cum
1367 1504 1700 1568 tardissima,
1733 1503 1878 1557 circa
1910 1501 2015 1567 l'l;

452 1600 683 1671 gibbosa
713 1598 979 1662 secundo,
1009 1612 1132 1652 cum
1166 1605 1249 1651 est
1284 1594 1592 1653 celerrima,
1632 1592 1690 1647 ﬁt
1736 1592 1883 1647 circa
1925 1590 2015 1655 18,

448 1705 573 1744 cum
607 1689 943 1752 tardissima,
977 1687 1122 1741 circa
1150 1686 1254 1750 εἰς
1284 1684 1565 1740 dimidiata
1601 1683 1864 1748 secundo,
1892 1697 2017 1737 cum

448 1788 534 1835 est
571 1779 881 1843 celerrima,
910 1778 1059 1833 circa
1087 1777 1180 1840 21,
1205 1792 1331 1833 cum
1354 1774 1692 1839 tardissima,
1743 1775 1891 1829 circa
1917 1774 2010 1839 25;

2121 582 2320 646 αὐτοὺς
2380 576 2794 651 σχηματισμοὺς
2844 578 2878 646 ἡ
2926 573 3119 644 σελήνη
3149 569 3415 625 ἀποτελεῖ.
3460 570 3585 624 Ἀλλ’
3606 574 3657 626 ὲν

2124 671 2403 745 διαφόροις
2450 670 2687 743 ἡμέραις
2728 668 2867 721 κατίι
2915 665 3013 737 τὴν
3053 662 3366 733 ἀνωμαλίαν
3406 662 3501 734 τῆς
3532 667 3658 736 κινή-

2123 783 2281 830 σεως.
2315 763 2555 836 Ταχίστη
2585 763 2683 832 μὲν
2710 761 2821 831 γὰρ
2851 758 3099 829 φαίνεται
3123 758 3157 828 ή
3190 755 3384 827 σελήνη
3408 755 3660 826 μηνοειδής

2122 861 2187 930 τῇ
2236 856 2529 927 νουμηνίᾳ·
2588 851 2892 926 βραδυτὰτη
2945 849 3001 903 δὲ
3039 850 3106 920 τῇ
3162 847 3338 919 τρίτῃ.
3380 847 3486 899 Καὶ
3533 845 3659 916 μένει

2126 947 2432 1020 μηνοειδὴς,
2465 947 2554 1001 ὁτὲ
2604 945 2704 1018 μὲν
2728 944 2773 975 ⁸⁸
2797 944 2900 1007 ἕως
2920 943 3018 1011 τῆς
3049 939 3326 1010 πέμπτης,
3357 935 3444 988 ὁτὲ
3478 937 3530 990 δὲ
3553 937 3660 1007 βρα-

2121 1041 2367 1105 δύτατον,
2394 1039 2497 1103 ἕως
2532 1037 2631 1109 τῆς
2670 1035 2902 1106 ἑϐδόμης
2921 1051 2935 1064 ·
2966 1032 3243 1102 διχότομος
3274 1029 3330 1083 δὲ
3361 1026 3557 1097 γίνεται
3579 1044 3659 1080 τα-

2123 1131 2280 1202 χίστη
2310 1132 2409 1202 μὲν
2439 1129 2567 1201 περὶ
2614 1129 2713 1198 τὴν
2761 1127 2951 1196 ἕκτην,
3004 1121 3310 1195 βραδυτάτη
3341 1120 3397 1173 δὲ
3427 1119 3548 1189 περὶ
3578 1118 3661 1187 τὴν

2122 1220 2312 1292 ὀγδόην
2336 1237 2351 1251 ο
2396 1218 2737 1291 ἀμφίκυρτος
2782 1216 2841 1269 δὲ
2880 1213 3088 1284 γίνεται
3150 1212 3277 1282 περὶ
3330 1209 3427 1280 τὴν
3456 1208 3662 1277 δεκάτην

2122 1312 2373 1383 ταχίστη,
2439 1307 2744 1380 βραδυτάτη
2776 1306 2833 1359 δὲ
2871 1305 3000 1376 περὶ
3022 1304 3118 1375 τὴν
3154 1308 3248 1370 ιγ’·
3272 1298 3591 1369 πανσέληνος
3616 1296 3661 1350 δὲ

2124 1404 2329 1472 γίνεται
2353 1401 2580 1470 ταχίστη
2618 1400 2713 1469 μὲν
2745 1398 2871 1468 περί
2901 1395 2998 1466 τὴν
3036 1401 3121 1464 ιγ’,
3151 1389 3526 1465 βραδυτάτηδὲ
3556 1388 3663 1461 περὶ

2123 1495 2221 1567 τὴν
2258 1492 2338 1558 ιζ’.
2409 1491 2772 1563 ’Ᾱμφίκυρτος
2836 1488 2894 1541 δὲ
2929 1490 2989 1540 τδ
3031 1484 3300 1556 δεύτερον,
3332 1484 3552 1555 ταχίστη
3584 1481 3665 1552 μὲν

2125 1585 2407 1642 ἀνατέλλει
2438 1583 2565 1655 περὶ
2597 1581 2694 1653 τὴν
2741 1588 2830 1652 ιη’,
2868 1578 3173 1653 βραδυτάτη
3205 1577 3264 1631 δὲ
3292 1578 3422 1650 περὶ
3454 1576 3547 1648 τὴν
3576 1572 3662 1645 κβ’.

2124 1677 2413 1748 Διχότομος
2442 1674 2498 1727 δὲ
2556 1673 2762 1742 γίνεται
2795 1671 2857 1725 τὸ
2881 1670 3130 1742 δεύτερον
3172 1668 3401 1739 ταχίστη
3439 1668 3535 1738 μὲν
3556 1665 3664 1739 περὶ

2123 1768 2221 1841 τὴν
2272 1768 2461 1821 εἰκάδα
2518 1767 2611 1821 καὶ
2656 1766 2817 1836 μίαν,
2878 1763 3181 1834 βραδυτάτη
3230 1762 3287 1815 δὲ
3333 1762 3458 1831 περὶ
3479 1760 3571 1833 τήν
3596 1761 3660 1813 εἰ·

453 1869 647 1926 l'alcata
697 1866 939 1925 secundo
970 1867 1051 1932 ﬁt,
1081 1882 1207 1923 cum
1239 1876 1326 1923 est
1361 1866 1673 1930 celerrima,
1728 1866 1876 1920 circa
1904 1864 1976 1919 ΞΒ
1998 1906 2013 1931 ,

2124 1862 2260 1918 κάδα
2309 1863 2402 1915 καὶ
2432 1861 2622 1932 τρίτην
2648 1877 2661 1890 ·
2698 1858 2981 1930 μηνοειδὴς
3018 1856 3074 1910 δὲ
3098 1855 3306 1925 γίνεται
3329 1856 3390 1908 τὸ
3411 1854 3658 1925 δεύτερον,

453 1960 579 2012 c’um
631 1965 715 2013 est
768 1956 1104 2022 tardissima,
1155 1959 1300 2011 circa
1322 1954 1413 2011 26.
1447 1953 1644 2010 Τοιιιιιι
1668 1963 1846 2010 autem
1881 1960 2016 2008 tem-

452 2065 557 2121 pus
590 2059 930 2106 menstruum
962 2056 1049 2105 est
1078 2050 1288 2106 dierqu
1323 2049 1392 2104 29
1421 2049 1523 2120 l/2
1579 2048 1702 2119 1/5.
1747 2046 1839 2100 Est
1869 2046 2014 2101 enim

454 2139 660 2195 mensis
689 2147 903 2210 tempus
927 2154 958 2193 a
988 2139 1378 2210 conjunctione
1428 2137 1494 2193 ad
1531 2137 1971 2207 coniunctionem
1998 2152 2016 2202 ;

455 2244 486 2283 a
518 2229 816 2300 plenilunio
839 2228 907 2284 ad
928 2230 1309 2301 plenilunium,
1356 2228 1673 2300 conjunctio
1725 2236 1904 2283 autem
1931 2235 2013 2282 est

455 2329 665 2390 tempus
717 2320 772 2376 in
834 2337 943 2391 quo
994 2321 1077 2377 sol
1127 2328 1182 2375 et
1212 2321 1338 2374 luna
1359 2320 1414 2373 in
1435 2318 1627 2375 eodem
1684 2317 1856 2389 gradu
1882 2332 2014 2374 con-

453 2415 775 2471 situuntur.
810 2414 965 2481 Quod
994 2414 1262 2484 contingit
1299 2413 1385 2469 die
1412 2411 1480 2467 50
1508 2411 1735 2467 mensis.

1069 2608 1299 2666 CAPUT
1335 2607 1473 2664 Vill.

985 2703 1066 2760 De
1114 2704 1296 2773 eclipsi
1335 2704 1486 2759 satis.

526 2814 671 2871 Solis
707 2814 940 2886 eclipses
987 2814 1124 2870 ﬁunt
1178 2829 1243 2869 ex
1289 2812 1616 2883 interpositu
1687 2811 1850 2868 lunae.
1877 2810 2018 2866 Cum

452 2907 603 2962 enim
659 2908 744 2963 sol
801 2907 1054 2978 superius
1076 2906 1304 2969 feratur,
1337 2907 1465 2961 luna
1494 2904 1747 2967 inferius,
1794 2918 1919 2959 cum
1960 2906 2018 2957 in

451 2996 641 3053 eodem
669 2996 840 3069 gradu
868 2997 1068 3053 fuerint
1101 2998 1184 3052 sol
1211 3006 1267 3052 et
1301 2998 1426 3051 luna
1457 2997 1560 3052 sub
1601 2996 1771 3052 solem
1793 2995 2017 3051 subiens

451 3090 558 3145 ista
583 3088 939 3145 ofﬁcitradiis
972 3090 1125 3154 solis,
1159 3090 1250 3160 qui
1285 3088 1353 3144 ad
1385 3104 1484 3144 nos
1513 3088 1784 3144 feruntur.
1816 3086 2017 3152 Quam-

2115 1953 2343 2024 ταχίστη
2397 1951 2494 2023 μὲν
2525 1949 2651 2022 περὶ
2678 1949 2774 2020 τὴν
2805 1948 2994 2002 εἰκάδα
3044 1948 3140 2001 καὶ
3166 1945 3443 2017 πέμπτην,
3487 1943 3661 2015 βραδυο

2117 2044 2255 2115 τάτη
2286 2043 2343 2097 δὲ
2371 2043 2499 2114 περὶ
2525 2041 2620 2113 τὴν
2659 2040 2847 2095 εἰκάδα
2874 2040 2966 2094 καὶ
2999 2039 3183 2113 ἕκτην.
3219 2036 3277 2091 ὐ
3302 2036 3359 2090 δὲ
3388 2038 3493 2099 πᾶς
3517 2053 3654 2107 μηνι-

2117 2139 2232 2200 αἶος
2249 2135 2434 2208 χρόνος
2451 2134 2669 2205 ήμερῶν
2686 2135 2799 2185 ἐστι
2815 2133 2893 2186 κθ¹
2910 2132 3014 2203 αίβ
3030 2131 3157 2202 αίγ·
3177 2128 3409 2200 ἔστιγὰρ
3428 2128 3530 2199 μὴν
3545 2126 3658 2198 χρόο

2118 2246 2207 2292 νος
2237 2227 2344 2282 ἀπὸ
2367 2225 2589 2279 συνόδου
2610 2227 2689 2288 εἰς
2714 2225 2949 2288 σύνοδον,
2984 2223 3090 2277 ἀπὸ
3108 2223 3209 2293 τῆς
3239 2221 3563 2290 πανσελήνου
3578 2214 3659 2272 ἐπὶ

2090 2316 2095 2323 ’
2118 2322 2215 2392 τὴν
2248 2320 2599 2392 πανσέληνον·
2635 2318 2845 2383 σύνοδος
2871 2318 2929 2373 δέ
2951 2319 3067 2371 ἐστι
3094 2316 3302 2390 χρόνος,
3334 2318 3391 2368 ὲν
3478 2315 3505 2366 ό
3528 2312 3657 2384 ἥλιος

2120 2415 2213 2468 καὶ
2243 2415 2276 2484 ή
2305 2413 2498 2485 σελήνη
2528 2413 2587 2465 ὲν
2613 2415 2678 2484 τῇ
2709 2414 2846 2484 αὐτῇ
2880 2411 3044 2484 μοίρᾳ.
3065 2412 3324 2481 γίνονται.
3345 2412 3514 2482 ’Ὅπερ
3542 2424 3658 2478 συμ-

2122 2506 2293 2560 ϐαίνει
2317 2508 2383 2577 τῇ
2410 2504 2682 2578 τριακάδι.

2643 2614 3032 2669 ΚΕΦΑΛΑΙΟΝ
3075 2614 3155 2667 ιιι.

2526 2707 2663 2775 Περί
2708 2706 3034 2774 ἐκλείψεως
3070 2705 3265 2774 ἡλίου.

2188 2822 2253 2874 Δί
2279 2819 2373 2873 τοῦ
2400 2819 2550 2891 ήλίου
2582 2817 2849 2887 ἐκλείψεις
2899 2815 3138 2884 γίνονται
3179 2816 3301 2867 κατ’
3357 2811 3663 2886 ἐπιπρόσθη-

2122 2928 2206 2966 σιν
2230 2911 2479 2982 σελήνης.
2496 2908 2914 2980 Μετεωροτέρου
2939 2907 3048 2978 γὰρ
3075 2906 3376 2978 φερομένου
3401 2904 3492 2957 τοῦ
3506 2904 3657 2974 ήλίου,
3727 2900 3731 2904 ’

2117 3003 2505 3074 ταπεινοτέρας
2532 3002 2588 3055 δὲ
2638 3001 2736 3070 τῆς
2774 2998 3032 3069 σελήνης,
3057 2998 3184 3052 ὅταν
3222 2997 3365 3051 κατά
3393 2996 3487 3068 τὴν
3513 2994 3661 3062 αὐτὴν

2123 3100 2313 3169 μοῖραν
2327 3096 2547 3167 γένηται
2580 3095 2609 3147 ὁ
2635 3094 2783 3164 ἣλιος
2805 3091 2897 3146 καὶ
2919 3094 2953 3163 ή
2988 3090 3203 3162 σελήνη,
3227 3089 3663 3162 ὑπότροχὰσασαή

453 3180 643 3236 οὶιιοείιι
700 3196 771 3236 ne
819 3181 1107 3237 dicendum
1135 3180 1354 3252 quidem
1392 3189 1499 3243 est,
1529 3195 1623 3236 eas
1655 3178 1874 3249 proprie
1895 3192 2017 3233 esse

2124 3186 2319 3258 σελήνη
2343 3186 2420 3256 τῷ
2443 3186 2576 3257 ἡλίῳ
2599 3183 2946 3255 ἀντιφράττει
2969 3185 3090 3246 ταῖς
3114 3181 3222 3236 ἀπὸ
3240 3181 3336 3236 τοῦ
3362 3181 3505 3253 ἡλίου
3527 3196 3666 3250 φερο-

453 3274 707 3344 eclipses,
763 3273 860 3329 sed
911 3273 1374 3345 interpositiones.
1418 3270 1553 3325 Nam
1606 3271 1740 3326 solis
1797 3269 2016 3339 quidem

451 3368 603 3422 nulla
635 3382 764 3437 pars
797 3381 1033 3436 unquam
1064 3364 1317 3430 deﬁciet;
1352 3364 1511 3420 nobis
1576 3378 1706 3419 vero
1746 3364 1861 3433 ipse
1898 3361 2019 3415 red-

451 3459 600 3515 ditur
629 3459 918 3514 invisibilis
971 3467 1192 3529 propter
1221 3458 1591 3513 iucursiouem
1634 3457 1795 3510 lunae.
1844 3455 2017 3521 Quam

451 3556 523 3606 ob
581 3566 805 3606 causam
866 3565 937 3605 ne
977 3551 1216 3619 aequales
1266 3548 1487 3619 quidem
1542 3563 1737 3603 rursus
1786 3547 2019 3614 eclipses

456 3644 626 3710 ﬁunt;
667 3644 764 3699 sed
794 3642 1096 3698 secundum
1121 3643 1399 3698 climatum
1431 3640 1767 3696 diﬁ‘erentias
1812 3655 2020 3709 magna:

454 3734 801 3790 diversitates
841 3732 977 3788 ﬁunt
1045 3734 1195 3787 circa
1260 3720 1661 3803 magnitudines
1704 3730 2015 3798 eclipsium.

456 3826 657 3881 Eodem
688 3827 835 3881 enim
892 3835 1138 3892 tempore
1187 3824 1312 3880 aliis
1359 3832 1505 3879 totus
1543 3822 1727 3878 deﬁcit
1755 3822 1870 3887 sol;
1897 3822 2019 3877 aliis

458 3917 722 3974 medietas
765 3918 937 3981 solis;
973 3918 1095 3973 aliis
1133 3918 1315 3972 minor
1374 3931 1500 3987 pars
1535 3915 1862 3980 medietate;
1897 3914 2019 3969 aliis

457 4010 603 4063 nulla
639 4025 766 4079 pars
795 4009 1020 4063 omnino
1053 4008 1187 4065 solis
1231 4008 1465 4064 deﬁcere
1493 4007 1727 4062 videtur.
1758 4005 1894 4060 Nam
1925 4007 2017 4076 qui

455 4101 702 4155 habitant
757 4101 811 4155 in
845 4099 1232 4171 perpendiculo
1278 4098 1709 4169 interpositionis
1737 4099 1900 4162 lunae,
1934 4098 2019 4152 his

453 4199 605 4248 totus
639 4194 720 4246 sol
751 4192 1109 4247 absconditur
1142 4208 1156 4258 ;
1197 4191 1288 4261 qui
1349 4205 1476 4245 vero
1522 4197 1677 4243 extra
1729 4187 2019 4258 perpendi-

453 4285 639 4338 culum
691 4290 898 4354 partem
937 4284 1175 4352 aliquam
1215 4281 1653 4352 interpositionis
1678 4280 1901 4341 habent,
1949 4279 2019 4335 iis

453 4391 585 4449 pars
613 4376 798 4446 aliqua
823 4375 956 4429 solis
988 4375 1221 4430 deﬁcere
1274 4374 1523 4440 videtur;
1568 4374 1666 4444 qui
1686 4388 1817 4428 vero
1843 4372 2020 4426 omni-

451 4483 525 4523 no
552 4475 705 4523 extra
742 4466 1210 4536 interpositionem
1260 4465 1529 4528 habitant,
1574 4464 1664 4519 bis
1705 4462 1853 4519 nulla
1893 4476 2020 4530 pars

2125 3280 2315 3351 μεναις
2347 3279 2537 3345 αὐγαῖς
2563 3276 2698 3347 πρὸς
2729 3276 2896 3345 ἡμᾶς.
2932 3274 3130 3344 Διόπερ
3153 3272 3276 3327 οὐδὲ
3301 3273 3488 3344 ῥητέον
3518 3270 3664 3331 αὑτὰς

2118 3370 2324 3441 κυρίως
2355 3369 2643 3439 ἐκλείψεις,
2691 3367 2805 3421 ἀλλ’
2827 3365 3271 3439 ὲπιπροσθήσεις.
3306 3364 3415 3417 ’1ὀῦ
3453 3364 3548 3435 μὲν
3573 3362 3665 3432 γὰρ

2123 3462 2272 3537 ἡλίου
2331 3460 2453 3514 οὐδὲ
2509 3460 2567 3512 ἓν
2604 3459 2766 3529 μέρος
2807 3456 3060 3511 οὐδέποτε
3122 3455 3393 3525 ἐκλείψει·
3450 3455 3575 3525 ἡμῖν
3616 3450 3666 3505 δὲ

2121 3555 2430 3625 ἀθεώρητος
2457 3553 2663 3621 γίνεται
2694 3550 2783 3605 διὰ
2838 3550 2937 3620 τὴν
2966 3547 3360 3619 ὲπιπρόσθησιν
3402 3547 3498 3617 τῆς
3526 3544 3663 3612 σελή-

2121 3663 2237 3717 νης.
2262 3645 2340 3697 Δι’
2366 3643 2432 3714 ἣν
2452 3642 2628 3696 αἰτίαν
2655 3642 2761 3694 οὐδ’
2797 3640 2906 3694 ίσαι
2940 3640 3099 3694 πάλιν
3125 3641 3182 3693 αἰ
3218 3639 3486 3709 ἐκλείψεις
3510 3637 3665 3707 γίνον-

2121 3753 2210 3790 ται
2236 3754 2249 3766 ·
2270 3736 2407 3789 ἀλλὰ
2438 3735 2577 3789 κατὰ
2603 3734 2701 3796 τὰς
2727 3734 2836 3785 τῶν
2859 3732 3135 3803 κλιμάτων
3164 3731 3429 3802 διαφορὰς
3456 3728 3661 3801 μεγάλαι

2123 3826 2468 3899 παραλλαγαὶ
2485 3825 2724 3893 γίνονται
2748 3841 2812 3876 πε
2823 3824 2876 3893 pl.
2903 3823 2974 3876 τὰ
3003 3822 3207 3893 μεγέθη
3240 3822 3351 3876 τῶν
3375 3820 3657 3890 ἐκλείψεων.

2120 3919 2273 3972 Κατὰ
2308 3918 2417 3988 γὰρ
2437 3917 2526 3970 τόν
2548 3917 2708 3971 αὑτὸν
2737 3916 2924 3987 χρόνον
2955 3914 3062 3984 (45)
3092 3908 3175 3978 οἷς
3211 3914 3310 3985 μὲν
3338 3914 3456 3978 ὅλος
3480 3915 3507 3966 ό
3535 3912 3662 3983 ἣλιος

2117 4010 2379 4070 ἐκλείπει,
2395 4003 2475 4071 οἷς
2488 4008 2544 4061 δὲ
2557 4009 2616 4061 τὸ
2630 4008 2664 4077 ἤ
2673 4026 2796 4078 μισυ
2806 4047 2819 4069 ,
2833 4003 2914 4070 οἷς
2927 4007 2984 4060 δὲ
3001 4005 3061 4059 τὸ
3076 4005 3296 4059 ἔλαττον
3310 4006 3405 4059 τοῦ
3421 4005 3638 4077 ﬁnisse»;
3648 4017 3659 4029 '

2118 4097 2199 4165 οἷς
2215 4101 2269 4154 δὲ
2282 4100 2378 4172 τὴν
2402 4100 2576 4171 ἀρχὴν
2602 4100 2754 4152 οὐδὲν
2773 4099 2938 4170 μέρος
2952 4098 3045 4152 τοῦ
3063 4097 3216 4168 ήλίου
3231 4096 3534 4160 ἐκλελοιπὸς
3547 4094 3662 4148 θεω-

2124 4197 2314 4265 ρεῖται.
2350 4194 2502 4245 Ὅσοι
2530 4193 2626 4262 μὲν
2647 4190 2755 4262 γὰρ
2782 4190 2922 4244 κατὰ
2942 4189 3167 4244 κάθετον
3198 4189 3409 4245 οἰκοῦσι
3441 4190 3533 4260 τῆς
3563 4189 3663 4240 ὲπι-

2127 4285 2496 4355 πουσθήσεως,
2521 4284 2732 4348 τούτοις
2757 4284 2877 4347 ὅλος
2898 4283 3208 4356 ἀθεώρητος
3226 4283 3435 4353 γίνεται
3460 4282 3488 4335 ὁ
3521 4280 3666 4351 ἥλιος

2120 4381 2235 4441 τοῖς
2263 4377 2321 4430 δὲ
2356 4377 2460 4442 ἔξω
2504 4376 2668 4448 μέρος
2693 4394 2747 4429 τι
2779 4376 2879 4444 τῆς
2913 4376 3362 4447 ὲπιπροσθήσεως
3390 4374 3561 4445 ἔχουσι
3589 4367 3670 4440 μὲ-

2130 4487 2219 4539 ρος
2248 4487 2305 4521 τι
2331 4468 2426 4521 τοῦ
2469 4466 2621 4537 ήλίου
2670 4466 2980 4531 ἐκλελοιπὸς
3027 4467 3284 4537 βλέπεται
3303 4482 3317 4496 ·
3366 4468 3477 4528 τοῖς
3503 4463 3555 4517 δὲ
3583 4458 3671 4522 ἕξω

370 4877 379 4884 .
451 4848 576 4888 cum
609 4834 734 4888 luna
760 4834 1110 4903 coniungitur
1135 4849 1260 4887 cum
1285 4833 1439 4899 sole;
1473 4843 1527 4888 et
1557 4834 1684 4887 hinc
1730 4832 1872 4887 idem
1930 4845 2022 4884 co-

453 4560 589 4615 solis
643 4542 847 4613 deﬁcit.
904 4558 1059 4625 Quod
1108 4566 1291 4613 autem
1318 4558 1623 4613 secundum
1677 4556 2017 4624 interiectum

2127 4558 2431 4631 ὁλοσχερῶς
2457 4559 2558 4629 τῆς
2596 4557 3040 4629 ἐπιπροσθήσεως
3074 4556 3314 4612 οἰκοῦσιν
3348 4557 3496 4611 οὐδὲν
3534 4553 3673 4623 μέρος

454 4649 599 4705 luna:
622 4652 704 4707 sol
731 4651 971 4712 deﬁciat,
1021 4652 1321 4706 maximum
1361 4658 1447 4705 est
1476 4657 1882 4719 argumentum,
1912 4662 2017 4698 non

2132 4652 2227 4704 τοῦ
2254 4651 2407 4721 ἡλίου
2464 4650 2776 4714 ἐκλελοιπὸς
2831 4649 3134 4721 θεωρεῖται.
3178 4651 3300 4703 ’Ότι
3332 4649 3389 4702 δὲ
3434 4645 3565 4702 κατὰ
3588 4642 3672 4711 τὴν

457 4742 571 4797 ﬁeri
594 4742 650 4796 in
691 4743 796 4796 alio
818 4742 907 4797 die
942 4742 1200 4811 eelipses,
1250 4741 1359 4796 nisi
1394 4749 1605 4795 tantum
1640 4742 1694 4794 in
1718 4738 2017 4800 tricesimo,

2136 4739 2527 4811 ἐπιπρόσθησιν
2590 4742 2688 4810 τῆς
2733 4738 2957 4809 σελήνης
2988 4741 3017 4792 ὁ
3046 4738 3197 4808 ἥλιος
3242 4737 3502 4797 ὲκλείαι,
3539 4732 3672 4805 μέγι-

2134 4846 2257 4881 στον
2308 4829 2608 4900 τεκμήριον
2656 4828 2717 4882 τὸ
2747 4828 2820 4899 μὴ
2872 4826 3116 4895 γίνεσθαι
3153 4828 3213 4880 ὲν
3238 4826 3374 4899 ἄλλῃ
3398 4825 3569 4897 ήμέρᾳ
3591 4817 3672 4879 τὰς

453 4925 737 4990 gnoscitur
760 4963 775 4985 ,
798 4924 942 4993 quod
978 4939 1078 4993 pro
1100 4924 1312 4979 ratione
1338 4924 1579 4979 locorum
1619 4923 2017 4994 magnitudines

2130 4920 2421 4991 ἐκλείψεις.
2446 4918 2558 4974 ἀλλ’
2588 4921 2646 4973 ὲν
2682 4923 2746 4990 τῇ
2771 4922 3062 4991 τριακοστῇ
3099 4918 3279 4989 μόνον,
3311 4920 3400 4973 ὅτε
3434 4912 3671 4970 συνοδεύει

454 5013 744 5083 eclipsium
773 5014 923 5067 liaut.
1502 5017 1509 5024 '

2130 5012 2163 5076 ἠ
2199 5014 2393 5073 σελήνη
2421 5010 2501 5082 τῷ
2528 5010 2684 5083 ήλίῳ,
2727 5011 2819 5065 καὶ
2850 5013 2914 5063 ὲκ
2944 5009 3037 5064 τοῦ
3067 5010 3203 5081 πρὸς
3242 5010 3400 5079 λόγον
3423 5009 3527 5063 τῶν
3545 5003 3673 5075 οἰκή-

2130 5122 2264 5157 σεων
2290 5109 2360 5159 τὰ
2394 5103 2599 5175 μεγέθη
2632 5104 2740 5157 τῶν
2773 5101 3064 5173 ἐκλείψεων
3103 5100 3370 5171 γίνεσθαι.

547 5254 592 5285 ⁸⁸
625 5254 666 5323 f.
698 5254 787 5308 ὁτὲ
815 5252 913 5326 μὲν
937 5237 1183 5326 ταχίστη,
1212 5264 1267 5310 et
1298 5272 1419 5311 mox
1452 5256 1755 5330 βραδυτάτη

511 5408 639 5493 ,(45)
676 5408 841 5493 {fatri
871 5410 1128 5493 3-4pm»
1151 5412 1339 5469 αὐτὸν
1366 5415 1899 5493 xporor.__Totusne
1947 5415 2031 5471 sol

455 5481 749 5551 aliquando
794 5481 1041 5557 deﬁciat,
1095 5498 1164 5539 an
1218 5481 1520 5555 pars—ejus
1574 5486 1755 5557 aliqua
1815 5500 2033 5554 semper

451 5561 716 5632 «uergit,
756 5551 1067 5632 obducique
1110 5551 1368 5632 nequeat,
1416 5551 1531 5611 non
1577 5551 1720 5632 inter
1756 5551 2029 5632 principes

454 5623 596 5702 artis
623 5623 770 5677 illius
802 5624 1078 5702 convenit.
1109 5623 1243 5678 Nam
1277 5633 1437 5702 aetate
1467 5635 1655 5702 nostra
1679 5623 1866 5695 Tycho
1900 5623 2028 5702 Bra-

460 5690 596 5747 lieus
631 5690 849 5761 negavit
872 5692 941 5746 ab
967 5692 1118 5764 luna,
1144 5697 1440 5764 quamlibet
1464 5697 1697 5763 deiecta,
1724 5690 1897 5749 totum
1922 5695 1994 5750 ob
2012 5724 2027 5737 -

458 5764 673 5819 scurari
713 5777 874 5844 pqsse
914 5762 1046 5821 solis
1082 5762 1300 5835 orbem;
1337 5780 1401 5822 ac
1447 5762 1743 5823 diametros
1782 5775 2025 5836 aspecta-

2140 5414 2279 5468 liilvs
2309 5416 2453 5469 luna:
2485 5413 2724 5467 minores
2756 5413 2811 5467 in
2836 5427 2964 5484 syzy
3005 5415 3093 5477 iis,
3121 5429 3285 5484 quam
3318 5416 3541 5476 solares,
3561 5426 3672 5467 con-

2140 5486 2335 5537 stituit.
2377 5483 2587 5537 Puunat
2614 5490 2794 5537 autem
2824 5498 2891 5537 ex
2926 5430 3154 5537 adverso
3189 5493 3430 5537 veterum
3463 5482 3672 5537 auctori-

2139 5486 2335 5539 stituit.
2377 5483 2587 5554 Pugnat
2614 5490 2794 5539 autem
2824 5482 2891 5538 ex
2926 5482 3154 5540 adverso
3189 5493 3430 5541 veterum
3463 5482 3672 5539 auctori-

2138 5563 2255 5625 tas;
2304 5563 2417 5625 tum
2461 5554 2831 5625 experimenta
2876 5556 2995 5625 ipsa
3040 5570 3363 5625 magnorum
3405 5554 3669 5625 artiﬁcum2

2138 5623 2272 5678 Vide
2306 5618 2616 5694 Kepleru‘m,
2666 5624 2844 5692 capite
2879 5618 2912 5680 3
2946 5618 3160 5693 Οριὶεαῖ
3185 5628 3564 5685 astronomiae,
3593 5618 3671 5676 ubi

2139 5695 2385 5763 pluribus
2407 5694 2669 5764 exemplis
2701 5696 2964 5764 approbat
2996 5696 3165 5752 solem
3202 5696 3496 5764 aliquando
3522 5702 3670 5747 totum

2135 5780 2291 5834 posse
2322 5763 2578 5831 deﬁcere,
2602 5766 2744 5833 quod
2783 5766 2868 5821 bic
2913 5763 3171 5822 Geminus
3208 5763 3398 5824 noster
3447 5765 3668 5826 alﬁrmal:
