3786 6314
153 348 237 407 Sil
1150 342 1392 401 GEMINI
1432 340 1807 400 ELEMENTA
1845 336 2340 397 ASTRONOMIE.

1728 462 1777 517 A

646 457 1037 512 ΚΕΦΑΛΑΙΟΝ
1081 456 1161 512 Θ’.

429 575 571 644 Περὶ
604 575 930 644 ἐκλείψεως
960 573 1072 644 τῆς
1096 575 1388 645 σελήνης.

213 692 270 743 Ai
298 688 391 759 τῆς
422 688 653 760 σελήνης
678 686 950 758 ἐκλείψεις
977 686 1218 757 γίνονται
1248 685 1390 740 κατά
1414 687 1513 759 τήν
1542 688 1622 749 εἰς
1646 685 1709 738 τὸ

155 785 370 853 σκίασμα
406 782 507 853 τῆς
546 782 651 852 γῆς
690 780 971 852 ἔμπτωσιν
1004 781 1101 852 τῆς
1148 781 1395 854 σελήνης.
1436 779 1707 852 Καθάπερ

154 877 242 945 γὰρ
270 877 360 929 καὶ
390 874 457 927 τὸ.
475 873 638 928 λοιπά
664 872 771 927 τῶν
800 872 1088 944 σωμάτων,
1115 872 1459 946 φωτιζόμενα
1479 870 1583 925 ὑπὸ
1609 869 1704 925 τοῦ

152 964 300 1036 ἡλίου,
336 965 491 1029 σκιὰς
517 964 835 1030 ἀποϐάλλει,
869 964 1011 1019 οὕτω
1036 965 1131 1019 καὶ
1164 966 1197 1036 ή
1229 965 1325 1035 γῆ,
1362 964 1703 1037 φωτιζομένη

151 1054 236 1107 ὑπὸ
272 1054 361 1107 τοῦ
402 1053 573 1125 ἡλίου,
622 1052 781 1108 σκιὰν
829 1054 1143 1109 ἀποϐάλλει.
1180 1056 1289 1108 Καὶ
1320 1055 1419 1127 ήδη
1458 1056 1706 1127 μέντοιγε

148 1146 221 1198 διὰ
243 1145 298 1197 τὸ
323 1144 550 1215 μέγεθος
567 1146 667 1216 τῆς
690 1145 794 1217 γῆς
817 1145 1084 1219 εἰλικρινῆ
1112 1163 1174 1199 συ
1183 1146 1397 1217 μδαίνει
1423 1147 1521 1220 τὴν
1547 1148 1705 1201 σκιὰν

150 1232 379 1289 εἶναικαὶ
409 1236 649 1306 βαθεῖαν.
678 1237 847 1291 Ὅταν
871 1232 964 1291 οὖν
995 1237 1137 1292 κατὰ
1168 1238 1460 1310 διάμετρον
1481 1239 1705 1311 γένηται

149 1329 174 1397 ή
204 1327 385 1400 σελήνη
408 1327 486 1399 τῷ
514 1329 671 1400 ήλίῳ,
696 1330 819 1383 τότε
843 1329 936 1383 καὶ
962 1330 1023 1384 τὸ
1049 1331 1292 1401 σκίασμα
1314 1333 1411 1401 τῆς
1441 1332 1543 1403 γῆς
1565 1332 1707 1385 κατά

148 1419 413 1491 διάμετρον
443 1421 650 1489 γίνεται
684 1421 762 1492 τῷ
788 1422 944 1494 ἡλίῳ.
970 1422 1133 1477 Ὅθεν
1166 1424 1199 1494 ἡ
1236 1422 1433 1495 σελήνη
1462 1440 1709 1478 ταπεινο-

148 1512 263 1584 τέρα
288 1514 556 1585 φερομένη
586 1514 681 1569 τοῦ
710 1517 1063 1588 σκιάσματος,
1086 1516 1320 1586 εὐλόγως
1345 1517 1606 1588 ἐμπίπτει
1626 1519 1705 1582 είς

149 1607 200 1659 τὸ
225 1607 456 1678 σκίασμα
474 1607 573 1678 τῆς
596 1608 721 1678 γῆς.
764 1609 874 1662 Ἀεὶ
895 1610 952 1663 δέ
971 1608 1032 1663 τὸ
1053 1610 1323 1682 ἐμπίπτον
1345 1612 1516 1682 αὐτῆς
1542 1612 1707 1683 μέρος

150 1700 218 1763 είς
238 1700 294 1752 τὸ
321 1699 560 1771 σκίασμα
593 1701 692 1770 τῆς
720 1702 824 1773 γῆς
853 1701 1159 1771 ἀφώτιστον
1185 1703 1394 1772 γίνεται
1411 1703 1503 1757 τοῦ
1523 1703 1700 1775 ἡλίου,

3279 335 3385 391 823

2348 451 2456 523 25
2491 449 2722 507 CAPUT
2778 450 2867 507 ix.

2301 566 2380 620 De
2417 564 2699 634 eclipsibus
2741 567 2905 620 inme.

1879 680 2047 737 Lunae
2078 680 2314 752 eclipses
2352 682 2491 736 ﬁunt
2523 680 2827 739 secundum
2862 679 3214 735 incidentiam
3248 679 3388 734 lunae

1810 777 1864 831 in
1898 777 2152 831 umbram
2200 783 2383 831 terrai.
2416 773 2892 841 Quemadmodum
2918 772 3063 828 enim
3095 779 3150 827 et
3181 773 3388 842 reliqua

1807 883 2064 940 corpora,
2110 883 2236 923 cum
2275 883 2306 921 a
2338 868 2453 924 sole
2495 866 2893 931 illuminantur,
2943 864 3168 919 umbras
3218 862 3388 933 proji-

1807 962 1981 1023 ciunt,
2034 961 2116 1016 sic
2163 960 2329 1014 etiam
2379 968 2564 1024 terra,
2615 972 2740 1011 cum
2788 972 2820 1012 a
2859 955 2976 1011 sole
3026 955 3387 1017 illuminatur,

1805 1054 2025 1124 projicit
2074 1053 2347 1107 umbram.
2393 1050 2458 1103 Et
2495 1056 2643 1105 certe
2684 1048 2799 1118 jam
2846 1054 3071 1118 propter
3113 1046 3390 1115 magnitu-

1806 1146 1991 1200 dinem
2044 1150 2209 1199 terra:
2246 1141 2540 1213 contingit,
2581 1142 2832 1195 umbram
2877 1140 2997 1208 ejus
3038 1136 3388 1191 manifestam

1805 1244 1861 1291 et
1917 1235 2242 1306 profundam
2293 1242 2451 1290 esse.“
2480 1234 2615 1287 Cum
2663 1232 2828 1303 igitur
2870 1231 2999 1284 luna
3043 1228 3145 1283 soli
3183 1226 3390 1281 diame-

1808 1328 2022 1383 traliter
2073 1327 2407 1398 opponitur,
2471 1334 2601 1380 tunc
2679 1338 2894 1394 quoque
2965 1332 3125 1378 terra:
3195 1317 3388 1374 umbra

1805 1420 2197 1475 diametraliter
2252 1418 2549 1490 opponitur
2620 1416 2746 1473 soli.
2822 1413 2974 1470 Unde
3028 1414 3196 1476 luna,
3261 1425 3387 1465 cum

1805 1510 2037 1568 inferius
2080 1511 2287 1567 feratur
2329 1526 2495 1582 quam
2547 1508 2775 1574 umbra,
2833 1505 3145 1562 necessario
3197 1502 3390 1557 incidit

1805 1605 1864 1661 in
1912 1606 2162 1661 umbram
2220 1612 2400 1660 terrze.
2447 1603 2675 1673 Semper
2718 1608 2901 1655 autem
2948 1613 3077 1670 pars
3106 1596 3249 1667 ejus,
3278 1610 3389 1665 qua

1806 1698 1864 1753 in
1908 1696 2159 1753 umbram
2207 1706 2371 1752 terra:
2417 1694 2631 1760 incidit,
2666 1709 2777 1748 non
2823 1691 3167 1747 illuminatur
3206 1704 3235 1742 a
3274 1688 3390 1744 sole

150 1789 225 1843 διὰ
251 1790 341 1862 τὴν
361 1791 755 1863 ἐπιπρόσθησιν
783 1794 881 1865 τῆς
912 1794 1036 1867 γῆς.
1060 1794 1191 1848 Τότε
1219 1796 1328 1867 γὰρ
1362 1797 1453 1849 ἐπὶ
1478 1796 1577 1867 τῆς
1607 1796 1704 1848 αὑ-

1854 1797 2028 1861 ropter
2057 1789 2514 1845 intercursionem
2545 1794 2724 1842 terrae.
2756 1783 2911 1839 Tunc
2939 1785 3085 1841 enim
3111 1784 3167 1837 in
3198 1783 3390 1838 eadem

150 1881 235 1950 τῆς
259 1881 461 1945 εὐθείας
487 1881 701 1950 γίνεται
726 1886 755 1937 ό
780 1882 929 1954 ήλιος
954 1885 1047 1936 καὶ
1067 1886 1103 1955 ή
1122 1886 1213 1956 γῆ,
1246 1886 1339 1939 καὶ
1366 1886 1426 1939 τὸ
1459 1885 1706 1957 σκίασμα

150 1976 235 2044 τῆς
261 1976 377 2048 γῆς,
408 1978 503 2030 καὶ
536 1978 568 2049 ή
606 1976 825 2049 σελήνη.
862 1978 939 2031 Δι’
979 1979 1046 2049 ήν
1086 1978 1263 2034 αἰτίαν
1305 1979 1425 2032 οὐδὲ
1463 1980 1705 2048 γίνονται

151 2066 391 2138 ἐκλείψεις
424 2070 521 2140 τῆς
560 2069 793 2141 σελήνης
839 2072 897 2125 ἐν
940 2071 1075 2143 ἄλλῃ
1121 2070 1339 2144 ἡμέρᾳ,
1389 2070 1503 2124 ἀλλ’
1546 2072 1603 2124 ὲν
1634 2074 1701 2142 τῇ

150 2156 424 2232 διχομηνίᾳ.
462 2160 595 2214 Τότε
629 2161 739 2233 γὰρ
773 2161 915 2215 κατά
955 2162 1247 2235 διάμετρον
1288 2163 1497 2231 γίνεται
1538 2165 1570 2234 ή
1613 2179 1703 2215 σε-

153 2246 269 2320 λήνη
308 2249 380 2321 τῷ
412 2249 565 2322 ήλίῳ.
614 2251 861 2305 Γίνονται
894 2253 1143 2322 μέντοιγε
1175 2254 1343 2306 πᾶσαι
1381 2255 1436 2306 αἱ
1466 2253 1567 2322 τῆς
1612 2269 1703 2305 σε-

153 2339 297 2411 λήνης
334 2338 598 2413 ἐκλείψεις
638 2342 772 2422 ίσαι·
810 2347 866 2399 αἱ
906 2346 1005 2416 μὲν
1041 2344 1150 2416 γὰρ
1185 2344 1610 2417 ἐπιπροσθήσεις
1647 2345 1707 2398 αἱ

151 2433 400 2504 γινόμεναι
427 2437 485 2489 ἐν
513 2437 635 2498 ταῖς
664 2434 759 2488 τοῦ
790 2436 940 2507 ἡλίου
964 2436 1238 2505 ἐκλείψεσι
1265 2436 1417 2509 παρὰ
1435 2436 1532 2499 τάς
1555 2438 1706 2508 οἰκή-

154 2542 248 2589 σεις
272 2526 508 2599 διάφοροι
542 2526 809 2598 γίνονται,
842 2528 907 2581 δι’
935 2529 1001 2601 ἢν
1033 2530 1213 2583 αἰτίαν
1256 2529 1352 2583 καὶ
1388 2528 1458 2583 τά
1497 2529 1702 2601 μεγέθη

152 2615 241 2668 τῶν
266 2617 553 2689 ἐκλείψεων
576 2618 809 2691 διάφορα
838 2620 1065 2688 γίνεται·
1093 2620 1149 2673 αί
1177 2620 1237 2679 δὲ
1269 2618 1577 2691 ἐμπτώσεις
1608 2621 1707 2691 τῆς

155 2709 352 2782 σελήνης
373 2714 454 2777 είς
475 2712 538 2765 τὸ
565 2712 811 2784 σκίασμα
844 2714 956 2767 [σαι
983 2714 1155 2768 πᾶσαι
1184 2713 1422 2782 γίνονται
1445 2713 1587 2768 κατά
1607 2713 1707 2785 τήν

152 2802 293 2874 «'3‘:in
316 2803 577 2873 ἔκλειψιν.
618 2804 756 2877 Ἤδη
785 2806 1034 2876 μέντοιγε
1069 2806 1128 2859 οὐ
1162 2805 1249 2859 διὰ
1275 2806 1474 2870 παντὸς
1501 2808 1562 2859 τὸ
1594 2804 1707 2859 ἴσον

152 2895 361 2950 ἐκλείπει
382 2898 481 2969 τῆς
506 2898 758 2970 σελήνης.
787 2899 957 2953 Ὅταν
978 2898 1087 2971 γὰρ
1108 2899 1195 2953 διὰ
1217 2899 1383 2971 μέσου
1412 2899 1503 2953 τοῦ
1534 2898 1709 2953 ἐκλει-

154 2988 315 3042 πτικώ
341 2992 372 3061 ή
411 2990 614 3064 σελήνη
644 2990 740 3063 τήν
767 2991 999 3062 πάροδον
1029 2992 1274 3064 ποιῆται,
1313 2992 1410 3064 ὅλη
1443 2994 1707 3064 ἐμπίπτει

152 3080 216 3143 εἰς
244 3082 298 3135 τὸ
339 3084 586 3152 σκίασμα
618 3084 720 3155 τῆς
751 3086 874 3157 γῆς·
923 3085 1064 3140 ὥστε
1106 3088 1403 3156 ἀναγκαῖον
1445 3088 1541 3141 καὶ
1578 3088 1707 3158 ὃλην

152 3172 293 3243 αὐτὴν
320 3176 613 3231 ἐκλείπειν.
658 3178 826 3231 Ὅταν
854 3177 911 3231 δὲ
947 3177 1266 3251 παράψηται
1294 3178 1388 3232 τοῦ
1432 3180 1704 3252 σκιάσμα-

1854 3178 1994 3248 liqua
2050 3180 2191 3234 lunae
2253 3178 2439 3234 deficit
2496 3196 2510 3235 :

152 3278 244 3330 τος,
273 3268 429 3339 μέρος
458 3286 513 3322 τι
544 3270 644 3341 τῆς
680 3269 908 3341 σελήνης
931 3268 1192 3324 ἐκλείπει·
1223 3269 1337 3324 ἐστι
1360 3270 1418 3323 δὲ
1442 3270 1504 3324 τὸ
1530 3270 1708 3324 ἐκλει-

154 3358 315 3412 πτικον
349 3362 520 3432 αὐτῆς
563 3362 767 3434 μοιρῶν
800 3361 912 3416 δύο.
966 3362 1054 3415 Ἐν
1086 3363 1196 3435 γὰρ
1222 3363 1399 3435 τούτῳ
1439 3363 1520 3436 τῷ
1558 3363 1709 3436 τόπῳ

154 3448 305 3513 πάσας
326 3451 424 3514 τὰς
446 3450 722 3521 ἐκλείψεις
751 3469 812 3505 συ
821 3450 1037 3523 μὸαίνει
1064 3453 1163 3524 τῆς
1189 3453 1418 3524 σελήνης
1440 3453 1705 3522 γίνεσθαι.

163 3539 240 3593 Ἐκ
261 3542 315 3595 δὲ
340 3542 549 3598 τούτων
576 3544 830 3615 φανερὸν,
864 3545 948 3600 ὅτι
978 3546 1036 3598 αἱ
1061 3545 1163 3617 τῆς
1186 3545 1415 3618 σελήνης
1440 3545 1710 3616 ἐκλείψεις

152 3631 361 3697 γίνονται
393 3635 536 3690 κατά
566 3635 666 3706 τήν
695 3638 777 3699 εἰς
801 3636 861 3688 τὸ
886 3635 1128 3708 σκίασμα
1155 3637 1255 3707 τῆς
1279 3638 1381 3708 γῆς
1403 3637 1703 3709 ἔμπτωσιν·

152 3725 265 3795 πρὸς
286 3726 437 3796 λόγον
463 3728 576 3799 γὰρ
614 3729 714 3799 τῆς
752 3728 898 3783 κατά
921 3728 1123 3794 πλάτος
1155 3730 1422 3802 κινήσεως
1450 3730 1551 3801 τῆς
1574 3732 1709 3802 ἡμε-

153 3818 313 3888 ρησὶου
348 3820 448 3891 τῆς
483 3819 716 3891 σελήνης
747 3820 816 3874 τὰ
857 3820 1063 3893 μεγέθη
1102 3820 1211 3875 τῶν
1243 3821 1538 3891 ἐκλείψεων
1568 3822 1708 3894 σύμ-

153 3925 280 3975 ςωνα
309 3913 535 3981 γίνεται·
578 3914 671 3965 καὶ
701 3915 758 3966 ὲν
788 3912 971 3978 ἄλλαις
1005 3914 1239 3986 ήμέραις
1278 3914 1340 3968 οὐ
1374 3915 1613 3983 γίνονται
1650 3916 1707 3968 αί

152 4000 231 4071 τῆς
256 4003 478 4076 σελήνης
506 4001 800 4073 ἐκλείψεις,
832 4001 973 4074 πλὴν
1002 4003 1061 4055 ἐν
1089 4005 1155 4074 τῇ
1180 4003 1491 4075 διχομηνίᾳ.

664 4117 1064 4172 ΚΕΦΔΛΑωΝ
1108 4120 1165 4173 1'.

151 4226 248 4284 Ὅτι
273 4234 382 4302 τὴν
405 4233 692 4288 ἐναντίαν
717 4231 798 4298 τῷ
820 4232 1028 4312 κόσμῳ
1054 4232 1302 4299 κίνησιν
1325 4235 1379 4285 οἱ
1402 4231 1707 4301 πλάνητες

738 4316 1071 4357 ποιουνται.

217 4416 268 4469 ’0
296 4419 500 4490 κόσμος
527 4420 758 4472 κινεῖται
788 4417 961 4490 φοράν
989 4416 1278 4486 ἐγκύκλιον
1314 4418 1409 4471 ἀπ’
1439 4417 1705 4488 ἀνατολης

1806 1884 1953 1939 linea
1998 1891 2150 1939 recta
2188 1883 2607 1939 constituuntur
2638 1880 2741 1945 sol,
2792 1889 2961 1946 terra,
2994 1879 3188 1934 umbra
3232 1884 3391 1931 terra:

1804 1983 1858 2032 et
1886 1975 2035 2030 luna.
2073 1975 2248 2043 Quam
2278 1976 2349 2031 ob
2379 1990 2605 2032 causam
2633 1991 2701 2031 ne
2738 1975 2876 2029 ﬁunt
2908 1972 3131 2046 quidem
3158 1968 3389 2039 eclipses

1807 2070 1953 2124 lunae
1993 2069 2049 2122 in
2093 2069 2203 2123 alio
2245 2068 2354 2134 die,
2387 2068 2494 2124 nisi
2536 2068 2594 2123 in
2623 2066 2946 2139 plenilunio.
2977 2063 3132 2120 Tunc
3173 2062 3321 2117 enim
3360 2076 3393 2113 e

1805 2159 2077 2216 diametro
2106 2160 2235 2215 luna
2270 2160 2569 2231 opponitur
2606 2160 2735 2218 soli.
2771 2157 3159 2215 Verumtamen
3199 2169 3391 2209 omnes

1806 2254 1950 2308 lunze
1973 2253 2209 2323 eclipses
2242 2252 2380 2308 ﬁunt
2403 2254 2678 2326 aequales;
2717 2269 2841 2308 nam
2870 2251 3238 2313 incursiones.
3269 2264 3392 2320 qua:

1807 2345 1863 2399 in
1898 2346 2033 2401 solis
2069 2345 2367 2416 eclipsibus
2403 2345 2559 2412 ﬁunt,
2592 2352 2815 2416 propter
2845 2344 2964 2399 loca
2993 2342 3392 2398 habitationum

1805 2436 2037 2493 diversae
2106 2438 2439 2505 efﬁciuntur,
2500 2438 2570 2493 ob
2628 2437 2684 2493 id
2757 2438 2921 2493 etiam
2986 2432 3391 2507 magnitudines

1805 2530 2094 2600 eclipsium
2143 2531 2409 2586 solarium
2455 2530 2687 2585 diversa:
2727 2528 3033 2583 redduntur
3078 2543 3093 2579 :
3147 2534 3202 2579 at
3252 2526 3393 2579 lunae

1809 2621 2123 2678 incidentia:
2153 2623 2211 2678 in
2244 2624 2494 2680 umbram
2531 2622 2668 2677 ﬁunt
2713 2637 2906 2678 omnes
2935 2620 3177 2692 aequales
3206 2634 3261 2672 in
3295 2634 3390 2673 ea-

1808 2713 1931 2769 dem
1964 2714 2179 2784 eclipsi.
2230 2714 2352 2769 Jam
2400 2731 2531 2771 vero
2575 2730 2687 2770 non
2738 2728 2956 2784 semper
2989 2711 3219 2783 aequalis
3263 2725 3391 2780 pars

1809 2808 1954 2863 luna:
2017 2808 2222 2864 deﬁcit.
2280 2809 2417 2864 Cum
2466 2807 2613 2864 enim
2672 2823 2768 2880 per
2819 2805 3059 2861 medium
3120 2802 3392 2858 circulum

1808 2902 2125 2973 eclipticum
2177 2903 2307 2957 luna
2366 2901 2668 2958 transitum
2721 2899 2874 2966 facit,
2925 2908 3040 2955 tota
3094 2896 3286 2952 incidit
3333 2896 3393 2950 in

1812 2992 2061 3048 umbram
2116 3000 2299 3050 terrae.
2347 2994 2540 3065 Itaque
2588 2991 2963 3049 necessarium
3008 2998 3114 3055 est,
3163 2997 3223 3044 ut
3273 2988 3392 3059 ipsa

1812 3092 1929 3141 tota
1983 3086 2220 3143 deﬁciat.
2284 3086 2421 3142 Cum
2486 3101 2616 3143 vero
2669 3085 2890 3156 attingit
2938 3086 3213 3149 umbram,
3264 3100 3392 3155 pars

2568 3193 2698 3251 pars
2754 3184 2937 3234 autem
2995 3176 3210 3239 circuli,
3270 3193 3393 3247 quae

1811 3271 1996 3327 lunam
2032 3270 2266 3327 deﬁcere
2293 3270 2446 3335 facit,
2475 3279 2560 3327 est
2588 3272 2819 3327 duorum
2852 3270 3145 3341 graduum.
3192 3267 3249 3323 lu
3286 3268 3391 3323 lim:

1808 3365 1955 3418 enim
1997 3365 2120 3420 loco
2150 3379 2344 3420 omnes
2375 3364 2612 3434 eelipses
2645 3364 2788 3418 luna:
2825 3364 3096 3434 contingit
3129 3362 3266 3417 ﬁeri.
3313 3360 3390 3415 Ex

1809 3455 1898 3510 bis
1920 3455 2272 3510 manifestum
2300 3466 2402 3520 est,
2428 3454 2574 3526 quod
2606 3454 2747 3510 luna:
2775 3454 3007 3524 cclipses
3027 3452 3161 3507 ﬁant
3194 3467 3393 3508 secun-

1809 3548 1940 3603 dum
1973 3547 2330 3603 incidentiam
2374 3548 2430 3600 in
2476 3547 2727 3602 umbram
2777 3554 2975 3611 teme;
3011 3561 3139 3600 nam
3177 3543 3392 3600 ratione

1809 3642 1996 3698 diurni
2023 3649 2205 3696 motus
2231 3642 2371 3697 luna:
2395 3640 2697 3697 secundum
2728 3640 3069 3694 latitudinem
3103 3638 3238 3693 ﬁunt
3259 3652 3393 3692 con-

1808 3750 1960 3805 grtia:
2008 3733 2297 3803 eclipsium
2342 3733 2781 3804 magnitudines,
2815 3738 2870 3787 et
2916 3731 2974 3784 in
3023 3729 3147 3785 aliis
3196 3728 3394 3786 diebus

1810 3841 1919 3882 non
1945 3826 2080 3880 ﬁunt
2110 3826 2332 3882 lunares
2365 3826 2621 3897 eclipses,
2658 3825 2763 3882 nisi
2791 3824 2847 3879 in
2879 3823 3205 3895 plenilunio.

2437 4114 2665 4171 CAPUT
2704 4114 2771 4171 Χ.

1848 4227 2004 4294 Quod
2034 4230 2365 4283 contrarium
2400 4228 2595 4282 mundo
2636 4238 2834 4282 motum
2866 4227 3093 4297 planetu:
3132 4225 3353 4294 faciant.

1878 4418 2114 4474 Mundus
2158 4421 2411 4467 movetur
2443 4416 2595 4463 motu
2628 4407 2892 4463 circulari
2934 4407 3003 4460 ab
3033 4414 3156 4461 ortu
3199 4406 3267 4461 ad
3299 4421 3395 4461 oc-

151 4507 224 4560 ἐπὶ
254 4509 415 4563 δύσιν.
454 4511 612 4564 Ὅσοι
656 4508 767 4581 γὰρ
802 4508 871 4562 ἂν
905 4507 1013 4562 τῶν
1042 4508 1285 4580 ἀστέρων
1319 4508 1458 4579 μετά
1483 4508 1582 4578 τήν
1607 4507 1703 4560 τοῦ

1854 4529 2025 4572 asum.
2056 4509 2193 4564 Nam
2238 4521 2580 4577 quaecunque
2610 4503 2783 4559 stellae
2816 4510 2940 4572 post
2973 4501 3108 4557 solis
3136 4514 3394 4556 occasum

151 4599 276 4667 ἡλίου
302 4602 449 4657 δύσιν
487 4602 627 4675 πρὸς
652 4604 718 4673 τῇ
745 4601 976 4672 ἀνατολῇ
1008 4600 1347 4673 θεωρηθῶσι,
1378 4599 1703 4673 προϐαινού-

150 4707 231 4763 σης
257 4695 350 4765 τῆς
374 4696 592 4758 νυκτὸς,
627 4691 1079 4766 μετεωριξόμενοι
1110 4692 1309 4764 μᾶλλον
1330 4692 1417 4745 ἀεὶ⁸
1443 4692 1536 4745 καὶ
1565 4691 1703 4762 μᾶλ-

148 4776 222 4831 λον
251 4780 597 4855 θεωροῦνται·
639 4779 756 4836 εἶτα
786 4782 1071 4852 βλέπονται
1103 4781 1239 4854 πρὸς
1268 4783 1336 4852 τῇ
1371 4782 1704 4853 μεσουρανή-

150 4886 231 4925 σει·
251 4874 647 4947 προὸαινούσης
675 4875 731 4937 δὲ
756 4874 857 4945 τῆς
889 4874 1102 4937 νυκτὸς,
1129 4874 1543 4947 ἀποκλινόμενοι
1569 4876 1704 4947 πρὸς

147 4964 227 5035 τὴν
261 4967 406 5022 δύσιν
447 4970 499 5022 oi
541 4967 696 5020 αὐτοὶ
726 4968 952 5038 ἀστέρες
987 4967 1339 5039 θεωροῦνται·
1393 4969 1488 5022 καὶ
1531 4969 1703 5039 πέρας

148 5057 365 5125 δύνοντες
399 5059 661 5132 ὁρῶνται·
708 5061 804 5113 καὶ
846 5060 1005 5113 τοῦτο
1049 5058 1445 5131 καθ’ίὲκάστην
1492 5061 1704 5131 ἡμέραν

149 5152 222 5203 ἐπὶ
244 5154 452 5207 πάντων
486 5153 733 5224 ἀστέρων
754 5150 985 5220 γίνεται.
1014 5152 1176 5204 Ὥστε
1206 5152 1458 5224 φανερὸν,
1481 5153 1562 5205 ὅτι
1584 5152 1703 5215 ὅλος

147 5243 382 5315 ὀκόσμος
414 5244 555 5298 πᾶσι
594 5248 706 5307 τοῖς
748 5244 835 5312 ἐφ’
874 5242 1065 5296 ἐαυτοῦ
1112 5242 1302 5313 μέρεσι
1344 5246 1575 5295 κινεῖται
1607 5246 1702 5296 καὶ

147 5333 221 5385 ἀπ’
250 5336 504 5407 ἀνατολῆς
538 5337 631 5389 ἐπὶ
672 5336 841 5389 δύσιν.
881 5336 1006 5387 ’Ὁτι
1048 5334 1103 5387 δὲ
1142 5333 1430 5402 ἐγκύκλιον
1468 5338 1701 5387 ποιεῖται

146 5424 225 5492 τὴν
255 5428 555 5499 προφορὰν,
588 5428 854 5499 πρόδηλον
881 5430 946 5480 ὲκ
971 5427 1065 5480 τοῦ
1092 5427 1298 5488 πάντας
1320 5428 1444 5490 τοὺς
1467 5428 1701 5498 ἀστέρας

148 5514 198 5566 ἐκ
223 5520 306 5573 τοῦ
330 5521 495 5575 αὑτοῦ
525 5521 694 5574 τόπου
717 5519 1049 5582 ἀνατέλλειν,
1085 5518 1177 5572 καὶ
1206 5520 1287 5581 είς
1316 5518 1407 5571 τὸν
1434 5519 1594 5571 αὐτὸν
1614 5520 1701 5573 7.6-

150 5623 229 5661 πον
256 5612 443 5667 δύνειν·
500 5612 584 5666 ἔτι
630 5613 721 5666 καὶ
765 5613 853 5666 διὰ
884 5611 992 5665 τῶν
1032 5611 1301 5683 διόπτρων
1336 5610 1699 5684 θεωρούμενοι

150 5699 320 5767 πάντες
360 5705 410 5756 οἱ
462 5704 693 5774 ἀστέρες
742 5704 1022 5772 φαίνονται
1070 5700 1357 5771 ἐγκύκλιον
1389 5702 1699 5775 ποιούμενοι

151 5792 229 5863 τὴν
257 5799 460 5873 κίνησιν
493 5799 588 5871 ὅλῃ
625 5801 689 5870 τῇ
720 5801 1036 5870 περιαγωγῇ
1066 5796 1172 5851 τῶν
1201 5796 1487 5869 διόπτρων.

1812 4606 1879 4662 ad
1925 4612 2107 4659 ortum
2152 4596 2600 4668 conSpiciuntur,
2664 4594 2748 4649 lia:
2812 4593 3145 4664 procedente
3198 4599 3390 4659 nocte,

1813 4694 1985 4765 magis
2016 4691 2297 4761 magisque
2332 4702 2550 4757 semper
2574 4685 2777 4741 elevari
2806 4691 3164 4755 spectantur;
3197 4682 3398 4740 deinde

1815 4786 2069 4840 videnlur
2098 4785 2151 4837 in
2187 4781 2368 4837 medio
2394 4780 2542 4835 caeli.
2573 4777 2965 4849 Progrediente
2995 4783 3176 4831 autem
3206 4785 3392 4841 nocte.

1812 4877 2089 4933 declinare
2144 4876 2208 4928 ad
2266 4888 2528 4928 occasum
2576 4872 2779 4927 eaedem
2825 4870 2997 4925 stellae
3030 4869 3304 4933 videntur,
3340 4877 3397 4925 ct

1814 4968 2031 5023 tandem
2057 4965 2310 5020 occidere
2353 4972 2689 5035 spectantur.
2724 4963 2902 5033 Atque
2930 4962 3032 5016 hoc
3058 4961 3307 5030 quotidie
3339 4962 3395 5015 in

1812 5064 2069 5117 omnibus
2115 5062 2173 5114 ﬁt
2218 5058 2413 5120 stellis.
2467 5057 2656 5128 Itaque
2698 5055 3053 5112 manifestum
3093 5062 3199 5117 est,
3246 5053 3393 5124 quod

1812 5162 1961 5209 totus
1996 5151 2234 5206 mundus
2275 5167 2398 5206 cum
2437 5150 2695 5204 omnibus
2737 5148 2855 5204 suis
2890 5146 3141 5218 partibus
3175 5160 3396 5200 movea-

1811 5254 1921 5305 tur.
1949 5255 2002 5298 et
2030 5243 2246 5313 quidem
2285 5243 2354 5297 ab
2387 5251 2508 5297 ortu
2542 5257 2735 5296 versus
2765 5255 3047 5295 occasum.
3076 5237 3232 5304 Quod
3265 5251 3395 5292 vero

1811 5337 2138 5390 circularem
2194 5332 2361 5386 faciat
2407 5341 2642 5391 motum,
2675 5346 2741 5385 ex
2788 5345 2855 5384 eo
2888 5329 3240 5383 manifestum
3280 5332 3389 5387 est,

1810 5428 1958 5498 quod
2002 5441 2194 5481 omnes
2246 5426 2418 5479 stella:
2448 5440 2513 5478 ex
2545 5423 2735 5478 eodem
2771 5422 2892 5476 loco
2929 5421 3201 5483 oriantur,
3238 5427 3293 5474 et
3336 5419 3394 5473 in

1811 5516 2062 5574 eumdem
2130 5517 2308 5571 locum
2379 5514 2684 5578 occidant;
2744 5519 3006 5582 praeterea
3075 5511 3239 5564 etiam
3296 5523 3394 5578 per

1812 5612 2029 5680 diuptra
2086 5624 2277 5663 omnes
2327 5607 2497 5662 stellae
2538 5611 2796 5675 spectatae
2856 5603 3111 5657 videntur
3160 5600 3373 5657 circula

1812 5720 1927 5758 rem
1971 5708 2179 5759 motum
2215 5698 2394 5756 facere
2421 5698 2474 5754 in
2506 5706 2617 5754 tuta
2648 5694 3113 5753 circumductione
3148 5692 3394 5763 dioptra-

1808 5813 1951 5854 I'Ulll.
