3786 6314
458 322 569 380 823

532 436 603 490 At
646 437 732 492 sol
780 436 847 491 ab
905 452 1104 492 occasu
1160 451 1351 492 versus
1398 443 1578 489 ortum
1647 434 1822 489 fertur
1874 441 2023 487 motu
2050 437 2097 492 Δ

460 527 739 583 contrario
776 527 1000 583 mundo.
1042 526 1156 583 Hoc
1200 526 1550 583 manifestum
1593 535 1677 581 est
1725 541 1791 580 ex
1831 526 2024 587 stellis,

459 635 582 690 quae
619 627 746 675 ante
786 620 955 675 solem
996 620 1266 673 oriuntur.
1294 616 1430 672 Nam
1472 633 1811 689 quaecunque
1856 617 2030 671 stellas

463 719 590 766 ante
621 720 800 765 ortum
833 711 965 766 solis
992 719 1245 779 spectata:
1275 709 1479 765 fuerint
1504 710 1639 765 oriri
1665 717 1792 764 ante
1832 708 2023 773 solem,

461 804 543 857 lia:
571 802 926 871 sequentibus
966 801 1219 856 noctibus
1253 801 1630 871 tempeStivius
1668 801 2025 871 conspiciun-

459 905 547 949 tur
603 894 735 948 oriri
779 902 906 948 ante
957 893 1149 956 solem,
1199 902 1362 963 atque
1402 893 1505 947 hoc
1555 891 1614 946 lit
1666 892 1929 947 continuo
1969 893 2025 946 in

455 981 712 1036 omnibus
745 981 1015 1037 noctibus.
1047 978 1203 1036 Unde
1246 982 1601 1037 manifestum
1645 992 1750 1046 est,
1791 981 1936 1052 quod
1968 982 2025 1035 in

453 1074 846 1143 consequentia
888 1073 1044 1144 signa
1085 1074 1167 1129 sol
1216 1075 1499 1144 procedat,
1551 1091 1675 1129 cum
1720 1075 1790 1130 ab
1823 1090 2025 1129 occasu

451 1181 646 1220 versus
683 1175 861 1219 ortum
908 1175 1190 1222 moveatur
1227 1175 1420 1221 contra
1467 1168 1656 1221 mundi
1692 1176 1920 1221 motum.

451 1273 581 1313 vero
610 1258 677 1312 ab
706 1268 831 1313 ortu
866 1274 1058 1314 versus
1098 1275 1356 1314 occasum
1401 1260 1635 1315 ferretur
1666 1260 2027 1329 sol,'semper

451 1351 793 1420 contingeret
836 1366 933 1405 eas
974 1351 1185 1415 stellas.
1222 1367 1344 1422 qua:
1383 1352 1537 1422 prius
1569 1352 1870 1416 orirentur,
1917 1352 2024 1406 mi-

451 1441 597 1496 nime
630 1456 912 1512 apparere.
958 1442 1091 1497 Nam
1134 1443 1189 1497 in
1238 1445 1610 1499 antecedentia
1651 1445 1922 1500 transiens
1950 1446 2026 1500 si-

448 1547 575 1601 gna,
629 1532 861 1589 debebat
914 1550 1009 1589 cas
1070 1534 1188 1590 suis
1238 1533 1409 1589 radiis
1465 1534 1806 1600 obscurare;
1857 1536 2026 1590 stellae

446 1623 616 1689 enim,
668 1641 795 1679 cum
856 1640 1027 1696 prope
1082 1627 1253 1682 solem
1308 1628 1532 1691 fuerint,
1591 1643 1697 1682 non
1752 1627 2023 1693 videntur,

448 1726 632 1787 utpote
656 1734 685 1771 a
710 1718 825 1774 sole
856 1719 1186 1774 obscurata}.
1215 1718 1284 1773 At
1309 1719 1412 1774 hoc
1441 1737 1548 1775 non
1576 1724 1632 1774 ﬁt
1668 1741 1680 1775 :
1706 1721 1800 1776 sed
1832 1722 2019 1781 stellae.

446 1826 568 1878 quae
603 1811 758 1879 prius
788 1810 1066 1875 oriuntur,
1104 1812 1463 1881 sequentibus
1513 1813 1766 1868 noctibus
1810 1826 2026 1883 semper

448 1899 622 1967 magis
651 1900 936 1971 magisque
966 1901 1035 1955 ab
1060 1909 1183 1955 ortu
1208 1901 1523 1956 distantiam
1552 1903 1749 1958 habere
1775 1914 2027 1973 spectan-

450 1999 540 2042 tur
576 2009 588 2043 :
623 1991 696 2043 ita
733 2001 792 2045 ut
837 2004 1121 2048 menstruo
1154 2001 1397 2064 tempore
1428 2001 1601 2049 totum
1647 1995 1861 2066 signum
1895 2011 2028 2049 con-

447 2081 774 2137 stellationis
817 2093 944 2137 ante
996 2085 1165 2139 solem
1206 2087 1436 2149 oriatur,
1471 2086 1615 2156 quod
1659 2087 1809 2158 prius
1841 2086 2024 2163 radiis

447 2175 582 2230 solis
636 2175 1019 2231 occultabatur
1073 2195 1085 2231 :
1146 2191 1362 2247 semper
1407 2178 1553 2231 enim
1600 2177 1731 2232 illud
1784 2178 2019 2248 signum,

450 2266 596 2334 quod
644 2268 813 2322 solem
862 2266 1131 2337 sequitur,
1161 2284 1191 2320 a
1222 2269 1337 2324 sole
1372 2267 1429 2322 ﬁt
1467 2268 1759 2331 invisibile,
1802 2277 2023 2340 propter

454 2357 637 2413 radios
667 2358 808 2413 solis
840 2378 854 2413 :
888 2359 1020 2412 illud
1045 2376 1193 2425 vero,
1214 2360 1356 2430 quod
1386 2361 1637 2430 praecedit
1667 2361 1859 2423 solem.
1883 2377 2020 2417 con-

447 2449 698 2518 spicitur.
764 2449 823 2504 ln
893 2460 1174 2507 menstruo
1239 2459 1419 2507 autem
1491 2461 1736 2522 tempore
1805 2454 2018 2522 signum

447 2560 683 2613 sequens
716 2560 931 2614 semper
957 2556 1040 2601 est
1073 2546 1363 2610 invisibile,
1385 2562 1509 2601 cum
1539 2548 1618 2601 sol
1650 2548 1717 2600 ad
1752 2547 1802 2601 id
1833 2555 2018 2601 trans-

446 2644 534 2688 rat
564 2652 579 2701 ;
610 2638 925 2705 praecedens
966 2654 1095 2692 vero
1137 2638 1373 2709 signum,
1419 2655 1542 2693 cum
1589 2638 1756 2694 distat
1782 2640 2016 2693 duorum

448 2731 730 2799 signorum
773 2731 974 2802 spa'tio,
1021 2734 1394 2802 conspicitur;
1441 2745 1604 2804 atque
1650 2734 1756 2790 hoc
1790 2733 1846 2788 in
1879 2733 2016 2788 duo-

448 2821 623 2876 decim
656 2823 829 2894 signis
864 2840 1079 2895 semper
1107 2825 1186 2879 Iit.
1223 2824 1265 2878 E
1292 2826 1493 2895 quibus
1525 2826 1875 2881 manifestum
1908 2833 2013 2888 est,

443 2913 552 2983 26
566 2915 709 2983 quod
739 2915 842 2979 sol,
872 2931 997 2969 cum
1023 2925 1213 2971 contra
1241 2916 1429 2971 mundi
1460 2927 1665 2971 motum
1700 2916 1929 2982 feratur,
1958 2918 2015 2971 iu

443 3007 856 3075 consequentia,
890 3017 943 3063 et
977 3023 1084 3064 non
1129 3008 1185 3063 in
1227 3010 1598 3065 antecedentia
1648 3011 1802 3081 signa
1835 3020 2014 3065 trans-

442 3096 578 3150 itum
611 3098 793 3152 faciat.

510 3276 853 3337 ﬂanifestius
902 3288 1082 3337 autem
1140 3280 1195 3335 in
1238 3281 1364 3336 luna
1419 3282 1757 3352 conspicitur
1803 3289 2005 3335 motus.

438 3366 574 3423 Nam
606 3380 660 3425 et
692 3370 809 3440 ipsa
840 3380 1030 3427 contra
1056 3381 1261 3428 motum
1290 3373 1477 3428 mundi
1503 3374 1571 3428 ab
1601 3388 1800 3429 occasu
1818 3388 2009 3427 versus

438 3470 618 3517 ortum
667 3464 883 3519 videtur
929 3466 1184 3520 moveri:
1222 3466 1325 3518 lioc
1370 3473 1548 3519 autem
1601 3466 1657 3519 in
1698 3481 1803 3519 una
1849 3474 2009 3519 nocte

439 3562 620 3624 potest
667 3555 998 3625 deprehendi
1038 3573 1135 3626 per
1182 3556 1470 3620 visionem,
1520 3572 1645 3612 cum
1693 3557 2005 3628 apparentia

441 3646 815 3701 testimonium
872 3648 1126 3719 prtebeat.
1176 3646 1314 3701 Cum
1367 3647 1512 3702 enim
1570 3648 1712 3719 apud
1768 3648 2004 3718 aliquam

441 3737 722 3791 stellarum
768 3737 998 3791 lixarum
1056 3746 1348 3807 conspecta
1414 3738 1574 3794 fuerit
1629 3742 1777 3808 luna,
1846 3751 2008 3795 nocte

441 3826 770 3897 procedente
790 3827 958 3883 distat
988 3829 1056 3883 ab
1084 3830 1174 3884 illa
1204 3832 1487 3886 observata
1519 3833 1675 3887 stella
1702 3834 1768 3887 ad
1797 3840 2002 3895 ortum,

439 3926 494 3971 et
528 3919 683 3974 stella
716 3920 806 3973 illa
855 3935 885 3973 a
926 3920 1052 3974 luna
1090 3922 1154 3976 ad
1188 3937 1444 3977 occasum
1473 3940 1487 3983 ;
1532 3940 1597 3978 ac
1628 3941 1770 3994 saepe
1803 3925 1856 3977 in
1889 3931 2001 3976 tota

440 4018 599 4065 nocte
650 4011 776 4064 luna
823 4011 992 4082 gradu
1045 4012 1114 4066 ab
1161 4012 1251 4065 illa
1295 4015 1581 4068 observata
1628 4016 1785 4070 stella
1836 4015 2004 4068 distat

439 4100 507 4155 ad
535 4109 746 4164 ortum,
775 4103 848 4156 ita
880 4112 939 4157 ut
966 4104 1019 4157 in
1044 4120 1156 4157 una
1178 4112 1336 4158 nocte
1362 4115 1637 4175 spectetur
1666 4118 1844 4161 motus
1865 4122 2000 4160 con-

439 4192 642 4246 trarius
677 4192 898 4246 mundo.
940 4192 1057 4248 Non
1095 4196 1239 4250 enim
1282 4195 1351 4249 ad
1390 4198 1770 4253 antecedentes
1813 4198 2001 4252 stellas

437 4285 698 4351 procedit,
736 4286 830 4340 sed
860 4286 925 4340 ad
961 4296 1378 4356 consequentes.

500 4548 699 4606 Dicunt
740 4566 921 4610 autem
974 4558 1218 4625 quidam,
1272 4558 1441 4613 solem
1490 4558 1557 4613 ad
1605 4558 1997 4629 consequentia

430 4643 584 4713 signa
616 4646 907 4700 transitqu
939 4647 1138 4711 facere,
1164 4657 1219 4704 et
1254 4649 1435 4702 lunam
1459 4650 1749 4705 similiter:
1784 4666 2000 4705 verum;

431 4744 610 4789 ulmea
659 4752 757 4790 eos
797 4753 905 4792 non
951 4739 1163 4793 moveri
1193 4746 1386 4793 contra
1415 4740 1715 4808 mundum;
1746 4741 1840 4795 sed
1871 4755 1999 4811 pro-

427 4834 549 4893 pter
584 4828 982 4897 magnitudines
1012 4830 1259 4900 superari
1297 4846 1391 4886 eos
1419 4848 1450 4885 a
1472 4831 1685 4903 sphaera
1717 4833 1998 4888 stellarum

428 4921 827 4987 inerrantium;
874 4922 1051 4977 videri
1094 4931 1277 4978 autem
1322 4925 1483 4979 nobis
1513 4925 1567 4980 in
1607 4927 1998 4996 consequentia

425 5010 579 5079 signa
630 5012 918 5066 transitum
966 5013 1116 5068 illum
1160 5016 1274 5069 ﬁeri
1320 5016 1477 5085 juxta
1519 5026 1726 5072 motum
1778 5028 2000 5075 contra-

426 5101 567 5153 rium
596 5118 610 5167 ;
647 5102 741 5157 sed
774 5104 877 5158 hoc
922 5121 1033 5159 non
1062 5121 1184 5161 esse
1206 5123 1429 5172 verum;
1458 5118 1511 5162 et
1552 5110 1682 5164 ferri
1721 5112 1914 5177 solem,
1942 5120 1998 5165 et

424 5194 607 5247 lunam
635 5196 707 5249 ab
726 5205 871 5261 ortu,
904 5212 1092 5252 versus
1121 5214 1377 5255 occasum
1408 5219 1423 5265 ;
1454 5202 1551 5256 sed
1581 5218 1707 5257 cum
1737 5219 1999 5273 superen-

425 5294 514 5340 tur
559 5302 590 5340 a
642 5289 868 5353 mundo,
924 5299 1215 5360 antequam
1264 5292 1529 5347 circulum
1586 5303 1892 5366 peragrent,
1938 5298 1994 5349 in

424 5383 893 5450 consequentibus
954 5385 1128 5456 signis
1194 5388 1453 5454 spectari.
1506 5388 1744 5444 Utuntur
1806 5400 1991 5446 autem

423 5471 642 5538 qridam
684 5482 737 5525 et
792 5474 895 5527 hac
936 5475 1315 5531 similitudine.
1349 5476 1405 5530 Si
1453 5478 1596 5532 enim
1641 5481 1859 5551 aliquis,
1906 5484 1993 5538 in«

422 5560 652 5627 q=.iunt,
707 5564 1065 5619 constitueret
1136 5580 1393 5621 cursores
1454 5567 1742 5626 duodecim
1801 5575 1988 5631 cadent

481 5731 524 5765 ⁸¹
630 5739 694 5807 τῇ
725 5738 875 5791 νυκτὶ
924 5741 956 5807 ἠ
1003 5744 1181 5811 μοῖρα.

1453 320 1795 378 APPENDIX
1831 320 1924 376 AD
1963 318 2241 377 EUSEBII
2272 320 2687 379 CHRUNICON.

3594 322 3682 378 82$

2214 435 2273 487 ὐ
2324 436 2570 506 μέντοιγε
2612 436 2763 506 ἥλιος
2802 435 2911 488 ἀπὸ
2945 434 3150 498 δύσεως
3189 433 3280 487 ἐπὶ
3311 432 3410 504 τὴν
3444 437 3681 508 ἀνατολὴν

2138 529 2364 600 φέρεται
2400 529 2730 592 ὑπεναντίως
2762 528 2840 600 τῷ
2866 529 3076 598 κόσμῳ.
3109 527 3278 580 Τοῦτο
3308 528 3379 581 δέ’
3406 529 3515 580 ἐστι
3540 546 3680 597 φανε-

2140 624 2233 692 ρὸν
2282 626 2347 676 ὲκ
2397 622 2505 676 τῶν
2554 620 3059 693 προανατελλόντων
3105 620 3353 691 ἀστέρων
3395 620 3487 674 τοῦ
3527 620 3678 693 ἡλίου.

2135 717 2296 769 Ὀσοι
2315 715 2424 788 γάρ
2446 714 2511 768 ἂν
2536 716 2641 786 πρὸ
2660 715 2759 785 τῆς
2780 714 2871 768 τοῦ
2892 713 3048 786 ἡλίου
3077 714 3337 784 ἀνατολῆς
3359 712 3682 785 θεωρηθῶσιν

2134 806 2363 876 ἀστέρες
2390 803 2923 876 προανατεταλκότες
2962 804 3055 857 τοῦ
3085 805 3257 872 ἡλίου,
3285 808 3342 859 ὲν
3367 808 3483 869 ταῖς
3510 808 3682 877 ἐχομέ-

2133 914 2252 960 ναις
2282 895 2430 962 νυξὶν
2457 894 2681 965 ὲνωρότε
2690 910 2781 965 ρον
2808 895 3337 965 προανατεταλκὸτες
3358 895 3678 967 θεωροῦνταιο

2134 988 2227 1041 καὶ
2258 986 2414 1041 τοῦτο
2441 988 2649 1056 γίνεται
2684 984 2824 1039 κατά
2862 983 2925 1039 τὺ
2968 985 3096 1057 ἑξῆς
3127 988 3218 1039 ἐπὶ
3246 987 3436 1041 πασῶν
3465 987 3567 1040 τῶν
3602 1006 3679 1041 νυ-

2135 1081 2297 1134 κτῶν.
2342 1079 2432 1144 Ἐξ
2465 1076 2524 1134 οὑ
2569 1080 2819 1152 φανερὸν,
2853 1082 2937 1134 ὅτι
2978 1081 3057 1145 είς
3094 1078 3163 1133 τὰ
3199 1078 3438 1150 ἑπόμενα
3466 1080 3569 1132 τῶν
3591 1082 3681 1145 ζων

2131 1169 2259 1223 δίων
2288 1171 2315 1221 ὀ
2344 1169 2495 1240 ἥλιος
2533 1170 2865 1240 μεταϐαίνει,
2909 1169 3019 1223 ἀπὸ
3060 1170 3264 1233 δύσεως
3311 1172 3396 1222 ἐπ’
3443 1171 3681 1241 ἀνατολὴν

2137 1259 2450 1329 κινούμενος
2484 1261 2817 1324 ὑπεναντίως
2849 1260 2927 1332 τῷ
2961 1262 3170 1333 κόσμῳ.
3204 1262 3267 1314 Ei
3303 1261 3360 1313 δέ
3386 1278 3447 1330 γε
3474 1261 3575 1314 ἀπὸ
3597 1261 3680 1330 τῆς

2133 1351 2396 1422 ἀνατολῆς
2417 1352 2509 1404 ἐπὶ
2534 1350 2632 1423 τὴν
2658 1352 2806 1405 δύσιν
2828 1354 3053 1424 ἐφέρετο
3073 1356 3101 1406 ὁ
3123 1353 3293 1423 ἥλιος,
3318 1354 3404 1405 ἀεὶ
3427 1353 3549 1417 τοὺς
3571 1369 3680 1424 προ-

2130 1442 2516 1506 ανατέλλοντας
2545 1443 2778 1514 ἀστέρας
2810 1443 3156 1515 ἀθεωρήτους
3183 1444 3250 1497 ἂν
3283 1440 3420 1498 εἶναι
3458 1444 3683 1497 συνέϐαι-

2130 1550 2237 1585 νεν.
2265 1533 2358 1596 Εἰς
2375 1532 2483 1604 γάρ
2503 1531 2573 1584 τά
2598 1532 2981 1604 προηγούμενα
3005 1533 3343 1605 μεταϐαίνων
3363 1536 3523 1607 μέρη,
3545 1535 3683 1604 ὤφει-

2129 1625 2219 1677 λεν
2251 1625 2624 1695 ἀποκρύπτειν
2653 1626 2849 1688 αὑτοὺς
2878 1628 2998 1688 ταῖς
3033 1626 3190 1689 ἰδίαις
3227 1626 3443 1694 αὐγαῖς·
3478 1629 3558 1679 ἀεὶ
3587 1626 3681 1699 γὰρ

2130 1718 2177 1769 οἱ
2198 1716 2338 1769 κατά
2358 1714 2448 1768 τὸν
2474 1716 2621 1786 ἦλιον
2645 1716 2918 1786 γινόμενοι
2945 1717 3175 1788 ἀστέρες
3201 1716 3498 1788 ἀθεώρητοι
3523 1718 3679 1789 ὑπάρο

2125 1824 2300 1879 χοῦσι,
2329 1808 2759 1879 καταυγούμενοι
2787 1809 2892 1862 ὑπὸ
2917 1808 3009 1863 τοῦ
3038 1809 3209 1880 ἡλίου.
3241 1809 3356 1862 Νῦν
3384 1809 3439 1862 δὲ
3463 1811 3520 1863 οὑ
3546 1809 3678 1879 γίνε-

2124 1918 2214 1955 ται
2246 1901 2424 1954 τοῦτο·
2469 1901 2584 1955 ἀλλ’
2621 1903 2668 1953 oi
2715 1901 3205 1973 προανατέλλοντες
3237 1901 3466 1972 ἀστέρες
3493 1904 3548 1954 ὲν
3576 1905 3680 1963 ταῖς

2124 1995 2408 2067 ἐχομέναις
2430 1994 2550 2059 νυξὶ
2580 1994 2761 2047 πλεῖον
2792 1994 2879 2047 ἀεὶ
2912 1993 3007 2047 καὶ
3041 1994 3223 2048 πλεῖον
3252 1993 3362 2047 ἀπὸ
3388 1994 3486 2064 τῆς
3512 1995 3681 2073 ἀνατο-

2121 2089 2219 2160 λῆς
2250 2087 2548 2157 ἀπέχοντες
2585 2085 2858 2156 διάστημα
2898 2084 3249 2157 θεωροῦνται·
3286 2085 3425 2139 ὥστε
3470 2087 3681 2157 μηνιαίιςι

2122 2178 2298 2250 χρόνῳ
2325 2176 2511 2242 ζώδιον
2536 2177 2654 2230 ὅλον
2678 2176 3095 2245 προανατέλλειν
3121 2177 3215 2230 τοῦ
3244 2177 3398 2248 ἡλίου
3424 2179 3482 2231 τὸ
3502 2179 3679 2247 πρότε-

2127 2287 2218 2340 ρον
2251 2268 2498 2340 ὑπάρχον
2531 2269 2589 2320 ὲν
2620 2269 2742 2331 ταῖς
2770 2267 2968 2335 αὑγαῖς
3004 2265 3096 2319 τοῦ
3137 2266 3309 2337 ἡλίου.
3356 2269 3469 2320 Ἀεὶ
3494 2267 3595 2339 γὰρ
3626 2268 3682 2320 τὸ

2125 2360 2222 2430 μὲν
2266 2359 2531 2430 ἑπόμενον
2561 2356 2749 2423 ζῴδιον
2775 2357 2879 2410 ὑπὸ
2911 2356 3005 2410 τοῦ
3048 2356 3199 2426 ἡλίου
3242 2355 3546 2429 ἀθεώρητόν
3573 2358 3677 2410 ἐστι

2118 2452 2203 2506 διὰ
2227 2451 2327 2514 τὰς
2365 2450 2538 2518 αὑγάς
2578 2450 2669 2502 τοῦ
2706 2449 2882 2520 ἡλίου·
2917 2449 2976 2502 τὸ
3008 2447 3063 2501 δὲ
3095 2447 3501 2519 προηγούμενον
3528 2446 3678 2499 αὑτοῦ

2119 2545 2418 2616 θεωρεῖται.
2467 2544 2556 2597 Ἐν
2586 2543 2641 2596 δὲ
2668 2541 2746 2612 τῷ
2779 2542 3014 2612 μηνιαίῳ
3036 2540 3213 2612 χρόνῳ
3241 2540 3328 2593 ἀεὶ
3359 2541 3419 2592 τὸ
3453 2540 3546 2616 μὲν
3570 2540 3680 2591 ἑπόο

2122 2653 2281 2708 μενον
2312 2636 2499 2700 ζώδιον
2536 2632 2845 2704 ἀθεώρητον
2882 2632 3114 2701 γίνεται,
3167 2630 3578 2700 μεταϐαίνοντος
3605 2632 3680 2691 εἰς

2118 2729 2246 2782 αὑτὸ
2279 2725 2372 2781 τοῦ
2405 2726 2577 2797 ἡλίουο
2610 2725 2672 2778 τὸ
2699 2724 2756 2777 δὲ
2790 2723 3202 2795 προηγούμενον
3236 2720 3430 2785 ζὼδιον
3460 2721 3549 2775 δύο
3578 2719 3675 2784 ζω-

2115 2820 2241 2873 δίων
2260 2820 2533 2889 διάστημα
2557 2814 2863 2888 ἀφεστηκὸς
2886 2815 3160 2886 βλέπεταιο
3188 2814 3460 2868 καὶτοῦτο
3479 2813 3679 2867 ἐπὶτῶν

2119 2911 2182 2981 ιβ’
2208 2910 2412 2976 ζωδίων
2437 2908 2524 2962 διὰ
2549 2907 2746 2971 παντὸς
2773 2907 3003 2975 γίνεται.
3051 2906 3140 2971 Ἐξ
3161 2898 3236 2960 ὧν
3268 2906 3520 2978 φανερὸν,
3547 2906 3623 2958 ὅτι
3655 2908 3679 2958 ὁ

2115 3004 2286 3075 ἥλιος,
2333 3001 2667 3063 ὑπεναντίως
2703 2999 2781 3066 τῷ
2808 3000 2999 3087 κόσμῳ
3026 2998 3345 3069 κινούμενος
3368 3000 3447 3063 είς
3471 2997 3538 3050 τά
3562 2999 3679 3050 ἑπό-

2037 3133 2080 3192 c
2119 3113 2254 3168 μενα
2281 3094 2390 3148 τῶν
2422 3093 2643 3157 ξωδίων,
2670 3092 2763 3146 καὶ
2795 3092 2896 3145 οὑκ
2925 3093 3004 3156 εἰς
3026 3092 3095 3146 τά
3119 3091 3505 3163 προηγούμενα
3524 3094 3676 3144 ποιεῖ-

2117 3208 2206 3243 ται
2238 3189 2338 3260 τὴν
2364 3187 2680 3259 μετάϐασιν.

2199 3281 2579 3352 Ἐκδηλότερον
2599 3280 2657 3334 δὲ
2681 3280 2772 3333 ἐπὶ
2796 3278 2899 3349 τῆς
2929 3277 3152 3348 σελήνης
3176 3276 3507 3349 θεωρεῖταιή
3530 3276 3674 3345 κίνη-

2118 3390 2222 3436 σις·
2256 3374 2351 3427 καὶ
2381 3372 2491 3445 γὰρ
2521 3372 2658 3444 αὑτὴ
2690 3371 3025 3434 ὑπεναντίως
3063 3370 3141 3442 τῷ
3178 3370 3373 3440 κόσμῳ
3406 3369 3672 3440 θεωρεῖται

2115 3467 2224 3521 ἀπὸ
2252 3465 2457 3528 δύσεως
2480 3465 2567 3518 ἐπ’
2594 3463 2860 3533 ἀνατολὴν
2888 3464 3201 3534 κινουμένη·
3233 3462 3392 3517 τοῦτο
3416 3461 3471 3515 δὲ
3497 3462 3553 3513 ἐν
3580 3460 3672 3531 μιᾷ

2115 3560 2273 3615 νυκτὶ
2315 3557 2540 3612 δύναται
2589 3557 3103 3628 καταλαμϐάνεσθαι
3145 3555 3233 3610 6ιά
3282 3556 3381 3627 τῆς
3415 3553 3670 3626 ὁράσεως.

2115 3650 2615 3725 ἐπιμαρτυροῦντος
2646 3649 2740 3703 τοῦ
2776 3648 3122 3721 φαινομένου.
3168 3649 3339 3702 Ὅταν
3382 3647 3491 3719 γὰρ
3535 3644 3674 3714 παρὰ

2110 3764 2232 3800 τινα
2263 3745 2373 3799 τῶν
2410 3744 2662 3799 ἀπλανῶν
2693 3743 2941 3815 ἀστέρων
2970 3740 3217 3813 θεωρηθῇ
3246 3742 3280 3812 ἡ
3312 3739 3527 3811 σελήνη,
3552 3753 3672 3808 προ-

2112 3837 2405 3908 ϐαινούσης
2438 3836 2536 3907 τῆς
2570 3835 2762 3898 νυκτὸς
2788 3834 3080 3903 ἀφίσταται
3113 3832 3220 3886 ἀπὸ
3250 3830 3346 3885 τοῦ
3387 3846 3671 3903 παρατετη-

2115 3928 2349 4001 ρημένου
2378 3930 2604 3999 ἀστέρος
2626 3927 2761 4000 πρὸς
2786 3926 3070 3998 ἀνατολὴν,
3093 3926 3187 3979 καὶ
3211 3926 3240 3979 ὁ
3262 3926 3437 3996 ἀστὴρ
3456 3924 3558 3978 ἀπὸ
3576 3923 3667 3990 τῆς

2112 4021 2340 4093 σελήνης
2374 4021 2509 4091 πρὸς
2539 4020 2709 4073 δύσιν·
2742 4018 2835 4072 καὶ
2882 4017 3139 4082 πολλάκις
3166 4018 3224 4071 ἐν
3249 4017 3348 4091 ὅλῃ
3371 4020 3437 4087 τῇ
3465 4013 3612 4069 νυκτὶ
3636 4016 3665 4082 ἡ

2112 4113 2303 4185 σελήνη
2350 4114 2515 4185 μοίρᾳ
2534 4114 2577 4144 ⁸⁸
2608 4112 2716 4165 ἀπὸ
2749 4110 2843 4164 τοῦ
2887 4111 3416 4183 παρατετηρημένου
3458 4109 3667 4178 ἀστέρος

2106 4207 2371 4262 διίσταται
2398 4207 2537 4278 πρὸς
2565 4205 2851 4275 ἀνατολὴν
2879 4205 3020 4259 ὥστε
3052 4207 3110 4258 ὲν
3145 4205 3242 4274 μιᾷ
3272 4205 3427 4257 νυκτὶ
3459 4202 3662 4272 θεωρεῖ-

2112 4299 2234 4352 σθαι
2265 4299 2365 4368 τὴν
2396 4298 2719 4352 ὑπεναντίαν
2759 4297 2973 4367 κίνησιν
3014 4296 3093 4367 τῷ
3118 4295 3327 4367 κόσμῳ.
3356 4295 3431 4348 Οὑ
3464 4293 3572 4365 γὰρ
3595 4296 3662 4353 είς

2106 4392 2233 4454 τοὺς
2257 4390 2697 4462 προηγουμένους
2729 4389 2966 4461 ἀστέρας
2988 4388 3289 4460 προϐαίνει,
3320 4388 3436 4442 ἀλλ’
3454 4389 3532 4451 είς
3548 4388 3660 4447 τοὺς

2032 4488 2076 4543 [ι
2107 4481 2423 4551 ἑπομένους.

2171 4572 2406 4639 Λέγουσι
2439 4571 2495 4624 δέ
2538 4588 2680 4635 τινες
2716 4572 2796 4635 είς
2841 4572 2938 4641 μὲν
2982 4571 3049 4624 τὰ
3092 4570 3331 4642 ἑπόμενα
3372 4571 3536 4636 ζώδια
3573 4569 3657 4638 τὴν

2105 4664 2401 4734 μετάϐασιν
2432 4663 2672 4732 γίνεσθαι
2705 4663 2783 4734 τῷ
2811 4650 2945 4734 ἡλίῳ
2976 4664 3070 4717 καὶ
3093 4667 3156 4735 τῇ
3183 4664 3398 4737 σελήνῃ’
3437 4665 3509 4737 μὴ
3545 4663 3655 4736 μέν-

2098 4773 2245 4825 τοιγε
2275 4758 2609 4822 ὑπεναντίως
2641 4759 2835 4820 αὐτοὺς
2878 4758 3143 4811 κινεῖσθαι
3182 4758 3260 4830 τῷ
3297 4760 3503 4830 κόσμῳ,
3536 4757 3658 4812 ἀλλὰ

2099 4849 2187 4902 διὰ
2208 4848 2277 4902 τά
2308 4848 2512 4920 μεγέθη
2544 4849 2931 4903 ὑπολείπεσθαι
2954 4851 3148 4914 αὐτοὺς
3167 4850 3266 4921 τῆς
3290 4851 3400 4904 τῶν
3421 4850 3656 4904 ἀπλανῶν

2097 4941 2342 5014 ἀστέρων
2378 4943 2631 5014 σφαίραςο
2660 4941 2833 4995 δοκεῖν
2863 4941 2921 4995 δὲ
2950 4945 2981 5013 ἡ
2992 4945 3081 5014 μίν
3101 4945 3181 5007 είς
3208 4943 3278 4997 τά
3301 4945 3541 5016 ἑπόμενα
3559 4942 3654 4997 τῶν

2098 5030 2305 5095 ζωδίων
2337 5031 2434 5102 τὴν
2475 5031 2771 5102 μετάϐασιν
2802 5032 3047 5099 γίνεσθαι
3096 5034 3241 5089 κατά
3278 5037 3379 5107 τὴν
3424 5033 3652 5090 ἐναντίαν

2097 5122 2329 5192 κίνησιν⁸
2358 5123 2516 5176 τοῦτο
2535 5124 2593 5176 δὲ
2618 5122 2692 5193 μὴ
2723 5118 2861 5176 εἶναι
2883 5124 3098 5194 ἀληθὲς,
3124 5125 3261 5179 ἀλλά
3286 5125 3541 5195 φέρεσθαι
3565 5125 3649 5195 μὲν

2093 5215 2243 5285 ἥλιον
2276 5216 2369 5268 καὶ
2405 5215 2634 5284 σελήνην
2667 5213 2761 5267 ἀπ’
2792 5215 3055 5286 ἀνατολῆς
3100 5216 3193 5268 ἐπὶ
3223 5216 3406 5271 δύσινο
3429 5233 3649 5270 κατατα-

2093 5304 2393 5372 χουμένους
2422 5305 2479 5357 δὲ
2505 5304 2609 5357 ὑπὸ
2643 5302 2735 5356 τοῦ
2771 5303 2979 5374 κόσμου
3028 5306 3133 5377 πρὸ
3163 5306 3260 5359 τοῦ
3286 5307 3482 5361 κύκλον
3515 5323 3649 5376 περι-

2091 5392 2335 5463 δραμεῖν,
2360 5397 2416 5446 ὲν
2431 5400 2542 5459 τοῖς
2564 5396 2850 5464 ἑπομένοις
2874 5381 3083 5460 ζωδίοῖς
3112 5397 3452 5469 θεωρεῖσθαι.
3474 5394 3649 5468 X9136-

2090 5500 2179 5538 ται
2211 5485 2268 5538 δέ
2305 5503 2446 5548 τινες
2486 5488 2580 5540 καὶ
2618 5486 2696 5553 τῷ
2737 5485 3042 5557 ὁμοιώματι
3086 5487 3276 5558 τούτῳ.
3320 5491 3383 5543 Ei
3416 5490 3519 5562 γάρ
3552 5504 3645 5550 τις.

2094 5576 2274 5645 each,
2310 5578 2650 5649 ὑπεστήσατο
2680 5575 2896 5646 δρομεῖς
2933 5577 3000 5647 ιβ’
3033 5579 3129 5650 ἱσῳ
3154 5579 3308 5650 τάχει
3331 5580 3648 5654 χρωμένους,
