3786 6316
107 324 197 380 825

1135 328 1372 386 GEMINI
1409 328 1779 386 ELEIIENTA
1814 330 2308 392 ASTRONOMLE.

3223 341 3327 399 89.6

108 446 189 500 καὶ
207 441 563 514 ποιουμένους
590 441 683 497 ἐπὶ
713 442 909 497 κύκλου
931 444 1030 515 τήν
1056 445 1288 519 κίνησιν,
1312 443 1428 502 εἶτα
1461 447 1660 520 μέντοι·

1770 448 2041 506 celeritate
2081 458 2318 513 utentes.
2354 460 2410 508 et
2460 453 2722 515 facientes
2755 457 2811 514 in
2843 458 3052 515 circulo
3096 469 3328 527 motun.
3390 482 3391 485 η

111 553 162 605 γε
188 534 338 591 ἀλλον
365 533 493 589 τινὰ
533 535 632 588 ἕνα
663 535 985 607 βραδύτερον
1014 539 1071 591 ὲν
1102 540 1285 603 αὐτοῖς
1322 538 1658 611 κινούμενον,

109 627 273 699 ὁμοίαν
301 627 359 681 δὲ
386 627 490 698 τὴν
518 628 730 701 κίνησιν
761 628 943 693 αὑτοῖς
966 630 1284 702 ποιούμενον
1312 633 1404 687 ἐπὶ
1434 632 1656 687 κύκλου·

106 721 230 787 οόξει
258 720 376 791 μὲν,
413 721 1097 793 περικαταλαμϐανόμενος
1114 722 1180 785 ⁸⁸,
1207 726 1285 787 εἰς
1312 723 1381 777 τά
1418 726 1661 795 ἑπόμενα

109 811 461 882 μεταϐαίνειν,
510 813 613 865 οὑκ
657 812 806 865 ἔσται
844 813 901 866 δὲ
946 813 1099 867 τοῦτο
1134 817 1228 869 ἐπὶ
1256 815 1354 885 τῆς
1382 815 1657 886 ἀληθείας·

106 902 205 955 ἀλλ’
234 902 436 973 ὁμοίως
476 903 675 966 -αὑτοῖς
721 902 1038 973 κινούμενος
1080 904 1169 957 διά
1215 905 1314 975 τὴν
1355 906 1661 977 βραδυτῆτα

105 993 226 1058 δόξει
256 996 334 1058 εις
375 995 643 1048 τάναντία
686 994 970 1051 κινεῖσθαι.
1010 994 1179 1049 Τοῦτο
1216 997 1279 1068 δή
1320 998 1413 1052 καὶ
1444 997 1535 1051 ἐπὶ
1566 996 1659 1051 τοῦ

106 1087 236 1156 ήλίου
262 1087 354 1139 καὶ
395 1088 493 1140 ἐπὶ
521 1089 622 1159 τῆς
659 1088 889 1159 σελήνης
930 1088 1350 1159 συμϐεϐηκέναι.
1398 1088 1521 1142 Ἐπὶ
1550 1087 1661 1158 γὰρ

106 1179 162 1231 τὰ
190 1178 322 1234 αὑτά
358 1179 505 1249 μέρη
536 1179 839 1250 κινούμενοι
869 1178 947 1250 τῷ
974 1180 1180 1251 κόσμῳ,
1208 1180 1297 1234 διά
1328 1181 1428 1253 τὴν
1461 1180 1659 1251 βραδυ-

104 1272 222 1337 τῆτα
257 1273 338 1335 εἰς
376 1271 449 1325 τά
487 1271 730 1341 ἑπόμενα
761 1272 1153 1343 ὑποφέρονται·
1188 1273 1433 1344 καθάπερ
1463 1273 1531 1326 τὰ
1567 1273 1661 1325 ἐπὶ

105 1362 197 1415 τῶν
237 1363 501 1433 ποταμῶν
547 1364 968 1437 καταφερόμενα
1007 1364 1184 1426 πλοῖα,
1215 1365 1659 1436 προκαταταχού-

107 1474 224 1525 μενα
250 1456 357 1510 ὑπὸ
378 1456 475 1510 τοῦ
501 1460 792 1527 ῥεύματος,
820 1457 968 1511 δοκεῖ
986 1459 1064 1521 εἰς
1083 1457 1152 1512 τά
1174 1459 1349 1512 ὀπίσω
1377 1457 1656 1512 κινεῖσθαι·

105 1546 249 1601 τοῦτον
266 1548 324 1601 δέ
356 1564 492 1616 φασι
514 1550 609 1603 καὶ
636 1550 728 1603 ἐπὶ
747 1549 843 1604 τοῦ
864 1550 1038 1620 ήλίου,
1070 1552 1163 1605 καὶ
1192 1554 1284 1606 ἐπὶ
1311 1554 1409 1623 τῆς
1434 1554 1660 1625 σελήνης

108 1640 428 1712 συμϐαίνειν.

1763 542 1956 599 deinde
1994 559 2124 600 vero
2161 544 2325 598 alium
2362 546 2650 614 quemdam
2676 550 2816 606 inter
2843 550 2992 621 ipsos
3026 552 3238 609 tardius
3266 570 3325 609 se

1763 641 2096 698 moventem,
2129 645 2184 691 et
2210 643 2393 692 tamen
2423 637 2492 693 iis
2523 640 2760 696 similem
2789 651 2996 697 motum
3026 644 3085 700 in
3114 644 3324 700 circulo

1763 724 2051 781 facientem
2089 746 2102 781 :
2132 725 2407 783 videbitur
2434 730 2653 799 quidem
2679 732 2747 797 is,
2775 747 2898 787 cum
2925 736 3321 797 anteveniatur.

1762 815 1819 869 in
1875 816 2265 886 consequentia
2316 818 2573 887 transire,
2624 836 2810 877 verum
2866 838 2934 878 ex
2981 826 3060 879 rei
3097 824 3325 881 veritate

1761 907 1867 964 hoc
1896 924 2004 962 non
2035 909 2139 964 erit
2164 925 2179 974 ;
2210 908 2306 965 sed
2342 925 2466 965 cum
2501 913 2753 970 similiter
2781 923 2945 985 atque
2975 916 3076 985 ipsi
3105 933 3323 973 movea-

1761 1005 1872 1063 tur,
1902 1008 2086 1056 tamen
2124 1013 2342 1073 propter
2379 1004 2691 1061 tarditatem
2721 1006 2993 1063 videbitur
3020 1009 3076 1063 in
3105 1020 3323 1065 contra-

1761 1090 1839 1145 ria
1876 1092 2100 1148 moveri.
2134 1093 2312 1163 Atque
2351 1094 2455 1149 hoc
2497 1095 2640 1152 idem
2675 1107 2731 1153 et
2771 1098 2827 1153 in
2868 1100 3003 1167 sole,
3024 1110 3081 1156 et
3106 1101 3161 1155 in
3194 1102 3322 1157 luna

1760 1182 2092 1263 contingere.
2132 1186 2269 1240 Cum
2301 1187 2445 1240 enim
2479 1203 2673 1244 versus
2712 1191 2930 1247 easdem
2972 1200 3153 1263 partes
3198 1208 3319 1249 cum

1762 1254 1964 1328 mund)
2005 1286 2345 1340 moveantur,
2396 1287 2619 1350 propter
2664 1254 2990 1340 tarditatem-
3025 1284 3081 1339 in
3129 1300 3321 1341 cons-3-

1760 1365 1980 1433 quentia
2011 1366 2238 1422 inferius
2272 1367 2522 1424 feruntur
2551 1390 2565 1426 :
2601 1373 3056 1441 quemadmodum
3082 1374 3317 1446 navigia,

1759 1468 1880 1522 quae
1909 1454 1964 1508 in
1998 1454 2177 1512 fluviis
2198 1456 2544 1524 deferuntur,
2575 1475 2701 1515 cum
2730 1478 2760 1515 a
2787 1460 2935 1516 ﬂuxu
2970 1472 3317 1533 superantur.

1760 1544 2014 1600 videntur
2037 1553 2184 1602 retro
2208 1546 2359 1604 ferri.
2393 1547 2507 1604 iloc
2539 1558 2716 1606 autem
2754 1552 3003 1624 inquiunt
3030 1562 3085 1608 et
3114 1553 3170 1607 in
3207 1554 3322 1609 sole

1759 1645 1813 1692 et
1840 1636 1896 1691 in
1928 1637 2055 1691 luna
2088 1640 2422 1710 contingere.

162 1752 298 1824 Δὺτη
331 1753 391 1806 δὲ
442 1755 477 1825 ή
508 1753 639 1819 δόξα
672 1754 776 1807 ὑπὸ
808 1754 1017 1808 πολλῶν
1058 1756 1358 1826 φιλοσόφων
1397 1756 1658 1830 εξρημένη

1830 1751 1900 1804 At
1953 1751 2069 1805 haec
2113 1752 2320 1822 Opinio,
2380 1754 2483 1809 etsi
2534 1770 2567 1808 a
2618 1755 2805 1811 multis
2854 1755 3190 1826 philosOpltis
3235 1764 3320 1811 est

106 1845 416 1916 ἁσύμφωνός
450 1846 570 1899 ἔστι
607 1849 723 1910 τοῖς
766 1848 1132 1918 φαινομένοις·
1165 1850 1215 1902 εἰ
1242 1848 1351 1920 γὰρ
1381 1850 1501 1904 καθ’
1530 1849 1659 1903 ὑπό-

105 1934 257 2004 λειψιν
279 1935 581 1997 ἐκινοῦντο,
611 1938 1030 2013 ὑποφερομένων
1057 1939 1165 1993 τῶν
1193 1942 1457 2012 σωμάτων
1479 1942 1567 1995 διὰ
1591 1940 1658 1995 ait

108 2027 311 2097 μεγέθη,
339 2027 448 2082 ἔδει
484 2027 625 2082 κατά
650 2030 1024 2101 παραλλήλους
1061 2031 1292 2095 κύκλους
1320 2033 1421 2104 τὴν
1452 2032 1659 2087 ὑπόλει-

104 2116 182 2184 ψιν
203 2119 467 2186 γίνεσθαι·
500 2118 757 2191 καθάπερ
791 2121 886 2174 καὶ
913 2122 962 2174 οἱ
986 2121 1245 2185 ἀπλανεῖς
1268 2121 1497 2193 ἀστέρες
1518 2123 1657 2176 πάν-

105 2225 180 2272 τες
197 2210 287 2263 ἐπὶ
313 2209 679 2281 παραλλήλων
702 2211 916 2265 κύκλων
940 2213 1216 2283 φέρονται,
1244 2213 1332 2267 διὰ
1352 2215 1413 2267 τὸ
1445 2214 1539 2267 καὶ
1560 2215 1657 2285 τὴν

103 2301 182 2353 τοῦ
214 2302 418 2372 κόσμου
450 2302 626 2373 φορὰν
651 2301 936 2369 ἐγκύκλιον
964 2299 1103 2357 εἶναι
1145 2304 1243 2357 ἀπ’
1277 2305 1539 2376 ἀνατολῆς
1564 2307 1657 2359 ἐπὶ

103 2390 253 2448 δύσιν.
288 2394 426 2446 Νυνὶ
466 2392 527 2446 δὲ
565 2393 664 2463 οὑχ
702 2393 1080 2448 ὑπολείπονται
1118 2394 1260 2448 κατά
1285 2395 1657 2467 παραλλήλους

107 2483 337 2545 κύκλους·
373 2484 490 2538 ἀλλ’
519 2487 550 2539 ό
600 2484 699 2555 μὲν
747 2485 929 2555 ἥλιος,
958 2485 1053 2538 ἐπὶ
1093 2486 1186 2539 τοῦ
1220 2487 1309 2541 διὰ
1342 2487 1524 2557 μέσων
1547 2487 1656 2540 τῶν

108 2575 292 2635 ζωδίων
322 2574 525 2629 κύκλου
552 2575 889 2646 κινούμενος,
923 2577 1038 2648 ἅμα
1069 2580 1162 2633 καὶ
1180 2577 1278 2650 τὴν
1299 2577 1442 2632 κατά
1459 2578 1657 2643 πλάτος

109 2665 319 2735 πάροδον
341 2670 581 2720 ποιεῖται
613 2667 721 2720 ἀπὸ
741 2667 956 2740 τροπῶν
989 2670 1081 2722 ἐπὶ
1109 2668 1334 2739 τροπάς·
1364 2669 1439 2730 ὡς
1468 2667 1555 2732 ἂν,
1580 2665 1657 2722 οἷ-

110 2772 211 2824 μαι,
247 2757 381 2821 ιδίας
414 2758 772 2829 ὑπαρχούσης
804 2759 953 2829 αὑτῷ
983 2759 1081 2830 τῆς
1117 2762 1397 2830 κινήσεως,
1428 2760 1525 2831 τῆς
1557 2761 1655 2830 μὲν

107 2847 186 2900 ἀπ’
204 2848 464 2920 ἀνατολῆς
486 2851 583 2902 ἐπὶ
607 2849 779 2913 δύσιν,
807 2853 906 2920 τῆς
941 2849 999 2902 δὲ
1041 2850 1148 2903 ἀπὸ
1180 2848 1384 2911 δύσεως
1409 2850 1495 2901 ἐπ’
1521 2851 1654 2902 ἀνα-

107 2938 262 3010 τολήν·
305 2942 340 3010 ή
381 2940 440 2994 δὲ
473 2940 672 3011 σελήνη
717 2942 774 2994 ἐν
804 2941 911 3012 ὅλῳ
938 2941 1017 3012 τῷ
1044 2941 1233 2994 πλάτει
1263 2938 1357 2993 τού
1392 2938 1654 3004 ζωδιακοῦ

109 3030 288 3085 κύκλου
311 3034 411 3102 τὴν
440 3033 678 3105 πάροδον
703 3036 954 3085 ποιεῖται.
981 3032 1146 3085 Οὐδὲν
1170 3031 1227 3084 δὲ
1248 3030 1356 3084 τῶν
1379 3029 1499 3084 καθ’
1526 3030 1657 3084 ὑπό-

1759 1840 1922 1904 dicta,
1978 1849 2157 1897 tamen
2199 1859 2307 1898 non
2359 1845 2611 1914 congruit
2667 1860 2790 1899 cum
2841 1847 3219 1917 apparentiis;
3271 1848 3319 1902 si

1757 1932 1900 1986 enim
1919 1932 2073 2000 juxta
2100 1933 2410 2003 huiusmodi
2440 1935 2779 1990 relictionem
2804 1948 3171 2001 moverentur,
3193 1953 3318 1993 cum

1757 2035 1985 2089 corpora
2022 2024 2111 2077 illa
2152 2025 2382 2082 inferius
2424 2034 2766 2092 moveantur,
2799 2036 3022 2098 propter
3051 2030 3322 2099 magnitu-

1758 2112 1975 2176 tudines
2012 2116 2299 2183 oportebat
2337 2117 2393 2171 in
2436 2118 2707 2187 parallelis
2747 2119 2970 2175 circulis
3015 2120 3157 2173 hanc
3193 2121 3322 2176 reli-

1757 2206 1991 2261 ctionem
2028 2207 2142 2261 lieri
2169 2227 2184 2275 ;
2215 2210 2673 2279 quemadmodum
2711 2222 2765 2267 et
2810 2215 2977 2269 stella:
3016 2214 3321 2270 inerrantes

1758 2312 1947 2355 omnes
1990 2302 2044 2354 in
2098 2302 2374 2370 parallelis
2415 2305 2639 2361 circulis
2698 2305 2950 2362 feruntur
2999 2325 3011 2361 :
3063 2325 3129 2364 eo
3174 2308 3320 2380 quod

1757 2400 1810 2445 et
1864 2391 2051 2445 mundi
2127 2400 2308 2448 motus
2368 2402 2454 2450 est
2501 2397 2786 2453 circularis
2833 2400 2902 2454 ab
2954 2406 3077 2455 ortu
3127 2414 3320 2455 versus

1754 2498 2030 2540 occasum.
2054 2484 2122 2539 At
2144 2501 2253 2541 non
2280 2487 2662 2557 relinquuntur
2682 2488 2737 2542 in
2763 2490 3035 2558 parallelis
3057 2490 3318 2555 circulis;

1757 2575 1853 2632 sed
1882 2576 1963 2632 sol
1996 2591 2119 2631 cum
2156 2576 2208 2630 in
2241 2578 2451 2633 circulo
2484 2594 2579 2649 per
2612 2580 2788 2634 media
2819 2580 2972 2651 signa
3002 2591 3320 2637 transeunte

1755 2673 2059 2731 moveatur,
2081 2666 2244 2723 simul
2275 2670 2439 2724 etiam
2485 2670 2784 2725 secundum
2827 2671 3164 2727 latitudinem
3192 2672 3321 2726 facit

1756 2767 1962 2814 motum
1990 2775 2020 2813 a
2049 2760 2285 2815 solstitio
2327 2761 2395 2815 ad
2437 2762 2729 2817 solstitium
2764 2778 2777 2814 :
2813 2763 2979 2834 quod,
3013 2771 3072 2818 ut
3104 2763 3317 2832 opinor.

1756 2851 2009 2921 proprius
2036 2851 2086 2906 ei
2121 2852 2192 2906 sit
2222 2862 2401 2908 motus
2431 2854 2521 2908 bic
2560 2855 2629 2910 ab
2658 2863 2783 2911 ortu
2814 2872 3003 2912 versus
3029 2870 3318 2919 occasum;

1758 2941 1848 2995 ille
1890 2943 1960 2997 ab
2011 2957 2212 3000 occasu
2258 2961 2453 3002 versus
2498 2955 2674 3001 ortum
2703 2968 2718 3013 ;
2752 2946 2879 3002 luna
2930 2962 3055 3002 vero
3104 2947 3157 3000 in
3204 2954 3319 3000 tota

1758 3030 2041 3087 latitudine
2087 3033 2294 3089 zodiaci
2343 3034 2533 3090 circuli
2582 3043 2785 3091 motum
2825 3036 2973 3091 facit.
3016 3033 3160 3090 Niliil
3190 3051 3320 3090 vero

108 3119 260 3191 λειψιν
298 3123 722 3195 ὑποφερομένων
755 3123 870 3193 ἃμα
909 3121 1130 3175 δύναται
1158 3120 1300 3174 κατά
1331 3121 1532 3184 πλάτος
1563 3137 1650 3173 κι-

1760 3136 1939 3176 eorum
1982 3139 2104 3193 qua:
2143 3125 2442 3179 secundum
2477 3124 2814 3180 relictionem
2846 3124 3115 3187 feruntur,
3159 3124 3320 3180 simul

110 3214 314 3269 νεῖσθαι·
353 3215 469 3269 ἀλλ’
498 3214 705 3285 ὀφείλει
736 3213 878 3269 κατά
900 3214 998 3286 τὴν
1019 3212 1113 3266 τοῦ
1139 3213 1344 3284 κόσμου
1371 3213 1540 3284 φορὰν
1561 3211 1659 3283 τὴν

117 3306 373 3378 ὑπόλειψιν
419 3305 715 3361 ποιεῖσθαι.
772 3305 1009 3376 Ἐλέγχει
1052 3304 1109 3357 δὲ
1151 3305 1250 3376 τὴν
1289 3303 1447 3371 δόξαν
1489 3303 1659 3374 ψευδῆ

112 3399 436 3470 ὑπάρχουσαν
468 3398 704 3470 μάλιστα
736 3397 954 3451 πάντων
983 3397 1017 3466 ή
1041 3396 1170 3468 περὶ
1193 3397 1318 3459 τοὺς
1339 3396 1502 3449 πέντε
1527 3395 1661 3448 πλά-

111 3505 257 3558 νητας
296 3490 535 3562 ἀστέρας
574 3489 810 3559 κίνησις·
856 3489 1049 3541 ἐκεῖνοι
1072 3486 1179 3558 γὰρ
1209 3486 1299 3539 an
1323 3486 1420 3557 μὲν
1446 3485 1660 3540 ὑπολεί-

114 3597 282 3634 πονται
307 3580 417 3636 τῶν
456 3579 716 3636 ἀπλανῶν
745 3578 1011 3651 ἀστέρων,
1041 3577 1132 3632 ότὲ
1167 3577 1224 3631 δὲ
1269 3575 1655 3648 προηγούνται·

114 3671 188 3725 ὁτὲ
225 3672 277 3726 δὲ
316 3673 457 3728 κατά
500 3673 632 3736 τοὺς
659 3671 856 3734 αὑτοὺς
888 3670 1125 3740 ἀστέρας
1181 3668 1461 3739 μένουσιν·
1514 3668 1564 3721 οἱ
1604 3666 1661 3720 δὲ

117 3770 196 3818 καὶ
238 3766 523 3819 καλοῦνται
567 3763 880 3835 στηριγμοι.
934 3759 1199 3830 Τοιαύτης
1224 3759 1280 3812 δὲ
1309 3757 1662 3829 ὑπαρχούσης

118 3854 228 3924 περὶ
261 3856 452 3919 αὐτοὺς
495 3854 600 3924 τῆς
636 3853 931 3922 κινήσεως,
977 3849 1228 3921 φανερὸν,
1267 3849 1350 3902 ὅτι
1382 3848 1416 3916 ή
1459 3847 1551 3901 ἐπὶ
1593 3844 1664 3899 τά

115 3946 331 4019 ἑπόμενα
376 3946 681 4019 μετάϐασις
716 3944 779 3998 οὑ
820 3942 1024 4012 γίνεται
1074 3941 1217 3995 κατά
1248 3937 1548 4010 ὑπόλειψιν·
1575 3937 1661 3991 όιά

118 4042 291 4105 παντὸς
321 4042 430 4113 γὰρ
464 4040 534 4095 ἂν
563 4037 932 4093 ὑπελείποντο.
966 4035 1103 4089 Νυνὶ
1127 4034 1183 4088 δὲ
1205 4032 1309 4088 ἰδία
1339 4033 1424 4096 τίς
1454 4033 1601 4084 ἐστιν
1626 4031 1660 4099 ή

118 4134 229 4204 περὶ
261 4134 486 4188 ἕκαστον
530 4128 902 4202 σφαιροποιῐα,
939 4126 1061 4181 καθ’
1092 4126 1158 4197 ἥν
1193 4125 1323 4179 ποτὲ
1355 4124 1453 4196 μὲν
1489 4125 1568 4187 εἰς
1592 4121 1660 4175 τά

120 4223 333 4294 ἑπόμενα
363 4222 773 4296 μεταϐαίνουσι,
808 4219 938 4273 ποτὲ
963 4219 1021 4273 δὲ
1052 4220 1132 4282 εἰς
1164 4218 1231 4271 τὰ
1252 4213 1658 4301 προηγούμενα,

123 4317 230 4369 ποτὲ
250 4318 303 4371 δὲ
330 4314 700 4387 στηρίζουσιν.
728 4311 885 4367 Οὕτω
902 4311 965 4381 δὴ
997 4311 1091 4363 καὶ
1113 4310 1238 4377 περὶ
1257 4308 1346 4361 τὸν
1371 4306 1540 4377 ἥλιον.
1568 4306 1662 4357 καὶ

121 4406 228 4475 περὶ
247 4406 339 4477 τὴν
371 4405 604 4475 σελήνην
633 4403 741 4456 ἰδία
769 4401 854 4464 τίς
883 4402 996 4453 ὲστι
1029 4399 1122 4452 καὶ
1167 4396 1542 4469 προαιρετική,
1568 4395 1661 4447 καὶ

124 4497 242 4551 κατά
265 4498 421 4569 φύσιν
455 4500 491 4569 ἠ
522 4499 651 4566 περὶ
680 4494 880 4557 πλάτος
904 4492 1140 4563 κίνησις,
1170 4489 1291 4543 καθ’
1331 4489 1396 4559 ἣν
1441 4487 1549 4542 ἀπὸ
1574 4485 1665 4540 δύ-

124 4604 237 4653 σεως
255 4592 335 4645 ἐπ’
359 4588 627 4658 ἀνατολὴν
660 4586 965 4657 κινούμενοι
989 4586 1089 4653 τὴν
1123 4583 1263 4637 κατά
1289 4582 1490 4644 πλάτος
1522 4580 1665 4651 πάρ-

121 4680 218 4735 οδον
246 4681 539 4736 ποιοῦνται.
573 4679 695 4731 ὐτι
737 4676 796 4729 δὲ
841 4676 901 4728 ού
945 4674 1196 4727 δύνανται
1228 4671 1348 4726 καθ’
1386 4668 1665 4738 ὑπόλειψιν

124 4774 188 4833 el;
207 4773 266 4826 τά
294 4773 540 4843 ἑπόμενα
566 4770 673 4822 τῶν
697 4767 902 4832 ςωδιων
924 4765 1024 4836 τὴν
1051 4764 1346 4835 μετάϐασιν
1373 4760 1664 4822 ποιεῖσθαι,

129 4866 326 4936 φανερὸν
352 4866 447 4919 καὶ
479 4865 549 4917 ἐκ
576 4861 672 4916 τού
704 4861 780 4932 μὴ
805 4858 1065 4926 ἀνάλογον
1096 4858 1207 4920 τοῖς
1233 4854 1505 4925 μεγέθεσι,
1534 4851 1665 4924 μηδὲ

128 4956 216 5017 τοῖς
244 4957 591 5026 ἀποστήμασι
620 4952 720 5015 τὰς
762 4949 1090 5021 μεταϐάσεις
1134 4947 1395 5016 γίνεσθαι.
1447 4946 1511 4998 Εἰ
1557 4942 1666 5015 γὰρ

128 5042 198 5098 διὰ
215 5047 277 5101 τά
299 5048 501 5119 μεγέθη
530 5046 639 5098 τῶν
666 5043 932 5114 σωμάτων
960 5038 1312 5112 ὑπεφέροντο,
1337 5035 1666 5109 βραδυτέραν

131 5132 311 5202 ἔχοντες
333 5137 442 5191 τῶν
462 5134 721 5191 ἀπλανῶν
745 5134 988 5204 ἀστέρων
1016 5131 1246 5202 κίνησιν,
1276 5129 1382 5183 ἔδει
1410 5127 1666 5193 ἀνάλογον

131 5226 220 5287 τοῖς
250 5227 495 5295 μεγέθεσι
535 5226 631 5278 καὶ
676 5226 788 5285 τοῖς
836 5222 1182 5292 ἀποστήμασι
1217 5219 1315 5282 τὰς
1358 5216 1667 5286 ὑπολείψεις

134 5313 357 5378 τίνεσθαι·
387 5319 462 5390 μή
484 5316 773 5387 γινομένου
795 5314 851 5367 δὲ
865 5313 1075 5374 τούτου,
1097 5312 1307 5382 ἀνάγκη
1328 5312 1505 5380 λέγειν
1528 5308 1669 5364 κατά

136 5404 265 5469 ςύσιν
286 5409 417 5465 εἶναι
442 5414 555 5473 τοῖς
577 5406 947 5478 πλανωμένοις
974 5406 1203 5477 ἁστῆρσι
1222 5404 1322 5476 τὴν
1346 5402 1667 5457 ὑπεναντίαν

136 5496 329 5569 κίνησιν.
366 5503 505 5573 Ἤδη
540 5501 720 5571 μέντοι
749 5498 836 5551 διὰ
880 5498 974 5567 τὴν
1010 5497 1158 5561 ἰδίαν¹
1180 5494 1409 5549 ἑκάστου
1449 5511 1668 5550 sesamo-

216 5724 253 5757 “
279 5726 316 5794 ί.
343 5726 721 5801 προκαταλαμ.

1759 3220 1936 3281 potest
1982 3216 2277 3270 secundum
2332 3217 2669 3274 latitudinem
2724 3218 2974 3283 moveri;
3026 3216 3120 3272 sed
3163 3216 3321 3271 debet

1759 3305 2058 3359 secundum
2096 3306 2281 3362 mundi
2317 3316 2523 3362 motum
2559 3309 2895 3364 relictionem
2934 3308 3080 3362 illam
3120 3306 3319 3362 facere.

1757 3396 2049 3452 Convincit
2092 3408 2271 3455 autem
2312 3400 2453 3456 lianc
2494 3401 2827 3472 Opinionem,
2876 3399 3018 3471 quod
3064 3398 3195 3454 falsa
3225 3399 3320 3461 sit,

1759 3492 1994 3545 maxime
2042 3490 2285 3545 omnium
2329 3498 2507 3548 motus
2549 3492 2790 3562 quinque
2832 3492 3209 3562 planetarum;
3242 3489 3321 3544 illi

1757 3578 1903 3634 enim
1934 3579 2206 3636 interdum
2234 3582 2616 3653 relinquuntur
2639 3583 2708 3636 ab
2734 3581 3100 3636 inerrantibns
3127 3579 3320 3647 stellis,

1760 3667 2031 3724 interdum
2069 3671 2382 3741 praecedunt
2425 3687 2565 3740 eas;
2604 3671 2878 3728 interdum
2923 3670 3065 3743 apud
3101 3667 3319 3726 easdem

1760 3761 1949 3819 stellas
1997 3772 2220 3820 manent
2271 3783 2285 3820 :
2336 3780 2459 3835 qua:
2507 3766 2669 3821 etiam
2725 3765 2992 3821 stationes
3035 3771 3320 3818 vocantur.

1760 3849 1911 3908 Talis
1938 3867 2064 3908 cum
2107 3862 2288 3913 motus
2325 3858 2398 3910 sit
2443 3857 2809 3927 planetarum,
2836 3854 3183 3912 manifestum
3215 3860 3319 3917 est,

1764 3944 1904 4014 quod
1953 3946 2221 4004 transitus
2250 3948 2306 4003 in
2335 3950 2721 4021 consequentia
2754 3965 2864 4005 non
2896 3949 2989 4004 llat
3022 3945 3322 4005 secundum

1762 4036 2116 4093 relictionem.
2150 4040 2379 4110 Semper
2407 4042 2552 4096 enim
2595 4042 2753 4111 quasi
2790 4057 2820 4095 a
2857 4048 3009 4111 tergo
3057 4039 3323 4106 relinque-

1760 4136 1928 4182 retur.
1944 4126 2014 4180 At
2035 4145 2179 4183 nunc
2201 4130 2468 4200 cujusque
2485 4141 2566 4186 est
2587 4131 2804 4201 prOpria
2825 4130 3067 4199 quadam
3090 4129 3321 4197 sphaera,

1760 4219 2060 4273 secundum
2108 4233 2271 4288 quam
2318 4236 2466 4275 nunc
2509 4221 2565 4274 in
2616 4218 3008 4288 consequentia
3069 4215 3320 4278 tendunt,

1760 4324 1907 4363 nunc
1940 4309 1994 4361 in
2030 4307 2427 4373 antecedentia,
2462 4323 2607 4362 nunc
2645 4323 2777 4362 vero
2816 4314 2944 4362 sunt
2978 4304 3317 4361 stationales.

1767 4399 1858 4457 Sic
1894 4401 2057 4470 igitur
2088 4408 2141 4455 et
2169 4400 2302 4454 solis
2354 4405 2410 4454 et
2440 4400 2579 4453 lunas
2626 4398 2879 4468 pr0prius
2903 4403 2989 4451 est
3020 4395 3239 4465 aliquis,
3267 4399 3324 4449 et

1764 4493 2050 4553 electivus.
2077 4498 2132 4546 et
2175 4491 2440 4547 naturalis
2484 4491 2783 4547 secundum
2828 4486 3167 4542 latitudinem
3205 4504 3323 4542 mo-

1766 4596 1852 4643 tus
1877 4604 1892 4653 ;
1927 4586 2225 4643 secundum
2255 4600 2415 4656 quem
2446 4599 2567 4638 cum
2597 4582 2665 4638 ab
2691 4596 2889 4638 occasu
2920 4595 3113 4636 versus
3144 4587 3321 4635 ortum

1765 4681 2071 4737 moventur,
2101 4672 2265 4727 simul
2313 4671 2465 4726 illum
2510 4669 2811 4725 latitudinis
2858 4676 3064 4723 motum
3091 4667 3320 4722 faciunt.

1762 4763 1919 4831 Quod
1967 4780 2095 4819 vero
2136 4779 2245 4818 non
2286 4764 2497 4833 possint
2541 4761 2839 4819 secundum
2883 4760 3218 4816 relictionem
3268 4761 3322 4815 in

1763 4854 2151 4924 consequentia
2198 4854 2352 4925 signa
2389 4867 2733 4923 progressum
2771 4851 2971 4917 facere,
3001 4850 3166 4906 etiam
3196 4849 3323 4904 hinc

1764 4956 1850 5002 est
1880 4946 2226 5002 manifestum
2256 4944 2400 5015 quod
2436 4960 2544 5001 non
2569 4953 2933 5015 congruenter
2960 4959 3085 5000 cum
3111 4945 3323 5014 magni-

1766 5039 2077 5100 tudinibus,
2145 5052 2322 5106 neque
2377 5053 2502 5093 cum
2559 5036 2839 5093 distantiis
2889 5036 2946 5090 lii
2998 5050 3324 5107 progressus

1767 5129 1919 5183 ﬁant.
1953 5127 2008 5181 Si
2050 5128 2195 5182 cnim
2239 5139 2458 5198 propter
2503 5126 2904 5198 magnitudines
2927 5139 3216 5195 corporum
3244 5125 3327 5178 in-
3404 5148 3409 5153 -

1768 5221 1934 5276 terius
1966 5228 2333 5283 moverentur,
2361 5235 2486 5275 cum
2518 5219 2751 5274 habeant
2782 5218 3073 5274 tardiorem
3117 5224 3325 5273 motum

1766 5328 1926 5381 quam
1961 5312 2131 5366 stella:
2161 5309 2487 5376 inerrantes,
2519 5309 2799 5380 oportebat
2820 5315 3178 5379 congruenter
3198 5322 3326 5362 cum

1766 5401 2233 5474 magnitudinibus
2257 5411 2312 5459 et
2341 5418 2464 5458 cum
2499 5386 2774 5459 distantiis
2812 5402 3123 5457 relictiones
3165 5396 3277 5455 fieri
3308 5414 3325 5465 ;

1768 5496 1871 5550 hoc
1914 5511 2035 5550 cum
2083 5512 2191 5550 non
2227 5495 2340 5563 fiat,
2388 5509 2613 5552 necesse
2658 5502 2741 5552 est
2790 5492 2991 5556 dicere,
3023 5490 3322 5548 secundum
