3786 6322
482 348 593 411 827

1506 347 1849 405 APPENDIX
1882 345 1970 401 AD
2012 343 2283 400 EUSEBII
2322 346 2734 403 CHRONICON.
3599 341 3684 396 828

488 475 741 521 naturam
790 482 913 526 esse
964 454 1273 522 errantibus
1302 466 1478 521 stellis
1524 465 1858 519 contrarium
1898 464 2048 517 illum

2181 459 2335 515 τοιίαν
2363 462 2651 535 διαφόρους
2703 457 3010 531 συμϐέϐηκε
3057 453 3154 521 τὰς
3205 454 3522 527 μεταϐάσεις
3562 452 3687 523 γίνε-

488 565 719 613 motum.
736 555 853 611 Jam
879 565 1025 612 certe
1049 564 1267 628 propter
1289 557 1560 628 propriam
1585 557 1851 627 cujusque
1879 557 2051 628 sphae-

489 664 609 707 ram
640 652 907 723 contingit
933 650 1180 707 diversos
1207 652 1321 707 ﬁeri
1357 667 1700 722 progressus.

1014 773 1121 843 27
1150 769 1381 827 CAPUT
1434 770 1526 825 x1.

910 885 989 940 De
1016 885 1215 939 artibus
1251 894 1300 939 et
1342 885 1632 940 occasibus.

560 997 794 1055 Ilundus
833 1014 957 1054 cum
999 1006 1248 1054 movetur
1292 999 1361 1054 ab
1388 1009 1512 1054 ortu
1551 1015 1741 1055 versus
1775 1014 2054 1063 occasum,

490 1089 579 1144 die
596 1097 650 1144 et
671 1101 829 1145 nocte
848 1090 1155 1145 restituitur
1177 1092 1245 1144 ab
1267 1098 1389 1145 ortu
1409 1106 1599 1146 versus
1619 1098 1797 1145 ortum
1816 1111 1828 1145 :
1846 1091 1900 1145 in
1927 1107 2059 1146 con-

492 1180 748 1234 versione
794 1190 976 1235 autem
1030 1181 1219 1235 mundi
1261 1196 1451 1235 omnes
1487 1181 1658 1235 stella:
1707 1180 1952 1250 quotidie
2005 1187 2060 1234 et

491 1271 747 1326 oriuntur
777 1284 831 1327 et
879 1272 1163 1328 occidunt.
1198 1272 1263 1325 Et
1298 1279 1454 1328 ortus
1483 1272 1702 1343 quidem
1725 1244 2061 1343 est.appari-

493 1364 569 1418 tio
594 1379 762 1434 supra
793 1364 1130 1419 horizontem
1158 1382 1173 1431 ;
1204 1380 1436 1420 occasus
1465 1381 1595 1420 vero
1637 1374 1720 1419 est
1747 1364 2057 1427 occultatio,

492 1471 616 1525 qua:
659 1457 908 1527 quotidie
954 1458 1011 1511 fit
1069 1456 1213 1511 infra
1267 1458 1630 1512 horizontem.
1678 1456 1849 1511 Aliter
1879 1463 2060 1509 autem

491 1547 751 1601 dicuntur
792 1549 1035 1620 ὲπιτολὴ,
1081 1547 1176 1601 καὶ
1208 1548 1429 1619 κρύψις,
1462 1548 1516 1602 id
1565 1555 1650 1602 est
1677 1547 1964 1618 apparitio,
2007 1552 2063 1601 et

492 1641 822 1707 occultatio;
864 1656 988 1711 quae
1028 1642 1279 1695 nonnulli
1322 1657 1387 1695 ex
1420 1641 1723 1710 ignorantia
1763 1639 2063 1694 secundum

490 1727 746 1782 eumdem
773 1744 997 1784 sensum
1029 1739 1227 1799 putant
1259 1731 1387 1785 dici.
1420 1729 1513 1783 Est
1539 1741 1720 1783 autem
1744 1744 1937 1798 magna
1958 1726 2065 1783 dif-

2155 551 2300 607 σθαι.

2674 775 2851 827 ΚΕΦΑ
2860 774 2971 826 AA]
2978 772 3068 825 ΟΝ
3101 771 3197 826 1Δ’.

2488 889 2627 956 Περὶ
2658 885 2969 942 ἀνατολῶν
2995 885 3090 938 καὶ
3124 880 3389 952 δυσμῶν.

2239 1005 2299 1057 '0
2337 1005 2562 1073 κόσμος,
2608 1001 2925 1073 κινούμενος
2976 1001 3071 1055 ἀπ’
3115 996 3378 1067 ἀνατολῆς
3422 993 3511 1046 ἐπὶ
3546 992 3688 1055 δύσιν,

2159 1095 2343 1167 ἡμέρᾳ
2386 1096 2479 1149 καὶ
2519 1095 2676 1147 νυκτὶ
2724 1092 3155 1147 ἀποκαθίσταται
3200 1090 3293 1142 ἀπ’
3344 1084 3593 1154 ἀνατολῆς
3621 1086 3689 1136 ἐπ’

2159 1187 2445 1257 ἀνατολήν.
2486 1188 2574 1240 Ἐν
2598 1186 2653 1239 δὲ
2688 1188 2755 1256 τῇ
2790 1184 2881 1238 τοῦ
2919 1185 3123 1254 κόσμου
3158 1181 3490 1253 περιστροφῇ
3522 1180 3691 1239 πάντες

2159 1281 2209 1332 οἱ
2242 1280 2468 1348 ἀστέρες
2496 1278 2617 1331 καθ’
2642 1277 2875 1347 ἑκάστην
2894 1275 3106 1348 ἡμέραν
3135 1275 3229 1329 καὶ⁸
3259 1271 3593 1326 ἀνατέλλουσι
3618 1272 3689 1321 καὶ

2161 1368 2393 1422 δύνουσι.
2433 1368 2541 1419 Kal.
2564 1367 2711 1419 ἐστιν
2737 1365 2967 1436 ἀνατολὴ
2998 1366 3093 1435 μὲν
3126 1365 3160 1435 ἡ
3193 1363 3313 1417 καθ’
3334 1360 3562 1430 ἑκάστην
3588 1359 3697 1428 ἡμέ-
3752 1401 3761 1418 ,

2164 1476 2263 1530 ραν
2308 1458 2566 1529 γινομένη
2604 1458 2739 1530 πρὸς
2767 1458 2858 1511 τὸν
2899 1458 3146 1530 ὁρίζοντα
3196 1454 3358 1524 φάσις
3387 1453 3461 1489 υ·
3490 1451 3626 1513 “at;
3650 1450 3696 1502 δὲ

2161 1552 2194 1618 ἡ
2228 1548 2349 1619 καθ’
2379 1548 2612 1617 ἑκάστην
2655 1546 2867 1619 ἡμέραν
2908 1545 3164 1617 γινομένη
3199 1543 3303 1597 ὑπὸ
3350 1542 3441 1595 τὸν
3479 1540 3697 1612 ὁρίζοντα

2164 1618 2380 1711 κρύιξκις.
2415 1638 2624 1701 ’Λλλως
2673 1638 2730 1691 δὲ
2770 1618 3016 1705 λέγονται
3070 1635 3314 1691 ὲπιτολαὶ
3354 1634 3448 1687 καὶ
3478 1632 3695 1701 κρύψεις.

2162 1730 2229 1793 ἃς
2252 1731 2383 1783 ἔνιοι
2407 1730 2726 1798 ἀγνοοῦντες
2758 1729 2900 1782 κατὰ
2920 1728 3019 1799 τὴν
3049 1727 3216 1798 αὐτὴν
3249 1726 3454 1779 ἔννοιαν
3483 1723 3697 1791 ὑπολαμ-

496 1820 729 1875 [εηιιιίει
775 1822 920 1877 inter
964 1824 1227 1893 ἀνατολήν
1273 1832 1326 1877 et
1364 1823 1639 1893 ἐπιτολήν.
1683 1820 1935 1892 Ἀνατολή
1978 1828 2064 1875 est

2181 1826 2387 1879 Ξάνουσι
2422 1824 2693 1891 λέγεσθαι.
2721 1823 2947 1892 Μεγάλη
2979 1822 3036 1875 δέ
3065 1824 3179 1875 ἔστι
3210 1818 3441 1889 διαφορὰ
3469 1816 3700 1884 ἀνατολῆς

496 1919 654 1966 ortus
694 1912 807 1974 ille,
842 1912 910 1967 de
951 1929 1060 1982 quo
1080 1913 1193 1982 jam
1230 1912 1434 1966 dictum
1473 1921 1578 1967 est.
1623 1910 1691 1966 At
1721 1911 1937 1982 ὲπιτολή
1982 1918 2066 1965 est

497 2002 592 2056 illa
637 2001 708 2056 ad
740 2003 1080 2057 horizontem
1120 2003 1410 2073 apparitio,
1442 2019 1563 2073 qua:
1592 2003 1899 2058 desumitur
1941 2016 2066 2056 cum

498 2091 759 2148 distantia
794 2107 827 2145 a
870 2092 1006 2148 sole.
1043 2091 1243 2146 Eadem
1274 2091 1577 2147 diﬂ‘crentia
1610 2099 1693 2147 est
1720 2092 1859 2146 inter
1885 2092 2065 2156 δύσιν,

502 2180 556 2234 id
600 2186 683 2236 est
724 2196 1001 2246 occasum,
1045 2188 1100 2235 et
1142 2180 1361 2251 κρύψιν,
1395 2181 1449 2234 id
1498 2190 1583 2236 est
1625 2182 2061 2237 occultationem.

500 2272 675 2328 Aliter
705 2273 850 2327 enim
889 2273 1091 2326 dicitur
1130 2272 1300 2335 δύσις,
1346 2287 1599 2338 occasus,
1640 2274 1734 2343 qui
1773 2281 1857 2329 est
1888 2275 2070 2344 quoti-

502 2362 663 2416 diana
721 2363 867 2417 infra
922 2363 1256 2418 horizontem
1316 2364 1611 2420 occultatio
1659 2384 1672 2420 :
1735 2366 1893 2421 aliter
1938 2382 2070 2422 vero

500 2453 720 2525 κρύψις,
752 2454 807 2508 id
835 2463 918 2509 est
950 2454 1245 2510 occultatio
1307 2472 1431 2527 quae
1472 2457 1531 2510 (it
1562 2458 1728 2514 simul
1766 2468 1823 2514 et
1869 2460 1938 2514 ad
1970 2460 2069 2514 ho-

500 2548 765 2601 rizontem
790 2558 843 2602 et
866 2546 935 2602 ad
956 2548 1151 2606 solem.

572 2637 711 2693 Sunt
743 2648 925 2695 autem
951 2640 1221 2710 cujusque
1245 2640 1415 2696 stellae
1442 2651 1597 2698 ortus
1631 2642 1768 2709 duo;
1802 2643 1894 2697 alii
1923 2643 2070 2698 enim

500 2726 758 2781 dicuntur
797 2729 1073 2793 matutini,
1108 2730 1202 2787 alii
1244 2731 1561 2799 vespertini.
1591 2731 1888 2788 Matutinus
1917 2742 2073 2789 ortus

503 2830 607 2886 est,
638 2835 762 2874 cum
803 2821 967 2876 simul
998 2837 1121 2876 cum
1158 2824 1277 2879 sole
1319 2824 1531 2879 oriente
1564 2825 1722 2879 stella
1750 2826 1933 2896 aliqua
1962 2825 2074 2880 ori-

504 2921 616 2978 tur,
648 2922 841 2984 estque
868 2914 1056 2969 eodem
1085 2923 1329 2987 tempore
1368 2916 1425 2970 in
1456 2916 1760 2973 borizonte.
1796 2900 2074 2987 \{esperti-

506 3018 612 3058 nus
646 3010 800 3058 ortus
823 3012 929 3069 est,
962 3020 1086 3059 cum
1121 3005 1238 3059 sole
1268 3005 1555 3060 occidente
1589 3008 1765 3060 oritur
1793 3007 1951 3062 stella
1973 3006 2077 3062 ali-

505 3111 615 3167 qua
635 3095 808 3155 simul
838 3096 895 3150 in
932 3097 1217 3152 horizonte
1240 3097 1565 3152 constituta.

580 3271 964 3329 Matutinarum
998 3282 1052 3330 et
1083 3274 1519 3346 vespertiuorum
1555 3284 1775 3331 ortuum
1799 3281 1918 3334 dua)
1948 3288 2079 3336 sunt

506 3365 852 3423 diil‘erentize.
905 3367 1012 3421 Alii
1057 3369 1204 3423 enim
1244 3384 1436 3423 eorum
1485 3369 1599 3423 veri
1640 3370 1936 3439 dicuntur;
1983 3373 2077 3427 alii

508 3471 858 3529 apparentes.
890 3461 1013 3515 Veri
1045 3477 1170 3515 cum
1198 3463 1361 3519 simul
1398 3478 1587 3520 revera
1620 3465 1779 3519 stella
1806 3466 1991 3536 aliqua
2020 3468 2077 3523 in

508 3553 798 3608 horizonte
826 3556 1123 3609 constituta
1151 3556 1347 3620 oritur,
1379 3557 1495 3612 sole
1519 3558 1729 3613 oriente
1756 3577 1769 3613 :
1805 3567 1967 3629 atque
1990 3560 2079 3616 hic

508 3652 689 3712 ortus,
720 3661 830 3700 non
864 3646 1079 3702 videtur
1108 3655 1333 3717 propter
1367 3649 1551 3703 radios
1596 3650 1751 3704 solis.
1786 3648 1846 3704 In
1888 3651 2079 3708 diebus

510 3747 690 3792 autem
717 3739 960 3808 proxime
988 3740 1346 3810 sequentibus
1375 3740 1478 3802 sol,
1509 3755 1633 3794 cum
1670 3749 1861 3796 contra
1892 3744 2078 3797 mundi

514 3838 722 3885 motum
774 3840 1079 3896 moveatur,
1118 3832 1318 3887 transit
1356 3832 1412 3885 in
1453 3834 1884 3902 consequentia;
1926 3837 2079 3892 stella

516 3936 645 3977 vero
682 3928 894 3975 tantum
939 3923 1119 3977 oritur
1171 3929 1297 3976 ante
1357 3926 1551 3986 solem,
1593 3931 1856 3993 quantum
1897 3926 1978 3979 sol
2025 3926 2081 3980 in

519 4014 909 4086 consequentia
932 4015 1214 4071 transierit
1247 4015 1302 4069 in
1325 4013 1524 4069 diurno
1547 4023 1808 4085 tempore.
1834 4016 2080 4073 Nondum

518 4116 697 4163 tamen
730 4115 911 4177 potest
957 4105 1195 4177 Spectari
1244 4112 1401 4160 ortus
1449 4106 1619 4172 astri;
1654 4107 1832 4162 adhuc
1871 4109 2017 4163 enim
2051 4125 2081 4163 a

517 4198 632 4254 sole
672 4200 1023 4255 obscuratur.
1061 4195 1275 4251 Rursus
1306 4212 1438 4251 vero
1480 4198 1535 4251 in
1582 4197 1671 4252 die
1710 4199 1955 4268 proxime
1999 4217 2082 4255 se-

515 4293 699 4361 quenti
732 4292 816 4347 sol
839 4291 895 4345 in
925 4291 1317 4359 consequentia
1344 4290 1593 4356 transiit;
1626 4290 1783 4345 stella
1807 4307 1938 4346 vero
1973 4300 2087 4347 tan-

517 4392 631 4440 tum
665 4385 844 4439 oritur
873 4390 1002 4437 ante
1031 4382 1222 4445 solem,
1246 4390 1510 4452 quantum
1542 4381 1623 4436 sol
1649 4381 1705 4435 in
1727 4382 1941 4437 duobus
1972 4383 2087 4437 die-

2168 1917 2262 1971 καὶ
2303 1916 2577 1985 ὲπιτολῆς.
2626 1914 2882 1985 ’Δνατολὴ
2929 1914 3026 1984 μὲν
3071 1913 3179 1985 γάρ
3218 1914 3430 1983 ὲστινὴ
3473 1927 3701 1982 προειρη-

2169 2009 2302 2080 μένη
2324 2026 2338 2039 ο
2372 2008 2591 2078 ἐπιτολὴ
2610 2008 2668 2061 δὲ
2696 2009 2729 2078 ἡ
2751 2006 3007 2077 γινομένη
3038 2005 3173 2077 πρὸς
3193 2006 3285 2059 τὸν
3308 2003 3546 2074 ὁρίζοντα
3567 2001 3704 2071 φάσις

2170 2096 2310 2168 μετὰ
2341 2098 2442 2167 τῆς
2488 2097 2624 2169 πρὸς
2653 2096 2743 2149 τὸν
2775 2095 2924 2167 ἡλιον
2958 2095 3310 2158 ἀποστάσεως
3356 2091 3704 2162 ἀπολαμϐανοο

2170 2188 2327 2258 μένη.
2373 2189 2431 2241 Ὁ
2458 2187 2514 2240 δὲ
2537 2187 2697 2250 αὐτὸς
2722 2186 2878 2255 λόγος
2906 2187 3000 2240 καὶ
3027 2187 3118 2239 ἐπὶ
3145 2186 3242 2257 τῆς
3265 2185 3487 2248 δύσεως,
3520 2183 3605 2237 καὶ
3628 2185 3707 2235 ἐπὶ

2166 2278 2267 2348 τῆς
2293 2278 2565 2351 κρύψεως.
2605 2278 2811 2341 Ἀλλως
2848 2278 2945 2348 μὲν
2976 2277 3084 2348 γὰρ
3116 2276 3335 2345 λέγεται
3364 2275 3515 2339 δύσις
3542 2276 3573 2345 ἡ
3602 2274 3706 2329 καθ’

2169 2370 2405 2441 ἑκάστην
2432 2371 2648 2441 ἡμέραν
2682 2369 2942 2441 γινομένη
2974 2370 3078 2423 ὑπὸ
3108 2370 3201 2422 τὸν
3237 2368 3484 2439 ὁρίζοντα
3514 2365 3706 2438 κρύψις.

2169 2464 2343 2527 ἄλλως
2374 2464 2430 2517 δὲ
2460 2466 2492 2535 ἡ
2526 2464 3010 2536 γινομένηκρύψις
3052 2463 3187 2535 πρὸς
3216 2462 3308 2515 τὸν
3339 2459 3581 2531 ὁρίζοντα
3613 2456 3711 2526 an:

2171 2560 2380 2613 καὶτὸν
2404 2558 2572 2629 ἥλιον.

2241 2651 2451 2705 Εἰσὶιδὲ
2495 2652 2625 2721 περὶ
2662 2649 2891 2703 ἕκαστον
2914 2647 3023 2701 τῶν
3061 2647 3305 2718 ἀστέρων
3341 2643 3576 2699 ὲπιτολαὶ
3602 2639 3709 2693 δύο’

2171 2745 2226 2797 αί
2257 2742 2354 2813 μὲν
2386 2740 2492 2813 γὰρ
2536 2742 2716 2795 αὐτῶν
2741 2740 2987 2809 λέγονται
3021 2738 3261 2801 ὲωθιναὶ,
3288 2738 3343 2790 αἱ
3378 2736 3435 2789 δὲ
3469 2733 3712 2804 ἑσπέριαι.

2173 2834 2280 2888 Καί
2314 2836 2461 2887 ἐστιν
2484 2833 2595 2903 ἑῴα
2629 2834 2725 2904 μὲν
2763 2832 3005 2903 ὲπιτολὴ,
3035 2834 3163 2886 ὅταν
3194 2832 3311 2902 ἅμα
3349 2830 3425 2901 τῷ
3452 2829 3579 2899 ἡλίῳ
3605 2828 3719 2881 ἀνα-

2172 2928 2405 2981 τέλλοντι
2441 2924 2799 2996 συνανατέλλῃ
2825 2943 2911 2989 τις
2933 2924 3125 2996 ἀστὴρ,
3156 2907 3299 2977 κατὰ
3316 2923 3407 2975 τὸν
3433 2922 3585 2984 αὑτὸν
3607 2918 3717 2991 χρό-

2172 3037 2263 3073 νον
2299 3019 2583 3089 γινόμενος
2622 3017 2716 3070 έπὶ
2746 3014 2839 3069 τοῦ
2891 3016 3163 3087 ὁρίζοντος
3189 3031 3204 3044 ο
3255 3012 3485 3083 ἑσπερία
3519 3011 3561 3063 δ’
3591 3010 3719 3062 ἐστὶν

2100 3147 2143 3206 C
2177 3111 2418 3183 ὲπιτολὴ,
2443 3112 2570 3164 ὅταν
2598 3109 2691 3163 τοῦ
2717 3108 2870 3178 ἡλίου
2906 3106 3153 3169 δύνοντος
3181 3102 3437 3175 ἐπιτέλλῃ
3462 3119 3543 3166 τις
3569 3100 3719 3170 ἀστὴρ

2179 3200 2295 3272 ἅμα
2320 3200 2461 3254 κατά
2483 3198 2573 3252 τὸν
2599 3199 2848 3270 ὁρίζοντα
2872 3196 3183 3267 γενόμενος.

2248 3292 2367 3345 Τῶν
2395 3291 2451 3346 δὲ
2478 3290 2627 3362 ἑῴων
2660 3291 2753 3345 καὶ
2781 3289 2889 3343 τῶν
2918 3289 3189 3360 ἑσπερίων
3214 3285 3475 3341 ὲπιτολῶν
3496 3281 3722 3353 διαφοραί

2178 3391 2283 3443 εισι
2309 3386 2421 3440 δύο.
2455 3386 2522 3438 Ai
2557 3385 2654 3456 μὲν
2682 3382 2790 3455 γὰρ
2824 3379 3286 3451 αὐτῶνάληθιναὶ
3316 3378 3578 3447 λέγονται,
3608 3378 3658 3430 αί
3678 3373 3726 3426 δὲ

2179 3478 2534 3551 φαινόμεναν
2574 3475 2824 3547 ἀληθιναὶ
2862 3474 2981 3545 μὲν,
3019 3474 3149 3526 ὅταν
3182 3471 3300 3542 ἅμα
3336 3472 3456 3525 κατ’
3496 3468 3729 3538 ἀλήθειαν

2180 3573 2273 3625 ἐπὶ
2303 3570 2396 3625 τοῦ
2435 3569 2707 3640 ὁρίζοντος
2741 3565 3033 3635 γενόμενος
3065 3562 3449 3625 ἀνατέλλοντος
3474 3559 3565 3613 τοῦ
3594 3558 3726 3629 ἡλίον

2180 3660 2542 3730 συνανατέλλη
2562 3676 2646 3721 τις
2677 3659 2881 3728 ἀστὴρο
2925 3656 3063 3725 αὕτη
3101 3655 3158 3708 δὲ
3180 3655 3214 3725 ἡ
3246 3652 3470 3724 επιτολὴ
3505 3648 3726 3720 ἀθεώρη-

2178 3768 2271 3815 τος
2296 3750 2502 3819 γίνεται
2528 3746 2616 3800 διὰ
2639 3746 2740 3809 τὰς
2767 3744 2941 3813 αὐγὰς
2968 3744 3062 3798 τοῦ
3093 3743 3265 3815 ἡλίου.
3306 3743 3397 3797 Ἐν
3419 3742 3477 3795 δὲ
3496 3744 3613 3804 ταῖς
3632 3742 3728 3809 ὲχο·

2184 3844 2373 3915 μέναις
2398 3840 2631 3913 ἡμέραις
2664 3841 2692 3892 ὁ
2725 3838 2824 3909 μὲν
2851 3836 3023 3906 ἥλιος,
3052 3835 3389 3898 ὑπεναντίως
3420 3833 3727 3904 κινούμενος,

2182 3936 2261 3997 είς
2283 3931 2350 3986 τὰ
2378 3931 2617 4001 ἑπόμενα
2649 3928 2962 3999 μεταϐαίνει
2978 3944 2992 3957 ·
3013 3928 3043 3979 ό
3064 3927 3122 3980 δὲ
3148 3926 3327 3997 ἀστὴρ
3349 3926 3595 3980 τοσοῦτον
3617 3941 3728 3995 προ-

2182 4023 2459 4079 ανατέλλει
2503 4021 2597 4075 τοῦ
2633 4020 2809 4092 ἡλίου,
2842 4020 3041 4073 ὁπόσον
3064 4019 3093 4071 ὁ
3119 4018 3270 4087 ἡλιος
3303 4020 3384 4083 εἰς
3415 4018 3486 4071 τά
3518 4016 3728 4087 ἑπόμενα

2187 4114 2393 4187 μεταϐῇ
2443 4115 2500 4165 ὲν
2531 4110 2608 4181 τῷ
2649 4110 2939 4182 ἡμερησίῳ
2971 4110 3171 4181 χρόνῳ.
3203 4108 3372 4163 Οὔπω
3401 4110 3581 4179 μέντοι
3597 4107 3730 4160 85v:-

2182 4224 2272 4259 ται
2294 4203 2636 4276 θεωρηθῆναι
2668 4203 2700 4273 ἡ
2735 4201 2827 4255 τοῦ
2854 4202 3051 4271 ἄστρου
3082 4199 3303 4271 ὲπιτολὴ
3322 4218 3336 4232 ·
3368 4200 3452 4254 ἔτι
3471 4200 3526 4254 δὲ
3561 4216 3730 4253 mtas-

2185 4301 2359 4368 γεῖται
2417 4298 2521 4350 ὑπὸ
2562 4296 2657 4349 τοῦ
2701 4294 2873 4365 ἡλίου.
2902 4292 3069 4347 Πάλιν
3114 4293 3171 4346 δὲ
3202 4296 3260 4346 ὲν
3292 4292 3394 4363 μὲν
3433 4295 3500 4363 τῇ
3532 4290 3730 4363 ἐχομένῃ

2187 4390 2370 4462 ἡμέρᾳ
2389 4390 2418 4441 ό
2443 4389 2541 4459 μὲν
2568 4387 2719 4457 ἣλιος
2737 4389 2817 4449 εἰς
2836 4385 2905 4439 τά
2925 4386 3168 4456 ἑπόμενα
3190 4384 3392 4456 μετέϐη
3412 4401 3427 4416 ·
3457 4386 3487 4438 ό
3504 4384 3559 4438 δὲ
3586 4382 3731 4449 ἀστὴρ

517 4478 621 4535 bus
649 4492 975 4550 progressus
1017 4476 1139 4531 fuit.
1170 4475 1229 4530 in
1258 4476 1455 4530 diebus
1486 4473 1685 4530 deinde
1712 4476 1972 4530 continuo
1996 4491 2074 4531 se-

2184 4482 2438 4537 τοσοῦτον
2463 4478 2853 4551 προανατέλλει
2874 4477 2970 4531 τοῦ
2996 4477 3170 4549 ἡλίου,
3191 4478 3315 4530 ὅσον
3345 4478 3375 4529 ό
3393 4477 3545 4547 ἥλιος
3563 4478 3616 4529 ἐν
3637 4475 3732 4534 ταῖς

517 4570 812 4641 quentibus
832 4569 987 4626 stella
1012 4583 1226 4637 semper
1256 4570 1429 4637 magis
1454 4566 1740 4637 magisque
1768 4568 2086 4638 tempestive

520 4672 644 4718 ante
674 4661 845 4717 solem
884 4660 1093 4725 oriens,
1129 4674 1254 4714 cum
1294 4665 1504 4712 tantum
1543 4667 1775 4728 praeorta
1807 4659 1992 4725 fuerit,
2027 4668 2086 4714 ut

521 4753 656 4808 astri
682 4762 839 4808 ortus
880 4758 1179 4820 spectetur,
1207 4764 1333 4803 cum
1364 4749 1541 4817 ipsum
1581 4749 1763 4806 radios
1793 4751 1927 4807 solis
1952 4749 2088 4806 ellu-

522 4847 679 4916 gerit,
715 4853 846 4899 tunc
873 4843 1078 4898 dicitur
1117 4842 1275 4897 stella
1307 4842 1422 4896 haec
1462 4844 1788 4898 matutinum
1818 4860 2088 4914 appareno

524 4948 632 4993 tem
663 4944 844 4992 ortum
876 4933 1079 4990 facere.
1117 4932 1291 4999 Quam
1320 4934 1389 4989 ob
1417 4949 1636 4989 causam
1663 4937 1824 4991 etiam
1852 4938 1905 4990 in
1934 4938 2091 4991 tabu-

526 5030 594 5084 lis
640 5033 967 5099 apparentes
1013 5036 1285 5080 astrorum
1326 5035 1481 5083 ortus
1525 5027 1922 5098 praedicuntur;
1964 5045 2089 5084 nam

524 5121 644 5177 veri
687 5126 845 5174 ortus
886 5124 1016 5172 sunt
1062 5116 1381 5183 invisibiles,
1428 5128 1592 5189 atque
1641 5120 2089 5176 inobservabiles.

527 5215 597 5267 At
630 5219 956 5282 apparentes
987 5216 1164 5270 ortus.
1194 5216 1249 5265 et
1287 5210 1676 5280 praedicuntur,
1708 5223 1762 5266 et
1793 5213 2091 5268 observan-

2186 4572 2338 4627 δυσὶν
2383 4573 2618 4643 ἡμέραις
2674 4569 3026 4640 μετεκινήθη.
3084 4569 3174 4622 Ἐν
3218 4569 3278 4622 δὲ
3321 4572 3444 4633 ταῖς
3483 4567 3733 4639 ἐχομέναις

2189 4664 2424 4736 ἡμέραις
2448 4661 2537 4716 ἀεὶ
2563 4660 2658 4714 τοῦ
2685 4659 2914 4731 ἀστέρος
2938 4659 3267 4731 ὲνωρότερον
3308 4660 3510 4731 μᾶλλον
3548 4658 3636 4712 καὶ
3675 4658 3734 4708 ἐν.

2188 4776 2233 4810 ω
2239 4756 2358 4828 ρότε
2369 4771 2456 4825 ρον
2480 4750 2989 4824 προανατέλλοντος,
3019 4750 3145 4802 ὅταν
3168 4749 3425 4804 τοσοῦτον
3441 4746 3733 4819 προανατέλο

2190 4847 2278 4917 λῃ,
2304 4845 2443 4898 ὥστε
2463 4842 2802 4915 θεωρηθῆναι
2823 4841 2921 4912 τὴν
2949 4838 3044 4893 τοῦ
3075 4840 3274 4910 ἄστρου
3305 4841 3578 4912 ἐπιτολὴν,
3605 4842 3734 4893 ἐκπε·

2193 4936 2451 5006 φευγότος
2480 4934 2645 4989 αὐτοῦ
2696 4933 2795 4997 τὰς
2827 4932 3001 5001 αύγάς
3024 4930 3118 4985 τοῦ
3156 4931 3330 5002 ἡλίου,
3359 4933 3481 4986 τότε
3511 4929 3734 4999 λέγεταιὸ

2193 5030 2366 5102 ἀστὴρ
2398 5024 2551 5092 οὗτος
2594 5026 2732 5097 ἑῴαν
2762 5026 3093 5097 φαινομένην
3123 5025 3377 5097 ἐπιτολὴν
3418 5023 3734 5094 πεποιῆσθαι.

2194 5124 2268 5174 Δι’
2288 5123 2354 5192 ἦν
2371 5121 2546 5175 αἰτίαν
2563 5121 2657 5173 καὶ
2678 5120 2733 5171 έν
2760 5121 2872 5182 τοῖς
2889 5116 3233 5187 ψηφίσμασιν
3248 5118 3306 5170 αἱ
3329 5118 3645 5188 φαινόμεναι
3659 5111 3738 5165 τῶν

2194 5214 2408 5285 ἄστρων
2432 5211 2676 5266 ὲπιτολαὶ
2697 5209 3073 5281 προλέγονται,
3092 5209 3187 5262 καὶ
3213 5208 3667 5283 παρατηροῦνται.
3696 5206 3736 5251 ὐ

527 5313 638 5358 tur.
663 5302 864 5357 Eadem
892 5317 1086 5356 rursus
1104 5302 1265 5356 etiam
1296 5312 1380 5357 est
1403 5303 1543 5357 ratio
1570 5304 1625 5357 in
1656 5305 1976 5373 vespertinis
2005 5319 2074 5357 ori

2193 5308 2250 5362 δὲ
2265 5306 2424 5369 αὐτὸς
2452 5305 2608 5373 λόγος
2635 5304 2729 5358 καὶ
2754 5304 2848 5356 ἐπὶ
2867 5303 2975 5355 τῶν
3007 5302 3279 5374 ἐσπερίων
3294 5301 3560 5355 ὲπιτολῶν
3590 5300 3735 5354 πάλιν.

529 5394 697 5449 tibus.
732 5389 943 5444 Etenim
973 5389 1163 5444 borqu
1189 5391 1307 5446 dum
1335 5400 1463 5446 sunt
1496 5392 1813 5447 dill'ereutize
1846 5412 1858 5446 :
1899 5394 2074 5447 borun

2196 5399 2306 5453 Kal.
2328 5396 2435 5467 γὰρ
2458 5396 2663 5449 τούτων
2692 5394 2945 5462 διαφοραί
2971 5397 3076 5447 εἰσι
3099 5394 3192 5447 δύο
3210 5412 3223 5424 ·
3251 5396 3308 5448 αί
3340 5396 3442 5466 μὲν
3468 5395 3576 5466 γὰρ
3594 5388 3737 5447 αὐτῶν

531 5483 677 5537 enim
703 5480 797 5535 alii
828 5479 1088 5535 dicuntur
1119 5482 1254 5546 veri,
1306 5484 1397 5537 alii
1437 5491 1785 5552 apparentes.
1821 5481 1944 5539 Veri
1972 5484 2074 5553 qui-

2196 5488 2447 5558 ἀληθιναὶ
2475 5486 2744 5555 λέγονται,
2776 5485 2830 5537 αἱ
2873 5483 2929 5536 δὲ
2966 5484 3323 5555 φαινόμεναι·
3366 5484 3616 5557 ἀληθιναὶ
3650 5482 3735 5553 μὲν.

535 5572 678 5637 dem,
718 5584 842 5625 cum
887 5570 1047 5626 simul
1093 5588 1238 5638 vere,
1272 5572 1573 5628 secundum
1611 5574 1986 5641 pimcisiuuem
2016 5589 2074 5628 ra

2197 5577 2329 5631 ὅταν
2350 5576 2461 5647 ἅμα
2485 5575 2603 5629 κατ’
2625 5571 2900 5644 ἀλήθειαν,
2923 5571 3019 5625 τοῦ
3047 5572 3197 5644 ἡλίου
3222 5572 3498 5639 δύνοντος,
3534 5568 3741 5635 ὲπιτεθῃ

630 5749 673 5782 ⁸³
697 5768 784 5820 γρ.
826 5750 1017 5820 ἡύπὲρ
1046 5750 1132 5805 τὸν
1164 5749 1411 5820 ὁρίζοντα
1458 5748 1780 5820 φανέρωσις-
