3786 6316
106 343 196 399 829
871 333 880 348 ’
1125 342 1364 399 GEMINI
1401 339 1775 400 ELEMENTA
1812 342 2300 407 ASTRONOMUE.
3218 360 3326 419 8'50

104 485 179 532 ηις
195 463 381 535 ἀστὴρ,
408 462 527 535 ἅμα
560 464 839 535 γινόμενος
869 465 962 518 ἐπὶ
987 464 1080 519 τοῦ
1108 465 1381 536 ὁρίζοντος
1404 466 1540 537 πρὸς
1558 466 1599 518 τέ

1828 469 1943 535 mis,
1974 472 2130 527 stella
2160 474 2344 543 aliqua
2375 474 2428 527 iu
2480 475 2761 533 borizonte
2805 480 3103 535 constituta
3131 480 3323 547 oritur,

108 559 230 617 κατὰ
252 557 342 611 τὸν
372 556 533 626 λόγον
575 556 876 627 ἀκρίϐειαν.
905 558 1018 610 Καὶ
1042 551 1200 612 αὗται
1231 558 1288 611 δὲ
1322 560 1380 611 ai
1418 557 1603 611 επιτολ

1830 562 1874 616 Ie
1909 565 2211 620 occidente.
2245 566 2423 636 Atque
2449 568 2513 620 hi
2537 577 2693 624 ortus
2727 578 2854 625 sunt
2882 571 3180 626 invisibiles
3201 584 3325 640 pro-

106 650 382 723 ἀθεώρητοι
411 651 654 718 γίνονται
682 648 771 703 διὰ
798 651 896 713 τας
939 650 1111 719 αὐγὰς
1140 650 1233 704 τοῦ
1264 650 1435 722 ἡλίου.
1484 651 1571 703 Ἐν
1598 677 1601 693 ‹

1827 667 1878 706 er
1903 652 2087 709 radios
2128 654 2282 709 solis.
2312 653 2370 708 In
2398 655 2592 712 diebus
2630 673 2760 712 vero
2790 658 3168 728 sequentibus,
3198 673 3322 711 cum

104 748 209 808 ταῖς
233 743 357 814 ἑξῆς
385 743 627 814 ἡμέραις
648 742 739 796 διὰ
759 742 858 813 τὴν
884 742 978 795 τοῦ
997 743 1150 813 ἡλίου
1178 742 1493 814 μετάϐασιν,
1529 759 1599 796 σν·

1829 754 1979 813 optcr
2007 745 2141 799 solis
2166 761 2517 816 progressum
2547 748 2807 803 distantia
2836 750 2956 819 ejus
2984 765 3016 803 a
3041 749 3197 805 stella
3229 748 3324 802 mi.

105 835 401 907 azpoupévc;
436 833 533 887 τοῦ
574 834 712 904 πρὸς
740 834 831 886 τὸν
866 834 1067 905 ἀστέρα
1107 835 1486 905 διαστήματος,
1519 852 1600 905 πρέ

1824 844 1979 903 ratur,
2029 838 2187 892 stella
2225 838 2442 908 quidem
2487 840 2664 894 oritur
2710 849 2837 895 ante
2879 841 3011 896 solis
3040 855 3319 904 occasum,

104 926 359 981 ανατέλλει
398 926 500 997 μὲν
534 926 641 997 πρὸ
678 925 780 995 τῆς
801 924 895 978 τοῦ
928 924 1077 995 ἡλίου
1109 924 1331 989 δύσεως,
1361 924 1442 978 ἔτι
1473 925 1528 978 δὲ
1551 926 1599 978 ὑπ

1830 927 1934 981 huc
1962 936 2144 983 tamen
2174 944 2205 982 a
2229 930 2345 984 sole
2373 929 2665 985 obscurata
2704 930 2994 988 invisibilis
3043 940 3163 988 est:
3195 945 3320 985 cum

103 1019 181 1073 τοῦ
205 1019 348 1089 ἡλίου
392 1018 838 1090 καταυγούμενος
870 1017 1178 1088 ἀθεώρητος
1209 1021 1373 1071 ἐστιν.
1408 1019 1598 1072 ”Οταν‹

1826 1033 1887 1071 ro
1925 1027 2051 1087 post
2087 1020 2222 1076 solis
2257 1035 2509 1075 occasum
2551 1022 2785 1092 primum
2817 1031 3111 1092 conspecta
3154 1021 3321 1076 fuerit

107 1110 224 1181 μετὰ
264 1110 362 1181 τὴν
407 1110 506 1163 τοῦ
531 1110 684 1181 ἡλίου
727 1109 879 1163 δύσιν
916 1110 1131 1181 πρῶτος
1162 1108 1516 1179 ἐκπεφευγὼς
1555 1109 1602 1163 τέ

1822 1107 2010 1178 "ugisse
2046 1111 2229 1166 radios
2260 1113 2415 1177 solis,
2448 1120 2577 1168 tunc
2611 1114 2817 1168 dicitur
2843 1122 3189 1185 apparentem
3224 1129 3317 1170 ve-

102 1202 252 1271 αύγὰς
281 1203 373 1256 τοῦ
409 1201 565 1273 ἡλίου
595 1201 868 1274 θεωρηθῇ,
900 1203 1022 1256 τότε
1064 1202 1278 1270 λέγεται
1321 1201 1597 1272 φαινομένη

1823 1197 2059 1251 ertinum
2104 1207 2281 1254 ortum
2327 1200 2526 1257 facere.
2556 1204 2617 1255 In
2659 1204 3012 1274 sequentibus
3059 1220 3188 1259 vero
3218 1219 3318 1259 no-

101 1296 333 1368 ἐσπερίαν
358 1295 616 1365 ἐπιτολὴν
639 1295 989 1365 πεποιῆσθαι.
1035 1295 1122 1346 Ἐν
1144 1294 1201 1347 δὲ
1224 1297 1343 1357 ταῖς
1368 1293 1596 1363 ἐχομένα

1820 1288 1933 1343 ibus
1979 1305 2193 1362 semper
2229 1293 2405 1364 magis
2444 1296 2725 1366 magisque
2771 1296 3020 1351 sublimis
3068 1302 3315 1367 apparet.

99 1389 198 1455 νυξὶ
224 1388 627 1459 μετεωρότερος
658 1386 745 1439 ἀεὶ
785 1385 984 1457 μᾶλλον
1020 1386 1113 1439 καὶ
1145 1385 1342 1456 μᾶλλον
1385 1385 1647 1455 φαίνεται.

168 1477 388 1548 Ὁμοίως
420 1477 476 1530 δὲ
509 1478 602 1530 καὶ
623 1478 731 1530 τῶν
762 1476 966 1530 δύσεων
993 1476 1247 1548 διαφοραὶ
1268 1477 1514 1545 λέγονται
1535 1476 1648 1530 δύο·

1826 1491 2090 1547 Similiter
2117 1493 2279 1548 etiam
2314 1509 2606 1550 occasurum
2636 1497 2758 1551 duae
2784 1496 3041 1551 dicuntur
3066 1495 3318 1552 diﬂ'eren-

100 1572 145 1623 ui
172 1571 260 1640 μὲν
285 1569 394 1641 γὰρ
424 1568 606 1623 αὐτῶν
640 1567 770 1639 ὲῷαί
807 1570 965 1630 εἰσιν,
1006 1571 1060 1622 αἱ
1092 1569 1148 1621 δὲ
1174 1569 1445 1640 ἑσπέριαι.
1488 1568 1592 1638 Ἐῷ

1820 1600 1873 1639 e:
1909 1587 2101 1640 horum
2131 1587 2273 1641 enim
2301 1588 2392 1641 alii
2424 1596 2553 1643 sunt
2581 1589 2855 1655 matutini,
2884 1591 2974 1643 alii
2997 1588 3315 1658 vespertini,

104 1663 186 1730 μὲν
202 1657 290 1715 οὖν
313 1661 565 1729 λέγονται
591 1660 793 1724 δύσεις,
825 1662 951 1714 ὅταν
980 1661 1071 1714 τοῦ
1098 1661 1247 1732 ἡλίου
1274 1660 1599 1715 ἀνατέλλοντι

1823 1677 2006 1731 ιιιιιὶηἰ
2042 1693 2274 1734 occasus
2308 1680 2587 1745 dicuntur,
2622 1697 2745 1735 cum
2783 1682 2899 1737 sole
2938 1680 3145 1735 oriente
3171 1680 3318 1735 occi-

98 1752 212 1823 ϋύνῃ
238 1769 320 1815 τις
342 1752 552 1823 ἀστήρ·
580 1752 810 1823 ἑσπερία
852 1751 908 1805 δὲ
940 1752 1090 1816 δύσις
1126 1752 1362 1820 λέγεται,
1393 1753 1521 1805 ὅταν
1555 1769 1593 1804 τε

1822 1775 1832 1819 ι
1865 1768 2021 1822 stella
2053 1768 2256 1839 aliqua.
2291 1768 2502 1825 Dicitur
2532 1774 2875 1841 vespertinus
2903 1787 3154 1836 occasus,
3189 1784 3317 1825 cuin

99 1843 229 1911 ἡλίου
261 1843 510 1906 δύνοντος
541 1842 1018 1916 συγκαταφέρηταί
1050 1862 1133 1906 τις
1175 1843 1348 1916 ἀστὴρ
1374 1844 1490 1915 ἅμα
1508 1861 1594 1912 γιν

1823 1859 1870 1913 le
1918 1860 2204 1915 occidente
2256 1863 2419 1916 simul
2464 1862 2645 1933 aliqua
2690 1864 2845 1919 stella
2893 1862 3137 1920 defertur
3173 1860 3316 1917 infra

101 1952 241 2005 μενος
288 1935 394 1988 ὑπὸ
440 1935 532 1988 τὸν
565 1936 833 2009 ὁρίζοντα.
868 1939 988 1990 Εἰσὶ
1030 1937 1085 1991 δὲ
1110 1939 1223 1991 ’τῶν
1266 1938 1414 2007 ἑῴων
1448 1938 1596 1991 δύσει

1821 1949 2109 2003 ινίιυιιιειη.
2168 1950 2306 2004 Sunt
2347 1959 2527 2007 autem
2581 1954 2971 2008 matutinoer
3021 1968 3316 2010 occasuum

97 2028 324 2098 διαφοραὶ
363 2028 481 2085 δύο.
511 2031 578 2082 Ai
606 2029 702 2099 μὲν
726 2030 836 2101 γάρ
867 2032 1001 2083 εἰσιν
1033 2029 1303 2099 ἀληθιναὶ,
1340 2031 1397 2083 ai
1435 2030 1491 2082 δὲ
1525 2047 1592 2099 φα

1823 2038 2072 2094 B’erentia:
2112 2040 2251 2095 duae.
2284 2042 2390 2096 Alii
2425 2043 2568 2098 enim
2598 2054 2728 2098 sunt
2767 2043 2904 2107 veri,
2937 2044 3026 2098 alii
3056 2059 3318 2114 apparen-

97 2122 293 2191 νόμεναι
310 2139 323 2153 ·
350 2122 607 2194 ἀληθιναὶ
633 2122 752 2192 μὲν,
776 2125 901 2176 ὅταν
929 2125 1023 2177 ἐπὶ
1049 2123 1143 2176 τού
1164 2123 1435 2195 ὁρίζοντος
1459 2123 1592 2191 γένω

1823 2148 1833 2185 ἱ
1861 2149 1874 2185 :
1902 2131 2015 2185 veri
2048 2132 2288 2201 quidem.
2322 2149 2445 2187 cum
2492 2134 2654 2189 simul
2694 2136 2747 2188 in
2783 2134 3067 2189 borizonte
3110 2134 3318 2190 consti-

96 2229 172 2264 ται
195 2214 222 2266 ὃ
249 2231 306 2267 τε
342 2214 498 2284 ἥλιος
528 2214 624 2267 καὶ
646 2216 674 2267 6
699 2214 872 2287 ἀστὴρ
890 2215 1073 2268 δύνων.
1101 2209 1270 2269 Αὗται
1294 2215 1351 2268 δὲ
1387 2217 1442 2268 αἱ
1471 2214 1591 2268 δύσε

1817 2222 1852 2276 ti
1896 2223 2097 2278 fuerint
2135 2234 2189 2279 et
2235 2226 2319 2279 sol
2375 2235 2428 2281 et
2480 2227 2673 2293 stella;
2722 2227 2804 2282 sol
2849 2226 3067 2296 quidem
3107 2226 3312 2291 oriens.

96 2305 375 2379 ἀθεώρητοι
408 2307 654 2375 γίνονται
689 2308 776 2361 διὰ
809 2308 907 2372 τὰς
930 2308 1105 2376 αὐγὰς
1133 2307 1226 2360 τοῦ
1261 2308 1429 2378 ἡλίου,
1456 2309 1591 2360 Φαινι

1819 2315 1904 2369 illa
1935 2331 2064 2370 vero
2103 2316 2381 2372 occidens.
2419 2317 2483 2373 Ili
2529 2326 2707 2373 autem
2739 2334 2968 2374 occasus
3011 2318 3314 2374 invisibiles

100 2398 218 2468 μένη
242 2400 295 2452 δέ
330 2402 483 2453 ἐστιν
508 2400 619 2471 ἑῴα
638 2399 806 2464 δύσις,
831 2400 956 2453 ὃταν
979 2401 1085 2471 πρὸ
1101 2400 1200 2471 τῆς
1221 2399 1314 2453 τοῦ
1342 2399 1493 2470 ἡλίου
1520 2401 1595 2452 ἀνι

1819 2414 1879 2459 ιιι
1910 2414 2132 2477 propter
2153 2406 2333 2463 radios
2358 2409 2531 2476 solis;
2557 2425 2824 2478 apparens
2862 2420 2990 2465 vero
3013 2410 3313 2464 matutinus

96 2487 236 2555 τολῆς
264 2491 321 2543 τὸ
348 2490 580 2561 ἔσχατον
623 2490 794 2544 δύνων
831 2492 861 2543 ὁ
897 2490 1073 2562 ἀστὴρ
1106 2490 1376 2563 θεωρηθῇ.
1418 2491 1591 2564 Ὀμοίι

1819 2513 1981 2554 casus
2022 2507 2128 2563 est,
2159 2515 2280 2553 cum
2311 2507 2436 2553 ante
2474 2501 2607 2555 solis
2636 2511 2813 2555 ortum
2844 2508 3119 2572 postremo
3158 2501 3314 2556 stella

96 2578 144 2631 ἰὲ
172 2582 257 2633 καὶ
283 2583 374 2634 ἐπὶ
400 2583 506 2635 τῶν
537 2582 806 2653 ἐσπερίων
826 2582 1029 2636 δύσεων
1057 2584 1112 2635 αἱ
1133 2582 1383 2654 διαφοραί
1404 2584 1508 2635 εἰσι
1533 2581 1591 2634 δύ

1818 2598 2031 2643 cctatur
2064 2590 2338 2645 occidere.
2375 2588 2637 2644 Similiter
2683 2590 2845 2645 etiam
2897 2591 2951 2643 in
2990 2591 3313 2660 vespertinis

96 2671 152 2720 Ai
178 2669 270 2740 μὲν
302 2670 410 2742 γὰρ
438 2670 622 2724 αὐτῶν
658 2673 793 2725 είσιν
818 2672 1086 2742 ἀληθιναὶ,
1123 2674 1180 2724 αἱ
1206 2673 1262 2726 δὲ
1291 2672 1591 2742 φαινόμενα

1819 2680 2040 2735 casibus
2082 2680 2204 2735 duae
2237 2690 2368 2736 sunt
2398 2681 2737 2736 ditl‘erentim.
2781 2681 2887 2734 Alii
2931 2679 3075 2735 enim
3120 2696 3310 2735 eorum

96 2760 345 2831 ἀληθιναὶ,
384 2765 516 2817 ὅταν
546 2764 977 2835 ἀπαραλλάκτως
1005 2765 1097 2817 ἐπὶ
1134 2764 1229 2818 τοῦ
1252 2764 1521 2833 ὁρίζοντος
1551 2781 1591 2831 γι

1821 2780 1877 2825 ut
1913 2773 2045 2835 vcri,
2080 2774 2172 2827 alii
2197 2781 2543 2842 apparentes.
2574 2771 2701 2827 Veri
2729 2772 2968 2841 quidem.
3000 2787 3123 2826 cum
3150 2770 3312 2825 ambo

99 2870 232 2923 νηται
249 2857 276 2909 6
304 2856 457 2926 ἥλιος
484 2858 580 2909 καὶ
602 2859 630 2910 6
651 2856 825 2928 ἀστὴρ
846 2858 1143 2930 ἀμφότεροι
1169 2857 1412 2920 δύνοντες
1431 2873 1443 2886 ο
1470 2855 1594 2910 dead

1819 2864 1969 2920 nitus
2016 2866 2069 2919 in
2112 2865 2396 2920 horizonte
2439 2865 2724 2920 constituti
2760 2863 2986 2925 fuerint,
3036 2869 3092 2916 et
3138 2861 3221 2915 sol
3257 2868 3314 2915 et

102 2963 232 3017 ρητοι
255 2949 310 3002 δὲ
338 2952 433 3003 καὶ
468 2942 632 3003 αὗται
658 2951 713 3003 αἱ
743 2949 922 3013 δύσεις
957 2950 1194 3019 γίνονται
1226 2950 1310 3003 διὰ
1340 2948 1438 3012 τὰς
1473 2948 1597 3017 αύγέ

1819 2956 1905 3009 illa
1936 2956 2097 3011 ambo
2130 2956 2467 3011 occidentes.
2505 2954 2812 3011 lnvisibiles
2843 2962 2970 3009 sunt
2995 2961 3050 3007 et
3071 2952 3126 3006 hi
3159 2966 3314 3006 occa-

96 3038 177 3091 τοῦ
212 3040 387 3109 ἡλίου·
422 3041 747 3111 φαινόμεναι
777 3041 834 3094 δέ
856 3044 992 3096 εἰσιν
1014 3041 1264 3113 ἑσπέριαι
1294 3042 1494 3104 δύσεις,
1517 3042 1591 3095 ὅτι

1818 3063 1845 3102 s
1876 3056 2095 3116 propter
2122 3047 2305 3102 radios
2338 3048 2489 3103 solis.
2508 3052 2846 3117 Apparentes
2874 3052 3051 3100 autem
3081 3058 3312 3099 occasus

102 3128 223 3198 μετὰ
261 3130 355 3202 τὴν
388 3130 482 3184 τοῦ
535 3131 688 3201 ἡλίου
735 3130 884 3184 δύσιν
930 3130 1292 3202 ἐπικαταδύνῃ
1341 3147 1424 3194 τις
1468 3129 1597 3200 ἀστῆ

1821 3138 2045 3208 spertiui
2078 3146 2226 3203 sunt,
2256 3154 2380 3192 cum
2413 3146 2537 3208 post
2563 3138 2673 3208 28
2694 3137 2827 3193 solis
2866 3151 3125 3191 occasum
3166 3135 3316 3189 insu-

97 3219 165 3289 τῷ
189 3221 336 3293 ἡλίῳ,
372 3221 747 3293 θεωρούμενος
776 3223 865 3292 ὑφ’
900 3223 1074 3294 ἡμῶν.
1111 3222 1231 3277 Τῶν
1259 3222 1359 3293 μὲν
1385 3218 1477 3276 οὖν
1499 3221 1592 3292 ὲῴο

1822 3246 1848 3283 r
1873 3230 2074 3285 occidit
2099 3232 2280 3300 aliqua
2313 3232 2469 3287 stella
2498 3238 2791 3300 conspecta
2819 3246 2849 3283 a
2876 3228 3055 3283 nobis.
3088 3227 3166 3287 Ex
3194 3242 3310 3280 ma-

99 3313 333 3367 ἑπιτολῶν
372 3316 470 3371 καὶ
500 3314 704 3368 δύσεων
734 3316 995 3386 πρότερον
1027 3315 1262 3382 γίνονται
1294 3317 1347 3368 ai
1376 3314 1594 3385 ἀληθινα

1813 3320 1943 3374 tinis
1975 3321 2137 3389 igitur
2160 3322 2370 3378 ortibus
2390 3328 2445 3374 et
2472 3321 2781 3382 occasibus,
2813 3320 2849 3372 ii
2881 3319 2973 3387 qui
3009 3316 3307 3378 sunt'vcri,

98 3401 299 3476 ὕστερον
317 3407 376 3459 δὲ
404 3408 461 3459 ai
492 3407 841 3477 φαινόμεναιο
871 3406 981 3460 τῶν
1008 3406 1064 3459 δὲ
1087 3407 1356 3479 ἑσπερίων
1384 3405 1593 3459 ἐπιτολὸ

1820 3412 1903 3467 ius
1936 3411 2105 3478 ﬁunt;
2134 3412 2230 3482 qui
2272 3420 2618 3482 apparentes,
2655 3410 2949 3479 posterius.
2979 3407 3057 3462 Ex
3090 3420 3312 3477 vesper-

96 3509 147 3545 τε
168 3497 254 3548 καὶ
273 3497 478 3551 δύσεων
502 3497 766 3568 πρότερον
795 3498 1037 3566 γίνονται
1065 3500 1119 3551 at
1138 3498 1475 3567 φαινόμεναι,
1500 3494 1591 3549 ὖστ

1817 3505 1883 3561 iis
1920 3522 2048 3561 vero
2080 3505 2293 3561 ortibus
2329 3511 2384 3560 et
2413 3502 2702 3558 occasibus
2735 3503 2798 3565 ii,
2833 3502 2924 3572 qui
2970 3509 3099 3556 sunt
3141 3512 3312 3570 appa-

102 3602 180 3655 ρον
201 3587 254 3641 δὲ
288 3592 344 3642 ai
378 3589 652 3659 ἁληθιναί.
688 3588 829 3658 Ἐῲα
856 3590 957 3661 μὲν
979 3588 1198 3660 ὲπιτολὴ
1227 3589 1334 3643 ἀπὸ
1365 3589 1523 3658 ἑῴας,
1554 3605 1597 3641 κι

1815 3604 1952 3664 ntes,
1990 3597 2144 3667 prius
2176 3596 2347 3662 ﬁunt;
2388 3594 2483 3666 qui
2511 3595 2644 3659 veri,
2694 3596 2984 3665 posterius.
3013 3593 3310 3648 Matutinus

99 3678 307 3750 ἑσπερία
340 3680 567 3751 ἐπιτολὴ
593 3681 700 3735 ἀπὸ
726 3682 987 3752 ἑσπερίας
1006 3681 1279 3752 ὲπιτολῆς,
1304 3683 1397 3736 καὶ
1422 3680 1594 3734 καθόλι

1815 3687 1965 3743 iidem
1999 3697 2155 3742 ortus
2177 3696 2303 3757 post
2329 3687 2676 3751 matutinum,
2706 3695 2759 3740 et
2782 3685 3125 3753 vespertinus
3155 3692 3310 3738 ortus

98 3771 193 3823 πᾶν
217 3773 275 3824 τὸ
303 3774 492 3843 ὅμοιον
523 3767 663 3833 εἶδος
694 3772 800 3824 ἀπὸ
824 3772 918 3825 τοῦ
944 3773 1133 3843 ὁμοίου
1156 3773 1352 3836 εἴδους,
1381 3775 1512 3826 πᾶσι
1535 3791 1593 3828 το

1821 3785 1872 3833 st
1905 3778 2277 3847 vespertinum
2303 3784 2483 3830 ortum
2510 3795 2522 3830 :
2553 3783 2605 3830 et
2629 3776 2683 3829 in
2718 3791 2930 3830 summa
2954 3774 3133 3828 omnis
3165 3773 3312 3826 sitni-

98 3863 293 3931 ἄστροις
326 3863 393 3916 δι’
426 3862 675 3916 ἐνιαυτοῦ
715 3863 955 3931 γίνεται·
993 3865 1022 3916 6
1056 3863 1163 3935 γὰρ
1202 3864 1372 3933 ἥλιος,
1416 3867 1593 3919 ὲνιαυτ

1850 3871 2060 3939 species
2093 3884 2123 3921 a
2167 3868 2333 3924 simili
2375 3868 2557 3938 specie
2584 3868 2837 3923 omnibus
2880 3866 3043 3921 astris
3086 3880 3182 3934 per
3213 3881 3312 3918 au-

96 3950 296 4007 ίιελθὼν
312 3954 405 4008 τὸν
423 3953 688 4018 ζωδιακὸν
718 3951 935 4017 κύκλον,
961 3954 1120 4008 πάλιν
1147 3955 1287 4008 κατὰ
1307 3956 1428 4020 τοὺς
1453 3956 1591 4009 αύτοί

1817 3977 1878 4014 ιιιι
1915 3960 2214 4030 contingit;
2249 3959 2331 4014 sol
2356 3961 2502 4014 enim
2538 3973 2720 4012 annuo
2759 3965 2999 4027 tempore
3027 3956 3312 4010 zodiacum

96 4042 309 4115 ἀστέρας
336 4045 570 4114 γίνεται.

1812 4052 2014 4109 rculum
2044 4065 2365 4121 peragrans,
2400 4065 2594 4105 rursus
2637 4048 2706 4103 ad
2735 4048 2952 4104 easdem
2988 4047 3176 4103 stellas
3214 4063 3307 4102 ac-

1745 4144 1910 4199 cedit.

165 4223 296 4295 Ἐῴα
327 4225 384 4279 δὲ
414 4222 642 4295 ἑπιτολὴ
681 4224 788 4276 ἀπὸ
819 4224 1081 4294 ἑσπερίας
1118 4221 1371 4295 ὲπιτολῆς
1401 4226 1513 4286 τοῖς
1545 4221 1646 4293 μὲν

1819 4234 2118 4290 Matutinus
2151 4239 2307 4288 ortus
2341 4248 2371 4286 a
2401 4231 2711 4302 vespertino
2742 4238 2867 4284 ortu
2897 4229 2964 4286 iis
2998 4230 3161 4285 astris
3188 4245 3309 4299 qua:

95 4313 175 4368 ἐπὶ
197 4316 287 4369 τοῦ
330 4315 603 4380 ζωδιακοῦ
639 4315 838 4369 κύκλου
866 4316 1136 4387 κειμένοις
1182 4314 1399 4386 ἄστροις
1432 4314 1497 4368 δι’
1524 4316 1590 4383 ea:

1831 4326 2056 4380 zodiaco
2077 4334 2205 4380 sunt
2227 4324 2353 4384 sita,
2379 4339 2473 4393 per
2493 4329 2754 4377 semestre
2774 4326 2989 4389 tempus
3009 4320 3308 4391 contingit;

96 4408 247 4475 μὴνου
272 4409 506 4476 γίνεται,
539 4408 635 4461 καὶ
660 4406 770 4477 ἑῴα
800 4407 950 4471 δύσις
978 4408 1086 4461 ἀπὸ
1120 4408 1377 4479 ἐσπερίας
1405 4407 1591 4471 δύσεως

1816 4436 1877 4472 un
1931 4418 2234 4472 matutinus
2286 4429 2517 4468 occasus
2548 4430 2579 4468 a
2624 4411 2939 4483 vespertino
2977 4424 3210 4479 occasu;
3256 4420 3311 4464 at

94 4500 191 4563 τοῖς
219 4500 271 4554 δὲ
303 4500 665 4572 βορειοτέροις
701 4499 795 4553 τοῦ
840 4498 1104 4564 ζωδιακοῦ
1138 4500 1337 4555 κύκλου
1374 4501 1589 4572 κειμένο

1847 4508 2036 4573 astris,
2068 4524 2190 4577 qua:
2217 4513 2369 4561 extra
2403 4504 2686 4559 zodiacum
2717 4520 2909 4560 versus
2938 4504 3159 4560 boream
3184 4512 3311 4559 sunt

99 4588 291 4662 ἱστροις
318 4592 428 4664 ἑῴα
460 4593 561 4663 μὲν
592 4590 812 4663 ἐπιτολῇ
849 4591 959 4645 ἀπὸ
998 4591 1254 4664 ἑσπερίας
1284 4593 1535 4663 ὲπιτολῆς
1557 4593 1594 4646 δι

1816 4618 1878 4663 .a,
1905 4600 2207 4654 matutinus
2236 4606 2391 4653 ortus
2436 4613 2468 4650 a
2501 4596 2811 4666 vespertino
2849 4604 2973 4651 ortu
3007 4611 3103 4667 per
3131 4596 3311 4666 majus

98 4678 315 4745 πλείονος
336 4682 529 4753 χρόνου
559 4680 593 4752 ἢ
628 4680 980 4751 ὲξαμηνιαίου
1018 4683 1226 4749 γίνεται
1247 4698 1259 4713 ·
1294 4685 1405 4746 τοῖς
1429 4682 1483 4735 δὲ
1510 4683 1593 4753 πρὲ

1812 4686 1966 4762 ιυριιέ
1990 4705 2152 4760 quam
2195 4696 2457 4745 semestre
2489 4688 2789 4758 contingit;
2845 4689 3008 4743 astris
3035 4703 3164 4743 vero
3200 4687 3307 4750 bis,

95 4772 418 4845 αεσημϐρίαν
447 4772 724 4845 κειμένοις
746 4772 840 4825 τοῦ
866 4772 1125 4836 ζωδιακοῦ
1161 4773 1358 4827 κύκλοι»
1388 4773 1497 4845 ἑῴα
1523 4777 1590 4827 ἐπ

1811 4801 1871 4837 ne
1900 4791 2052 4837 extra
2082 4781 2363 4837 zodiacum
2411 4795 2604 4834 versus
2629 4778 2910 4833 meridiem
2941 4779 3116 4849 posita
3158 4787 3306 4843 sunt,

98 4859 204 4936 τολὴ
241 4867 347 4920 ἀπὸ
377 4866 642 4939 ἐσπερίας
669 4865 919 4938 ὲπιτολῆς
957 4867 1024 4920 δι’
1050 4866 1326 4930 ἐλάττονος
1361 4866 1393 4937 ἦ
1439 4866 1593 4938 ἐξαμι

1815 4875 2054 4927 atutiuus
2076 4880 2231 4926 ortus
2251 4887 2282 4924 a
2316 4871 2629 4941 vespertino
2661 4879 2784 4924 ortu
2808 4884 2903 4939 per
2929 4869 3148 4924 brevius
3173 4877 3310 4924 tem-

98 4954 245 5010 θιαίου
291 4958 485 5029 χρόνου
527 4956 757 5026 γίνεται.
804 4958 862 5011 '0
887 4957 943 5010 δὲ
986 4957 1294 5020 πλεονάζων
1320 4958 1509 5028 χρόνος
1548 4975 1593 5011 τι

1817 4983 1873 5026 ιε.
1905 4981 2068 5035 quam
2111 4974 2398 5028 semestre,
2435 4964 2722 5034 contingit.
2756 4962 2993 5032 Tempus
3034 4976 3164 5016 vero
3196 4977 3312 5016 ma-

90 5044 341 5118 ἐξαμὴνου
367 5050 468 5103 οὐκ
500 5048 619 5102 ἐστι
641 5049 774 5102 πᾶσι
800 5052 912 5113 τοῖς
940 5050 1157 5121 ἄστροις
1178 5050 1498 5120 ὡρισμένος,
1527 5049 1585 5103 ἀλ

1817 5077 1836 5115 s
1873 5059 2123 5112 semestri
2160 5071 2266 5110 non
2301 5064 2386 5111 est
2414 5056 2669 5111 omnibus
2696 5054 2859 5109 astris
2879 5051 3183 5117 deﬁnitum,
3215 5052 3312 5108 sed

88 5129 162 5198 οἷς
186 5139 281 5203 μὲν
325 5139 548 5204 πλείων,
581 5136 665 5203 οἷς
702 5139 759 5192 δὲ
794 5140 1048 5195 ἐλάττων.
1085 5142 1209 5202 Τοῖς
1253 5140 1310 5193 δὲ
1352 5142 1458 5213 γὰρ
1505 5159 1583 5212 πρ

1818 5155 1875 5208 iis
1907 5152 2142 5222 longius,
2168 5151 2291 5204 aliis
2316 5150 2558 5205 brevius.
2581 5148 2714 5203 Nam
2741 5149 2808 5203 iis
2839 5147 3003 5203 astris
3031 5161 3152 5218 quae
3180 5162 3313 5202 sem-

90 5226 275 5295 ἄρκτον
307 5230 393 5283 ἀεὶ
421 5229 628 5301 μᾶλλον
671 5228 943 5300 κειμένοις
976 5229 1175 5283 πλείων
1203 5230 1289 5282 ἀεὶ
1322 5232 1416 5283 καὶ
1442 5231 1585 5282 πλείο

1813 5260 1845 5297 ι’
1863 5244 2037 5313 magis
2060 5243 2340 5312 magisque
2370 5257 2561 5297 versus
2588 5239 3010 5311 septentrionem
3033 5246 3160 5292 sunt
3184 5235 3308 5298 sita,

88 5321 115 5370 ο
135 5321 309 5388 χρόνος
342 5322 576 5390 γίνεται,
599 5319 688 5374 διὰ
719 5321 781 5374 τὸ
823 5320 1043 5392 μείζονα
1068 5323 1330 5392 τμήματα
1361 5322 1499 5391 ὑπὲρ
1535 5323 1583 5390 γὶ

1813 5349 1964 5404 mper
1997 5348 2217 5403 quoque
2243 5332 2419 5402 majus
2447 5331 2737 5400 majusque
2767 5341 2982 5399 tempus
3011 5328 3308 5399 contingit:

92 5410 329 5482 φέρεσθαι
356 5417 470 5479 τοῖς
505 5413 554 5446 ⁸⁵
586 5413 674 5466 ἀεὶ
708 5413 907 5483 μᾶλλον
946 5413 1080 5485 πρὸς
1112 5415 1311 5484 ἄρκτον
1345 5412 1583 5484 κειμενοι

1849 5424 1996 5494 quod
2028 5439 2242 5494 semper
2270 5423 2478 5492 majora
2503 5432 2781 5492 segmenta
2804 5435 2967 5491 supra
3006 5428 3204 5473 terram
3233 5416 3312 5471 fe-

91 5500 202 5564 Τοῖς
229 5503 282 5557 δὲ
303 5507 434 5577 πρὸς
466 5503 813 5576 μεσημϐρίαν
860 5506 1059 5575 μᾶλλον
1085 5503 1348 5586 κειμένοις
1393 5505 1478 5558 ἀεὶ
1508 5508 1586 5575 μᾶ

1821 5526 1947 5571 ntur
1976 5516 2045 5572 iis
2080 5531 2199 5586 quis
2223 5528 2436 5584 semper
2467 5512 2637 5583 inagis
2675 5526 2864 5566 versus
2891 5507 3309 5579 septentrionem

90 5586 170 5643 λον
204 5604 291 5647 και
328 5597 528 5667 μᾶλλον
564 5594 801 5648 ἐλάττων
833 5596 861 5648 6
904 5595 1090 5667 χρόνος
1120 5580 1349 5665 γίνεται·
1388 5596 1585 5652 ὲλάττοτ

1817 5620 1872 5666 nt
1894 5610 2091 5681 posita.
2115 5608 2182 5662 At
2213 5608 2279 5663 iis
2309 5607 2469 5664 astris
2496 5622 2616 5677 quae
2664 5618 2851 5662 versus
2886 5601 3162 5659 meridiem
3195 5615 3312 5654 ma-

238 5775 276 5845 Ι.
311 5776 456 5840 τούς,
498 5785 553 5831 et
589 5776 893 5845 κειμένους.
