3786 6350
542 362 602 417 τι
1528 357 1869 415 Αριιεινοιι
1909 354 2001 412 AD
2030 338 2305 411 susssn
2342 354 2759 414 cusomcou.
3629 348 3711 405 su

507 484 592 554 gis
616 481 917 547 declinant,
945 497 1159 552 semper
1194 480 1365 552 magis
1393 480 1676 550 magisque
1700 479 1922 536 brevius
1946 495 2067 535 eve—

2192 474 2283 547 rap
2316 475 2387 530 τὰ
2412 478 2674 548 τμήματα
2706 475 2846 545 ὑπὲρ
2892 473 2996 543 γῆν
3040 471 3294 543 φέρονται
3343 468 3395 534 οῖ
3439 466 3568 539 πρὸς
3605 484 3711 539 μετ-

509 576 593 629 nit
636 584 879 645 tempus;
921 574 1091 629 stellae
1143 573 1286 627 enim
1338 587 1529 628 versus
1571 570 1853 627 meridiem
1887 572 2076 643 posita:

509 668 765 724 feruntur
792 669 847 722 in
881 666 1185 721 minoribus
1209 665 1504 735 segmentis
1544 681 1713 736 supra
1747 673 2001 721 terram“

580 760 784 816 Contra
814 760 882 813 iis
907 759 1084 814 stellis
1107 772 1229 828 quae
1258 765 1413 812 extra
1439 758 1725 814 zodiacum
1754 774 1950 816 versus
1981 759 2079 815 bo-

510 866 661 907 ream
692 859 821 906 sunt
855 848 993 910 sitae.
1036 858 1252 919 tempus
1298 848 1432 903 illud
1467 850 1652 905 minus
1691 858 1776 906 est
1805 851 2076 918 semestri,

507 941 653 1013 quod
686 951 771 997 est
802 956 832 994 a
864 942 1130 995 matutino
1174 956 1379 997 occasu
1414 957 1589 1011 usque
1614 942 1683 997 ad
1707 946 2078 1012 vespertinum

509 1041 713 1089 ortum.
755 1033 831 1089 lis
853 1046 981 1087 vero
1018 1032 1217 1094 stellis,
1255 1048 1376 1102 quae
1407 1049 1599 1089 versus
1644 1035 1924 1091 meridiem
1952 1046 2080 1091 sunt

510 1126 722 1198 positae.
758 1125 939 1194 majus
969 1126 1222 1181 semestri
1264 1132 1350 1181 est
1394 1134 1609 1195 tempus
1632 1126 1788 1193 illud,
1818 1126 1963 1197 quod
1995 1135 2082 1182 est

512 1232 541 1268 a
577 1217 846 1270 matutino
891 1231 1090 1271 occasu
1139 1232 1314 1286 usque
1355 1219 1422 1271 ad
1460 1218 1832 1288 vespertinum
1876 1227 2076 1274 ortum.

512 1302 764 1363 Varietas
788 1315 970 1362 autem
994 1315 1304 1379 temporum
1338 1309 1629 1378 respondet
1653 1310 1933 1365 distantiis
1953 1311 2082 1365 stel-

510 1397 686 1451 larum
720 1412 750 1451 a
788 1396 1012 1451 zodiaco
1049 1397 1279 1464 circulo,
1324 1398 1624 1453 secundum
1677 1407 2080 1469 segmentorum

507 1489 852 1554 varietatem,
885 1504 1007 1559 qua:
1038 1504 1206 1559 supra
1226 1496 1431 1546 terram
1453 1490 1523 1545 ab
1544 1489 1826 1545 horizonte
1857 1488 2083 1544 interci-

510 1580 700 1650 piuntu
709 1596 753 1635 r.

580 1692 768 1749 Stellis
807 1695 877 1751 iis
904 1711 1027 1766 quae
1069 1695 1128 1749 in
1160 1695 1389 1751 zodiaco
1445 1696 1655 1751 circulo
1694 1704 1823 1752 sunt
1854 1696 1973 1751 sitae
2009 1694 2085 1751 si-

2177 568 2418 640 ημδρίαν
2442 568 2669 638 ἀστέρες
2694 567 2953 637 κειμενοι.

2257 768 2551 825 Ἀνάπαλιν
2573 767 2631 821 δὲ
2646 767 2759 829 τοῖς
2779 764 2917 835 πρὸς
2932 764 3130 835 ἄρκτον
3151 760 3426 831 κειμένοις
3445 756 3536 812 τοῦ
3555 756 3713 821 ζωδια-

2178 862 2275 915 κοῦ
2295 860 2493 914 κύκλου
2519 857 2756 911 ἐλάττων
2777 855 2895 908 tori.
2920 853 3109 925 χρόνος
3129 851 3400 921 ἑξαμήνου
3431 849 3460 900 ὁ
3486 847 3588 902 ἀπὸ
3604 848 3714 917 ἑῴας

2177 952 2381 1014 δύσεως
2429 948 2617 1020 μέχρις
2661 945 2920 1017 έσπερίας
2967 941 3255 1011 ὲτιςιτολῆς⁸
3289 940 3337 972 ⁸⁵
3369 942 3481 1003 τοῖς
3522 939 3576 992 δὲ
3608 939 3716 1008 πρὸς

2183 1040 2529 1115 μεσημδρίαν
2554 1037 2755 1091 πλείων
2777 1039 2807 1091 ὁ
2838 1036 3026 1108 χρόνος
3048 1033 3320 1105 ἑξαμήνου
3355 1032 3464 1086 ἀπὸ
3495 1030 3625 1102 ἑῴας
3643 1031 3715 1083 δύ-

2181 1150 2318 1198 σεως
2357 1131 2547 1203 μέχρις
2602 1129 2862 1200 έσπερίας
2908 1126 3180 1197 ἰπιτολῆς.
3223 1125 3288 1178 Ἦ
3325 1124 3384 1178 δὲ
3433 1122 3716 1194 παραλλαγὴ

2181 1222 2288 1277 τῶν
2325 1222 2532 1294 χρόνων
2558 1218 2866 1281 ἀκολούθως
2891 1216 3101 1285 γίνεται
3120 1216 3241 1277 ταῖς
3268 1210 3595 1285 προστάσεσι
3624 1216 3718 1273 ταῖς

2180 1314 2289 1369 ἀπὸ
2318 1310 2413 1366 τοῦ
2452 1306 2719 1375 ζωδιακοῦ
2753 1306 2954 1360 κύκλου
3002 1304 3143 1359 κατὰ
3165 1304 3265 1375 τὴν
3308 1301 3420 1355 τῶν
3456 1302 3720 1372 τμημάτυν

2183 1403 2539 1476 παραλλαγὴν
2589 1398 2698 1455 τῶν
2743 1397 2885 1470 ὑπὲρ
2926 1396 3032 1467 γῆν
3072 1392 3598 1465 ἀπολαμϐανομένων
3638 1389 3720 1445 ὑπὸ

2181 1493 2275 1550 τοῦ
2308 1491 2601 1566 ὁρίζοντος.

2253 1702 2381 1764 Τοῖς
2411 1698 2468 1752 δὲ
2515 1697 2610 1751 ἐπὶ
2642 1695 2734 1750 τοῦ
2774 1692 3041 1760 ζωδιακοῦ
3085 1691 3286 1748 κύκλου
3330 1692 3594 1763 κειμένοις
3631 1691 3723 1760 ἅμα

508 1786 622 1839 mul
655 1786 926 1857 contingit
959 1787 1268 1842 atutinus
1315 1794 1472 1843 ortus
1522 1794 1578 1842 et
1609 1786 1954 1851 vespertinus
1986 1802 2081 1841 oc-

2192 1794 2389 1863 γίνεται
2421 1789 2531 1861 έῲα
2579 1786 2799 1858 ὲπιτολὴ
2836 1786 2930 1841 καὶ
2977 1784 3209 1858 έσπερία
3254 1783 3427 1847 δύσις,
3460 1784 3551 1838 καὶ
3592 1782 3723 1836 πάλιν

510 1891 695 1939 casus,
730 1885 786 1931 et
816 1893 1012 1934 rursus
1063 1879 1229 1933 simul
1260 1879 1563 1934 matutinus
1602 1894 1833 1934 occasus
1902 1887 1956 1933 et
1987 1894 2072 1934 ve-

513 1968 793 2039 spertinus
820 1976 998 2026 ortus.
1048 1968 1296 2040 Reliquis
1328 1970 1494 2026 astris
1538 1985 1649 2025 non
1682 1970 1843 2025 simul
1887 1970 2081 2040 praedi-

512 2069 616 2118 ctae
645 2064 857 2134 species
886 2063 1275 2137 perﬁciuntur;
1308 2065 1403 2120 sed
1438 2064 1521 2120 hae
1547 2064 1758 2118 variant
1782 2064 2080 2118 secundum

512 2159 779 2223 tempora,
820 2170 944 2210 cum
970 2155 1141 2212 stellae
1165 2156 1400 2211 habeant
1430 2157 1754 2212 circularem
1783 2162 1991 2210 motuin
2014 2156 2082 2210 ab

515 2254 637 2300 ortu
668 2263 861 2305 versus
889 2264 1172 2305 occasum.
1214 2250 1346 2316 Quae
1384 2251 1531 2306 enim
1573 2265 1765 2308 eorum
1809 2260 2081 2306 astrorum

515 2339 617 2394 sita
652 2348 781 2395 sunt
814 2341 867 2395 in
902 2342 1112 2397 circulo
1141 2344 1537 2415 aequinoctiali,
1584 2344 1851 2415 aequalem
1878 2343 2082 2398 habent

513 2447 738 2487 cursum
787 2448 954 2504 supra
990 2441 1218 2498 terram,
1249 2442 1305 2489 et
1339 2435 1480 2490 infra
1521 2443 1757 2503 terram;
1801 2436 2082 2505 aqualiter

512 2520 657 2576 enim
691 2530 911 2577 secatur
935 2524 1339 2594 aequinoctialis
1375 2525 1620 2581 circulus
1647 2525 1717 2580 ah
1752 2525 2034 2581 horizonte
2064 2542 2078 2579 :

512 2624 635 2680 quae
686 2626 818 2666 vero
872 2621 1021 2667 astra
1067 2620 1223 2669 extra
1269 2613 1706 2684 aequinoctialem
1758 2629 1951 2669 versus
1992 2614 2084 2668 bo-

514 2717 661 2757 ream
690 2712 818 2759 sunt
845 2705 971 2773 sita,
1005 2705 1120 2761 haec
1145 2705 1339 2774 majori
1366 2713 1611 2777 tempore
1641 2705 1892 2762 feruntur
1917 2720 2084 2775 supra

513 2796 856 2854 horizontem
887 2839 901 2862 ,
952 2799 1167 2855 minore
1227 2809 1473 2870 tempore
1520 2798 1663 2854 infra
1720 2799 2080 2855 horizontem.

513 2888 770 2945 Omnium
825 2892 970 2946 enim
1017 2891 1351 2946 circulorum
1430 2893 1485 2946 in
1531 2893 1733 2962 quibus
1793 2903 2086 2948 moventur

516 2982 824 3039 inerrantes
861 2984 1054 3048 stellae,
1109 2986 1319 3053 majora
1365 2992 1642 3055 segmenta
1684 3000 1848 3054 supra
1880 2992 2080 3040 terram

514 3075 941 3145 intercipiuntur
966 3076 1035 3131 ab
1064 3076 1369 3141 horizonte,
1399 3078 1612 3133 minora
1647 3093 1775 3133 vero
1805 3077 1946 3131 infra
1974 3086 2085 3132 ter-

2188 1885 2303 1955 ἄμα
2335 1881 2445 1953 ἑῴα
2468 1881 2620 1945 δύσις
2649 1880 2741 1955 καὶ
2770 1877 2999 1950 ἐσπερία
3037 1875 3279 1947 ὲπιτολή.
3313 1877 3438 1940 Τοῖς
3466 1874 3524 1930 ἃ
3548 1875 3723 1936 λοιποῖς

2188 1954 2406 2045 ἄστροις
2441 1973 2538 2042 ούχ
2577 1954 2692 2041 ἅμα
2723 1968 2791 2022 τά
2834 1965 3209 2039 προειρημένα
3242 1964 3358 2033 εἴδη
3399 1965 3720 2019 ἐπιτελεῖται·

2188 2063 2323 2118 ἀλλά
2344 2062 2648 2117 διαλλάσσει
2676 2059 2816 2113 κατά
2841 2058 2969 2120 τοὺς
3008 2057 3251 2127 χρόνους,
3282 2055 3393 2110 τῶν
3414 2056 3643 2127 ἀστέρων
3663 2071 3727 2108 κι-

2188 2157 2462 2228 νουμένων
2505 2153 2792 2222 ἐγκύκλιον
2834 2150 3006 2222 φορὰν
3035 2147 3142 2204 ἀπὸ
3173 2148 3451 2203 ἀνατολῶν
3474 2149 3561 2202 ἐπὶ
3580 2146 3721 2201 δύσιν.

2191 2248 2331 2301 Ὅσα
2367 2246 2466 2317 μὲν
2490 2240 2583 2299 οὖν
2613 2241 2791 2297 αὐτῶν
2818 2242 2912 2294 ἐπὶ
2941 2238 3035 2293 τοῦ
3065 2240 3383 2312 ίσημερινοῦ
3417 2240 3607 2293 κύκλου
3633 2242 3723 2292 κεί-

2187 2356 2299 2403 ται,
2331 2338 2422 2391 τὸν
2457 2337 2570 2390 ἴσον
2593 2335 2791 2407 δρόμον
2822 2333 2962 2403 ὑπὲρ
2992 2330 3096 2401 γῆν
3125 2333 3351 2403 φέρεται
3380 2332 3473 2386 καὶ
3505 2331 3602 2385 ὑπὸ
3620 2330 3723 2399 γῆν·

2188 2431 2546 2500 διχοτομεῖται
2599 2427 2707 2498 γὰρ
2732 2428 2761 2480 δ
2794 2425 3105 2498 ἰσημερινός
3141 2425 3341 2489 κύκλος
3386 2424 3491 2478 ύπδ
3526 2423 3610 2477 τοῦ
3635 2422 3727 2492 ὁρί-

2191 2522 2372 2587 ζοντος
2392 2538 2407 2553 '
2437 2521 2536 2575 ὅσα
2560 2520 2615 2574 δὲ
2662 2518 2770 2574 τῶν
2797 2519 3015 2591 ἄστρων
3056 2518 3191 2591 πρὸς
3229 2518 3431 2589 ἄρκτον
3466 2519 3631 2571 κεῖται
3651 2514 3728 2568 re]

2194 2612 2508 2684 ίσημερινοῦ
2550 2610 2771 2674 κύκλου,
2798 2609 2973 2662 ταῦτα
3019 2607 3242 2663 πλείονα
3272 2609 3371 2679 μὲν
3396 2607 3579 2678 χρόνον
3615 2604 3731 2672 ὑπὲρ

2189 2704 2294 2775 γῆν
2324 2704 2567 2776 φέρεται,
2613 2703 2870 2758 ἐλάττονα
2898 2703 2954 2756 δὲ
2982 2703 3087 2756 ὑπὸ
3113 2702 3239 2773 γῆν.
3280 2701 3505 2756 Πάντων
3533 2700 3634 2770 γὰρ
3650 2696 3728 2750 κύ-

2191 2797 2354 2859 κλων,
2386 2794 2509 2849 καθ’
2529 2788 2604 2849 ὧν
2628 2794 2883 2864 φέρονται
2907 2795 2955 2847 oi
2984 2793 3241 2857 ἀπλανεῖς
3265 2793 3513 2864 ἀστέρες,
3542 2788 3734 2862 μείζονι

2195 2888 2295 2959 μὲν
2323 2889 2587 2959 τμήματα
2617 2885 2759 2957 ὑπὲρ
2786 2884 2892 2955 γῆν
2930 2884 3374 2955 ἀπολαμϐάνεται
3405 2881 3511 2936 ὑπὸ
3539 2880 3624 2935 τοῦ
3643 2879 3735 2949 6ρέ-

2193 2980 2393 3044 ζοντος,
2434 2978 2692 3033 ἐλάττονα
2719 2976 2776 3030 δὲ
2810 2976 2917 3030 ὑπὸ
2948 2977 3071 3047 γῆν,
3097 2975 3186 3030 διὰ
3216 2975 3279 3028 τὸ
3302 2974 3514 3045 έξαρμα
3549 2971 3634 3025 τοῦ
3659 2970 3735 3024 πύ-

2191 3070 2303 3124 λου.
2342 3072 2481 3124 Ὅσα
2530 3070 2589 3124 δὲ
2611 3068 2718 3123 τῶν
2770 3068 2986 3142 ἄστρων
3016 3069 3152 3140 πρὸς
3199 3068 3545 3141 μεσημϐρίαν
3586 3069 3737 3119 κεῖται

516 3181 657 3230 ram,
679 3174 900 3237 propter
922 3168 1278 3225 elevationem
1305 3168 1443 3240 poli;
1469 3185 1591 3240 quae
1612 3184 1743 3225 vero
1764 3176 1914 3225 astra
1927 3177 2082 3225 extra

2192 3161 2276 3217 τοῦ
2299 3162 2610 3233 ίσημερινού
2637 3161 2862 3223 κύκλου,
2890 3161 3142 3216 ἐλάττονα
3172 3161 3267 3232 μὲν
3290 3160 3463 3233 φορὰν
3503 3159 3635 3228 ὑπὲρ
3654 3158 3736 3227 γῆν

514 3257 953 3328 aequinoctialem
1003 3273 1195 3314 versus
1232 3259 1515 3315 meridiem
1576 3268 1705 3316 sunt
1772 3260 1973 3332 posita,
2023 3275 2087 3314 ea

515 3351 785 3406 minorem
838 3349 1038 3406 habent
1089 3359 1294 3406 motum
1347 3366 1513 3423 supra
1557 3358 1781 3418 terram,
1826 3352 2086 3420 majorem

517 3439 662 3495 infra
707 3448 934 3497 terram.
990 3441 1205 3498 Rursus
1254 3443 1402 3498 enim
1444 3443 1719 3500 australes
1765 3442 1980 3504 circuli,
2031 3442 2088 3497 in

516 3533 722 3603 quibus
742 3534 1048 3588 inerrantes
1077 3534 1249 3589 stella:
1268 3533 1541 3596 feruntur,
1566 3533 1778 3587 minora
1808 3541 2087 3603 segnenta

517 3624 721 3680 habent
757 3638 925 3693 supra
970 3631 1198 3688 terram,
1240 3623 1451 3693 majora
1482 3622 1628 3678 intra
1669 3632 1896 3679 terram.
1940 3623 2089 3680 Talis

519 3730 643 3770 cum
672 3713 744 3770 sit
770 3720 971 3776 motus.
1008 3714 1380 3771 inerrantibus
1422 3714 1613 3779 astris,
1659 3715 1838 3770 evenit
1893 3725 1952 3771 ut
1978 3732 2088 3771 non

521 3801 706 3855 omnia
758 3816 880 3871 quae
922 3801 1085 3858 simul
1125 3803 1384 3858 oriuntur
1434 3803 1601 3859 simul
1625 3804 1787 3859 etiam
1816 3805 2087 3873 occidant,

521 3890 616 3947 sed
648 3907 714 3946 ex
744 3891 811 3947 iis
845 3907 965 3962 qua:
995 3892 1154 3948 simul
1183 3894 1435 3950 oriuntur
1471 3909 1534 3949 ea
1580 3910 1703 3964 qua:
1746 3895 1920 3966 magis
1959 3904 2090 3952 sunt

523 3983 785 4038 australia
835 3998 1053 4055 semper
1084 3985 1238 4057 prius
1272 3984 1551 4051 occidant,
1594 4000 1662 4042 eo
1700 3986 1847 4057 quod
1878 3988 2089 4043 minora

523 4081 801 4146 segmenta
852 4075 1090 4131 habeant
1122 4092 1289 4149 supra
1327 4084 1567 4143 terram;
1618 4077 1877 4134 similiter
1913 4094 2090 4150 neque

520 4180 582 4220 ea
603 4182 724 4236 quae
755 4167 918 4222 simul
951 4169 1230 4234 occidunt,
1273 4169 1436 4228 simul
1484 4169 1647 4223 etiam
1690 4169 1962 4234 oriuntur,
1993 4171 2089 4227 sed

519 4270 587 4310 ex
617 4257 683 4313 iis
713 4271 776 4312 ea
806 4272 927 4326 quae
955 4266 1083 4312 sunt
1116 4258 1290 4330 magis
1322 4259 1586 4323 borealia,
1622 4261 1775 4330 prius
1813 4260 2086 4324 oriuntur,

518 4361 586 4401 eo
604 4347 747 4418 quod
768 4347 910 4403 inl‘ra
927 4348 1267 4406 horizontem
1291 4350 1503 4405 minora
1526 4351 1763 4408 habeant
1786 4362 2084 4423 segmenta.

521 4435 736 4496 Rursus
777 4454 952 4510 neque
985 4455 1050 4496 ea
1079 4457 1202 4511 quae
1239 4443 1391 4512 prius
1412 4443 1685 4505 oriuntur,
1724 4442 1890 4498 etiam
1935 4444 2086 4513 prius

521 4527 816 4596 occidunt;
853 4507 948 4584 sed
988 4507 1458 4599 quaedam-eorum
1485 4547 1608 4602 quae
1638 4531 1793 4601 prius
1813 4507 2084 4598 oriuntur,
2122 4507 2163 4563 θ

522 4620 684 4675 simul
709 4621 870 4676 etiam
904 4620 1193 4688 occidunt;
1233 4621 1481 4691 quaedam
1515 4636 1644 4677 vero
1674 4622 1967 4692 posterius.
1999 4620 2087 4675 Si-

522 4713 723 4767 militer
770 4728 959 4768 eorum
1005 4728 1128 4783 qua:
1172 4713 1324 4783 prius
1363 4714 1640 4778 occidunt,
1685 4712 1931 4784 quzedam
1980 4729 2089 4767 non

456 4830 463 4835 -
523 4805 777 4859 oriuntur
822 4804 1000 4875 prius,
1048 4804 1146 4860 sed
1193 4803 1358 4858 simul
1406 4804 1658 4858 oriuntur
1709 4812 1764 4859 et
1797 4802 2087 4868 occidunt,

525 4895 629 4949 alia
656 4895 834 4966 prius,
884 4894 990 4949 alia
1025 4894 1319 4964 posterius.
1372 4892 1701 4949 Mentionem
1752 4894 1882 4948 facit
1915 4904 1967 4949 et
2002 4894 2091 4948 ho-

526 5001 645 5039 rum
681 5000 746 5040 ex
774 4993 927 5055 parte
956 4984 1177 5047 Aratus,
1215 4998 1339 5037 cum
1363 4983 1444 5038 sic
1473 4983 1649 5053 inquit
1692 5001 1705 5035 :

531 5095 634 5150 Sed
664 5110 865 5163 semper
892 5095 1100 5149 Taurus
1132 5095 1357 5148 velocior
1382 5095 1581 5163 Auriga

534 5164 597 5219 In
632 5165 857 5229 alterum
882 5174 1085 5233 partem
1115 5164 1443 5229 descendere,
1479 5168 1596 5220 licet
1628 5167 1789 5220 simul
1815 5167 2086 5221 ascendat.

600 5279 655 5335 In
686 5279 775 5334 his
819 5279 965 5333 enim
1003 5278 1200 5348 inquit,
1251 5277 1491 5333 Taurum
1533 5279 1694 5334 simul
1729 5296 1852 5334 cum
1893 5280 2089 5349 Auriga

530 5378 736 5433 ortum,
771 5368 924 5439 prius
974 5375 1152 5422 tamen
1190 5367 1456 5423 occidere.
1488 5366 1575 5421 Fit
1613 5376 1790 5423 autem
1827 5370 1929 5422 hoc
1976 5386 2093 5438 pro-

533 5470 652 5531 pter
684 5468 1085 5529 segmentorum
1127 5474 1432 5523 excessum,
1463 5459 1515 5512 in
1549 5459 1745 5530 quibus
1790 5477 1953 5529 supra
1994 5472 2094 5515 ter-

534 5565 673 5613 ram,
716 5556 773 5609 ct
822 5547 963 5602 infra
1009 5556 1209 5603 terram
1256 5550 1559 5606 inerrantes
1608 5552 1777 5607 stella:
1823 5552 2088 5606 feruntur.

534 5639 766 5711 Propter
823 5638 962 5693 hanc
1027 5648 1202 5694 autem
1254 5640 1520 5709 spha-ram
1576 5656 1681 5695 non
1733 5642 1912 5695 omnia
1946 5650 2092 5697 astra

569 5773 612 5805 ⁸³
644 5771 770 5828 llatc
797 5771 989 5827 desunt
1006 5771 1059 5826 in
1089 5771 1379 5826 veteribus.

2192 3255 2437 3326 φέρεται,
2465 3253 2683 3307 πλείονα
2704 3254 2763 3307 δὲ
2792 3254 2899 3306 ὑπὸ
2927 3253 3049 3324 γῆν.
3074 3252 3244 3307 Πάλιν
3268 3251 3381 3322 γὰρ
3399 3251 3504 3304 τῶν
3528 3249 3734 3303 κύκλων.

2190 3346 2311 3401 καθ’
2344 3342 2419 3400 ὧν
2472 3347 2726 3419 φέρονται
2756 3347 2804 3399 οἱ
2842 3345 3100 3408 ἀπλανεῖς
3145 3343 3378 3416 ἀστέρες
3410 3345 3459 3397 οί
3499 3342 3586 3395 ἐπὶ
3630 3355 3737 3410 μεσ-

2188 3438 2429 3510 ημϐρίαν
2458 3438 2719 3509 κείμενοι,
2767 3435 3027 3491 ἐλάττονα
3062 3435 3162 3506 μὲν
3202 3436 3467 3505 τμήματα
3496 3433 3630 3503 ὑπὲρ
3655 3429 3739 3498 γῆν

2188 3529 2390 3601 ἔχουσι,
2429 3528 2648 3600 μείζονα
2686 3526 2744 3581 δὲ
2776 3526 2883 3580 ὑπὸ
2912 3526 3034 3596 γῆν.
3078 3524 3349 3595 Τοιαύτης
3370 3522 3428 3576 δὲ
3456 3523 3620 3594 φορᾶς
3644 3521 3737 3578 τοῖς

2189 3623 2484 3679 ἀπλανέσιν
2513 3622 2732 3693 ἄστροις
2764 3617 3136 3691 ὑπαρχούσης,
3166 3616 3454 3687 συμϐαίνει
3485 3614 3558 3686 μὴ
3586 3614 3737 3667 πάντα

2188 3715 2257 3771 τά
2312 3716 2429 3785 ἄμα
2490 3712 2847 3770 ἀνατέλλοντα
2896 3711 2990 3766 καὶ
3022 3710 3139 3781 ἄμα
3196 3708 3398 3771 δύνειν,
3464 3706 3595 3761 ἀλλά
3647 3704 3739 3758 τῶν

2190 3807 2305 3879 ἅμα
2352 3805 2746 3861 ἀνατελλόντων
2776 3804 2863 3859 ἀεὶ
2903 3802 2972 3858 τά
3004 3802 3143 3874 πρὸς
3176 3817 3317 3873 μεση
3326 3800 3527 3872 μὸρίαν
3563 3797 3740 3870 μᾶλλον

2188 3899 2366 3954 αὐτῶν
2411 3898 2638 3969 κείμενα
2693 3896 2958 3968 πρότερον
3017 3894 3214 3958 δύνειν,
3279 3892 3369 3947 διὰ
3402 3892 3465 3946 τὸ
3509 3890 3736 3944 ἐλάττονα

2187 3993 2449 4064 τμήματα
2502 3990 2643 4060 ὑπὲρ
2674 3988 2780 4058 γῆν
2834 3986 3129 4060 φέρεσθαι·
3177 3985 3381 4056 ὁμοίως
3420 3984 3479 4038 δὲ
3530 3981 3643 4037 οὐδὲ
3681 3978 3737 4030 τὰ

2189 4083 2306 4155 ἄμα
2346 4081 2568 4137 δύνοντα
2596 4081 2712 4151 ἄμα
2759 4080 2855 4133 καὶ
2887 4077 3187 4141 ἀνατέλλει,
3226 4077 3366 4132 ἀλλὰ
3404 4076 3473 4131 τὰ
3498 4074 3626 4147 πρὸς
3656 4071 3739 4136 ἀρ-

2187 4192 2313 4229 κτον
2336 4173 2514 4228 αύτῶν
2548 4171 2745 4245 μᾶλλον
2778 4171 3007 4242 κείμενα
3038 4172 3304 4243 πρότερον
3336 4168 3628 4229 ἀνατέλλει,
3664 4163 3737 4214 διά

2185 4268 2246 4320 τὸ
2276 4266 2531 4320 ἐλάττονα
2573 4265 2836 4335 τμήματα
2878 4263 2984 4316 ὑπὸ
3013 4262 3119 4333 γῆν
3167 4260 3449 4333 φέρεσθαι.
3498 4257 3655 4313 Πάλιν
3688 4252 3736 4306 δὲ

2186 4360 2306 4414 οὐδὲ
2335 4358 2403 4413 τὰ
2437 4359 2698 4431 πρότερον
2740 4356 3099 4411 ἀνατέλλοντα
3140 4357 3236 4409 καὶ
3272 4355 3537 4426 πρότερον
3574 4352 3734 4406 δύνει·

2189 4449 2322 4503 ἀλλά
2359 4448 2481 4502 τινὰ
2514 4449 2611 4519 μὲν
2647 4447 2754 4500 τῶν
2786 4447 3048 4519 πρότερον
3083 4444 3478 4498 ἀνατελλόντων
3516 4442 3626 4513 ἄμα
3657 4438 3738 4493 καὶ

2189 4540 2353 4603 δύνει,
2390 4540 2509 4594 τινὰ
2535 4540 2591 4593 δὲ
2627 4538 2872 4610 ὕστερον.
2909 4538 3142 4608 Ὁμοίως
3164 4538 3223 4591 δὲ
3250 4537 3347 4590 καὶ
3371 4535 3480 4590 τῶν
3500 4534 3737 4605 «postea?

2187 4630 2448 4684 δυνόντων
2480 4629 2604 4684 τινὰ
2654 4630 2753 4701 μὲν
2793 4631 2854 4683 ού
2890 4626 3300 4700 προανατέλλει,
3345 4626 3460 4680 ἀλλ’
3502 4625 3614 4697 ἅμα
3654 4623 3741 4693 μὲν

2189 4721 2466 4777 ἀνατέλλει
2499 4725 2592 4776 καὶ
2621 4724 2787 4789 δύνει,
2815 4722 2885 4777 τὰ
2912 4723 3008 4793 μὲν
3034 4721 3320 4792 πρότερον,
3345 4722 3415 4774 τὰ
3440 4720 3495 4774 δὲ
3515 4718 3733 4786 {ia-say».

2188 4812 2534 4885 Μνημονεύει
2565 4813 2620 4868 δὲ
2652 4814 2969 4868 καὶτούτων
2998 4814 3092 4865 ἐπὶ
3126 4811 3293 4867 ποσδν
3332 4813 3561 4883 Ἄρατος
3586 4810 3739 4876 λέγω)

2187 4903 2361 4970 οὕτως
2378 4922 2391 4935 ·

2201 5107 2352 5161 Ἀλλ’
2378 5105 2490 5159 αιει
2536 5105 2759 5177 ταῦρος.
2778 5100 3251 5177 ίτροφερέσῖερος
3294 5101 3574 5177 Ἡνίδκρίο
3594 5172 3609 5177 -
3628 5170 3645 5177 -
3666 5165 3675 5177 -

2189 5179 2293 5241 Εἰς
2329 5176 2540 5245 ἑτέρην
2582 5170 2925 5243 καταϐῆναι,
2962 5172 3271 5240 όμηλυσιῃ
3326 5186 3437 5239 περ
3470 5170 3736 5224 ἀνελθών.

2271 5282 2358 5335 Ἑν
2385 5282 2493 5353 γὰρ
2513 5281 2718 5345 τούτοις
2743 5281 2903 5351 φησὶν
2924 5279 3039 5350 ἄμα
3066 5279 3156 5332 τὸν
3188 5279 3403 5350 Ταῦρον
3422 5278 3496 5350 τῷ
3532 5276 3741 5341 Ἦνιὸχῳ

2190 5372 2542 5428 ἁνατείλαντα
2579 5373 2841 5444 πρότερον
2876 5370 3070 5424 δύνειν.
3106 5369 3320 5422 Γίνεται
3352 5369 3408 5422 δὲ
3439 5367 3578 5422 οὕτω
3610 5360 3742 5434 περὶ

2189 5466 2285 5536 τὴν
2309 5465 2417 5519 τῶν
2445 5463 2747 5536 τμημάτων
2771 5462 3063 5535 ὑπεροχὴν,
3086 5455 3161 5516 ὧν
3186 5461 3327 5533 ὑπὲρ
3351 5463 3453 5530 γῆν
3484 5458 3738 5530 φέρονται.

2191 5560 2285 5611 καὶ
2318 5558 2421 5612 ὑπὸ
2454 5558 2557 5629 γῆν
2586 5560 2634 5610 οἱ
2660 5556 2918 5619 ἀπλανεῖς
2947 5553 3193 5625 ἀστέρες.
3229 5553 3331 5607 Διά
3360 5554 3417 5607 δὲ
3448 5553 3542 5622 τὴν
3580 5546 3741 5604 τοιαύο

2191 5666 2287 5719 την
2325 5649 2701 5720 semproni-xv
2735 5648 2794 5700 ού
2826 5647 3002 5701 πάντα
3042 5646 3110 5700 τὲ
3143 5646 3319 5716 ἄστρα
3343 5643 3614 5700 ἀνατέλλει
3639 5636 3742 5693 τεῦ*
