3786 6316
92 307 178 363 ars
1108 279 1348 358 Casum
1388 298 1762 355 ELEMEN‘BA
1801 298 2296 358 ASTRONOMUE.
3195 298 3299 355 sat

86 427 296 492 ἑκάστην
325 421 521 474 νύκτα·
558 421 692 476 ἀλλά
730 422 849 475 τινὰ
885 422 982 493 μὲν
1015 420 1291 476 ἀνατέλλει
1337 422 1433 474 καὶ
1471 420 1581 474 δύνε

1808 421 1996 474 iuntur
2023 421 2169 476 omni
2206 430 2399 488 nocte;
2435 420 2529 477 sed
2559 420 2806 493 quadam
2841 418 3095 473 oriuntur
3122 423 3176 472 et
3206 433 3303 472 oc-

91 516 191 566 τινέι
216 511 267 567 δὲ
289 498 572 566 ἀνατέλλει
600 515 720 585 μὲν,
748 514 810 567 οὐ
840 514 985 566 δύνει
1013 513 1070 567 δέ
1087 531 1099 543 ⁸
1131 513 1167 568 ἃ
1193 513 1249 567 δὲ
1278 512 1388 566 οὖτ’
1410 514 1586 567 ἀνατέί

1807 516 1927 567 lunt
1956 534 1967 567 :
1998 515 2249 584 quaedam
2272 530 2402 570 vero
2430 517 2685 570 oriuntur
2711 511 2952 583 quidem,
2981 525 3087 564 non
3123 518 3302 564 tamen

92 610 172 668 λει,
204 603 319 657 οὔτε
361 602 540 657 δύνει’
577 603 711 657 ἀλλά
748 604 816 657 τὰ
852 605 948 675 μὲν
974 604 1352 677 ἀρκτικώτερα
1388 603 1587 675 κείμενι

1810 603 1992 657 cidunt
2027 604 2314 674 :quaedam
2376 619 2506 659 vero
2554 618 2731 674 neque
2783 602 3076 663 oriuntur,
3128 612 3305 667 neque

92 696 312 767 μετέωρα
360 696 676 767 ὑπάρχοντα
715 695 853 766 μετά
894 695 990 767 τὴν
1016 678 1115 749 τοῦ⁹
1135 695 1286 767 ἡλίου
1327 694 1500 762 δύσιν,
1531 713 1587 767 πι

1809 695 2031 763 cidunt;
2084 696 2178 752 sed
2223 712 2309 762 ea,
2340 712 2462 768 qure
2510 698 2684 763 magis
2726 703 2854 750 sunt
2893 693 3153 757 borealia,
3180 707 3304 745 cum

87 789 169 857 τῆς
198 787 283 840 τοῦ
313 786 465 857 ἡλίου
504 786 769 857 ἀνατολῆς
806 786 887 839 ἔτι
928 786 1306 858 μετεωρότερα
1350 786 1576 854 φαίνετα

1809 793 1850 837 ιι
1880 786 2138 840 sublimia
2168 795 2292 857 post
2326 788 2460 843 solis
2483 801 2769 850 occasum,
2806 794 2933 839 ante
2961 784 3097 838 solis
3123 791 3304 835 ortum

88 880 144 933 τὰ
176 881 228 933 δὲ
266 877 757 951 μεσημϐρινώτερα
816 878 1046 949 κείμενα
1092 876 1203 934 οὔτ’
1256 877 1583 931 ἀνατέλλοντι

1812 875 1913 929 huc
1942 876 2261 931 sublimiora
2304 885 2601 947 apparent;
2632 891 2754 947 quae
2788 889 2922 930 vero
2962 879 3093 926 sunt
3136 872 3307 941 magis

89 970 193 1023 οὔτε
214 969 430 1023 δύνοντα
456 970 742 1042 Θεωρεῑται
762 985 777 1000 °
810 968 945 1023 ἀλλά
992 968 1169 1023 πάντα
1189 968 1281 1022 τὸν
1312 970 1409 1040 τῆς
1442 969 1584 1024 νυκτί

1814 965 2150 1035 )australia,
2198 982 2261 1022 ea
2298 983 2474 1038 neque
2522 968 2675 1031 oriri,
2722 982 2900 1037 neque
2940 962 3196 1020 occidere
3232 962 3309 1015 vi-

91 1061 252 1130 χρόνον
272 1060 373 1113 ὑπὸ
401 1061 504 1131 γῆν
525 1061 804 1133 φέρονται.
835 1060 995 1113 Ὅθεν
1020 1060 1114 1114 καί
1134 1078 1255 1115 τινα
1282 1048 1396 1113 τῶεί
1420 1061 1586 1133 ἀστριι

1813 1067 1933 1114 ntur
1964 1078 1976 1114 :
2002 1060 2097 1116 sed
2121 1074 2220 1130 per
2243 1074 2406 1114 omne
2436 1060 2616 1115 noctis
2639 1067 2855 1129 tempus
2886 1058 2991 1111 sub
3023 1055 3308 1109 borizonte

89 1152 347 1222 ἀμφιρανῆ
409 1152 676 1215 καλεῖται,
736 1150 990 1224 καθάπερ
1038 1152 1134 1206 καὶ⁵
1178 1153 1207 1206 ὁ
1272 1152 1584 1225 Ἀρκτοῦρος

1812 1159 2007 1205 'untur.
2040 1148 2196 1207 Unde
2224 1150 2471 1221 quaedam
2506 1158 2778 1206 astrorum
2800 1153 3066 1202 vocantur
3099 1146 3185 1199 his
3208 1156 3307 1213 ap-

90 1244 209 1312 μετὰ
236 1245 339 1315 γὰρ
378 1246 479 1316 τὴν
517 1242 610 1296 τοῦ
648 1242 799 1315 ἡλίου
841 1242 991 1295 δύσιν
1023 1242 1311 1309 πλεονάκις
1353 1244 1585 1317 Θεωρεῖτε

1810 1244 2007 1307 rentia,
2034 1242 2177 1298 sicut
2207 1251 2261 1299 et
2289 1244 2596 1310 Arcturus;
2633 1249 2756 1313 post
2798 1240 2932 1296 solis
2962 1240 3107 1293 enim
3141 1249 3304 1291 occa-

85 1333 230 1389 δύνων
251 1353 307 1389 τε
341 1338 399 1389 έν
449 1336 518 1407 τῇ
568 1335 705 1405 αύτῇ
744 1335 919 1400 νυκτὶ,
964 1335 1057 1389 καὶ
1101 1336 1510 1408 προανατέλλων
1542 1354 1580 1389 τι

1812 1348 1855 1385 m
1881 1349 2025 1404 saepe
2053 1334 2266 1390 videtur
2285 1344 2338 1389 et
2365 1332 2621 1389 occidere
2664 1332 2853 1388 eadem
2885 1336 3065 1394 nocte,
3099 1335 3154 1383 et
3177 1333 3307 1381 ante

86 1429 210 1498 ἡλίου
240 1429 489 1498 φαίνεται
522 1430 586 1481 ⁸⁸.
618 1428 695 1481 Δι’
722 1427 790 1497 ἡν
814 1428 993 1482 αἰτίαν
1030 1427 1274 1483 καλεῖται
1296 1427 1580 1500 ἀμφιφανὴ

1807 1423 1902 1478 lem
1926 1424 2080 1481 oriri.
2106 1423 2278 1492 Quam
2307 1426 2377 1480 oh
2403 1438 2626 1481 causam
2649 1432 2877 1479 vocatur
2899 1422 2986 1477 bis
3009 1431 3302 1491 apparens,

85 1522 151 1572 ὅτι
177 1520 260 1573 καὶ
279 1521 371 1589 ἀφ’
401 1519 643 1591 ἑσπέρας
665 1519 859 1585 δύνων,
884 1519 978 1574 καὶ
1002 1519 1304 1573 ἀνατέλλων
1331 1521 1389 1573 ὲν
1411 1522 1475 1591 τῇ
1496 1520 1580 1573 αὐ·

1811 1515 1880 1571 od
1909 1526 1963 1572 et
1988 1531 2018 1570 a
2049 1532 2277 1587 vespera
2301 1516 2575 1581 occidere,
2608 1524 2663 1572 et
2691 1514 2823 1570 oriri
2847 1515 2904 1569 in
2931 1512 3120 1569 eadem
3147 1517 3306 1565 nocte

86 1613 214 1665 νυκτὶ
247 1612 554 1682 θεωρεῖται.
573 1611 654 1665 Τά
678 1611 733 1665 δὲ
761 1612 1009 1665 ἐναντίαν
1039 1611 1151 1684 ἔχει
1177 1611 1350 1679 τάξιν,
1373 1612 1474 1665 ὅσα
1501 1630 1581 1685 πρ

1808 1615 2033 1664 ectetur.
2074 1609 2192 1662 Alia
2240 1624 2372 1665 vero
2417 1608 2661 1663 ordinem
2696 1608 2899 1662 habent
2944 1604 3303 1664 contrarium,

85 1701 206 1754 δύνει
233 1702 330 1773 μὲν
362 1702 466 1773 τῆς
486 1700 580 1755 τοῦ
604 1701 755 1774 ἡλίου
787 1700 1010 1769 δύσεως,
1034 1703 1380 1757 ὲπανατέλλει
1412 1704 1470 1758 δὲ
1501 1720 1580 1775 με’

1813 1718 1860 1757 :e
1903 1702 2163 1757 occidunt
2207 1712 2331 1758 ante
2381 1703 2514 1757 solis
2560 1716 2841 1769 occasum,
2888 1700 3143 1755 oriuntur
3175 1712 3306 1753 vero

84 1789 163 1858 τὴν
190 1788 276 1842 τοῦ
307 1789 461 1859 ἡλίου
499 1790 799 1862 ἀνατολὴνο
834 1789 974 1845 ὥστε
1007 1791 1129 1845 καθ’
1164 1791 1292 1863 ὃλην
1337 1792 1435 1865 τὴν
1462 1793 1579 1847 νύκε

1814 1802 1857 1850 st
1891 1794 2024 1849 solis
2053 1801 2258 1856 ortum.
2298 1795 2371 1850 ita
2406 1804 2467 1848 ut
2508 1809 2606 1866 per
2632 1801 2801 1848 totam
2830 1802 3047 1848 noctem
3080 1805 3189 1846 non
3230 1789 3309 1843 vi.

86 1881 145 1951 μὴ
177 1880 514 1953 Θεωρηθῆναι
555 1882 678 1956 μήτ’
712 1882 1094 1948 ἀνατέλλοντα,
1139 1886 1274 1958 μήτε
1315 1884 1570 1941 δύνοντω

1810 1894 1968 1940 antur
1993 1901 2171 1957 neque
2200 1886 2359 1953 oriri,
2383 1901 2561 1956 neque
2582 1885 2867 1949 occidere;
2898 1898 3021 1955 qua:
3050 1881 3305 1938 nonnulli

84 1972 139 2042 δὴ.
163 1972 384 2026 καλοῦσί
436 1991 584 2038 τινες
638 1974 1019 2041 νυκτιδιέξοδα.
1066 1978 1141 2030 Οὐ
1177 1978 1317 2031 κατά
1370 1978 1579 2033 πάνταη

1808 1983 1931 2031 cant
1964 1974 2349 2041 νυκτιδιέξοδα.
2387 1977 2442 2033 id
2481 1984 2569 2033 est
2605 1984 2772 2031 noctu
2804 1975 2914 2030 late
2942 1972 3303 2044 expatiantia.

84 2063 244 2134 κιιρδν
289 2063 466 2117 ταῦτα
512 2064 689 2119 πάντα
715 2064 786 2119 τά
828 2065 1092 2138 ἰδιώματα
1118 2068 1247 2138 περὶ
1278 2068 1404 2133 τοὺς
1441 2070 1579 2122 αὐτοὶ

1813 2079 1854 2121 in
1894 2066 2042 2121 omni
2073 2074 2254 2121 autem
2297 2074 2543 2138 tempore
2590 2081 2783 2122 omnes
2821 2065 2905 2121 ha:
2941 2064 3308 2137 proprietates

84 2152 287 2226 ἀστέρας
322 2155 598 2226 ὑπάρχεν
633 2155 770 2209 ἀλλά
798 2157 926 2229 περὶ
955 2157 1054 2223 τὰς
1087 2159 1180 2213 τοῦ
1214 2159 1364 2231 ἡλίου
1397 2160 1579 2233 petua

1813 2170 1883 2210 'ca
1939 2156 2158 2212 easdem
2214 2157 2405 2213 stellas
2454 2158 2751 2222 eveniunt,
2806 2156 2901 2211 sed
2964 2156 3116 2211 circa
3174 2152 3308 2209 solis

88 2261 179 2309 σεις
216 2245 522 2300 ἀλλοιοῦται
562 2246 656 2300 καὶ
686 2247 755 2301 τά
803 2250 932 2320 περὶ
977 2248 1075 2313 τὰς
1110 2250 1395 2316 ἀνατολὰς,
1425 2251 1520 2306 καὶ
1567 2269 1583 2303 1

1812 2248 2001 2305 ιιιείῑιιε
2031 2249 2316 2304 variantur
2338 2264 2403 2305 ea
2429 2265 2551 2320 quae
2579 2248 2647 2304 ad
2679 2257 2856 2316 ortus,
2883 2255 2938 2305 et
2958 2261 3081 2319 qua:
3110 2244 3180 2301 ad
3207 2258 3307 2301 oc-

86 2338 189 2406 περὶ
215 2338 309 2401 τὰς
334 2336 541 2401 δύσεις.

1736 2353 1901 2394 casus
1932 2346 2205 2409 spectant.

597 2472 992 2526 ΚΕΦΔΔΔῙΟΝ
1033 2474 1134 2527 IB'.

2315 2471 2557 2539 CAPUT
2596 2471 2708 2527 XII.

477 2585 619 2655 Περὶ
642 2581 760 2641 τῶν
781 2587 853 2640 ἐν
881 2586 958 2658 τῇ
992 2587 1209 2649 ζωνῶν.

2235 2583 2314 2639 De
2351 2587 2500 2640 zonis
2537 2586 2596 2639 in
2635 2593 2798 2640 terra.

151 2700 210 2753 Ἡ
250 2700 349 2771 τῆς
403 2698 702 2770 συμπάσης
760 2699 866 2770 γῆς
911 2700 1239 2770 ἐπιφάνειαν
1292 2704 1633 2776 σφαιροειδὴς

1812 2699 1999 2757 Totius
2026 2710 2187 2757 terra:
2214 2701 2557 2771 superﬁcies.
2596 2714 2723 2754 cum
2770 2697 2843 2753 sit
2873 2695 3123 2768 globosa,
3164 2694 3307 2750 divi-

89 2794 394 2865 ύπάρχουσα.
435 2793 724 2863 διαιρεῖται
756 2793 835 2855 είς
867 2791 1041 2856 ζώνας
1080 2793 1273 2846 πέντε·
1310 2787 1385 2848 ὧν
1411 2794 1503 2847 δύο
1537 2794 1584 2864 μὶ

1810 2808 1884 2848 ,ur
1919 2794 1976 2847 in
2029 2792 2273 2863 quinque
2312 2806 2482 2848 zonas
2514 2808 2529 2843 :
2565 2805 2794 2861 quarum
2831 2790 2972 2850 duae.
3012 2801 3135 2858 quae
3176 2793 3305 2841 sunt

92 2887 134 2936 αἱ
178 2886 297 2957 περὶ
334 2886 464 2947 τοὺς
492 2882 710 2945 πόλους,
760 2880 1087 2954 πορρώτατα
1138 2883 1195 2937 δὲ
1241 2884 1491 2954 κείμεναι
1535 2884 1587 2936 τί

1813 2900 1882 2940 ’02
1908 2885 2067 2956 polos
2096 2892 2151 2938 et
2186 2884 2502 2955 longissime
2545 2884 2665 2939 sita:
2697 2897 2727 2935 a
2773 2881 2909 2937 solis
2951 2880 3167 2940 itinere,
3207 2875 3308 2931 Iri-

89 2975 162 3027 τοῦ
184 2977 325 3047 ἡλίου
359 2974 622 3046 παρόδου,
652 2972 1059 3043 κατεψυγμέναι
1088 2973 1357 3043 λέγονται,
1391 2976 1485 3028 καὶ
1518 2975 1580 3027 ἀο

1805 2977 1875 3032 Ia:
1900 2978 2181 3044 dicuntur,
2213 2983 2378 3045 atque
2420 2974 2807 3030 inhabitabiles
2832 2980 3071 3045 .propter
3107 2971 3300 3040 frigus.

89 3082 215 3136 κητοι
239 3066 325 3119 διά
349 3065 411 3119 τὸ
441 3064 644 3136 ψύχος
678 3063 1026 3137 ἀφορίζονται
1064 3064 1121 3117 δὲ
1173 3064 1277 3117 ὑπὸ
1300 3064 1408 3118 τῶν
1445 3065 1584 3135 ἀρκτ

1812 3068 2184 3123 terminantur
2216 3075 2397 3122 autem
2434 3082 2464 3120 a
2498 3066 2727 3122 circulis
2747 3065 2971 3120 arctieis
2990 3079 3188 3120 versus
3209 3077 3307 3133 po-

90 3124 178 3207 κών
205 3157 331 3225 πρὸς
371 3124 869 3221 τοέςῗιοδλουςοῑαί⁷
895 3155 952 3209 δὲ
989 3154 1191 3210 τούτων
1234 3157 1380 3229 ἑξῆς,
1421 3124 1585 3229 συμμι

1815 3178 1856 3226 ;;
1886 3175 2037 3215 zonae
2067 3174 2197 3215 vero
2250 3174 2371 3229 qua:
2406 3158 2493 3214 bis
2527 3166 2656 3213 sunt
2699 3157 2979 3227 proximae,
3016 3165 3069 3211 et
3100 3156 3310 3211 medio-

89 3264 204 3315 τρως
236 3248 289 3302 δὲ
329 3248 586 3319 κείμεναι
620 3247 756 3320 πρὸς
786 3246 884 3319 τὴν
922 3245 1018 3300 τοῦ
1060 3247 1214 3319 ἡλίου
1257 3247 1510 3320 πάροδον,
1547 3248 1584 3300 el

1813 3256 1905 3307 iter
1930 3252 2122 3324 positae
2156 3251 2224 3306 ad
2259 3252 2397 3307 solis
2424 3265 2730 3313 accessum,
2763 3255 3080 3324 temperatas
3109 3262 3308 3303 vocan-

88 3355 248 3409 κρατοι
274 3341 599 3395 καλοῦνταιο
626 3342 974 3413 ἀφορίζονται
1016 3343 1073 3395 δὲ
1105 3343 1264 3396 αὑταὶ
1296 3342 1400 3395 ὑπὸ
1436 3341 1545 3396 τῶν
1575 3343 1583 3393 i

1815 3357 1859 3407 ’ς
1894 3322 2332 3395 determinantur
2352 3351 2531 3395 autem
2567 3339 2649 3393 ha:
2681 3353 2711 3392 a
2747 3338 2971 3394 circulis
3006 3322 3061 3391 in
3100 3336 3310 3392 mundo

88 3431 350 3505 τῷκόσμῳ
378 3433 657 3506 ἀρκτικῶν
701 3434 798 3486 καὶ
842 3434 1118 3504 τροπικῶν
1156 3434 1390 3497 κύκλων,
1430 3432 1583 3504 μεταξ

1809 3432 1959 3488 cticis
1984 3440 2038 3488 et
2056 3433 2441 3503 tropicis,cum
2463 3430 2609 3485 inter
2621 3445 2718 3484 eos
2736 3429 2847 3484 sint
2886 3428 3023 3484 sita.
3056 3426 3304 3498 Reliqua,

91 3523 305 3595 κείμεναι
331 3524 534 3579 αὐτῶν.
580 3525 644 3577 Ἦ
692 3525 749 3578 δὲ
792 3525 952 3596 λοιπὴ
1004 3524 1141 3596 μέση
1170 3524 1279 3577 τῶν
1305 3542 1586 3597 προειρημι

1815 3540 1857 3579 ιε
1880 3534 1964 3581 est
1990 3524 2167 3580 media
2211 3524 2621 3594 praedictarum,
2662 3529 2715 3578 et
2741 3522 2845 3577 sita
2886 3521 2990 3576 sub
3021 3518 3142 3591 ipso
3174 3519 3310 3573 solis

88 3634 191 3681 νων,
225 3620 449 3690 κειμένη
484 3618 541 3672 δὲ
575 3620 667 3671 ὑπ’
710 3619 879 3690 αὐτὴν
915 3618 1012 3689 τὴν
1054 3619 1148 3672 τοῦ
1182 3618 1332 3690 ἡλίου
1377 3618 1583 3689 πάροδο·

1816 3630 1986 3673 τοεευ.
2011 3613 2217 3670 torrida
2238 3622 2486 3680 vocatur;
2512 3621 2674 3683 atqrte
2694 3612 2808 3667 haec
2829 3627 2859 3666 a
2876 3611 3120 3666 terrestri
3140 3610 3311 3680 aequi-

87 3708 457 3781 διακεκαυμένη
503 3710 782 3764 καλεῖται·
837 3710 1196 3782 διχοωμείται
1244 3710 1301 3763 δὲ
1348 3709 1483 3781 αὐτὴ
1528 3711 1582 3763 ύτ

1815 3706 1959 3761 ctiali
1990 3706 2275 3776 aequaliter
2316 3713 2556 3767 secatur,
2608 3702 2700 3773 qui
2732 3703 2872 3757 situs
2902 3708 2986 3755 est
3016 3700 3120 3755 sub
3149 3715 3310 3754 inun—

89 3798 163 3850 τοῦ
193 3801 245 3852 ἐν
274 3805 340 3872 τῇ
375 3804 446 3873 τῇ
486 3801 800 3872 ἰσημερινοῦ
844 3801 1065 3865 κύκλου,
1095 3803 1153 3865 ὃς
1194 3805 1366 3855 κεῖται
1401 3802 1507 3854 ὑπὸ
1542 3802 1584 3853 τὲ

1815 3814 1879 3852 no
1905 3796 2273 3868 aequinoctiali
2308 3796 2533 3851 circulo.
2567 3793 2647 3848 Et
2669 3793 2985 3865 temperatis
3007 3789 3310 3847 zunisdua-

88 3891 133 3939 ἐν
172 3892 241 3963 τῷ
276 3894 468 3965 κόσμῳ
518 3893 829 3965 ἰσημερινὸν
876 3893 1091 3948 κύκλον.
1122 3894 1242 3946 Τὼν
1267 3894 1323 3947 δὲ
1354 3893 1583 3965 εὐκράτιι

1812 3906 1848 3946 lS
1878 3904 1997 3943 eam
2041 3904 2163 3959 qua:
2189 3898 2272 3943 est
2300 3889 2489 3951 borea,
2513 3901 2745 3957 quaaque
2775 3901 2803 3938 a
2835 3884 2993 3940 nobis
3010 3884 3307 3943 habitatur,

88 3984 163 4036 δύο
199 3986 376 4051 ζωνῶν
422 3986 524 4058 τὴν
561 3986 769 4057 βόρειον
813 3987 917 4040 ὑπὸ
962 3987 1069 4041 τῶν
1117 3988 1175 4040 ὲν
1218 3990 1283 4057 τῇ
1332 3988 1454 4041 καθ’
1488 3989 1583 4057 ἠμί

1818 3981 2003 4051 itiugit
2056 3981 2316 4045 habitari,
2373 3996 2498 4035 cum
2543 3981 2599 4033 in
2637 3977 3032 4049 longitudinem
3078 3977 3150 4032 sit
3196 3975 3313 4031 fere

90 4077 346 4152 οκουμένῃ
387 4075 655 4131 οἰκεῖσθαι
700 4075 1066 4147 ωμὸέὸηκεν,
1106 4076 1199 4129 ἐπὶ
1244 4079 1342 4148 μὲν
1374 4077 1436 4130 τὸ
1463 4081 1585 4148 μῆκι

1814 4072 1945 4127 0000
2018 4073 2343 4137 stadiorum,
2396 4073 2454 4127 in
2507 4068 2851 4125 latitudinem
2913 4067 3027 4122 fere
3079 4065 3309 4122 dimidio

91 4162 224 4220 οὖσαν
264 4170 339 4232 ώς
375 4168 602 4237 ἔγγιστα
635 4168 764 4239 περὶ
795 4168 925 4222 δέκα
954 4169 1218 4243 μυριάδας
1262 4169 1509 4235 σταδίων,
1541 4170 1633 4222 ἐπὶ
1734 4170 1965 4221 constet.

91 4257 132 4310 δὲ
156 4260 209 4313 τὸ
235 4261 430 4324 πλάτος
463 4259 540 4323 ὠς
573 4259 801 4329 ἔγγιστα
824 4260 883 4314 τὸ
912 4261 1103 4332 ἥμισυ.

577 4397 801 4451 ΚΕΦΔΛ
811 4399 972 4451 AION
1012 4399 1108 4454 II".

2318 4384 2545 4442 CAPUT
2582 4382 2720 4440 XIII.

600 4514 741 4581 Περὶ
782 4511 1092 4579 οἰκήσεων.
1665 4465 1711 4521 D

1665 4465 1711 4521 ι)
2255 4498 2334 4553 De
2359 4498 2793 4553 habitationibus.

148 4622 251 4676 Τῶν
288 4624 345 4679 δὲ
392 4627 488 4679 ἐπὶ
540 4625 645 4696 γῆς
697 4624 1088 4677 κατοικούντων
1141 4626 1190 4676 οἱ
1245 4623 1343 4693 μὲν
1392 4623 1639 4691 λέγονται

1815 4617 2011 4673 Eorum
2046 4615 2137 4685 qui
2180 4614 2235 4668 in
2272 4621 2419 4667 terra
2447 4610 2719 4674 habitant,
2758 4606 2849 4661 alii
2876 4606 3137 4660 dicuntur
3180 4619 3310 4675 syn-

100 4714 319 4781 πύνοικοι,
347 4720 395 4771 οἱ
431 4716 489 4770 δὲ
523 4716 812 4789 περίοικοι,
843 4717 889 4769 οἱ
918 4716 972 4768 δὲ
1024 4716 1281 4777 ἀντοικοι,
1308 4717 1356 4767 οἱ
1389 4715 1447 4767 δὲ
1488 4716 1595 4766 ἀντι

1816 4711 1864 4776 :i,
1906 4710 1996 4763 alii
2030 4705 2273 4777 perimci,
2306 4704 2399 4758 alii
2430 4704 2653 4765 autmcl,
2703 4700 2792 4754 alii
2818 4696 3124 4767 antipodes.
3167 4694 3311 4789 Syn-

98 4806 244 4871 t-xiec.
265 4808 509 4861 Σύνοικοι
535 4807 635 4878 μὲν
672 4803 765 4863 οὖν
796 4809 931 4860 εἰσιν
962 4808 1012 4859 οἱ
1054 4807 1181 4878 περὶ
1222 4806 1314 4859 τὸν
1357 4806 1520 4860 αὑτὸν
1547 4816 1593 4859 τι

1814 4804 1844 4858 :i
1887 4803 2053 4873 igitur
2090 4806 2220 4853 sunt
2247 4797 2341 4867 qui
2376 4796 2523 4851 circa
2563 4793 2812 4849 eumdem
2848 4792 3026 4844 locum
3065 4788 3309 4859 ejusdem

99 4916 176 4952 πον
202 4905 294 4973 τῆς
325 4903 498 4972 αὐτῆς
537 4900 714 4971 ζώνης
748 4900 1157 4965 κατοικοῦντεςο
1196 4901 1461 4973 περίοικοι
1494 4901 1550 4954 δὲ
1591 4926 1594 4945 ‹

1816 4909 1891 4949 nae
1918 4891 2200 4954 habitant;
2249 4887 2472 4958 perimci
2511 4900 2661 4951 vero,
2708 4883 2803 4954 qui
2846 4883 2900 4935 in
2939 4880 3127 4936 eadem
3174 4891 3311 4933 zona

162 4995 220 5064 τῇ
254 4994 387 5063 αὐτῇ
423 4990 577 5064 ζώνῃ
603 4991 788 5063 κύκλῳ
819 4992 1254 5063 περιοικοῦντες·
1302 4992 1538 5045 ἀντοικοι
1584 4993 1592 5041 ε

1830 4983 2060 5040 circuitu
2085 4978 2585 5042 circumluahitant;
2614 4975 2816 5029 antmci
2848 4987 3001 5035 vero,
3031 4972 3195 5041 quiin
3225 4985 3314 5026 ea-

99 5082 133 5133 ;i
154 5063 203 5136 ὲν
226 5088 287 5157 τῇ
318 5086 457 5156 αὐτῇ
490 5063 655 5154 νοτίῳ
682 5082 825 5155 ζώνη
857 5083 961 5136 ὑπὸ
1000 5083 1059 5136 τὺ
1106 5085 1240 5138 αὐτὸ
1287 5085 1594 5156 ἡμισφαίριι

1820 5093 1863 5130 m
1909 5073 2136 5129 australi
2172 5086 2309 5125 zona
2347 5071 2452 5126 sub
2492 5069 2683 5124 eodem
2722 5064 3106 5134 hemisphaerio
3159 5063 3315 5118 habi-

98 5155 472 5237 xazozxoﬁwegﬂ'
507 5171 790 5235 ἀντίποδες
823 5172 880 5224 δὲ
917 5173 967 5225 οἱ
1006 5174 1064 5225 ὲν
1096 5175 1160 5243 τῇ
1194 5172 1353 5242 νοτίῳ
1397 5155 1542 5244 ζώνη
1586 5174 1593 5223 i

1821 5177 1893 5234 ιι;
1931 5164 2219 5235 antipodes
2248 5177 2401 5226 vero,
2423 5162 2515 5232 qui
2553 5161 2607 5214 in
2641 5158 2869 5215 australi
2892 5172 3030 5211 zona
3062 5156 3119 5211 in
3145 5155 3316 5208 altero

99 5262 158 5331 τῷ
189 5264 348 5338 ἑτέρῳ
387 5264 736 5336 ἡμισφαιρίῳ
765 5263 1142 5327 κατοικοῦντες
1167 5263 1307 5317 κατὰ
1342 5264 1441 5336 τὴν
1468 5264 1594 5317 αὐτὶ

1820 5257 2129 5328 misplucrio
2167 5255 2439 5320 habitant,
2480 5252 2782 5310 secundum
2836 5250 3081 5306 eamdem
3119 5247 3315 5303 diame-

100 5352 353 5429 διάμετρον
373 5359 619 5429 κείμενοι
645 5360 709 5427 τῇ
739 5356 860 5410 καθ’
885 5359 1032 5428 ἡμᾶς
1060 5356 1354 5427 οἰκουμένῃ
1374 5374 1388 5387 ο
1438 5356 1518 5409 διὸ
1550 5373 1595 5410 κε

1819 5368 1887 5407 un
1912 5350 2073 5422 positi
2096 5363 2221 5403 cum
2236 5347 2517 5402 habitabili
2542 5354 2729 5401 nostra
2761 5353 2940 5409 terra;
2960 5340 3314 5412 quamobrem

102 5447 294 5519 γληνται
318 5448 626 5511 ἀντίποδες.
660 5448 884 5501 Πάντων
927 5447 1037 5517 γάρ
1078 5445 1186 5499 τῶν
1219 5446 1428 5517 βαρέων
1462 5448 1553 5500 ἐπὶ
1585 5463 1597 5493 η

1821 5442 1922 5497 cati
1946 5436 2395 5508 suntantipodes.
2416 5435 2556 5491 Cum
2579 5435 2727 5490 enim
2759 5434 2943 5489 omnia
2973 5430 3161 5501 gravia
3190 5439 3316 5481 ver-

102 5540 291 5614 κέντρον
322 5541 706 5605 συννευόντων,
737 5540 824 5594 διὰ
853 5540 912 5593 τὸ
936 5540 1026 5594 ἐπὶ
1063 5540 1226 5611 μέσον
1251 5533 1389 5594 εἶναι
1418 5539 1517 5609 τὴν
1547 5556 1597 5608 cpt

1822 5541 2114 5593 scentrum
2158 5539 2406 5603 vergant,
2430 5545 2496 5586 eo
2527 5526 2672 5599 quod
2721 5541 2916 5581 versus
2962 5520 3200 5577 medium
3241 5518 3317 5575 sit

161 5743 197 5773 “
226 5762 309 5813 γρ.
341 5744 619 5815 βλέπεται.
