3786 6344
467 281 572 337 855

1486 277 1831 333 APPENDIX
1868 277 1960 330 AD
1998 275 2266 332 EUSEBII
2301 277 2718 335 CHRONICON.

3594 282 3691 338 εδδ.

466 405 650 456 motus
683 411 995 468 corporum,
1030 397 1076 453 si
1125 397 1193 451 ab
1237 396 1416 466 aliqua
1466 396 1799 450 habitatione
1841 409 2009 449 earuu

2136 394 2236 465 ραν
2268 394 2377 449 τῶν
2406 397 2690 467 σωμάτων,
2722 395 2816 450 ἐὰν
2849 397 2956 452 ἀπό
2981 414 3127 462 τινος
3166 397 3428 469 οἰκήσεως
3464 395 3565 449 τῶν
3603 398 3677 449 ἐπὶ

467 502 590 557 qua:
638 495 769 541 sunt
802 488 857 541 iii
902 496 1093 542 nostro
1143 486 1275 541 orbe
1314 487 1595 541 habitabili
1664 487 1732 541 ad
1784 494 2033 542 centrum

466 585 631 633 terra:
661 578 991 648 adjungatur
1021 578 1200 647 aliQua
1228 584 1396 640 recta,
1449 586 1503 630 et
1533 575 1887 646 producatur,
1918 584 2032 629 tum

466 669 523 724 hi
550 670 796 739 qui'sunt
819 669 978 738 positi
1012 668 1312 723 secundum
1336 669 1730 721 extremitatem
1774 666 2032 722 diametri

467 760 525 814 in
555 761 776 815 australi
831 774 965 813 zona
1013 758 1146 812 ﬁunt
1180 758 1464 828 antipodes
1492 774 1680 814 eorum
1718 759 1810 829 qui
1855 758 1908 812 in
1937 758 2035 814 bo-

466 852 601 905 reali
633 865 769 905 zona
800 850 1065 904 habitant.

537 942 804 996 Dividitur
832 949 1008 995 autem
1053 948 1242 997 nostra
1277 950 1423 997 terra
1465 942 1782 998 habitabilis
1822 942 1875 995 in
1920 949 2034 997 tres

464 1042 666 1104 partes,
714 1032 919 1097 Asiam,
976 1032 1272 1102 Europam,
1322 1031 1572 1103 Lybiam.
1632 1033 1806 1103 Duplo
1851 1040 2030 1086 autem

463 1126 638 1195 major
667 1134 749 1181 est
777 1125 889 1179 fere
936 1123 1223 1193 longitudo
1270 1124 1588 1179 habitabilis
1642 1132 1804 1179 teme
1848 1124 2030 1177 latitu-

463 1216 590 1270 dine
620 1235 633 1270 :
661 1231 825 1285 quam
862 1215 933 1269 ob
985 1230 1209 1270 causam
1245 1216 1339 1285 qui
1385 1225 1782 1271 consentaneas
1832 1213 2030 1268 rationi

462 1316 621 1363 terra:
668 1307 1067 1378 descriptiones
1117 1308 1437 1369 instituunt,
1490 1308 1755 1378 oblongas
1813 1308 2030 1363 tabulas

461 1398 759 1465 adhibent;
790 1399 935 1469 quod
980 1398 1261 1468 longitudo
1310 1399 1476 1469 duplo
1507 1401 1580 1455 sit
1631 1400 1804 1469 major
1856 1400 2032 1453 latitu-

460 1491 607 1546 dine.
635 1492 739 1558 Qui
774 1508 902 1547 vero
930 1502 1089 1548 terra:
1145 1493 1545 1562 descriptiones
1576 1492 1807 1547 rotunda
1859 1492 2027 1560 ﬁgura

459 1582 689 1646 faciunt,
723 1584 954 1638 multum
987 1586 1249 1640 aberrant
1280 1600 1310 1637 a
1353 1600 1512 1650 vero;
1541 1584 1769 1653 aequalis
1796 1584 1938 1637 enim
1973 1584 2030 1637 ﬁt

456 1673 742 1743 icngitudo
799 1673 1111 1736 latitudini;
1163 1675 1306 1743 quod
1378 1682 1577 1728 natura
1626 1687 1734 1727 non
1800 1674 2024 1742 patitur.

2134 489 2200 557 τῇ
2230 487 2355 541 καθ’
2382 490 2529 559 ἡμᾶς
2551 490 2839 560 οἰκουμένῃ
2868 491 2961 544 ἐπὶ
2990 490 3053 543 τὸ
3078 489 3297 561 κέντρον
3322 489 3423 559 τῆς
3451 489 3548 559 γῆς
3572 490 3677 541 ἑπι-

2135 575 2332 649 ξευχθῇ
2367 595 2452 641 τις
2484 578 2687 645 εὐθεῖα,
2718 580 2811 633 καὶ
2864 581 3126 654 ἐκϐληθῇ,
3155 583 3203 634 ot
3250 580 3393 634 κατὰ
3432 580 3493 633 τὸ
3530 580 3676 651 πέρας

2134 666 2374 736 κείμενοι
2405 667 2504 737 τῆς
2542 667 2831 741 διαμέτρου
2861 672 2917 722 ὲν
2953 674 3022 743 τῇ
3057 669 3214 740 νοτίῳ
3246 668 3391 742 ζώνῃ
3424 668 3677 734 ἀντίπώες

2133 758 2372 826 γίνονται
2396 759 2505 814 τῶν
2532 763 2590 813 ἐν
2614 765 2679 832 τῇ
2705 761 2898 835 βορείῳ
2925 762 3072 836 ζώνῃ
3093 763 3505 817 κατοικούντων.

2202 942 2501 1011 Διαιρεῖται
2552 938 2609 991 δὲ
2662 940 2695 1010 ἡ
2746 939 2865 992 καθ’
2895 940 3043 1009 ἡμᾶς
3090 936 3378 1007 οἰκουμένη
3429 936 3508 998 είς
3556 933 3675 1005 μέρη

2131 1030 2278 1102 τρία,
2326 1029 2530 1092 Ἀσίαν,
2560 1028 2848 1100 Εὐρώπην,
2880 1027 3109 1099 Λιϐύην.
3150 1027 3439 1080 Διπλάσιον
3468 1024 3522 1077 δέ
3551 1027 3677 1077 ἐστιν

2131 1121 2207 1184 ὡς
2234 1120 2461 1189 ἔγγιστα
2492 1120 2553 1174 τὸ
2581 1121 2752 1192 μῆκος
2781 1121 2881 1190 τῆς
2920 1120 3248 1191 οἰκουμένης
3284 1117 3379 1171 τοῦ
3429 1114 3672 1179 πλάτουςο

2129 1211 2197 1264 δι’
2226 1212 2293 1282 ἣν
2330 1211 2510 1264 αἰτίαν
2553 1213 2601 1264 οἱ
2632 1211 2771 1264 κατὰ
2806 1209 2962 1279 λόγον
3000 1211 3303 1282 γράφοντες
3328 1208 3426 1272 τὰς
3451 1223 3675 1279 γεωγρα-

2132 1304 2258 1373 φίας
2287 1305 2346 1358 ὲν
2375 1303 2555 1368 πίναξι
2587 1302 2853 1374 γράφουσι
2882 1304 3289 1376 παραμήκεσιν,
3318 1301 3394 1365 ὡς
3425 1300 3676 1354 διπλάσιον

2130 1391 2269 1449 εἶναι
2295 1396 2356 1448 τὸ
2384 1396 2556 1467 μῆκος
2587 1395 2679 1448 τοῦ
2713 1396 2965 1459 πλάτους.
2993 1398 3056 1449 Οί
3101 1395 3159 1448 δὲ
3201 1392 3533 1466 στρογγύλας
3559 1392 3677 1463 γρά-

2130 1504 2319 1555 φοντες
2348 1490 2447 1550 τὰς
2476 1488 2823 1559 γεωγραφίας
2866 1488 2998 1541 πολὺ
3041 1487 3138 1557 τῆς
3178 1485 3435 1558 ἀληθείας
3465 1485 3565 1539 εἰσὶ
3592 1495 3685 1537 τις-ε

2128 1577 2459 1647 πλανημένοι
2482 1594 2494 1605 ο
2535 1578 2646 1630 ἴσον
2692 1577 2799 1649 γὰρ
2828 1576 3037 1646 γίνεται
3068 1576 3128 1629 τὸ
3158 1576 3332 1646 μῆκος
3361 1576 3438 1645 τῷ
3471 1574 3674 1627 πλάτει*

2127 1666 2265 1738 ὅπερ
2291 1669 2390 1720 οὐκ
2419 1667 2564 1721 ἔστιν
2593 1668 2650 1719 ἐν
2680 1670 2746 1738 τῇ
2771 1667 2947 1736 φύσει.
2994 1666 3230 1736 Ἀνάγκη
3273 1664 3367 1720 οὖν
3407 1666 3480 1737 μὴ
3516 1668 3679 1737 τηρεῖ-

456 1760 693 1817 Neccsse
727 1763 896 1832 igitur
924 1772 1028 1825 est,
1061 1770 1122 1815 ut
1165 1778 1273 1815 non
1318 1772 1602 1817 serventur
1643 1761 2009 1816 distantiarun

2131 1758 2253 1812 σθαι
2299 1757 2396 1821 τὰς
2434 1759 2525 1811 ἐπὶ
2562 1758 2941 1829 διαστημάτων
2970 1758 3314 1830 συμμετρίας
3342 1757 3447 1821 τὰς
3482 1758 3537 1809 ἐν
3575 1759 3678 1818 ταῖς

456 1856 896 1908 mensurationes
953 1855 1008 1907 in
1060 1854 1313 1908 rotundis
1370 1854 1860 1924 descriptionibus.
1928 1852 2025 1909 Se-

456 1952 737 2015 gmentum
764 1947 909 1999 enim
940 1946 1213 2015 quoddam
1236 1953 1319 2000 est
1350 1947 1576 2016 Spharrze
1596 1962 1723 2015 pars
1754 1946 2025 2001 terrmha-

457 2034 652 2098 bitata,
680 2048 802 2104 qua:
832 2034 1221 2106 longitudinem
1251 2035 1416 2105 duplo
1447 2036 1607 2090 habet
1639 2036 1901 2104 majorem
1945 2037 2025 2089 la—

459 2124 866 2195 titudinc,quod
885 2134 1222 2196 segmentum
1250 2143 1356 2182 non
1376 2135 1553 2197 potest
1581 2126 1826 2181 abscindi
1844 2127 2022 2182 circuc

457 2217 671 2271 laritcr.
708 2218 963 2272 Dimenso
989 2226 1169 2272 autem
1197 2219 1432 2272 maximo
1449 2218 1656 2272 circulo
1685 2218 1793 2288 30
1809 2233 2021 2283 eorum,

456 2310 548 2377 qui
574 2315 702 2361 sunt
724 2307 779 2361 in
812 2316 959 2363 terra
986 2307 1285 2363 secundum
1318 2309 1678 2363 meridianum
1726 2309 1937 2373 mundi,
1966 2318 2023 2364 et

454 2399 674 2454 invento
705 2399 1008 2470 myriadum
1039 2400 1130 2466 25,
1155 2401 1539 2456 etstadiorum
1561 2400 1702 2455 2000
1722 2419 1737 2465 ;
1756 2400 2021 2455 diametro

451 2506 581 2546 vero
610 2491 914 2563 myriadum
945 2491 999 2553 8,
1034 2500 1087 2547 ct
1135 2492 1441 2546 stadiorum
1482 2491 1820 2557 £15;diviso
1838 2499 2019 2546 autem

450 2583 752 2638 meridiano
776 2583 986 2638 circulo
1025 2584 1078 2637 in
1116 2591 1297 2653 partes
1319 2583 1410 2646 60.
1451 2590 1680 2638 vocatur
1724 2600 1895 2639 unum
1932 2600 2020 2639 se-

450 2683 724 2743 gmentum
744 2677 1162 2746 sexagesimum,
1195 2676 1341 2745 quod
1369 2683 1454 2731 εει
1474 2676 1634 2730 4200.
1663 2675 1719 2730 Si
1759 2676 1905 2731 enim
1936 2675 2022 2729 di-

448 2764 708 2819 viduntur
735 2765 808 2819 23
829 2766 1123 2835 myriadcs,
1155 2777 1208 2820 et
1233 2768 1374 2822 2000
1411 2766 1587 2822 stadia
1616 2767 1670 2820 in
1707 2776 1891 2835 partes
1926 2768 2017 2830 60,

448 2855 507 2910 ﬁt
538 2858 934 2927 sexagesimum
966 2857 1124 2912 4200.
1156 2856 1437 2914 Distantia:
1458 2860 1624 2929 igitur
1670 2859 1811 2913 inter
1852 2876 2019 2919 zonas

447 2948 552 3012 hoc
581 2954 739 3004 modo
767 2958 895 3004 sunt
920 2950 1178 3006 deﬁnitae.
1215 2950 1555 3021 Frigidarum
1596 2952 1814 3021 quidem
1854 2969 2021 3009 zona-

448 3057 570 3095 rum
594 3042 823 3097 duarum
850 3043 1080 3098 latitudo
1114 3045 1405 3114 utriusque
1435 3058 1623 3098 earum
1665 3051 1749 3099 est
1790 3060 2016 3118 sexage-
2042 3080 2088 3145 ο

449 3133 713 3187 simorum
748 3132 803 3199 6,
828 3150 949 3204 quae
976 3141 1104 3188 sunt
1132 3134 1305 3189 stadia
1341 3133 1553 3200 25200;
1592 3143 2014 3205 temperaturum

446 3239 578 3279 vero
606 3239 869 3279 zonarum
898 3225 1127 3280 latitudo
1159 3226 1445 3295 utriusque
1476 3240 1663 3281 carum
1692 3234 1776 3282 est
1799 3242 2021 3298 sexage:

447 3316 711 3371 simorum
740 3307 795 3378 5,
832 3332 952 3388 quae
972 3317 1194 3373 iaciunt
1216 3317 1390 3373 stadia
1418 3317 1624 3385 21000;
1657 3318 1876 3373 torrid-.e
1905 3335 2010 3374 ,ιο-

446 3421 530 3460 me
562 3406 789 3460 latitudo
815 3413 900 3460 est
941 3407 1400 3477 sexagesimorum
1437 3406 1490 3463 8.
1522 3406 1707 3477 Itaque
1742 3407 1812 3462 ab
1841 3411 2012 3479 aequi-

446 3498 665 3552 noctiali
703 3513 896 3553 versus
941 3506 1225 3568 utramque
1264 3507 1472 3569 partem
1514 3515 1689 3569 usque
1735 3500 1801 3555 ad
1842 3501 2012 3571 tropi-

444 3605 541 3644 cos
571 3597 698 3645 sunt
721 3590 1056 3659 sexagesima
1083 3589 1137 3650 4,
1190 3605 1310 3659 quae
1351 3589 1555 3644 faciunt
1595 3590 1771 3645 stadia
1811 3591 2007 3645 16800.

446 3678 587 3733 Sunt
612 3679 779 3749 igitur
826 3693 855 3730 a
884 3678 1007 3747 polo
1052 3677 1146 3747 qui
1194 3679 1363 3733 estin
1396 3686 1561 3743 terra,
1602 3680 1695 3748 qui
1735 3680 1875 3735 situs
1925 3688 2009 3736 est

512 3812 558 3844 ⁸⁷
580 3812 687 3866 Pro
716 3819 812 3865 υιε¹
836 3820 942 3867 vet.
976 3812 1138 3865 habet
1165 3810 1227 3864 δ’.

517 3946 627 4021 (ei)
678 3948 1246 4021 Ἂναμεμετρημένου
1279 3951 1347 4005 δὲ
1388 3952 1492 4005 τοῦ
1520 3953 1828 4021 μεγίστου.
1878 3954 2007 4007 Era-

444 4019 728 4073 tosthenea
752 4028 835 4073 est
866 4020 978 4073 haec
1013 4020 1278 4075 dimensio
1312 4019 1531 4075 maximi
1569 4019 1786 4087 circuli,
1817 4032 1875 4076 ut
1904 4040 2006 4075 au-

441 4098 560 4142 ctor
588 4097 672 4143 est
719 4088 913 4162 Strabo
961 4090 1068 4162 lib.
1092 4107 1151 4150 ιι,
1191 4099 1245 4144 et
1271 4091 1481 4144 Plinius
1516 4092 1606 4145 lib.
1637 4108 1694 4153 ιι,
1727 4108 1848 4162 cap.
1879 4095 2003 4159 108,

440 4173 603 4228 quam
636 4159 938 4214 stadiorum
971 4160 1185 4215 252000
1223 4177 1538 4215 mensuram
1575 4159 1816 4215 Romana
1851 4179 2004 4218 com-

440 4231 724 4298 putatione
780 4228 912 4285 dicit
962 4230 1174 4287 eﬁicerc
1221 4233 1534 4293 trecenties,
1588 4240 1643 4285 et
1684 4232 2003 4300 quindecies

438 4306 665 4370 centena
697 4300 863 4352 millia
900 4315 1180 4368 passuum.
1227 4302 1370 4370 quod
1404 4310 1469 4370 et
1493 4316 1681 4353 verum
1721 4315 1823 4355 est.
1867 4302 1999 4355 Nam

439 4369 675 4423 stadium
717 4384 856 4423 cxxv
892 4371 1146 4438 passibus
1174 4369 1411 4425 constat.
1448 4369 1684 4424 Proinde
1709 4372 1753 4423 si
1786 4372 1999 4427 252000

2127 1848 2475 1919 στρογγύλοις
2519 1850 2909 1920 γεωγραφίαις.
2957 1850 3256 1922 Ἐκτμημά
3310 1866 3363 1903 τι
3414 1848 3521 1920 γάρ
3576 1850 3676 1902 ἐστι

2127 1938 2358 2008 σφαίρας
2410 1938 2470 1991 τὸ
2504 1938 2816 2007 οίκούμενον
2871 1938 3037 2011 μέρος
3083 1941 3181 2010 τῆς
3227 1940 3331 2010 γῆς
3356 1978 3371 2001 ,
3421 1938 3677 1993 διπλάσιον

2124 2028 2244 2099 ἔχον
2283 2029 2343 2081 τὸ
2390 2029 2564 2100 μῆκος
2600 2029 2693 2082 τοῦ
2729 2030 2983 2095 πλάτους,
3028 2032 3164 2102 ὅπερ
3201 2031 3261 2084 οὐ
3296 2031 3516 2085 δύναται
3560 2031 3679 2084 ἀπο-

2121 2120 2543 2192 τερματίζεσθαι
2574 2121 2775 2193 κύκλῳ.
2819 2122 3368 2194 ’Λναμεμετρημένου
3397 2123 3453 2175 δὲ
3478 2120 3567 2176 τοῦ
3597 2139 3679 2193 με·

2123 2214 2310 2281 γίστου
2338 2213 2449 2282 (44)
2478 2213 2678 2267 κύκλου
2725 2213 2833 2267 τῶν
2873 2214 2933 2268 ὲν
2983 2217 3050 2286 τῇ
3103 2218 3174 2286 γῇ
3220 2213 3364 2268 κατὰ
3405 2216 3495 2267 τὸν
3527 2217 3582 2267 ἐν
3613 2213 3679 2283 τῷ

2122 2304 2313 2375 κόσμῳ
2361 2304 2747 2376 μεσημϐρινὸν,
2804 2307 2897 2359 καὶ
2945 2306 3246 2378 εὑρημένου
3302 2306 3573 2378 μυριάδων
3612 2309 3677 2358 κε’

2123 2396 2216 2449 καὶ
2246 2397 2473 2451 σταδίων
2495 2397 2563 2469 ⁴β,
2596 2399 2691 2469 τῆς
2714 2399 3002 2471 δ.αμέτρου
3036 2400 3310 2470 μυριάδων
3343 2398 3413 2470 η’,
3441 2399 3534 2452 καὶ
3563 2397 3677 2450 στά-

2120 2484 2247 2539 δίων
2275 2488 2455 2539 υιε¹⁵⁷’
2502 2488 2877 2559 διαιρουμένου
2931 2505 2990 2541 τε
3053 2489 3146 2542 τοῦ
3185 2486 3676 2560 μεσημϐρινοί]μῶ

2121 2575 2319 2629 κύκλου
2349 2578 2428 2641 εἰς
2458 2578 2598 2650 μέρη
2624 2577 2688 2645 ξ’,
2719 2578 2961 2633 καλεῖται
2986 2580 3046 2633 τὸ
3072 2579 3129 2633 ἓν
3144 2579 3339 2651 τμῆμα
3370 2579 3676 2650 ἑξηκοστόν·

2119 2665 2149 2718 ὅ
2185 2666 2391 2734 γίνεται
2428 2667 2517 2731 ,ὄπτ’
2551 2668 2758 2722 στάδια.
2804 2670 2927 2722 Ἐὰν
2974 2669 3082 2740 γὰρ
3128 2668 3459 2741 μερισῦὦσιν
3509 2670 3563 2721 αἱ
3610 2664 3677 2719 κε’

2123 2759 2379 2829 μυριάδες
2414 2760 2508 2812 καὶ
2555 2759 2622 2812 τὰ
2671 2759 2715 2829 ,β
2758 2760 2944 2814 στάδια
2995 2763 3073 2823 εἰς
3118 2760 3256 2832 μέρη
3301 2760 3363 2825 ξ’,
3397 2759 3599 2828 γίνεται
3626 2759 3677 2810 τὸ

2121 2849 2407 2920 ἑξηκοστὸν
2460 2851 2685 2904 σταδίων
2723 2851 2830 2923 ,δσῖ
2862 2852 3048 2904 Ἔστιν
3088 2848 3180 2903 οὗν
3226 2851 3295 2904 τὰ
3346 2848 3547 2921 μεταξὺ
3581 2848 3677 2901 τῶν

2121 2941 2303 3007 ζωνῶν
2334 2943 2675 3015 διαστήματα
2716 2946 2899 2999 τοῦτον
2933 2944 3293 3016 ἀφωρισμὲνα
3339 2945 3429 2997 τὸν
3468 2944 3675 3015 τρόπον.

2119 3034 2239 3087 Τῶν
2268 3034 2368 3105 μὲν
2391 3036 2815 3108 κατεψυγμένων
2844 3036 3028 3102 ζωνῶν
3064 3036 3157 3090 δύο
3179 3037 3241 3107 τὸ
3274 3036 3474 3099 πλάτος
3499 3036 3676 3088 ἑκατέ-

2123 3143 2222 3197 ρας
2283 3126 2459 3180 αύτῶν
2508 3128 2811 3200 ἑξηκοττῶν
2866 3129 2940 3194 ς’,
2987 3129 3130 3203 ᾇπερ
3192 3128 3300 3181 sici
3349 3128 3549 3182 στάδιοι
3588 3127 3679 3199 μὲν

2120 3225 2265 3282 ,κεση
2289 3220 2395 3272 τῶν
2416 3222 2471 3275 δὲ
2501 3223 2780 3296 εύκράτων
2800 3222 2892 3277 δύο
2911 3222 3097 3287 ζωνῶν
3116 3222 3179 3275 τὸ
3203 3222 3403 3287 πλάτος
3426 3222 3677 3292 ἑκατέρας

2118 3311 2296 3364 αὐτῶν
2320 3312 2625 3383 ὲξηκοστῶν
2654 3321 2714 3379 ε’,
2746 3313 2785 3367 ἃ
2815 3313 3022 3381 γίνεται
3057 3313 3258 3367 στάδιοι
3289 3314 3387 3385 μὲν
3415 3320 3511 3378 ,κα’
3530 3330 3544 3343 ’
3586 3312 3677 3381 τῆς

2117 3402 2173 3455 δὲ
2220 3401 2653 3475 διακεκαυμένης
2690 3404 2865 3475 ζώνης
2903 3405 2964 3458 τὸ
3003 3405 3205 3467 πλάτος
3258 3404 3560 3474 ὲξηκοστῶν
3599 3400 3675 3473 η’·

2117 3492 2257 3549 ὥστε
2286 3497 2391 3549 ἀπὸ
2416 3496 2508 3551 τοῦ
2538 3498 2851 3571 ἰσημερινοῦ
2881 3501 2964 3567 ἐφ’
2990 3499 3226 3571 ἑκάτερα
3259 3498 3395 3567 πρὸς
3419 3498 3542 3560 τοὺς
3569 3512 3677 3567 τρο-

2116 3589 2311 3653 πικοὺς
2341 3588 2605 3660 ἑξηκοστὰ
2631 3587 2767 3643 εἶναι
2794 3590 2856 3650 δ’,
2884 3590 2920 3644 ἃ
2946 3591 3154 3660 γίνεται
3178 3589 3373 3644 στάδια
3396 3586 3504 3660 μὲν
3525 3593 3673 3653 ,ιςω¹.

2116 3682 2359 3735 Γίνονται
2392 3678 2484 3735 οὗν
2514 3682 2621 3735 ἀπὸ
2656 3683 2754 3752 μὲν
2796 3682 2887 3735 τοῦ
2937 3682 3097 3735 πόλου
3144 3680 3238 3735 τοῦ
3287 3683 3347 3734 ὲν
3392 3683 3461 3752 τῇ
3497 3683 3584 3751 γῇ,
3621 3679 3675 3742 ὃς

2114 3950 2565 4005 circumferentia
2593 3952 2782 4006 circuli
2806 3952 3029 4006 maximi
3052 3952 3108 4005 in
3139 3949 3485 4007 Sciotherico
3508 3949 3674 4004 tribu-

2114 4030 2227 4075 tum
2266 4032 2489 4075 auctore
2520 4024 2612 4075 illo
2647 4024 2836 4074 fuisse.
3384 4057 3390 4061 .
3498 4056 3508 4065 .

2186 4090 2381 4144 Strabo
2412 4093 2529 4144 loco
2560 4092 2729 4145 citato
2765 4091 3133 4161 Hipparchum
3166 4091 3243 4145 ait
3273 4090 3524 4146 eumdem
3553 4106 3671 4147 cum

2112 4160 2471 4230 Eratosuiene
2507 4170 2665 4215 terra:
2694 4162 2986 4215 circuitum
3020 4162 3346 4230 sumpsisse,
3378 4164 3670 4217 stadiorum

2110 4230 2345 4285 252000.
2372 4229 2581 4285 Plinius
2613 4248 2743 4285 vero
2772 4231 3044 4297 adiecisse
3068 4229 3221 4284 illum
3248 4234 3448 4286 asserit
3464 4233 3528 4284 ad
3551 4229 3674 4285 Era-

2110 4301 2383 4354 tosthenis
2412 4316 2725 4355 mensuram
2750 4302 2913 4370 paulo
2939 4303 3121 4355 minus
3153 4303 3456 4355 stadiorum
3479 4301 3667 4357 25000.

2109 4369 2226 4436 Qua
2258 4371 2465 4424 ratione
2500 4369 2768 4424 maximus
2800 4372 3044 4424 circulus
3073 4373 3178 4426 erit
3211 4371 3354 4425 stad.
3389 4372 3618 4427 277000.

439 4454 534 4508 per
569 4430 1053 4512 l25ﬂmultip'lices.
1096 4441 1221 4512 lient
1242 4441 1529 4512 51500000
1569 4456 1849 4510 passuum,
1876 4459 1997 4512 qua:
2031 4430 2077 4487 ι)
2120 4430 2155 4436 Ὗ
2176 4438 2245 4512 Ut
2270 4439 2338 4492 ad
2380 4440 2664 4512 Geminum
2705 4449 2955 4512 nostrum
2998 4442 3214 4495 redeam
3237 4480 3251 4502 ,
3279 4457 3410 4495 cum
3440 4442 3488 4495 is
3517 4450 3671 4497 terra!

439 4516 567 4581 sunt
589 4510 962 4581 milliariogum
994 4511 1192 4565 51500.
1224 4510 1294 4563 At
1318 4512 1645 4581 Cleomedes
1677 4512 1769 4564 lib.
1797 4526 1836 4571 ι,
1870 4510 1991 4581 cap.

439 4579 527 4641 10,
559 4578 725 4633 refert
749 4580 818 4633 ab
854 4579 1209 4634 Eratosthene
1232 4580 1513 4634 deﬁnitum
1545 4597 1668 4635 esse
1693 4588 1853 4635 terrae
1879 4578 1996 4634 am-

436 4649 609 4720 bitum
648 4648 862 4703 250000
904 4651 1246 4704 stadiorum:
1285 4657 1339 4704 et
1369 4664 1473 4717 qua
1514 4649 1769 4703 methodo
1800 4652 1996 4720 deprc—

439 4718 641 4771 hensus
687 4721 759 4772 sit
798 4721 991 4773 modus
1038 4722 1147 4783 ille,
1198 4720 1499 4775 describit.
1541 4721 1796 4774 nimirum
1835 4718 1898 4774 ex
1930 4738 1996 4775 eo

434 4789 579 4856 quod
614 4791 861 4859 angulus,
892 4791 983 4858 qui
1027 4803 1301 4859 gnomone
1323 4796 1377 4842 et
1407 4788 1561 4842 radio
1590 4791 1723 4845 solis
1760 4792 1995 4845 includi-

436 4867 527 4910 tur
560 4858 927 4922 Alesandrite,
963 4864 1078 4911 sole
1122 4859 1176 4911 in
1209 4858 1406 4911 Cancri
1441 4860 1651 4927 tropico
1693 4861 1995 4914 meridiano

436 4936 679 4997 tempore
713 4931 839 4988 sito,
875 4942 1002 4997 pars
1035 4935 1118 4979 est
1152 4929 1601 4997 quinquagesima
1643 4937 1879 4997 quatuor
1911 4947 1995 4985 re-

434 5007 672 5056 ctorum.
720 5006 780 5050 ut
824 5006 878 5051 et
924 4997 1229 5065 peripheria
1262 5000 1451 5051 circuli
1490 5000 1542 5051 iu
1579 5000 1861 5066 horologio
1893 5001 1991 5055 de-

435 5068 650 5137 scripti,
685 5069 770 5120 cui
807 5068 897 5120 ille
930 5068 1162 5128 angulus
1195 5067 1416 5131 insistit,
1452 5084 1579 5137 pars
1617 5081 1699 5122 est
1724 5072 1995 5137 quinqua—

432 5137 868 5208 gesimacirculi
904 5137 1311 5208 totius._Quare
1354 5153 1478 5192 cum
1517 5136 1732 5208 Syenen
1769 5141 1909 5192 inter
1939 5150 1994 5193 et

432 5203 836 5268 Alexandriam,
876 5221 996 5273 qua:
1034 5206 1136 5259 sub
1163 5209 1351 5260 eodem
1389 5203 1689 5260 meridiano
1721 5218 1872 5270 sunt,
1910 5210 1996 5262 in-

432 5274 720 5348 tervallum
749 5275 817 5348 sit
841 5276 1083 5343 quinque
1110 5277 1337 5348 millium
1368 5277 1668 5331 stadiorum
1705 5296 1718 5330 :
1755 5294 1877 5348 ιιιιιε
1903 5288 1989 5334 εει

432 5343 880 5412 quinquagesima
915 5358 1040 5411 pars
1070 5346 1304 5401 ambitus
1335 5356 1492 5400 terra:
1528 5366 1540 5401 :
1570 5355 1721 5399 totus
1754 5343 1993 5403 ambitus

430 5413 643 5487 250000
668 5413 964 5465 stadiorum
986 5415 1231 5487 coﬂiget.
1263 5415 1459 5470 Verum
1490 5431 1613 5469 cum
1645 5424 1722 5469 tot
1749 5421 1993 5487 antiquis

432 5483 667 5535 testibus
694 5490 907 5536 (onstet
948 5486 1015 5535 ab
1059 5483 1416 5540 Eratosthene
1462 5501 1773 5539 mensuram
1820 5483 1990 5549 illam.

432 5565 593 5626 quam
625 5550 882 5626 diximus,
920 5555 1125 5626 terreni
1167 5557 1405 5608 ambitus
1439 5570 1562 5609 esse
1593 5557 1988 5626 perscriptum;

429 5620 645 5695 videtur
678 5621 837 5688 paulo
883 5624 1001 5690 plus
1046 5626 1498 5695 quinquagesima
1548 5620 1699 5695 parte
1743 5620 1853 5679 tam
1896 5620 1995 5681 an-

431 5691 575 5757 gelo,
625 5706 782 5759 quem
836 5691 1078 5760 gnomon
1122 5691 1246 5748 cuin
1287 5691 1441 5748 radio
1492 5691 1772 5758 continet,
1828 5712 1990 5765 quam

2097 4511 2364 4563 ambitum
2400 4526 2465 4565 ex
2506 4509 2884 4565 Eratosthenis
2932 4512 3199 4566 sententia
3259 4513 3669 4566 circumscribat

2099 4580 2403 4633 stadiorum
2437 4579 2673 4640 252000,
2714 4580 2911 4634 falsum
2946 4592 3030 4635 cst
3059 4580 3203 4649 quod
3248 4597 3318 4639 ex
3367 4596 3434 4634 eo
3483 4597 3669 4637 consc—

2096 4665 2272 4718 quens
2302 4650 2449 4707 facit.
2493 4652 2819 4704 diametrum
2852 4663 3103 4704 constare
3138 4650 3281 4705 stad.
3311 4651 3510 4706 80415.
3541 4650 3666 4705 Nam

2096 4736 2219 4772 cum
2246 4734 2311 4773 ea
2343 4722 2484 4772 ratio
2514 4721 2586 4773 sil.
2611 4721 2862 4774 diametri
2893 4720 2960 4773 ad
2984 4721 3268 4784 ambitum,
3296 4736 3421 4789 qua:
3444 4731 3527 4775 est
3551 4722 3582 4773 7
3607 4721 3666 4773 ad

2094 4788 2165 4910 22
2198 4802 2212 4843 :
2246 4798 2460 4859 oportet
2491 4790 2813 4844 diametrum
2841 4799 2998 4844 terra:
3027 4791 3284 4862 colligere
3316 4788 3465 4845 Stud.
3499 4791 3668 4845 80182

2118 4874 2230 4910 ere.

2118 4874 2230 4913 ere.

2170 4928 2283 4998 (45)
2320 4928 2741 4998 Διαιρουμένου
2774 4928 2841 4982 δὲ
2877 4929 2982 4982 τοῦ
3013 4930 3446 4999 μεσημϐρινοῦ.
3487 4930 3669 4985 Circu-

2097 4998 2207 5051 lum
2245 5009 2457 5053 veteres
2506 5000 2806 5054 astronomi
2858 5000 2912 5053 in
2958 5010 3138 5068 partes
3169 4998 3458 5069 Sexaginta
3487 5001 3669 5056 distri-

2096 5069 2353 5129 btterunt,
2390 5078 2446 5122 ut
2476 5084 2640 5139 supra
2676 5070 2934 5122 diximus.
2967 5070 3043 5122 Ita
3083 5074 3442 5139 sexagesima
3475 5072 3667 5139 cuique

2097 5141 2240 5210 parti
2270 5148 2587 5207 competunt
2609 5139 2785 5191 stadia
2811 5139 2971 5193 4200.
3009 5139 3164 5203 Quod
3191 5142 3236 5193 si
3264 5141 3319 5193 in
3354 5141 3465 5194 560
3492 5153 3666 5210 partes

2095 5209 2371 5278 dividatur
2403 5210 2679 5270 circulus,
2733 5224 2860 5278 pars
2908 5211 3163 5278 quaelibet
3205 5210 3388 5264 stadia
3434 5209 3666 5278 postulat

2100 5277 2220 5332 700.
2248 5276 2383 5333 Vide
2412 5279 2676 5333 Achillem
2712 5276 2940 5332 Tatium
2958 5282 3107 5348 lsag.
3140 5294 3265 5349 cap.
3298 5280 3392 5349 29.
3423 5276 3543 5335 1am
3568 5282 3666 5333 hoc

2097 5350 2503 5410 admonuimus,
2553 5349 2950 5403 dimensionem
3004 5350 3159 5403 istam
3210 5348 3278 5401 ad
3333 5348 3667 5404 Rhodiacum

2096 5417 2329 5488 ἕγκλιμα
2388 5419 2602 5481 rel‘erri,
2646 5418 2697 5469 iu
2735 5434 2843 5488 quo
2887 5419 3294 5488 semidiameter
3333 5421 3525 5475 arctici
3564 5422 3670 5474 cir-

2096 5490 2205 5541 culi
2253 5486 2515 5557 graduum
2553 5498 2639 5543 εει
2669 5486 2765 5542 56.
2806 5489 2942 5541 llinc
2972 5492 3134 5541 etiam
3185 5486 3443 5558 frigidam
3480 5505 3665 5545 zonam

2096 5558 2284 5611 deﬁnit
2314 5561 2521 5614 arctico
2552 5561 2760 5612 circulo
2784 5559 2931 5612 illius
2955 5560 3056 5612 loci
3095 5564 3356 5626 proprio:
3384 5570 3445 5614 ιιι
3472 5560 3669 5629 quibus

2097 5629 2252 5694 polus
2294 5630 2553 5697 gradibus
2581 5628 2648 5682 54
2668 5668 2683 5689 ,
2712 5646 2775 5683 ac
2804 5629 3063 5696 deinceps
3096 5630 3350 5695 pluribus
3378 5628 3667 5692 attollitur,

2099 5697 2294 5768 frigida
2320 5700 2373 5752 iu
2398 5714 2534 5754 zona
2558 5714 2681 5754 esse
2701 5708 3048 5763 censeantur,
3071 5697 3218 5769 quod
3239 5707 3325 5753 est
3348 5700 3667 5756 absurdum.
