3786 6316
103 291 189 345 837
449 281 457 289 ’
1096 288 1333 344 GEMINI
1375 286 1745 343 ELEMENT-A
1785 285 2282 343 ASTRONOMLE.

3207 281 3312 338 838

102 413 251 464 κεῖται
276 407 417 463 κατὰ
446 408 539 461 τὸν
577 409 635 461 ὲν
678 406 755 477 τῷ
803 406 990 477 κόσμῳ
1029 407 1211 469 πόλον,
1258 408 1417 479 μέχρι
1453 406 1547 461 τοῦ
1580 409 1637 460 ὲν

1743 407 1846 460 sub
1894 406 2020 477 polo
2055 405 2265 470 mundi,
2301 418 2472 473 usque
2500 401 2569 456 ad
2611 400 2875 457 circulum
2918 399 3181 455 arcticum
3220 401 3315 471 qui

99 504 151 572 τῇ
174 503 236 571 γῇ
260 498 525 571 ἀρκτικοῦ
555 498 757 553 στάδιοι
778 498 877 569 μὲν
909 497 1033 562 ,κεσ¹
1050 516 1063 529 υ
1104 499 1212 553 ἀπὸ
1251 499 1308 553 δὲ
1335 498 1429 552 τοῦ
1477 501 1535 551 ἐν
1572 500 1638 569 τῇ

98 594 156 661 τῇ
178 589 455 661 ἀρκτικοῦ,
494 589 555 654 ὃς
590 593 763 643 κεῖται
800 590 940 644 κατὰ
979 590 1070 643 τὸν
1108 593 1164 643 ὲν
1202 590 1280 661 τῷ
1319 591 1507 662 κόσμῳ
1542 590 1642 661 ἀρε

97 680 277 742 κτικὸν,
318 680 459 751 πρὸς
488 680 585 733 τὸν
616 681 673 732 ὲν
713 681 778 750 τῇ
814 682 883 749 γῇ
910 680 1189 751 τροπικὸν,
1213 680 1272 743 ὃς
1300 683 1477 732 κεῖται
1501 677 1643 733 κατά

96 768 172 820 τὸν
201 769 254 820 ὲν
277 767 352 837 τῷ
381 768 575 837 κύσμω
596 766 801 839 θερινὸν
820 768 1075 839 τροπικὸν
1093 807 1109 830 ,
1140 769 1342 822 στάδιοι
1374 768 1472 837 μὲν
1509 775 1607 832 ,κα’
1624 785 1637 796 ·

97 859 187 912 ὰπδ
228 859 281 911 δὲ
331 858 428 911 τοῦ
478 858 691 931 Θερινοῦ
733 858 994 930 τροπικοῦ
1041 859 1201 931 μέχρι
1243 859 1337 913 τοῦ
1367 862 1425 914 ὲν
1460 863 1527 930 τῇ
1567 862 1638 930 γῇ

100 950 412 1022 ἱσημερινοῦ,
439 950 499 1013 ὃς
527 948 703 1003 κεῖται
734 951 875 1004 κατὰ
898 950 989 1003 τὸν
1020 952 1077 1004 ὲν
1121 951 1199 1022 τῷ
1235 952 1425 1022 κόσμῳ
1452 953 1644 1021 ἰσημε-

98 1043 242 1114 ρινὸν,
271 1042 472 1096 στάδιοι
505 1050 662 1107 ,ιςω’.
688 1042 854 1095 Πάλιν
886 1043 995 1096 ἀπὸ
1031 1042 1123 1096 τοῦ
1163 1043 1475 1115 ίσημερινοῦ
1507 1044 1644 1113 πρὸς

97 1133 171 1185 τὸν
186 1132 361 1203 ἕτερον
388 1133 649 1203 τροπικὸν
672 1139 809 1204 ,ις-ω’
829 1150 843 1164 ⁸
874 1132 983 1186 ἀπὸ
1009 1132 1068 1185 δὲ
1087 1132 1180 1185 τοῦ
1206 1132 1464 1205 τροπικοῦ
1505 1132 1642 1203 πρὸς

93 1223 169 1273 τὸν
193 1222 446 1292 ἀρκτικὸν
480 1222 670 1279 στάδια
699 1228 796 1286 ,κα’
817 1239 832 1253 ο
858 1222 964 1275 ἀπὸ
993 1222 1049 1276 δὲ
1072 1222 1165 1276 τοῦ
1213 1222 1470 1296 ἀρκτικοῦ
1505 1223 1643 1293 πρὸς

94 1312 167 1362 τὸν
192 1311 371 1380 ἕτερον
402 1311 568 1364 πόλον
596 1318 749 1375 ,κεσο
787 1310 934 1364 ὥστε
992 1310 1316 1380 συνάγεσθαι
1354 1310 1415 1362 τὸ
1439 1309 1639 1381 μεταξὺ

92 1402 183 1454 τῶν
214 1404 386 1456 πόλων
429 1403 704 1475 διάστημα
744 1404 1017 1476 μυριάδων
1054 1403 1119 1473 ιβ’
1162 1404 1254 1457 καὶ
1304 1402 1529 1455 στάδιων
1562 1419 1639 1465 ,ς,

92 1495 206 1564 ὅπερ
228 1497 373 1548 ἐστὶν
402 1495 579 1566 ἥμισυ
610 1496 705 1567 τῆς
741 1494 1068 1566 περιμέτρου
1109 1494 1208 1564 τῆς
1250 1494 1355 1564 γῆς
1376 1510 1392 1526 ο
1443 1493 1504 1546 τὸ
1534 1493 1641 1563 γὰρ

92 1587 181 1639 ἀπὸ
198 1585 284 1639 τοῦ
319 1587 485 1640 πόλου
534 1587 626 1640 ἐπὶ
670 1587 761 1640 τὸν
806 1587 966 1639 πόλον
1010 1587 1156 1639 ἐστὶν
1196 1583 1537 1655 ἡμικύκλιον.
1576 1583 1641 1636 Ἡ

158 1678 410 1750 διαίρεσις
443 1678 555 1732 τῶν
584 1678 888 1749 ἑξηκοστῶν
913 1678 1114 1732 τούτων
1151 1678 1342 1731 καὶ⁶ὲν
1372 1678 1489 1739 ταῖς
1521 1692 1640 1745 κρι-

1743 508 1827 555 est
1859 501 1909 553 in
1940 509 2108 565 terra,
2143 498 2318 553 stadia
2358 496 2570 551 25200:
2614 510 2808 551 rursus
2846 493 2916 549 ab
2948 492 3152 548 aretico
3217 494 3313 562 qui

1741 598 1824 647 est
1851 592 1904 645 in
1939 601 2104 653 terra,
2137 598 2191 645 et
2222 590 2325 646 sub
2367 589 2491 643 εωιὶ
2533 587 2761 651 arctieo,
2810 603 2984 657 usque
3024 586 3093 641 ad
3141 586 3319 656 tropi-

1742 697 1865 737 cum
1910 689 2210 749 terrenum,
2266 681 2358 750 qui
2410 680 2632 750 ponitur
2680 679 2783 735 sub
2836 678 3045 733 caelesti
3104 677 3317 748 tropico

1740 775 1949 840 aestivo,
2005 774 2181 829 stadia
2228 773 2430 839 21000;
2481 787 2676 827 rursus
2732 771 2801 825 ab
2865 771 3056 825 aestivo
3102 771 3317 841 trepico

1741 882 1916 936 usque
1944 865 2012 920 ad
2040 874 2358 922 terrestrem
2400 863 2857 934 aequinoctialem,
2913 864 3004 933 qui
3045 863 3185 918 situs
3231 870 3318 918 est

1741 959 1846 1013 sub
1901 958 2265 1027 aequinoctiali
2320 957 2617 1022 mundano,
2662 963 2790 1012 sunt
2861 956 3038 1011 stadia
3100 954 3314 1023 16800;

1740 1064 1929 1104 rursus
1960 1050 2028 1105 ab
2055 1048 2421 1119 aequinoctiali
2463 1064 2634 1118 usque
2662 1048 2727 1102 ad
2772 1049 3002 1103 alterum
3045 1047 3314 1116 tropicum

1741 1140 1914 1195 stadia
1948 1148 2076 1195 sunt
2114 1141 2305 1196 16800.
2337 1140 2588 1196 Deindea
2613 1139 2824 1209 trapico
2854 1155 3029 1210 usque
3054 1139 3124 1193 ad
3150 1140 3319 1195 arcti.

1740 1242 1863 1282 cum
1936 1236 2065 1284 sunt
2139 1230 2319 1285 stadia
2379 1229 2593 1295 21000;
2646 1237 2926 1299 postremo
2973 1228 3042 1282 ab
3111 1230 3317 1285 ποιεεο

1740 1334 1913 1389 usque
1932 1319 1999 1374 ad
2022 1320 2247 1375 alterum
2273 1321 2454 1391 polum
2471 1319 2667 1382 25200,
2692 1328 2748 1375 ut
2768 1320 3026 1375 distantia
3051 1321 3193 1376 inter
3219 1336 3318 1391 po-

1739 1409 1823 1463 los
1856 1409 2147 1480 colligatur
2172 1426 2294 1466 esse
2326 1412 2392 1464 12
2434 1412 2762 1482 myriadum,
2798 1423 2852 1466 et
2881 1394 3142 1481 praeterea
3175 1411 3316 1467 6000

1741 1500 2061 1565 stadiorum,
2086 1502 2236 1570 quod
2278 1508 2361 1557 est
2386 1502 2670 1556 dimidium
2710 1501 3165 1559 circumferentia:
3203 1510 3317 1557 ter~

1741 1604 1996 1657 rae;nam
2044 1590 2299 1645 distantia
2361 1607 2481 1661 qute
2517 1601 2603 1644 est
2651 1604 2682 1642 a
2728 1590 2851 1658 polo
2888 1604 3059 1659 usque
3100 1590 3166 1643 ad
3216 1603 3316 1659 po-

1742 1682 1877 1743 lum,
1911 1692 1996 1737 est
2029 1681 2429 1737 semicirculus.
2467 1680 2671 1735 Divisio
2698 1688 2877 1734 autem
2920 1681 3112 1734 horum
3149 1694 3314 1735 sexa—

93 1776 271 1836 κωταίς
310 1772 571 1844 σφαίραις
601 1773 635 1842 ἡ
669 1771 805 1843 αὐτὴ
837 1772 1090 1842 ὑπάρχει.
1137 1769 1637 1833 Κατασκευάζονται

1746 1774 2075 1844 gesimurum
2131 1775 2295 1827 etiam
2350 1775 2403 1827 in
2453 1771 2825 1826 armillaribus
2860 1771 3088 1840 sphmris
3124 1771 3313 1826 eadem

91 1863 181 1933 γὰρ
205 1865 256 1916 αἱ
284 1864 557 1933 κρικωταὶ
598 1866 821 1933 σφαῖραι
870 1862 1072 1926 οὕτως·
1109 1862 1217 1917 ἀπὸ
1269 1861 1361 1915 τοῦ
1406 1861 1569 1915 πόλου
1613 1862 1643 1914 ὁ

90 1954 323 2025 ἀρκτικὸς
357 1955 632 2008 διίσταται
660 1954 853 2025 μοίρας
890 1953 1000 2018 λς’,
1024 1953 1167 2025 ᾇπερ
1197 1954 1343 2007 ἐστὶν
1375 1952 1642 2024 ὲξηκοστὰ

92 2053 162 2109 ς’·
194 2047 373 2113 ἑξάκις
402 2045 516 2117 γὰρ
548 2045 608 2109 ἒξ
640 2045 847 2114 γίνεται
876 2045 984 2110 λς’.
1027 2046 1086 2098 '0
1129 2044 1184 2098 δὲ
1235 2045 1493 2116 ἀρκτικὸς
1537 2045 1643 2097 ἀπὸ

90 2139 167 2192 τοῦ
184 2139 389 2211 Θερινοῦ
417 2138 683 2209 τροπικοῦ
713 2138 978 2199 διίσταται
1009 2137 1201 2209 μοίρας
1225 2137 1266 2189 λ’
1284 2156 1299 2171 -
1327 2137 1469 2209 ειπερ
1497 2138 1642 2189 ἐστὶν

53 2215 59 2223 ’
90 2231 330 2300 ἑξηκοστὰ
369 2237 431 2285 ε’.
481 2230 541 2283 '0
567 2230 624 2284 δὲ
669 2229 876 2300 θερινὸς
906 2229 1160 2301 τροπικδς
1188 2228 1293 2281 ἀπὸ
1324 2227 1417 2281 τοῦ
1451 2230 1641 2297 ἰσημε-

92 2320 217 2389 ρινοῦ
249 2319 503 2390 διέστηκε
548 2319 740 2390 μοίρας
775 2316 875 2383 κδ’,
904 2317 1048 2389 ὅπερ
1079 2319 1224 2371 ἐστὶν
1260 2317 1523 2388 ἑξηκοστὰ
1564 2317 1638 2370 δ”

91 2412 190 2466 ὀδὲ
232 2410 546 2483 ίσημερινὸς
601 2410 709 2464 ἀπὸ
771 2409 863 2463 τοῦ
906 2409 1213 2481 χειμερινοῦ
1272 2409 1532 2482 τροπικοῦ
1565 2410 1643 2463 δι-

89 2501 261 2573 έστηκε
290 2502 389 2565 τὰς
423 2503 549 2564 ἴσας
592 2501 785 2572 μοίρας
824 2500 900 2553 κδ’
918 2517 931 2530 '
968 2503 996 2555 ὁ
1030 2501 1088 2554 δὲ
1118 2501 1422 2572 χειμερινὸς
1454 2517 1643 2572 τροπι-

90 2594 168 2655 ab;
194 2592 283 2645 τοῦ
308 2591 677 2664 ἀνταρκτικοῦ
704 2591 950 2661 διέστηκε
982 2591 1173 2661 μοίρας
1201 2589 1271 2642 λ’·
1299 2591 1327 2642 ὁ
1354 2590 1411 2643 δὲ
1444 2591 1643 2661 ἀνταρ-

91 2685 254 2748 κτικὸς
299 2686 410 2739 ἀπὸ
455 2683 551 2737 τοῦ
593 2682 765 2736 νοτίου
813 2682 973 2735 πόλου
1008 2682 1256 2752 διέστηκε
1297 2684 1489 2755 μοίρας
1520 2684 1637 2748 lg"

92 2775 216 2830 ὥστε
246 2778 407 2831 πάλιν
430 2775 542 2828 ἀπὸ
578 2775 670 2828 τοῦ
715 2774 878 2827 πόλου
927 2776 1020 2827 ἐπὶ
1067 2775 1159 2828 τὸν
1200 2776 1359 2829 πόλον
1413 2776 1641 2844 συνᾶγε-

91 2868 200 2921 σθαι
229 2870 325 2939 μὲν
358 2869 558 2939 μοίρας
589 2872 699 2936 ρτέ,
730 2864 994 2934 ὲξηκοστὰ
1020 2864 1075 2918 δὲ
1104 2865 1175 2917 λ’·
1202 2865 1335 2935 πρὸς
1359 2865 1466 2937 γὰρ
1488 2864 1642 2918 τοῦτο

90 2959 144 3010 τὸ
167 2959 219 3011 ἓν
248 2960 415 3030 κλίμα
448 2959 545 3011 καὶ
570 2958 626 3009 αἱ
663 2958 928 3027 κρικωται
958 2958 1178 3028 σφαῖραι
1208 2955 1641 3019 κατασκευάζον-

88 3066 184 3115 ται,
212 3052 301 3104 καὶ
345 3052 402 3103 αἱ
438 3047 682 3119 στερεαὶ,
725 3048 833 3100 τῶν
866 3046 1142 3119 ἀρκτικῶν
1182 3049 1358 3117 μόνων
1410 3065 1642 3116 μεταπι-

89 3143 307 3196 πτόντων
348 3142 407 3195 ἓν
448 3158 593 3194 τισιν
632 3142 875 3212 οἰκήσεσι
915 3141 1053 3195 κατὰ
1088 3139 1188 3203 τὰς
1213 3140 1536 3202 διαστάσεις.
1572 3140 1639 3192 Αἱ

92 3236 316 3303 μέντοιγε
344 3236 404 3288 ὲν
434 3236 503 3305 τῇ
525 3235 597 3303 γῇ
617 3231 786 3297 ζῶναι
815 3231 949 3304 πρὸς
979 3232 1038 3285 τὸ
1062 3232 1352 3303 εἰρημένον
1380 3230 1438 3285 ἓν
1471 3230 1640 3301 κλίμα

88 3326 397 3395 λαμϐάνουσι
444 3326 544 3396 τὴν
590 3324 850 3396 διαίρεσιν
884 3323 992 3377 τῶν
1037 3324 1130 3377 ἐπὶ
1182 3322 1278 3393 τῆς
1313 3323 1415 3393 γῆς
1456 3338 1639 3376 κατοι-

88 3416 326 3471 κούντων.
355 3417 514 3470 Ὅσοι
548 3414 646 3485 μὲν
692 3410 783 3468 οὖν
821 3414 913 3467 ἐπὶ
956 3412 1049 3469 τοῦ
1094 3410 1256 3467 αὐτοῦ
1298 3412 1637 3485 παραλλήλου

90 3508 400 3570 κατοικοῦσι,
448 3506 662 3569 τούτοις
709 3504 779 3557 τὰ
824 3503 965 3557 αὐτὰ
1014 3504 1312 3575 φαινόμενα
1359 3504 1500 3557 κατὰ
1539 3501 1640 3561 τὰς

87 3601 304 3670 οἰκήσεις
333 3601 599 3668 γίνονται,
629 3597 722 3651 καὶ
767 3595 835 3649 τὰ
887 3596 1089 3667 μεγέθη
1127 3595 1234 3649 τῶν
1276 3594 1495 3665 ἡμερῶν
1527 3595 1636 3657 ίσα,

88 3692 169 3744 καὶ
212 3691 275 3744 τὰ
328 3690 537 3762 μεγέθη
594 3688 702 3742 τῶν
752 3688 1041 3758 ἐκλείψεων
1085 3687 1198 3757 (46)
1248 3686 1497 3749 τοιαῦτα,
1545 3686 1639 3739 καὶ

86 3781 178 3835 τῶν
220 3780 604 3853 ὠροσκοπείων
646 3779 995 3850 καταγραφαὶ
1031 3780 1089 3832 αἱ
1132 3778 1291 3832 αὐταί
1316 3795 1329 3807 ·
1374 3778 1468 3831 καὶ
1508 3776 1641 3830 καθ-

46 3880 51 3885 ‘
86 3870 193 3923 ὁλου
222 3873 395 3926 πάντα
432 3870 501 3924 τὰ
528 3871 658 3941 περὶ
688 3869 788 3933 τὰς
830 3870 1068 3939 οἰκήσεις
1104 3870 1201 3932 τὰς
1228 3868 1320 3922 ἐπὶ
1349 3867 1443 3921 τοῦ
1472 3867 1637 3922 αὑτοῦ

87 3962 409 4033 παραλλήλου
439 3961 718 4031 κειμένας,
744 3960 812 4014 τὰ
841 3960 977 4013 αὐτὰ
1004 3958 1255 4030 ὑπάρχει.
1302 3959 1376 4011 Τὸ
1407 3959 1514 4031 γὰρ
1550 3958 1641 4027 ἔγ-

84 4052 235 4122 κλιμα
259 4052 353 4106 τοῦ
380 4053 588 4121 κόσμου
629 4050 778 4121 μένει
805 4050 866 4104 τὸ
901 4049 1049 4102 αὐτό.
1089 4047 1248 4119 Παρὰ
1284 4047 1392 4119 γὰρ
1436 4047 1498 4100 τὸ
1543 4047 1636 4115 ἐγ-

86 4144 345 4214 κλιματοῦ
370 4146 582 4216 κόσμου
610 4144 839 4214 διάφορα
871 4144 1076 4211 γίνεται
1118 4141 1185 4194 τὰ
1216 4142 1532 4211 φαινόμενα.
1569 4142 1636 4192 Δί

86 4235 312 4303 μέντοιγε
352 4233 524 4306 ἀρχαὶ
570 4232 678 4285 τῶν
734 4231 953 4301 ἡμερῶν
1010 4232 1101 4283 καὶ
1147 4231 1202 4283 αἱ
1254 4229 1498 4282 τελευταὶ
1539 4229 1637 4298 οὐχ

84 4322 187 4393 ἅμα
236 4328 368 4378 πᾶσι
412 4324 676 4393 γίνονται,
726 4321 839 4375 ἀλλ’
882 4318 963 4384 οἷς
1004 4321 1102 4392 μὲν
1145 4321 1425 4392 πρότερον,
1462 4314 1543 4383 οἷς
1579 4319 1635 4372 δὲ

1741 1872 1845 1920 est.
1893 1864 2160 1919 Parantur
2200 1866 2345 1920 enim
2387 1864 2695 1918 armillares
2731 1863 2957 1933 sphaera:
2987 1862 3149 1917 sie.A
3189 1863 3315 1932 polo

1741 1956 1978 2010 aret-iens
2011 1954 2178 2009 distat
2200 1954 2448 2024 partibus
2473 1952 2561 2018 36,
2587 1969 2707 2022 qua-
2733 1960 2861 2006 sunt
2881 1953 3214 2023 sexagesima
3242 1953 3313 2019 6;

1742 2046 1919 2102 sexies
1943 2046 2088 2101 enim
2127 2061 2222 2100 sex
2244 2052 2373 2099 sunt
2410 2044 2499 2098 36.
2545 2044 2798 2098 Arcticus
2847 2044 2915 2098 ab
2971 2044 3158 2098 aestivo
3205 2052 3318 2098 tro-

1741 2138 1864 2207 pico
1892 2137 2057 2191 distat
2079 2136 2339 2206 gradibus
2362 2136 2454 2199 50,
2486 2135 2580 2205 qui
2625 2133 2832 2189 faciunt
2862 2135 3198 2204 sexagesima
3243 2135 3312 2201 εἰς

1739 2227 1961 2284 τεεῑίνυε
1986 2228 2232 2297 tropicus
2262 2226 2429 2280 distat
2457 2227 2524 2279 ab
2551 2226 2916 2295 aequinoctiali
2939 2225 3201 2295 gradibus
3218 2225 3312 2288 24,

1740 2322 1835 2391 qui
1872 2327 2001 2374 sunt
2028 2320 2365 2388 sexagesima
2397 2316 2451 2370 4.
2484 2315 2909 2385 ιίΕιιιιὶηοειίειιίε
2939 2316 3109 2371 distat
3138 2316 3208 2370 ab
3224 2316 3315 2370 hi-

1740 2413 1909 2467 berno
1943 2410 2152 2480 trOpico
2174 2410 2393 2463 totidem
2418 2407 2678 2477 gradibus
2720 2406 2811 2461 2L
2866 2405 3082 2469 Rursus
3128 2405 3315 2460 hiber-

1740 2503 2099 2570 nustropieus
2122 2499 2190 2552 ab
2209 2498 2508 2552 antarctico
2526 2497 2693 2552 distat
2715 2496 2974 2566 gradibus
2998 2494 3097 2560 50;
3120 2501 3310 2548 antar-

1737 2598 1912 2650 cticus
1953 2594 2021 2647 ab
2067 2591 2291 2646 australi
2345 2591 2468 2659 polo
2528 2588 2695 2642 distat
2752 2586 3016 2658 gradibus
3079 2585 3188 2650 56;
3249 2594 3311 2639 ut

1741 2701 1934 2740 rursus
1975 2699 2006 2738 a
2058 2683 2183 2753 polo
2212 2696 2386 2750 usque
2424 2678 2491 2733 ad
2532 2678 2713 2750 polum
2748 2677 3073 2747 colligantur
3105 2674 3311 2746 gradus

1745 2778 1867 2840 l80,
1900 2775 2237 2846 sexagesima
2270 2787 2397 2827 vero
2417 2772 2503 2825 50.
2522 2771 2601 2823 Ad
2631 2770 2733 2822 hoc
2760 2768 2902 2822 enim
2930 2782 3097 2821 unum
3125 2765 3308 2828 clima,

1739 2877 1793 2923 et
1828 2868 2051 2937 sphaerae
2073 2865 2401 2928 armillares,
2426 2870 2481 2917 et
2517 2860 2704 2917 solidae
2736 2867 3019 2929 parantur,
3049 2872 3174 2911 cum
3205 2856 3311 2911 soli

1742 2958 1929 3013 arctici
1960 2958 2015 3011 in
2056 2956 2381 3026 quibusdam
2424 2951 2854 3008 habitationibus
2893 2949 3191 3005 secundum
3225 2948 3311 3002 di-

1743 3050 1972 3106 stantias
2019 3053 2317 3101 mutentur.
2360 3045 2429 3098 At
2472 3058 2620 3097 zonm
2663 3048 2947 3096 terrestres
2993 3037 3060 3093 ad
3101 3038 3309 3091 dictum

1743 3155 1908 3196 unum
1959 3139 2122 3193 clima
2175 3135 2451 3206 accipiunt
2483 3134 2805 3188 divisionem
2847 3145 3063 3192 eorum,
3114 3129 3207 3199 qui
3253 3130 3311 3183 in

1740 3240 1886 3287 terra
1916 3229 2180 3286 habitant.
2211 3227 2379 3297 igitur
2400 3224 2494 3295 qui
2535 3223 2723 3279 eodem
2755 3222 2814 3276 in
2857 3220 3117 3292 parallelo
3154 3220 3310 3274 babi-

1738 3329 1879 3387 tant,
1905 3322 1989 3377 his
2015 3319 2212 3375 eaedem
2245 3324 2373 3372 sunt
2395 3314 2726 3386 apparentia!
2759 3311 3057 3366 secundum
3095 3310 3311 3365 habita-

1738 3414 1948 3480 tiones;
1971 3418 2024 3466 et
2051 3407 2451 3479 magnitudines
2480 3404 2693 3459 dierum
2720 3402 2996 3472 aequales;
3020 3407 3076 3454 et
3100 3399 3312 3469 magni-

1737 3501 1955 3558 tudines
1984 3498 2269 3569 eelipsium
2293 3495 2499 3550 similes
2527 3510 2543 3559 ;
2573 3500 2627 3548 et
2651 3490 3049 3561 descriptiones
3078 3489 3309 3544 horolo-
3357 3527 3361 3532 -

1738 3594 1982 3665 gicorum
2050 3590 2535 3646 instrumentorum
2589 3582 2825 3648 eaedem;
2874 3589 2930 3637 et
2993 3580 3309 3637 summatim

1738 3682 1921 3738 omnia
1948 3695 2069 3751 quae
2094 3679 2419 3748 contingunt
2448 3679 2596 3731 circa
2627 3671 2993 3726 habitationes
3032 3671 3087 3724 in
3118 3670 3309 3725 eodem

1739 3773 2000 3845 parallelo
2023 3772 2248 3843 positas,
2270 3770 2619 3825 sunteadem.
2649 3765 2785 3820 Nam
2811 3764 3094 3819 inclinatio
3116 3763 3309 3818 mundi

1737 3871 1920 3918 manet
1947 3861 2155 3917 eadem.
2202 3859 2429 3929 Propter
2462 3856 2872 3911 inclinationem
2927 3852 3074 3907 enim
3121 3851 3312 3906 mundi

1737 3952 1962 4007 diversae
2019 3959 2149 4006 sunt
2221 3948 2569 4019 apparentiae.
2639 3945 2808 4016 Atqui
2870 3943 3029 3998 initia
3097 3942 3311 3997 dierum

1737 4051 1791 4098 et
1833 4042 1968 4097 ﬁnes
2012 4057 2120 4095 non
2154 4041 2317 4097 simul
2364 4040 2499 4093 ﬁunt
2546 4038 2821 4099 omnibus,
2857 4034 2952 4089 sed
2983 4032 3106 4087 aliis
3135 4032 3307 4101 prius,

1737 4136 1860 4189 aliis
1905 4134 2177 4204 posterius
2211 4138 2443 4200 :estque
2494 4129 2635 4200 apud
2687 4142 2877 4182 omnes
2921 4125 3094 4195 prima
3150 4124 3305 4183 bora.

1737 4241 1859 4281 cum
1901 4239 1964 4279 ea
2012 4224 2152 4293 apud
2203 4223 2340 4276 alios
2391 4222 2463 4276 sit
2501 4220 2735 4274 medium
2787 4216 2918 4280 diei,
2985 4212 3130 4284 apud
3172 4214 3311 4268 alios

1736 4330 1986 4371 occasus.
2031 4312 2150 4366 Jam
2190 4326 2322 4366 vero
2343 4308 2522 4380 quoad
2561 4322 2806 4369 sensum,
2849 4305 2963 4360 fere
3011 4303 3079 4357 ad
3129 4301 3310 4357 stadia

84 4412 285 4488 ὕστερον
309 4457 324 4470 .
371 4415 486 4469 Καί
525 4418 673 4467 ἐστιν
713 4415 747 4484 ἠ
797 4412 946 4484 παρὰ
979 4414 1142 4465 πᾶσιν
1178 4412 1223 4442 ⁸⁸
1259 4418 1306 4464 α’
1335 4411 1472 4482 ὥρα,
1510 4412 1637 4481 παρ’

1740 4407 1843 4462 400
1890 4407 1959 4462 ab
2007 4412 2131 4459 ortu
2186 4417 2379 4457 versus
2434 4412 2688 4453 occasum
2740 4396 2883 4450 idem
2933 4401 3115 4448 manet
3152 4393 3306 4446 hori-

82 4504 240 4571 ᾶλλοις
270 4509 438 4579 μέσον
483 4505 698 4576 ἡμέρας
750 4500 900 4564 οὖσα,
941 4506 1069 4575 παρ’
1101 4500 1181 4567 οἷς
1208 4502 1265 4555 δὲ
1300 4503 1450 4566 δύσις
1477 4500 1629 4555 οὖσα.

86 4600 205 4671 Ἤδη
236 4596 490 4671 μέντοιγε
529 4598 666 4667 πρὸς
686 4597 783 4668 τὴν
798 4596 1046 4668 αἴσθησιν
1066 4596 1250 4666 σχεδὸν
1272 4597 1364 4650 ἐπὶ
1388 4596 1635 4657 σταδίους

86 4695 123 4737 ν’
148 4690 233 4743 ἀπ’
255 4687 530 4756 ἀνατολῆς
568 4687 661 4737 ἐπὶ
692 4684 842 4739 δύσιν
873 4686 901 4737 ὁ
935 4683 1095 4746 αὐτὸς
1130 4684 1325 4755 ὁρίζων
1353 4682 1628 4752 διαμένει·

83 4777 204 4832 ὥστε
258 4781 395 4855 πρὸς
443 4777 694 4847 αἴσθησιν
741 4775 855 4844 ἅμα
887 4775 986 4845 τὴν
1028 4774 1289 4844 ἀνατολὴν
1330 4774 1509 4836 αὐτοῖς
1549 4771 1635 4841 γί-

81 4872 243 4925 νεσθαι
287 4874 386 4925 καὶ
436 4871 537 4941 τὴν
576 4869 746 4921 δύσιν.
774 4868 943 4920 Ὅταν
989 4865 1046 4919 δὲ
1092 4865 1272 4918 πλεῖον
1312 4865 1534 4934 γένηται
1578 4864 1637 4917 τὸ

80 4961 326 5034 διάστημα
356 4963 469 5016 τῶν
501 4969 544 5014 υ¹
582 4959 826 5022 σταδίων,
850 4956 1213 5031 προανατολαὶ
1234 4957 1328 5010 καὶ
1352 4956 1637 5026 προδύσεις

81 5056 313 5119 γίνονται.
349 5056 481 5117 Τοῖς
513 5053 571 5105 δὲ
603 5054 697 5105 ἐπὶ
732 5049 825 5104 τοῦ
858 5049 1022 5104 αὑτοῦ
1058 5047 1424 5119 μεσημϐρινοῦ
1457 5063 1638 5100 κατοι-

80 5146 211 5200 κοῦσι
239 5148 403 5219 μέχρι
450 5145 554 5216 μὲν
604 5142 827 5196 σταδίων
859 5148 902 5195 υ’
928 5139 1322 5210 ἀνεπαίσθητος
1363 5138 1573 5206 γίνεται
1597 5138 1631 5206 ἡ

139 5324 180 5353 ⁸³
208 5326 249 5395 Ῑ.
279 5326 447 5379 τισίν.

141 5478 240 5547 (46)
269 5479 381 5533 Καὶ
423 5478 498 5531 τὰ
540 5476 760 5545 μεγέοη
806 5474 922 5529 τῶν
975 5474 1328 5547 ἐκλείψεων·ἶ
1382 5470 1623 5547 Falsum.

82 5541 194 5601 Nam
223 5541 402 5617 neque
437 5541 868 5617 de._'lunaril)us.
922 5561 1096 5615 neque
1145 5541 1524 5617 desolaribus
1569 5541 1623 5594 id

86 5631 209 5672 rex-Ie
238 5613 466 5675 dicitur.
522 5615 767 5670 Lunares
816 5613 1020 5685 quippe
1066 5630 1170 5668 non
1216 5614 1267 5666 in
1307 5613 1497 5685 iisdem
1531 5626 1623 5685 so-

86 5687 337 5743 lummodo
380 5686 664 5758 parallelis
715 5681 964 5756 aquales
1012 5693 1309 5754 apparent,
1364 5681 1456 5735 sed
1504 5683 1623 5736 ubi-

1739 4516 1862 4555 zon.
1926 4499 2110 4567 Itaque
2172 4493 2346 4564 quoad
2426 4505 2645 4547 sensum
2695 4487 2858 4543 simul
2931 4486 3067 4556 ipsis
3127 4485 3309 4540 evenit

1739 4600 1910 4655 ortus,
1940 4596 1994 4644 et
2014 4600 2262 4642 occasus.
2292 4583 2360 4638 At
2386 4582 2477 4637 ubi
2509 4580 2766 4636 distantia
2804 4576 2968 4630 fuerit
3001 4574 3176 4644 major
3200 4574 3306 4627 400

1740 4680 1948 4742 stadiis,
2012 4677 2084 4731 ibi
2131 4672 2567 4744 antegressiones
2615 4680 2831 4724 ortuum
2892 4674 2945 4721 et
3009 4680 3305 4720 occasuum

1740 4772 1891 4825 ﬁunt.
1918 4769 1987 4824 lis
2029 4782 2157 4821 vero
2193 4766 2287 4836 qui
2338 4765 2393 4818 in
2446 4762 2636 4818 eodem
2689 4758 2991 4813 meridiano
3032 4756 3303 4820 habitant,

1741 4878 1915 4932 usque
1951 4859 2019 4915 ad
2057 4858 2232 4915 stadia
2277 4857 2384 4911 400
2429 4852 2762 4909 insensibilis
2807 4849 2864 4904 (it
2895 4849 3175 4904 climatum
3211 4863 3305 4900 va-

1742 4956 1909 5010 rietas
1942 4953 2122 5007 simul.
2155 4950 2541 5006 Verumtamen
2570 4948 2640 5002 ob
2664 4960 2782 5001 eam
2809 4942 3143 5004 distantiam,
3188 4955 3309 5009 qua:

1744 5046 1916 5115 magis
1946 5042 2285 5096 transcendit
2316 5054 2507 5094 versus
2551 5035 2970 5104 septentrionem
3009 5037 3103 5083 aut
3142 5032 3309 5082 meri-

1745 5135 1908 5199 diem,
1945 5133 2048 5188 alia
2078 5132 2136 5186 [it
2168 5132 2467 5186 inclinatio.
2519 5128 2703 5198 Itaque
2744 5139 2935 5181 omnes
2978 5120 3311 5193 apparentia:

1735 5480 1951 5537 cunque
1985 5465 2122 5537 luna;
2143 5463 2492 5537 prospicitur.
2536 5460 2756 5537 salares
2790 5468 2968 5512 autem
3002 5458 3167 5537 etiam
3203 5455 3307 5537 sub

1734 5527 1924 5593 eodem
1951 5527 2215 5604 paralleln
2243 5527 2815 5604 iuzequalesyidentur
2835 5548 2848 5591 ;
2872 5539 2966 5604 aut
2992 5528 3152 5604 eti‘auu
3178 5527 3307 5604 alibi

1735 5596 1966 5661 iniuime'
1990 5604 2261 5660 videntur.
2291 5596 2470 5668 Quare
2512 5600 2655 5653 aliud
2707 5599 2883 5668 agenti
2932 5597 3035 5651 hoc
3074 5596 3303 5652 Gemino

1733 5676 1954 5733 excidit.
