3786 6316
468 284 572 341 839

1460 274 1803 332 APPENDIX
1840 273 1934 329 AD
1975 271 2245 330 EUSEBII
2288 268 2708 328 CHRONICON.

3605 269 3702 324 κιο

468 412 598 458 sunt
622 401 867 459 diversae.
894 400 1106 457 Etenim
1132 394 1532 468 magnitudines
1557 393 1796 458 dierum,
1840 400 1895 447 et
1918 407 2027 446 ma-

2148 389 2245 444 τῶν
2297 390 2572 461 κλιμάτων
2632 386 2958 459 παραλλαγὴ
3026 384 3143 457 ἅμα
3166 402 3180 416 ’
3240 384 3304 438 τὸ
3347 384 3393 417 ⁵⁸
3472 387 3699 456 μέντοιγε

465 493 774 564 gnitudines
812 493 1120 564 eclipsium,
1171 498 1225 545 et
1263 486 1669 557 horologiorum
1708 482 2039 553 descriptio-

466 600 567 640 nes
595 585 822 641 diversm
871 592 1094 656 propter
1143 582 1509 638 habitationes
1554 579 1693 632 ﬁunt
1720 578 1789 633 iis
1841 576 1935 647 qui
1980 574 2039 630 in

464 676 656 731 eodem
678 677 976 732 meridiano
1004 675 1271 731 habitant.
1301 672 1436 728 Nam
1462 671 1750 727 inclinatio
1775 677 2037 733 mutatur,

464 780 588 821 cum
621 768 707 823 vel
739 767 805 822 ad
834 769 1075 831 boream,
1106 767 1192 822 vel
1230 765 1298 820 ad
1337 764 1620 821 meridiem
1657 763 1718 817 fit
1751 762 2038 818 transitus.

462 856 626 925 Atqui
660 856 973 912 medietates
1001 855 1214 911 dierum
1258 862 1313 910 et
1338 854 1659 909 medietates
1684 854 1926 908 noctium
1958 851 2036 906 si-

462 948 574 1000 mul
604 948 862 1001 eveniunt
907 947 1164 1003 omnibus
1213 946 1281 1001 iis
1327 946 1422 1018 qui
1454 945 1510 999 in
1555 942 1748 1000 eodem
1783 942 2039 997 habitant

461 1039 779 1094 meridiano.

2141 482 2324 539 πλεῖον
2363 481 2632 552 διάστημα
2670 478 2974 552 ὑπερϐῆναι
3008 478 3054 510 ⁸ο
3087 477 3226 549 πρὸς
3266 476 3467 549 ἄρκτον
3499 477 3532 549 ἢ
3578 479 3701 550 πρὸς

2144 572 2513 647 μεσημϐρίαν,
2544 571 2673 624 ἄλλο
2707 570 2917 639 γίνεται
2967 568 3235 639 ἑγιιλιμα⁸
3275 568 3418 622 ὥστε
3449 568 3616 623 πάντα
3640 570 3701 622 τὰ

2141 663 2440 735 φαινόμενα
2461 660 2693 732 διάφορα
2716 659 2983 729 γίνεσθαι.
3016 660 3126 714 Καὶ
3152 659 3262 730 γὰρ
3286 658 3357 713 τά
3389 659 3586 731 μεγέθη
3604 659 3701 714 τῶν

2139 749 2385 822 ἡμερῶν,
2414 748 2510 802 καὶ
2542 746 2611 800 τά
2645 746 2849 819 μεγέθη
2895 745 3006 799 τῶν
3036 747 3351 816 ἐκλείψεων,
3395 748 3490 801 καὶ
3528 750 3583 801 αἱ
3608 748 3701 800 τῶν

2140 841 2448 914 ὡρολογίων
2491 839 2840 911 καταγραφαὶ
2881 838 3130 909 διάφοροι
3170 837 3320 908 παρὰ
3353 837 3453 901 τὰς
3483 838 3701 909 οἰκήσεις

2144 933 2380 1001 γίνονται
2406 933 2519 993 τοῖς
2545 930 2637 983 ἐπὶ
2664 928 2758 983 τοῦ
2800 929 2963 983 αὑτοῦ
2995 927 3365 1000 μεσημϐρινοῦ
3390 929 3698 984 κατοικοῦσι.

2146 1027 2221 1079 Τὸ
2238 1026 2347 1098 γὰρ
2384 1024 2617 1094 ἔγκλιμα
2664 1021 3012 1093 μεταπίπτει,
3045 1021 3080 1092 ἢ
3115 1021 3250 1092 πρὸς
3284 1020 3486 1092 ἄρκτον
3521 1020 3552 1091 ἢ
3584 1022 3702 1093 πρὸς

461 1131 803 1204 μεσημϐρίαν
838 1132 939 1204 τῆς
981 1132 1328 1204 μεταϐάσεως
1370 1132 1682 1204 γινομένης.
1732 1130 1814 1184 Τὰ
1850 1128 2102 1199 μέντοιγε
2160 1122 2301 1191 μέσα
2343 1121 2453 1174 τῶν
2512 1117 2733 1204 ἡμερῶν
2774 1117 2868 1171 καὶ
2919 1116 2990 1170 τὰ
3022 1117 3164 1188 μέσα
3196 1117 3304 1170 τῶν
3339 1114 3546 1169 νυκτῶν
3599 1115 3702 1188 ἅμα

458 1225 591 1276 πᾶσι
619 1224 823 1294 γίνεται
863 1229 977 1290 τοῖς
1001 1227 1095 1280 ἐπὶ
1119 1226 1213 1281 τοῦ
1246 1226 1409 1281 αὑτοῦ
1442 1225 1817 1298 μεσημϐρινοῦ
1847 1220 2215 1278 κατοικοῦσιν.

523 1316 627 1388 31
660 1318 794 1373 Cum
820 1328 1002 1375 autem
1036 1321 1104 1376 de
1136 1329 1255 1376 aust
1278 1322 1368 1376 'ali
1398 1336 1538 1376 zona
1571 1321 1829 1383 dicimus,
1873 1329 1928 1376 et
1971 1319 2039 1372 de

460 1407 529 1461 iis
559 1409 652 1478 qui
683 1408 737 1463 iu
772 1424 836 1464 ea
870 1411 1138 1477 habitant,
1175 1411 1242 1466 ad
1283 1413 1398 1468 haec
1447 1414 1515 1469 de
1558 1412 1910 1484 antipodibus
1943 1410 2036 1481 qui

459 1501 513 1551 in
534 1499 723 1553 eadem
758 1508 926 1566 sunt;
959 1503 1210 1558 convenit
1235 1517 1299 1558 ea
1333 1518 1455 1574 qua:
1471 1505 1735 1560 dicuntur
1762 1504 1843 1559 sic
1877 1504 2039 1557 intel~

457 1588 645 1660 ligere,
680 1599 742 1645 ut
776 1607 880 1648 nos
916 1594 985 1648 de.
1012 1595 1241 1650 australi
1270 1597 1490 1664 quidem
1522 1611 1660 1652 zona
1703 1597 1911 1652 nullam
1954 1595 2038 1649 hi-

2212 1311 2381 1366 Ὅταν
2422 1309 2481 1364 δὲ
2526 1310 2656 1382 περὶ
2698 1309 2801 1380 τῆς
2854 1309 3029 1363 νοτίου
3084 1308 3264 1380 ζώνης
3310 1308 3576 1380 λέγωμεν,
3619 1312 3702 1364 καὶ

2139 1402 2249 1456 τῶν
2298 1403 2356 1456 ὲν
2399 1402 2535 1474 αὐτῇ
2592 1400 3014 1464 κατοικούντων,
3053 1400 3189 1471 πρὸς
3234 1400 3293 1453 δὲ
3343 1401 3558 1465 τούτοις
3589 1402 3703 1470 περὶ

2137 1494 2247 1549 τῶν
2305 1494 2363 1547 ὲν
2425 1494 2563 1565 αὐτῇ
2630 1492 2931 1547 ἀντιπόδων
2988 1491 3097 1545 τῶν
3149 1491 3491 1564 λεγομένων·
3547 1493 3705 1555 οὕτως

2138 1585 2357 1641 ἀκούειν
2420 1587 2723 1658 προσήκει,
2778 1585 2854 1649 ώς
2930 1582 3204 1656 μηδεμίαν
3266 1585 3426 1657 ἡμῶν
3480 1586 3705 1657 ἱστορίαν
3752 1588 3757 1592 ”

456 1678 681 1733 storiam
706 1683 1100 1752 acceperimus,
1133 1700 1309 1756 neque
1338 1700 1407 1740 an
1441 1687 1538 1741 ulli
1574 1689 1629 1742 in
1656 1702 1719 1742 ea
1750 1686 2027 1752 habitent;

2148 1678 2552 1749 παρειληφότων
2584 1680 2711 1750 περὶ⁸
2748 1678 2849 1750 τῆς
2896 1678 3074 1731 νοτίου
3106 1677 3303 1750 ζώνης,
3337 1678 3471 1750 μηδὲ
3496 1680 3552 1733 et
3575 1696 3703 1741 τινες

458 1766 554 1821 sed
593 1768 739 1838 quod
783 1771 997 1827 ratione
1051 1774 1220 1829 totius
1261 1774 1510 1845 sphaerae,
1542 1785 1597 1832 et
1631 1776 1816 1847 ﬁgura:
1852 1786 2030 1841 terrai,

458 1864 513 1910 ct
547 1872 875 1929 progressus
919 1863 1073 1928 solis,
1106 1865 1199 1936 qui
1245 1865 1305 1920 tit
1346 1867 1490 1922 inter
1517 1869 1780 1938 tropicos.
1813 1868 1887 1923 sit
1934 1870 2034 1923 ali—

458 1960 567 2015 qua
602 1948 770 2003 etiam
814 1951 985 2007 altera
1027 1967 1187 2018 zona,
1220 1970 1317 2009 seu
1361 1956 1519 2026 plaga
1566 1972 1757 2012 versus
1785 1964 2032 2013 austrum

462 2035 594 2098 sita,
626 2050 747 2106 quae
778 2037 974 2093 habeat
1006 2040 1147 2096 idem
1182 2051 1669 2113 temperamentum
1705 2059 1829 2098 cum
1870 2043 2031 2098 borea

459 2141 620 2191 zona,
663 2129 717 2182 in
744 2145 851 2209 qua
888 2147 989 2186 nos
1024 2132 1367 2203 habitamus;
1400 2136 1652 2191 similiter
1689 2138 1855 2191 etiam
1897 2136 2033 2191 (1ίοί-

463 2231 584 2270 mus
612 2217 679 2273 de
702 2220 1069 2290 antipodibus,
1093 2236 1201 2277 non
1229 2222 1388 2292 quasi
1415 2224 1636 2278 omnino
1660 2223 1912 2278 habitent
1937 2222 2033 2276 ali-

462 2311 556 2381 qui
604 2312 660 2367 in
706 2314 894 2370 eadem
920 2315 1191 2372 diametro
1228 2316 1563 2373 nobiscum:
1615 2317 1712 2373 sed
1757 2315 1904 2387 quod
1956 2317 2031 2373 sit

463 2401 661 2472 aliquis
701 2403 855 2461 locus
895 2405 1209 2462 habitabilis
1251 2409 1306 2462 in
1355 2415 1501 2463 terra
1532 2406 1835 2463 secundum
1883 2421 2034 2461 eam-

462 2492 582 2547 dem
607 2493 932 2552 diametrum
955 2498 1260 2555 nobiscum.

532 2668 648 2725 Sub
696 2672 955 2727 torridam
1005 2680 1189 2729 autem
1239 2690 1432 2729 zonam
1468 2675 1717 2731 nonnulli
1762 2684 2029 2741 veterum,

461 2762 603 2817 inter
642 2779 780 2833 quos
818 2773 903 2821 est
952 2774 1007 2821 et
1049 2765 1345 2822 Cleanthes
1387 2766 1610 2823 Stoicus
1647 2768 2028 2838 philosophus,

461 2854 816 2923 prodiderunt
861 2856 1045 2913 fusum
1086 2874 1208 2914 esse
1241 2859 1382 2914 inter
1432 2861 1668 2931 tropicos
1700 2858 1977 2915 Oceanum
2015 2877 2028 2913 :

463 2944 663 3015 quibus
702 2959 1070 3018 congruenter
1115 2958 1171 3005 et
1212 2952 1409 3007 Crates
1448 2952 1837 3021 grammaticus
1878 2965 2033 3006 erro-

461 3053 576 3091 rem
616 3037 829 3109 Ulyssis
867 3040 1184 3110 disponens,
1246 3053 1299 3097 et
1345 3051 1511 3097 totam
1557 3042 1825 3112 sphaeram
1874 3051 2099 3124 terer

460 3128 779 3186 describens
812 3132 981 3186 certis
1026 3132 1272 3199 circulis,
1297 3132 1752 3203 quemadmodum
1776 3134 2033 3205 praedixi-

461 3238 604 3287 mus,
644 3222 799 3294 ﬁngit
834 3224 976 3279 inter
1007 3225 1251 3295 tropicos
1292 3225 1573 3280 Oceanum
1612 3240 1737 3281 esse
1769 3228 2028 3295 positum,

459 3315 650 3371 dicens
693 3328 1060 3387 congruenter
1101 3318 1502 3374 mathematicis
1546 3317 1717 3372 totius
1764 3333 1824 3374 se
1874 3327 2033 3375 terra:

458 3405 871 3476 dispositionem
906 3408 1217 3465 instituere.

528 3578 596 3631 At
653 3579 779 3634 talis
821 3579 1112 3650 dispositio
1155 3580 1332 3636 aliena
1365 3574 1450 3637 cst
1483 3588 1537 3635 et
1586 3597 1617 3634 a
1651 3582 2033 3637 mathematica

458 3676 511 3720 rt
544 3685 573 3722 a
597 3669 825 3740 physica
854 3669 1125 3735 doctrina,
1150 3678 1201 3724 et
1233 3669 1377 3739 apud
1406 3672 1613 3725 nullum
1640 3680 1887 3727 veterum
1914 3687 2032 3726 ma-

458 3744 876 3814 thematicorum
912 3761 1055 3815 inter
1087 3761 1350 3831 tropicos,
1381 3769 1442 3815 ut
1466 3761 1662 3817 Crates
1692 3762 1873 3828 docet,
1916 3763 2033 3817 col-

460 3849 658 3905 locata.
704 3848 840 3905 Nam
886 3853 1091 3909 nostris
1135 3854 1473 3924 temporibus
1522 3853 1635 3923 jam
1666 3863 1721 3909 et
1751 3862 2030 3924 perspecta

458 3952 513 3997 et
559 3944 779 3999 inventa
820 3952 948 3999 sunt
992 3945 1222 4014 plurima
1268 3945 1391 4000 loca
1435 3945 1771 4013 habitabilia,
1826 3956 1881 4002 et
1921 3964 2031 4002 non

460 4032 598 4085 mari
629 4032 833 4101 ubique
864 4034 1258 4103 comprehensa
1292 4054 1305 4089 :
1348 4045 1402 4091 et
1427 4051 1553 4091 cum
1587 4036 1735 4092 illius
1775 4038 2031 4093 interme-

458 4122 535 4177 dii
561 4123 856 4189 intervalli,
894 4126 1040 4197 quod
1073 4134 1158 4182 est
1184 4128 1253 4181 ab
1291 4128 1483 4183 aestivo
1515 4128 1726 4198 tropico
1761 4144 1935 4199 usque
1963 4130 2031 4185 ad

456 4215 917 4286 tequinoctialem,
957 4218 1191 4287 spatium
1235 4219 1307 4273 sit
1346 4220 1644 4275 stadiorum
1692 4220 1884 4285 16800,
1919 4221 2030 4276 fere

460 4309 526 4362 ad
564 4307 746 4363 20800
771 4310 974 4374 stadia,
1016 4318 1287 4380 quatenus
1334 4312 1690 4382 investigandi
1718 4315 1872 4382 copia
1903 4314 2027 4376 fuit,

2134 1768 2192 1820 ἐν
2243 1767 2381 1838 αὐτῇ
2438 1767 2782 1822 κατοικοῦσιν
2804 1783 2822 1799 ·
2884 1766 3002 1821 ἀλλ’
3044 1768 3128 1821 ὅτι
3190 1768 3380 1823 ἕνεκεν
3435 1770 3534 1841 τῆς
3589 1767 3703 1839 ὅλης

2136 1855 2539 1928 σφαιροποιίας,
2574 1857 2669 1910 καὶ
2722 1857 2817 1910 τοῦ
2865 1858 3146 1929 σχήματος
3181 1858 3283 1929 τῆς
3321 1857 3449 1929 γῆς,
3494 1858 3589 1913 καὶ
3614 1859 3703 1929 τῆς

2132 1944 2367 2015 παρόδου
2405 1944 2502 1998 τοῦ
2536 1944 2690 2017 ἡλίου
2734 1947 2837 2017 τῆς
2867 1947 3073 2017 μεταξὺ
3099 1946 3209 2001 τῶν
3255 1949 3534 2020 τροπικῶν
3569 1966 3702 2018 γινο-

2135 2036 2322 2107 μένης,
2357 2036 2470 2091 εστι
2498 2054 2582 2100 τις
2605 2037 2700 2091 καὶ
2739 2037 2904 2109 ἑτέρα
2944 2038 3089 2110 ζώνη
3123 2039 3259 2111 πρὸς
3285 2041 3437 2095 νότον
3463 2042 3701 2114 κειμένη.

2129 2128 2230 2200 τὴν
2262 2129 2432 2201 αὐτὴν
2469 2128 2765 2201 εὐκρασίαν
2808 2129 3007 2200 ἔχουσα
3045 2134 3109 2203 τῇ
3155 2131 3353 2204 βορείῳ
3395 2132 3562 2208 ζώνῃ,
3588 2130 3701 2207 ἑνῇ

2133 2218 2490 2291 κατοικοῦμεν
2519 2221 2678 2291 ἡμεῖς
2699 2236 2715 2252 ο
2745 2220 2945 2291 ὁμοίως
2986 2221 3044 2275 δὲ
3070 2222 3166 2276 καὶ
3194 2222 3326 2295 περὶ
3357 2224 3468 2277 τῶν
3495 2226 3704 2279 ἀντιπό-

2130 2308 2236 2363 δων
2275 2309 2528 2381 λέγομεν,
2579 2311 2677 2380 οὐχ
2728 2309 2804 2374 ὡς
2850 2311 2994 2365 κατά
3042 2313 3150 2365 πᾶν
3207 2313 3503 2369 οἰκούντων
3551 2316 3702 2369 τινῶν

2131 2400 2273 2454 κατὰ
2320 2400 2418 2472 τὴν
2460 2401 2629 2474 αὐτὴν
2686 2402 2976 2475 διάμετρον
3023 2406 3175 2476 ἡμῖν,
3224 2405 3340 2459 ἀλλ’
3373 2406 3526 2471 ὄντος
3568 2409 3703 2470 τινὸς

2130 2493 2294 2547 τόπου
2357 2494 2646 2567 οἱκησίμου
2719 2496 2812 2549 ἐπὶ
2877 2497 2977 2567 τῆς
3038 2498 3143 2568 γῆς
3202 2499 3347 2553 κατὰ
3419 2498 3702 2571 διάμετρον

2132 2585 2285 2655 ἡμῖν.

2216 2677 2353 2731 Ὑπὸ
2382 2678 2439 2731 δὲ
2468 2677 2566 2746 τὴν
2606 2677 3045 2750 διακεκαυμένην
3083 2678 3260 2751 ζώνην
3301 2681 3451 2744 τινὲς
3480 2680 3587 2734 τῶν
3610 2682 3704 2751 ἀρ-

2133 2766 2303 2836 χαίων
2327 2767 2698 2837 ἀπεφήναντο,
2725 2760 2801 2820 ὧν
2832 2768 2951 2820 ἑστι
2987 2768 3083 2821 καὶ
3111 2768 3394 2841 Κλεάνθης
3416 2772 3448 2823 ὁ
3476 2772 3702 2834 Στωϊκὸς

2134 2857 2440 2926 φιλόσοφος,
2489 2856 2856 2928 ὑποκεχύσθαι
2906 2858 3111 2929 μεταξὺ
3154 2859 3261 2913 τῶν
3302 2862 3579 2932 τροπικῶν
3618 2863 3704 2916 τὸν

2145 2947 2428 3001 Ὠκεανόν·
2459 2943 2541 3012 οἷς
2584 2947 2892 3012 ἀκολούθως
2940 2950 3035 3002 καὶ
3065 2948 3289 3021 Κράτης
3327 2954 3703 3024 όηγραμματι-

2134 3038 2250 3105 κὸς,
2277 3039 2377 3111 τὴν
2417 3038 2623 3111 πλάνην
2660 3038 2753 3093 τοῦ
2792 3039 3090 3104 Ὀδυσσέως
3114 3040 3439 3106 διατάσσων,
3475 3045 3568 3097 καὶ
3608 3047 3703 3115 τὴν

2132 3131 2261 3203 ὃλην
2291 3134 2523 3204 σφαῖραν
2553 3132 2653 3201 τῆς
2683 3131 2786 3201 γῆς
2826 3132 3198 3204 καταγράφων
3223 3136 3338 3198 τοῖς
3370 3134 3705 3207 ὁριζομένοις

2133 3220 2384 3287 κύκλοις,
2443 3219 2626 3285 καθὼς
2676 3223 3108 3294 προειρήκαμεν,
3147 3228 3293 3278 ποιεῖ
3350 3228 3552 3297 μεταξὺ
3600 3230 3706 3283 τῶν

2131 3311 2409 3382 τροπικῶν
2439 3312 2557 3365 ,τὸν
2628 3312 2878 3367 Ὠκεανὸν
2925 3314 3177 3385 κείμενον
3195 3356 3211 3380 ,
3258 3317 3437 3387 λέγων
3486 3321 3707 3375 ἀκολού-

2134 3402 2243 3467 θως
2316 3407 2430 3467 τοῖς
2504 3403 2909 3475 μαθηματικοῖς
2976 3408 3077 3478 τὴν
3124 3407 3255 3480 ὅλης
3309 3412 3417 3482 γῆς
3468 3412 3705 3480 διάταξιν

2133 3495 2421 3550 ποιεῖσθαι.
3393 3549 3396 3552 .

2214 3586 2280 3639 Ἦ
2307 3586 2362 3640 δὲ
2399 3587 2624 3658 τοιαύτη
2657 3587 2899 3653 διάταξις
2929 3588 3185 3661 ἀλλοτρία
3211 3592 3330 3645 ἐστι
3360 3594 3568 3648 καὶτοῦ
3606 3613 3702 3666 μαν

2136 3674 2440 3746 θηματικοῦ
2488 3678 2580 3729 καὶ
2624 3675 2719 3728 τοῦ
2765 3677 2997 3745 φυσικοῦ
3029 3677 3211 3747 λόγου,
3244 3682 3341 3734 καὶ
3377 3685 3508 3754 παρ’
3534 3683 3708 3737 οὐδενὶ

2131 3768 2239 3821 τῶν
2284 3767 2527 3839 ἀρχαίων
2584 3767 2982 3839 μαθηματικῶν
3039 3776 3582 3846 κατακεχωρισμένη,
3633 3777 3706 3838 ὡς

2131 3862 2489 3930 ἀποφαίνεται
2546 3860 2790 3931 Κράτης,
2842 3860 3045 3931 μεταξὺ
3097 3863 3207 3916 τῶν
3259 3867 3558 3935 τροπικῶν.
3619 3869 3705 3920 Ἐν

2130 3951 2239 4024 γάρ
2271 3954 2383 4016 τοῖς
2416 3951 2539 4005 καθ’
2572 3952 2721 4021 ἡμᾶς
2753 3951 2966 4023 χρόνοις
3013 3954 3113 4026 ἤδη
3163 3957 3259 4034 καὶ
3304 3957 3704 4026 κατώπτευται,

2131 4044 2224 4097 καὶ
2252 4043 2480 4113 εὓρηται
2526 4042 2593 4096 τὰ
2646 4043 2874 4099 πλεῖστα
2915 4046 3199 4117 οίκήσιμα,
3236 4050 3330 4101 κα)⁵
3372 4051 3437 4103 οὐ
3481 4051 3705 4119 πελάγει

2131 4134 2393 4187 πάντοθεν
2425 4135 2786 4206 περιεχόμενα
2810 4153 2824 4165 ε
2856 4137 3072 4190 καὶτοῦ
3108 4137 3312 4208 μεταξὺ
3344 4141 3707 4214 διαστήματος

2132 4227 2468 4297 ὑπάρχοντος
2495 4226 2603 4279 ἀπὸ
2629 4226 2841 4298 θερινοῦ
2871 4231 3131 4299 τροπικοῦ
3170 4232 3335 4302 μέχρι
3380 4234 3476 4286 τοῦ
3527 4237 3708 4307 ἰσημερ

2135 4319 2279 4388 ρινοῦ
2309 4324 2442 4390 ⁴ιςω⁹
2466 4319 2533 4382 ⁵³,
2565 4319 2660 4371 καὶ
2688 4318 2763 4381 ὡς
2789 4320 2973 4389 σχεδὸν
2997 4323 3089 4374 ἐπὶ
3124 4322 3368 4387 σταδίους
3400 4333 3509 4397 ‘xm’
3535 4329 3601 4392 ",
3633 4329 3706 4391 ὡς

459 4400 654 4455 harum
702 4417 886 4457 rerum
910 4402 1140 4458 historia
1169 4406 1483 4474 conscripta
1512 4413 1620 4469 est,
1668 4420 1791 4459 cum
1820 4420 1882 4460 ea
1933 4421 2027 4476 per

2148 4410 2454 4481 εὐπόρηται,
2477 4408 2570 4462 καὶ
2599 4410 2632 4479 ἡ
2665 4412 2792 4480 περὶ
2818 4411 3023 4465 τούτων
3055 4414 3261 4484 ἱστορία
3293 4417 3705 4489 ἀναγέγραπται

348 4513 354 4519 ο
459 4508 615 4566 reges
655 4494 1056 4550 Alexandrinos
1088 4497 1160 4550 sit
1202 4496 1506 4566 explorata.
1553 4495 1708 4553 Unde
1748 4497 1869 4551 falsi
1902 4508 2029 4553 sunt

459 4585 549 4654 qui
576 4587 867 4656 opinantur
910 4585 1184 4640 Oceanum
1227 4585 1406 4642 fusum
1449 4602 1572 4642 esse
1596 4589 1738 4643 inter
1762 4588 2025 4659 tropicos.

460 4674 554 4730 list
580 4685 763 4731 autem
797 4683 851 4731 et
878 4693 945 4733 ex
985 4677 1072 4732 his
1104 4676 1479 4742 manifestum,
1514 4678 1662 4747 quod
1692 4687 1745 4734 et
1776 4680 1866 4733 illa
1910 4681 2028 4748 opi-

461 4765 571 4831 nio,
601 4767 745 4836 quod
789 4766 1165 4821 inhabitabilis
1194 4767 1264 4821 sit
1296 4768 1445 4837 regio
1484 4769 1628 4823 inter
1661 4772 1902 4840 tropicos
1932 4787 2027 4840 po-

461 4856 563 4909 sita
596 4865 812 4926 propter
843 4865 1013 4911 aestus
1056 4872 1363 4922 excessum,
1415 4866 1469 4912 et
1497 4862 1730 4916 maxime
1761 4877 1826 4917 ea
1877 4864 2027 4933 regio

461 4963 579 5016 qua:
619 4957 704 5002 est
753 4950 806 5001 in
859 4947 1039 5002 medio
1083 4948 1305 5002 torrida:
1352 4963 1536 5013 zona,
1573 4952 1643 5005 sit
1678 4952 1833 5007 falsa.
1890 4952 2025 5009 Nam

459 5039 743 5110 A‘Jthiopes
763 5080 777 5104 ,
821 5041 912 5110 qui
943 5040 996 5092 in
1026 5040 1466 5098 extremitatibus
1499 5043 1722 5098 torridas
1751 5060 1902 5100 zonae
1931 5046 2030 5100 ha-

463 5132 659 5195 bitant,
701 5132 756 5185 in
785 5130 1259 5197 conversionibus,
1293 5148 1390 5189 seu
1438 5135 1692 5192 solstitiis
1720 5137 1924 5193 habent
1973 5138 2029 5192 in

462 5222 665 5277 vertice
688 5219 1325 5286 solem._Existimandum
1341 5233 1425 5279 est
1446 5227 1592 5281 enim
1618 5227 1755 5282 duas
1778 5243 1903 5283 esse
1931 5243 2031 5281 na-

461 5320 585 5364 tura
635 5310 965 5379 AIthiopias,
1024 5326 1149 5365 cum
1200 5323 1255 5368 et
1293 5315 1440 5370 circa
1468 5318 1716 5371 aestivum
1758 5319 2027 5387 tropicum

462 5402 750 5461 circulum.
775 5401 869 5471 qui
899 5403 1041 5471 apud
1063 5419 1163 5461 nos
1195 5413 1301 5471 est,
1341 5407 1588 5462 habitent
1621 5408 1942 5477 IEthiopes;
1975 5417 2030 5463 et

463 5494 609 5547 circa
663 5507 786 5547 eum
843 5494 1109 5563 trnpicum
1176 5500 1270 5569 qui
1329 5501 1489 5555 nobis
1543 5500 1766 5570 quidem
1815 5510 1900 5556 est
1942 5500 2028 5555 hi-

466 5677 515 5708 ”
559 5611 614 5708 Σ
646 5609 831 5708 fl
860 5613 964 5708 m'f’
1001 5631 1086 5681 γρ.
1110 5616 1451 5689 ὐπερϐαἶιον.
1530 5619 1585 5690 ,⁵⁸
1626 5636 1715 5687 γρ.
1763 5619 1989 5690 μυρίων.

547 5696 633 5749 ιφ.
668 5680 1111 5750 ὑπεροικοῦντων.

2131 4500 2221 4554 διὰ
2275 4502 2384 4553 τῶν
2440 4502 2497 4554 ὲν
2578 4499 2953 4574 Ἀλεξανδρείᾳ
3017 4502 3281 4573 βασιλέων
3344 4510 3703 4583 ἐξητασμένη.

2133 4590 2297 4644 Ὅθεν
2348 4589 2753 4658 ψευδοδοξοῦσιν
2813 4592 2862 4644 οἱ
2921 4592 3235 4663 νομίζοντες
3300 4597 3396 4651 τὶν
3460 4600 3705 4655 Ὠκεανὸν

2133 4681 2500 4752 ὑποκεχύσθαι
2542 4682 2743 4751 μεταξὺ
2787 4682 2898 4735 τῶν
2942 4685 3240 4756 τροπικῶν.
3284 4688 3382 4742 Ἐκ
3421 4690 3478 4743 δὲ
3505 4693 3707 4747 τούτοιν

2136 4774 2385 4844 φανερὸν,
2419 4774 2504 4827 ὅτι
2537 4773 2632 4837 καὶ
2663 4773 2725 4826 τὸ
2752 4772 3130 4846 δοξαζόμενον,
3160 4779 3242 4831 ὅτι
3271 4779 3526 4853 ἀοίκητός
3559 4785 3705 4838 ἐστιν

2134 4870 2168 4940 ἡ
2202 4867 2399 4937 μεταξὺ
2444 4867 2553 4921 τῶν
2586 4868 2861 4939 τροπικῶν
2896 4870 3124 4941 κειμένη
3157 4871 3310 4945 χώρα
3354 4875 3443 4930 διά
3475 4877 3570 4948 τὴν
3613 4877 3705 4930 τοῦ

2135 4962 2412 5033 καύματος
2461 4959 2766 5031 ὑπερϐολὴν
2790 4999 2806 5023 ,
2859 4962 2957 5015 καὶ
3007 4963 3240 5034 μάλιστα
3284 4967 3317 5036 ἠ
3359 4969 3487 5039 περὶ
3538 4969 3707 5040 μέσην

2133 5053 2230 5123 τὴν
2258 5050 2694 5123 διακεκαυμένην
2723 5050 2920 5122 ζώνην,
2951 5053 3142 5123 ψεῦδός
3174 5058 3342 5111 ἐστιν.
3374 5060 3437 5111 Οἱ
3473 5061 3568 5131 μὲν
3598 5062 3706 5131 γὰρ

2133 5145 2201 5196 τὰ
2241 5142 2455 5215 πέρατα
2498 5143 2598 5212 τῆς
2638 5141 3078 5214 διακεκαυμένης
3107 5144 3283 5217 ζώνης
3309 5148 3581 5212 οἰκοῦντες
3610 5154 3705 5202 Αἰ-

2135 5233 2318 5296 θίοπές
2356 5234 2461 5286 εἱσι
2505 5230 2647 5285 κατὰ
2696 5232 2941 5303 κορυφὴν
2983 5234 3199 5303 ἔχοντες
3241 5238 3299 5288 ἐν
3332 5242 3453 5301 ταῖς
3481 5243 3705 5310 τροπαῖς

2132 5326 2221 5377 τὸν
2253 5324 2427 5395 ἥλιον.
2459 5324 2563 5377 Δύο
2601 5323 2709 5395 γάρ
2751 5322 3038 5388 Αἰθιοπίας
3063 5327 3129 5395 τῇ
3170 5325 3330 5393 φύσει
3373 5329 3706 5400 ὑποληπτέον

2135 5416 2421 5487 ὑπάρχειν,
2471 5414 2599 5486 περί
2650 5430 2708 5466 τε
2754 5414 2844 5467 τὸν
2891 5414 3103 5487 θερινὸν
3139 5419 3400 5487 τροπικὸν
3447 5419 3536 5473 τὸν
3581 5424 3707 5492 παρ’

2135 5507 2265 5577 ημῖν
2305 5507 2503 5563 κύκλον
2548 5505 2968 5576 περιοικούντων
3014 5510 3059 5540 ⁸³
3099 5510 3395 5579 Αἰθιόπων,
3440 5516 3533 5568 καὶ
3586 5517 3710 5585 περὶ

2106 5624 2150 5655 ⁸²
2180 5643 2272 5694 γρ.
2307 5626 2373 5699 ,β.
2405 5627 2478 5682 σί.
2514 5625 2643 5699 ,βωα
2688 5621 2783 5679 His
2819 5640 2927 5680 non
2960 5627 3255 5683 concordat
3292 5631 3474 5689 vcrsio
3498 5628 3713 5693 Latina.
