3786 6314
21 333 98 388 illi
991 326 1226 384 GEMINI
1266 327 1576 382 ELEMEN'I

1685 325 1806 381 AST
1816 323 2170 382 RONOMIE.

3123 327 3231 383 8ιῖ

21 453 94 502 ei»:
121 449 245 518 ἡμῖν
288 447 390 517 μὲν
423 442 728 515 χειμερινὸν
765 444 1043 512 τροπικὸν,
1076 445 1191 507 τοῖς
1228 444 1286 497 δὲ
1316 444 1566 497 ἀντίποσι

1685 458 1907 506 Jernus,
1970 441 2320 512 antipodibus
2373 455 2501 496 vero
2557 441 2823 499 aestivus.
2883 439 2996 496 Hoc
3055 447 3238 495 autem

24 541 223 611 θερινόν.
253 538 426 591 Τοῦτο
454 537 511 590 δέ
541 552 672 607 φησι
711 535 936 608 Κράτης
967 536 1062 588 καὶ
1091 536 1180 590 τὸν
1206 537 1452 608 Ὅμηρον
1481 534 1570 587 λέ-

23 649 120 697 γειν
155 631 208 680 ἐν
233 624 318 690 οἷς
343 643 510 698 φησιν
531 642 544 654 ·

25 742 288 804 Αἰθίοπες,
334 737 422 791 τοὶ
452 735 626 806 διχθὰ
665 735 988 800 δεδαίαται,
1020 735 1264 803 ἔσχατοι
1284 732 1522 801 ἀνδρῶν
1544 748 1561 764 ο

27 881 78 930 Οἱ
105 875 213 945 μὲν
254 873 638 944 δυσσομένου
683 872 1045 940 Ὑπερίονος,
1093 871 1147 923 οἱ
1175 869 1227 922 δ’
1269 870 1565 934 ἀνιόντος.

26 1059 221 1128 Κράτης
274 1056 373 1126 μὲν
425 1050 539 1115 οὖν,
577 1049 1036 1121 παραδοξολογῶν,
1074 1049 1141 1102 τὰ
1185 1049 1272 1118 ὑφ’
1329 1048 1567 1119 Ὀμήρου

27 1149 276 1221 ἀρχαϊκῶς
331 1148 426 1201 καὶ
477 1145 658 1208 ἰδικῶς
698 1143 964 1216 εἰρημένα
1009 1142 1235 1212 μετάγει
1279 1142 1414 1212 πρὸς
1470 1142 1570 1212 τὴν

26 1244 128 1294 κατ’
169 1240 422 1312 ἀλήθειαν
467 1235 867 1308 σφαιροποιίαν.
905 1235 1149 1305 Ὄμηρος
1191 1234 1288 1305 μὲν
1321 1234 1430 1305 γάρ
1476 1233 1571 1286 καὶ

25 1336 67 1386 οἱ
109 1334 311 1405 ἀρχαῖοι
344 1330 566 1400 ποιηταὶ
605 1327 814 1398 σχεδὸν,
853 1327 928 1390 ὡς
976 1327 1169 1390 εἰπεῖν,
1205 1327 1403 1388 πάντες
1449 1324 1570 1376 ἐπί-

27 1426 164 1478 πεδον
187 1425 506 1492 ύιρίστανται
529 1421 624 1493 τὴν
649 1421 774 1492 γῆν,
800 1419 894 1473 καὶ
921 1419 1244 1471 συνάπτουσι
1275 1415 1354 1487 τῷ
1384 1416 1573 1486 κόσμῳ

26 1517 107 1570 καὶ
133 1517 307 1584 κύκλῳ
341 1514 432 1568 τὸν
473 1513 722 1566 Ὠκεανὸν
757 1511 1158 1582 περικείμενον,
1191 1509 1288 1562 καὶ
1332 1508 1431 1579 τὴν
1476 1506 1573 1560 τοῦ

26 1609 270 1679 ὁρίζοντος
303 1606 569 1675 ἐπέχοντα
610 1602 782 1667 τάξιν,
827 1602 920 1654 καί
946 1601 1044 1664 τὰς
1072 1598 1335 1662 ἀνατολὰς
1367 1600 1432 1652 ὲκ
1476 1596 1572 1650 τοῦ

35 1699 286 1763 Ὠκεανοῦ,
333 1699 428 1751 καὶ
469 1696 568 1760 τάς
611 1694 790 1757 δύσεις
832 1695 910 1756 εἰς
951 1693 1042 1746 τὸν
1087 1691 1374 1745 Ὠκεανόν·
1429 1688 1574 1743 ὥστε

1669 533 1858 589 Crates
1894 534 2072 604 inquit
2107 533 2271 588 etiam
2304 531 2599 588 Homerum
2648 533 2832 589 dicere
2881 535 2937 588 in
2979 533 3089 597 bis,
3143 534 3236 588 ubi

1669 625 1744 679 ait
1773 644 1786 680 :

1739 737 2038 807 Eliciopes,
2073 739 2162 807 qui
2187 737 2441 807 bifariam
2468 738 2624 792 divisi
2659 747 2804 802 sunt,
2841 737 3065 794 extremi
3098 737 3242 791 viro--

1742 877 1849 931 Alii
1892 879 2102 949 quidem
2139 877 2206 931 ad
2253 877 2569 931 occidentem
2619 881 2819 945 solem,
2863 877 2961 931 alii
3009 825 3240 931 ιένὲαῗᾶ

2965 951 3236 1002 orientem.

1669 1057 1859 1114 Crates
1921 1058 2106 1129 igitur,
2141 1074 2265 1113 cum
2313 1059 2549 1114 absurda
2583 1059 2856 1130 loquatur,
2915 1073 2978 1113 ea
3015 1074 3137 1129 quae
3170 1058 3241 1112 ab

1674 1149 1906 1204 Homero
1941 1149 2112 1205 veteri
2183 1157 2237 1205 et
2277 1151 2497 1221 pr0prio
2526 1167 2675 1206 more
2697 1158 2826 1207 sunt
2856 1149 3022 1214 dicta,
3057 1159 3242 1204 trans-

1674 1238 1777 1293 fert
1808 1239 1876 1293 ad
1897 1255 2080 1294 veram
2106 1239 2329 1309 sphaera:
2346 1241 2744 1295 formationem.
2772 1239 3036 1294 llomerus
3067 1241 3234 1300 enim,

1673 1338 1727 1385 et
1759 1339 1972 1386 veteres
1996 1339 2170 1401 poeta:
2196 1331 2330 1396 fere,
2361 1340 2420 1386 ut
2449 1333 2764 1387 summatim
2795 1332 2996 1394 dicam,
3025 1346 3237 1394 omnes,

1676 1424 1890 1493 planam
1948 1426 2293 1477 constituunt
2355 1432 2596 1488 terram,
2659 1439 2712 1478 et
2741 1439 2860 1478 eam
2913 1431 3240 1479 convertunt

1676 1514 1898 1567 mundo.
1954 1513 2262 1580 Quinetiam
2300 1515 2510 1585 fingunt
2569 1516 2623 1569 in
2679 1516 2914 1570 circuitu
2961 1514 3238 1570 Oceanum

1675 1607 2094 1671 circumfusum,
2141 1617 2196 1664 et
2236 1609 2523 1664 habentem
2566 1610 2833 1664 rationem
2887 1609 3188 1664 horizoutis
3223 1628 3236 1662 :

1676 1698 1745 1752 ad
1793 1699 1907 1754 haec
1949 1709 2102 1754 ortus
2147 1717 2216 1755 ex
2249 1700 2467 1756 Oceano
2522 1709 2576 1757 et
2604 1717 2835 1758 occasus
2878 1703 2933 1756 in
2963 1700 3240 1757 Oceanum

27 1795 136 1854 τοὺς
158 1789 549 1862 πλησιάζοντας
578 1791 642 1858 τῇ
668 1785 900 1856 ἀνατολῇ
927 1785 1021 1838 καὶ
1041 1787 1106 1856 τῇ
1137 1783 1285 1838 δύσει
1307 1782 1574 1846 Αἰθίοπας

1685 1789 1810 1846 θοι-ἰ.
1876 1793 2062 1866 Itaque
2091 1795 2404 1866 Ethiopas,
2446 1797 2538 1867 qui
2585 1804 2741 1852 erant
2771 1795 3063 1867 propinqui
3093 1797 3242 1850 ortui

30 1882 386 1954 ὑπελάμϐανον
418 1879 661 1948 γίνεσθαι
684 1875 1108 1944 καταιθομένους
1141 1873 1244 1926 ὑπὸ
1275 1871 1368 1926 τοῦ
1398 1871 1570 1942 ἡλίου.

27 1975 158 2045 Αὕτη
204 1975 260 2026 δὲ
306 1975 340 2042 ἡ
381 1969 650 2042 πρόληψις
692 1971 759 2038 τῇ
815 1966 913 2037 μὲν
966 1963 1298 2036 προκειμένῃ
1337 1961 1574 2026 διατάξει

32 2066 294 2129 ἀκόλουθός
317 2067 455 2129 ἐστι,
484 2063 584 2132 τῆς
610 2061 666 2114 δὲ
700 2059 843 2112 κατά
871 2057 1030 2126 φύσιν
1073 2054 1452 2126 σφαιροποιίας
1478 2053 1574 2107 άλ-

29 2159 210 2228 λοτρία.
248 2159 312 2209 Ἠ
345 2155 456 2226 γάρ
501 2154 572 2222 γῆ
608 2152 746 2223 μέση
780 2153 954 2203 κεῖται
996 2146 1088 2200 τοῦ
1141 2148 1453 2214 σύμπαντος
1481 2144 1574 2197 κό-

32 2267 175 2318 σμου,
202 2247 428 2319 σημείου
457 2244 611 2310 τάξιν
650 2243 920 2311 ἐπέχουσα
942 2257 956 2269 ο
985 2240 1040 2290 αἱ
1084 2237 1141 2290 δὲ
1179 2235 1435 2289 ἀνατολαὶ
1478 2234 1573 2288 τοῦ

31 2343 163 2411 ἡλίου
188 2340 424 2408 γίνονται
455 2337 549 2392 καὶ
575 2336 631 2388 αἱ
661 2334 841 2396 δύσεις
876 2334 940 2386 ὲκ
979 2330 1073 2384 τοῦ
1101 2329 1317 2400 αἰθέρος
1361 2329 1454 2381 καὶ
1497 2331 1575 2390 εἰς

32 2434 110 2485 τὸν
136 2431 335 2502 αἰθέρα,
356 2430 446 2484 διά
474 2427 672 2504 παντὸς
707 2424 800 2478 τοῦ
827 2423 979 2494 ἡλίου
1015 2423 1128 2474 ἴσον
1156 2419 1450 2489 ἀπέχοντος
1479 2418 1576 2488 τῆς

33 2529 136 2596 γῆς.
162 2525 314 2578 Ὅθεν
337 2523 396 2577 αἰ
425 2522 523 2592 μὲν
547 2515 936 2589 προειρημέναι
975 2511 1249 2566 Αἰθιοπίαι
1276 2509 1577 2580 ἀδιανόητοί

34 2620 182 2671 εἰσιν·
213 2618 268 2670 αἰ
310 2615 368 2669 δὲ
415 2613 522 2667 ὑπὸ
546 2611 673 2674 τοὺς
710 2612 767 2662 ἐν
797 2608 875 2678 τῷ
917 2608 1105 2678 κόσμῳ
1139 2605 1430 2677 τροπικοὺς
1463 2602 1578 2658 κεί-

40 2726 193 2778 μεναι,
221 2707 420 2768 αἵτινες
462 2702 796 2776 ὑπάρχουσιν
835 2699 925 2752 ἐπὶ
971 2699 1038 2752 τά
1078 2697 1290 2770 πέρατα
1317 2696 1423 2750 τῶν
1462 2696 1578 2750 δια·

37 2800 359 2872 κεκαυμένων
388 2796 597 2862 ζωνῶν,
640 2795 777 2847 κατὰ.
817 2793 976 2862 φύσιν
1009 2791 1240 2862 ἔχουσιν.
1286 2790 1360 2843 υύ
1395 2789 1576 2860 μέντοι

36 2909 88 2958 γε
129 2890 453 2962 ὑποληπτέον
503 2886 754 2956 ἀοίκητον
803 2879 942 2935 εἶναι
992 2882 1090 2952 τὴν
1146 2879 1577 2952 διακεκαυμένην

37 2983 204 3054 ζώνην.
238 2982 377 3053 Ἤδη
407 2981 517 3050 γάρ
545 2979 635 3031 ἐπὶ
665 2976 888 3038 πολλοὺς
918 2975 1112 3037 τόπους
1142 2974 1242 3044 τῆς
1274 2972 1448 3042 ζώνης
1479 2972 1579 3042 τῆς

36 3074 438 3145 διακεκαυμένης
471 3068 758 3141 ἐληλύθασι
789 3085 954 3132 τινες,
1001 3067 1092 3120 καὶ
1136 3065 1203 3120 τὰ
1247 3066 1468 3120 πλεῖστα
1496 3068 1569 3118 οἰ-

39 3163 216 3234 κήσιμα
251 3162 504 3234 εὓρηται.

95 3254 240 3308 Ὅθεν
279 3254 375 3308 καὶ
409 3252 654 3323 ζητεῖται
685 3249 834 3322 παρὰ
865 3247 1098 3314 πολλοῖς,
1135 3250 1182 3300 εἰ
1213 3248 1282 3300 τὰ
1325 3247 1454 3320 περί
1482 3246 1576 3318 μέ-

40 3361 123 3416 σην
160 3346 248 3417 τὴν
292 3342 732 3413 διακεκαυμένην
779 3340 1182 3411 οἰκησιμώτερα
1216 3339 1414 3410 μᾶλλόν
1459 3339 1577 3391 ἐστι

39 3435 128 3489 τῶν
149 3437 264 3508 περί
286 3437 354 3490 τά
388 3435 602 3505 πέρατα
628 3434 726 3504 τῆς
751 3431 1182 3502 διακεκαυμένης
1203 3430 1376 3500 ζώνης
1400 3430 1578 3502 ὑπαρ-

41 3529 216 3596 χουσῶν
238 3529 525 3600 οἰκήσεων.
556 3524 813 3588 Πολύϐιος
849 3520 941 3577 οὖν
973 3525 1002 3576 ό
1040 3523 1452 3594 ἱστοριογράφος
1490 3539 1581 3575 πε-

41 3623 426 3694 πραγμάτευται
471 3619 710 3691 βιϐλίον,
757 3619 786 3670 ὃ
831 3618 1139 3688 ἐπιγραφὴν
1188 3617 1332 3686 ἔχει’
1375 3633 1394 3668 ι
1444 3616 1581 3688 Περί

42 3714 121 3784 τῆς
147 3716 264 3787 περὶ
300 3715 390 3768 τὸν
420 3710 732 3783 ἰσημερινὸν
775 3710 1071 3782 οἰκήσεως·
1117 3727 1135 3760 ι
1171 3709 1306 3782 αὔτη
1348 3709 1406 3762 δέ
1435 3711 1580 3762 ἐστιν

42 3805 88 3856 ὲν
133 3808 260 3882 μέσῃ
321 3811 388 3878 τῇ
449 3804 849 3875 διακεκαυμένη
902 3802 1082 3873 ζώνῃ·
1136 3802 1230 3856 καί
1284 3819 1448 3874 φησιν
1503 3803 1580 3855 οἰ-

44 3899 223 3952 κεῖσθαι
267 3900 393 3962 τοὺς
421 3899 654 3960 τόπους,
706 3895 800 3949 καὶ
833 3894 1232 3964 εύκρατοτέραν
1281 3893 1426 3964 ἔχειν
1484 3892 1582 3964 τὴν

45 3991 223 4063 οἰκησιν
247 3992 352 4046 τῶν
385 3991 518 4062 ’περί¹
558 3988 629 4042 τά
661 3987 871 4058 πέρατα
898 3988 991 4058 τῆς
1019 3986 1454 4057 διακεκαυμένης
1478 3984 1582 4049 ζώ-

45 4097 121 4150 νης
146 4083 458 4137 οἰκούντωνο
500 4081 593 4134 καὶ
625 4079 661 4133 ἃ
707 4079 805 4150 μὲν
845 4078 1080 4150 ἱστορίας
1109 4079 1261 4148 φέρει
1304 4077 1412 4131 τῶν
1451 4093 1584 4131 κατ-

45 4177 364 4228 ωπτευκότων
441 4173 541 4236 τὰς
593 4173 864 4243 οἰκήσεις,
914 4171 1010 4224 καὶ
1063 4167 1582 4242 ἐπιμαρτυρούντων

46 4267 133 4328 τοῖς
159 4265 492 4336 φαινομένοις
513 4282 527 4296 ·
557 4264 593 4318 ἃ
621 4265 677 4317 δὲ
706 4262 1070 4330 ἐπιλογίζεται
1103 4263 1194 4314 ἐπὶ
1221 4262 1320 4332 τῆς
1345 4261 1583 4332 φυσικῆς

47 4360 149 4427 περὶ
176 4359 261 4412 τὸν
286 4361 436 4430 ἥλιον
475 4356 823 4427 ὑπαρχούσης
863 4354 1147 4424 κινήσεως.
1205 4351 1263 4406 'O
1291 4352 1399 4423 γὰρ
1431 4351 1583 4422 ἥλιος

1673 1892 1728 1938 et
1768 1887 2012 1954 occasui,
2059 1889 2326 1958 putabant
2365 1890 2611 1945 comburi
2645 1905 2674 1944 a
2713 1892 2847 1946 sole.
2904 1889 3031 1944 Haec
3058 1897 3240 1946 autem

1673 1979 1858 2047 Opinio
1887 1985 2180 2051 propositae
2209 1983 2428 2052 quidem
2457 1983 2806 2052 dispositioni
2836 1996 3078 2054 congrua
3113 1989 3198 2037 est
3223 1999 3244 2049 ;

1673 2071 1769 2126 sed
1803 2088 1832 2126 a
1861 2088 1988 2127 vera
2022 2077 2365 2145 naturalique
2406 2075 2630 2145 sphzerte
2657 2074 2984 2128 formatione
3012 2081 3094 2128 est
3113 2074 3244 2128 alie-

1675 2177 1763 2215 na.
1827 2162 1994 2218 Terra
2035 2165 2180 2218 enim
2209 2167 2264 2220 in
2292 2166 2470 2221 medio
2511 2168 2732 2234 ponitur
2766 2166 3002 2220 universi
3027 2165 3242 2230 mundi,

1675 2257 1945 2326 habetque
1972 2259 2154 2327 puncti
2184 2260 2470 2313 rationem.
2507 2257 2676 2313 Ortus
2703 2274 2834 2314 vero
2870 2258 3004 2314 solis
3054 2267 3107 2312 et
3156 2272 3246 2312 oc-

1675 2365 1837 2407 casus
1855 2350 1990 2405 fiunt
2016 2367 2082 2406 ex
2109 2353 2331 2416 aethere,
2376 2360 2430 2407 et
2479 2353 2534 2406 in
2583 2356 2802 2418 aethere,
2831 2366 2955 2406 cum
2987 2351 3070 2406 sol
3098 2367 3246 2406 sem-

1676 2456 1772 2511 per
1794 2441 2074 2510 aaqualiter
2101 2443 2266 2497 distet
2294 2457 2322 2496 a
2357 2452 2519 2498 terra.
2552 2444 2705 2500 Unde
2735 2445 3006 2514 praedictae
3035 2443 3244 2499 Ethio-

1676 2533 1777 2602 piae
1802 2547 1910 2586 non
1942 2542 2070 2587 sunt
2099 2535 2437 2599 cogitanda:
2466 2552 2585 2607 quae
2608 2551 2735 2591 vero
2767 2537 2957 2606 positae
2988 2544 3117 2592 sunt
3138 2538 3244 2591 sub

1676 2625 1904 2695 tropicis
1931 2627 2139 2691 mundi,
2171 2643 2401 2698 qumque
2429 2637 2553 2684 sunt
2581 2629 2635 2684 in
2665 2631 3105 2685 extremitatibus
3135 2638 3246 2685 tor-

1676 2717 1918 2771 ridarum
1952 2731 2248 2785 zonarum,
2282 2726 2410 2773 sunt
2456 2719 2755 2773 secundum
2803 2729 3079 2776 naturam.
3139 2719 3246 2775 Ve-

1677 2815 1985 2862 rumtamen
2014 2823 2126 2862 non
2166 2815 2252 2864 est
2289 2809 2635 2880 cogitandum
2683 2809 3088 2864 inbabitabilem
3121 2825 3244 2865 esse

1678 2915 1872 2955 zonam
1923 2901 2210 2956 torridam.
2258 2900 2380 2955 Jam
2427 2901 2572 2956 enim
2621 2901 2688 2955 ad
2743 2902 2910 2956 multa
2945 2901 3062 2956 loca
3094 2917 3245 2956 zonae

1678 2992 1900 3048 torrida:
1936 3001 2201 3048 venerunt
2243 2993 2432 3064 aliqui,
2489 3001 2543 3048 et
2570 2993 2804 3063 plurima
2858 2994 2975 3051 loca
3024 2994 3244 3047 inventa

1679 3089 1807 3137 sunt
1844 3081 2178 3137 habitabilia.

1753 3261 1905 3316 Unde
1935 3261 2098 3316 etiam
2126 3261 2387 3332 queritur
2411 3276 2442 3314 a
2466 3261 2672 3324 multis,
2710 3276 2779 3314 an
2804 3262 2918 3315 loca
2958 3261 3105 3315 circa
3132 3275 3249 3315 mc—

1679 3350 1822 3405 diam
1850 3351 2108 3406 torridam
2137 3367 2331 3406 zonam
2373 3352 2484 3406 sint
2524 3352 2694 3422 magis
2721 3351 3055 3417 habitabilia,
3081 3367 3246 3422 quam

1681 3442 2048 3498 habitationes
2089 3457 2210 3512 quae
2248 3443 2519 3497 exsistunt
2555 3444 2700 3498 circa
2735 3443 3109 3499 extremitates
3141 3453 3251 3496 tor-

1679 3535 1812 3589 rida:
1836 3550 2006 3590 zonae.
2033 3534 2290 3606 Polybius
2311 3535 2475 3605 igitur
2505 3535 2798 3590 historicus
2830 3534 3158 3602 conscripsit
3184 3534 3248 3586 li-

1681 3625 1837 3679 brum
1881 3627 1976 3696 qui
2018 3625 2359 3691 inscribitur,
2425 3625 2500 3679 De
2555 3625 2878 3682 habitatione
2909 3626 3052 3678 circa
3088 3626 3252 3689 tequi-

1681 3713 1982 3768 noctialem.
2041 3713 2168 3769 Haec
2213 3723 2393 3770 autem
2442 3724 2528 3771 est
2563 3717 2616 3770 in
2650 3715 2826 3771 media
2852 3717 3057 3770 torrida
3087 3731 3248 3795 zona;

1681 3813 1844 3876 atque
1893 3805 2071 3876 inquit
2116 3807 2349 3861 habitari
2395 3806 2509 3862 haec
2545 3807 2687 3870 loca,
2744 3814 2798 3863 et
2827 3807 3027 3863 habere
3075 3807 3252 3882 magis

1682 3904 2036 3968 temperatam
2065 3899 2478 3965 habitationem,
2502 3915 2664 3970 quam
2695 3900 2897 3956 habent
2919 3902 2952 3954 ii
2984 3902 3076 3972 qui
3106 3903 3254 3956 circa

1681 3992 2054 4046 extremitates
2087 3991 2308 4046 torrida:
2335 4008 2486 4047 zonae
2526 3993 2776 4048 habitant
2808 4009 2821 4044 :
2853 4009 2918 4048 ac
2947 3995 3141 4063 partim
3175 3994 3256 4048 hi-

1683 4083 1884 4136 storias
1915 4080 2071 4137 all'ert
2098 4098 2286 4137 eorum
2345 4085 2444 4154 qui
2467 4084 2713 4138 viderant
2738 4085 2834 4139 has
2865 4085 3250 4148 habitationes,

1681 4181 1736 4228 et
1756 4174 1978 4243 insuper
2005 4175 2374 4228 testimonium
2405 4175 2715 4244 praebebant
2738 4178 3091 4246 apparentiis;
3126 4193 3251 4246 par~

1683 4265 1778 4317 tim
1811 4264 2170 4318 ratiocinatur
2204 4279 2271 4317 ex
2304 4265 2535 4318 naturali
2568 4265 2698 4319 solis
2730 4276 2900 4321 motu.
2956 4264 3051 4320 Sol
3103 4267 3250 4320 enim

1684 4355 1829 4408 circa
1859 4353 2098 4430 tropicos
2127 4352 2364 4408 circulos
2390 4353 2548 4424 longo
2583 4363 2960 4407 commoratur
2984 4362 3249 4423 tempore,

48 4451 150 4516 περὶ
179 4450 270 4519 μὲν
320 4450 448 4512 τοὺς
489 4446 784 4519 τροπικοὺς
832 4445 1064 4508 κύκλους
1112 4443 1278 4496 πολὺν
1328 4443 1576 4514 ἐπιμένει

1685 4443 1984 4500 secundum
2028 4458 2312 4499 accessum
2346 4443 2414 4498 ad
2445 4459 2560 4508 eos,
2596 4452 2648 4498 et
2676 4444 3002 4508 discessum,
3043 4452 3102 4498 ut
3143 4445 3253 4500 fere

49 4540 204 4607 χςόνον
247 4540 388 4594 κατά
435 4540 536 4610 τὴν
579 4536 812 4609 πάροδον
853 4537 900 4569 ⁸⁵
931 4536 1028 4607 τὴν
1063 4535 1198 4606 πρὸς
1227 4535 1444 4598 αὐτοὺς,
1485 4534 1579 4588 καὶ

47 4629 125 4698 τὴν
156 4632 496 4703 ἀποχώρησιν
521 4648 535 4661 ο
571 4628 711 4683 ὥστε
758 4629 941 4698 σχεδὸν
986 4629 1070 4698 ἐφ’
1095 4628 1302 4698 ἡμέρας
1337 4634 1390 4698 μ’
1430 4626 1582 4697 μένει

51 4722 159 4790 πρὸς
189 4724 431 4793 αἴσθησιν
480 4722 574 4794 ἐπὶ
605 4719 878 4789 τροπικῶν
920 4718 1165 4771 κύκλων·
1201 4718 1266 4770 δι’
1297 4719 1362 4789 ἢν
1403 4717 1580 4770 αἰτίαν

50 4810 102 4861 τὰ
137 4814 326 4884 μεγέθη
357 4813 465 4867 τῶν
494 4810 716 4883 ἡμερῶν
745 4809 928 4880 σχεδὸν
961 4810 1044 4878 ἐφ’
1069 4808 1284 4879 ἡμέρας
1321 4814 1372 4879 μ’
1403 4807 1580 4860 ταυτα

52 4898 251 4972 διαμένει
276 4923 289 4936 ·
325 4905 465 4966 ὅθεν,
517 4902 781 4973 ἐπιμονῆς
805 4901 1090 4971 γινομένης
1133 4899 1269 4970 πρὸς
1301 4897 1398 4961 τὰς
1426 4899 1578 4968 οἰκή-

54 5005 140 5057 σεις
180 4997 272 5060 τὰς
315 4997 573 5066 κειμένας
601 4995 706 5047 ὑπὸ
731 4995 856 5056 τοὺς
880 4993 1193 5064 τροπικοὺς,
1221 4991 1433 5062 ἀνάγκη
1477 4992 1579 5042 ὲκ-

57 5085 317 5152 ﬂagitabat
364 5088 461 5158 τὴν
503 5085 738 5156 οἴκησιν,
773 5085 865 5137 καὶ
899 5084 1150 5154 ἀοίκητον
1198 5081 1442 5149 γίνεσθαι
1489 5081 1579 5137 διὰ

59 5173 127 5244 τὴν
152 5179 237 5232 τοῦ
260 5182 540 5250 καύματος
568 5177 894 5250 ὑπερϐολήν.
955 5178 1087 5232 Ἀπὸ
1114 5178 1170 5231 δὲ
1198 5177 1292 5229 τοῦ
1332 5179 1581 5249 ἰσημερι-

61 5265 126 5315 Ιῦῦ
156 5269 343 5322 κύκλου
383 5270 602 5341 ταχείας
645 5267 925 5339 συμϐαίνει
959 5269 1056 5332 τὰς
1090 5269 1470 5337 ἀποχωρήσεις
1499 5266 1583 5337 γί-

63 5359 234 5412 νεσθαιο
275 5362 394 5416 ὅθεν
437 5365 530 5416 καὶ
563 5361 632 5414 τά
671 5361 870 5432 μεγέθη
896 5361 1002 5414 τῶν
1041 5358 1264 5430 ἡμερῶν
1314 5358 1442 5428 περὶ
1484 5357 1584 5420 τὰς

65 5443 307 5522 ἰσημερίας
341 5455 579 5524 μεγάλας
613 5453 876 5522 λαμϐάνει
909 5453 1008 5515 τὰς
1039 5447 1431 5522 παραυξὴσεις.
1478 5447 1582 5501 Εὕ-

67 5535 181 5607 δογον
208 5543 296 5600 οὖν
339 5556 430 5600 καὶ
460 5549 559 5612 τὰς
597 5545 701 5598 ὑπὸ
727 5547 817 5598 τὸν
862 5545 1171 5616 ἰσημερινὸν
1211 5541 1465 5613 κειμένας
1508 5541 1586 5594 οἰ-

117 5696 154 5725 ιι

175 5717 253 5767 π).
291 5700 567 5773 πρόσοδον.

343 5797 611 5857 ΡΑτιιοι..
653 5796 772 5858 Gn.
829 5797 1001 5861 XIX;

1688 4534 1753 4588 ad
1813 4535 1932 4591 dies
1982 4536 2339 4607 quadraginta
2370 4536 2476 4606 32
2508 4543 2746 4601 maneat,
2791 4537 2971 4607 quoad
3003 4552 3250 4601 sensum,

1688 4624 1742 4676 in
1788 4623 2014 4692 tropicis
2061 4625 2300 4678 circulis.
2351 4624 2524 4690 Quam
2563 4624 2634 4678 ob
2672 4639 2894 4680 causam
2927 4626 3255 4696 magnitudi-
3287 4629 3296 4637 '

1686 4729 1784 4768 ncs
1813 4715 2023 4768 dierum
2068 4714 2180 4770 fere
2210 4715 2275 4769 ad
2303 4716 2421 4772 dies
2453 4716 2522 4770 40
2561 4724 2782 4770 manent
2815 4715 3036 4771 eaedem.
3098 4716 3255 4772 Unde

1687 4822 1810 4861 cum
1859 4823 2008 4861 mora
2038 4807 2130 4861 fiat
2160 4807 2226 4861 ad
2267 4808 2388 4863 illas
2441 4808 2803 4863 habitationes
2833 4823 2953 4878 quae
2976 4809 3096 4863 sita:
3124 4818 3255 4863 sunt

1691 4898 1793 4953 sub
1835 4899 2084 4969 tropicis,
2128 4914 2354 4954 necesse
2395 4909 2480 4955 est
2531 4907 2591 4953 ut
2619 4899 2815 4965 ardpre
2837 4906 3110 4955 torreatur
3140 4899 3255 4954 haec

1690 4990 1971 5051 habitatio,
2007 5000 2169 5059 atque
2203 4990 2574 5045 inhabitabilis
2605 4990 2697 5046 fiat
2736 4998 2955 5062 propter
2983 4999 3150 5047 aestus
3169 5006 3256 5046 ex-

1689 5097 1925 5138 cessum.
1978 5081 2048 5134 At
2086 5081 2156 5136 ab
2186 5084 2550 5153 aequinoctiali
2583 5084 2791 5139 circulo
2816 5085 3084 5156 contingit
3111 5085 3258 5140 velo-

1687 5188 1781 5228 ces
1809 5173 1923 5227 fieri
1951 5171 2228 5228 discessus
2255 5193 2269 5228 :
2315 5174 2460 5229 unde
2485 5175 2649 5228 etiam
2680 5173 3085 5244 magnitudines
3135 5173 3254 5227 die-

1683 5280 1806 5320 rum
1856 5266 2004 5319 circa
2053 5265 2378 5334 azquinoctia
2413 5280 2604 5334 magna
2626 5265 2850 5335 capiunt
2892 5265 3251 5319 incrementa.

1683 5357 2126 5412 Consentaneum
2175 5358 2454 5428 estigitur
2502 5373 2597 5412 eas
2642 5358 2803 5412 etiam
2864 5357 3251 5417 habitationes,

1685 5463 1807 5519 quae
1838 5455 1965 5503 sunt
1993 5447 2112 5501 sita:
2137 5447 2238 5501 sub
2266 5447 2658 5517 aequinoctiali,
2687 5449 2862 5518 magis
2891 5463 3014 5503 esse
3041 5454 3245 5515 tempe-

1685 5549 1872 5610 ratas;
1897 5555 2022 5596 cum
2052 5541 2306 5597 ascensio
2334 5541 2551 5612 quidem
2587 5540 2678 5594 fiat
2712 5555 2877 5596 super
2910 5547 3111 5595 nuncto
3139 5555 3256 5592 ver-

2904 5789 2985 5849 27
