3786 6340
93 343 180 400 885

1089 340 1326 396 GEMIM
1365 338 1735 397 ELEMENTA
1761 338 2255 399 ΑΒἸἪΟΝΟΜΙᾸΞ.

3203 342 3306 400 δίϐ

93 458 279 530 ἡμέραν
325 458 424 513 καὶ
453 457 599 530 μῆνα
625 457 721 520 τὰς
762 455 1050 527 γενομένας
1075 456 1383 528 ὁλοσχερεῖς
1418 454 1644 530 μεταϐολ-

1744 470 1837 510 eas
1881 454 2233 521 mutationes,
2276 469 2398 526 quae
2445 453 2680 511 maxime
2710 454 2858 510 circa
2879 450 3067 512 eadem
3096 455 3305 514 zodiaci

93 552 174 615 λάς
194 549 284 607 τοῦ
316 550 505 623 ἀέρος,
533 551 875 621 πνευμάτων,
909 548 1153 621 ὄμϐρων,
1209 548 1472 621 χαλάζης,
1506 566 1646 619 παρα

92 644 314 697 ετίθεσαν
369 645 497 707 ταῖς
543 645 636 697 τοῦ
684 642 834 713 ἡλίου
883 644 1102 711 ὲποχαῖς
1129 641 1269 695 κατὰ
1320 641 1508 705 ζώδιον
1549 641 1645 694 καὶ

91 733 212 788 κατὰ
234 735 456 803 μοῖραν.
503 732 672 786 Τοῦτο
707 732 799 785 ἐπὶ
837 731 1054 785 πλείονα
1082 730 1174 803 ἔτη
1215 735 1643 804 παρατηρήσαν-

90 842 179 887 τες,
208 823 303 888 τὰς
337 823 578 895 μάλιστα
623 823 750 895 περὶ
779 824 904 886 τοὺς
946 823 1140 886 αὐτοὺς
1179 823 1377 886 τόπους
1419 822 1510 877 τοῦ
1541 823 1646 888 ζων

90 915 251 969 διακοῦ
294 915 591 986 γινομένας
632 914 934 985 μεταϐολὰς
962 915 1019 967 ὲν
1057 917 1168 977 τοῖς
1208 914 1645 985 παραπήγμασιν

92 1007 484 1078 ἀνεγράψαντο,
537 1007 636 1060 οὐκ
681 1006 788 1060 ἀπό
832 1022 974 1068 τινος
1020 1004 1219 1077 τέχνης
1256 1005 1376 1058 οὐδὲ
1421 1005 1642 1077 μεθόδου

89 1098 376 1169 ὡρισμένης
433 1097 687 1162 λαϐόντες
736 1098 834 1168 τὴν
877 1096 1222 1169 ἀναγραφὴν,
1270 1095 1385 1150 ἀλλ’
1432 1098 1496 1149 ἐκ
1542 1097 1644 1166 τῆς

91 1190 262 1259 πείρας
286 1189 348 1242 τὸ
376 1190 684 1260 σύμφωνον,
719 1189 793 1250 ὡς
822 1188 1069 1257 ἔγγιστα,
1100 1186 1375 1250 λαϐόντες.
1426 1188 1642 1261 Ἐπειδὴ

89 1277 126 1311 ⁸⁸
149 1278 240 1330 οὐκ
260 1278 517 1332 ἐδύναντο
545 1277 657 1331 οὗθ’
691 1278 928 1349 ἡμέραν,
955 1275 1078 1330 οὔτε
1110 1277 1274 1348 μῆνα.
1318 1276 1441 1330 οὔτε
1467 1279 1645 1331 ὲνιαυ-

88 1369 163 1423 τὸν
186 1352 489 1439 ὡρισμένον
520 1368 851 1440 ἀναγράψαι,
893 1371 950 1422 ὲν
977 1362 1022 1434 ᾦ
1056 1384 1108 1419 τι
1136 1364 1341 1423 τούτων
1383 1367 1645 1425 ἐπιτελεῖ-

88 1477 181 1527 ται,
227 1461 313 1515 διὰ
348 1461 411 1514 τὸ
450 1460 551 1524 τὰς
583 1462 755 1533 ἀρχὰς
788 1459 898 1514 τῶν
933 1459 1195 1513 ἐνιαυτῶν
1243 1459 1316 1531 μὴ
1348 1460 1497 1532 παρὰ
1538 1462 1644 1517 πᾶ-

90 1566 158 1602 σιν
192 1545 455 1612 εἷναιτάς
488 1549 676 1614 αὑτὰς,
707 1550 840 1621 μηδὲ
890 1551 1010 1612 τοὺς
1054 1550 1227 1620 μῆνας
1274 1550 1399 1614 τοὺς
1446 1542 1643 1616 αὐτοὺς

88 1633 208 1691 εἶναι
233 1639 382 1709 παρὰ
423 1640 557 1691 πᾶσι
599 1643 719 1702 ταῖς
748 1639 1085 1709 ὀνομασίαις,
1121 1639 1256 1710 μηδὲ
1298 1640 1394 1704 τὰς
1434 1642 1644 1712 ἡμέρας

87 1728 267 1800 ὁμοίως
304 1730 571 1800 ἄγεσθαι·
609 1731 917 1802 ἱσταμένοις
946 1732 1058 1787 τισὶ
1102 1733 1347 1803 σημείοις
1374 1732 1643 1803 ἠθέλησαν

87 1820 319 1889 ἀφορίσαι
349 1819 451 1883 τὰς
484 1820 785 1891 μεταϐολὰς
822 1821 916 1875 τοῦ
948 1821 1129 1893 ἀέρος.
1161 1821 1321 1876 Ὅθεν
1367 1828 1488 1888 ταῖς
1532 1824 1641 1879 τῶν

88 1910 281 1983 ἄστρων
307 1912 591 1976 ὲπιτολαῖς
632 1912 772 1967 κατὰ
816 1914 943 1977 τοὺς
982 1916 1205 1985 καιροὺς
1235 1917 1642 1988 ἁφωρισμέναις

88 2003 134 2053 αἱ
188 2002 480 2072 μεταϐολαὶ
528 2003 624 2057 τοῦ
677 2003 842 2075 ἀέρος
906 2005 1173 2074 γίνονται,
1227 2007 1326 2078 οὐχ
1386 2008 1463 2071 ὡς
1530 2007 1641 2063 τῶν

86 2092 279 2165 ἄστρων
318 2093 553 2165 δύναμιν
604 2094 835 2166 ἐχόντων
875 2097 1014 2168 πρὸς
1048 2096 1147 2169 τὴν
1196 2098 1495 2170 μεταϐολὴν
1534 2099 1643 2153 τῶν

88 2186 391 2255 πνευμάτων
419 2186 517 2239 καὶ
559 2184 669 2240 τῶν
698 2185 942 2258 ὄμϐρων,
977 2186 1091 2241 ἀλλ’
1117 2187 1194 2251 ὡς
1230 2188 1457 2260 σημείου
1484 2188 1642 2261 χάριν

86 2276 528 2349 παρειλημμένων
552 2277 690 2349 πρὸς
706 2278 769 2332 τὸ
789 2277 1183 2350 προγινώσκειν
1208 2281 1354 2358 ἡμᾶς
1371 2280 1471 2345 τὰς
1513 2282 1644 2354 περὶ

86 2369 161 2422 τὸν
181 2369 317 2441 άέρα
345 2372 722 2442 περιστάσεις.
751 2372 862 2428 Καὶ
889 2370 1080 2443 ὥσπερ
1117 2373 1146 2428 ὁ
1179 2372 1384 2443 πυρσὸς
1405 2372 1505 2426 οὐκ
1541 2375 1641 2429 αύ-

88 2459 164 2522 τός
220 2461 334 2513 ἐστι
382 2459 678 2532 παραίτιος
728 2461 826 2532 τῆς
879 2459 1184 2532 πολεμικῆς
1247 2462 1640 2534 περιστάσεως,

88 2549 205 2605 ἀλλὰ
252 2551 479 2622 σημεῖόν
533 2552 650 2605 ἐστι
699 2551 992 2623 πολεμικοῦ
1050 2551 1280 2624 καιροῦο
1325 2552 1419 2606 τὸν
1478 2553 1643 2609 αὑτὸν

87 2642 266 2711 τρόπον
293 2644 387 2696 καὶ
417 2644 487 2697 αἰι
516 2642 626 2696 τῶν
662 2641 874 2715 ἄστρων
904 2643 1148 2698 ἐπιτολαι
1183 2644 1285 2697 οὐκ
1315 2644 1477 2703 αὐταὶ
1497 2662 1643 2718 παρ-

82 2733 231 2788 αίτιοί
262 2736 368 2789 είσι
413 2735 528 2789 τῶν
560 2735 691 2807 περὶ
729 2736 821 2789 τὸν
849 2735 989 2807 ἀέρα
1022 2735 1354 2807 μεταϐολῶν,
1383 2736 1519 2798 άλλά
1548 2754 1645 2810 ση-

89 2829 199 2895 μεῖα
229 2828 504 2882 ἔκκεινται
549 2826 660 2880 τῶν
707 2827 962 2885 τοιούτων
993 2830 1385 2901 περιστάσεων.
1426 2831 1492 2885 οι
1535 2831 1645 2903 γάρ

86 2918 167 2972 ἀπ’
210 2920 384 2992 ἀρχῆς
442 2920 932 2993 παρατηρήσαντες
990 2922 1085 2975 καὶ
1144 2919 1533 2995 συνταξάμενοι
1574 2923 1644 2977 τὰ

87 3014 512 3083 παραπήγματα,
545 3010 897 3077 ἐξετάσαντες
923 3012 1050 3076 τοὺς
1076 3012 1276 3079 τόπους
1314 3013 1408 3071 τοῦ
1451 3012 1645 3079 ζωδια-

87 3101 170 3155 κοῦ
197 3102 420 3167 κύκλου,
452 3103 513 3155 ὲν
543 3096 626 3165 οἷς
656 3102 733 3165 ὼς
775 3099 979 3155 ἐπίπαν
1012 3103 1069 3155 αί
1110 3103 1406 3173 μεταϐολαὶ
1428 3102 1523 3157 τοῦ
1549 3104 1644 3157 die

1743 546 1860 601 loca
1890 547 2234 619 contingunt,
2262 546 2317 601 in
2360 547 2561 603 tabulis
2589 548 3058 619 conscripserunt,
3104 564 3216 605 non
3239 566 3307 607 ex

1741 648 1857 695 arte
1886 641 2088 712 aliqua,
2125 656 2301 711 neque
2337 656 2402 696 ex
2430 646 2579 694 certa
2609 641 2865 696 methodo
2894 649 3175 699 sumentes
3213 644 3308 698 de-

1743 732 2115 801 scriptionem,
2147 732 2241 787 sed
2276 732 2346 787 ab
2373 733 2728 802 experientia,
2770 733 2823 786 id
2851 733 2995 804 quod
3029 731 3143 793 fere
3172 748 3308 789 cono

1742 823 1906 894 gruit,
1959 834 2258 879 sumentes.
2320 823 2457 878 Cum
2490 838 2620 879 vero
2655 829 2766 880 nbn
2800 831 3022 894 possent
3063 825 3306 894 singulos

1743 914 1878 980 dies,
1906 928 2083 985 neque
2102 929 2339 979 menses,
2370 930 2544 983 neque
2570 929 2743 973 annos
2776 924 2955 971 certos
2983 915 3304 981 inscribere,

1741 1007 1798 1062 in
1823 1007 2024 1078 quibus
2044 1006 2241 1061 borum
2268 1006 2475 1076 aliquid
2500 1005 2913 1077 perﬁciebatur;
2942 1022 3008 1063 eo
3030 1006 3177 1078 quod
3209 1008 3310 1062 ini-

1744 1100 1818 1153 tia
1857 1112 2122 1152 annorum
2162 1097 2305 1168 apud
2340 1112 2531 1154 omnes
2578 1113 2687 1153 non
2747 1099 2855 1154 sint
2887 1099 3097 1164 eadem,
3132 1114 3307 1170 neque

1742 1204 1958 1245 menses
1980 1189 2091 1245 sint
2119 1190 2261 1262 apud
2284 1204 2475 1245 omnes
2502 1191 2695 1245 iisdem
2720 1189 3193 1261 appellationibus,
3218 1209 3308 1246 ne-

1741 1298 1847 1353 que
1882 1284 2000 1339 dies
2038 1284 2289 1340 similiter
2338 1291 2570 1355 agantur
2610 1302 2624 1341 :
2675 1284 2914 1341 immotis
2981 1284 3304 1355 quibusdam

1743 1375 1913 1445 signis
1976 1376 2265 1431 voluerunt
2327 1376 2692 1432 delerminarc
2742 1376 3073 1431 mutationes
3140 1377 3304 1435 aeris.

1744 1464 1898 1521 Unde
1925 1477 2197 1523 astrorum
2233 1467 2468 1533 ortibus,
2502 1482 2626 1523 cum
2658 1468 2715 1523 bi
2746 1468 2802 1523 in
2830 1468 3170 1540 temporibus
3197 1468 3307 1525 sint

1742 1556 2107 1623 determinati,
2142 1558 2472 1614 mutationes
2498 1559 2643 1614 aeris
2667 1557 2832 1626 ﬁunt;
2858 1573 2965 1614 non
2995 1558 3139 1631 quod
3156 1567 3304 1615 astra

1744 1648 1850 1702 vim
1877 1648 2112 1704 habeant
2141 1648 2208 1704 ad
2238 1650 2590 1705 mutationem
2616 1659 2900 1706 ventorum
2933 1657 2988 1707 et
3028 1650 3305 1710 imbrium.

1745 1738 1841 1794 sed
1869 1739 2016 1810 quod
2045 1740 2183 1811 signi
2212 1739 2385 1812 gratia
2412 1751 2690 1811 assumpta
2712 1741 2820 1796 sint
2850 1741 2917 1796 ad
2940 1743 3062 1806 hoc,
3092 1748 3152 1795 ut
3176 1756 3310 1811 prac-

1674 1802 1716 1862 Β
1742 1842 2139 1900 cognoscamus
2178 1830 2321 1886 aeris
2354 1828 2689 1885 aﬁ'ectiones.
2754 1829 2820 1884 Et
2849 1838 2908 1885 ut
2953 1831 3182 1900 lampas,
3211 1846 3306 1885 seu
3376 1864 3403 1895 με

1741 1916 1854 1983 fax,
1887 1932 1999 1973 non
2030 1918 2148 1989 ipsa
2178 1926 2264 1975 est
2302 1933 2468 1975 causa
2516 1919 2697 1976 bellici
2726 1927 2924 1986 motus,
2957 1920 3055 1976 sed
3090 1921 3305 1991 signum

1739 2010 1826 2059 est
1849 2003 2029 2060 bellici
2056 2003 2164 2075 33
2191 2004 2449 2075 temporis
2485 2024 2499 2060 :
2532 2005 2607 2059 ita
2634 2011 2688 2060 et
2714 2012 2983 2061 astrorum
3016 2014 3171 2079 ortus
3200 2022 3309 2061 non

1743 2096 1844 2167 ipsi
1880 2102 2010 2151 sunt
2059 2110 2227 2151 causa
2276 2098 2636 2153 mutationum
2674 2098 2837 2165 aeris,
2890 2099 2985 2155 sed
3033 2101 3310 2170 pmposita

1741 2194 1871 2244 sunt
1902 2188 2055 2259 signa
2084 2187 2275 2243 talium
2309 2187 2677 2244 aﬂectionum.
2728 2189 2863 2244 Nam
2889 2190 2983 2261 qui
3025 2206 3055 2244 a
3108 2190 3315 2262 princi-p

1740 2276 1830 2347 pio
1878 2275 2306 2331 observaverunt
2355 2283 2410 2330 et
2451 2284 2876 2350 composuerunt
2903 2278 3117 2339 tabulas
3166 2279 3310 2345 illas,

1740 2367 2040 2439 exploratis
2074 2368 2213 2423 locis
2248 2368 2459 2425 zodiaci
2492 2369 2706 2432 circuli,
2742 2369 2798 2425 in
2827 2371 3027 2440 quibus
3053 2379 3113 2425 ut
3142 2372 3312 2442 pluri-

1744 2473 1891 2513 mum
1924 2459 2256 2523 mutationes
2292 2460 2437 2514 aeris
2469 2459 2630 2524 ﬁunt,
2667 2462 3159 2519 consideraverunt
3187 2478 3309 2532 qua

1742 2558 1890 2606 astra
1926 2538 2263 2621 temporist
2291 2551 2687 2631 illisoriantur,
2712 2560 2807 2607 aut
2842 2554 3008 2608 snmul
3035 2553 3309 2620 occidant,

1742 2649 1905 2713 atque
1951 2643 2169 2712 borum,
2190 2643 2401 2700 ortibus
2430 2650 2485 2699 et
2530 2644 2820 2699 occasibus
2853 2659 2952 2716 pro
2983 2644 3153 2715 signis
3180 2655 3313 2701 sunt

1743 2733 1829 2789 usi
1873 2733 1942 2789 ad
1969 2735 2446 2805 praecognitionem
2490 2736 2891 2805 praedictorum.
2954 2736 3121 2793 Ortus
3163 2738 3310 2793 enim

1742 2841 1903 2883 veros
1944 2834 1999 2882 et
2046 2841 2278 2883 occasus
2322 2827 2589 2899 contingit
2640 2843 2764 2884 esse
2812 2828 3117 2886 invisibiles
3157 2847 3171 2887 :
3216 2844 3311 2887 eos

1742 2926 1900 2984 vero,“
1943 2918 2038 2989 qui
2067 2921 2422 2991 apparebant,
2480 2930 2636 2977 ortus
2672 2928 2727 2976 et
2771 2935 3026 2987 occasus,
3062 2929 3313 2993 poterant

1743 3009 1949 3072 videre,
1979 3017 2035 3067 et
2055 2998 2211 3066 “circa
2243 3018 2485 3081 tempora
2531 3011 2672 3066 dicta
2705 3012 3038 3076 discernere,
3071 3026 3137 3068 eo
3166 3012 3311 3085 quod

1744 3097 1993 3157 Pleiades
2015 3100 2330 3158 occidentes
2351 3102 2583 3157 habeant
2612 3103 2776 3158 talem
2808 3103 2939 3170 vim,
2975 3110 3035 3157 ut
3073 3102 3315 3161 humidi.

89 3209 168 3263 ρος
202 3194 460 3265 γίνονται,
495 3193 867 3263 ὲπεσκέψαντο
898 3195 1037 3247 κατὰ
1074 3196 1199 3259 τοὺς
1247 3195 1468 3269 χρόνους
1514 3196 1640 3249 τού-

1745 3202 1910 3248 tatem
1946 3193 2238 3264 quamdam
2279 3194 2427 3250 circa
2464 3210 2643 3251 aerem
2678 3204 2970 3266 generent;
3004 3204 3098 3250 aut
3117 3212 3311 3254 rursus

83 3299 193 3347 τους
233 3279 358 3338 τίνα’
381 3283 493 3337 τῶν
545 3283 759 3356 ἄστρων
801 3284 1100 3348 ἀνατέλλει,
1139 3285 1173 3357 ἢ
1225 3285 1638 3356 συγκαταδύνει,

89 3375 169 3425 καὶ
194 3377 314 3438 ταῖς
335 3375 544 3429 τούτων
572 3374 845 3438 ὲπιτο).αῖς
872 3376 964 3429 καὶ
994 3374 1178 3431 δύσεσι
1211 3377 1458 3447 σημείοις
1484 3378 1643 3449 ἐχρή-

1744 3286 1985 3342 orientes
2010 3288 2217 3345 aestatis
2255 3287 2471 3342 initium
2498 3287 2822 3359 signiﬁcent.
2860 3287 3015 3344 Unde
3037 3296 3092 3344 et
3119 3288 3313 3344 Ilesio:

1744 3377 1850 3433 dus
1873 3378 2071 3448 inquit:

89 3482 231 3524 σαντο
272 3471 356 3534 είς
396 3469 498 3540 τὴν
547 3470 857 3541 πρόγνωσιν
894 3471 1003 3525 τῶν
1040 3472 1469 3545 προειρημένων.
1522 3470 1634 3536 Τὰς
1672 3472 1770 3543 μὲν
1801 3472 1909 3544 γὰρ
1959 3471 2224 3535 ἀνατολὰς
2255 3471 2355 3536 τὰς
2397 3472 2655 3545 ἀληθινάς
2691 3476 2784 3529 καὶ
2838 3473 3018 3536 δύσεις
3068 3474 3312 3547 ἀθεωρή-

88 3578 196 3627 τους
232 3561 366 3618 εῐναι
398 3564 714 3635 συμϐέϐηκε
734 3582 749 3597 ·
779 3565 877 3630 τὰς
905 3566 962 3619 δὲ
1005 3567 1334 3638 φαινομένας
1373 3567 1635 3637 ἠδύναντο
1664 3568 1816 3641 όρᾷν,
1845 3569 1940 3627 καὶ
1968 3568 2097 3640 περὶ
2150 3568 2275 3631 τοὺς
2309 3566 2568 3639 ῥηθέντας
2624 3568 2849 3641 καιροὺς
2904 3569 3311 3642 διαλαμϐάνειν,

85 3656 157 3710 ὅτι
179 3661 232 3713 αί
260 3660 523 3724 Πλειάδες
552 3658 804 3714 δύνουσαι
836 3659 1019 3731 ἔχουσί
1051 3678 1175 3716 τινα
1227 3662 1481 3733 τοιαύτην
1532 3662 1779 3734 δύναμιν,
1816 3662 1956 3720 ὥστε
1990 3661 2258 3734 ὑγρασίαν
2312 3661 2434 3716 τινὰ
2464 3664 2592 3734 περὶ
2630 3663 2722 3716 τὸν
2778 3663 2916 3736 άέρα
2973 3666 3309 3739 ἀπογεννᾷν’

86 3750 116 3822 ἢ
146 3754 295 3809 πάλιν
321 3754 695 3811 ἐπιτέλλουσαι
723 3754 910 3828 θέρους
955 3754 1128 3830 ἀρχὴν
1161 3756 1623 3830 διασημαίνουσιν.
1651 3756 1814 3811 Ὅθεν
1843 3758 1936 3813 καὶ
1980 3757 2220 3821 Ἡσίοδός
2245 3772 2411 3827 φησν

90 3871 384 3942 Πληϊάδων
430 3870 831 3942 Ἀτλαγενέων
878 3871 1393 3942 ἐπιτελλομενάων

92 3916 626 4012 Ξζῇξὲἇᾶτάῥῆἷᾶιέ
641 3916 998 4010 ῐιῷἱίῖὸιοῒέζ
1010 3916 1461 4013 amatis.

86 4052 151 4104 03
197 4054 281 4110 διὰ
330 4054 428 4127 τὴν
484 4053 580 4107 τοῦ
628 4052 825 4125 ἄστρου
888 4053 1148 4127 δύναμινο
1201 4054 1476 4119 παντελῶς
1532 4054 1642 4127 γάρ

92 4141 219 4197 ἐστιν
268 4144 651 4215 ἀπόπληκτον’
687 4144 800 4199 εἴτε
826 4144 934 4217 γάρ
973 4145 1175 4217 πύρινά
1200 4148 1316 4199 ἐστι
1344 4145 1413 4200 τὰ
1443 4146 1638 4218 ἄστρα,

90 4233 185 4287 εἴτε
219 4236 456 4307 αἰθέρια,
483 4237 560 4300 ὡς
607 4236 832 4308 ἀρέσκει
857 4238 987 4303 τισὶ,
1031 4239 1205 4292 πάντα
1232 4238 1331 4311 τῆς
1358 4237 1526 4312 αὐτῆς
1552 4238 1645 4291 ού-

93 4325 197 4390 σὶας
226 4328 321 4383 καὶ
352 4328 638 4401 δυνάμεως
669 4329 1051 4401 κεκοινώνηκε,
1094 4330 1185 4383 καὶ
1222 4329 1474 4401 οὐδεμίαν
1508 4347 1643 4400 συμ-

1754 3873 2058 3929 Pleiadibus
2086 3872 2321 3927 Atlantis
2353 3871 2568 3943 ﬁliabus
2601 3871 2888 3943 orientibus

1749 3943 1927 4013 Incipe
1946 3958 2195 3999 messem:
2231 3944 2524 3998 arationem
2553 3959 2671 3997 vero
2703 3942 3055 4004 occidentibus

1745 4056 1864 4112 Non
1913 4063 2132 4130 propter
2163 4056 2299 4109 astri
2333 4054 2441 4108 vim
2478 4054 2742 4109 :om‘nino
2788 4052 2932 4109 enim
2976 4053 3032 4108 id
3071 4062 3156 4109 est
3198 4065 3316 4110 stu-

1746 4146 1932 4217 pidum
1966 4161 1980 4198 :
2019 4147 2133 4201 sive
2177 4144 2321 4197 enim
2374 4145 2530 4216 ignea
2556 4152 2685 4201 sunt
2718 4153 2887 4210 astra,
2910 4145 3025 4200 sive
3055 4145 3311 4212 aetherea,

1748 4245 1808 4292 ut
1842 4238 2018 4308 placet
2069 4235 2345 4306 aliquibus
2369 4278 2384 4300 ,
2417 4236 2600 4291 omnia
2636 4236 2881 4293 eamdem
2923 4238 3217 4293 essentiam
3258 4248 3314 4293 et

1746 4329 1855 4382 vim
1890 4327 2083 4382 sortita
2125 4334 2275 4391 sunt,
2303 4333 2358 4383 et
2397 4327 2602 4380 nullam
2632 4328 2835 4383 habent
2876 4337 3117 4382 mutuam
3163 4342 3312 4383 coni.

92 4417 299 4475 πάθειαν
332 4420 445 4491 ἔχει
480 4419 620 4491 πρὸς
651 4420 720 4474 τὰ
744 4422 835 4474 ἐπὶ
866 4422 965 4491 τῆς
992 4422 1095 4491 γῆς
1128 4420 1402 4493 γινόμενα.
1443 4422 1506 4475 Ἠ
1537 4421 1644 4491 γὰρ

1750 4419 2060 4489 passionem
2108 4432 2236 4488 erga
2287 4431 2350 4472 ea
2407 4433 2529 4487 quae
2574 4417 2631 4471 in
2676 4426 2815 4471 terra
2855 4417 3009 4472 ﬁunt.
3045 4415 3313 4477 Universa

92 4506 336 4579 σύμπασα
355 4512 429 4583 γῆ
460 4513 687 4584 κέντρου
718 4511 875 4584 λόγον
906 4511 1017 4584 ἔχει
1051 4513 1186 4585 πρὸς
1214 4514 1313 4583 τὴν
1346 4512 1454 4566 τῶν
1474 4511 1646 4566 ἀπλα-

90 4599 181 4653 νῶν
211 4606 469 4675 σφαῖραν,
502 4603 600 4658 καὶ
642 4603 865 4670 οὐδεμία
902 4604 1172 4675 ἀποφορὰ,
1206 4605 1327 4658 οὐδὲ
1373 4605 1645 4676 άπόρροια

90 4689 350 4749 διικνεῖται
406 4697 517 4750 ἀπὸ
562 4695 671 4748 τῶν
716 4695 966 4753 ἀπλανῶν
994 4696 1235 4767 ἀστέρων
1269 4695 1361 4749 ἐπὶ
1384 4694 1480 4769 τὴν
1518 4695 1641 4764 γῆν.

89 4777 199 4845 Πῶς
228 4784 569 4857 ὑποληπτέον
594 4784 817 4849 τούτους
847 4786 1065 4858 ὄμϐρων
1091 4786 1184 4838 καὶ
1208 4786 1530 4855 πνευμάτων
1552 4785 1648 4840 καὶ

90 4873 312 4948 χαλάζης
344 4879 666 4951 παραιτίους
696 4877 957 4948 γίνεσθαι,
987 4876 1081 4944 ἀφ’
1114 4870 1190 4930 ὧν
1231 4876 1455 4947 οὐδεμία
1489 4874 1648 4928 δύνα-

92 4980 170 5029 μις
199 4968 384 5022 πίπτει
420 4970 557 5041 πρὸς
586 4971 762 5041 ἡμᾶς
807 4970 939 5022 Ἀπὸ
974 4970 1069 5040 μὲν
1097 4967 1206 5039 γὰρ
1236 4967 1387 5039 ἡλίου
1424 4967 1517 5020 καὶ
1555 4983 1648 5019 σε-

89 5051 236 5128 λήνης
263 5060 545 5114 διικνεῖται
568 5063 603 5131 ἡ
625 5060 851 5131 δύναμις
876 5059 969 5112 ἐπὶ
998 5058 1094 5131 τὴν
1117 5058 1220 5129 γῆν
1255 5057 1393 5112 κατὰ
1415 5058 1510 5121 τὰς
1545 5075 1648 5128 με-

88 5146 327 5215 ταϐάσεις
350 5152 532 5206 αὐτῶν
572 5153 666 5205 καὶ
709 5150 968 5223 μειζόνων
1016 5153 1110 5205 καὶ
1157 5149 1486 5204 ἐλαττόνων
1519 5148 1646 5204 ὅθεν

89 5234 290 5308 εὔλογον
336 5244 474 5315 πρὸς
513 5243 741 5306 τούτους
790 5243 1130 5315 συμπάθειαν
1171 5236 1308 5295 εἶναι
1354 5240 1495 5294 κατὰ
1545 5240 1648 5311 τὴν

87 5325 301 5385 ἑκάστου
337 5335 569 5407 δύναμιν
616 5334 827 5389 αὐτῶνθ
871 5337 928 5390 αἱ
969 5336 1025 5390 δὲ
1056 5335 1165 5390 τῶν
1194 5333 1447 5389 ἀπλανῶν
1482 5334 1650 5388 ἀστέ-

94 5433 187 5486 ρων
223 5424 465 5480 ὲπιτολαὶ
520 5426 616 5479 καὶ
665 5426 844 5490 δύσεις
897 5426 1123 5499 σημείου
1166 5425 1316 5490 τάξιν
1366 5425 1647 5496 ἐπέχουσι,

94 5507 322 5584 καθάπερ
365 5517 719 5588 προείπομεν.
777 5516 939 5574 Ὅθεν
986 5517 1104 5570 οὐδὲ
1161 5513 1499 5588 προληπτέον
1548 5514 1650 5579 τὰς

92 5600 242 5668 αὑτάς
256 5607 627 5679 ἐπισημασίας
640 5607 998 5663 ἐπιτελεῖσθαι
1010 5609 1073 5664 ὲκ
1088 5605 1195 5666 τῶν
1211 5602 1389 5665 αὑτῶν
1406 5605 1620 5678 ἄστρων
1631 5622 1646 5639 ο

45 5757 49 5763 '
145 5735 190 5770 ”
217 5738 260 5808 Ι.
289 5741 407 5795 ἐπεὶ
428 5741 513 5800 δέ.

1745 4510 1889 4565 enim
1921 4516 2067 4565 terra
2103 4509 2274 4564 centri
2307 4509 2569 4564 rationem
2609 4509 2772 4564 habet
2821 4508 2887 4567 ad
2951 4510 3311 4571 inerrantium

1747 4602 2047 4673 sphaeram;
2116 4615 2217 4656 nec
2256 4600 2365 4654 ulla
2413 4599 2496 4656 vis
2547 4614 2808 4656 emanans
2850 4608 2943 4654 aut
2990 4600 3312 4671 proﬂuvium

1747 4693 1992 4765 pervenit
2031 4691 2101 4748 ab
2145 4690 2516 4749 inerrantibus
2563 4691 2736 4748 stellis
2779 4689 2847 4745 ad
2898 4701 3117 4747 terram.
3161 4690 3310 4757 Quo-

1747 4789 1908 4842 modo
1951 4785 2257 4856 putandum
2287 4793 2371 4841 est
2418 4783 2519 4840 has
2560 4782 2815 4838 imbrium
2844 4790 2898 4839 et
2950 4790 3233 4838 ventorum
3260 4789 3314 4835 et

1747 4878 2073 4952 grandinum
2122 4891 2319 4934 causas
2371 4891 2516 4941 esse,
2546 4891 2578 4931 a
2611 4877 2811 4947 quibus
2848 4875 2993 4930 nulla
3032 4875 3111 4929 vis
3161 4874 3311 4929 cadit

1749 4971 1818 5024 ad
1865 4968 2000 5025 nos?
2040 4967 2178 5028 Nam
2210 4983 2241 5023 a
2273 4969 2388 5025 sole
2429 4968 2649 5039 quidem
2697 4978 2751 5024 et
2781 4968 2910 5022 luna
2951 4966 3197 5037 pervenit
3228 4966 3311 5023 vis

1750 5059 1815 5114 ad
1851 5068 2051 5114 terram
2081 5058 2379 5114 secundum
2416 5059 2684 5113 transitus
2710 5062 2900 5113 eorum
2957 5066 3011 5111 et
3044 5055 3311 5124 majorum

1747 5158 1802 5207 et
1838 5150 2132 5205 minorum.
2176 5147 2330 5207 Unde
2381 5157 2803 5204 consentaneum
2842 5155 2927 5202 est
2980 5155 3139 5202 terra:
3185 5161 3312 5206 cum

1750 5243 1835 5299 bis
1860 5256 1982 5299 esse
2017 5248 2262 5296 mutuam
2306 5241 2723 5297 consensionem
2756 5240 3055 5296 secundum
3083 5238 3191 5299 vim
3214 5253 3315 5294 cu-

1745 5335 1947 5409 jusque
1998 5348 2209 5390 eorum.
2241 5332 2610 5389 lnerrantium
2656 5349 2788 5390 vero
2834 5332 3113 5391 steliarum
3159 5338 3315 5385 ortus

1750 5437 1804 5486 ct
1831 5443 2062 5484 occasus
2095 5426 2238 5499 signi
2276 5427 2546 5482 rationem
2576 5427 2847 5489 obtinent,
2880 5426 3023 5480 sicut
3055 5421 3313 5495 praedixi-

1751 5532 1896 5578 mus.
1945 5513 2101 5571 Unde
2152 5532 2222 5571 nc
2275 5516 2625 5573 statuendum
2677 5514 2898 5587 quidem
2950 5520 3036 5571 est
3094 5510 3315 5568 easdem

1749 5604 2173 5677 signiﬁcationes
2203 5606 2391 5663 perﬁci
2422 5620 2487 5663 ex
2519 5604 2712 5663 iisdem
2740 5604 2942 5672 astris;
3000 5601 3098 5660 sed
3121 5614 3319 5663 secun-
