3786 6372
491 309 598 366 817

1467 303 1559 357 AD
1594 299 1861 358 EUSEBH
1895 298 2293 356 CHRONICON
2335 298 2699 356 APPENDIX.
3598 307 3680 364 διε

489 428 619 481 dum
671 417 984 481 eorumdem
1034 423 1312 478 climatum
1360 421 1672 486 varietates,
1704 421 1949 477 diversos
1997 428 2041 476 et

2153 421 2287 474 ἀλλά
2327 421 2467 474 κατά
2526 420 2625 484 τάς
2677 419 2782 474 τῶν
2838 420 3015 475 αὐτῶν
3048 419 3324 492 κλιμάτων
3367 403 3680 492 παραλλαγὰς

491 531 648 575 ortus
677 528 730 574 et
761 534 990 573 occasus
1021 526 1291 572 astrorum
1321 515 1457 580 ﬁeri,
1500 522 1553 569 et
1585 514 1803 584 quidem
1830 515 1882 568 in
1914 529 2047 583 quo-

489 612 623 666 libet
673 612 953 666 horizonte
1014 608 1230 680 propria
1279 605 1432 677 signa
1482 605 1682 660 habere
1735 606 2052 660 mutationis

490 703 655 756 aeris.
687 702 830 756 Idem
858 701 1002 755 enim
1041 713 1367 769 parapegma
1395 712 1501 751 non
1537 703 1715 767 potest
1748 711 2053 766 congruere

491 794 544 846 in
599 794 731 848 urbe
771 791 962 853 Roma,
1003 799 1056 845 et
1103 792 1157 844 in
1211 789 1406 852 Ponto,
1433 796 1488 843 et
1529 789 1584 842 in
1636 787 1852 852 Rhodo,
1888 796 1942 842 et
1997 789 2051 842 in

491 889 624 941 urbe
652 885 1030 949 Alexandriae;
1063 881 1159 937 sed
1199 897 1422 936 necesse
1457 889 1540 936 est
1584 888 1642 935 ut
1683 881 1912 935 diversa:
1943 880 2054 936 sint

490 979 897 1032 observationes
942 975 995 1029 in
1032 975 1263 1029 diversis
1292 973 1710 1035 borizontibus,
1741 979 1796 1026 et
1834 973 1886 1026 iu
1919 988 2052 1042 qua-

489 1069 617 1124 libet
647 1067 781 1122 urbe
807 1067 913 1121 alia
957 1073 1244 1122 sumantur
1277 1073 1426 1119 astra
1483 1063 1912 1134 signiﬁcationes
1937 1061 2051 1116 elli-

487 1160 704 1214 cicutia.

561 1245 712 1300 Unde
737 1244 1081 1301 manifestum
1115 1252 1198 1300 est
1215 1243 1360 1314 quod
1392 1259 1501 1299 non
1527 1243 1849 1298 naturaliter
1874 1250 2051 1298 astro-

484 1351 605 1389 rum
640 1344 794 1390 ortus
838 1344 890 1390 et
920 1351 1151 1391 occasus
1190 1335 1504 1390 affectiones
1558 1335 1702 1389 aeris
1751 1343 2048 1404 generent;

485 1427 579 1481 scd
606 1428 750 1497 quod
783 1427 836 1481 in
867 1428 1108 1497 quolibet
1137 1427 1423 1482 horizontc
1449 1426 1678 1480 diversae
1709 1425 1839 1480 ﬁant
1867 1425 2053 1480 obser-

481 1519 732 1574 vationes
763 1526 816 1571 et
874 1534 1062 1573 aerum
1094 1520 1441 1573 mutationes.
1479 1517 1843 1584 Quamobrem
1876 1533 2051 1587 neque

481 1625 673 1664 omnes
697 1607 1124 1679 signiﬁcationes
1155 1609 1208 1660 in
1235 1607 1448 1662 tabulas
1475 1608 1660 1660 relata:
1683 1621 1897 1675 semper
1917 1621 2050 1659 con-

480 1707 716 1771 gruunt;
755 1701 851 1754 sed
883 1699 1155 1753 interdum
1195 1699 1576 1752 univcrsaliter
1607 1713 1717 1752 non
1751 1696 1884 1751 ﬁunt
1914 1713 1927 1750 :
1953 1696 2047 1752 sed

2152 512 2440 583 διαφόρους
2495 514 2591 566 καὶ
2643 512 2742 575 τάς
2792 511 3042 576 ἐπιτολὰς
3092 514 3188 566 καὶ
3229 513 3330 577 τάς
3385 513 3554 576 δύσεις
3597 515 3681 566 τῶν

2152 604 2365 675 ἄστρων
2393 604 2657 672 γίνεσθαι.
2679 604 2800 656 Καὶ
2827 603 2890 674 δὴ
2919 603 3039 656 καθ’
3077 604 3304 657 ἕκαστον
3337 605 3574 677 ὁρίζοντα
3599 606 3681 657 ίδια

2154 697 2353 766 σημεῖα
2400 695 2542 765 ἐχειν
2570 695 2667 765 τῆς
2697 695 2823 765 περὶ
2857 696 2947 747 τὸν
2974 695 3110 766 ἀέρα
3153 685 3472 766 μεταϐολῆς.
3510 697 3575 748 Τὸ
3599 697 3681 766 γὰρ

2152 787 2283 839 αὐτὸ
2315 786 2657 858 παράπηγμα
2676 786 2734 839 ού
2755 785 2973 840 δύναται
3024 791 3329 857 συμφωνεῖν
3352 789 3408 838 ἐν
3432 790 3494 857 τῇ
3527 787 3681 858 Ῥώμη

2153 881 2246 933 καὶ
2264 883 2320 932 ἐν
2337 879 2415 949 τῷ
2447 879 2650 949 Πόντῳ,
2681 880 2774 931 καὶ
2805 881 2862 932 ἐν
2897 879 3080 948 Ῥόδῳ,
3107 880 3196 930 καὶ
3224 879 3280 931 ἐν
3313 878 3670 950 Ἀλεξανδρείᾳ·

2151 970 2288 1024 ἀλλά
2334 971 2545 1039 ἀνάγκη
2591 970 2878 1041 διαφόρους
2918 969 3017 1033 τὰς
3047 971 3451 1041 παρατηρήσεις
3489 967 3612 1022 εἶναι
3637 974 3678 1022 ὲν

2150 1061 2422 1132 διαφόροις
2470 1061 2728 1130 ὁρίζουσι,
2769 1061 2863 1114 καὶ
2901 1061 3022 1115 καθ’
3061 1062 3298 1132 ἑκάστην
3355 1062 3504 1114 πόλιν
3547 1062 3677 1133 ἔτερα

2147 1151 2519 1224 λαμϐάνεσθαι
2548 1153 2722 1224 ἄστρα
2753 1153 3120 1224 ἐπισημασίας
3149 1152 3513 1206 ἐπιτελοῦντα.

2236 1243 2324 1309 Ἐξ
2354 1239 2414 1298 οῦ
2445 1245 2696 1315 φανερὸν,
2727 1245 2807 1297 ὅτι
2843 1246 2903 1297 οὐ
2957 1244 3199 1314 φυσικῶς
3243 1245 3298 1296 αἱ
3339 1244 3445 1297 τῶν
3497 1242 3677 1314 ἄστρων

2151 1334 2392 1389 ἐπιτολαὶ
2428 1336 2520 1389 καὶ
2556 1335 2734 1398 δύσεις
2757 1336 2825 1388 τὰ
2851 1336 2976 1405 περὶ
3013 1337 3103 1388 τὸν
3135 1336 3274 1406 ἀέρα
3317 1336 3462 1406 πάθη
3483 1335 3667 1404 ἀπογεν-

2151 1429 2330 1483 νῶσιν·
2365 1427 2499 1480 ἀλλά
2524 1427 2643 1479 καθ’
2665 1427 2892 1480 ἕκαστον
2924 1426 3170 1498 ὁρίζοντα
3196 1427 3441 1498 διάφοροι
3473 1444 3674 1496 παρατη-

2155 1520 2338 1590 ρήσεις
2366 1518 2637 1586 γεγόνασι,
2659 1518 2752 1571 καὶ
2799 1517 2906 1571 τῶν
2940 1518 3117 1589 ἀέρων
3165 1518 3476 1586 μεταϐολαί.
3516 1517 3678 1588 Διόπερ

2149 1610 2269 1662 οὐδὲ
2305 1611 2471 1662 πᾶσαι
2501 1607 2880 1678 ἐπισημασίαι,
2898 1608 2956 1660 ἐν
2988 1611 3100 1670 τοῖς
3127 1609 3552 1679 παραπήγμασιν
3581 1609 3664 1676 ἁγό

2153 1719 2328 1773 μεναι,
2359 1700 2444 1754 ἀεὶ
2487 1688 2886 1769 συμφωνοῦσιν·
2932 1700 3045 1753 ἀλλ’
3078 1700 3194 1753 ἐστι
3228 1700 3326 1770 μὲν
3370 1701 3456 1753 ὅτε
3487 1700 3682 1753 καθόλου

480 1793 574 1862 qui
611 1793 880 1846 maximas
905 1800 1262 1862 tempestates
1293 1789 1765 1860 comprehendunt
1793 1797 1948 1844 ortus
1994 1798 2041 1844 el

2148 1795 2210 1846 ού
2245 1792 2501 1861 γίνονται,
2533 1789 2669 1844 ἀλλά
2705 1791 2831 1853 τοὺς
2877 1791 3167 1860 μεγίστους
3210 1791 3554 1861 περιέχουσαι
3589 1807 3682 1860 χει-

484 1899 761 1948 occasus,
819 1884 876 1938 hi
937 1885 1179 1938 cﬁiciunt
1239 1884 1562 1938 serenitates
1605 1900 1618 1936 :
1659 1880 1930 1936 interdum
1991 1880 2046 1933 in

489 1976 622 2030 urbe
647 1976 915 2030 serenitas
947 1975 1232 2044 contingit,
1262 1974 1317 2027 in
1347 1974 1495 2043 agris
1525 1972 1718 2026 imber.
1745 1971 1896 2040 Saepe
1926 1978 2048 2041 post

483 2067 602 2122 dies
654 2075 768 2121 tres
813 2075 905 2120 aut
934 2075 1168 2136 quatuor
1225 2066 1426 2134 aliquis
1456 2063 1781 2134 signiﬁcavit
1812 2078 1905 2132 per
1954 2077 2046 2116 or-

482 2166 600 2210 tum
653 2165 746 2211 aut
769 2172 1024 2211 occasum
1075 2158 1209 2210 astri
1247 2159 1602 2208 mutationem
1654 2156 1794 2208 aeris
1832 2168 1845 2205 :
1878 2156 2051 2205 inter-

481 2250 611 2303 dum
667 2249 958 2303 antevertit
1018 2247 1473 2318 signiﬁcationem
1538 2245 1730 2300 diebus
1783 2251 2039 2313 quatuor.

482 2342 639 2397 Unde
667 2342 759 2411 qui
796 2342 1052 2396 aberrant
1097 2341 1150 2393 in
1196 2338 1640 2408 praedictionibus
1691 2335 2045 2406 signiﬁcatio—

485 2445 616 2484 num
649 2469 664 2493 ,
719 2430 921 2484 habent
972 2433 1413 2491 excusationem,
1475 2428 1622 2498 quod
1675 2426 2048 2496 anticiparunt

479 2520 955 2591 signiﬁcationem,
984 2535 1048 2574 co
1073 2519 1218 2590 quod
1245 2519 1517 2589 posterius
1539 2525 1623 2574 est
1652 2517 1818 2572 facta.

545 2611 624 2666 Ex
653 2613 854 2683 quibus
897 2613 1151 2668 omnibus
1202 2597 1552 2667 manifestum
1607 2619 1692 2667 est
1737 2613 1882 2682 quod
1925 2628 2046 2682 qua:

478 2706 544 2759 ad
577 2707 1004 2777 signiﬁcationes
1044 2714 1311 2776 spectant,
1367 2721 1429 2760 ea
1461 2706 1518 2759 in
1551 2705 1756 2760 tabulis
1787 2706 1908 2761 rudi
1938 2705 2043 2760 Mi-

477 2814 638 2852 nerva
665 2798 773 2853 sint
798 2799 1078 2868 inscripta,
1124 2813 1248 2852 cum
1287 2813 1396 2852 non
1427 2804 1545 2851 arte
1586 2797 1853 2875 quadam,
1869 2813 2044 2868 neque

477 2890 805 2945 necessitate
857 2890 968 2943 sint
990 2889 1184 2942 tradita
1211 2929 1224 2950 ,
1257 2888 1350 2943 sed
1385 2904 1449 2943 ex
1484 2890 1746 2943 continua
1781 2890 2044 2944 observa—

476 2982 626 3035 tione
668 2981 954 3049 inscripta.
993 2979 1122 3033 Eam
1148 2980 1218 3033 ob
1246 2994 1468 3034 causam
1499 2995 1644 3049 saepe
1677 2980 1791 3034 haec
1823 2981 2039 3036 fallunt.

476 3070 631 3128 Unde
654 3074 920 3144 astrologi
941 3088 1051 3128 non
1083 3075 1545 3136 suntaccusandi,
1589 3075 1634 3129 si
1668 3075 2042 3131 aberraverint

477 3167 531 3219 in
565 3166 1073 3237 signiﬁcationibus.
1110 3166 1163 3220 Si
1193 3183 1322 3221 vero
1352 3167 1580 3236 eclipsin
1605 3167 1911 3237 praedicens
1940 3169 2040 3222 ali-

474 3259 618 3327 quis,
654 3267 748 3312 aut
783 3268 962 3312 ortum
1001 3259 1156 3321 astri,
1192 3259 1550 3321 alicrraverlt,
1587 3261 1784 3314 merito
1827 3271 1880 3313 et
1923 3269 2040 3315 stu-

472 3349 714 3413 dium,et
743 3349 835 3419 qui
885 3349 1013 3405 illud
1041 3357 1260 3412 tractat,
1295 3357 1646 3404 accusantur.
1672 3349 1866 3404 Omnia
1893 3351 2039 3406 enim

471 3457 591 3512 quae
617 3449 733 3496 arte
768 3441 1056 3496 traduntur
1073 3443 1271 3496 debent
1315 3442 1653 3497 infallibilem
1677 3443 1878 3499 habere
1901 3459 2040 3515 pra:-

471 3534 785 3594 dictiouem,
807 3547 901 3586 seu
931 3532 1473 3588 enuntiationem.At
1499 3548 1564 3588 ea
1610 3549 1732 3602 quae
1764 3534 1831 3589 ad
1868 3535 2040 3606 signi-

474 3622 756 3678 ﬁcationes
785 3633 1053 3692 spectant,
1084 3640 1257 3694 neque
1280 3641 1403 3678 cum
1435 3640 1499 3680 ea
1530 3627 1896 3695 assequimur,
1915 3643 2040 3698 per-

473 3713 674 3768 {cctam
706 3714 916 3770 laudem
944 3755 958 3778 ,
989 3731 1167 3785 neque
1205 3732 1326 3769 cum
1358 3717 1428 3772 ab
1470 3717 1537 3772 iis
1574 3719 1912 3785 aberramus,
1947 3737 2040 3776 ac-

475 3805 816 3860 cusationem
888 3818 1184 3860 merentur.
1236 3807 1555 3878 Astrologiae
1591 3809 1736 3863 enim
1788 3811 1900 3866 haec
1954 3822 2039 3867 est

475 3897 720 3964 quaedam
741 3910 869 3965 pars
891 3913 1085 3967 expers
1112 3899 1279 3961 artis,
1310 3907 1364 3953 et
1395 3899 1619 3970 indigna
1651 3915 1772 3970 quae
1797 3901 2039 3970 profera-

473 3995 565 4041 tur
605 3988 660 4042 in
716 3987 972 4043 medium.
1008 3990 1151 4045 Idem
1199 3990 1530 4061 cpinandum
1581 4002 1665 4047 est
1701 3993 1817 4047 ﬁeri
1874 3996 2038 4048 etiam

472 4083 618 4136 circa
641 4079 808 4137 Canis
838 4092 1038 4138 ortum.
1073 4082 1272 4139 Omnes
1303 4085 1446 4139 enim
1482 4095 1693 4155 putant,
1725 4087 1868 4142 hanc
1905 4087 2037 4142 stel-

471 4171 577 4226 lam
608 4174 882 4243 prepriam
911 4174 1016 4227 vim
1053 4173 1272 4238 habere,
1299 4183 1352 4230 et
1379 4189 1602 4230 causam
1627 4191 1750 4231 esse
1780 4177 2036 4232 intensio-

472 4262 560 4318 nis
588 4270 856 4327 aestuum,
893 4278 1015 4318 cum
1063 4265 1226 4319 simul
1281 4264 1459 4320 oritur
1493 4281 1618 4320 cum
1660 4267 1793 4320 sole.
1829 4266 1898 4318 At
1932 4265 2035 4320 hoc

472 4369 580 4410 non
607 4355 682 4408 ita
707 4370 765 4410 se
808 4354 1003 4410 habet:
1037 4355 1132 4409 sed
1162 4355 1420 4425 quoniam
1446 4355 1603 4424 juxta
1635 4355 2034 4411 calidissimum

470 4455 684 4515 tempus
721 4445 848 4498 anni
883 4445 997 4498 luce
1024 4445 1182 4500 stella
1220 4454 1402 4500 ortum
1454 4444 1710 4509 faciebat,
1744 4445 1909 4514 hujus
1937 4459 2035 4513 ap-
2067 4463 2114 4520 ι)

469 4537 736 4608 paritione
760 4537 902 4592 aeris
932 4538 987 4591 in
1016 4548 1206 4592 aestum
1237 4537 1593 4592 mutationem
1631 4544 1916 4590 notarunt.
1939 4533 2038 4592 Est

471 4641 648 4688 autem
676 4633 756 4688 sol
779 4647 942 4686 causa
969 4629 1296 4685 intensionis
1328 4639 1579 4684 aestuum.
1613 4627 1858 4682 Primum
1888 4627 2036 4683 enim

470 4739 593 4778 eum
630 4739 694 4778 ex
745 4724 920 4776 hieme
965 4722 1140 4775 simus
1173 4719 1464 4790 frigefacti,
1496 4719 1794 4774 secundum
1840 4733 2038 4789 appro-

469 4815 878 4888 pinquationem
918 4830 1038 4884 quae
1071 4814 1125 4867 ﬁt
1163 4814 1228 4867 ad
1265 4827 1364 4866 nos
1386 4852 1401 4877 ,
1429 4813 1620 4882 incipit
1650 4827 1750 4866 nos
1780 4812 1861 4867 sol
1891 4810 2038 4864 eale-

470 4911 647 4966 t‘acere
681 4908 960 4964 :nondum
1019 4915 1196 4960 tamen
1248 4905 1590 4960 manifestam
1626 4906 1789 4960 eﬁicit
1833 4904 2036 4960 calefa-

469 5002 727 5064 ctionem,
763 5015 886 5053 cum
921 4997 1097 5051 adhuc
1129 4996 1450 5066 frigefactio,
1481 5013 1602 5068 quae
1629 5007 1712 5052 est
1733 4997 1802 5051 ab
1836 4997 2033 5060 hieme,

469 5101 819 5164 permaneat;
866 5105 988 5145 cum
1019 5105 1148 5144 vero
1199 5089 1257 5142 ﬁt
1311 5091 1690 5154 commoratio,
1734 5098 1788 5145 et
1821 5105 2035 5160 semper

472 5183 644 5253 magis
660 5180 769 5252 35
780 5181 1061 5250 magisque
1088 5181 1485 5251 appropinquat
1511 5181 1613 5247 sol,
1633 5181 1899 5252 contingit
1920 5181 2033 5236 ﬁeri

469 5287 694 5329 sensum
721 5269 1126 5336 calefactionis;
1161 5271 1357 5328 deinde
1379 5274 1648 5343 contingit
1673 5273 1756 5328 bis
1784 5273 1849 5326 ad
1885 5289 2035 5327 eam-

468 5365 594 5417 olem
623 5361 1011 5416 habitationem
1041 5364 1300 5419 continuo
1322 5365 1493 5420 solem
1517 5363 1793 5419 accedere.
1823 5363 2034 5418 Etenim

468 5456 523 5510 in
551 5466 840 5525 progressu
874 5453 942 5508 ad
975 5456 1219 5509 aestivum
1257 5457 1525 5526 tr0picum
1563 5455 1855 5512 circulum.
1891 5467 1944 5510 et
1981 5457 2035 5509 in

469 5563 716 5610 recessu,
750 5562 845 5616 per
875 5547 1091 5602 easdem
1121 5549 1485 5602 habitationes
1506 5547 1712 5601 transit
1741 5549 1840 5601 sol.
1874 5545 2031 5603 Unde

468 5637 650 5691 evenit
695 5644 914 5708 propter
956 5654 1177 5693 causam
1223 5639 1365 5692 hanc
1416 5630 1755 5694 intens‘iones
1800 5648 2033 5694 mstuum

465 5727 605 5782 ﬁeri.
639 5725 901 5783 Praeterea
942 5742 1198 5787 accessus
1240 5729 1308 5785 ad
1349 5731 1595 5786 aestivum
1639 5729 1911 5799 tropicqu
1976 5739 2029 5786 et

2151 1884 2336 1955 μῶνας
2368 1883 2610 1936 ἐπιτολαὶ
2636 1881 2728 1934 καὶ
2751 1881 2949 1946 δύσεις,
2978 1882 3155 1945 εὐδίας
3189 1883 3565 1937 ἀποτελοῦσιν·
3590 1883 3684 1936 ἔστι

2147 1977 2191 2028 δ’
2217 1978 2304 2030 ὅτε
2342 1976 2482 2030 κατά
2514 1976 2611 2046 μὲν
2651 1975 2747 2046 τὴν
2778 1974 2930 2029 πόλιν
2959 1974 3109 2028 εὐδία
3142 1975 3376 2044 ἐγένετο,
3408 1978 3496 2029 ἐπὶ
3529 1974 3683 2047 χώρας

2146 2070 2202 2122 δὲ
2251 2070 2485 2143 ὄμϐρος·
2542 2067 2797 2131 πολλάκις
2835 2069 2890 2122 δέ
2943 2085 3027 2130 τις
3075 2067 3192 2138 μεθ’
3224 2069 3437 2139 ἡμέρας
3480 2072 3614 2139 τρεῖς
3655 2070 3684 2138 ἢ

2150 2162 2420 2235 τέσσαρας
2480 2162 2792 2234 ἐπεσήμηνε
2842 2165 2908 2232 τῇ
2950 2161 3170 2232 ἐπιτολῇ
3215 2161 3247 2232 ἢ
3292 2164 3358 2230 τῇ
3409 2161 3550 2213 δύσει
3607 2159 3683 2212 τοῦ

2150 2251 2350 2323 ἄστρου
2373 2269 2386 2282 ·
2415 2252 2531 2306 ἐστι
2566 2253 2623 2304 δέ
2656 2254 2744 2305 ὅτε
2787 2251 3055 2323 προέλαϐε
3083 2252 3178 2323 τὴν
3216 2251 3574 2320 ἐπισημασίαν
3599 2249 3686 2319 πρὸ

2147 2342 2365 2414 ἡμερῶν
2412 2345 2707 2415 τεσσάρων.
2745 2344 2904 2398 Ὅθεν
2939 2344 3032 2398 καὶ
3063 2344 3112 2395 οἱ
3145 2344 3599 2413 ἀποτυγχάνοντες
3634 2344 3681 2393 ἐν

2145 2437 2262 2497 ταῖς
2283 2436 2619 2506 προρρήσεσι
2635 2435 2741 2488 τῶν
2765 2435 3144 2507 ἐπισημασιῶν
3165 2435 3378 2504 ἔχουσιν
3398 2435 3683 2502 ἀπολογίαν,

2147 2527 2228 2578 ὅτι
2251 2525 2548 2596 προέλαϐον
2585 2527 2682 2598 τὴν
2712 2527 3101 2596 ἐπισημασίαν,
3125 2527 3208 2578 ὃτι
3238 2525 3440 2595 ὑστέρα
3478 2525 3684 2591 ἐγένετο.

2227 2618 2315 2682 Ἐξ
2343 2612 2417 2671 ὧν
2447 2620 2662 2672 πάντων
2702 2620 2952 2690 φανερὸν,
2987 2620 3067 2671 ὃτι
3104 2618 3172 2671 τὰ
3211 2618 3354 2672 κατά
3383 2620 3480 2680 τάς
3519 2620 3688 2685 ἐπιση-

2147 2710 2347 2780 μασίας
2368 2713 2424 2763 ἐν
2447 2713 2558 2774 τοῖς
2591 2712 3027 2782 παραπήγμασιν
3051 2711 3494 2782 όλοσχερέστερον
3522 2709 3688 2776 ἀναγέ-

2144 2813 2407 2868 γραπται,
2435 2799 2494 2850 ού
2547 2798 2708 2871 τέχνῃ
2753 2800 2859 2851 τινὶ
2887 2799 3007 2852 οὐδὲ
3047 2800 3262 2872 ἀνάγκῃ
3299 2800 3685 2871 μεθοδευόμενα,

2144 2890 2256 2942 ἀλλ’
2288 2891 2352 2943 ἐκ
2371 2891 2468 2962 τῆς
2489 2890 2740 2961 συνεχοῦς
2772 2893 3203 2962 παρατηρήσεως
3231 2890 3686 2964 ἀναγεγραμμένα.

2145 2983 2234 3035 Διὸ
2281 2981 2537 3044 πολλάκις
2573 2982 2933 3052 διαψεύδεται.
2969 2982 3129 3036 Ὅθεν
3164 2984 3282 3036 ούδέ
3315 2981 3690 3055 κατηγορητέον

2145 3073 2261 3126 ἐστὶ
2282 3071 2387 3123 τῶν
2409 3071 2770 3144 ἀστρολόγων,
2789 3073 2880 3126 ἐάν
2910 3074 3355 3143 ἀποτυγχάνωσιν
3380 3077 3437 3128 ἐν
3455 3079 3569 3136 ταῖς
3590 3075 3691 3124 ἐπι-

2148 3163 2461 3233 σημασίαις.
2509 3163 2631 3217 Ἐὰν
2684 3164 2728 3218 δ’
2771 3163 3009 3233 ἔκλειψιν
3043 3164 3317 3236 προειπών
3359 3165 3502 3236 τιςῆ
3534 3167 3692 3217 ἐπιτο-

2144 3256 2241 3326 λὴν
2289 3255 2488 3326 ἄστρου
2535 3256 2826 3328 διαμάρτῃ,
2879 3257 3112 3325 εὐλόγως
3153 3259 3340 3311 καὶτὸ
3377 3258 3691 3330 ἐπιτήδευμα

2093 3348 2096 3351 ’
2147 3347 2239 3400 καὶ
2296 3349 2324 3400 6
2379 3347 2880 3418 μεταχειριζόμενος
2943 3350 3272 3421 κατηγορίας
3333 3350 3688 3422 ἀξιωθήσεται.

2146 3437 2327 3492 Πάντα
2380 3438 2488 3510 γὰρ
2527 3439 2689 3512 τέχνῃ
2725 3441 3116 3511 μεθοδευόμενα
3144 3442 3544 3515 ἀδιαμάρτητον
3568 3443 3691 3512 ἔχειν

2145 3531 2345 3598 ὀφείλει
2380 3531 2475 3602 τὴν
2501 3533 2791 3600 ἀπόφασιν.
2823 3533 2902 3586 Τά
2948 3534 3004 3586 δὲ
3053 3534 3180 3603 περὶ
3219 3534 3318 3598 τὰς
3350 3535 3690 3606 ἐπισημασίας

2144 3619 2253 3672 οὔτ’
2282 3622 2748 3691 ἐπιτυγχανόμενα
2776 3623 3036 3694 ὁλοσχερῆ
3069 3625 3158 3676 τὸν
3189 3625 3410 3679 ἔπαινον
3442 3626 3567 3696 ἔχει,
3594 3624 3690 3678 οὔτ’

2145 3710 2627 3780 ἀποτυγχανόμενα
2659 3712 3010 3782 κατηγορίαν.
3045 3713 3303 3784 Ἀτεχνον
3328 3716 3436 3786 γάρ
3458 3733 3510 3768 τι
3543 3715 3691 3785 μέρος

2137 3799 2261 3854 ⁴ἐστὶ
2288 3799 2442 3852 τοῦτο
2471 3800 2569 3869 τῆς
2601 3801 2975 3871 ἀστρολογίας,
2997 3805 3089 3857 καὶ
3109 3804 3209 3856 οὐκ
3242 3805 3390 3868 ἄξιον
3415 3807 3689 3878 προφορᾶς.

2145 3897 2217 3948 Τὸ
2244 3896 2300 3948 δέ
2327 3895 2455 3947 αὐτὸ
2493 3893 2827 3965 ὑποληπτέον
2850 3898 2944 3948 καὶ
2971 3897 3097 3967 περὶ
3130 3898 3226 3967 τὴν
3257 3899 3434 3962 Κυνὸς
3463 3899 3691 3967 ἐπιτολὴν

2144 3985 2406 4055 γίνεσθαι.
2431 3986 2636 4049 Πάντες
2660 3985 2767 4058 γάρ
2801 3987 3271 4058 ὑπολαμϐάνουσιν
3313 3991 3448 4045 ίδίαν
3485 3992 3690 4060 δύναμιν

2142 4077 2284 4147 ἔχειν
2333 4077 2422 4130 τὸν
2464 4078 2686 4148 ἀστέρα,
2725 4079 2818 4130 καὶ
2847 4080 3132 4152 παραίτιον
3173 4082 3419 4152 γίνεσθαι
3459 4083 3555 4152 τῆς
3593 4079 3691 4133 τῶν

2142 4169 2434 4240 καυμάτων
2485 4170 2783 4233 ἐπιτάσεως
2821 4172 2935 4241 ἅμα
2968 4173 3413 4228 συνεπιτέλλοντα
3438 4173 3512 4246 τῷ
3547 4173 3687 4246 ⁴ίλλίῳ.

2143 4261 2312 4314 Τοῦτο
2354 4259 2398 4312 δ’
2443 4261 2541 4314 οὐκ
2569 4261 2714 4314 ἐστιν
2741 4261 2912 4326 οὕτως
2952 4263 3071 4334 ἕχον
3091 4282 3104 4296 ·
3134 4265 3268 4318 ἀλλά
3301 4267 3425 4320 ἐπεὶ
3456 4267 3585 4320 κατὰ
3611 4266 3692 4317 τὸν

2141 4349 2583 4422 πυροειδέστατον
2629 4352 2818 4423 καιρὸν
2862 4352 2955 4405 τοῦ
3009 4354 3251 4406 ἐνιαυτοῦ
3279 4351 3429 4419 οὗτος
3468 4359 3493 4408 6
3533 4355 3692 4423 ἀστὴρ
3763 4414 3765 4426 η

2141 4438 2412 4502 ἐπέτελλε,
2439 4441 2503 4510 τῇ
2524 4439 2713 4493 τούτου
2743 4439 2903 4508 φάσει
2933 4441 3339 4512 ἐσημειώσαντο
3365 4444 3462 4516 τὴν
3633 4442 3693 4493 τὸ

2140 4536 2328 4606 καῦμα
2356 4535 2654 4606 μεταϐολὴν
2704 4534 2796 4588 τοῦ
2845 4536 3023 4608 ἀέρος.
3054 4537 3209 4590 Ἔστι
3238 4537 3295 4591 δὲ
3323 4541 3352 4591 6
3386 4540 3530 4610 ἥλιος
3560 4554 3691 4606 παρ-

2138 4628 2306 4690 αίτιος
2341 4629 2439 4698 τῆς
2477 4629 2782 4692 ’ἐπιτάσεως
2831 4629 2942 4684 τῶν
2981 4630 3298 4700 καυμάτων.
3337 4633 3551 4703 Πρῶτον
3597 4629 3694 4701 μὲν

2137 4720 2265 4791 γὰρ,
2295 4721 2358 4772 ἐκ
2382 4719 2475 4772 τοῦ
2499 4719 2764 4791 χειμῶνος
2791 4721 3215 4792 κατεψυγμένων
3247 4725 3280 4793 ἡ
3289 4724 3426 4794 μῶν,
3455 4723 3584 4777 κατά
3603 4721 3694 4772 τὸν

2139 4811 2500 4884 συνεγγισμὸν
2545 4812 2634 4865 τὸν
2677 4811 2812 4884 πρὸς
2855 4815 3004 4884 ἡμᾶς
3054 4813 3279 4884 ἄρχεται
3312 4818 3457 4887 ἡμᾶς
3484 4814 3695 4887 θερμαί-

2136 4921 2278 4958 νειν·
2317 4903 2469 4958 οὔπω
2511 4904 2569 4958 δὲ
2608 4903 2828 4976 ἔκδηλον
2861 4904 3126 4976 ποιεῖτὴν
3153 4905 3478 4978 θερμασίαν,
3502 4909 3573 4960 ἔτι
3597 4905 3697 4974 τῆς

2137 4997 2485 5067 καταψύξεως
2524 4995 2631 5050 ἀπὸ
2667 4995 2760 5050 τοῦ
2792 4997 3054 5068 χειμῶνος
3095 4997 3482 5070 διαμενούσης·
3515 5001 3699 5068 ἐπιμο-

2135 5089 2230 5159 νῆς
2258 5089 2314 5142 δὲ
2347 5089 2656 5159 γενομένης,
2690 5087 2786 5141 καὶ
2818 5087 3018 5158 μᾶλλον
3050 5088 3137 5140 ἀεὶ
3163 5089 3256 5141 καὶ
3287 5090 3483 5160 μᾶλλον
3517 5104 3698 5154 συνεγ-

2134 5179 2376 5248 γίζοντος
2417 5179 2508 5233 τοῦ
2542 5180 2711 5251 ἡλίου,
2755 5180 3076 5251 ἐπαίσθησιν
3119 5180 3407 5250 συμϐαίνει
3447 5182 3539 5252 τῆς
3571 5179 3696 5248 θερο

2137 5275 2337 5342 μασίας
2367 5273 2630 5340 γίνεσθαι·
2652 5272 2838 5324 ἔπειτα
2874 5271 3158 5341 συμϐαίνει
3189 5272 3271 5335 δὶς
3293 5273 3386 5326 ἐπὶ
3418 5273 3509 5343 τὴν
3533 5270 3698 5339 αὐτὴν

2134 5362 2343 5433 οἴκησιν
2379 5363 2519 5416 κατά
2563 5364 2623 5416 τὸ
2666 5364 2882 5433 συνεχὲς
2933 5361 3242 5415 ἐπιϐάλλειν
3280 5363 3370 5417 τὸν
3402 5363 3563 5434 ἥλιον.
3587 5361 3699 5412 Καὶ

2135 5455 2242 5526 γάρ
2258 5457 2313 5508 ἐν
2325 5458 2390 5526 τῇ
2412 5455 2628 5526 παρόδῳ
2643 5458 2708 5525 τῇ
2729 5455 2860 5525 πρὸς
2876 5455 2965 5507 τὸν
2988 5454 3196 5525 θερινὸν
3215 5456 3472 5524 τροπικὸν
3487 5452 3699 5515 κύκλον,

2133 5544 2226 5597 καὶ
2246 5545 2303 5596 ἐν
2319 5547 2384 5614 τῇ
2409 5545 2754 5616 ἀποχωρήσει
2790 5543 2885 5606 τάς
2911 5542 3078 5606 αὑτὰς
3102 5544 3345 5611 οἰκήσεις
3373 5540 3646 5614 παροδεύει
3673 5543 3707 5593 ὁ

2132 5637 2300 5708 ἥλιος.
2336 5637 2496 5691 Ὅθεν
2545 5638 2828 5710 συμϐαίνει
2873 5637 2960 5690 διά
3017 5635 3114 5705 τὴν
3163 5635 3348 5690 αἰτίαν
3375 5636 3567 5707 ταύτην
3595 5632 3706 5696 τὰς

2135 5731 2413 5795 ἐπιτάσεις
2453 5730 2561 5784 τῶν
2614 5731 2907 5801 καυμάτων
2940 5728 3204 5799 γίνεσθαι.
3244 5731 3369 5784 Ἔτι
3395 5731 3451 5784 δὲ
3483 5728 3567 5784 καὶ
3595 5726 3708 5790 τὰς
