3786 6326
112 312 197 367 sas
1114 286 1351 371 csum]
1390 314 1767 373 unum“
1808 316 2299 377 ssrnosouw.
3219 314 3318 371 ss:

115 427 583 499 κατηναγκασμένα
607 429 788 500 ἔχουσι
821 428 888 484 τὰ
914 430 1347 504 ἀποτελέσματα.
1377 434 1540 490 Ὅθεν
1566 437 1661 491 καὶ

1777 437 2023 492 imbrium
2059 436 2334 506 exposuit,
2361 449 2431 490 ex
2470 432 2746 505 praedictis
2795 431 3083 504 generibus
3125 443 3323 499 praeco-

114 518 285 590 Βόηθος
315 522 343 575 ό
378 520 663 590 φιλόσοφος
688 524 746 575 ὲν
773 522 849 593 τῷ
878 522 1120 595 τετάρτῳ
1142 524 1331 596 βιϐλίῳ
1350 527 1447 599 τῆς
1493 528 1652 599 ’Δρά-

1758 528 2037 597 gnitiones
2074 528 2392 584 ostendens.
2428 526 2526 583 His
2559 527 2730 596 signis
2761 532 2816 581 et
2851 522 3173 579 Aristoteles
3197 518 3323 589 pbi-

113 629 185 664 του
230 610 559 683 ἐξηγήσεως,
602 613 835 683 φυσικὰς
877 612 975 677 τὰς
1013 615 1186 681 αἰτίας
1216 617 1520 672 ἀποδέδωκε
1544 618 1653 671 τῶν

1778 619 2019 690 osophus
2052 605 2188 677 usus
2221 630 2325 686 est,
2359 627 2414 676 et
2444 618 2724 682 Eudoxus,
2745 626 2799 672 et
2827 619 3011 688 plures
3039 612 3129 668 alii
3151 618 3327 667 astro-

112 703 494 774 τεπνευμάτων
548 705 643 758 καὶ
700 704 940 776 όμὸρων,
972 707 1035 759 ἐκ
1088 708 1194 761 τῶν
1241 708 1652 781 προειρημένων
1756 712 1885 783 logi.

115 797 243 850 ιίδῶν
264 798 360 862 τὰς
398 799 736 871 προγνώσεις
764 801 1214 872 ἀποφαινόμενος.
1231 804 1528 867 Τούτοιςδὲ
1551 808 1665 869 τοῖς
1700 807 1947 878 σημείοις
1981 809 2072 862 καὶ
2114 806 2486 880 Ἀριστοτέλης
2510 806 2770 879 κέχρηται
2817 806 2848 857 ό
2876 800 3179 872 φιλόσοφος.
3230 793 3322 848 καὶ

115 891 332 958 Εὔδοξος,
358 896 454 949 καὶ
481 896 656 968 ἕτεροι
690 898 934 962 πλείονες
960 900 1069 953 τῶν
1092 899 1459 971 ἀστρολόγων.

612 1013 1008 1067 ΚΕΦΑΛΔῙΟΝ
1054 1015 1153 1069 IE'.

543 1127 680 1195 Περὶ
711 1126 1028 1198 ἐξελιτμοῦ
1068 1128 1202 1201 (50).

185 1240 485 1315 Ἐξελιγμὸς
518 1244 633 1297 ἐστι
660 1245 854 1316 χρόνος
890 1247 1167 1318 ἐλάχιστος
1203 1249 1468 1321 περιέχων
1506 1249 1659 1315 ὅλους

120 1336 271 1407 μῆνας
295 1377 310 1400 ν
339 1338 433 1391 καὶ
459 1337 587 1401 ὅλας
615 1339 857 1412 ἡμέρας,
889 1341 984 1393 καὶ
1026 1340 1153 1403 ὅλας
1190 1342 1660 1405 ἀποκαταστάσεις

116 1423 199 1496 τῆς
236 1426 482 1497 σελήνης.
530 1428 681 1481 Ἐπεὶ
721 1429 831 1500 γάρ
863 1430 891 1482 ὁ
924 1433 1171 1501 μηνιαίος
1204 1431 1394 1502 χρόνος
1420 1448 1663 1503 παρετη-

2352 1011 2583 1070 CAPUT
2610 1012 2724 1068 XV.

2339 1128 2417 1182 De
2444 1128 2752 1183 conlatione.

1826 1247 2076 1305 Evolutio
2102 1252 2189 1301 est
2208 1252 2423 1315 tempus
2451 1243 2757 1308 minimum,
2779 1242 3065 1298 continens
3084 1242 3326 1312 integros

1755 1348 2052 1409 menses,et
2068 1342 2309 1411 integros
2320 1336 2518 1399 dies,et
2529 1335 2767 1407 integras
2781 1336 3150 1391 restitutiones
3163 1336 3321 1390 lunai.

1761 1431 1898 1487 Cum
1930 1431 2075 1486 enim
2110 1436 2452 1484 menstruum
2488 1433 2702 1495 tempus
2737 1424 3079 1479 observatum
3105 1424 3177 1478 sit
3203 1439 3325 1479 esse

120 1517 232 1590 ρήθη
252 1519 511 1590 ὑπάρχων
539 1520 760 1592 ἡμερῶν
781 1521 981 1574 εἴκοσιν
1000 1523 1153 1576 ἐννέα
1169 1524 1322 1592 a’/6',
1337 1522 1413 1588 ὡς
1436 1524 1663 1592 ἔγγιστα

1777 1522 1971 1578 lieruin
1984 1521 2055 1575 29
2075 1520 2199 1592 1/2,
2214 1519 2371 1590 l/‘53,
2386 1517 2497 1573 fere
2512 1535 2526 1572 :
2544 1517 2815 1572 restitutio
2824 1530 2950 1570 vero
2968 1515 3107 1569 luna:
3116 1512 3325 1571 dierum

119 1609 199 1662 καὶ
222 1609 545 1681 τριακοστοῦ
574 1612 781 1682 τρίτου,
817 1612 849 1682 ἡ
882 1612 938 1665 δὲ
969 1614 1412 1679 ἀποκατάστασις
1438 1615 1537 1685 τῆς
1570 1632 1661 1668 σε·

116 1699 258 1771 λὴνης
296 1694 524 1774 ἡμερῶν
552 1702 635 1768 κζ’
668 1702 760 1757 καὶ
791 1703 1253 1757 ὀκτωκαιδεκάτου
1292 1703 1369 1767 ὡς
1396 1705 1621 1773 ἔγγιστα
1644 1720 1658 1734 ’

1761 1615 1826 1669 27
1855 1612 1995 1684 4/18
2017 1612 2148 1670 fere.
2172 1609 2457 1678 quaesitum
2481 1616 2565 1664 est
2594 1619 2804 1677 tempus
2838 1607 3151 1671 minimum,
3179 1607 3325 1677 quod

1761 1705 2004 1761 continet
2023 1705 2262 1774 integros
2277 1702 2416 1764 dies,
2433 1710 2488 1756 et
2503 1701 2742 1771 integros
2766 1714 3001 1765 menses,
3019 1707 3075 1753 et
3088 1698 3328 1768 integras

117 1793 334 1885 έζητεῖτο
378 1792 571 1865 χρόνος
614 1797 642 1848 ό
688 1794 998 1865 ἐλάχιστος,
1037 1795 1187 1859 ὅστις
1244 1796 1486 1868 περιέχει
1535 1796 1664 1859 ὅλας

1777 1795 2144 1853 restitutiones
2170 1815 2183 1850 :
2208 1793 2449 1850 inventio
2470 1800 2649 1847 autem
2668 1797 2753 1846 est
2770 1789 2895 1845 talis
2914 1807 2928 1843 :
2947 1789 3096 1844 Luna
3116 1790 3329 1861 irregu-

116 1881 323 1953 ἡμέρας,
355 1885 447 1937 καὶ
477 1885 633 1948 ὅλους
666 1885 856 1956 μῆνας,
881 1886 975 1937 καὶ
1004 1885 1129 1949 ὅλας
1156 1887 1626 1952 ἀποκαταστάσεις
1647 1904 1661 1918 ·

118 1972 214 2027 ἐστι
242 1974 295 2026 δὲ
325 1974 551 2046 τοιαύτη
597 1976 833 2048 εὕρεσιςσ
883 1978 949 2030 'H
979 1976 1173 2048 σελήνη
1212 1976 1511 2048 ἀνωμάλως
1542 1978 1665 2047 φαί-

117 2064 698 2137 νεταιδιαπορευομένη
719 2066 811 2119 τὸν
848 2066 1109 2132 ζωδιακὸν
1144 2066 1360 2133 κύκλον,
1397 2069 1489 2123 καὶ
1519 2085 1670 2140 περι.

118 2154 320 2227 φέρειάν
359 2173 485 2211 τινα
516 2157 833 2227 ἐνεχθεῖσα,
858 2160 916 2212 ὲν
947 2161 1014 2229 τῇ
1058 2160 1291 2231 ἐχομένη
1330 2160 1515 2233 ἡμέρᾳ
1549 2161 1668 2231 μεί-

118 2245 228 2308 ζονα
271 2246 473 2319 ταύτης
523 2251 777 2312 κινεῖται,
823 2249 916 2302 καὶ
961 2249 1048 2302 ἀεὶ
1102 2249 1323 2320 μείζονα
1373 2253 1492 2314 ταῖς
1542 2249 1668 2322 ἑξῆς

118 2338 351 2410 ἡμέραις.
380 2340 487 2404 ἕως
516 2340 585 2395 ἂν
620 2340 881 2411 μεγίστην
924 2342 1276 2413 περιφέρειαν
1304 2341 1496 2414 κινηθῇ
1516 2360 1528 2373 ·
1568 2339 1667 2397 εἶτ’

118 2427 252 2494 αὖθις
276 2434 356 2495 είς
384 2432 484 2503 τὴν
532 2431 792 2485 ἐλάττονα
837 2434 937 2504 τῆς
977 2434 1412 2506 προηγουμένης,
1452 2434 1556 2497 ἕως
1603 2433 1670 2488 ἂν

119 2522 197 2575 ἐπὶ
226 2523 325 2594 τὴν
367 2523 428 2588 ἐξ
472 2524 646 2595 ἀρχῆς
686 2524 971 2595 ἐλαχίστην
1012 2525 1361 2596 περιφέρειαν
1395 2526 1672 2579 ἀποκατα-

122 2614 290 2685 σταθῇ.
326 2614 384 2668 '0
409 2614 468 2667 δὲ
509 2614 701 2686 χρόνος
734 2617 762 2667 ό
802 2615 909 2668 ἀπὸ
939 2615 1039 2686 τῆς
1075 2613 1364 2686 ἐλαχίστης
1405 2614 1672 2685 κινήσεως

121 2705 197 2758 ἐπὶ
215 2706 309 2778 τὴν
341 2706 633 2777 ἐλαχίστην
675 2705 889 2777 κίνησιν
932 2706 1371 2769 ἀποκατάστασις
1404 2704 1669 2759 καλεῖται.

122 2797 554 2870 Παρατετήρηται
584 2798 643 2852 δὲ
664 2800 692 2851 ό
715 2798 995 2868 ἐξελιγμὸς
1024 2798 1291 2870 περιέχων
1321 2798 1474 2863 ὅλους
1499 2799 1674 2871 μῆνας

122 2889 233 2958 χεῦ’,
274 2890 488 2965 ἡμέρας
528 2890 587 2943 δὲ
632 2889 866 2961 ,ιβψνςκ
924 2891 1012 2944 Ἐν
1056 2890 1115 2943 δὲ
1161 2889 1238 2961 τῷ
1283 2890 1460 2962 χρόνῳ
1498 2890 1675 2962 τούτῳ

123 2984 335 3037 ποιεῖται
357 2984 457 3052 τῆς
485 2983 630 3037 κατά
655 2983 826 3054 μῆκος
851 2982 1215 3054 ἀνωμαλίαςὴ
1245 2982 1440 3053 σελήνη
1463 2983 1673 3037 ἀποκα-

124 3076 389 3140 ταστάσεις
422 3075 554 3146 ψιξ,
580 3076 812 3139 κύκλους
841 3076 897 3129 δι
921 3075 1219 3141 ζωδιακοὺς
1247 3076 1673 3149 διαπορευομινη

1765 1888 1953 1944 lariter
1975 1901 2268 1957 peragrare
2297 1885 2580 1940 zodiacum
2607 1882 2965 1943 circulum.et
2988 1880 3102 1936 ﬁeri
3126 1897 3219 1951 per
3245 1894 3334 1936 ar-

1764 1998 1885 2039 cum
1916 1980 2206 2052 quemdam
2235 1977 2589 2048 conspicitur.
2632 1975 2731 2031 Die
2755 1974 3001 2045 sequenti
3038 1974 3143 2029 hoc
3200 1988 3333 2029 arcu

1763 2075 2025 2144 majorem
2041 2071 2258 2127 coniicit
2271 2111 2286 2135 ,
2307 2078 2361 2126 et
2372 2084 2588 2139 semper
2602 2068 2861 2139 majorem
2873 2065 3065 2123 diebus
3074 2066 3334 2121 continuo

1766 2165 2117 2237 sequentibus
2136 2203 2153 2230 ,
2182 2164 2355 2219 donec
2367 2177 2460 2232 per
2475 2161 2771 2217 maximum
2785 2174 2975 2215 arcum
2990 2165 3137 2213 mota
3151 2157 3335 2215 fuerit.

1767 2258 1972 2313 Deinde
1996 2271 2192 2312 rursus
2241 2255 2296 2309 in
2342 2268 2528 2327 arcum
2560 2252 2824 2306 minorem
2849 2248 3175 2321 pracedenti
3205 2248 3295 2304 die
3315 2285 3336 2313 .

1766 2351 1939 2406 donec
1962 2350 2016 2403 in
2034 2348 2340 2409 minimum,
2359 2345 2453 2416 qui
2470 2342 2844 2406 fuitabinitio,
2876 2357 3062 2397 arcum
3088 2342 3336 2397 restituta

1770 2442 1953 2498 fuerit.
1979 2440 2215 2510 Tempus
2236 2451 2386 2501 vero,
2410 2435 2554 2506 quod
2570 2442 2657 2491 est
2680 2450 2711 2490 a
2733 2434 2962 2489 minimo
2979 2440 3128 2488 motu
3152 2431 3219 2486 ad
3242 2431 3341 2487 mi-

1771 2534 1977 2590 nimum
2001 2540 2229 2595 motum,
2261 2528 2532 2584 restitutio
2548 2533 2793 2581 vocatur.
2825 2523 3126 2580 Observata
3154 2530 3341 2578 autem

1771 2634 1855 2682 est
1885 2623 2125 2680 evolutio
2170 2622 2459 2677 continens
2497 2619 2740 2688 integros
2771 2631 2988 2673 menses
3032 2614 3174 2681 669,
3219 2613 3345 2670 dies

1773 2726 1901 2766 vero
1930 2707 2125 2765 l9756.
2155 2707 2215 2765 ln
2242 2708 2345 2763 hoc
2383 2716 2562 2762 autem
2600 2713 2846 2776 tempore
2880 2706 3009 2760 luna
3054 2704 3344 2760 anomalia

1774 2798 2073 2855 secundum
2112 2794 2504 2868 longitudinem
2526 2791 2657 2849 facit
2683 2791 3055 2848 restitutiones
3078 2788 3202 2851 7l7,
3232 2788 3343 2843 cir-

1774 2893 1930 2947 culos
1951 2888 2208 2945 zodiacos
2239 2899 2538 2957 peragrans
2558 2884 2613 2939 in
2638 2883 2750 2954 jam
2776 2882 2924 2936 dicto
2940 2888 3183 2950 tempore
3201 2877 3302 2932 725
3317 2915 3343 2943 ,

1774 2993 1830 3041 et
1878 2984 2105 3053 insuper
2135 2993 2421 3036 assumens
2463 2976 2665 3047 gradus
2715 2973 2807 3030 52.
2843 2971 3117 3028 Habentes
3155 2978 3339 3025 autem

1777 3078 1878 3134 bas
1904 3076 2247 3148 apparentias
2276 3086 2341 3127 ex
2369 3069 2644 3126 veteribus
2682 3065 3020 3137 temporibus
3047 3062 3305 3134 quasitas
3322 3099 3341 3128 ,

125 3165 172 3216 ὲν
193 3165 265 3236 τῷ
297 3166 679 3238 προειρημένῳ
708 3166 884 3237 χρόνῳ
907 3166 1054 3237 ψκγ’,
1097 3167 1190 3221 καί⁵
1229 3165 1673 3238 προσεπιλαμϐά-

1777 3169 1996 3242 quando
2023 3165 2355 3223 constituere
2378 3168 2592 3232 oportet
2606 3173 2725 3215 eam
2756 3158 3008 3213 diurnam
3039 3156 3180 3210 lunae
3208 3169 3344 3208 aiio-

125 3274 269 3312 νουσα
314 3258 507 3330 μοίρας
536 3257 639 3329 λβ’.
674 3259 927 3329 Ἔχοντες
967 3259 1025 3313 δὲ
1058 3258 1228 3313 ταῦτα
1269 3258 1338 3311 τὰ
1377 3258 1673 3329 φαινόμενα

1782 3240 2021 3317 maliam,
2049 3264 2170 3321 qua:
2196 3255 2281 3305 est
2313 3245 2611 3303 secundum
2654 3242 3047 3313 longitudinem
3072 3279 3090 3307 ,
3120 3240 3244 3310 quis
3272 3240 3342 3295 sit

125 3351 180 3403 ἐκ
207 3351 442 3405 παλαιῶν
466 3350 674 3423 χρόνων
697 3348 1023 3421 ἐζητημένα,
1049 3349 1168 3404 δέον
1193 3348 1560 3419 συστήσασθαι
1580 3348 1679 3420 τὴν

128 3444 248 3498 κατὰ
283 3444 454 3514 μῆκος
492 3442 811 3513 ἀνωμαλίαν
841 3444 1140 3514 ἡμερήσιον
1166 3442 1267 3512 τῆς
1301 3440 1561 3513 σελήνης,
1595 3442 1679 3505 τίς

129 3538 254 3591 ἐστιν
277 3537 536 3607 ἐλαχίστη
572 3536 785 3607 κίνησις
810 3536 995 3605 αὐτῆς,
1023 3535 1116 3588 καὶ
1136 3533 1217 3599 τίς
1241 3536 1277 3605 ἡ
1311 3534 1560 3605 μεγίστη,
1588 3535 1682 3588 καὶ

129 3628 197 3691 τίς
226 3632 256 3700 ἡ
288 3630 423 3701 μέση
446 3669 460 3692 ,
500 3630 599 3683 καὶ
638 3629 720 3691 τίς
746 3630 780 3698 ἡ
809 3627 931 3681 καθ’
963 3629 1172 3699 ἡμέραν
1211 3626 1550 3699 παραύξησις
1589 3627 1683 3680 καὶ

132 3723 337 3790 μείωσις
380 3724 550 3794 αὐτῆς
571 3739 586 3752 ·
622 3721 1080 3792 ὲπιλαμδάνοντες
1120 3722 1185 3774 ὲκ
1223 3719 1316 3773 τοῦ
1359 3719 1682 3790 φαινομένου

129 3814 385 3869 καὶτοῦτο
405 3857 420 3880 ,
452 3816 538 3869 ὅτι
574 3813 671 3868 ἐὰν
708 3813 805 3884 μὲν
836 3814 929 3865 καὶ
969 3813 1066 3876 τὰς
1103 3811 1389 3883 ἐλαχίστας
1427 3812 1640 3882 κινῆται
1667 3849 1682 3875 ,

132 3906 329 3963 πλείονα
360 3910 457 3980 μὲν
483 3906 598 3961 τῶν
626 3905 695 3959 ια’
728 3904 928 3976 μοιρῶν
949 3906 1196 3967 κινεῖται,
1226 3904 1479 3957 ἐλάττονα
1503 3903 1558 3956 δὲ
1577 3902 1686 3957 τῶν

130 3998 218 4068 ιε’ιό
243 4002 370 4054 ὅταν
402 4001 459 4053 δὲ
487 4000 589 4062 τὰς
623 3997 883 4069 μεγίστας
917 4000 1164 4068 κινῆται,
1194 3996 1411 4050 πλείονα
1451 3996 1547 4067 μὲν
1578 3996 1687 4049 τῶν

131 4096 184 4143 ιε’
213 4091 410 4163 μοιρῶν
435 4093 692 4151 κινεῖται,
727 4089 982 4142 ἐλάττονα
1006 4088 1061 4141 δὲ
1087 4086 1196 4141 τῶν
1222 4093 1296 4152 ις’
1314 4106 1327 4119 ο
1357 4088 1481 4140 ἐπεὶ
1509 4086 1688 4140 τοίνυν

132 4186 561 4255 παρατετηρηται
592 4182 626 4253 ἡ
659 4180 852 4252 σελήνη
893 4179 953 4233 ὲν
991 4179 1226 4251 ἡμέραις
1255 4177 1464 4249 γηθψνςθ
1495 4178 1687 4231 διαπο-

135 4277 382 4347 ρευομένη
424 4273 727 4338 ζωδιακοὺς
770 4271 1001 4335 κύκλους
1044 4270 1170 4340 ψκγ¹
1196 4309 1211 4334 ,
1241 4270 1334 4324 καὶ
1377 4268 1457 4323 ἔτι
1493 4268 1689 4340 μοίρας

132 4363 219 4436 λβ’,
258 4366 485 4430 ἕκαστος
513 4364 573 4417 δὲ
604 4363 715 4416 τῶν
746 4361 960 4415 κύκλων
992 4361 1104 4431 ἔχει
1142 4361 1336 4433 μοίρας
1360 4358 1435 4424 re
1453 4376 1465 4390 ο
1499 4358 1690 4413 ἀνελύ-

135 4475 251 4513 σατο
273 4460 384 4514 τῶν
412 4458 633 4513 κύκλων
663 4455 866 4526 πλῆθος
901 4458 982 4520 εἰς
1022 4454 1234 4527 μοίρας,
1258 4454 1353 4508 καὶ
1385 4452 1691 4526 προσέθηκε

1783 3346 2043 3401 minimus
2066 3348 2249 3397 motus
2275 3339 2415 3409 ejus,
2433 3345 2488 3393 et
2508 3337 2635 3406 quis
2652 3334 2943 3399 maximus,
2957 3331 3082 3402 quis
3109 3329 3343 3395 medius.

1782 3446 1837 3492 et
1885 3433 2031 3506 quod
2073 3429 2450 3504 quotidianum
2490 3424 2897 3493 incrementum:
2944 3432 2998 3479 et
3031 3420 3349 3477 decremen-

1786 3537 1899 3582 tum
1928 3525 2050 3596 ejus
2076 3544 2090 3579 :
2122 3522 2422 3593 accipimus
2452 3518 2677 3588 insuper
2700 3532 2767 3571 ex
2799 3512 3114 3585 apparentia
3145 3511 3348 3575 ethoc,

1785 3636 1911 3677 cum
1944 3620 2074 3673 luna
2103 3622 2284 3671 motus
2315 3612 2572 3668 minimos
2621 3608 2779 3673 facit,
2829 3608 2953 3677 plus
2994 3620 3114 3661 eam
3145 3602 3355 3660 moveri

1787 3712 2041 3767 undecim
2088 3706 2377 3780 gradibus,
2430 3703 2615 3759 minus
2667 3699 3000 3756 duodecim:
3046 3712 3170 3753 eum
3224 3710 3356 3752 vero

1789 3802 2059 3858 maximos
2107 3797 2327 3854 coniicit
2376 3804 2577 3859 motus,
2605 3791 2842 3863 amplius
2874 3804 2995 3846 eam
3044 3787 3247 3843 moveri
3292 3785 3359 3842 l5

1790 3893 2076 3965 gradibus,
2109 3890 2292 3946 minus
2322 3903 2449 3945 vero
2476 3886 2543 3941 16
2572 3884 2863 3956 gradibus;
2902 3895 3026 3936 cum
3061 3880 3226 3950 igitur
3259 3876 3359 3932 ob-

1792 3992 2069 4042 servatum
2101 3984 2195 4046 sit,
2225 3983 2408 4036 lunam
2446 3979 2500 4034 in
2533 3977 2728 4032 diebus
2753 3973 2923 4030 19756
2950 3986 3239 4043 peragrare
3267 3987 3360 4025 zo-

1792 4077 1980 4130 diacus
2000 4072 2239 4128 circulos
2269 4071 2400 4133 725,
2436 4079 2488 4124 et
2518 4078 2776 4139 praeterea
2816 4065 2994 4119 adhuc
3029 4062 3230 4134 gradus
3248 4060 3319 4116 52
3344 4079 3357 4115 :

1795 4166 2172 4235 unusquisque
2199 4170 2382 4217 autem
2413 4160 2742 4215 circulorum
2782 4157 2979 4210 habeat
3003 4154 3206 4225 gradus
3234 4153 3360 4217 560,

1793 4257 2033 4314 refundit
2077 4257 2205 4310 luna
2236 4252 2568 4309 circulorum
2610 4246 3007 4304 multitudinem
3040 4245 3096 4300 in
3128 4244 3360 4315 gradus.

1794 4357 1850 4407 et
1872 4348 2021 4404 addit
2049 4328 2251 4417 gradus
2291 4343 2379 4398 52.
2417 4340 2503 4396 Fit
2534 4341 2700 4411 igitur
2748 4346 2894 4393 totus
2940 4350 3202 4391 numerus
3239 4349 3365 4405 gra-

1795 4439 1963 4494 duum
1996 4433 2230 4491 260512.
2262 4432 2320 4487 ln
2355 4431 2548 4487 diebus
2576 4428 2740 4499 igitur
2771 4424 3008 4480 maxime
3038 4422 3212 4480 19756
3244 4438 3367 4492 per-

133 4551 219 4616 τὰς
246 4552 342 4623 is.
384 4553 600 4606 Γίνεται
635 4551 665 4603 ό
696 4516 803 4613 πὰς
834 4516 1065 4623 ἀριθμός
1108 4516 1310 4619 μοιρῶν
1340 4516 1554 4620 eius.
1604 4516 1673 4599 (επ

1797 4531 1970 4587 currit
2021 4528 2149 4582 luna
2196 4522 2511 4595 praedictum
2545 4533 2827 4575 numerum
2857 4516 3122 4589 graduum
3151 4534 3167 4571 :
3202 4531 3366 4586 quam

133 4608 228 4713 ἄρα
255 4608 490 4716 ἡμέραις
521 4643 758 4715 μάλιστα
783 4608 992 4713 ξιβᾷνξ
1013 4608 1461 4713 διαπορεύεταινὴ
1490 4608 1673 4709 ’σελὴνι

1799 4619 2201 4679 multitudinem
2250 4617 2307 4671 in
2362 4614 2573 4670 dierum
2620 4610 3019 4667 multitudinem
3070 4608 3372 4665 dividentes

134 4699 186 4787 τό
208 4699 601 4809 προειρημένον
627 4699 832 4803 πλῆθος
990 4699 1190 4802 μοιρῶν
1213 4748 1225 4760 ·
1251 4729 1356 4802 ὃδὴ
1382 4699 1673 4799 πλῆθοςέί

1800 4713 2141 4770 inveniemus
2177 4708 2416 4764 medium
2460 4706 2716 4761 diurnum
2765 4709 2971 4757 motum
3019 4699 3183 4757 lunae.
3231 4700 3371 4756 Cum

135 4822 187 4875 τὸ
219 4791 323 4881 τῶν
621 4791 824 4892 πληθος
867 4791 1221 4892 μερίσαντες,
1256 4791 1561 4891 εὑρήσομεν

1798 4805 1944 4862 enim
1970 4815 2147 4871 neque
2169 4797 2523 4854 intentionem
2558 4804 2762 4857 motus,
2790 4808 2964 4864 neque
2990 4791 3370 4848 remissionem

139 4916 295 4988 μέσην
335 4883 642 4990 ἡμερὴσιον
687 4883 900 4984 κίνησιν
942 4883 1044 4983 τῆς
1085 4883 1335 4983 σελήνηςί
1378 4883 1553 4964 ἰὍταν
1589 4883 1673 4979 γάι

1800 4904 2139 4968 reputantes,
2169 4907 2236 4948 ex
2262 4890 2456 4963 aequali
2503 4888 2852 4946 diviserimus
2891 4883 3157 4957 graduum
3187 4884 3374 4937 multi-

140 4977 261 5078 μήτε
436 4977 687 5062 ἐπίτασιν
722 4977 823 5076 τῆς
861 4977 1145 5077 κινήσεως,
1193 4977 1332 5073 μήτε
1376 5000 1472 5073 τὴν
1515 4977 1673 5055 ἄνεσιλ

1806 4988 2069 5051 tudinem,
2105 4995 2235 5040 tunc
2266 4984 2521 5039 inventus
2550 4992 2730 5037 motus
2756 4980 2866 5052 36
2891 4985 3117 5034 vocatur
3139 4977 3374 5033 medius.

138 5070 579 5172 ύιτολογισάμενοι
601 5138 617 5162 ,
650 5097 712 5162 ἐξ
752 5070 954 5167 ὁμαλοῦ
972 5070 1297 5168 ,μερίσωμν
1328 5092 1389 5146 τὸ
1430 5070 1537 5146 τῶν
1580 5108 1673 5161 μοι

1805 5081 2088 5137 invenitur
2142 5086 2324 5134 autem
2381 5076 2471 5133 hic
2519 5076 2732 5131 medius
2777 5081 2956 5130 motus
3009 5070 3274 5143 graduum
3311 5070 3380 5124 l5

142 5190 238 5258 ρῶν
262 5163 483 5264 πλῆθος,
523 5191 647 5245 τότε
677 5191 712 5260 ἡ
738 5163 1021 5259 εύρεθεῖσα
1039 5163 1252 5255 κίνησις
1276 5184 1413 5254 μέση
1436 5182 1673 5239 καλεῖται

1808 5176 2105 5245 primorum
2175 5169 2639 5240 sexagesimorum
2689 5165 2771 5222 l0'
2806 5205 2821 5230 ,
2891 5175 2945 5221 et
3010 5163 3378 5220 secundorum

138 5253 455 5354 ἑῦρὶσκεται
472 5253 557 5336 »δὲ
600 5253 739 5351 αὕτη
772 5253 1033 5350 γινομένη
1079 5253 1282 5349 μοιρῶν
1346 5253 1412 5343 ιγί
1476 5273 1673 5345 πρώτω

1811 5263 1930 5320 55".
1991 5261 2230 5317 Vocatur
2271 5270 2449 5316 autem
2504 5259 2669 5315 nnius
2708 5257 2911 5330 gradus
2954 5253 3380 5324 sexagesimum,

142 5343 452 5444 ὲῆκοστῶν,
482 5373 581 5427 καὶ
602 5343 870 5441 δευτέρων
886 5343 980 5423 λε’.
1001 5343 1258 5423 Καλεῐται
1283 5365 1340 5419 δὲ
1363 5365 1423 5418 τὸ
1449 5343 1546 5436 τῆς
1579 5366 1673 5435 μιᾶ

1813 5358 2045 5427 primum
2072 5354 2502 5426 sexagesimum;
2553 5364 2605 5409 et
2652 5351 2816 5407 unius
2843 5349 3002 5420 primi
3053 5343 3378 5416 sexagesimi

146 5438 323 5537 μοίρας
341 5464 636 5539 ἑξηκοστὸν
656 5438 867 5533 πρῶτον
885 5460 1198 5533 ἑξηκοστὸν,
1214 5458 1275 5511 τὸ
1302 5456 1357 5510 δὲ
1382 5456 1475 5511 τοῦ
1495 5455 1673 5527 πρώτο

1814 5449 2211 5520 sexagesimum
2258 5456 2485 5504 vocatur
2514 5446 2813 5503 secundum
2848 5442 3280 5515 sexagesimum;
3306 5438 3384 5493 si-

144 5534 431 5625 ἑξηκοστοῦ.
445 5556 743 5628 ἑξηκοστὸν
767 5552 1017 5625 δεύτερον
1044 5548 1351 5623 ἑξηκοστόν⁸
1372 5547 1569 5618 ὁμοίως
1581 5545 1636 5598 δὲ
1652 5562 1673 5598 τ

1816 5544 2018 5597 militer
2045 5540 2209 5597 etiam
2242 5556 2409 5598 unum
2440 5538 2742 5597 secundum
2784 5534 3222 5607 sexagesimum,
3257 5542 3386 5585 cum

199 5712 304 5786 (5η)
331 5714 469 5785 Περὶ
518 5708 861 5781 ἐξελιγμοῦ.
923 5706 1058 5763 \‘ide
1113 5703 1461 5760 Ptolemaeum
1507 5701 1598 5757 lib.
1629 5714 1673 5754 Iv

1777 5712 1871 5767 ap.
1902 5693 1956 5752 2.
