3786 6354
415 307 529 363 858

1420 313 1516 369 AD
1550 312 1821 373 EUSEBII
1858 315 2250 376 CHBONICON
2285 316 2646 377 APPENDIX.

3547 322 3652 381 856

416 426 653 483 divisum
680 435 768 484 est
797 427 853 483 in
882 438 1065 501 partes
1114 428 1185 487 60
1207 468 1223 495 ,
1280 437 1508 486 vocatur
1564 448 1672 489 una
1722 435 1975 505 particula

2095 436 2346 509 δεύτερον
2384 436 2692 508 ἑξηκοστὸν,
2719 437 2985 511 διαιρεθὲν
3021 439 3101 503 είς
3143 439 3293 512 μέρη.
3321 438 3385 505 ξ’,
3417 439 3651 495 καλεῖται

416 522 641 575 tertium
690 522 1106 594 sexagesimum.
1148 521 1348 577 Eadem
1402 530 1488 579 est
1530 525 1673 581 ratio
1715 527 1881 582 etiam
1932 528 1988 583 in

420 610 648 681 reliquis
678 613 1051 684 sexagesimis.
1675 612 1688 623 ”

487 699 627 755 Cum
660 718 1013 758 numerorum
1041 704 1129 759 bic
1162 704 1236 761 sit
1258 705 1414 771 ordo,
1444 722 1474 761 a
1498 706 1768 764 Chaldaeis
1797 709 1988 766 inven-

418 799 511 849 tus
538 800 624 848 est
650 793 866 850 medius
892 804 1073 852 motus
1109 796 1250 852 luna:
1294 799 1559 869 graduum
1616 801 1704 869 15,
1732 803 1833 867 10',
1864 802 1984 871 35",

419 901 653 956 cumque
688 886 745 942 in
774 886 967 943 diebus
1009 889 1180 945 19756
1220 890 1347 946 luna
1392 891 1555 947 faciat
1610 895 1986 951 restitutiones

420 976 546 1042 717,
579 978 625 1033 si
656 979 995 1036 voluerimus
1020 996 1350 1053 cognoscere
1389 999 1552 1038 unam
1582 986 1985 1042 restitutionem

416 1067 475 1119 in
504 1074 634 1137 quot
665 1067 859 1125 diebus
897 1069 1060 1125 faciat
1098 1071 1248 1135 luna,
1279 1072 1582 1129 dividemus
1604 1074 1812 1130 dierum
1837 1075 1982 1130 mul-

416 1160 705 1217 titudinem
747 1162 802 1216 in
830 1163 1237 1234 restitutionum
1293 1165 1728 1233 multitudinem;
1760 1175 1814 1222 et
1846 1166 1985 1222 fiunt

416 1250 534 1307 dies
563 1253 926 1309 restitutionis
950 1255 1041 1319 27,
1076 1262 1133 1313 et
1161 1257 1325 1313 unius
1367 1256 1475 1313 diei
1502 1257 1842 1328 sexagesima
1869 1258 1983 1328 pri-

414 1356 501 1395 ma
536 1342 626 1405 53,
659 1351 714 1398 et
741 1344 981 1400 secunda
1009 1345 1099 1401 20.
1141 1345 1197 1400 In
1226 1355 1306 1402 tot
1357 1346 1522 1419 igitur
1550 1346 1743 1403 diebus
1791 1348 1921 1403 luna
1951 1363 1983 1402 ιι

414 1431 645 1488 minimo
674 1444 825 1491 motu
860 1437 924 1491 ad
972 1438 1256 1492 minimum
1287 1448 1494 1492 motum
1523 1440 1909 1509 proficiscitur.

2091 528 2152 581 τὸ
2183 527 2241 581 ἓν
2269 527 2433 601 μέρος
2460 529 2643 601 τρίτον
2673 528 2981 600 ἑξηκοστόν.
3021 530 3080 584 '0
3107 530 3165 583 δέ
3203 530 3365 594 αὐτὸς
3389 530 3537 598 λόγος
3557 531 3649 585 καὶ

2090 620 2183 673 ἐπὶ
2215 619 2323 673 τῶν
2344 618 2547 672 λοιπῶν
2574 620 2898 690 ἐξηκοστῶν.

2159 710 2429 781 Τοιαύτης
2460 710 2515 764 δὲ
2558 714 2658 783 τῆς
2688 712 2984 777 διατάξεως
3019 714 3368 786 ὑπαρχούσης
3397 713 3503 767 τῶν
3532 715 3649 786 ἀρι-

2088 803 2264 875 θμῶν,
2300 804 2405 857 ὑπὸ
2449 803 2556 857 τῶν
2595 804 2893 866 Χαλδαίων,
2917 804 3143 877 εὓρηται
3184 808 3217 877 ἡ
3265 805 3403 877 μέση
3445 806 3647 877 κίνησις

2086 899 2187 968 τῆς
2221 896 2452 967 σελήνης
2488 897 2689 970 μοιρῶν
2718 904 2806 967 ιγ’,
2839 904 2889 961 ι’,
2928 896 3002 950 λε’
3024 914 3037 926 ·
3067 899 3163 952 καὶ
3197 898 3320 951 ἐπεὶ⁵
3339 900 3397 951 ἐν
3426 898 3648 969 ἡμέραις

2084 988 2295 1061 ,ι,θψνς’
2327 989 2801 1053 ἀποκαταστάσεις
2833 992 3067 1045 ποιεῖται
3099 992 3133 1061 ἡ
3175 991 3372 1063 σελήνη
3402 989 3528 1060 ψιξ,
3554 991 3646 1043 ὲάν

2087 1078 2404 1150 βουλώμεθα
2447 1080 2741 1149 ἐπιγνῶναι
2785 1080 2884 1152 τὴν
2936 1081 3066 1152 μίαν
3113 1081 3547 1135 ἀποκατάστασιν
3589 1081 3648 1132 ἐν

2084 1170 2280 1233 πόσαις
2305 1170 2540 1242 ἡμέραις
2561 1173 2792 1225 ποιεῖται
2819 1172 2851 1242 ἡ
2887 1170 3102 1242 σελήνη,
3139 1170 3435 1242 μεριούμεν
3463 1169 3521 1222 τὸ
3543 1168 3647 1221 τῶν

2085 1260 2307 1332 ἡμερῶν
2336 1260 2537 1331 πλῆθος
2567 1263 2646 1324 εἰς
2668 1261 2729 1315 τὺ
2759 1260 2870 1315 τῶν
2895 1262 3389 1316 ἀποκαταστάσεων
3423 1258 3642 1330 πλῆθοςο

2088 1354 2345 1424 γίνονται,
2386 1354 2442 1406 δὲ
2497 1354 2697 1427 ἡμέραι
2748 1355 2848 1425 τῆς
2905 1355 3406 1417 ἀποκαταστάσεως
3453 1350 3647 1405 εἴκοσιν

2090 1445 2227 1499 ἐπτά
2252 1484 2268 1508 ,
2300 1447 2392 1499 καὶ
2441 1448 2569 1517 μιᾶς
2620 1449 2834 1520 ἡμέρας
2877 1448 3145 1519 έξηκοστά
3186 1445 3380 1520 πρῶτα
3421 1444 3521 1513 λγ,
3554 1442 3647 1496 καὶ

412 1524 639 1596 ᾱύτερα
661 1531 731 1578 κ’.
775 1527 864 1580 Ἐν
887 1526 993 1601 ἄρα
1016 1527 1253 1600 ἡμέραις
1280 1528 1568 1592 τοσαύταις
1590 1530 1625 1601 ἡ
1664 1530 1858 1603 σελήνη
1884 1532 1995 1585 ἀπὸ
2054 1534 2158 1605 τῆς
2200 1534 2488 1606 ἐλαχίστης
2522 1538 2786 1608 κινήσεως
2835 1538 2928 1591 ἐπὶ
2951 1538 3050 1609 τὴν
3092 1536 3382 1607 ἐλαχίστην
3417 1535 3646 1606 παραγίσ

413 1632 582 1669 νεται.

484 1711 551 1767 Ει
578 1729 703 1768 cum
728 1714 782 1768 in
805 1715 957 1771 omni
985 1717 1332 1774 restitutione
1354 1720 1390 1775 4
1409 1719 1517 1776 sint
1541 1725 1786 1791 tempora
1804 1735 1975 1791 requa-

2150 1720 2266 1773 Καὶ
2314 1717 2434 1772 ἐπεὶ
2476 1720 2534 1771 ἐν
2574 1719 2722 1792 πάσῃ
2766 1717 3205 1772 ἀποκαταστάσει
3249 1717 3293 1771 δ’
3329 1719 3436 1772 είσι
3473 1720 3645 1791 χρόνοι

414 1804 508 1868 lia,
542 1816 869 1876 acceperunt
896 1818 1150 1878 quartam
1196 1819 1408 1881 partem
1437 1811 1647 1867 dierum
1676 1813 1767 1877 27,
1795 1812 1898 1877 ὅδ’,
1929 1820 1983 1868 et

412 1897 535 1963 20",
560 1906 615 1953 et
646 1899 781 1952 llunt
830 1899 948 1956 dies
980 1901 1035 1965 6,
1081 1902 1186 1968 53',
1214 1908 1272 1958 et
1296 1902 1417 1958 20".
1457 1898 1519 1958 1n
1544 1910 1625 1958 tot
1673 1904 1841 1975 igitur
1867 1904 1983 1960 die-

417 1989 521 2045 bus
550 1989 682 2044 luna
713 2004 745 2045 a
777 1992 1004 2046 minimo
1040 2003 1190 2048 motu
1219 1995 1287 2049 ad
1312 1996 1545 2051 medium
1577 1995 1944 2066 proficiscitur
1963 2035 1979 2060 ,

415 2091 470 2136 et
501 2096 535 2135 a
555 2082 736 2138 medio
767 2082 833 2138 ad
858 2087 1153 2140 maximum
1178 2103 1194 2154 ;
1221 2094 1276 2141 et
1304 2103 1495 2143 rursus
1527 2088 1780 2143 similiter
1806 2103 1836 2142 a
1862 2101 1980 2141 ma-

418 2170 567 2227 ximo
593 2171 664 2226 ad
696 2173 933 2229 medium
959 2216 976 2240 ,
1026 2184 1081 2230 et
1108 2192 1138 2230 a
1186 2177 1364 2233 medio
1391 2178 1460 2232 ad
1507 2178 1814 2233 minimum.
1844 2178 1980 2233 Nam

417 2261 535 2319 hac
558 2272 798 2334 quatuor
830 2275 1075 2338 tempora
1103 2267 1246 2323 inter
1275 2285 1333 2324 se
1362 2277 1491 2324 sunt
1515 2271 1767 2341 aequalia.

481 2529 713 2598 Etcum,
736 2533 782 2587 si
810 2532 1010 2589 fuerint
1031 2542 1143 2590 tres
1180 2536 1391 2591 numeri
1423 2551 1487 2589 ex
1516 2550 1672 2606 aequo
1712 2552 1770 2591 se
1817 2551 1980 2606 supe-

414 2632 636 2689 rantes,
685 2626 914 2681 extremi
950 2628 1112 2683 simul
1153 2628 1356 2699 sumpti
1397 2628 1508 2683 sint
1532 2628 1700 2700 duplo
1741 2629 1981 2698 majores

412 2718 608 2784 medio,
638 2717 694 2773 in
724 2727 874 2775 motu
906 2728 1086 2776 autem
1141 2720 1283 2776 luna:
1333 2730 1449 2777 tres
1493 2721 1606 2776 sint
1650 2720 1861 2775 numeri
1910 2735 1979 2775 ex

408 2824 566 2881 aequo
592 2826 653 2866 se
682 2810 914 2867 invicem
964 2820 1321 2881 superantes,
1372 2826 1565 2882 nempe
1596 2820 1778 2868 motus
1815 2813 1975 2867 mini-

409 2917 550 2959 mus.
583 2909 638 2957 et
665 2904 901 2968 medius,
926 2912 981 2960 et
1006 2904 1278 2959 maximus
1305 2922 1321 2959 :
1354 2906 1405 2961 si
1433 2904 1597 2985 igitur
1624 2911 1831 2958 motum
1860 2918 1979 2957 ma-

409 2992 616 3047 ximum
661 3000 716 3050 et
745 2995 1025 3050 minimum
1081 3010 1506 3066 componamus,
1549 3002 1711 3051 erunt
1740 2995 1794 3049 hi
1831 3011 1981 3051 com-

2084 1810 2187 1864 [σοι
2210 1852 2224 1877 ,
2276 1809 2467 1865 ἔλαϐον
2520 1811 2774 1881 τέταρτον
2815 1810 2979 1882 μέρος
3022 1809 3130 1863 τῶν
3174 1808 3255 1875 κζ’
3293 1810 3532 1881 ἡμερῶν,
3567 1811 3645 1880 λγ’

2081 1900 2291 1955 λεπτῶν
2319 1900 2571 1973 πρώτων,
2608 1903 2701 1955 καὶ
2736 1907 2785 1955 κ’
2805 1901 3072 1973 δευτέρων
3099 1900 3332 1968 λεπτῶν,
3360 1902 3455 1955 καὶ
3474 1902 3645 1970 γίνονη

2080 2011 2168 2047 ται
2205 1992 2408 2064 ἡμέραι
2436 1998 2509 2057 ς’,
2540 1998 2640 2061 νγ’,
2670 1994 2761 2045 καὶ
2802 1999 2871 2046 κ’.
2915 1991 3005 2045 Ἐν
3037 1991 3144 2063 ἀρα
3169 1991 3460 2056 τοσαύταις
3496 1994 3529 2065 ἡ
3557 2010 3644 2061 σε-

2081 2085 2216 2156 λήνη
2248 2084 2481 2156 ἡμέραις
2515 2083 2622 2137 ἀπὸ
2660 2082 2759 2154 τῆς
2793 2082 3080 2157 ἐλαχίστης
3112 2085 3383 2155 κινήσεως
3419 2084 3510 2136 ἐπὶ
3550 2082 3646 2154 τήν

2082 2177 2255 2248 μέσην
2288 2175 2665 2247 παραγίνεται,
2689 2175 2782 2228 καὶ
2804 2175 2913 2228 ἀπὸ
2933 2177 3033 2246 τῆς
3060 2176 3232 2248 μέσης
3264 2178 3358 2231 ἐπὶ
3379 2176 3476 2249 τὴν
3499 2177 3646 2249 μεγί-

2082 2283 2234 2337 στην,
2276 2266 2371 2320 καὶ
2396 2266 2556 2319 πάλιν
2590 2265 2792 2336 ὁμοίως
2834 2265 2939 2319 ἀπὸ
2975 2266 3072 2337 τῆς
3117 2266 3381 2337 μεγίστης
3417 2268 3509 2320 ἐπὶ
3548 2267 3647 2338 τὴν

2082 2359 2276 2429 μέσην,
2298 2360 2392 2412 καὶ
2426 2359 2534 2412 ἀπὸ
2561 2359 2658 2429 τῆς
2684 2358 2855 2429 μέσης
2880 2359 2971 2412 ἐπί
2992 2358 3093 2431 τήν
3111 2358 3420 2430 ἐλαχίστην.
3447 2359 3511 2412 οε
3539 2358 3644 2430 γὰρ

2078 2451 2121 2504 δ’
2148 2446 2290 2505 οὗτοι
2312 2450 2491 2522 χρόνοι
2517 2450 2655 2503 εἰσὶν
2684 2448 2932 2521 ἀλλήλοις
2967 2449 3088 2504 ἴσοι.

2148 2545 2260 2597 Καὶ
2290 2544 2412 2596 ἐπεὶ
2440 2543 2505 2597 ἂν
2533 2537 2633 2596 ὦσι
2660 2545 2807 2613 τρεῖς
2832 2541 3054 2613 ἀριθμοὶ
3083 2542 3182 2613 ίσῳ
3207 2539 3455 2612 ἀλλήλων
3479 2540 3642 2610 ὑπερο

2079 2634 2313 2705 έχοντες,
2346 2633 2582 2702 γίνονται
2629 2633 2680 2684 οἱ
2722 2632 2880 2702 ἀκροι
2926 2630 3022 2684 τοῦ
3060 2631 3228 2702 μέσου
3270 2628 3640 2690 διπλασίονεςο

2077 2726 2136 2779 ἐν
2163 2725 2220 2778 δὲ
2250 2727 2315 2795 τῇ
2354 2726 2561 2795 κινήσει
2591 2722 2692 2792 τῆς
2731 2722 2958 2792 σελήνης
2986 2723 3135 2793 τρεῖς
3161 2722 3298 2774 εἰσιν
3326 2719 3546 2792 ἀριθμοὶ
3569 2715 3645 2787 τῷ

2080 2818 2181 2888 ἴσῳ
2203 2815 2446 2888 ἀλλήλων
2476 2815 2849 2887 ὑπερέχοντες,
2880 2814 2915 2884 ἥ
2943 2831 3000 2866 τε
3019 2812 3274 2883 ἐλαχίστη
3303 2812 3533 2883 κίνησις,
3554 2808 3643 2862 καὶ

2077 2912 2110 2980 ή
2143 2910 2304 2980 μέση,
2350 2908 2444 2961 καὶ
2476 2909 2509 2975 ἡ
2534 2907 2763 2977 μεγίστη
2787 2922 2804 2934 σ
2839 2904 2931 2958 ἐὰν
2963 2906 3071 2975 ἀρα
3114 2904 3214 2974 τὴν
3252 2903 3512 2973 μεγίστην
3553 2898 3645 2953 καὶ

2076 2997 2177 3069 τὴν
2217 2997 2510 3069 ἐλαχίστην
2551 2996 2863 3066 συνθῶμεν,
2911 2995 3122 3049 ἔσονται
3165 2992 3503 3055 διπλασίονες
3549 2991 3644 3063 τῆς

411 3085 575 3154 positi
625 3084 794 3157 duplo
846 3087 1081 3158 majores
1113 3087 1312 3143 medio.
1353 3086 1484 3141 Erat
1539 3094 1719 3142 autem
1774 3087 1975 3143 medius

2092 3089 2261 3160 μέσης
2290 3090 2570 3158 κινήσεως.
2596 3084 2702 3140 Ἦν
2729 3086 2841 3158 δέή
2886 3087 3026 3158 μέση
3063 3086 3277 3158 κίνησις
3315 3085 3516 3156 μοιρῶν
3555 3088 3638 3150 ιγ’,

409 3184 594 3230 motus
619 3176 885 3246 graduum
934 3178 1023 3243 l5,
1061 3177 1162 3242 10',
1187 3177 1305 3232 35".
1341 3176 1835 3247 Multiplicaverunt
1864 3176 1978 3231 bazc

406 3268 494 3324 his
515 3308 531 3334 ,
560 3276 615 3322 et
641 3269 966 3337 proveniunt
1019 3284 1088 3325 ex
1140 3270 1598 3340 multiplicatione
1623 3269 1837 3341 gradus.
1871 3269 1981 3337 26,

2078 3179 2289 3234 λεπτῶν
2318 3187 2370 3240 ι’,
2400 3179 2492 3232 λε’.
2533 3178 3064 3231 Ἐπολλαπλασίασαν
3094 3175 3265 3232 ταῦτα
3306 3176 3415 3241 δίς·
3441 3175 3533 3229 καὶ
3559 3172 3642 3242 γί-

2077 3288 2259 3326 νονται
2304 3273 2484 3343 μοῖραι
2531 3276 2757 3335 κς⁸,κι’,
2803 3275 2855 3322 ι’.
2902 3269 2966 3321 Ἡ
3015 3269 3122 3341 ἄρα
3162 3267 3395 3338 μεγίστη
3436 3266 3647 3336 κίνησις

404 3359 513 3424 2l’,
550 3358 669 3415 10".
724 3359 987 3416 Maximus
1016 3361 1178 3432 igitur
1205 3371 1389 3419 motus
1419 3363 1583 3427 lunaa,
1613 3372 1668 3417 et
1718 3363 1975 3417 minimus

2080 3364 2176 3435 τῆς
2197 3363 2423 3434 σελήνης
2447 3363 2541 3415 καὶ
2563 3363 2595 3430 ή
2622 3360 2898 3430 ἐλαχίστη,
2918 3362 3006 3412 ἐπ’
3035 3358 3260 3431 ἀκριϐὲς
3289 3357 3643 3417 συντεθεῖσαι,

408 3451 634 3519 praecise
661 3451 951 3521 compositi
980 3460 1108 3506 sunt
1131 3452 1251 3508 dies
1276 3454 1367 3517 26,
1390 3453 1494 3517 2l',
1518 3454 1633 3509 l0".
1668 3452 1832 3524 Atqui
1854 3469 1978 3523 gra-

407 3546 512 3601 dus
537 3560 603 3600 ex
636 3545 1016 3601 observatione
1041 3545 1245 3614 sumpti
1276 3560 1384 3599 non
1420 3553 1614 3600 exacte
1670 3546 1894 3599 maximi
1920 3554 1977 3599 et

408 3635 621 3688 minimi
656 3640 836 3690 motus
870 3641 999 3689 sunt
1027 3634 1228 3705 gradus
1251 3633 1339 3689 26.
1392 3633 1625 3705 Reliqua
1654 3634 1822 3705 igitur
1847 3644 1978 3691 sunt

407 3741 473 3780 ea
500 3725 860 3793 sexagesima,
903 3739 1025 3794 quae
1073 3723 1378 3794 effugerunt
1403 3725 1835 3796 observationem
1880 3742 1978 3797 per

408 3817 756 3885 apparentias
777 3824 831 3871 et
857 3830 1060 3886 organa
1093 3814 1316 3879 factam,
1359 3816 1609 3872 videlicet
1659 3818 1822 3875 unius
1851 3834 1977 3889 gra-

408 3908 514 3964 dus
543 3907 717 3979 prima
751 3908 1086 3980 sexagesima
1112 3908 1198 3962 2l'
1226 3949 1241 3972 ,
1294 3916 1347 3963 et
1397 3908 1635 3963 secunda
1675 3908 1790 3964 l0".
1850 3909 1976 3964 Haec

410 4002 575 4074 igitur
615 4008 832 4071 oportet
907 4002 1134 4074 insuper
1183 4001 1483 4058 attribuere
1539 4008 1595 4056 et
1638 4001 1864 4056 minimo
1920 4009 1976 4058 et

409 4092 649 4147 maximo
681 4092 850 4146 motui
876 4111 888 4147 :
918 4099 974 4147 ut
1004 4091 1112 4147 duo
1130 4091 1184 4146 bi
1216 4101 1394 4147 motus
1425 4092 1717 4162 compositi
1742 4092 1976 4148 elliciant

407 4182 611 4251 gradus
641 4181 730 4243 26,
760 4181 865 4247 2l',
900 4180 1016 4237 10”.
1036 4181 1250 4237 Addere
1266 4191 1447 4238 autem
1481 4190 1695 4252 oportet
1733 4182 1813 4238 sic
1836 4182 1976 4236 hanc

404 4273 774 4329 necessariam
806 4272 1179 4343 appendicem,
1213 4281 1274 4327 ut
1297 4288 1475 4344 neque
1494 4271 1756 4329 minimus
1793 4279 1978 4327 motus

2076 3456 2315 3524 γίνονται
2359 3453 2561 3525 ἡμέραι
2593 3452 2638 3483 ⁶⁰
2680 3458 2794 3517 κς,
2834 3456 2941 3516 κα’,
2984 3457 3036 3504 ι’.
3096 3449 3256 3503 Ἀλλά
3301 3450 3360 3503 αἱ
3406 3449 3545 3501 κατά
3583 3446 3647 3500 τὸ

2074 3546 2357 3617 ὁλοσχερὲς
2383 3549 2446 3599 ἐκ
2474 3544 2753 3616 τηρήσεως
2779 3541 3124 3612 εἰλημμέναι,
3146 3541 3182 3610 ἧ
3210 3556 3272 3592 τε
3305 3538 3529 3610 μεγίστη
3551 3538 3641 3592 καὶ

2076 3639 2357 3709 ἐλαχίστη,
2394 3640 2576 3708 μοῖραι
2609 3642 2720 3700 κζ’.
2761 3635 2942 3688 Λοιπά
2973 3634 3080 3705 ἄρα
3100 3633 3216 3686 ἐστὶ
3247 3631 3318 3687 ca:
3344 3631 3640 3701 ἐκφυγόντα

2073 3732 2172 3802 τὴν
2192 3729 2282 3785 διὰ
2309 3730 2417 3784 τῶν
2451 3729 2788 3800 φαινομένων
2809 3728 2904 3781 καὶ
2930 3726 3030 3796 τὴν
3053 3724 3160 3778 τῶν
3191 3724 3440 3796 ὀργάνων
3470 3740 3640 3793 παρα⁹

2073 3826 2322 3896 τήρησιν,
2359 3824 2487 3893 μιᾶς
2514 3822 2705 3893 μοίρας
2734 3820 2926 3893 πρῶτα
2956 3816 3220 3888 ἑξηκοστά
3255 3824 3363 3882 κα’,
3397 3817 3493 3871 καὶ
3524 3814 3641 3869 δεύ-

2073 3931 2204 3985 τερα
2231 3919 2282 3968 ι’.
2318 3912 2503 3965 Ταῦτα
2527 3911 2634 3982 ἄρα
2674 3910 2755 3963 δεῖ
2781 3908 3239 3981 προσεπιμερίσαι
3278 3911 3345 3979 τῇ
3384 3924 3445 3960 τε
3471 3906 3641 3978 ἐλαχί-

2075 4023 2174 4077 στῃ
2200 4004 2296 4059 καὶ
2322 4007 2388 4075 τῇ
2440 4003 2695 4076 μεγίστῃ,
2721 4002 2868 4065 ὅπως
2909 4002 2968 4054 αἱ
3008 4000 3102 4054 δύο
3128 3999 3464 4053 συντεθεῖσαι
3494 3999 3643 4068 κινήι

2075 4112 2189 4159 σεις
2237 4092 2539 4148 ἀποτελῶσι
2582 4092 2775 4163 μοίρας
2819 4095 2935 4155 κς’,
2981 4096 3088 4155 κα’,
3132 4095 3184 4142 ι’.
3231 4088 3550 4159 Προσθεῖναι
3582 4085 3639 4138 δὲ
3720 4108 3748 4128 υ

2072 4189 2171 4260 τὴν
2205 4186 2460 4241 ἐπουσίαν
2496 4183 2688 4248 οὓτως,
2719 4182 2859 4237 ὥστε
2895 4184 3033 4254 μήτε
3060 4181 3159 4253 τὴν
3194 4180 3485 4252 ἐλαχίστην
3524 4177 3636 4250 μεί·

2073 4278 2202 4344 ζονα
2237 4279 2466 4348 ἄγεσθαι
2509 4276 2617 4331 τῶν
2664 4275 2730 4346 ιβ’
2777 4273 3005 4347 μοιρῶν,
3056 4274 3194 4345 μήτε
3238 4272 3339 4343 τὴν
3384 4272 3636 4343 μεγίστην

404 4374 598 4437 agatur
625 4366 802 4434 major
833 4366 1093 4436 gradibus
1123 4365 1191 4420 l2
1210 4407 1225 4433 ,
1282 4381 1461 4438 neque
1491 4366 1763 4420 maximus
1800 4365 1975 4433 major

2080 4366 2297 4439 μείζονα
2334 4364 2537 4437 μοιρῶν
2579 4370 2673 4429 ις’.
2717 4362 3139 4434 ῘΕπιμεριοῦμεν
3170 4361 3228 4415 δὲ
3252 4361 3454 4425 οὕτως’
3495 4360 3637 4413 Ἐπεὶ

402 4435 664 4527 gradibus
693 4455 782 4510 l6.
808 4435 900 4508 Sic
929 4462 1107 4509 autem
1133 4435 1493 4511 attribuemus
1519 4474 1533 4510 :
1585 4453 1720 4510 Cum
1756 4454 1881 4507 luna
1914 4453 1973 4507 in
2003 4435 2051 4493 Β

401 4546 592 4602 diebus
614 4545 668 4610 6,
696 4546 802 4608 ὅδ’,
830 4545 929 4601 20"
955 4546 1336 4617 proficiscatur
1377 4560 1407 4599 a
1449 4545 1675 4602 minimo
1728 4554 1876 4600 motu
1902 4543 1971 4599 ad

400 4637 663 4700 medium,
683 4644 739 4694 et
764 4653 797 4692 a
834 4638 1011 4694 medio
1033 4638 1099 4692 ad
1116 4636 1435 4703 maximum,
1464 4647 1519 4693 et
1541 4651 1757 4706 semper
1775 4634 1969 4706 requaIi

403 4731 743 4786 incremento
774 4741 829 4785 et
858 4728 1206 4785 decremento
1239 4734 1423 4783 utatur
1453 4747 1467 4782 :
1505 4728 1862 4784 inveniendus
1887 4735 1973 4782 est

400 4836 662 4878 numerus
682 4822 799 4894 qui,
824 4820 1198 4894 multiplicans
1223 4828 1473 4891 quartam
1501 4828 1712 4891 partem
1741 4820 1970 4875 restitu-

400 4915 499 4969 tivi
530 4916 813 4986 temporis,
841 4913 1040 4970 eﬂiciat
1070 4927 1355 4969 numerum
1386 4911 1503 4983 qui,
1544 4911 1763 4967 additus
1791 4910 1972 4966 medio

401 5008 596 5073 motui,
611 5009 829 5080 colligat
847 5007 1135 5079 quemdam
1155 5021 1439 5063 numerum
1463 5006 1727 5076 majorem
1751 5003 1968 5075 quidem

399 5101 469 5154 15
515 5099 796 5169 gradibus,
830 5101 1095 5155 minorem
1128 5114 1258 5155 vero
1307 5098 1407 5166 16;
1453 5098 1702 5153 sublatus
1732 5104 1911 5150 autem
1938 5111 1969 5149 ιι

398 5192 578 5247 medio
599 5201 769 5255 motu,
785 5191 1058 5263 relinquat
1081 5206 1366 5247 uulnerum
1390 5190 1678 5262 quemdam
1707 5189 1969 5258 majorem

397 5285 615 5355 quidem
649 5284 709 5339 Η
748 5285 1029 5355 gradibus,
1058 5285 1323 5339 minorem
1352 5297 1482 5336 vero
1510 5280 1595 5334 l2.
1630 5281 1699 5333 At
1733 5295 1853 5350 quae
1873 5279 1971 5332 ad-

397 5378 603 5431 duntur
629 5377 831 5447 gradus
860 5376 948 5433 15.
980 5384 1035 5431 et
1063 5376 1321 5447 gradibus
1356 5375 1442 5435 ll,
1478 5387 1541 5426 ea
1571 5380 1732 5427 erunt
1753 5385 1970 5441 quoque

399 5468 571 5537 prima
593 5472 934 5540 sexagesima
953 5468 1059 5530 2l',
1077 5476 1133 5522 et
1162 5466 1404 5521 secunda
1436 5465 1547 5518 10".
1570 5462 1845 5518 Invenitur
1871 5478 1969 5516 au-

397 5570 505 5616 tem
531 5561 635 5615 hoc
658 5560 834 5616 facere
863 5573 1126 5614 numerus
1158 5558 1224 5612 18
1266 5556 1727 5627 sexagesimorum
1760 5555 1966 5625 primo-

502 5714 547 5747 ⁶⁰
580 5714 622 5773 f.
654 5718 836 5781 acip-zz
935 5711 976 5743 ‘"
1009 5730 1096 5782 rp.
1143 5715 1372 5781 ποιήσει.

2075 4461 2111 4530 ή
2145 4457 2342 4529 σελήνη
2390 4458 2449 4509 ἐν
2500 4455 2736 4526 ἡμέραις
2769 4460 2821 4518 ς’
2859 4469 2921 4505 τε
2969 4452 3065 4506 καὶ
3104 4459 3183 4521 νγ¹
3225 4451 3496 4523 πρώτοις,
3548 4448 3635 4503 καὶ

2070 4548 2342 4619 δευτέροις
2362 4552 2410 4600 κ’
2430 4544 2785 4616 παραγίνεται
2807 4540 2915 4595 ἀπὸ
2941 4541 3042 4611 τῆς
3063 4538 3352 4611 ἐλαχίστης
3384 4540 3634 4609 κινήσεως

2071 4640 2165 4695 ἐπὶ
2191 4638 2291 4711 τὴν
2326 4638 2518 4710 μέσην,
2546 4634 2639 4690 καὶ
2666 4633 2774 4693 ἀπὸ
2790 4632 2888 4703 τῆς
2918 4630 3088 4702 μέσης
3113 4630 3204 4683 ἐπὶ
3234 4629 3334 4700 τὴν
3365 4628 3633 4699 μεγίστην,

2070 4731 2166 4786 καὶ
2195 4731 2283 4785 διὰ
2305 4729 2506 4792 παντὸς
2534 4729 2599 4797 τῇ
2634 4725 2724 4796 ἴση
2756 4720 3095 4794 παραυξήσει
3131 4720 3226 4774 καὶ
3262 4718 3483 4791 μειώσει
3508 4718 3639 4790 χρῆ-

2069 4841 2179 4880 ταιο
2204 4824 2286 4878 δεῖ
2305 4824 2484 4895 εὑρεῖν
2509 4819 2759 4893 ἀριθμὸν,
2792 4818 2851 4880 ὃς
2877 4813 3361 4876 πολλαπλασιάσας
3385 4810 3445 4865 τὸ
3461 4812 3634 4880 τέταρ

2068 4936 2160 4972 τον
2201 4916 2367 4989 μέρος
2394 4914 2486 4968 τοῦ
2531 4904 3039 4967 ἀποκαταστατικοῦ
3084 4906 3298 4978 χρόνου,
3333 4901 3637 4958 ἀποτελέσει

2067 5010 2193 5065 τινὰ
2237 5007 2488 5081 ἀριθμὸν,
2528 5006 2606 5071 ὃς,
2638 5002 2948 5077 προστιθεὶς
2978 5001 3077 5073 μὲν
3108 5002 3177 5070 τῇ
3224 4998 3367 5070 μέσῃ
3410 4994 3628 5065 κινήσει,

2072 5100 2288 5167 συνάξει
2313 5102 2356 5133 ⁵⁸
2390 5098 2511 5153 τινά
2540 5097 2769 5169 ἀριθμὸν
2799 5094 3018 5166 μείζονα
3054 5091 3152 5163 μὲν
3188 5090 3297 5143 τῶν
3329 5094 3389 5142 ιε’
3418 5085 3627 5158 μοιρῶν,

2069 5195 2327 5249 ἐλάττονα
2363 5192 2421 5245 δὲ
2452 5190 2557 5243 τῶν
2597 5194 2670 5254 ις’
2698 5205 2710 5217 ·
2743 5186 3057 5258 ἀφαιρεθεὶς
3099 5183 3158 5236 δὲ
3185 5180 3295 5235 ἀπὸ
3335 5181 3434 5250 τῆς
3471 5178 3630 5253 μέσης

2070 5290 2354 5358 κινήσεως,
2390 5283 2671 5352 ἀπολείψει
2696 5281 2828 5334 τινὰ(⁵
2862 5278 3113 5350 ἀριθμὸν,
3145 5274 3368 5346 μείζονα
3402 5272 3498 5344 μὲν
3528 5266 3627 5321 τῶν

2071 5387 2139 5434 ια’
2176 5378 2401 5450 μοιρῶν,
2434 5376 2687 5430 ἐλάττονα
2706 5374 2762 5427 δὲ
2785 5373 2891 5427 τῶν
2928 5372 3012 5441 ιβ’.
3046 5368 3125 5422 Τὰ
3154 5368 3209 5421 δὲ
3241 5363 3629 5438 προστιθέμενα

2069 5476 2189 5535 ταῖς
2217 5478 2277 5525 ιε’
2306 5471 2522 5541 μοίραις
2545 5469 2639 5522 καὶ
2671 5470 2789 5529 ταῖς
2816 5470 2904 5527 ια’,
2933 5463 3084 5516 ἔσται
3110 5459 3277 5513 ὲπὶτδ
3299 5458 3429 5513 αὐτὸ
3448 5455 3626 5527 πρῶτα

2070 5560 2336 5633 emam
2369 5565 2474 5621 κα’,
2519 5559 2611 5611 καὶ
2651 5555 2875 5627 δεύτερα
2917 5561 2967 5605 ι’.
3013 5551 3345 5620 Εὑρίσκεται
3384 5548 3441 5603 δὲ
3478 5544 3629 5598 τοῦτο
