3786 6322
102 347 191 403 851

1082 351 1319 409 GEMINI
1356 352 1733 412 ELEMENTA
1766 356 2253 415 ASTBONOMLE.

3198 360 3303 419 858

106 468 252 523 ποιῶν
276 470 304 522 ό
326 466 435 522 τῶν
464 474 534 540 ιη’
561 467 865 539 ἐξηκοστῶν
893 470 1121 545 πρώτων
1143 490 1157 503 ·
1199 472 1294 528 ἐὰν
1324 472 1433 547 γάρ
1467 472 1623 529 ταῦτα

1759 494 1893 545 'um;
1927 479 1974 534 si
2000 479 2144 535 enim
2173 479 2287 535 haec
2314 479 2667 551 multiplicata
2698 479 2900 536 fuerint
2946 479 3003 534 in
3052 486 3301 550 quartam

105 558 552 630 πολλαπλασιαοθῇ
584 559 675 613 ἐπὶ
704 559 767 614 τὺ
801 560 1060 633 τέταρτον
1107 563 1271 635 μέρος
1300 564 1398 635 τῆς
1436 564 1640 618 ἀποκα-

104 651 423 715 ταστάσεως,
455 650 549 705 ἐπὶ
584 650 685 715 τὰς
725 652 935 723 ἡμέρας
979 660 1053 719 ς’,
1098 660 1164 723 ιγ’
1203 653 1394 727 πρῶτα
1429 654 1635 720 λεπτά,

106 745 185 796 καὶ
222 748 267 795 κ’
295 742 518 812 δεύτερα
540 784 555 809 ,
586 742 965 797 ἀποτελοῦνται
999 748 1184 817 μοῖραι
1227 746 1272 816 β’
1316 746 1409 800 καί⁸
1447 745 1638 818 πρῶτα

102 833 342 906 ἑξηκοστά
378 833 438 888 δ’.
468 833 651 904 Τμῢτα
699 835 1011 906 προσέθηκα
1039 839 1105 907 τῇ
1135 837 1272 908 μέσῃ
1306 839 1517 909 κινήσει
1547 843 1636 906 ιγ’,

103 932 145 989 ι’,
173 925 260 989 λε’,
284 924 379 978 καὶ
414 923 875 998 γίνονταιυιοῖραι
910 932 989 989 ιε’,
1036 926 1115 992 ιδ’,
1149 927 1258 980 λε’·
1294 928 1387 982 καὶ
1423 928 1637 998 ἀφεῖλον

99 1016 190 1069 ἀπὸ
235 1014 332 1085 τῆς
387 1014 560 1085 μέσης
612 1020 878 1085 κινήσεως
931 1015 1031 1080 τάς
1087 1016 1130 1087 β’
1175 1017 1387 1101 μοίρας,
1431 1018 1525 1073 καὶ
1569 1018 1639 1072 τά

98 1107 266 1178 πρῶτα
301 1106 569 1178 ἐξηκοπά
593 1106 654 1172 δ’,
690 1110 784 1161 καὶ
817 1109 888 1163 τά
930 1108 1179 1163 λείποντα
1214 1111 1280 1174 θ’,
1319 1109 1510 1181 μοίρας
1547 1117 1635 1177 ια’,

99 1195 160 1262 ς’,
187 1196 271 1252 λε’.
301 1198 538 1269 Εὕρηται
575 1198 682 1271 ἀρα
709 1200 742 1269 ἡ
778 1199 875 1269 μὲν
908 1198 1164 1271 ἐλαχίστη
1193 1200 1404 1272 κίνησις
1427 1201 1524 1272 τῆς
1550 1217 1637 1254 σε·

95 1289 240 1361 λήνης
264 1306 404 1362 μοιρ.
439 1296 527 1352 ια’,
556 1288 784 1361 πρώτων
809 1289 1113 1361 ἐξηκοστῶν
1150 1298 1246 1357 ις’,
1284 1291 1548 1364 δευτέρων
1580 1292 1637 1345 δὲ

1748 576 1956 639 partem
1985 569 2348 624 restitutionis
2368 610 2384 639 ,
2424 585 2616 639 nempe
2649 569 2704 623 in
2741 569 2858 624 dies
2881 566 2934 632 6,
2963 568 3066 635 15⁸,
3094 574 3147 622 et
3180 566 3298 629 20",

1747 660 2122 730 producuntur
2145 661 2348 731 gradus
2374 660 2408 715 2
2437 672 2489 718 et
2516 661 2584 717 4⁸.
2624 659 2748 717 Haec
2772 659 2952 715 addidi
2987 658 3164 713 medio
3186 672 3304 711 nio-

1745 752 1861 817 tui,
1906 768 2098 823 nempe
2123 754 2377 824 gradibus
2410 754 2510 820 l3,
2561 755 2662 821 10’,
2691 752 2808 816 55",
2835 760 2888 807 et
2935 750 3069 805 ﬁunt
3102 751 3302 820 gradus

1744 840 1834 903 15,
1868 840 1970 903 M’,
2002 840 2118 895 55".
2148 839 2401 895 Subtraxi
2433 856 2462 894 a
2501 842 2680 897 medio
2712 850 2862 895 motu
2894 841 2994 895 hos
3026 839 3224 909 gradus
3266 838 3303 891 2

1742 937 1796 985 et
1826 931 1894 996 ι’,
1925 939 1979 986 et
2012 932 2207 1001 reliqui
2262 939 2389 988 sunt
2420 933 2623 1004 gradus
2655 933 2741 997 11,
2784 933 2852 999 6',
2890 931 3006 987 55".
3044 929 3301 985 Inventus

1741 1028 1827 1073 est
1860 1019 2023 1090 igitur
2073 1020 2335 1076 minimus
2378 1029 2558 1077 motus
2617 1022 2756 1076 lunze
2804 1020 3066 1091 graduum
3099 1019 3199 1081 11,
3229 1017 3296 1081 6',

1744 1110 2028 1176 11",55'";
2064 1111 2275 1167 medius
2328 1123 2507 1169 motus
2560 1114 2824 1185 graduum
2875 1113 2963 1174 15,
3015 1111 3117 1176 10,
3170 1110 3297 1177 55";

1742 1202 2011 1257 maximus
2042 1211 2222 1259 motus
2266 1205 2532 1275 graduum
2594 1205 2677 1270 15,
2711 1206 2815 1270 11’,
2875 1204 3009 1271 55";
3045 1203 3297 1258 diurnum

1743 1301 1921 1347 autem
1950 1293 2343 1351 incrementum
2378 1297 2675 1368 primorum
2710 1298 3166 1369 sexagesimorum
3196 1293 3293 1352 18'.

99 1378 173 1443 ια’,
200 1381 388 1473 τρίτων
419 1380 492 1434 λε’
519 1399 540 1473 Ἀ
566 1384 599 1453 ἡ
630 1383 687 1436 δὲ
725 1382 866 1455 μέση
896 1383 1108 1473 κίνησις
1134 1400 1282 1455 μοιρ.
1317 1390 1406 1453 ιγ’,
1439 1390 1493 1451 ι’,
1524 1383 1597 1436 λε’
1629 1399 1646 1414 ·
1680 1384 1716 1454 ἡ
1752 1385 1983 1458 μεγίστη
2014 1387 2224 1459 κίνησις
2258 1406 2403 1461 μοιρ.
2448 1396 2526 1454 ιε’,
2588 1398 2678 1455 ια’,
2734 1389 2804 1444 λε’
2825 1409 2837 1422 ·
2868 1392 2902 1462 ἡ
2933 1390 2987 1443 δέ
3026 1387 3298 1473 ἡμερησία

96 1469 408 1541 παραύξησις
434 1471 661 1543 πρώτων
684 1473 991 1544 ἐξηκοστῶν
1021 1472 1111 1545 ιη’.

570 1588 962 1642 ΚΕΦΑΛΑΙΟΝ
1001 1590 1119 1657 ις’.

2316 1585 2543 1643 CAPUT
2579 1587 2716 1644 XVI.

94 1700 279 1779 Εἶρον-οι
302 1699 421 1779 τῶνς
444 1698 658 1761 ζῳδίων
781 1695 872 1779 οἷς
889 1699 1151 1779 ἕκαστον
1167 1700 1429 1779 αὐτό)ζρ
1456 1700 1623 1769 ἥλιος

1759 1696 2000 1779 Γεηιροτα
2035 1698 2303 1779 signorum
2351 1701 2405 1779 in
2447 1701 2637 1779 quibus
2674 1721 3070 1779 unumquodque
3115 1727 3294 1767 eorum

150 1769 544 1854 διᾳπορεύεται
571 1787 585 1802 ο
629 1770 737 1854 καὶ,
773 1773 833 1824 αὶ
872 1772 999 1854 τίφθ’
1027 1770 1289 1827 ἕκαστον
1311 1767 1525 1854 ,ζ’ώδιολγ
1549 1767 1623 1854 Ti.

1801 1767 1881 1822 sol
1906 1767 2153 1854 peragrat
2179 1783 2199 1822 :
2233 1780 2283 1824 et
2321 1767 2734 1854 signiﬁcationes
2769 1767 3094 1847 singulorum
3119 1782 3299 1854 signo-

149 1841 379 1908 νόμω-αι
404 1840 799 1910 ἐπισημασίαι
831 1842 890 1894 αἱ
912 1841 1427 1911 ὑπογεγραμμένα
1452 1841 1630 1897 εἰσιν.

346 1952 664 2025 Ἀρξώμεθα
688 1953 746 2007 δὲ
765 1954 875 2008 ἀπὸ
896 1953 1115 2027 θερινῆς
1137 1954 1365 2027 τροπῆς.

143 2062 408 2139 Καρκίνον
434 2066 813 2139 διαπορεύεται
840 2068 867 2120 ὁ
890 2065 1038 2138 ἡλιος
1064 2068 1121 2120 ἐν
1150 2065 1382 2138 ἡμέραις
1408 2064 1508 2119 λα’.

158 2158 237 2210 Ἐν
276 2157 332 2211 δὲ
377 2160 444 2229 τῇ
479 2164 527 2210 α’
562 2157 747 2230 ἡμέρᾳ
790 2157 1064 2228 Καλίππῳ
1103 2157 1375 2229 Καρκίνος
1408 2156 1634 2227 ἄρχεται

91 2246 393 2313 ἀνατέλλειν,
429 2248 629 2320 τροπαὶ
662 2246 889 2320 θεριναὶ,
917 2248 1011 2302 καὶ
1043 2248 1412 2319 ἐπισημαίνει.

160 2338 239 2391 Ἐν
263 2337 318 2391 δὲ
348 2340 414 2410 τῇ
451 2337 498 2390 θ’
527 2337 708 2408 ἡμέρᾳ
738 2336 950 2409 Εὐδόξῳ
979 2336 1128 2400 νότος
1148 2340 1288 2393 met.

160 2429 239 2482 Ἐν
261 2428 317 2481 δέ
340 2431 407 2500 τῇ
436 2434 507 2481 ια’
530 2428 714 2500 ἡμέρᾳ
730 2426 942 2498 Εὐδόξῳ
973 2426 1163 2498 Ὠρίων
1188 2425 1322 2497 ἐῷος
1346 2425 1628 2481 ἐπιτέλλει.

159 2518 237 2573 Ἐὐ
269 2519 326 2572 δέ
353 2521 422 2591 τῇ
452 2525 521 2588 ιγ’
560 2518 745 2591 ἡμέρᾳ
783 2517 1088 2589 Εὐκτήμονι
1124 2515 1314 2588 Ὠρίων
1356 2516 1477 2581 ὅλος
1515 2517 1633 2569 ἐπι-

93 2611 323 2758 ﬁt}:
348 2704 415 2775 τῇ
449 2707 529 2768 ις’
557 2698 793 2772 Δοσιθέῳ
825 2699 1092 2770 Στέφανος
1123 2697 1256 2771 ἐῷος
1286 2697 1514 2771 ἄρχεται
1538 2695 1631 2751 δύ-

92 2810 203 2849 νειν.

158 2890 236 2943 Ἐν
257 2887 312 2943 δὲ
340 2890 405 2962 τῇ
431 2893 517 2958 κγ’
544 2883 779 2957 Δοσιθέῳ
816 2885 872 2937 ἐν
900 2882 1159 2955 Αἰγύπτῳ
1188 2883 1349 2938 Κύων
1387 2883 1630 2955 ἐκφανὴς

88 2994 314 3125 W'EE:
334 3072 400 3144 τῇ
430 3074 509 3123 κε’
537 3066 751 3121 Μέτωνι
774 3064 936 3121 Κύων
964 3064 1228 3119 ἐπιτέλλει
1262 3064 1414 3137 ἐῷος⁸

1803 1853 1921 1891 rum
1961 1848 2081 1891 sunt
2106 1839 2384 1909 ejusmodi.

1898 1950 2228 2020 Incipiamus
2254 1960 2431 2008 autem
2465 1953 2534 2009 ab
2558 1958 2744 2011 aestiva
2769 1961 3135 2018 conversione.

1799 2062 2070 2119 Cancrum
2103 2076 2353 2137 peragrat
2377 2068 2457 2122 sol
2486 2070 2540 2123 in
2572 2070 2763 2128 diebus
2789 2073 2877 2128 51.

1799 2154 1983 2211 Primo
2013 2158 2101 2212 die
2129 2157 2354 2228 Calippo
2380 2160 2587 2214 Cancer
2612 2163 2800 2233 incipit
2818 2164 2972 2229 oriri,
2991 2168 3296 2223 conversio-

1728 2262 1828 2302 nes
1855 2249 2076 2313 :estivae,
2109 2258 2162 2303 et
2197 2249 2483 2320 signiﬁcat.

1799 2339 1896 2397 Die
1926 2340 1960 2395 9
1990 2339 2213 2395 Eudoxo
2235 2342 2327 2394 [lat
2350 2351 2556 2398 auster.

1798 2430 1895 2487 Die
1922 2431 1982 2486 11
2022 2431 2247 2487 Eudoxo
2274 2431 2443 2488 Orion
2467 2449 2625 2488 mane
2654 2436 2850 2493 oritur.

1796 2524 1903 2596 37
1940 2522 2037 2579 Die
2071 2524 2140 2578 15
2174 2522 2491 2580 Euctemoni
2528 2524 2696 2582 Orion
2727 2535 2872 2582 totus
2907 2528 3101 2585 oritur.

1797 2701 1894 2758 Die
1931 2701 1995 2756 16
2024 2701 2282 2757 Dositheo
2308 2701 2523 2757 Corona
2563 2716 2721 2756 mane
2756 2702 2947 2773 incipit
2975 2702 3247 2760 occidere.

1798 2876 1896 2933 Die
1927 2876 1999 2931 2'5
2030 2874 2289 2932 Dositheo
2317 2875 2372 2930 in
2412 2873 2648 2947 Egypto
2680 2874 2846 2931 Canis
2878 2883 3112 2945 apparet.

1797 3051 1895 3107 Die
1924 3052 1997 3107 25
2025 3051 2225 3108 Metoni
2261 3051 2426 3108 Canis
2457 3052 2633 3107 oritur
2666 3068 2824 3109 mane

167 3106 231 3125 ω
259 3106 314 3125 υς
344 3106 400 3144 ..η
432 3106 495 3123 ης.
537 3106 751 3121 ...ηψπ
775 3106 933 3121 ..-μη
964 3106 1228 3119 -....-..,....
1262 3106 1414 3137 ...νυν

153 3166 232 3218 Ἐν
276 3163 331 3216 δὲ
376 3164 444 3233 τῇ
497 3158 583 3224 κζ’
628 3159 935 3231 Εὐκτήμονι
981 3160 1143 3212 Κύων
1181 3158 1477 3212 ἐπιτέλλει’
1516 3157 1622 3212 Εὐ-

1793 3106 1891 3200 Die
1925 3106 1997 3198 $7
2029 3106 2546 3199 Euctemoni'Canis
2582 3106 3060 3199 oriturIEudoxo
3115 3142 3285 3201 Canis

86 3253 199 3327 δόξει)
223 3254 378 3309 Κύων
421 3250 556 3323 ἐῷος
601 3249 888 3315 ἐπιτέλλει,
926 3248 1020 3304 καὶ
1053 3247 1155 3313 τάς
1191 3250 1462 3319 ἑπομένας
1489 3247 1623 3320 ἡμέ-

87 3363 170 3417 ρας
206 3353 244 3401 ε’
283 3348 328 3380 ⁸³
360 3345 573 3417 ἐτησίαι
613 3342 895 3396 πνέουσιν
930 3342 986 3395 αί
1027 3341 1082 3395 δὲ
1123 3340 1285 3394 πέντε
1317 3340 1374 3392 αί
1407 3338 1623 3411 πρῶται

86 3438 351 3510 πρόδρομοι
386 3434 695 3492 καλοῦνται.
728 3431 1002 3504 Καλίππῳ
1020 3432 1292 3504 Καρκίνος
1323 3429 1466 3485 δύνει
1495 3431 1623 3485 ἀνα-

82 3528 258 3583 τέλλων
280 3525 686 3599 πνευματώδης.

148 3619 234 3672 Ἐν
251 3616 303 3672 δὲ
326 3621 390 3691 τῇ
416 3624 503 3690 κη’
520 3616 825 3687 Εὐκτήμονι
853 3615 1032 3680 Ἀετὸς
1056 3613 1189 3686 έῷος
1212 3612 1392 3668 δύνει·
1418 3611 1621 3684 χειμὼν

85 3710 210 3764 κατά
233 3710 496 3765 θάλασσαν
532 3706 851 3775 ἐπιγίνεται.

148 3802 231 3855 Ἐν
255 3801 307 3855 δὲ
339 3803 405 3872 τῇ
448 3799 493 3852 λ’
535 3796 808 3868 Καλίππῳ
844 3796 993 3850 Λέων
1018 3785 1239 3868 ἄρχεται
1280 3794 1616 3850 ἀνατέλλειν·

82 3888 211 3953 νότος
233 3892 347 3943 πνεῖ
365 3907 380 3921 ·
417 3890 513 3943 καὶ
537 3886 700 3941 Κύων
728 3886 1029 3941 ἀνατέλλων
1060 3886 1289 3959 φανερὸς
1318 3888 1544 3957 γίνεται.

146 3980 228 4034 Ἐν
247 3980 299 4035 δὲ
326 3981 398 4053 τῇ
416 3980 500 4034 λα’
528 3978 743 4050 Εὐδόξῳ
766 3978 918 4041 νότος
947 3980 1089 4032 πνεῖ.

145 4066 203 4125 '0
226 4071 366 4143 ἥλιος
392 4072 486 4125 τὸν
513 4071 716 4125 Λέοντα
757 4068 1133 4143 διαπορεύεται
1162 4070 1220 4122 ἐν
1252 4070 1486 4141 ἡμέραις
1511 4069 1613 4123 λα’.

145 4161 339 4234 Ἐνμὲν
379 4161 474 4218 οὖν
516 4165 584 4234 τῇ
633 4162 684 4215 α’
726 4161 909 4234 ἡμέρᾳ
958 4161 1265 4232 Εὐκτήμονι
1319 4160 1479 4215 Κύων
1519 4162 1616 4232 μὲν

80 4248 307 4324 ιῑφανὴς,
336 4255 525 4323 πνῖγος
547 4252 603 4306 δὲ
630 4252 950 4320 ἐπιγίνεται,
977 4249 1344 4320 ἐπισημαίνει.

143 4346 227 4399 Ἐν
246 4347 298 4401 δὲ
321 4350 387 4420 τῇ
419 4354 459 4401 ε’
486 4344 699 4415 Εὐδόξῳ
733 4344 912 4407 Ἀετὸς
944 4342 1075 4414 ἑῷος
1102 4343 1265 4396 δύνει.

143 4436 224 4488 Ἐν
243 4436 294 4490 δὲ
316 4440 381 4509 τῇ
418 4444 448 4490 ι’
485 4437 671 4507 ἡμέρᾳ
694 4434 904 4504 Εὐδόξῳ
928 4433 1195 4503 Στέφανος
1215 4432 1378 4487 δύνει.

144 4525 225 4578 Ἐν
261 4527 313 4580 δὲ
350 4529 418 4598 τῇ
471 4524 537 4596 ιβ’
589 4524 863 4596 Καλίππῳ
906 4523 1057 4577 Λέων
1103 4523 1265 4593 μέσος
1313 4519 1616 4575 ἀνατέλλων

80 4616 222 4689 πνίγη
247 4620 473 4688 μάλιστα
499 4620 669 4671 ποιεῖ.

145 4708 225 4761 Ἐν
255 4710 307 4764 δὲ
334 4714 401 4783 τῇ
433 4710 493 4764 ιδ’
523 4710 832 4781 Εὐκτήμονι
860 4709 1022 4780 πνίγη
1050 4708 1283 4781 μάλιστα
1311 4706 1540 4777 γίνεται.

145 4799 222 4852 Ἔν
248 4802 300 4856 δὲ
319 4806 384 4875 τῇ
416 4801 493 4868 ις’
518 4802 702 4874 ἡμέρᾳ
726 4800 937 4872 Εὐδόξῳ
962 4800 1328 4873 ἐπισημαίνει.

146 4890 221 4945 Ἐν
247 4894 300 4947 δέ
335 4897 398 4966 τῇ
436 4895 502 4959 ιζ’
535 4894 843 4963 Εὐκτήμονι
873 4891 1025 4965 Λύρα
1050 4892 1253 4954 δύεται,
1281 4892 1377 4946 καὶ
1402 4891 1480 4945 ἔτι
1506 4889 1609 4954 ὕει,

80 4980 158 5031 καὶ
180 4982 374 5049 ἐτησίαι
396 4983 685 5047 παύονται,
709 4985 803 5037 καὶ
825 4985 1015 5048 Ἵππος
1043 4982 1328 5038 ἐπιτέλλει.

148 5072 221 5124 Ἐν
244 5074 296 5128 δὲ
334 5078 401 5148 τῇ
437 5083 513 5147 ιη’
536 5075 749 5145 Εὐδόξῳ
784 5075 978 5145 Δελφίς
1007 5075 1140 5147 ἑῷος
1177 5075 1340 5130 δύνει.
1378 5075 1610 5145 Δοσιθέῳ

83 5165 437 5245 Προτρυγητὴρ
462 5172 759 5242 ἀκρόνυχος
787 5171 1071 5225 ἐπιτέλλει.

149 5260 219 5315 Ἐν
245 5264 298 5317 δὲ
338 5267 404 5335 τῇ
440 5261 524 5334 κβ¹
558 5262 768 5333 Εὐδόξῳ
802 5262 953 5334 Λύρα
993 5262 1123 5333 ἑῷος
1169 5261 1332 5325 δύνει,
1371 5260 1464 5315 καὶ
1491 5262 1610 5315 ἐπι-

84 5356 315 5420 σημαίνει.

148 5440 218 5495 Ἐν
244 5445 297 5499 δὲ
324 5450 387 5519 τῇ
417 5446 501 5501 κθ’
526 5446 740 5515 Εὐδόξῳ
768 5444 1133 5517 ἐπισημαίνει.
1164 5443 1431 5517 Καλίππῳ
1458 5445 1606 5518 Παρ-

84 5523 203 5597 θίνος
230 5536 512 5604 ἐπιτέλλει,
536 5535 903 5607 ἐπισημαίνει.

60 5725 75 5738 ⁸
140 5705 270 5778 "rp.
290 5711 734 5780 καταλειφθέντα.
813 5711 858 5745 ⁸⁸
894 5731 981 5783 πρ.
1013 5718 1105 5765 νε’,

1721 3252 1884 3293 mane
1912 3236 2108 3301 oritur,
2140 3242 2196 3291 et
2225 3251 2320 3306 per
2353 3235 2470 3292 dies
2508 3245 2798 3307 sequentes
2830 3236 3071 3306 quinque
3099 3237 3284 3293 etesia:

1721 3330 1931 3401 spirant
1969 3347 1983 3383 :
2022 3344 2054 3384 e
2088 3328 2288 3400 quibus
2319 3326 2512 3384 diebus
2550 3328 2709 3398 primi
2747 3327 2986 3397 quinque
3016 3337 3283 3381 vocantur

1720 3417 2372 3492 praecursoresaCalippo
2424 3417 2630 3474 Cancer
2677 3419 2911 3484 occidit,
2969 3421 3152 3476 oriens
3181 3420 3280 3475 ﬁa-

1718 3517 1932 3566 ιυοειιε.

1787 3600 1885 3657 Die
1921 3600 1992 3656 28
2028 3599 2347 3656 Euctemoni
2385 3598 2582 3669 Aquila
2618 3614 2776 3654 mane
2807 3600 3043 3668 occidit;
3076 3608 3278 3673 tempe-

1718 3701 1832 3749 stas
1861 3708 1958 3763 per
1990 3707 2141 3748 mare
2172 3698 2293 3763 post
2321 3692 2606 3746 excitatur.

1788 3782 1884 3839 Die
1913 3784 1983 3839 '50
2014 3782 2239 3854 Calippo
2266 3781 2377 3838 Leo
2409 3782 2599 3852 incipit
2628 3783 2759 3838 oriri
2787 3801 2802 3850 ;
2847 3791 3030 3840 auster
3070 3784 3276 3855 spirat;

1716 3884 1771 3932 et
1804 3875 1970 3931 Canis
2005 3876 2189 3931 oriens
2225 3876 2283 3929 ﬁt
2313 3874 2661 3944 conspicuus.

1786 3968 1883 4023 Die
1915 3968 1976 4021 ’51
2014 3967 2237 4021 Eudoxo
2271 3973 2457 4021 auster
2486 3967 2675 4036 Spirat.

1792 4057 2028 4113 Leonem
2068 4059 2151 4113 soi
2184 4066 2436 4128 peragrat
2466 4057 2655 4113 diebus
2688 4057 2775 4112 51.

1784 4152 1969 4208 Primo
2007 4152 2174 4222 igitur
2211 4150 2300 4205 die
2351 4149 2668 4206 Euctemoni
2720 4149 2885 4204 Canis
2926 4149 3143 4219 quidem
3191 4158 3275 4205 est

1713 4243 2050 4313 conspicuus
2075 4259 2088 4294 :
2120 4247 2243 4309 post
2271 4247 2452 4293 autem
2485 4239 2544 4292 ﬁt
2574 4248 2739 4294 aastus
2759 4278 2775 4303 ,
2809 4238 3096 4309 signiﬁcat.

1786 4334 1882 4389 Die
1920 4333 1954 4388 5
1989 4332 2213 4386 Eudoxo
2252 4329 2445 4398 Aquila
2481 4344 2639 4385 mane
2675 4330 2893 4385 occidit.

1637 4436 1683 4492 ι)
1784 4422 1883 4479 Die
1916 4423 1983 4477 10
2020 4422 2243 4476 Eudoxo
2271 4420 2485 4475 Corona
2516 4420 2736 4475 occidit.

1783 4512 1882 4569 Die
1912 4512 1979 4566 12
2004 4511 2230 4582 Calippo
2259 4509 2368 4564 Leo
2395 4509 2606 4565 medius
2635 4510 2817 4564 oriens
2840 4516 3006 4565 astus
3035 4509 3268 4565 maxime

1710 4606 1859 4663 facit.

1779 4697 1875 4752 Die
1909 4696 1976 4750 N
2007 4691 2325 4749 Euctemoni
2358 4700 2525 4747 azstus
2558 4691 2794 4746 maxime
2828 4690 2986 4746 ﬁunt.

1780 4789 1875 4847 Die
1904 4787 1971 4842 16
1996 4785 2220 4840 Eudoxo
2251 4784 2539 4856 signiﬁcat.

1780 4880 1875 4937 Die
1905 4880 1974 4934 17
1998 4878 2318 4934 Euctemoni
2348 4876 2486 4949 Lyra
2511 4875 2736 4938 occidit.
2765 4886 2818 4932 et
2845 4875 3069 4947 insuper
3095 4877 3264 4947 pluit,

1707 4981 1763 5029 et
1794 4973 1978 5028 etesia:
2004 4978 2223 5027 cessant
2248 4989 2261 5026 :
2297 4969 2482 5041 Equus
2513 4970 2704 5027 oritur.

1781 5064 1878 5120 Die
1907 5065 1975 5120 18
2003 5062 2227 5119 Eudoxo
2262 5060 2560 5133 Delphinus
2586 5077 2743 5118 mane
2768 5059 2987 5118 occidit.
3012 5060 3268 5118 Dositheo

1708 5154 2081 5210 Vindemiator
2104 5153 2314 5223 vesperi
2334 5154 2526 5207 oritur.

1781 5246 1877 5302 Die
1907 5246 1978 5300 22
2010 5244 2240 5300 Eudoxo
2271 5244 2411 5317 Lyra
2448 5261 2604 5301 mane
2634 5244 2865 5311 occidit,
2895 5253 2949 5301 et
2977 5244 3262 5317 signiﬁcat.

1777 5427 1875 5481 Die
1920 5424 1990 5480 29
2034 5423 2259 5480 Eudoxo
2305 5422 2756 5493 signiﬁcationem
2808 5420 2989 5478 habet.
3042 5418 3265 5490 Calippo

1709 5519 1873 5593 Virgo
1902 5518 2099 5585 oritur,
2134 5515 2418 5588 signiﬁcat.
