3786 6324
508 374 615 432 859

583 490 859 561 Virginem
892 487 1160 561 percurrit
1195 487 1276 541 sol
1305 484 1497 539 diebus
1528 486 1616 539 50.

581 670 676 724 Die
709 669 745 725 5
772 668 995 723 Eudoxo
1029 677 1222 723 ventus
1251 669 1425 737 spirat
1457 683 1721 738 magnus,
1759 676 1814 722 et
1847 670 2068 738 insuper

506 770 681 815 tonat.
717 761 945 831 Calippo
973 760 1185 816 humeri
1218 759 1458 830 Virginis
1489 762 1766 824 oriuntur,
1800 770 1854 815 et
1886 762 2070 817 etesia:

507 853 741 921 spirant.

578 940 672 994 Die
698 942 764 993 10
792 940 1110 995 Euctemoui
1129 938 1505 995 Vindemiator
1530 945 1753 1009 apparet
1776 956 1791 1006 ;
1821 941 1996 993 oritur
2017 946 2072 994 et

506 1033 791 1094 Arcturus,
810 1042 863 1087 et
887 1032 1092 1103 Sagitta
1121 1032 1321 1088 occidit
1347 1048 1523 1088 mane.
1550 1032 1866 1102 Tempestas
1897 1031 1954 1085 ﬁt
1977 1048 2071 1102 per

506 1138 674 1177 mare.
733 1123 955 1178 Eudoxo
990 1124 1169 1194 pluvia
1196 1164 1211 1189 ,
1252 1126 1537 1188 tonitrua;
1590 1132 1786 1180 ventus
1836 1141 2070 1196 magnus

505 1216 693 1286 Spirat.

574 1308 668 1363 alie
706 1308 770 1363 l7
800 1309 1025 1378 Calippo
1051 1306 1221 1380 Virgo
1250 1308 1428 1363 media
1459 1308 1645 1364 oriens
1674 1308 1943 1381 signiﬁcat
1962 1349 1976 1373 ,
2017 1320 2072 1365 et

502 1397 771 1454 Arcturus
804 1404 990 1457 oriens
1021 1410 1106 1456 est
1134 1401 1484 1470 conspicuus.

574 1556 669 1613 Die
696 1559 762 1613 l9
791 1558 1019 1613 Eudoxo
1051 1559 1321 1615 Arcturus
1356 1576 1515 1615 mane
1547 1559 1744 1625 oritur,
1768 1567 1822 1614 ct
1854 1575 1952 1630 per
1979 1576 2069 1616 se-

502 1656 734 1718 quentes
763 1649 882 1703 dies
910 1650 940 1702 7
972 1649 1185 1719 spirant
1211 1650 1393 1714 venti,
1425 1650 1693 1706 serenitas
1721 1661 1806 1705 est
1833 1651 2072 1719 plerum-

502 1755 629 1809 que.
664 1737 934 1798 Cessante
968 1741 1070 1796 hoc
1105 1750 1380 1811 tempore,
1417 1750 1609 1801 ventus
1645 1742 1714 1796 ab
1748 1756 1945 1795 aurora
1977 1757 2070 1797 ex-

502 1831 670 1887 sistit.

577 1921 673 1978 Die
695 1922 765 1977 20
792 1924 1057 1978 Arcturus
1086 1922 1405 1980 Euctemoni
1429 1926 1783 1995 conspicuus.
1812 1924 2070 1979 Autumni

505 2013 720 2067 initium
745 2054 759 2076 ,
796 2025 849 2069 et
877 2014 1054 2085 Capra
1086 2017 1285 2081 oritur,
1323 2017 1481 2071 stella
1512 2032 1707 2089 magna
1741 2017 1797 2071 in
1833 2016 2067 2088 Auriga,

499 2113 559 2160 et
592 2104 787 2163 deinde
820 2107 1107 2179 signiﬁcat.
1141 2106 1462 2179 Tempestas
1497 2126 1593 2181 per
1624 2124 1796 2166 mare.

578 2284 672 2339 Die
699 2285 770 2339 24
797 2284 1026 2355 Calippo
1055 2286 1208 2357 spica
1241 2287 1485 2358 Virginis
1515 2291 1709 2345 oritur.

577 2465 791 2522 Libram
825 2484 906 2523 so.
936 2476 1189 2538 peragrat
1221 2469 1417 2525 diebus
1449 2470 1535 2524 50.
1919 2519 1927 2526 .

575 2559 668 2613 Die
700 2560 722 2613 l
762 2557 1082 2614 Euctemoni
1115 2560 1502 2629 aequinoctium
1533 2568 1850 2617 autumna.e
1870 2603 1887 2630 ,
1914 2569 1969 2618 et
1996 2563 2075 2618 si-

500 2650 742 2721 gniﬁcat.
779 2650 1004 2720 Calippo
1054 2648 1208 2705 Aries
1240 2650 1432 2721 incipit
1481 2652 1751 2709 occidere.
1803 2652 2074 2723 Equino-

501 2744 670 2798 ctium
709 2742 1044 2797 autumnale.

574 2833 671 2889 Die
696 2835 731 2889 5
759 2833 1075 2888 Euctemoni
1106 2832 1261 2889 [laedi
1287 2834 1581 2905 vespertini
1609 2834 1880 2891 oriuntur.
1911 2835 2075 2893 Tem-

503 2936 687 2999 pestas
719 2928 955 2982 exsistit.

577 3018 672 3073 Die
696 3018 732 3073 4
767 3018 989 3073 Eudoxo
1017 3018 1195 3090 Capra
1226 3018 1438 3088 vesperi
1468 3018 1663 3073 oritur.

577 3108 673 3167 Die
702 3111 736 3165 5
764 3110 1085 3166 Euctemoni
1137 3110 1465 3180 vespertinae
1513 3118 1775 3180 apparent
1824 3108 2071 3166 Pleiades

504 3204 576 3258 ab
606 3211 754 3259 ortu.
787 3204 1016 3274 Calippo
1050 3201 1217 3273 Virgo
1250 3212 1430 3259 cessat
1461 3202 1618 3259 oriri.

578 3378 676 3434 Die
705 3378 735 3431 7
765 3379 1084 3435 Euctemoni
1115 3378 1331 3435 Corona
1364 3378 1560 3433 oritur.
1596 3376 1918 3449 Tempestas
1966 3388 2070 3436 est.

580 3563 676 3620 Die
702 3564 735 3619 8
764 3564 988 3619 Eudoxo
1015 3564 1261 3622 Pleiades
1290 3569 1560 3625 oriuntur.

580 3656 678 3711 Die
709 3658 776 3712 10
807 3656 1034 3710 Eudoxo
1066 3699 1080 3713 .
1114 3700 1128 3714 .
1163 3698 1178 3712 .
1211 3674 1371 3712 mane
1402 3661 1596 3715 oritur.

582 3749 677 3806 Die
709 3750 775 3804 t2
803 3750 1028 3804 Eudoxo
1054 3750 1316 3820 Scorpius
1343 3754 1554 3823 vesperi
1590 3753 1779 3823 incipit
1803 3755 2073 3820 occidere,

510 3852 568 3898 et
599 3851 897 3913 tempestas
924 3845 1147 3914 insuper
1183 3844 1379 3911 oritur,
1405 3853 1459 3900 et
1484 3856 1678 3901 ventus
1706 3846 1798 3902 tlat
1827 3863 2073 3919 magnus.

587 4022 681 4078 Die
713 4023 779 4076 l7
812 4022 1038 4078 Eudoxo
1087 4030 1239 4081 totus
1285 4023 1546 4096 Scorpius
1592 4029 1851 4099 vesperi;
1902 4029 2076 4101 Capra

514 4115 731 4186 penitus
763 4115 986 4171 occidit.
1014 4116 1243 4188 Calippo
1274 4116 1461 4174 Cbela:
1494 4119 1763 4191 incipiunt
1795 4124 1971 4189 oriri,
2001 4125 2076 4181 si-

510 4206 794 4277 gnilicant.

581 4296 678 4352 Die
711 4298 777 4352 19
807 4297 1034 4353 Eudoxo
1065 4298 1245 4355 borea:
1274 4307 1327 4356 et
1359 4301 1532 4356 austri
1560 4304 1795 4373 spirant.

582 4389 678 4446 Die
708 4391 778 4445 22
808 4390 1033 4446 Eudoxo
1065 4390 1279 4464 Hyades
1310 4396 1521 4466 vesperi
1552 4396 1828 4454 oriuntur.

581 4568 676 4626 Die
704 4570 772 4625 28
801 4570 1027 4642 Calippo
1056 4571 1221 4627 Tauri
1252 4573 1424 4628 cauda
1452 4574 1681 4639 occidit‘,
1714 4574 2001 4646 signiﬁcat.

582 4748 679 4806 Die
703 4750 774 4805 29
802 4750 1028 4806 Eudoxo
1060 4752 1257 4807 boreas
1285 4758 1342 4807 et
1372 4759 1558 4807 auster
1584 4753 1812 4823 spirant.

582 4842 678 4899 Die
704 4844 772 4899 50
802 4843 1122 4900 Euctemoui
1156 4862 1347 4917 magna
1377 4861 1475 4916 per
1504 4861 1655 4901 mare
1687 4852 2001 4916 tempestas.

584 5018 874 5090 Seorpium
903 5022 984 5077 sol
1013 5028 1255 5091 permeat
1284 5020 1477 5077 diebus
1505 5021 1593 5077 50.

586 5196 679 5253 Die
705 5198 741 5253 3
769 5197 1024 5254 Dositheo
1052 5206 1351 5270 tempestas
1380 5206 1484 5255 est.

584 5289 680 5345 Die
703 5291 737 5343 ι
764 5290 1073 5346 Democrito
1093 5292 1340 5347 Pleiades
1363 5291 1620 5345 occidunt
1643 5305 1857 5346 summo
1876 5302 2033 5342 mane
2059 5330 2073 5353 ,

514 5383 659 5437 venti
708 5383 922 5438 hiberni
979 5383 1298 5453 plerumque
1357 5390 1411 5437 et
1464 5382 1700 5453 frigora,
1754 5391 1807 5436 et
1857 5380 2071 5451 pruina.

519 5471 667 5528 Solet
699 5475 830 5528 oriri
866 5473 1042 5528 ﬂatus.
1079 5473 1229 5527 Folia
1261 5474 1500 5541 abjicere
1531 5473 1767 5528 maxime
1810 5472 2079 5541 incipiunt

519 5564 768 5620 arbores.
802 5564 1029 5634 Calippo
1061 5564 1283 5634 Scorpi'r
1310 5564 1460 5618 frons
1491 5563 1666 5617 oritur
1700 5579 1824 5619 cum
1857 5563 2009 5617 ﬂatu.

586 5778 627 5807 “
666 5796 751 5848 γρ,
779 5779 1052 5848 λήγονται.

1494 364 1585 419 ΔΙ)
1623 360 1891 421 EUSEBII
1926 356 2321 416 CllRONlCON
2361 348 2727 411 APPENDIX.
3623 336 3705 392 860

2093 488 2136 543 Α
2234 473 2344 544 Τήν
2389 473 2446 525 δὲ
2494 469 2769 542 Παρθένον
2810 460 3189 535 διαπορεύεται
3233 460 3263 514 ό
3299 457 3452 529 ήλιος
3497 456 3552 509 ἐν
3591 456 3705 527 ἡμέ-

2171 584 2291 638 ραις
2320 571 2383 618 λ’.
2670 621 2676 627 ,

2249 658 2338 711 Ἐν
2387 658 2486 728 μὲν
2535 651 2627 710 οὖν
2667 656 2734 724 τῇ
2779 659 2820 705 ε’
2868 649 3053 721 ἡμέρᾳ
3083 646 3295 717 Εὐδόξῳ
3325 644 3523 714 ἄνεμος
3561 641 3704 711 μέγας

2168 750 2310 811 πνεῖ,
2340 747 2434 799 καὶ
2463 743 2772 815 ἐπιϐροντᾷ.
2806 740 3077 809 Καλίππῳ
3104 736 3160 791 δέ
3190 738 3237 789 οἱ
3276 728 3418 805 ὦμοι
3452 731 3548 803 τῆς
3585 731 3705 801 Παρ-

2170 836 2319 890 θένου
2353 834 2705 894 ἐπιτέλλουσι,
2737 831 2829 885 καὶ
2854 828 3068 900 ἐτησίαι
3102 826 3355 881 πνέουσιν
3389 823 3456 879 ⁸⁸.

2251 927 2338 981 Ἐν
2374 927 2430 980 δὲ
2467 928 2532 997 τῇ
2568 931 2598 977 ι’
2639 923 2823 995 ἡμέρα
2850 919 3158 989 Εὐκτήμονι
3188 911 3577 990 Προτρυγητὴρ
3601 913 3703 981 φαί-

2169 1035 2318 1072 νεται
2343 1034 2358 1048 ⁸
2406 1016 2672 1072 ἐπιτέλλει
2721 1015 2780 1069 δὲ
2827 1014 2923 1067 καὶ
2976 1010 3337 1084 ’Δρκτοῦροςο
3384 1007 3479 1061 καὶ
3532 1006 3706 1067 Ὅῖστδς

2168 1109 2352 1163 δύεται
2382 1106 2600 1180 ὄρθρου.
2644 1102 2866 1175 Χειμὼν
2893 1102 3035 1157 κατὰ
3071 1101 3366 1157 Θάλασσαν.
3414 1097 3616 1168 Εὐδόξῳ
3637 1098 3709 1150 ὐε-

2168 1201 2279 1264 τὸς,
2311 1199 2549 1271 βρονταὶ,
2586 1199 2632 1230 ⁸⁸
2664 1198 2862 1267 ἄνεμος
2899 1197 3072 1267 μέγας
3105 1195 3248 1246 πνεῖ.

2251 1292 2339 1344 Ἐν
2376 1290 2433 1344 δὲ
2482 1293 2548 1362 τῇ
2599 1288 2667 1354 ιζ’
2699 1288 2971 1358 Καλίππῳ
3012 1284 3286 1356 Παρθένος
3337 1281 3477 1353 μέση
3530 1278 3706 1333 ἐπιτέλ·

2166 1381 2335 1437 λουσα
2376 1381 2743 1453 ἐπισημαίνει,
2787 1379 2883 1434 καὶ
2924 1374 3253 1449 ’Δρκτοῦρος
3297 1370 3597 1428 ἀνατέλλων
3634 1388 3710 1442 φα-

2171 1474 2349 1547 νερός.

2254 1564 2343 1619 Ἑν
2376 1564 2433 1618 δέ
2460 1567 2526 1636 τῇ
2564 1563 2630 1617 ιϐ’
2661 1561 2873 1633 Εὐδόξῳ
2912 1559 3236 1633 Ἀρκτοῦρος
3278 1557 3413 1629 ἐῷος
3455 1555 3709 1616 ἐπιτέλλει,

2171 1657 2265 1710 καὶ
2298 1654 2397 1720 τὰς
2431 1656 2701 1726 ἑπομένας
2730 1654 2939 1726 ἡμέρας
2977 1652 3020 1716 ζ’
3065 1652 3256 1722 ἄνεμοι
3294 1648 3564 1710 πνέουσιν,
3588 1646 3712 1699 εὐδία

2170 1745 2245 1810 ὼς
2283 1744 2352 1798 τὰ
2412 1745 2600 1799 πολλά.
2661 1745 2931 1815 Λήγοντος
2977 1741 3033 1796 δέ
3084 1739 3178 1795 τοῦ
3227 1738 3443 1810 χρόνου,
3494 1736 3582 1791 ἀπ’
3607 1735 3712 1803 ἠοῦς

2106 1819 2147 1874 Β
2174 1833 2389 1906 πνεῦμα
2427 1835 2656 1903 γίνεται.

2248 1924 2337 1976 Ἐν
2364 1923 2420 1976 δὲ
2449 1926 2513 1995 τῇ
2535 1931 2581 1978 κ’
2607 1921 2932 1995 Ἀρκτοῦρος
2967 1922 3276 1991 Εὐκτήμονι
3313 1918 3569 1988 ἐκφανής.
3594 1917 3712 1970 Μετ-

2173 2014 2387 2086 οπὼρου
2444 2014 2609 2087 ἀρχή,
2643 2014 2736 2068 καὶ
2777 2013 2876 2080 Αἲξ
2914 2011 3203 2077 ἐπιτέλλει,
3250 2010 3425 2080 ἀστὴρ
3454 2007 3614 2079 μέγας
3639 2008 3713 2058 ἐπὶ

2169 2104 2262 2157 τοῦ
2315 2105 2581 2177 Ἡνιόχου,
2631 2106 2863 2161 κᾶπειτα
2910 2103 3282 2177 ἐπισημαίνει.
3335 2099 3552 2172 Χειμὼν
3599 2096 3714 2152 κατὰ

2170 2198 2465 2253 Θάλασσαν.

2253 2292 2339 2344 Ἐν
2367 2291 2423 2344 δὲ
2463 2292 2529 2362 τῇ
2576 2289 2653 2343 κδ’
2693 2288 2878 2361 ἡμέρᾳ
2911 2286 3185 2357 Καλίππῳ
3234 2284 3439 2356 στάχυς
3479 2283 3711 2337 ἐπιτέλλει

2169 2383 2267 2454 τῆς
2299 2380 2599 2452 Παρθένου.

2241 2473 2344 2527 Τὸν
2376 2473 2432 2525 δὲ
2474 2470 2637 2540 ζυγὸν
2676 2468 3055 2541 διαπορεύεται
3090 2470 3119 2522 ό
3152 2468 3309 2539 ἥλιος
3339 2469 3397 2520 ἐν
3423 2466 3638 2538 ἡμέραις
3659 2463 3708 2515 λ’.

2254 2567 2340 2620 Ἐν
2365 2564 2422 2618 δέ
2448 2567 2514 2635 τῇ
2544 2562 2727 2636 πρώτῃ
2771 2562 2953 2633 ἡμέρα
2980 2562 3286 2633 Εὐκτήμονι
3316 2558 3570 2631 ίσημερία
3605 2572 3710 2627 μετ-

2167 2654 2428 2730 οπωρινή,
2468 2656 2560 2709 καὶ
2598 2653 2964 2725 ἐπισημαίνει.
2999 2651 3273 2724 Καλίππῳ
3299 2652 3329 2705 δ
3370 2648 3533 2721 Κριὸς
3569 2646 3709 2719 ἄρχεο

2171 2767 2257 2804 ται
2289 2749 2483 2803 δύνειν.
2531 2746 2810 2818 Ίσημερία
2846 2744 3213 2817 μετοπωρινή.

2253 2842 2342 2896 Ἐν
2369 2840 2425 2894 δέ
2452 2841 2516 2912 τῇ
2544 2845 2591 2908 γ’
2617 2839 2923 2909 Εὐκτήμονι
2952 2834 3169 2909 Ἐριιροι
3204 2834 3565 2889 ἐπιτέλλουσιν
3583 2829 3698 2888 {sui

2176 2951 2300 3007 ριοι.
2312 2972 2317 2977 .
2329 2933 2635 3004 Χειμαίνει.

2254 3026 2343 3079 Ἔν
2367 3026 2424 3078 δὲ
2449 3027 2515 3096 τῇ
2544 3024 2585 3077 δ’
2615 3021 2828 3092 Εὐδόξῳ
2860 3020 2959 3087 Αἲξ
2992 3021 3291 3092 ἀκρόνυχος
3322 3019 3601 3072 ἐπιτέλλει.

2255 3117 2344 3170 Ἐν
2376 3117 2433 3170 δέ
2459 3119 2522 3187 τῇ
2554 3122 2593 3169 ε’
2620 3115 2928 3185 Εὐκτήμονι
2961 3112 3216 3175 Πλειάδες
3251 3110 3502 3182 ἑσπέριαι
3534 3106 3715 3178 φαίνον-

2171 3226 2259 3263 ται
2288 3211 2353 3263 ἐκ
2393 3208 2485 3262 τοῦ
2516 3207 2651 3280 πρὸς
2690 3207 2782 3260 ἐω.
2817 3205 3092 3276 Καλίππῳ
3134 3203 3411 3265 Παοθένος
3438 3201 3583 3272 λήγει
3615 3199 3717 3251 ἀνα-

2171 3299 2453 3354 τέλλουσα.

2254 3391 2344 3449 Ἐν
2378 3392 2435 3445 δέ
2480 3394 2545 3463 τῇ
2586 3390 2627 3456 ζ’
2659 3389 2839 3462 ἡμέρᾳ
2882 3389 3191 3461 Εὐκτήμονι
3220 3386 3492 3455 Στέφανος
3522 3379 3715 3438 ἀνατέλ-

2173 3483 2276 3538 λει.
2300 3483 2600 3553 Χειμαίνει.

2257 3575 2344 3628 Ἐν
2367 3574 2424 3627 δέ
2452 3576 2517 3646 τῇ
2552 3572 2600 3644 η’
2632 3570 2843 3641 Εὐδόξῳ
2870 3569 3128 3634 Πλειάδες
3151 3567 3537 3622 ἐπιτέλλουσιν.

2259 3666 2345 3720 Ἐν
2384 3666 2437 3718 δὲ
2478 3668 2543 3737 τῇ
2572 3670 2603 3718 ι’
2632 3662 2908 3734 Εὐδόξῳ...
2943 3662 3073 3732 ἐῷος
3107 3661 3397 3715 ἐπιτέλλει.

2254 3760 2343 3812 Ἐν
2370 3758 2427 3811 δέ
2460 3760 2526 3829 τῇ
2568 3758 2631 3827 ιβ’
2672 3756 2855 3827 ἡμέρα
2901 3753 3115 3825 Εὐδόξῳ
3147 3752 3418 3824 Σκορπίος
3456 3748 3716 3822 ἀκρόνυχκ

2175 3851 2399 3922 ἄρχεται
2429 3847 2624 3913 δύνειν,
2660 3848 2752 3900 καὶ
2781 3846 2987 3918 χειμὼν
3030 3845 3333 3915 ἐπιγίνεται
3355 3883 3371 3910 ,
3421 3842 3511 3897 καὶ
3549 3839 3718 3909 ἄνεμος

2180 3942 2353 4013 μέγας
2380 3942 2521 3993 πνεῖ.

2259 4033 2345 4085 Ἐν
2396 4031 2453 4085 δὲ
2498 4033 2564 4102 τῇ
2602 4030 2665 4095 ιζ’
2696 4029 2911 4101 Εὐδόξῳ
2941 4028 3210 4101 Σκορπίος
3254 4028 3375 4091 ὅλος
3413 4026 3713 4098 ἀκρόνυχος’

2175 4123 2273 4191 Αἲξ
2313 4122 2447 4186 ὅλως
2479 4121 2643 4175 δύνει.
2678 4121 2956 4192 Καλίππῳ
2999 4120 3177 4190 Χὴλαὶ
3224 4120 3482 4191 ἄρχονται
3524 4113 3716 4170 ἀνατέλ-

2176 4216 2287 4269 λειν
2312 4230 2325 4243 ·
2363 4212 2834 4283 ἐπισημαίνουσιν.

2267 4301 2356 4353 Ἐν
2385 4298 2440 4352 δέ
2469 4302 2535 4370 τῇ
2568 4298 2632 4351 ιθθ
2659 4298 2873 4368 Εὐδόξῳ
2909 4297 3091 4369 βορέαι
3120 4297 3211 4351 καὶ
3244 4296 3386 4351 νότοι
3414 4294 3659 4348 πνέουσιν.

2254 4393 2341 4446 Ἐν
2388 4391 2445 4444 δέ
2492 4393 2557 4462 τῇ
2594 4389 2675 4461 κβ⁸
2715 4389 2931 4462 Εὐδόξῳ
2970 4390 3161 4453 Ὑάδες
3207 4388 3493 4462 ἀκρόνυχοι
3535 4382 3718 4438 ἐπιτέλ-

2111 4503 2156 4557 D
2184 4482 2390 4538 λουσιν.

2260 4575 2346 4629 Ἐν
2370 4574 2427 4627 δέ
2456 4577 2521 4645 τῇ
2561 4579 2645 4645 κη’
2673 4572 2948 4644 Καλίππῳ
2976 4571 3072 4625 τοῦ
3099 4570 3317 4644 Ταύρου
3362 4571 3547 4642 κέρκος
3576 4565 3713 4625 δύνει,

2181 4666 2550 4737 ἐπισημαίνει.

2256 4758 2342 4810 Ἐν
2364 4758 2421 4811 δὲ
2452 4760 2517 4829 τῇ
2553 4755 2631 4811 κθ⁹
2660 4756 2872 4827 Εὐδόξῳ
2914 4756 3107 4828 βορέας
3160 4756 3257 4810 καὶ
3297 4756 3448 4816 νότος
3479 4752 3713 4806 πνέουσιν.

2258 4850 2345 4902 Ἐν
2369 4848 2424 4902 δὲ
2450 4851 2517 4921 τῇ
2552 4848 2594 4901 λ’
2616 4848 2924 4919 Εὐκτήμονι
2947 4847 3151 4920 χειμὼν
3184 4846 3327 4901 κατὰ
3352 4845 3605 4900 δαλασσαν
3631 4855 3710 4890 πο-

2178 4940 2293 5003 λύς.

2251 5032 2354 5085 Τὸν
2399 5032 2456 5085 δέ
2502 5031 2767 5102 Σκορπίον
2804 5032 2833 5084 ὁ
2878 5030 3028 5101 ἥλιος
3079 5029 3465 5101 διαπορεύεται
3508 5026 3561 5079 ἐν
3603 5016 3715 5091 ἡμέ-

2184 5138 2305 5193 ραις
2326 5118 2391 5175 λ’.

2265 5216 2352 5268 Ἐν
2386 5215 2483 5286 μὲν
2512 5210 2603 5267 οὐν
2625 5217 2692 5286 τῇ
2721 5213 2879 5286 τρίτῃ
2905 5211 3139 5284 Δοσιθέῳ
3174 5213 3465 5284 χειμαίνει.
3754 5258 3755 5267 η

2256 5307 2344 5358 Ἐν
2370 5305 2426 5359 δέ
2453 5309 2519 5377 τῇ
2553 5305 2594 5359 δ’
2633 5307 2813 5377 ἡμέρᾳ
2841 5304 3168 5377 Δημοκρίτῳ
3210 5303 3466 5366 Πλειάδες
3502 5298 3715 5353 δύνουσιν

2182 5396 2297 5468 ἅμα
2328 5399 2445 5467 ἠοῖ·
2477 5397 2666 5468 ἄνεμοι
2700 5396 2963 5467 χειμέριοι
2991 5395 3065 5460 ὡς
3105 5394 3175 5448 τὰ
3208 5394 3397 5455 πολλὰ,
3443 5391 3529 5445 καὶ
3569 5386 3714 5456 ψύχη,

2179 5485 2278 5557 ἡδη
2313 5488 2404 5539 καὶ
2429 5488 2622 5557 πάχνη.
2644 5488 2921 5539 Ἑπιπνεῖν
2946 5484 3104 5554 ιξιλεῖ.
3134 5484 3484 5556 Φυλλορῤοεῖν
3521 5480 3717 5549 ἄρχετο-ι

2177 5577 2245 5631 τὰ
2267 5578 2457 5650 δένδρα
2492 5579 2743 5649 μάλιστα.
2773 5578 3046 5647 Καλίππῳ
3074 5576 3166 5630 τοῦ
3218 5576 3482 5649 Σκορπίου
3519 5570 3575 5623 τὺ
3606 5565 3718 5619 ui:-

2179 5685 2323 5722 ωπον
2360 5670 2649 5734 ἐπιτέλλει,
2689 5669 3068 5740 πνευματῶδες
3096 5669 3160 5723 ⁸⁸.

1131 5779 1172 5810 η
1211 5796 1297 5848 π,
1338 5777 1549 5851 βροντᾷ,
1630 5779 1673 5810 ⁸⁸
1702 5777 2174 5849 γμπνευματὼδη.
