3786 6328
70 365 155 421 861
1078 372 1315 433 GEMINI
1365 375 1738 439 ELEMENTA
1776 386 2270 449 ASTRONOMUE.

3179 394 3286 451 852

141 475 221 528 Ἐν
323 476 402 583 ,τῇ
445 473 488 531 ε’
514 474 823 583 Εὐκτήμονι
864 480 1187 560 Ἀρκτοῦρος
1231 492 1481 565 ἑσπέριος
1511 493 1612 548 6-65-

1791 501 1887 561 Die
1915 506 1951 561 5
1976 506 2295 563 Euctemoni
2331 507 2600 568 Arcturus
2651 512 2865 583 vesperi
2897 511 3132 574 occidit,
3168 527 3285 565 ma-

68 582 165 628 ται,
196 567 284 620 καὶ
316 566 510 639 ἄνεμοι
548 572 772 641 μεγάλοι
795 574 1063 633 πνέουσιν.
1510 636 1517 642 .

141 657 222 710 Ἐν
246 657 299 711 δὲ
322 660 387 731 τῇ
412 666 461 731 η’
482 660 700 734 Εὐδόξῳ
734 664 1054 741 Ἀρκτοῦρος
1082 672 1378 745 ἀκρόνυχος
1411 676 1620 747 πρωΐας

69 746 214 809 δύνει,
245 749 334 802 καὶ
373 752 751 822 ἐπισημαίνει,
781 758 874 810 καὶ
901 759 1098 831 ἄνεμος
1124 768 1264 819 πνεῖ.

136 835 215 889 Ἐν
239 837 294 890 δὲ
320 841 385 910 τῇ
424 838 471 891 θ’
498 842 781 915 Καλίππῳ
828 847 922 900 τοῦ
952 849 1163 922 Ταύρου
1218 851 1362 906 δύνει
1411 855 1617 928 κεφαλὴ

70 928 166 997 ἑῴα
178 945 189 958 ·
223 930 364 982 ὐετοί
393 931 463 987 ⁶“¹.

138 1020 217 1072 Ἑν
238 1020 293 1072 δὲ
325 1023 391 1093 τῇ
424 1028 457 1075 ι’
495 1025 805 1097 Εὐκτήμονι
835 1028 987 1101 Λύρα
1029 1031 1160 1102 ἐῷος
1202 1035 1492 1101 ἐπιτέλλει,
1525 1036 1620 1090 καὶ

68 1112 461 1182 ἐπιχειμάζεται
492 1116 655 1188 ὐετῷ.

140 1207 220 1258 Ἐν
245 1206 300 1260 δὲ
345 1211 411 1280 τῇ
456 1208 525 1281 ιβ’
566 1211 780 1284 Εὐδόξῳ
820 1213 1009 1285 Ὠρίων
1053 1217 1352 1290 ἀκρόνυχος
1392 1220 1619 1292 ἄρχεται

69 1297 367 1352 ἐπιτέλλειν.

139 1388 218 1443 Ἐν
240 1389 295 1443 δὲ
320 1393 385 1463 τῇ
417 1390 487 1461 ιγ’
512 1394 838 1467 Δημοκρίτῳ
856 1396 1009 1470 Λύρα
1040 1400 1314 1455 ἐπιϐάλλει
1341 1402 1455 1475 ἅμα
1482 1405 1615 1475 ἡλίῳ

68 1478 314 1549 ἀνίσχοντι
337 1498 352 1512 ⁸
387 1483 484 1536 καὶ
514 1486 543 1538 6
583 1485 691 1559 ἀὴρ
728 1489 1037 1562 χειμερινὸς
1073 1491 1279 1560 γίνεται
1312 1494 1385 1557 ὡς
1425 1494 1617 1565 sum

69 1570 234 1625 πολλά.
717 1637 721 1640 ,

140 1663 220 1716 Ἐν
249 1664 305 1717 δέ
337 1668 403 1737 τῇ
432 1667 493 1720 ιδ’
530 1668 744 1741 Εὐδόξῳ
781 1672 954 1727 ὐετία.

139 1755 290 1809 Ἐνδέ
318 1761 385 1828 τῇ
418 1766 477 1811 ιε’
503 1760 812 1832 Εὐκτήμονι
840 1763 1096 1828 Πλειάδες
1120 1764 1355 1831 δύνουσι,
1382 1768 1477 1821 καὶ
1504 1770 1616 1822 ἐπι-

70 1850 320 1919 σημαίνει,
372 1852 468 1904 καὶ
512 1852 706 1923 Ὠρίων
740 1854 964 1925 ἄρχεται
1008 1857 1101 1910 καὶ
1132 1857 1380 1928 μεσοῦντι
1411 1861 1505 1914 καὶ
1536 1860 1622 1933 λή-
1651 1857 1695 1915 Β

69 1958 198 2012 γοντι
231 1942 629 2015 ἐπιχειμάζειν.

138 2033 219 2088 Ἐν
242 2034 297 2087 δὲ
328 2038 394 2105 τῇ
429 2042 507 2101 ις’
534 2035 807 2107 Καλίππῳ
837 2039 866 2089 ό
899 2040 955 2092 ἐν
982 2040 1061 2110 τῷ
1093 2042 1346 2113 Σκορπίῳ
1373 2042 1622 2114 λαμπρὸς

69 2123 220 2196 ἀστὴρ
243 2126 543 2191 ἀνατέλλει,
579 2128 955 2197 ἐπισημαίνει·
998 2134 1093 2186 καὶ
1129 2133 1385 2198 Πλειάδες
1408 2135 1620 2191 δύνουσι

71 2215 294 2285 φανεραί.

138 2307 216 2360 Ἐν
244 2308 302 2362 δὲ
334 2313 402 2382 τῇ
439 2318 509 2381 ιη’
544 2312 759 2383 Εὐδόξῳ
784 2315 1049 2387 Σκορπίος
1070 2315 1295 2389 ἄρχεται
1325 2320 1619 2376 ἐπιτέλλειν

70 2399 199 2469 ἑῷος.

136 2493 216 2546 Ἐν
238 2493 295 2548 δέ
316 2497 385 2566 τῇ
417 2496 481 2549 ιθ¹
530 2496 744 2567 Εὐδόξῳ
787 2499 1044 2564 Πλειάδες
1079 2501 1209 2573 ἐῴαι
1238 2502 1489 2558 δύνουσι·
1526 2506 1619 2559 καὶ

80 2580 244 2653 Ὠρίων
273 2583 500 2656 ἄρχεται
527 2586 726 2651 δύνειν,
754 2590 848 2641 καὶ
879 2592 1155 2661 χειμάζει.

138 2674 216 2727 Ἐν
244 2675 299 2729 δὲ
325 2680 391 2748 τῇ
426 2682 515 2730 κα¹
537 2678 752 2750 Εὐδόξῳ
776 2681 928 2755 Λύρα
956 2683 1090 2754 ἑῷος
1116 2684 1407 2743 ἐπιτέλλει.

138 2765 214 2819 Ἐν
239 2767 297 2820 δὲ
324 2772 389 2840 τῇ
416 2766 499 2835 κζ’
541 2771 848 2844 Εὐκτήμονι
881 2775 1066 2840 Ὑάδες
1091 2775 1336 2833 δύνονται
1361 2796 1376 2810 ·
1411 2778 1505 2834 καὶ
1533 2778 1617 2834 ἐτι

73 2873 156 2911 νει.

137 2948 213 3001 Ἐν
231 2949 287 3003 δὲ
319 2953 382 3022 τῇ
411 2952 499 3024 κη’
528 2954 802 3026 Καλίππῳ
824 2956 916 3011 τοῦ
943 2957 1156 3031 Ταύρου
1179 2959 1248 3014 τά
1276 2960 1480 3034 κέρατα
1505 2960 1620 3016 δύε-

70 3051 139 3089 ται
155 3054 168 3067 ·
194 3039 364 3095 ὐετία.

135 3128 213 3181 Ἐν
245 3130 304 3184 δὲ
332 3134 398 3203 τῇ
430 3130 514 3185 κθ⁸
538 3133 754 3206 Εὐδόξῳ
796 3135 985 3200 Ὑάδες
1007 3136 1245 3203 δύνουσι,
1272 3138 1366 3192 καὶ
1399 3140 1612 3211 χειμαί-

72 3236 133 3272 νει
156 3222 371 3295 σφόδρα.
1020 3238 1039 3251 “

128 3314 217 3367 Τὺν
264 3316 323 3368 δὲ
376 3317 615 3389 Τοξότην
665 3318 695 3370 6
739 3318 888 3388 ἥλιος
941 3320 1318 3392 διαπορεύεται
1364 3324 1421 3377 ἐν
1482 3323 1618 3395 ἡμέ-

75 3418 172 3470 ραις
202 3405 305 3460 κθ¹.

138 3497 214 3550 Ἐν
247 3498 345 3570 μὲν
374 3495 471 3554 οὖν
506 3502 573 3572 τῇ
614 3497 812 3573 ἐϐδόμῃ
860 3503 1171 3575 Εὐκτήμονι
1215 3505 1378 3559 Κύων
1409 3504 1611 3572 δύεται,

72 3589 147 3641 καὶ
180 3591 538 3661 ἐπιχειμὼζει.
587 3590 860 3664 Καλίππῳ
890 3597 919 3648 ὁ
951 3596 1183 3667 Τοξότης
1223 3597 1449 3671 ἄρχεται
1492 3599 1617 3652 άνα-

73 3680 244 3736 τέλλειν
266 3700 282 3716 ο
310 3686 402 3738 καὶ
435 3685 632 3755 Ὠρίων
660 3684 837 3739 δύνειν
861 3688 1127 3758 φανερῶς.
1166 3688 1472 3760 Χειμαίνει.

137 3771 213 3827 Ἐν
242 3773 301 3826 δὲ
329 3777 395 3846 τῇ
422 3782 476 3845 η’
507 3775 723 3847 Εὐδόξῳ
760 3776 949 3849 Ὠρίων
974 3777 1108 3848 ἑῷος
1133 3778 1296 3833 δύνει.

138 3860 215 3913 Ἐν
241 3863 299 3919 δὲ
327 3867 391 3936 τῇ
428 3870 458 3917 ι’
490 3865 798 3935 Εὐκτήμονι
849 3866 945 3931 τοῦ
974 3867 1241 3939 Σκορπίου
1286 3872 1348 3923 τὸ
1393 3870 1616 3942 κέντρον

78 3948 329 4007 ἐπιτέλλει.

138 4042 213 4095 Ἐν
248 4045 304 4098 δὲ
334 4048 401 4118 τῇ
454 4045 520 4117 ιβ’
548 4046 762 4118 Εὐδόξῳ
796 4048 956 4102 Κύων
999 4048 1131 4118 ἐῷος
1178 4051 1347 4117 δύνει,
1399 4055 1612 4123 χειμαί-

75 4142 155 4186 νει.

137 4226 211 4281 Ἐν
242 4229 299 4282 δὲ
322 4232 387 4300 τῇ
422 4229 484 4283 ιδ’
518 4229 733 4300 Εὐδόξῳ
764 4232 939 4294 ὐετός.

134 4317 210 4373 Ἐν
247 4321 303 4374 δέ
340 4325 407 4393 τῇ
454 4329 515 4375 ιε’
560 4323 867 4394 Εὐκτήμονι
902 4324 1080 4388 Ἀετὸς
1125 4323 1413 4389 ἐπιτέλλει,
1464 4326 1615 4391 νότος

78 4411 190 4472 πνεῖ,

1724 597 1926 667 gnique
1955 599 2167 669 spirant
2195 599 2362 655 venti.

1792 688 1890 744 Die
1942 691 1976 745 8
2028 691 2257 747 Eudoxo
2307 693 2576 750 Arcturus
2619 697 2674 750 in
2715 697 3056 752 extremitate
3105 698 3284 752 noctis

1722 795 1882 835 mane
1910 783 2111 837 occidit
2136 822 2149 846 ,
2181 790 2235 839 et
2263 784 2564 855 signiﬁcat;
2598 797 2792 843 ventus
2818 788 3011 857 spirat.

1802 871 1896 929 Die
1925 873 1957 928 9
1986 874 2214 946 Calippo
2239 874 2405 930 Tauri
2435 886 2596 948 caput
2620 878 2822 932 occidit
2846 882 3003 934 mane
3027 897 3040 946 ;
3071 879 3279 949 pluviae.

1793 1050 1889 1108 Die
1918 1054 1983 1109 10
2012 1053 2333 1111 Euctemoni
2358 1048 2498 1129 Lyra
2529 1062 2685 1116 mane
2711 1063 2905 1125 oritur,
2936 1069 3098 1132 atque
3129 1066 3281 1118 insu-

1724 1159 1819 1213 per
1848 1144 2022 1201 biems
2049 1155 2133 1202 est
2167 1163 2290 1202 cum
2320 1151 2518 1219 pluvia.

1791 1234 1887 1292 Die
1922 1238 1988 1313 1‘2
2016 1237 2242 1295 Eudoxo
2275 1240 2443 1297 Orion
2477 1245 2684 1313 vesperi
2713 1243 2901 1314 incipit
2926 1244 3083 1301 oriri.

1792 1426 1889 1484 Die
1920 1429 1988 1483 15
2018 1428 2334 1487 Democrito
2384 1432 2517 1504 Lyra
2567 1434 2812 1489 ascendit
2854 1450 2959 1488 una
3001 1451 3122 1488 cum
3166 1437 3280 1490 sole

1718 1511 1829 1591 38
1847 1522 2089 1589 oriente,
2130 1532 2184 1579 et
2216 1540 2309 1580 aer
2344 1526 2403 1579 ﬁt
2430 1534 2831 1597 tempestuosus
2868 1529 3204 1600 plerumque.

1790 1703 1886 1761 Die
1918 1706 1983 1761 14
2013 1706 2237 1763 Eudoxo
2266 1717 2350 1766 est
2380 1711 2579 1780 pluvia.

1794 1794 1890 1851 Die
1917 1796 1985 1853 15
2027 1797 2347 1855 Euctemoni
2378 1800 2626 1859 Pleiades
2655 1806 2912 1861 occidunt
2938 1848 2951 1871 .
2980 1816 3034 1862 et
3067 1810 3277 1881 signiﬁ-

1721 1893 1870 1940 cant.
1914 1885 2081 1941 Orion
2117 1888 2309 1958 incipit
2342 1905 2464 1944 cum
2500 1892 2681 1947 medio
2712 1909 2926 1959 mense,
2973 1903 3087 1949 tum
3128 1896 3275 1952 desi-

1718 1984 1882 2031 nente
1903 2017 1918 2039 ,
1952 1984 2329 2046 tempestatem
2359 1981 2617 2036 excitare.

1789 2063 1885 2119 Die
1919 2065 1986 2119 16
2013 2065 2242 2137 Calippo
2274 2068 2555 2138 splendida
2581 2072 2633 2125 in
2659 2070 2884 2141 Scorpio
2907 2072 3062 2127 stella
3084 2073 3279 2141 oritur,

1719 2156 1994 2226 signiﬁcat
2024 2174 2039 2223 ;
2071 2166 2126 2213 et
2151 2158 2406 2217 Pleiades
2434 2162 2692 2217 occidunt
2723 2173 3065 2233 apparenter.

1788 2330 1884 2388 Die
1918 2333 1984 2388 18
2016 2333 2245 2388 Eudoxo
2277 2334 2541 2407 Scorpius
2571 2335 2763 2406 incipit
2796 2336 2926 2390 oriri
2962 2351 3140 2392 mane.

1787 2513 1884 2569 Die
1910 2516 1976 2570 19
2005 2514 2233 2570 Eudoxo
2257 2516 2505 2572 Pleiades
2530 2532 2684 2572 mane
2711 2516 2966 2573 occidunt
2992 2537 3008 2586 ;
3034 2528 3087 2574 et
3112 2517 3281 2574 Orion

1717 2605 1905 2676 incipit
1936 2608 2215 2668 occidere.
2245 2614 2301 2662 et
2330 2616 2702 2679 tempestatem
2734 2610 2954 2664 excitat.

1786 2696 1882 2755 Die
1906 2697 1967 2752 2|
2000 2698 2226 2755 Eudoxo
2258 2700 2396 2772 Lyra
2431 2716 2589 2756 mane
2615 2700 2809 2757 oritur.

1786 2787 1882 2843 Die
1911 2789 1981 2843 27
2014 2788 2333 2845 Euctemoni
2384 2790 2600 2862 Hyades
2651 2792 2945 2857 occidunt,
2990 2801 3155 2863 atque
3194 2793 3282 2846 in-

1716 2891 1881 2946 super
1912 2878 2070 2948 pluit.
2703 2946 2713 2956 ,

1789 2964 1886 3023 Die
1930 2969 2002 3024 98
2051 2970 2279 3042 Calippo
2332 2970 2498 3027 Tauri
2552 2987 2757 3028 cornua
2806 2973 3102 3040 occidunt;
3134 2981 3188 3027 et
3223 2972 3283 3026 ﬁt

1716 3060 1916 3131 pluvia.

1790 3152 1885 3210 Die
1911 3154 1982 3209 29
2015 3154 2241 3211 Eudoxo
2275 3154 2493 3228 Ilyades
2522 3156 2821 3224 occidunt;
2855 3165 2909 3212 et
2957 3170 3151 3227 magna
3197 3162 3282 3210 est

1718 3253 2034 3316 tempestas.

1789 3336 2141 3410 Sagittarium
2174 3339 2255 3394 sol
2288 3340 2561 3410 percurrit
2591 3338 2784 3395 diebus
2812 3338 2903 3394 29.

1718 3529 1721 3533 ·
1787 3510 1883 3569 Die
1930 3512 1961 3567 7
2010 3515 2323 3570 Euctemoni
2368 3516 2533 3572 Canis
2574 3516 2810 3583 occidit,
2843 3525 3007 3588 atque
3053 3517 3281 3589 insuper

1718 3606 1775 3659 ﬁt
1807 3612 2129 3677 tempestas.
2175 3608 2401 3679 L‘alippo
2438 3607 2767 3680 Sagittarius
2802 3609 2994 3679 incipit
3026 3609 3193 3677 oriri,
3227 3617 3282 3664 et

1717 3697 1884 3753 Orion
1916 3700 2168 3757 occidere
2198 3712 2543 3771 apparenter.
2578 3701 2766 3756 Oritur
2795 3709 3115 3772 tempestas.

1785 3788 1882 3845 Die
1911 3793 1943 3845 8
1970 3790 2194 3846 Eudoxo
2224 3792 2390 3847 Orion
2418 3807 2577 3847 mane
2606 3792 2826 3847 occidit.

1787 3879 1884 3937 Die
1912 3882 1981 3936 10
2008 3882 2324 3938 Euctemoni
2355 3882 2566 3954 Scorpii
2599 3883 2823 3938 aculeus
2847 3883 3041 3937 oritur.

1714 4066 1733 4124 ;
1786 4056 1883 4110 Die
1908 4059 1973 4111 12
1998 4058 2222 4114 Eudoxo
2243 4060 2409 4115 Canis
2430 4076 2591 4116 mane
2615 4059 2849 4125 occidit,
2880 4061 2937 4114 ﬁt
2962 4068 3279 4125 tempestas.

1784 4232 1881 4289 Die
1911 4235 1979 4288 H
2011 4235 2235 4291 Eudoxo
2259 4246 2345 4291 est
2374 4237 2578 4299 pluvia.

1786 4323 1884 4380 Die
1914 4326 1982 4380 15
2013 4325 2329 4381 Euctemoni
2362 4327 2557 4397 Aquila
2586 4328 2782 4393 oritur,
2816 4326 2909 4382 ﬁat
2938 4337 3143 4384 auster.

137 4502 211 4555 Ἑν
256 4504 310 4557 δὲ
350 4508 419 4577 τῇ
469 4512 546 4571 ις’
591 4493 917 4578 Ᾱημοκρίτῳ
967 4507 1146 4571 Ἀετὸς
1188 4504 1454 4562 ἐπιτέλλει
1499 4509 1612 4580 ἅμα

1789 4517 1886 4576 Die
1915 4520 1980 4575 16
2013 4519 2320 4576 Democrito
2345 4519 2541 4590 Aquila
2573 4521 2751 4576 oritur
2779 4521 2941 4577 simul
2970 4536 3094 4577 cum
3126 4524 3240 4577 sole
3262 4563 3280 4587 .

74 4588 197 4661 ἡλίῳ,
228 4596 317 4649 καὶ
360 4594 747 4667 ἐπισημαίνειν
798 4596 943 4666 φιλεῖ
983 4596 1227 4669 βροντὴν,
1276 4600 1368 4652 καὶ
1409 4601 1611 4669 ἀστρα-

1716 4621 1769 4669 et
1808 4614 2033 4684 insuper
2063 4614 2369 4683 signiﬁcare
2415 4615 2549 4670 solet
2591 4616 2798 4669 tonitru
2830 4623 2886 4669 et
2922 4614 3124 4684 fulgur.
3153 4630 3277 4668 cum

78 4682 177 4751 τεὴν,
220 4688 309 4741 καὶ
348 4688 505 4741 ὕδατι
548 4688 582 4758 ἢ
635 4689 842 4758 ἀνέμῳ,
882 4689 915 4760 ἢ
961 4689 1244 4761 ἀμφότερα
1286 4690 1361 4753 ὡς
1403 4692 1494 4743 ἐπὶ
1540 4690 1610 4744 τὰ

1764 4718 1855 4774 ma
1899 4682 1993 4757 aut
2030 4682 2226 4768 vento,
2259 4713 2352 4759 aut
2396 4714 2626 4775 utraque
2671 4682 3026 4775 plerumque:
3055 4703 3282 4779 Eudoxo

278 4780 489 4851 Εὐδόξῳ
538 4779 701 4833 Κύων
743 4780 1039 4850 ἀκρόνυχος
1084 4782 1129 4812 ⁸⁸
1175 4781 1463 4844 ἐπιτέλλει,
1515 4783 1609 4835 καὶ

1764 4796 1878 4851 anis
1904 4796 2117 4865 vesperi
2145 4796 2339 4860 oritur,
2368 4813 2433 4853 eo
2452 4797 2596 4867 quod
2621 4797 2845 4869 Calippo
2866 4797 3075 4853 Gemini
3101 4806 3281 4851 transa

76 4862 414 4944 ὖτ¹.Καλίππῳ
455 4873 507 4925 oi
552 4870 770 4941 Δίδυμοι
810 4872 1020 4943 μετίασι
1054 4873 1320 4943 δυόμενοι,
1358 4874 1508 4927 νοτία.
1536 4877 1601 4929 ⁶⁹.

1764 4895 1843 4941 mt
1877 4862 2208 4952 occidentes,
2257 4887 2315 4942 ﬁt
2346 4862 2550 4959 pluvia.

139 4957 282 5014 Ἐνδὲ
306 4964 370 5033 τῇ
401 4963 471 5018 ιθ’
497 4963 825 5035 Εὐκτήμονι,
856 4964 1066 5036 Εὐδόξῳ
1092 4963 1255 5017 δύνει.

1782 4979 1874 5034 Die
1904 4980 1968 5034 19
2002 4978 2324 5039 Euctemoni
2349 4957 2411 5035 et
2444 4978 2668 5035 Eudoxo
2698 4979 2919 5035 occidit.

1782 5068 1876 5126 Die
1918 5072 1982 5125 ιιι
2041 5071 2272 5127 Eudoxo
2319 5070 2584 5144 Scorpius
2641 5088 2798 5128 mane
2843 5072 3037 5137 oritur,
3087 5077 3285 5141 estque

1709 5171 2026 5232 tempestas.

1782 5254 1878 5309 Die
1905 5254 1978 5309 ‘25
2009 5253 2233 5309 Eudoxo
2263 5255 2437 5327 Capra
2470 5272 2630 5312 mane
2656 5255 2874 5311 occidit.

1784 5341 1880 5401 Die
1903 5346 1975 5399 26
2006 5346 2230 5401 Eudoxo
2257 5348 2453 5419 Aquila
2484 5365 2643 5404 mane
2671 5350 2864 5403 oritur.

1786 5435 2182 5508 Capricornum
2217 5440 2305 5493 sol
2329 5449 2581 5511 peragrat
2608 5438 2801 5496 diebus
2832 5439 2921 5494 29.

140 5048 213 5117 ᾘν
233 5052 288 5105 δέ
306 5057 370 5125 τῇ
396 5059 484 5109 κα¹
521 5053 733 5125 Εὐδόξῳ
756 5056 1020 5127 Σκορπίος
1043 5055 1176 5127 ἐῷος
1201 5056 1487 5121 ἐπιτέλλει,
1515 5055 1611 5110 καὶ

78 5142 322 5207 χειμαίνει.

140 5232 213 5288 Ἐν
233 5238 285 5291 δὲ
304 5244 367 5312 τῇ
398 5247 486 5309 κγ’
514 5239 732 5311 Εωόξῳ
756 5240 853 5306 Αἲξ
885 5241 995 5312 ἑῴα
1021 5241 1188 5295 δύνει.

140 5324 214 5380 Ἐν
234 5330 287 5383 δὲ
307 5337 370 5405 τῇ
405 5339 499 5399 xc,“
523 5332 737 5404 Εὐδόξῳ
774 5334 953 5398 Ἀετὸς
980 5334 1113 5405 ἐῷος
1142 5333 1431 5390 ἐπιτέλλει.

132 5416 293 5477 Τύνδέ
326 5427 642 5497 Αἰγόκερων
683 5428 712 5479 ὁ
754 5425 905 5497 ἥλιος
946 5426 1326 5498 διαπορεύεται
1372 5430 1430 5482 ἐν
1476 5428 1611 5500 ὴμέ-

81 5519 175 5572 ραις
200 5514 291 5570 κθ¹.

141 5600 216 5654 Ἐν
242 5606 332 5674 μὲν
357 5604 453 5663 οὖν
475 5611 544 5679 τῇ
582 5614 630 5660 α’
656 5609 839 5679 ἡμέρᾳ
868 5607 1176 5678 Εὐκτήμονι
1209 5609 1405 5678 τροπαὶ
1436 5627 1612 5681 χειμε-

1787 5612 1883 5671 Die
1923 5615 1942 5668 1
1980 5614 2302 5672 Euctemoni
2344 5617 2639 5673 solstitium
2674 5615 2959 5671 hibernum
2988 5610 3278 5684 signiﬁcat.

135 5750 168 5782 ⁵⁷
196 5770 275 5824 τρι
303 5760 558 5818 ὑιτοσίαι.
639 5762 682 5797 ⁸⁸
721 5783 806 5834 γρ.
841 5767 1092 5839 ἁκρόνυξ.
1172 5767 1213 5800 ⁶⁹
1248 5784 1333 5837 rp.
1371 5781 1539 5822 νοτια.
