3786 6320
511 383 616 437 865

1515 381 1605 434 AD
1665 378 1930 434 EUSEBH
1969 377 2355 434 CIIRONICON
2395 376 2752 434 APPENDIX.
3623 379 3703 435 861

513 498 742 568 Calippo
799 497 1130 569 Sagittarius
1186 499 1388 553 desinit
1449 498 1632 563 oriri;
1693 500 2074 557 conversiones

2247 497 2334 550 val.
2378 497 2814 566 ἑπισημαὶνουσι.
2856 494 3130 564 Καλίππῳ
3169 495 3402 564 Τοξότης
3435 494 3577 566 λήγει
3610 497 3707 552 ἀνα·

513 592 841 660 contingunt
873 591 1110 676 hibernae
1131 631 1144 654 ,
1184 591 1241 643 tit
1270 598 1580 660 tempestas.

589 679 682 734 Die
717 680 752 733 2
784 681 1098 736 Euctemoni
1134 680 1427 751 Delphinus
1457 681 1654 746 oritur,
1687 682 1901 735 exsistit
1943 691 2078 736 tem-

515 778 723 838 pestas.

588 859 684 915 Die
711 861 747 914 4
791 860 1018 915 Eudoxo
1061 861 1198 915 ﬁunt
1235 861 1478 915 hiberna:
1522 863 1942 926 conversiones,
1985 879 2082 918 ex-

518 952 662 1005 sistit
698 960 1016 1020 tempestas.

588 1039 684 1094 Die
715 1040 744 1092 7
774 1039 1092 1094 Euctemoni
1124 1041 1320 1109 Aquila
1364 1040 1578 1108 vesperi
1623 1041 1862 1108 occidit,
1915 1041 2084 1111 [itque

519 1136 834 1200 tempestas.

590 1220 685 1275 Die
713 1223 745 1277 9
777 1221 1001 1276 Eudoxo
1033 1223 1250 1276 Corona
1278 1224 1493 1292 vesperi
1524 1225 1722 1280 oritur.

589 1311 684 1365 Die
714 1312 782 1365 12
814 1313 1124 1367 Democrito
1156 1324 1344 1368 auster
1375 1314 1550 1382 spirat
1586 1356 1600 1370 .
1637 1353 1651 1368 .
1688 1355 1702 1369 .
1744 1316 1940 1369 oritur.

588 1403 683 1456 Die
716 1405 780 1458 H
812 1404 1132 1461 Euctemoni
1165 1407 1341 1461 media
1385 1405 1582 1462 hiems.
1631 1408 1838 1462 Auster
1881 1407 2085 1462 multus

516 1495 608 1548 ﬂat
635 1496 896 1551 hibernus
926 1513 1021 1566 per
1053 1513 1220 1552 mare.

591 1583 686 1640 Die
733 1586 799 1640 15
837 1587 1066 1648 Caliuoo
1109 1586 1486 1658 Capricornus
1532 1585 1723 1656 incipit
1770 1586 1942 1650 oriri,
1995 1584 2088 1640 ﬂat

517 1679 727 1727 auster.

590 1764 684 1820 Die
718 1764 784 1818 16
811 1764 1128 1820 Euctemoni
1162 1777 1350 1821 auster
1381 1766 1646 1822 hibernus
1681 1782 1775 1837 per
1806 1781 1972 1821 mare.

591 1941 687 1996 Die
716 1941 780 1996 18
808 1943 1023 2012 vesperi
1071 1953 1194 2014 post
1218 1944 1388 1999 solem
1438 1944 1642 2000 occidit
1702 1943 1980 2005 Perseus,
2030 1952 2088 1996 et

521 2034 696 2102 spirat
734 2039 937 2087 auster.

593 2122 690 2179 Die
717 2123 787 2176 27
822 2124 1139 2180 Euctemoni
1175 2123 1471 2196 Delphinus
1497 2125 1840 2194 vespertinus
1868 2122 2086 2177 occidit.

521 2215 746 2287 Calippo
772 2215 984 2270 Cancer
1010 2217 1212 2273 desinit
1239 2219 1521 2284 occidere;
1553 2225 1639 2273 est
1667 2223 1980 2286 tempestas.

592 2307 894 2377 Aquarium
923 2316 1164 2377 permeat
1190 2309 1276 2365 sol
1305 2309 1497 2365 diebus
1524 2309 1612 2364 30.

591 2487 686 2542 Die
715 2487 748 2540 2
778 2486 888 2541 Leo
916 2485 1106 2556 incipit
1133 2486 1417 2552 occidere,
1451 2485 1509 2540 ﬁt
1539 2487 1742 2558 pluvia.
1779 2487 2089 2546 Democrito

519 2577 696 2632 hiems
721 2577 956 2634 exsistit.

588 2671 684 2725 Die
709 2670 744 2724 4
774 2668 996 2724 Eudoxo
1030 2667 1330 2740 Delphinus
1361 2670 1575 2740 vesperi
1603 2670 1820 2726 occidit.

587 2841 687 2896 Die
740 2843 797 2895 11
850 2841 1074 2896 Eudoxo
1117 2841 1257 2913 Lyra
1314 2843 1525 2914 vesperi
1575 2844 1796 2899 occidit.
1862 2844 2088 2900 Exsistit

519 2933 722 3003 pluvia.

589 3025 684 3080 Die
711 3025 777 3079 14
806 3025 1032 3082 Eudoxo
1064 3026 1330 3082 serenitas
1351 3067 1367 3091 ,
1397 3027 1668 3084 interdum
1694 3029 1855 3083 etiam
1881 3028 1972 3082 ﬂat
1999 3045 2087 3085 ze-

517 3119 743 3189 pbyrns.

587 3209 681 3264 Die
717 3209 782 3264 16
819 3209 1128 3265 Democrito
1161 3212 1430 3283 zephyrus
1465 3211 1655 3283 incipit
1685 3211 1850 3279 ﬂare,
1883 3220 1938 3266 et
1964 3228 2080 3266 ma-
2109 3210 2154 3270 C

516 3315 603 3357 net
636 3317 734 3372 per
764 3302 883 3357 dies
911 3302 982 3356 45
1011 3319 1041 3356 a
1071 3304 1545 3358 conversionibus.

590 3393 686 3449 Die
707 3395 770 3446 17
793 3394 1114 3450 Euctemoni
1139 3404 1352 3464 tempus
1371 3404 1455 3449 est
1489 3404 1546 3449 ut
1599 3395 1768 3464 spirct
1793 3393 2078 3464 zephyrus.

514 3485 741 3556 Calippo
770 3487 1045 3555 Aquarius
1073 3487 1284 3542 medius
1308 3489 1492 3541 oriens
1520 3495 1604 3541 est
1625 3507 1640 3552 ;
1665 3486 1756 3538 [lat
1791 3487 2076 3556 zephyros.

587 3576 682 3630 Die
705 3577 777 3630 25
801 3577 1120 3632 Euctemoni
1148 3578 1358 3647 vesperi
1385 3577 1621 3642 occidit,
1647 3585 1700 3631 et
1724 3577 1941 3646 insuper
1967 3593 2080 3630 ma-

515 3683 621 3737 gna
651 3679 735 3723 est
769 3676 1081 3737 tempestas.

581 3757 769 3812 Pisces
804 3758 885 3811 sol
919 3758 1188 3828 percurrit
1222 3757 1415 3812 diebus
1450 3759 1533 3812 50.

583 3849 679 3905 Die
710 3851 745 3902 2
781 3859 992 3921 tempus
1023 3861 1106 3906 est
1154 3851 1499 3906 hirundinem
1534 3866 1796 3920 apparere
1819 3891 1832 3911 .
1873 3856 1927 3904 et
1967 3851 2078 3921 spi-

514 3951 636 3996 rant
665 3943 939 4007 ornithize,
981 3960 1075 3998 seu
1112 3945 1259 3998 venti
1296 3945 1509 3998 aviarii.
1545 3945 1771 4014 Calippo
1803 3943 1908 3998 Leo
1937 3943 2078 3998 desi-

511 4035 592 4089 nit
618 4034 898 4098 occidere,
931 4044 984 4090 et
1026 4036 1261 4091 hirundo
1292 4043 1550 4106 apparet,
1581 4036 1867 4106 signiﬁcat.

582 4125 678 4180 Die
723 4126 757 4179 4
813 4126 1120 4182 Democrito
1160 4129 1293 4181 varii
1339 4135 1468 4182 sunt
1509 4127 1624 4182 dies
1677 4128 1770 4196 qui
1816 4136 2076 4191 vocantur

507 4219 624 4276 dies
651 4221 998 4290 halcyonnm.
1027 4221 1252 4276 Eudoxo
1276 4221 1543 4276 Arcturus
1569 4222 1778 4291 vesperi
1800 4221 1995 4285 oritur,
2023 4231 2076 4276 et

505 4313 723 4366 exsistit
752 4313 960 4381 pluvia,
1000 4313 1236 4366 hirundo
1280 4320 1536 4381 apparet,
1571 4319 1627 4366 et
1661 4327 1755 4381 per
1787 4319 2074 4380 sequentes

509 4403 627 4457 dies
649 4403 718 4456 50
740 4404 914 4457 borea:
936 4405 1180 4473 spirant,
1213 4412 1268 4456 et
1293 4403 1525 4469 maxime
1558 4403 1634 4456 illi
1673 4401 1766 4472 qui
1817 4401 2074 4456 dicuntur

504 4497 859 4566 proornithia:
880 4539 892 4558 ,
929 4512 1024 4551 seu
1058 4496 1204 4550 venti
1236 4495 1578 4549 anteaviarii.

576 4586 672 4640 Die
701 4587 766 4639 l2
794 4585 1106 4640 Euctemoni
1130 4587 1396 4654 Arcturus
1417 4587 1630 4656 vesperi
1651 4587 1844 4651 oritur,
1866 4592 1919 4639 et
1939 4583 2070 4636 Vin-

503 4677 768 4733 demiator
795 4677 853 4730 tit
885 4692 1176 4746 apparens.
1209 4675 1438 4746 lnsuper
1469 4675 1560 4730 ﬂat
1594 4676 1826 4745 frigidus
1856 4675 2070 4729 boreas.

571 4850 681 4919 39
704 4847 801 4902 Die
833 4850 899 4902 14
925 4848 1230 4904 Democrito
1252 4846 1434 4924 frigidi
1463 4847 1594 4902 ﬂant
1623 4851 1769 4905 venti
1799 4849 1890 4917 qui
1922 4847 2073 4900 orni-

506 4939 634 4992 thia:
661 4949 950 5004 vocantur,
976 4955 1072 5008 per
1097 4938 1213 4993 dies
1250 4938 1484 4993 maxime
1516 4955 1726 4994 novem.
1753 4937 2070 4992 Euctemoni

502 5027 688 5099 Equus
721 5046 880 5085 mane
911 5030 1112 5084 occidit
1139 5047 1154 5083 :
1190 5031 1411 5102 insuper
1440 5031 1669 5102 frigidus
1696 5031 1788 5086 llat
1818 5033 2032 5086 boreas.

573 5120 668 5174 Die
696 5122 762 5174 17
790 5119 1012 5173 Eudoxo
1035 5119 1249 5174 exsistit
1275 5127 1589 5188 tempestas,
1615 5129 1666 5175 et
1691 5123 1886 5175 milvus
1909 5135 2069 5189 appa.

498 5219 602 5266 ret.
627 5209 852 5279 Calippo
874 5209 1110 5265 Piscium
1134 5211 1388 5266 australis
1409 5211 1604 5276 oritur,
1627 5213 1828 5268 desinit
1851 5213 2062 5266 boreas.

570 5391 666 5448 Die
701 5392 764 5445 2i
811 5391 1034 5445 Eudoxo
1069 5393 1284 5448 Corona
1313 5395 1522 5464 vesperi
1557 5393 1752 5456 oritur,
1797 5393 2063 5462 incipiunt

495 5483 749 5536 ornithize
780 5482 1008 5551 spirare.

565 5573 662 5629 Die
697 5575 768 5628 22
807 5574 1120 5630 Euctemoni
1160 5576 1357 5631 milvus
1398 5586 1637 5646 apparet,
1665 5577 1914 5632 ornithia:
1946 5579 2059 5648 spi-

495 5673 615 5716 rant
646 5681 819 5736 usquc
852 5663 917 5716 ad
945 5667 1348 5736 aequinoctium.

581 5781 625 5811 ’°
661 5779 1001 5851 gp.dxp6w£
1041 5783 1260 5853 ubique.

2181 587 2401 641 τέλλων.
2427 587 2637 658 Τροπαὶ
2659 586 2981 656 χειμεριναὶ,
3005 586 3292 656 χειμαίνει.

2265 682 2354 733 Ἐν
2377 680 2434 733 δὲ
2474 681 2540 750 τῇ
2575 677 2617 748 β’
2649 679 2952 747 Εὐκτήμονι
2991 677 3183 745 Δελφὶς
3224 676 3509 744 ἐπιτέλλει,
3534 679 3706 748 χειμαί-

2182 790 2278 826 νει.

2267 861 2354 914 Ἐν
2401 859 2462 912 δὲ
2487 861 2553 929 τῇ
2602 859 2640 910 δ’
2668 859 2877 930 Εὐδόξῳ
2921 851 3121 931 τροπαὶ
3167 859 3488 930 χειμεριναὶ,
3534 860 3708 929 χειμιιξ-

2180 969 2280 1005 νει.

2269 1045 2356 1097 Ἐν
2400 1044 2457 1097 δὲ
2492 1047 2557 1116 τῇ
2602 1047 2644 1109 ζ’
2680 1044 2988 1114 Εὐκτήμονι
3035 1042 3218 1106 Ἀετὸς
3259 1041 3506 1110 ἑσπέριος
3542 1042 3705 1105 δύεται,

2185 1136 2278 1189 καὶ
2305 1137 2592 1206 χειμαίνει.

2266 1225 2354 1277 Ἐν
2387 1225 2443 1277 δὲ
2473 1227 2537 1295 τῇ
2571 1223 2614 1277 θ’
2640 1222 2850 1293 Εὐδόξῳ
2885 1223 3154 1292 Στέφανος
3186 1223 3476 1293 ἀκρόνυχος
3514 1221 3653 1275 δύνει.

2266 1316 2353 1369 Ἐν
2373 1317 2429 1370 δὲ
2446 1319 2510 1386 τῇ
2533 1316 2596 1385 ιβ’
2613 1315 2937 1387 Δημοκρίτῳ
2960 1317 3108 1378 νότος
3124 1319 3263 1377 πνεῖ,
3371 1315 3445 1377 ὡς
3463 1314 3706 1366 ἐπιτέλλει.

2267 1408 2353 1460 Ἐν
2380 1407 2436 1460 δὲ
2466 1409 2529 1477 τῇ
2565 1408 2622 1460 ιδ’
2661 1407 2972 1477 Εὐκτήμονι
3007 1406 3168 1476 μέσος
3204 1406 3429 1476 χειμὼν.
3459 1407 3610 1468 Nm;
3633 1423 3708 1458 πο-

2183 1499 2276 1561 λὺς
2305 1500 2521 1552 ἐπιπνεῖ
2543 1499 2848 1569 χειμερινὸς
2871 1497 3014 1550 κατά
3044 1497 3334 1550 θάλασσαν.

2265 1591 2352 1644 Ἐν
2379 1591 2435 1644 δὲ
2461 1594 2528 1661 τῇ
2567 1598 2626 1643 ιε’
2657 1589 2932 1659 Καλίππῳ
2954 1589 3260 1658 Αῐγόκερως
3282 1587 3505 1658 ἄρχεται
3536 1587 3711 1640 ἀνατέλ-

2184 1683 2316 1746 λειν,
2356 1684 2527 1745 νότος.

2271 1777 2358 1828 Ἐν
2385 1775 2443 1828 δὲ
2478 1777 2540 1844 τῇ
2579 1780 2650 1838 ις’
2683 1773 2990 1843 Εὐκτήμονι
3019 1773 3166 1834 νότος
3198 1771 3472 1843 χειμέριος
3501 1769 3625 1824 κατὰ
3647 1771 3711 1823 Θά-

2119 1876 2162 1930 Β
2189 1869 2410 1922 λασσαν.

2274 1959 2361 2010 Ἐν
2413 1957 2470 2009 δὲ
2507 1958 2573 2026 τῇ
2609 1960 2677 2024 ιη’
2728 1953 3026 2024 ἀκρόνυχος
3053 1951 3291 2005 ἑπιδύνει
3323 1953 3351 2004 ὁ
3373 1951 3617 2022 Περσεὺς,
3643 1951 3710 2000 κεὶ

2188 2050 2337 2110 νότος
2366 2049 2506 2099 πνεῖ.

2273 2139 2360 2190 Ἐν
2391 2137 2447 2189 δὲ
2493 2139 2558 2207 τῇ
2607 2135 2687 2200 κζ’
2729 2135 3036 2204 Εὐκτήμονι
3071 2133 3262 2202 Δελφὶς
3301 2133 3545 2204 ἑσπέριος
3579 2131 3710 2183 δύνει.

2187 2229 2455 2298 Καλίππῳ
2482 2227 2752 2298 Καρκίνος
2777 2225 2933 2294 λήγει
2961 2225 3128 2277 δύνων
3147 2242 3160 2254 ·
3189 2225 3455 2294 χειμαίνει

2256 2319 2360 2372 Τὸν
2397 2318 2454 2372 δὲ
2491 2317 2769 2390 ’Υδροχόον
2816 2315 3196 2387 διαπορεύεται
3244 2317 3273 2368 δ
3317 2316 3466 2386 ἥλιος
3507 2317 3558 2368 ἑν
3603 2313 3709 2384 ήμέ-

2189 2428 2308 2482 ραις
2339 2409 2404 2462 λ’.

2271 2503 2356 2555 Ἐν
2390 2502 2486 2572 μὲν
2519 2497 2610 2554 οὖν
2647 2503 2712 2571 τῇ
2749 2500 2793 2570 β’
2815 2501 3090 2571 Καλίππῳ
3116 2499 3269 2554 Λέων
3298 2499 3517 2571 ἄρχεται
3546 2497 3710 2552 δύνεινο

2189 2594 2358 2648 ὐετία.
2394 2593 2717 2664 Δημοκρίτῳ
2749 2592 2986 2664 [ἄλοχος]
3021 2592 3246 2664 χειμών.

2269 2686 2356 2738 Ἐν
2385 2685 2442 2738 δὲ
2484 2687 2550 2756 τῇ
2599 2685 2640 2736 δ’
2679 2684 2860 2755 ἡμέρᾳ
2907 2684 3120 2754 Εὐδόξῳ
3163 2683 3360 2752 Δελφὶν
3379 2684 3649 2754 ἀκρόνυχος
3674 2678 3709 2707 τ’

2185 2778 2349 2832 δύνει.

2272 2871 2359 2922 Ἐν
2384 2868 2439 2921 δὲ
2462 2871 2528 2939 τῇ
2555 2874 2622 2920 ια’
2639 2865 2850 2936 Εὐδόξῳ
2883 2866 3035 2938 Λύρα
3059 2867 3351 2938 ἀκρόνυχος
3372 2863 3710 2924 δύνει.’Υετός.

2273 3028 2360 3081 Ἐν
2399 3029 2454 3080 δὲ
2489 3031 2552 3100 τῇ
2596 3029 2653 3082 ιδ’
2686 3027 2900 3098 Εὐδόξῳ
2947 3027 3123 3081 εὐδίαο
3173 3028 3343 3081 ἑνίοτε
3388 3029 3479 3080 καὶ
3512 3025 3714 3089 (seum;

2188 3123 2328 3177 πνεῖ.

2269 3213 2356 3266 Ἐν
2396 3213 2452 3265 δὲ
2479 3215 2543 3284 τῇ
2581 3219 2653 3277 ις’
2681 3213 3007 3284 Δημοκρίτῳ
3045 3211 3276 3282 ζέφυρος
3322 3213 3470 3264 πνεῖν
3501 3209 3714 3279 ἄρχεται,

2183 3303 2274 3357 καὶ
2315 3305 2620 3375 παραμένει
2647 3305 2862 3374 ἡμέρας
2892 3310 2938 3372 γ’
2965 3305 3057 3356 καὶ
3093 3302 3144 3374 μ’
3176 3304 3284 3356 ἀπὸ
3318 3301 3547 3375 τροπῶν.

2267 3397 2353 3447 Ἐν
2391 3396 2447 3448 δὲ
2493 3401 2560 3467 τῇ
2591 3396 2651 3461 ιζ’
2677 3397 2984 3467 Εὐκτήμονι
3025 3396 3254 3467 ζέφυρος
3298 3399 3438 3449 πνεῖ.
3479 3393 3706 3455 Καλίππῳ

2193 3487 2472 3558 ’Υδροχόος
2507 3490 2667 3559 μέσος
2697 3490 3028 3542 ἀνατέλλων⁹
3067 3488 3298 3560 ζέφυρος
3328 3491 3464 3541 πνεῖ.

2265 3583 2352 3634 Ἐν
2378 3582 2433 3634 δὲ
2456 3585 2519 3653 τῇ
2556 3583 2632 3634 κε’
2666 3584 2972 3653 Εὐκτήμονι
3000 3583 3250 3654 ἑσπέριος
3279 3581 3423 3635 δύνει
3443 3598 3454 3610 '
3493 3579 3578 3634 καὶ
3603 3574 3703 3646 σφὸ·

2179 3672 2278 3745 δρα
2307 3674 2671 3743 ὲπιχειμάζει.

2250 3765 2389 3828 Τοὺς
2409 3765 2465 3817 δὲ
2493 3765 2698 3835 Ἰχθύας
2719 3768 2747 3818 ό
2769 3767 2918 3837 ἥλιος
2941 3765 3321 3838 διαπορεύεται
3345 3767 3402 3818 ἑν
3422 3763 3635 3834 ἡμέραις
3653 3758 3702 3811 λ’·

2261 3857 2348 3909 Ἐν
2378 3857 2477 3926 μὲν
2503 3853 2594 3910 οὖν
2620 3861 2685 3928 τῇ
2724 3858 2767 3928 β’
2791 3859 3032 3928 χελιδόνα
3060 3859 3179 3930 ὥρα
3205 3855 3504 3926 φαίνεσθαι,
3533 3853 3614 3906 καὶ
3636 3853 3686 3918 ὄρ

2178 3947 2342 4002 νιθίαι
2377 3951 2615 4008 πνέουσι.
2655 3950 2928 4022 Καλίππῳ
2961 3952 3017 4005 δὲ
3049 3952 3200 4004 Λέων
3229 3949 3400 4003 δύνων
3439 3947 3598 4016 λήγει,
3632 3942 3700 3995 ui

2178 4040 2398 4110 χελιδὼν
2426 4041 2691 4108 φαίνεται,
2730 4042 2891 4112 ἐπιση
2901 4043 3095 4113 μαίνει.

2261 4134 2347 4185 Ἐν
2387 4133 2445 4186 δὲ
2476 4135 2542 4203 τῇ
2591 4133 2630 4184 δ’
2665 4133 2990 4205 Δημοκρίτῳ
3036 4133 3278 4187 ποικίλαι
3321 4134 3520 4206 ἡμέραι
3563 4127 3695 4198 γίνον-

2177 4241 2264 4276 ται
2310 4225 2616 4287 ἀλκυονίδες
2662 4225 3016 4294 καλούμεναι.
3061 4225 3274 4294 Εὐδόξῳ
3324 4226 3380 4278 δὲ
3426 4219 3697 4295 ’Δρκτοῦρος

2177 4314 2473 4384 ἀκρόνυχος
2505 4315 2791 4377 ἐπιτέλλει,
2818 4317 2912 4367 καὶ
2949 4315 3099 4378 ὑετὸς
3141 4317 3370 4382 γίνεται,
3407 4317 3492 4368 καὶ
3515 4307 3697 4382 χελιδὼν

2177 4407 2454 4476 φαίνεται·
2495 4409 2588 4460 καὶ
2629 4407 2728 4469 τὰς
2768 4408 3040 4477 ἑπομένας
3076 4408 3286 4479 ἡμέρας
3329 4407 3370 4458 λ’
3404 4405 3570 4477 βορέαι
3607 4397 3695 4451 πνὲ-

2176 4515 2315 4559 ουσι,
2353 4498 2444 4550 καὶ
2486 4497 2716 4567 μάλιστα
2743 4498 3151 4570 οἰπροορνιθίαι
3175 4499 3507 4568 καλούμενοι.

2259 4587 2346 4638 Ἐν
2369 4586 2425 4638 δὲ
2453 4591 2519 4658 τῇ
2553 4587 2618 4656 ιβ’
2647 4587 2954 4656 Εὐκτήμονι
2991 4587 3320 4659 Ἀρκτοῦρος
3348 4587 3580 4655 ἑσπέριος
3608 4583 3694 4632 ἑπιο

2173 4675 2368 4739 τέλλει,
2400 4677 2494 4731 καὶ
2531 4677 2922 4748 Προτρυγητὴρ
2967 4679 3222 4748 ἐκφανής.
3270 4678 3509 4730 Ἐπιπνεῖ
3539 4671 3698 4743 βορέας

2171 4767 2396 4837 ψυκρὸςο

2253 4858 2339 4909 Ἐν
2367 4857 2422 4910 δὲ
2447 4861 2511 4928 τῇ
2548 4856 2608 4910 ιδ’
2634 4857 2960 4928 Δημοκρίτῳ
2994 4859 3182 4928 ἄνεμοι
3211 4858 3426 4911 πνέουσι
3451 4851 3636 4924 ψυχροὶ»
3655 4846 3693 4896 οἶ

2171 4949 2404 5020 ὀρνιθίαι
2436 4949 2780 5020 καλούμενοι,
2822 4950 3034 5020 ἡμέρας
3067 4951 3301 5020 μάλιστα
3333 4950 3392 5002 0'.
3430 4945 3691 5012 Εὐκτήμονι

2165 5042 2221 5094 δὲ
2242 5043 2435 5106 Ἵππος
2467 5043 2601 5113 ἑῷος
2629 5041 2769 5094 δύνει
2795 5059 2808 5071 ο
2843 5043 3062 5095 ἐπιπνεῖ
3091 5042 3283 5112 βορέας
3304 5038 3516 5111 ψυχρός.

2247 5131 2334 5182 Ἐν
2365 5131 2421 5183 δὲ
2446 5135 2510 5202 τῇ
2541 5131 2602 5194 ιζ’
2629 5130 2839 5199 Εὐδόξῳ
2873 5149 2955 5200 χει
2967 5131 3166 5201 μαίνει.
3193 5132 3289 5184 καὶ
3337 5131 3524 5187 ἰκτῖνος
3542 5119 3691 5192 φαῖνε·

2164 5239 2275 5275 ται.
2318 5223 2592 5292 Καλίππῳ
2614 5221 2722 5274 τῶν
2757 5221 2979 5290 ,Ἰχθύων
3025 5225 3051 5274 ὁ
3079 5223 3226 5284 νότος
3249 5223 3292 5252 ⁷³
3322 5217 3593 5272 emam-
3617 5208 3689 5275 λήο

2165 5328 2249 5379 γει
2273 5312 2480 5383 βορέας.

2251 5404 2337 5455 Ἐν
2362 5404 2417 5456 δὲ
2445 5408 2511 5474 τῇ
2545 5400 2628 5455 κα⁹
2653 5402 2861 5472 Εὐδόξῳ
2897 5404 3166 5472 Στέφανος
3209 5403 3492 5473 ἀκρόνυχος
3514 5387 3687 5448 ἐπιτέλ-

2167 5491 2245 5544 λει
2265 5508 2278 5522 ·
2304 5493 2558 5563 ἄρχονται
2593 5491 2823 5562 ὀρνιθίαι
2853 5493 3124 5556 πνέοντες.

2247 5585 2333 5636 Ἐν
2369 5585 2424 5637 δὲ
2455 5589 2520 5656 τῇ
2558 5583 2640 5652 κβ’
2675 5583 2982 5654 Εὐκτήμονι
3052 5588 3246 5652 ἰκτῖνος
3293 5582 3541 5653 φαίνεται,
3569 5571 3686 5643 69V“

2166 5671 2273 5726 Dia:
2299 5675 2514 5729 πνέουσι
2554 5674 2742 5745 μέχρις
2771 5676 3074 5748 ἰσημερίας.

1351 5781 1392 5811 τι
1429 5781 1468 5849 f.
1503 5781 1691 5844 νότιος,
1727 5779 1799 5834 al.
1835 5781 2052 5848 ἀλοπος.
2156 5831 2161 5838 .
