3786 6332
110 307 201 364 865
1106 301 1341 360 GEMINI
1379 301 1749 360 ELEMENTA
1790 302 2277 361 ASTRONOMIz‘E.
3221 304 3326 361 866

181 420 264 474 Ἐν
294 418 351 472 δὲ
381 419 450 489 τῇ
484 415 565 471 κον
598 414 908 488 Εὐκτήμονι
935 416 1029 471 τοῦ
1063 418 1329 489 Σκορπίου
1374 420 1422 472 οἱ
1455 419 1662 490 πρῶτοι

1833 419 1930 476 Die
1959 421 2030 477 29
2053 421 2369 477 Euctemoni
2397 420 2608 492 Scorpii
2631 420 2820 491 prima:
2852 419 3019 475 stella:
3046 417 3325 486 occidunt,

112 506 317 583 ἀστέρεξ
347 509 617 573 δύνουσιν,
651 510 871 562 ἑπιπνεί
899 509 1093 581 βορέας
1115 511 1342 583 ψυχρός.

868 514 871 524 ’
899 509 1093 581 βορέας
1115 511 1342 583 ψυχρός.
1766 512 1858 565 ﬂat
1888 513 2117 583 frigidus
2148 515 2363 569 boreas.

182 602 264 655 Ἐν
284 601 342 655 δὲ
373 604 442 673 τῇ
471 600 516 653 λ’
542 600 818 672 Καλίππῳ
844 601 953 653 τῶν
992 601 1208 673 Ἰχθύων
1237 606 1265 657 ὁ
1306 603 1512 675 βόρειος
1545 605 1664 656 ἐπι-

1834 604 1931 660 Die
1980 606 2050 661 50
2098 605 2323 677 Calippo
2368 604 2607 660 Piscium
2659 603 2892 659 borealis
2947 600 3148 658 desinit
3187 600 3329 656 occi-

112 693 290 747 τέλλων
327 691 507 763 λήγει,
551 693 748 755 ἰκτῖνος
780 693 1046 761 φαίνεται,
1076 692 1269 764 βορέας
1295 698 1434 750 πνεῖ.

1299 698 1434 750 πνεῖ.
1764 696 1892 753 dere
1916 713 1930 761 ;
1962 704 2183 768 apparet
2211 698 2427 760 milvus,
2455 696 2546 750 ﬂat
2580 697 2794 752 boreas.

174 784 273 837 Τὸν
304 783 361 836 δὲ
389 785 561 855 Κριὸν
588 784 964 855 διαπορεύεται
992 788 1022 839 ό
1048 786 1198 857 ήλιος
1216 788 1275 841 ἐν
1302 788 1537 861 ήμέραις
1561 790 1661 845 λα’.

1363 788 1537 861 ιέραις
1561 790 1661 845 λα’.
1833 787 2071 842 Arietem
2104 786 2402 858 pertransit
2431 787 2513 842 sol
2546 787 2740 843 diebus
2772 788 2858 842 51.

182 873 265 925 'Ev
288 873 387 942 μὲν
399 875 467 944 τῇ
497 872 687 947 πρώτῃ
707 869 981 946 Κᾶλίππῳ
1003 876 1294 948 σύνδεσμος
1316 878 1424 931 τῶν
1448 880 1665 951 Ἰχθύων

1837 877 1930 933 Die
1961 879 1986 931 1
2013 879 2237 949 Calippo
2266 879 2544 935 vinculum
2575 877 2811 934 Piscium
2838 878 3030 933 oritur.
3055 875 3143 932 Fit
3163 876 3332 949 tequi-

115 963 393 1017 ἀνατέλλει.
443 964 723 1036 Ἰσημερία
754 965 964 1037 ἐαρινὴ,
999 967 1090 1019 καὶ
1120 967 1293 1038 om;
1320 968 1488 1042 λεπτή
1509 988 1522 1000 ⁸
1552 988 1610 1041 χε

1835 968 2007 1023 ειίυῐη
2049 984 2300 1032 vernum,
2342 978 2397 1024 et
2451 968 2635 1038 pluvia
2678 969 2998 1036 minutula;
3039 983 3233 1040 magna
3270 954 3330 1023 ii't

118 1055 278 1125 μαίνει
310 1055 536 1126 σφόδρα,
568 1057 936 1127 ἐπισημαίνει.

907 1076 936 1112 ι.
1765 1065 2082 1128 tempestas,
2115 1058 2402 1129 signiﬁcat.

183 1149 268 1201 Ἐν
299 1148 355 1201 δὲ
387 1152 454 1221 τῇ
486 1148 536 1218 γ’
566 1150 840 1223 Καλίππῳ
868 1154 1034 1224 Κριὸς
1077 1155 1302 1227 ἄρχεται
1334 1157 1661 1213 ἐπιτέλλειν·

1837 1144 1933 1200 Die
1959 1145 1994 1199 5
2021 1144 2245 1217 Calippo
2274 1146 2433 1202 Aries
2469 1145 2659 1217 incipit
2690 1146 2827 1201 oriri
2856 1165 2870 1214 ;
2900 1146 3121 1203 exsistit
3149 1146 3329 1216 pluvia

115 1240 269 1304 ὑετὸς,
303 1240 336 1311 ἦ
360 1243 596 1310 νιφετός.

509 1243 596 1305 τός.
1766 1246 1861 1291 aut
1891 1236 2004 1293 nix.

186 1333 267 1385 'Ev
292 1333 349 1386 δὲ
378 1337 447 1404 τῇ
482 1341 535 1399 ς’
564 1335 773 1407 Εὐδόξῳ
806 1338 1082 1411 ίσημερία,
1114 1342 1265 1406 ὑετὸς
1298 1342 1521 1412 γίνεται.

1835 1328 1932 1385 Die
1960 1329 1994 1384 6
2020 1329 2246 1387 Eudoxo
2278 1337 2360 1387 est
2389 1332 2793 1401 mquinoctium,
2835 1331 2891 1386 tit
2921 1332 3118 1403 pluvia.

186 1425 270 1477 Ἑν
313 1424 371 1477 δέ
422 1428 491 1496 τῇ
520 1433 549 1479 ι’
587 1427 897 1498 Εὐκτήμονι
941 1431 1194 1498 Πλειάδες
1247 1434 1486 1506 ἑσπέριοι
1532 1436 1666 1509 κρύ-

1836 1420 1935 1476 Die
1976 1420 2043 1477 10
2075 1421 2394 1479 Euctemoni
2424 1421 2671 1479 Pleiades
2717 1424 2930 1494 vesperi
2968 1425 3328 1480 occultantur.

119 1530 343 1569 πτονται.

190 1604 270 1656 Ἐν
304 1604 361 1657 δὲ
383 1608 451 1676 τῇ
483 1614 550 1675 ιγ’
584 1607 797 1680 Εὐδόξῳ
824 1609 1076 1678 Πλειάδες
1102 1614 1389 1686 ἀκρόνυχοι
1419 1615 1614 1670 δύνουσ

1842 1598 1940 1655 Die
1988 1600 2056 1655 15
2105 1600 2335 1658 Eudoxo
2385 1601 2636 1659 Pleiades
2686 1605 2899 1674 vesperi
2954 1603 3243 1668 occidunt,
3281 1613 3334 1659 et

118 1695 202 1746 καὶ
237 1695 427 1766 Ὠρίων
457 1697 681 1769 ἄρχεται
709 1701 885 1755 δύνειν
911 1704 1018 1758 ἀπὸ
1049 1705 1346 1778 άκρονύχου
1365 1725 1379 1738 ⁸
1410 1709 1564 1773 ὑετὸς
1588 1727 1613 1778 γ

1840 1695 1937 1749 ’ἰοη
1972 1694 2163 1765 incipit
2207 1696 2460 1751 occidere
2504 1698 2816 1767 vespertino
2870 1712 3092 1753 occasu.
3146 1697 3335 1751 Pluvia

123 1800 274 1840 νεται.
310 1787 634 1860 Δημοκρίτῳ
678 1791 933 1857 Πλειάδες
976 1775 1307 1867 κρύπτονται
1364 1798 1480 1869 ἅμα
1537 1775 1618 1871 ήλί

1840 1784 2006 1840 sistit.
2037 1783 2349 1841 Democrito
2374 1784 2620 1842 Pleiades
2649 1786 2994 1842 occultantur
3026 1786 3190 1840 simul
3210 1800 3334 1839 cum

116 1874 399 1945 ἀνίσχοντι,
425 1878 523 1931 καὶ
551 1880 774 1948 ἀφανεῖς
798 1883 1035 1951 γίνονται
1066 1886 1267 1951 νύκτας
1299 1894 1374 1959 μ’.
1401 1940 1407 1948 ,

1772 1876 1888 1930 sole
1920 1876 2268 1943 ascendente,
2291 1884 2345 1933 et
2372 1893 2483 1932 non
2514 1889 2773 1949 apparent
2800 1893 2897 1948 per
2921 1885 3108 1965 noctes
3136 1876 3225 1932 40.

194 1968 276 2021 Ἐν
299 1969 357 2023 δέ
387 1974 453 2043 τῇ
497 1979 583 2026 κα⁸
618 1974 831 2047 Εὐδόξῳ
866 1978 1054 2043 Ὑάδες
1086 1980 1373 2052 ἀκρόνυχοι
1404 1983 1668 2041 δύνουσιν.

1582 2002 1668 2041 ην.
1844 1966 1940 2023 Die
1964 1967 2028 2022 21
2063 1966 2293 2025 Eudoxo
2317 1968 2533 2038 Hyades
2562 1971 2775 2040 vesperi
2805 1969 3077 2026 occidunt.

195 2061 277 2114 Ἐν
295 2061 352 2115 δὲ
378 2065 446 2135 τῇ
496 2072 581 2133 κγ’
607 2066 914 2138 Εὐκτήμονι
950 2071 1137 2135 Ὑάδες
1182 2074 1530 2146 κρύπτονται.
1580 2081 1673 2132 καὶ

1845 2057 1940 2114 Die
1977 2059 2048 2114 25
2083 2060 2399 2117 Euctemoni
2431 2060 2649 2131 Hyades
2672 2065 3033 2129 occultantur,
3055 2074 3109 2121 et
3131 2066 3337 2138 grando

128 2150 315 2218 χάλαζα
340 2153 661 2222 ἐπιγίνεται,
685 2159 778 2209 καὶ
802 2156 1028 2231 ζέφυρος
1051 2166 1190 2216 πνεῖ.
1213 2163 1484 2237 Καλίππῳ
1505 2169 1623 2237 Ζυγί

1848 2160 1899 2207 st
1927 2152 2162 2215 exsistit,
2187 2160 2242 2207 et
2266 2151 2357 2205 ﬂat
2383 2153 2676 2224 zephyros.
2705 2152 2930 2224 Calippo
2962 2153 3123 2210 Libra
3154 2156 3339 2227 incipit

120 2241 332 2313 ἄρχεται
361 2244 561 2308 δύνειν,
606 2247 844 2320 πολλαχῆ
875 2251 930 2303 δὲ
960 2254 1052 2305 καὶ
1079 2253 1305 2323 χάλαζα.

1765 2244 2044 2308 occidere,
2068 2244 2271 2313 passim
2305 2244 2519 2300 exsistit
2546 2252 2612 2326 et.
2628 2244 2853 2315 grando.

202 2336 281 2389 'Ev
302 2337 358 2389 δὲ
389 2341 454 2410 τῇ
493 2338 574 2404 κζ’
610 2339 826 2412 Εὐδόξῳ
872 2343 1024 2416 Λύρα
1057 2346 1351 2418 ἀκρόνυχος
1387 2350 1670 2406 ἐπιτέλλει.

1424 2352 1670 2406 πιτέλλει,
1844 2336 1941 2391 Die
1964 2336 2035 2390 27
2060 2336 2284 2392 Eudoxo
2309 2336 2449 2407 Lyra
2481 2340 2691 2407 vesperi
2726 2339 2919 2394 oritur.

193 2424 284 2479 Τὸν
306 2427 363 2480 δὲ
386 2427 599 2498 Ταῦρον
620 2430 1001 2504 διαπορεύεται
1027 2436 1057 2487 ὁ
1071 2435 1220 2507 ήλιος
1238 2440 1295 2490 ἑν
1315 2440 1548 2510 ήμέραις
1574 2443 1673 2514 λβ’.

1315 2440 1548 2510 ἡμέραις
1574 2443 1673 2514 λβι,
1845 2427 2083 2482 Taurum
2118 2429 2199 2483 sol
2224 2439 2476 2499 peragrat
2502 2428 2695 2486 diebus
2718 2431 2808 2485 52.

203 2517 286 2569 Ἑν
314 2520 412 2589 μὲν
446 2514 541 2573 οὖν
569 2524 636 2594 τῇ
678 2529 726 2575 α’
756 2525 937 2597 ἡμέρᾳ
959 2526 1174 2598 Εὐδόξῳ
1218 2529 1406 2601 Ὠρίων
1453 2535 1677 2605 ἀκρόνυ⁴

1843 2519 1939 2575 Die
1970 2520 1994 2572 1
2041 2519 2265 2575 Eudoxo
2296 2519 2462 2575 Orion
2491 2522 2705 2591 vesperi
2735 2522 2935 2577 occidit
2962 2565 2977 2588 ,
3011 2522 3069 2576 lit
3103 2523 3286 2593 pluvia
3319 2543 3332 2579 :

126 2627 213 2678 χος
230 2609 367 2665 δύνει
391 2628 405 2641 ⁸
439 2612 615 2669 ὑετία.
638 2614 910 2688 Καλίππῳ
931 2620 960 2672 ό
988 2619 1156 2691 Κριὸς
1177 2621 1330 2692 λήγει
1362 2626 1621 2683 ἐπιτέλλω

1843 2614 1999 2684 ιιίρρο
2036 2612 2193 2668 Aries
2235 2611 2437 2668 desinit
2478 2613 2661 2678 oriri;
2700 2612 2758 2667 ﬁt
2801 2615 3001 2683 pluvia,
3042 2623 3094 2669 et
3135 2617 3338 2685 passim

136 2699 298 2753 ὑετία·
333 2701 574 2774 πολλαχῆ
598 2703 655 2758 δὲ
676 2705 769 2758 καὶ
804 2706 1032 2776 χάλαζα.
1776 2708 2004 2779 ετθηάο·
2468 2776 2471 2779 .

207 2792 285 2845 Ἐν
309 2792 366 2845 δέ
395 2796 460 2865 τῇ
496 2793 540 2863 β’
568 2795 876 2868 Εὐκτήμονι
908 2799 1068 2853 Κύων
1109 2802 1423 2874 κρύπτεται,
1461 2809 1554 2862 καὶ
1584 2811 1680 2881 χά-

1850 2800 1946 2857 Die
1988 2800 2024 2855 2
2071 2797 2393 2857 Euctemoni
2445 2800 2611 2856 Canis
2658 2801 2985 2867 occultatur,
3027 2811 3081 2857 et
3133 2802 3341 2874 grando

134 2878 255 2945 λαξα
276 2884 504 2952 γίνεται,
536 2886 614 2957 Τῇ
640 2886 684 2939 δ’
711 2888 845 2961 αὐτῇ
891 2890 1045 2962 Λύρα
1076 2893 1121 2925 ⁷⁸
1155 2895 1419 2949 ἐπιτέλλει
1445 2878 1629 2970 Εὐδόξι

1848 2891 1997 2950 sistit
2038 2912 2052 2948 :
2101 2892 2289 2948 eodem
2329 2891 2419 2948 die
2467 2890 2609 2963 Lyra
2655 2891 2833 2945 oritur
2880 2891 3123 2946 Eudoxo.
3173 2891 3340 2948 Canis

134 2972 279 3028 Κύων
298 2975 599 3048 ἀκρόνυχος
635 2978 800 3045 δύνει,
843 2982 936 3035 καὶ
965 2982 1117 3046 ὑετὸς
1148 2983 1375 3053 γίνεται.
1409 2989 1629 3043 Καλίππ

1849 2986 1993 3055 speri
2028 2984 2250 3049 occidit,
2283 2991 2340 3039 et
2372 2984 2433 3039 ﬁt
2458 2985 2662 3055 pluvia.
2699 2982 2926 3055 Calippo
2957 2983 3121 3040 Tauri
3165 2985 3340 3040 cauda

133 3065 218 3118 τού
235 3069 437 3141 Ταύρου
462 3071 497 3141 ή
520 3070 718 3142 κέρκος
749 3073 1013 3129 ἐπιτέλλει
1033 3092 1047 3106 ⁸
1074 3077 1243 3133 νοτία.

1074 3077 1243 3133 νοτία.
1709 3132 1748 3142 _
1780 3077 1974 3140 oritur,
2006 3077 2220 3132 exsistit
2250 3076 2567 3133 humiditas.

210 3163 288 3217 Ἐν
391 3166 457 3236 τῇ
484 3132 542 3229 ’ζ’
570 3132 781 3237 Εὐδόξῳ
814 3167 967 3232 ὑετὸς
997 3169 1223 3237 γίνεται.
1703 3154 1705 3173 Α

1703 3132 1750 3190 c
1849 3132 2007 3224 Die'7
2043 3167 2268 3223 Eudoxo
2301 3169 2743 3239 exsistitpluvia.

210 3254 289 3308 Ἐν
316 3255 372 3308 δὲ
398 3258 466 3327 τῇ
489 3263 539 3328 η’
571 3257 879 3330 Εὐκτήμονι
904 3259 1002 3327 Αἲξ
1027 3259 1138 3332 ἑῴα
1162 3261 1470 3316 ἀνατέλλει⁸
1504 3262 1675 3316 εὐδία⁸

1849 3258 1946 3315 Die
1974 3260 2008 3315 8
2040 3261 2359 3316 Euctemoni
2387 3254 2564 3331 Capra
2597 3275 2758 3316 mane
2787 3267 3002 3327 Ol‘lllll';
3034 3259 3334 3325 serenitas;

137 3342 213 3397 ὐει
233 3347 361 3418 νότῳ
387 3346 562 3401 ὕδατι.

1778 3352 1916 3423 pluit
1953 3359 2159 3409 austro.

210 3438 286 3490 Ἐν
309 3439 362 3492 δὲ
393 3441 459 3511 τῇ
495 3439 538 3492 θ’
569 3440 780 3512 Εὐδόξῳ
803 3439 901 3506 Αἲξ
925 3440 1348 3513 ἑῴῶὲπιτέλλει.

1852 3442 1946 3499 Die
1974 3442 2011 3498 9
2034 3441 2259 3498 Eudoxo
2286 3441 2460 3512 Capra
2491 3457 2649 3498 mane
2677 3441 2872 3497 oritur.

213 3525 290 3579 Ἐν
327 3527 384 3582 δὲ
409 3531 478 3601 τῇ
503 3536 570 3583 ια’
612 3530 824 3603 Εὐδόξῳ
854 3533 1119 3604 Σκορπίος
1159 3535 1291 3607 ἑῷος
1320 3535 1494 3591 δύνειν
1516 3538 1678 3611 ἀρχε-

1851 3532 1947 3587 Die
1983 3533 2046 3587 11
2081 3531 2343 3603 Scorpius
2386 3534 2712 3587 matutinum
2746 3545 3001 3588 occasum
3040 3529 3218 3587 facere
3258 3532 3341 3586 in-

142 3632 237 3681 ut,
265 3621 355 3673 καὶ
377 3621 529 3684 ὑετὸς
551 3622 779 3691 γίνεται.

1780 3626 1934 3697 cipit,
1966 3633 2021 3681 et
2044 3625 2227 3695 pluvia
2256 3625 2493 3681 exsistit.

210 3711 291 3763 Ἐν
314 3712 369 3766 δὲ
394 3716 463 3785 τῇ
503 3719 572 3782 ιγ’
600 3715 906 3788 Εὐκτήμονι
934 3718 1133 3783 Πλειὰς
1170 3721 1434 3777 ἐπιτέλλει
1451 3738 1466 3755 ⁸
1492 3724 1679 3796 θέρους

1854 3718 1949 3773 Die
2004 3718 2069 3774 15
2121 3716 2441 3774 Euctemoni
2496 3716 2677 3774 Pleias
2730 3717 2951 3782 oritur;
3003 3716 3210 3772 astatis
3258 3725 3342 3771 est

146 3801 285 3875 ἀρχή,
307 3807 396 3859 καὶ
444 3808 815 3879 ἐπισημαίνει.
841 3810 1115 3883 Καλίππῳ
1140 3815 1173 3885 ή
1204 3814 1298 3870 τοῦ
1337 3815 1550 3889 Ταύρου
1591 3835 1641 3871 κε

1845 3809 2017 3876 itium,
2050 3820 2104 3865 et
2140 3811 2429 3884 signiﬁcat.
2470 3810 2697 3883 Calippo
2748 3809 2914 3865 Tauri
2951 3818 3114 3880 caput
3147 3809 3340 3873 oritur,

151 3896 271 3967 φαλὴ
302 3899 567 3954 ἐπιτέλλει
589 3917 603 3931 ⁸
638 3903 1004 3973 ἐπισημαίνει.

589 3917 603 3931 ⁸
638 3903 1004 3973 ἐπισημαίνει.
1780 3902 2073 3974 signiﬁcat.

218 3989 296 4043 Ἐν
319 3993 373 4045 δὲ
411 3996 478 4065 τῇ
518 3994 616 4065 μιᾷ
647 3995 743 4048 καὶ
777 3996 951 4050 εἰκάδι
989 3998 1201 4073 Εὐδόξῳ
1245 4002 1510 4077 Σκορπιος
1549 4007 1681 4077 ἑῷος

1854 3997 2034 4080 Die‘2l
2070 3996 2297 4053 Eudoxo
2323 3996 2584 4067 Scorpius
2608 4003 2757 4052 totus
2796 4010 2955 4051 mane
2980 3993 3203 4049 occidit.

150 4079 248 4138 ὅλος
269 4082 430 4138 δύνει.

198 4098 248 4146 ος
269 4098 430 4138 ουνει.

216 4175 293 4228 Ἐν
314 4177 368 4230 δὲ
383 4178 448 4248 τῆ
466 4176 549 4247 κβ’
575 4178 784 4251 Εὐδόξῳ
800 4180 1055 4245 Πλειάδες
1078 4183 1431 4252 ἐπιτέλλουσι,
1447 4189 1540 4241 καὶ
1563 4188 1682 4242 ἐπι-

1850 4177 1947 4233 Die
1976 4177 2047 4233 22
2078 4176 2302 4233 Eudoxo
2332 4176 2581 4234 Pleiades
2613 4177 2889 4242 oriuntur,
2918 4183 2972 4230 et
3010 4173 3337 4245 signiﬁcant.

151 4269 494 4338 σημαίνουσιν.
2374 4272 2379 4291 “

213 4363 293 4417 Ἐν
316 4364 371 4417 δὲ
401 4367 468 4435 τῇ
501 4370 580 4417 κε’
609 4365 914 4437 Εὐκτήμονι
955 4368 1134 4433 Ἀετὸς
1159 4371 1405 4442 ἑσπέριος
1429 4371 1593 4429 δύνει.

1851 4360 1948 4415 Die
1989 4360 2062 4416 25
2096 4357 2408 4414 Euctemoni
2438 4357 2630 4427 Aquila
2662 4355 2871 4426 vesperi
2895 4353 3111 4410 occidit.

213 4455 294 4507 Ἐν
321 4456 377 4509 δὲ
404 4460 473 4526 τῇ
503 4456 546 4509 λ’
571 4457 876 4528 Εὐκτήμονι
912 4460 1159 4530 ἑσπέριος
1191 4463 1473 4517 ἐπιτέλλει.

1353 4466 1473 4517 λλει,
1708 4475 1752 4530 ι)
1851 4452 1945 4507 Die
1974 4453 2044 4506 50
2073 4451 2385 4505 Euctemoni
2418 4450 2628 4520 vesperi
2655 4451 2848 4504 oritur.

212 4543 293 4595 Ἐν
310 4545 365 4598 δὲ
388 4548 455 4616 τῇ
476 4545 555 4599 λα’
576 4545 884 4616 Εὐκτήμονι
913 4548 1091 4612 Ἀετὸς
1126 4550 1376 4622 ἑσπέριος
1395 4551 1675 4607 ἐπιτέλλει.

1853 4542 1947 4599 Die
1972 4542 2035 4597 51
2066 4540 2382 4596 Euctemoni
2409 4540 2605 4611 Aquila
2640 4538 2850 4610 vesperi
2882 4536 3078 4593 oritur.
3287 4605 3291 4610 ε

214 4636 292 4690 Ἑν
314 4638 369 4692 δέ
394 4641 461 4709 τῇ
509 4638 588 4707 λβ⁹
619 4639 926 4711 Εὐκτήμονι
967 4642 1289 4714 Ἀρκτοῦρος
1332 4642 1466 4713 ἑῷος
1500 4644 1676 4697 δύνει⁸

1852 4636 1943 4691 Die
1976 4634 2044 4689 52
2084 4634 2402 4689 Euctemoni
2433 4634 2702 4688 Arcturus
2733 4647 2892 4687 mane
2918 4631 3140 4694 occidit,
3172 4629 3341 4700 signi-

152 4727 485 4807 ἐπισημαίνει.
529 4732 802 4804 Καλίππῳ
850 4734 880 4786 ὁ
926 4734 1136 4806 Ταῦρος
1160 4734 1314 4807 λήγει
1353 4737 1647 4791 ἀνατέλλων

1844 4737 1926 4782 :at.
1953 4725 2178 4797 Calippo
2214 4724 2430 4781 Taurus
2454 4726 2654 4781 desinit
2676 4725 2831 4780 oriri.
2855 4721 3170 4778 Euctemoni
3197 4719 3339 4792 Hya-

150 4802 428 4890 Εὐκτήμονι
475 4820 662 4885 Ὑάδες
688 4802 936 4893 ἑσπέριαι
971 4802 1357 4890 ἐπιτέλλουσιν,
1390 4827 1645 4899 ἐπισημαί

1284 4842 1357 4890 ἰν,
1390 4827 1682 4899 ἐπισημαί-
1780 4822 1876 4875 des
1909 4821 2120 4889 vesperi
2152 4818 2423 4885 oriuntur,
2454 4817 2779 4891 signiﬁcant.

150 4922 295 4964 νουσι.

207 4998 332 5063 Τούς
343 5000 400 5053 δὲ
414 5000 679 5071 Διδύμους
690 5001 873 5071 όῆλιος
882 5002 1252 5075 διαπορεύεται
1265 5006 1321 5057 ἐν
1337 5006 1566 5077 ήμεραις
1580 5007 1676 5077 λβ’.

1349 5006 1566 5077 ήμεραις
1580 5007 1676 5077 λβ’.
1851 5002 2111 5059 Geminos
2138 5003 2221 5058 sol
2260 5012 2502 5073 permeat
2532 5000 2725 5057 diebus
2757 4999 2844 5055 52.

215 5090 295 5143 ‘Ev
323 5092 418 5162 μὲν
460 5089 555 5147 οὖν
580 5095 646 5163 τῇ
691 5094 734 5163 β’
760 5093 1029 5165 Καλίππῳ
1077 5097 1127 5149 oi
1172 5096 1389 5166 Δίδυμοι
1429 5099 1680 5169 ἄρχονται

1852 5097 1949 5153 Die
1993 5098 2029 5152 2
2065 5098 2290 5168 Calippo
2342 5097 2556 5154 Gemini
2603 5098 2871 5169 incipiunt
2919 5094 3096 5163 oriri;
3127 5091 3339 5152 exsistit

154 5178 418 5238 ἐπιτέλλειν
435 5203 449 5216 ⁸
486 5185 656 5239 νοτία.

604 5202 656 5239 α.
1783 5191 2099 5246 humiditas.

220 5275 298 5328 Ἑν
320 5278 375 5332 δέ
400 5280 466 5350 τῇ
497 5283 540 5331 ε’
572 5277 785 5349 Εὐδόξῳ
830 5279 1017 5344 Ὑάδες
1044 5278 1173 5351 ἐῷαι
1208 5279 1588 5337 ἐπιτέλλουσιν.

1498 5299 1588 5337 τιν.
1852 5285 1947 5340 Die
1975 5285 2009 5339 5
2039 5283 2264 5339 Eudoxo
2292 5282 2506 5355 Hyades
2536 5298 2695 5338 mane
2725 5283 2993 5338 oriuntur.

221 5367 300 5419 Ἐν
322 5368 376 5422 δὲ
407 5372 472 5441 τῇ
505 5368 549 5433 ζ’
580 5370 791 5441 Εὐδόξῳ
835 5372 1013 5436 ’Λετὸς
1057 5371 1353 5443 ἀκρόνυχος
1395 5376 1677 5430 ἐπιτέλλει.

1467 5376 1677 5430 ιτέλλει.
1848 5377 1947 5433 Die
1986 5378 2016 5430 7
2048 5376 2274 5431 Eudoxo
2299 5375 2493 5447 Aquila
2518 5375 2729 5445 vesperi
2766 5374 2961 5429 oritur.

222 5457 301 5510 Ἐν
323 5460 376 5515 δὶ
403 5464 469 5532 τῇ
506 5469 536 5514 ι’
558 5463 878 5533 Δημοκρίτῳ
903 5463 1046 5534 ὕδωρ
1077 5462 1305 5532 γίνεται.

1850 5468 1948 5524 Die
1976 5468 2042 5521 10
2069 5466 2379 5523 Democrito
2409 5482 2548 5537 aqua
2579 5467 2816 5523 exsistit.

212 5546 301 5645 ,Ἐν
332 5549 387 5602 δὲ
417 5553 483 5619 τῇ
520 5550 590 5617 ιγ’
613 5548 823 5621 Εὐδόξῳ
862 5553 1185 5624 Ἀρκτοῦρος
1212 5551 1344 5619 ἑῷος
1378 5553 1519 5609 δύνει

1856 5559 1951 5617 Die
1978 5560 2043 5616 15
2063 5559 2288 5618 Eudoxo
2318 5559 2583 5617 Arcturus
2616 5574 2773 5615 mane
2802 5557 3021 5615 occidit.

244 5718 287 5753 τ’
318 5741 400 5792 π).
427 5726 520 5778 καὶ
550 5725 681 5779 αὐτὸ
714 5726 886 5797 Λύρα.
