3786 6346
177 380 266 449 ἐξ-ιι

998 359 1363 431 Proteum
1402 372 1486 427 ue
1516 361 1981 427 APPMtENTIIS
2017 357 2524 432 :NEnnAerUM.

3270 371 3377 429 878

238 509 324 564 κδ’.
352 494 493 580 Ὅρα
544 522 597 574 ιγ
638 505 666 557 6
716 503 774 556 ἑν
818 499 892 569 τῷ
935 495 1243 571 ἑμπροσθίῳ
1271 493 1426 564 δεξιῷ
1474 491 1713 563 βραχίονι

1886 488 1974 542 24.
2008 487 2153 543 liora
2207 505 2305 544 xm
2346 503 2467 560 quae
2506 490 2562 544 in
2610 487 2865 544 anteriori
2923 487 3116 543 dextro
3152 485 3377 542 brachio

182 601 255 657 τοῦ
299 597 611 669 Κενταύρου
653 593 937 647 ἐπιτέλλει.
980 590 1038 643 'O
1088 588 1248 659 μέσος
1285 585 1384 656 τῆς
1421 583 1593 652 ζώνης
1622 582 1713 636 τοῦ

190 696 414 769 Ὠρίωνος
439 693 572 762 ἑῷος
596 688 757 743 δύνει.
803 685 1008 738 Κῦνωνι
1038 680 1169 750 ἑῷος
1200 678 1364 731 δύνει.
1406 673 1718 744 Αἰγυπτίοις

180 789 428 861 χειμέριος
455 782 789 854 περίστασις.
818 776 1028 844 Εὐδόξῳ
1051 772 1240 844 βορέας
1266 769 1491 861 ψυχρός.

234 856 327 935 ιιεί
358 878 417 930 ’0
464 875 523 928 ἑν
563 872 640 943 τῷ
678 868 962 942 ἡγουμένῳ
998 862 1132 935 ὤμῳ
1152 863 1242 916 τοῦ
1285 860 1533 933 Ὠρίωνος
1580 856 1720 928 ἑῷος

173 970 331 1027 ’δύνειο
377 969 473 1023 καὶ
530 968 560 1020 6
617 961 946 1032 καλούμενος
1011 951 1273 1025 ’Δντάρης
1324 950 1610 1006 ἐπιτέλλει.
1662 950 1719 1003 '0

178 1061 399 1135 λαμπρὸς
423 1057 518 1113 τοῦ
540 1055 791 1127 Περσέως
812 1050 943 1121 ἑῷος
967 1046 1110 1102 δύνει
1135 1045 1460 1117 Εὐκτήμονι.
1486 1040 1720 1111 Δοσιθέῳ

176 1154 420 1227 ’χειμαίνεί
434 1170 449 1183 ·
472 1150 573 1204 ’καὶ
601 1139 775 1210 ὑετὸς.

232 1221 332 1310 ιίςκ
361 1244 503 1314 ’Ὠρᾳ⁵
535 1237 601 1309 ιγ’
608 1238 671 1291 S"
696 1238 726 1289 6
754 1237 811 1288 ἑν
832 1231 909 1304 τῷ
933 1229 1214 1302 ἡζουμένῳ
1238 1224 1376 1298 ὤμῳ
1409 1223 1503 1278 τοῦ
1534 1221 1721 1293 Ὠρίω-

177 1355 251 1402 νος
272 1337 519 1408 ἑσπέριος
554 1330 852 1388 ἀνατέλλει.
892 1327 949 1380 '0
976 1322 1221 1397 λαμπρὸς
1247 1321 1345 1391 τῆς
1378 1318 1559 1393 Δύρας
1589 1315 1721 1408 ἑῷος

179 1406 449 1481 ἀνατέλλει.
493 1424 554 1476 '0
586 1418 849 1490 ’Δντάρης
887 1412 1171 1469 ἑπιτέλλει.
1217 1408 1428 1481 Εὐδόξῳ
1463 1406 1718 1479 σημαίνει

181 1517 380 1588 N6594-

239 1608 331 1673 κζ’.
367 1607 426 1660 Ὀ
470 1603 729 1674 ’Δντάρης
774 1598 1057 1654 ἐπιτέλλει.
1100 1593 1260 1649 Κύων
1297 1591 1428 1663 ἑῷος
1458 1589 1623 1644 δύνει.
1663 1588 1720 1639 ’0

177 1697 405 1773 ’λαμπρὸς
435 1695 530 1753 τοῦ
563 1694 813 1768 Ὄρνιθος
838 1691 969 1763 ἑῷος
1002 1687 1313 1744 ἀνατέλλει·
1345 1684 1439 1740 καὶ
1484 1686 1513 1738 6
1549 1683 1608 1736 ἑν
1640 1680 1711 1751 τᾷ

182 1792 406 1864 ἑπομένῳ
445 1788 581 1860 ὤμῳ
615 1785 708 1840 τοῦ
746 1784 996 1859 Ὠρίωνος
1024 1781 1157 1851 ἑῷος
1196 1779 1359 1833 δύνει.
1402 1774 1719 1847 Αίγυπτίοις

1814 582 2072 637 Centauri
2124 590 2208 638 est
2262 584 2457 638 oritur.
2509 582 2679 637 Media
2733 598 2883 639 zonae
2926 580 3149 635 Orionis
3216 593 3377 633 mane

1816 675 2035 729 occidit.
2095 674 2302 732 Cononi
2341 691 2500 733 mane
2547 677 2767 733 occidit.
2841 673 3110 746 Egyptiis
3147 670 3376 726 hiberna

1817 766 1939 821 caeli
1978 767 2313 822 constitutio.
2343 766 2566 824 Eudoxo
2603 769 2797 823 boreas
2839 766 3090 837 frigidus.

1885 858 1974 914 25.
2015 858 2144 926 Quae
2171 860 2224 914 in
2250 860 2583 931 praecedente
2605 859 2822 917 Orionis
2847 862 3076 919 humero
3101 872 3381 930 est,mane

1818 949 2037 1005 occidit.
2061 950 2292 1006 Antares
2321 951 2515 1007 oritur.
2544 951 2747 1008 Lucida
2770 953 2954 1011 Persei
2983 970 3142 1011 mane
3174 955 3381 1011 occidit

1819 1040 2158 1101 Euctemoni.
2188 1044 2446 1101 Dositheo
2483 1045 2701 1107 hiemat.
2741 1062 2864 1102 cum
2903 1048 3106 1118 pluvia.

1885 1225 1976 1281 26.
1998 1224 2139 1281 Hora
2169 1241 2266 1280 xm
2292 1225 2393 1298 1/2
2409 1228 2597 1295 qmein
2613 1226 2950 1297 praecedente
2966 1226 3192 1281 humero
3214 1224 3380 1281 Orio-

1821 1320 1905 1376 nis
1942 1328 2029 1376 est
2065 1333 2289 1389 vespere
2329 1319 2522 1373 oritur.
2558 1317 2760 1374 Lucida
2792 1316 2943 1390 Lyra:
2980 1331 3139 1374 mane
3177 1319 3373 1374 oritur.

1819 1410 2051 1467 Antares
2077 1410 2272 1467 oritur.
2305 1407 2530 1465 Eudoxo
2549 1410 2898 1466 vehementer
2916 1409 3202 1481 signiﬁcat.

1887 1588 1978 1643 27.
2012 1587 2246 1643 Antares
2293 1586 2489 1644 oritur.
2537 1587 2704 1644 Canis
2724 1587 2903 1643 oritur
2938 1601 3117 1643 mane.
3168 1585 3378 1642 Lucida

1821 1679 1988 1752 Cygni
2016 1694 2175 1736 mane
2196 1679 2410 1742 oritur;
2457 1694 2579 1750 qum
2600 1678 2656 1733 in
2680 1678 3008 1734 succedente
3034 1677 3263 1733 humero
3292 1684 3379 1732 est

1822 1772 2039 1829 Orionis
2064 1787 2223 1829 mane
2252 1771 2473 1828 occidit.
2521 1769 2786 1843 Egyptiis
2821 1779 2876 1826 et
2905 1769 3216 1841 Hipparcho
3257 1784 3380 1828 crc-

183 1849 568 1959 ιιοὶὶἰππάργιρ
613 1879 763 1942 νότος
807 1849 1026 1939 πυκνός.
1068 1849 1278 1944 Εὐδόξῳ
1300 1913 1316 1938 ,
1360 1871 1567 1926 Κόνωνι
1610 1887 1722 1940 χει-

1852 1884 1917 1924 ιει·
1938 1876 2143 1924 auster.
2177 1866 2400 1922 Eudoxo
2427 1874 2483 1922 et
2516 1865 2727 1923 Gononi
2767 1864 2989 1920 hiemat.

185 1976 342 2047 μύζει.

245 2067 336 2138 κη’.
371 2067 429 2119 'O
454 2066 512 2119 ἑν
532 2062 611 2134 τῷ
631 2060 915 2134 ἡγουμένῳ
939 2056 1072 2131 ὤμῳ
1091 2055 1186 2111 τοῦ
1201 2056 1448 2128 Ὠρίωνος
1473 2052 1723 2124 ἑσπέριος

184 2158 463 2214 ἀνατέλλειο
491 2155 585 2210 καὶ
604 2156 633 2209 6
659 2154 751 2207 ἐπὶ
770 2152 868 2222 τῆς
896 2151 1136 2221 κεφαλῆς
1162 2148 1254 2202 τοῦ
1282 2147 1581 2218 ἡγουμένου
1613 2144 1723 2198 τῶν

184 2249 402 2319 Διδύμων
425 2246 675 2317 ἑσπέριος
721 2239 1020 2296 ἀνατέλλει.
1043 2239 1183 2310 ’Ὥρα
1208 2237 1336 2292 ta'S"
1364 2237 1392 2289 6
1422 2235 1584 2307 μέσος
1621 2233 1721 2303 τῆς

186 2343 338 2413 ζώνης
364 2340 455 2395 τοῦ
486 2339 736 2411 Ὠρίωνος
763 2335 896 2407 ἑῷος
930 2331 1096 2388 δύνει.
1136 2330 1192 2387 'O
1224 2330 1551 2404 καλούμενος
1573 2325 1726 2382 Ἀντ⁴

185 2433 304 2503 ἀρης
338 2430 623 2485 ἐπιτέλλει.
654 2425 967 2496 Αἰγυπτίοις
994 2424 1248 2495 ψακάζει.

245 2524 336 2579 ιιο’.
365 2524 502 2595 Ὦρα
560 2520 695 2591 ιγ’5⁹’
730 2522 758 2573 6
801 2518 964 2591 μέσος
1006 2516 1104 2588 τῆς
1131 2512 1304 2586 ζώνης
1345 2513 1437 2567 τοῦ
1475 2510 1724 2586 Ὠρίωνος

182 2614 477 2688 ἑῷοςδύνει.
494 2612 637 2685 ’Ὦρα
662 2618 724 2665 ιε’
742 2611 774 2664 6
796 2610 1123 2682 καλούμενος
1148 2607 1407 2679 Ἀντάρης
1423 2602 1721 2660 ἀνατέλλει.

248 2709 304 2763 λ’.
344 2708 399 2761 'O
448 2705 614 2778 μέσος
656 2705 755 2776 τῆς
798 2701 972 2773 ζώνης
989 2700 1082 2755 τοῦ
1123 2701 1372 2772 Ὠρίωνος
1413 2697 1545 2770 ἑῷος
1581 2695 1725 2750 δύνει

181 2800 289 2872 ὥρᾳ
319 2798 397 2863 ιδ’,
429 2799 525 2853 καὶ
567 2795 699 2853 δοὲν
741 2795 821 2867 τῷ
853 2794 1136 2867 ἡγουμένῳ
1181 2790 1313 2863 ὤμῳ
1342 2790 1435 2844 τοῦ
1477 2789 1725 2863 Ὠρίωνος

185 2892 412 2963 ἑσπέριος
432 2888 731 2945 ἀνατέλλει.
769 2888 908 2958 ’Ὠρᾳ
951 2885 1082 2941 ιε’8”
1122 2884 1216 2939 καὶ
1245 2885 1273 2936 6
1300 2883 1390 2937 ἐπὶ
1432 2882 1530 2954 τῆς
1552 2890 1725 2951 κεφαέ

187 2981 272 3055 λῆς
294 2984 381 3038 τοῦ
408 2982 675 3054 ἑπομένου
704 2980 937 3051 Διδύμου
964 2976 1217 3051 ἑσπέριος
1245 2972 1536 3031 ἀνατέλλει.

543 3093 685 3162 Μὴν
728 3092 926 3156 Χοιάκ,
972 3091 1333 3162 Δεκέμϐριος.

1888 2046 1980 2103 28.
2022 2043 2153 2113 Quae
2181 2045 2235 2100 in
2276 2029 2629 2102 antecedente
2660 2043 2877 2100 Orionis
2907 2043 3139 2100 humero
3176 2049 3261 2098 est
3296 2057 3386 2096 ve-

1821 2153 1980 2209 spere
2021 2138 2199 2195 oritur
2225 2158 2242 2193 ι
2281 2154 2401 2210 quae
2430 2139 2482 2193 in
2518 2138 2696 2209 capite
2738 2147 2821 2193 est
2864 2136 3236 2195 antecedentis
3276 2135 3385 2190 Ge-

1824 2230 2095 2286 minorum
2138 2244 2363 2300 vespere
2383 2231 2580 2286 oritur.
2630 2228 2776 2284 Hora
2813 2246 2883 2284 xv
2902 2228 3004 2300 1/2
3033 2228 3209 2284 media
3231 2243 3386 2283 zona:

1822 2326 2042 2385 Orionis
2091 2345 2252 2386 mane
2291 2331 2532 2388 occidit.
2580 2332 2812 2387 Antares
2862 2331 3058 2387 oritur.
3111 2331 3385 2403 Egyptiis

1820 2419 2063 2475 stillatim
2105 2422 2261 2492 pluit.
3010 2429 3019 2438 '

1893 2513 1985 2571 29.
2008 2512 2153 2568 Hora
2186 2530 2283 2568 xm
2303 2515 2405 2587 1/2
2422 2514 2599 2570 media
2629 2530 2781 2571 zonae
2803 2513 3024 2572 Orionis
3052 2530 3212 2571 mane
3237 2516 3384 2571 occi-

1824 2608 1928 2665 dit.
1957 2606 2105 2664 Hora
2139 2623 2208 2662 xv
2239 2608 2477 2662 Antares
2515 2607 2713 2661 oritur.

1893 2698 1983 2755 50.
2022 2697 2195 2753 Media
2232 2712 2384 2753 zona:
2408 2696 2627 2753 Orionis
2656 2713 2815 2754 mane
2847 2699 3044 2753 occidit
3090 2699 3224 2753 hora
3254 2715 3380 2763 xiv;

1824 2806 1946 2863 quae
1973 2790 2029 2845 in
2060 2790 2414 2846 antecedente
2439 2790 2667 2844 humero
2685 2789 2904 2847 Orionis
2921 2799 3004 2846 est
3025 2806 3248 2860 vespere
3274 2791 3385 2844 ori-

1825 2893 1938 2941 tur.
1964 2884 2107 2939 Hora
2133 2900 2203 2939 xv
2227 2883 2330 2953 1/2
2365 2890 2419 2938 et
2449 2899 2570 2954 qua:
2596 2886 2652 2938 in
2676 2884 2853 2955 capite
2873 2885 3255 2956 subsequentis
3282 2884 3386 2939 Ge-

1828 2980 2102 3035 minorum
2129 2986 2234 3041 est.
2269 2992 2497 3047 vespere
2527 2979 2724 3033 oritur.

2040 3092 2147 3165 45
2187 3091 2384 3147 Mensis
2417 3091 2623 3154 Chwac,
2647 3092 2738 3163 qui
2761 3102 2836 3147 est
2865 3091 3156 3153 December.

248 3193 309 3240 α’.
323 3187 458 3259 Ὥρα
485 3185 548 3238 ιδ’
569 3155 728 3238 Κύων
747 3155 917 3237 δύνει.
935 3183 1074 3254 Ὦρα
1094 3155 1148 3235 ιε’
1164 3155 1461 3252 δλαμπρὸς
1475 3178 1569 3233 τοῦ
1590 3181 1733 3251 Περ-

1900 3185 1949 3243 1.
1984 3155 2237 3240 Ποῖ-ξων
2251 3183 2414 3239 Canis
2442 3155 3026 3255 [matutinus]oceidil.
3045 3183 3189 3238 Hora
3217 3197 3285 3238 xv
3310 3184 3391 3237 lu-

185 3276 310 3340 σέως
330 3278 456 3347 ἑῷος
488 3275 655 3329 δύνει.
694 3274 1008 3343 Αἰγυπτίοις
1028 3273 1174 3337 νότος
1195 3273 1289 3326 καὶ
1310 3273 1482 3337 ὑετός.
1513 3272 1726 3344 Εὐδόξῳ

187 3366 401 3438 ἀκρασία
432 3367 627 3438 ἀέρων.
673 3364 905 3437 Δοσιθέῳ
938 3365 1305 3435 ἐπισημαίνει.
1332 3364 1658 3436 Δημοκρίτῳ
1696 3365 1726 3417 6

185 3456 391 3527 οὐρανὸς
418 3455 761 3530 ταραχώδης,
791 3456 884 3509 καὶ
917 3455 952 3526 ἡ
976 3453 1216 3509 θάλασσα
1244 3454 1320 3519 ὡς
1348 3453 1420 3511 τά
1439 3453 1625 3509 πολλὰ.

251 3636 310 3706 β’.
339 3637 477 3712 ’Ὠρᾳ
533 3646 604 3709 ιγ’
633 3642 662 3693 6
686 3639 744 3693 ὲν
775 3638 853 3711 τῷ
885 3637 1135 3709 ἑπομένῳ
1164 3636 1298 3710 ὤμῳ
1332 3636 1427 3693 τοῦ
1478 3638 1728 3712 Ὠρίωνος

192 3724 419 3801 ἑσπέριος
456 3731 756 3785 ἀνατέλλει.
784 3731 927 3803 Ὥρα
971 3730 1107 3799 ιγ’δη
1137 3731 1231 3784 καὶ
1271 3729 1447 3795 κοινὸς
1475 3732 1729 3804 Ποταμοῦ

191 3820 275 3873 καὶ
302 3822 447 3887 ποδὸς
511 3822 764 3894 Ὠρίωνος
810 3821 1088 3877 ἀνατέλλει
1136 3821 1403 3894 ἑσπέριος.
1431 3821 1573 3895 ’Ὦρα
1604 3824 1663 3878 ιδ’
1702 3825 1732 3878 6

192 3909 275 3962 ἐπὶ
321 3914 415 3983 τῆς
463 3913 704 3984 κεφαλῆς
730 3911 825 3966 τοῦ
875 3912 1176 3984 ἡγουμένω
1210 3913 1439 3985 Διδύμου
1478 3914 1734 3986 ἑσπέριος

193 4001 462 4058 ἀνατέλλει.
490 4007 632 4078 ’Ὠρᾳ
679 4004 817 4074 ιγ’ὃη
844 4006 939 4060 καὶ
963 4008 991 4059 6
1017 4006 1075 4060 ἑν
1096 4003 1176 4076 τῷ
1206 4005 1454 4077 ἑπομένῳ
1481 4004 1617 4078 ὤμῳ
1638 4007 1734 4061 τοῦ

204 4087 429 4160 Ὠρίωνος
450 4092 583 4164 ἑῷος
609 4092 781 4149 δύνει.
807 4094 945 4167 ’Ὥρα
978 4093 1041 4148 ιδ’
1068 4094 1098 4147 6
1119 4093 1371 4167 λαμπρὸς
1403 4094 1498 4150 τοῦ
1523 4095 1735 4170 βορείου

194 4178 437 4252 Στεφάνου
460 4185 714 4257 ἑσπέριος
743 4185 909 4241 δύνει.

251 4282 313 4344 γ’.
341 4278 477 4350 Ὥρα
497 4286 557 4335 ts?
575 4281 604 4332 6
633 4279 727 4333 ἐπὶ
742 4275 834 4331 τοῦ
855 4277 1159 4350 ἡγουμένου
1182 4277 1337 4351 ὤμου
1351 4277 1461 4336 τῶν
1490 4279 1740 4355 Διδύμων

194 4362 311 4434 £590;
342 4369 501 4424 δύνει.

251 4455 307 4511 δ’.
332 4460 467 4532 Ὦρα
514 4460 573 4515 ιδ’
600 4461 635 4513 6
652 4459 898 4532 λαμπρὸς
932 4460 1034 4530 τῆς
1065 4458 1249 4533 Δύρας
1278 4460 1413 4533 ἑῷος
1436 4463 1736 4529 ἀνατέλλει,

1824 3278 1949 3336 eida
1986 3276 2169 3333 Persei
2199 3275 2460 3330 matutina
2501 3275 2719 3328 occidit.
2762 3274 3033 3346 Egyptiis
3083 3281 3287 3338 auster,
3336 3281 3391 3329 et

1829 3369 2031 3443 pluvia.
2072 3367 2298 3424 Eudoxo
2344 3368 2487 3424 aeris
2519 3368 2887 3443 intemperies.
2933 3366 3191 3422 Dositheo
3223 3367 3393 3437 signi-

1829 3462 1973 3517 ﬂeat.
2022 3459 2334 3517 Democrito
2371 3460 2568 3517 ctelum
2606 3460 3000 3526 turbulentum,
3040 3465 3101 3515 ut
3129 3466 3182 3515 et
3241 3475 3393 3515 mare

1828 3551 2045 3626 saepius.

1897 3647 1953 3701 2.
1987 3644 2132 3702 Hora
2162 3657 2254 3701 xm
2283 3658 2408 3716 qum
2440 3651 2524 3702 est
2570 3643 2625 3698 in
2675 3642 2999 3700 succedente
3034 3641 3257 3698 Orionis
3290 3641 3397 3696 hu-

1830 3752 1983 3794 mero
2001 3737 2308 3809 vcspertina
2325 3737 2521 3791 oritur.
2541 3733 2682 3789 Hora
2700 3751 2795 3789 xm
2821 3734 2916 3805 1/2
2933 3733 3236 3799 (-ommmnis
3268 3730 3397 3786 Flu-

1830 3832 1921 3886 vio
1943 3838 1995 3886 et
2017 3827 2243 3885 Orionis
2277 3828 2399 3899 pedi
2427 3828 2603 3883 oritur
2648 3836 2890 3896 vespere.
2944 3821 3088 3879 Hora
3135 3839 3226 3879 xiv
3277 3839 3398 3894 quae

1830 3925 1891 3978 in
1922 3924 2097 3993 capite
2126 3920 2479 3994 przeeedentis
2508 3924 2592 3976 est
2620 3918 2972 3976 Geminorum
3017 3930 3241 3989 vespere
3285 3918 3400 3971 ori-

1834 4021 1943 4070 tur.
1978 4013 2121 4069 Hora
2138 4029 2232 4067 xm
2253 4012 2357 4084 1/2
2373 4028 2493 4083 quae
2519 4019 2602 4067 est
2619 4011 2671 4065 i’n
2691 4009 3015 4065 succedente
3044 4006 3261 4063 Orionis
3297 4006 3400 4060 bu-

1832 4113 1988 4161 mero
2031 4102 2302 4161 matutino
2355 4100 2574 4159 occidit.
2628 4099 2775 4157 liora
2822 4109 2915 4155 'xiv
2950 4095 3133 4154 lucida
3164 4098 3400 4154 horealZI

1836 4197 2067 4252 Corome
2093 4211 2317 4265 vespere
2345 4194 2567 4252 occidit.

1907 4280 1959 4343 3.
1990 4287 2136 4343 Hora
2166 4298 2235 4342 xv
2254 4298 2377 4357 quae
2404 4292 2489 4342 est
2518 4284 2575 4340 in
2606 4282 2939 4356 pmcedente
2966 4281 3199 4337 humero
3221 4280 3402 4338 Gemi-

1840 4394 2034 4434 norum
2070 4393 2229 4433 mane
2256 4375 2478 4433 occidit.

1911 4471 1965 4526 4.
1998 4470 2143 4526 Hora
2168 4484 2259 4526 xiv
2288 4468 2468 4525 lucida
2496 4467 2654 4539 Lyrae
2674 4481 2834 4521 mane
2865 4463 3066 4531 oritur,
3113 4475 3167 4521 et
3190 4481 3311 4538 qua:
3344 4464 3401 4520 in

194 4558 275 4600 καὶ
312 4553 337 4604 ὁ
388 4554 444 4605 ἑν
476 4554 553 4624 τῷ
583 4553 834 4624 ἑπομένῳ
882 4551 1016 4626 ὤμῳ
1058 4553 1153 4608 τοῦ
1197 4555 1448 4628 Ὠρίωνος
1482 4557 1736 4628 ἑσπέριος

1852 4563 2165 4621 succedente
2218 4561 2360 4619 inest
2410 4558 2629 4615 Orionis
2674 4558 2900 4613 humero
2936 4566 3160 4626 vespere
3206 4556 3400 4611 oritur.

194 4638 443 4698 ἀνατέλλει
461 4661 477 4677 ·
515 4646 612 4699 καὶ
635 4646 666 4697 6
685 4644 846 4716 μέσος
871 4646 969 4717 τῆς
984 4644 1158 4719 ζώνης
1180 4647 1275 4702 τοῦ
1307 4644 1553 4721 Ὠρίωνος
1580 4648 1739 4703 ἑσπέ-

198 4745 296 4797 ριος
321 4735 591 4789 ἀνατέλλει
609 4753 624 4768 ο
676 4736 771 4789 καὶ
797 4737 828 4788 6
856 4737 949 4790 ὲπὶ
973 4737 1069 4808 τῆς
1096 4739 1336 4810 κεφαλῆς
1352 4739 1446 4792 τοῦ
1470 4740 1737 4812 ἑπομένου

196 4820 414 4894 Διδύμων
456 4826 709 4898 ἑσπέριος
751 4826 1051 4884 ἀνατέλλει.
1088 4830 1405 4900 Αἰγυπτίοις
1444 4831 1735 4904 ζέφυροςὴ

197 4910 328 4977 νότος
350 4915 414 4969 δι’
441 4916 675 4989 ἡμέρας.
700 4917 907 4973 Κόνωνι
928 4921 1216 4991 χειμαίνει.

259 5010 314 5056 ε’.
349 5004 404 5058 'O
442 5006 771 5076 καλούμενος
794 5008 895 5073 Αἴξ
947 5011 1081 5081 ἑῷος
1104 5011 1251 5065 δύνει
1275 5028 1291 5046 ³
1321 5015 1416 5066 καὶ
1462 5014 1491 5066 6
1524 5011 1618 5067 ἑπὶ
1642 5014 1741 5085 τῆς

200 5092 416 5166 κεφαλῆς
437 5096 531 5150 τοῦ
557 5097 861 5168 ἡγουμένου
898 5099 1129 5171 Διδύμου
1157 5102 1408 5175 ἑσπέριος
1438 5104 1738 5158 ἀνατέλλει.

201 5178 344 5236 Κύων
392 5186 521 5257 ἑῷος
561 5187 727 5243 δύνει.
769 5189 827 5243 'O
870 5192 929 5244 ἑν
954 5194 1020 5263 τῇ
1054 5193 1261 5266 κεφαλῇ
1306 5194 1400 5248 τοῦ
1437 5196 1739 5267 ἡγουμένου

201 5269 407 5359 ἀιδύμου
452 5279 705 5351 ἑσπέριος
756 5280 1056 5338 ἀνατέλλει.
1104 5285 1362 5357 Καίσαρι,
1411 5287 1741 5359 Εὐκτήμονι,

201 5358 447 5435 Χαλίππῳ
477 5373 768 5442 χειμαίνει.

268 5460 333 5516 ς’.
372 5460 507 5531 Ὦρα
536 5462 668 5517 ιδ’δη
704 5466 732 5516 6
762 5464 821 5517 ἑν
849 5464 927 5536 τῷ
972 5466 1289 5539 ἑμπροσθίῳ
1330 5466 1606 5541 βατραχίῳ
1650 5470 1744 5523 τοῦ

204 5539 487 5631 unum.
535 5553 835 5611 ἐπιτέλλεισ
888 5557 921 5610 6
972 5558 1031 5612 ἑν
1070 5556 1148 5629 τῷ
1193 5539 1445 5629 ἑπομένῳ
1486 5539 1624 5631 ὤμῳ
1653 5559 1745 5614 τοῦ

220 5629 442 5707 ’θρίωνος
495 5645 799 5701 ἀνατέλλει.
828 5647 1174 5720 Μητροδώρῳ
1193 5649 1445 5721 χειμερία
1485 5629 1746 5724 περίστα-

209 5738 299 5789 Gtc.
327 5732 641 5807 Εὐκτήμονι,
670 5738 944 5811 Καλίππῳ
968 5739 1184 5812 ἀνέμων
1218 5742 1433 5809 ἀταξία.

270 5819 326 5886 ζ’.
358 5826 490 5900 Ὦρα
542 5830 672 5886 ιδ’5”
704 5833 735 5886 6
754 5831 929 5898 κοινὸς
959 5833 1210 5906 Ποταμοῦ
1240 5836 1333 5890 καὶ
1364 5836 1523 5904 ποδὸς
1549 5837 1743 5913 Ὠρίω-

1841 4654 2014 4711 Media
2039 4661 2194 4708 ranae
2227 4651 2444 4709 Orio‘uis
2469 4665 2694 4721 vespere
2720 4649 2912 4706 oritur.
2944 4648 3076 4716 Quae
3110 4657 3196 4705 est
3225 4649 3279 4703 in
3312 4663 3402 4703 ca-

1840 4745 1952 4816 pite
2017 4742 2357 4799 succedentis
2425 4740 2774 4797 Geminorum
2832 4737 3144 4811 vespertina
3206 4738 3401 4793 oritur.

1841 4835 2111 4908 Egyptiis
2156 4834 2426 4908 zephyrus
2476 4833 2561 4891 vel
2619 4834 2804 4890 auster
2860 4833 2979 4889 tota
3031 4832 3140 4890 die.
3193 4831 3405 4888 Cononi

1840 4929 2063 4985 hiemat.
3435 4990 3440 4995 .

1912 5018 1964 5073 5.
2009 5018 2185 5087 Capra
2217 5030 2376 5074 mane
2419 5016 2621 5074 occidit
2651 5034 2665 5072 :
2693 5024 2813 5088 quae
2848 5023 2935 5072 ‘est
2965 5017 3021 5073 in
3063 5016 3238 5089 capite
3272 5031 3410 5088 prae-

1844 5108 2087 5164 cedentis
2115 5107 2466 5163 Geminorum
2499 5117 2723 5179 Vespere
2777 5109 2974 5164 ‘oritur.
3019 5106 3185 5162 Canis
3234 5116 3409 5162 matu.

1842 5199 1992 5255 tinus
2018 5197 2259 5253 occidit:
2289 5212 2409 5268 qua:
2434 5204 2521 5254 est
2552 5198 2606 5252 in
2640 5198 2816 5269 capite
2849 5196 3205 5269 praecedentis
3230 5196 3413 5253 Gemi-

1846 5304 2041 5343 norum
2073 5302 2297 5358 vespere
2316 5289 2513 5345 oritur.
2549 5288 2773 5355 Caesari,
2810 5288 3152 5358 Euetemoni,
3186 5287 3414 5361 Calippo

1846 5378 2074 5434 hiemat.

1918 5470 1972 5526 6.
1996 5469 2141 5526 Hora
2166 5487 2258 5528 xlv
2275 5472 2378 5543 1/2
2391 5487 2512 5543 quae
2535 5480 2620 5530 est
2651 5474 2706 5529 in
2724 5474 2984 5530 anteriori
3012 5474 3262 5531 musculo
3276 5472 3418 5528 Cen-

1851 5564 1996 5619 tauri
2035 5564 2211 5619 oritur
2251 5584 2266 5621 :
2300 5580 2423 5637 quae
2462 5574 2546 5621 est
2578 5566 2635 5621 in
2683 5568 3010 5623 succedente
3053 5567 3275 5622 Orionis
3316 5565 3421 5618 hu-

1849 5672 2004 5711 mero
2058 5659 2254 5713 oritur.
2307 5658 2616 5714 Metrodoro
2657 5658 2885 5715 hiberna
2937 5659 3065 5716 εωιί
3109 5657 3417 5729 temperies.

1849 5747 2196 5815 Euctemoni,
2228 5749 2457 5822 calippo
2484 5756 2770 5807 ventorum
2798 5751 3185 5808 inconstantia.

1923 5843 1974 5899 7.
2009 5842 2150 5900 Hora
2180 5859 2270 5900 xxv
2292 5844 2393 5917 1/2
2407 5844 2712 5901 communis
2743 5842 2917 5900 Fluvii
2940 5852 2989 5900 cl
3023 5843 3175 5913 pedis
3205 5840 3430 5899 Orionis
