3786 6334
175 368 252 424 881
988 364 1358 426 ΡΤΟιΕΜίΕΙ
1392 369 1481 425 DE
1520 371 1721 428 APPAl

1876 371 1976 430 'liS
2017 370 2524 428 lNEBRANTIUM..

3271 362 3376 421 882

233 487 318 552 κζ’.
343 488 486 559 Ὦρα
514 492 583 556 ιγ’
608 486 897 559 όλαμπρδς
916 485 1008 540 τοῦ
1024 486 1210 541 Ἀετοῦ
1236 487 1553 560 κρύπτεται·
1573 489 1714 561 Προ-

1885 490 1975 544 2'7.
2012 488 2154 544 liora
2195 505 2292 544 xm
2324 488 2503 544 lucida
2530 483 2739 555 Aquila
2772 485 3096 541 occultatur.
3132 483 3379 555 Procyon

175 577 293 631 κύων
329 577 584 650 ἑσπέριος
606 577 901 632 ἀνατέλλει.

231 675 323 740 κη’.
366 669 426 723 ’0
446 671 505 723 ἐν
529 669 606 741 τῷ
634 669 882 742 ἑπομένῳ
896 668 1030 743 ὤμῳ
1041 669 1133 724 τοῦ
1147 670 1387 742 Ἠνιόχου
1404 670 1536 742 ἑῷος
1549 670 1711 724 δύνει.

181 759 230 814 '0
267 760 517 831 λαμπρὸς
560 760 653 813 τοῦ
703 760 878 815 νοτίου
934 761 1134 833 Ἰχθύος
1180 761 1500 834 κρύπτεται.
1547 763 1715 830 Δίγυ-

174 850 322 913 πτίοις
347 850 640 920 χειμαίνει.
678 850 891 905 Μέτωνι
918 852 1285 923 ἐπισημαίνει.
1320 851 1584 925 Ὄμϐρος.

227 940 318 992 κθ¹.
375 940 639 1012 Προκύων
669 944 920 1014 ἑσπέριος
954 944 1250 1000 ἀνατέλλει.
1280 945 1597 1013 Αἰγυπτίοις
1623 944 1717 999 καὶ

171 1031 361 1084 Μέτωνι
389 1033 760 1103 ἐπισημαίνει.
806 1036 1083 1107 Ἀκρασία.

226 1123 281 1176 λ’.
317 1124 460 1196 Ὥρα
494 1125 556 1179 ιδ’
585 1126 614 1179 6
653 1126 905 1200 λαμπρὸς
934 1128 1028 1181 τοῦ
1069 1128 1252 1183 ’Δετοῦ
1276 1130 1526 1202 ἑσπέριος
1547 1130 1710 1188 δύνει.

171 1215 466 1282 Αἰγυπτίοις
486 1214 599 1286 λὶψ,
632 1217 728 1270 καὶ
759 1217 997 1290 ἀκρασία
1022 1218 1196 1290 ἀέρος.
1230 1252 1233 1255 λ

530 1349 1079 1437 Μὴν-ιἰανουάριος,
1114 1352 1151 1422 ἣ
1188 1352 1343 1407 Τυόἰ.

231 1493 291 1544 α’.
319 1487 463 1559 Ὥρα
503 1487 563 1541 ιδ’
615 1487 777 1542 Κύων
836 1488 1084 1560 ἑσπέριος
1110 1488 1405 1544 ἀνατέλλει.
1460 1487 1721 1559 Προκύων

175 1572 405 1655 ἑσπέριος
434 1583 733 1638 ἀνατέλλει.
761 1584 1084 1655 Δημοκρίτῳ
1123 1582 1328 1655 χειμὼν
1349 1583 1719 1654 ἐπισημαίνει.

237 1770 292 1839 β’.
327 1767 386 1820 '0
434 1766 530 1819 ἐπὶ⁵
588 1764 687 1835 τῆς
736 1763 978 1835 κεφαλῆς
1017 1762 1112 1817 τοῦ
1158 1762 1458 1834 ἡγουμένου
1491 1763 1727 1835 Διδύμου

177 1862 294 1931 ἑῷος
313 1860 482 1912 δύνει.
522 1855 756 1926 Δοσιθέῳ
772 1854 1060 1925 χειμαίνει.

232 1960 298 2022 γ’.
334 1953 394 2005 ὐ
444 1950 693 2021 λαμπρδς
753 1947 847 2001 τοῦ
924 1947 1105 2001 Ἀετοῦ
1131 1947 1420 2001 ἐπιτέλλει.
1468 1947 1726 2020 Προκύων

172 2046 408 2118 ἑσπέριος
436 2042 736 2099 ἀνατέλλει.
759 2041 1018 2111 Φιλήμονι
1042 2040 1409 2112 ἐπισημαίνει.
1594 2024 1597 2029 ’

233 2137 289 2191 δ’.
315 2137 455 2210 Ὦρα
482 2141 548 2205 ιγ’
576 2135 604 2186 6
627 2133 875 2205 λαμπρὸς
888 2132 981 2186 τοῦ
1007 2132 1254 2205 Ὄρνιθος
1280 2132 1411 2204 ἑῷος
1429 2132 1724 2186 ἀνατέλλει.

183 2226 235 2280 '0
253 2227 340 2279 ἐπὶ
365 2227 463 2297 τῆς
491 2223 735 2294 κεφαλῆς
776 2223 869 2276 τοῦ
914 2223 1179 2293 ἑπομένου
1208 2222 1438 2293 Διδύμου
1481 2221 1612 2292 ἑῷος
1639 2220 1727 2274 δύο

174 2335 265 2373 νει.
303 2318 360 2373 '0
388 2317 639 2390 λαμπρὸς
655 2315 746 2370 τοῦ
785 2314 969 2369 ’Δετοῦ
1008 2314 1259 2388 ἑσπέριος
1297 2314 1462 2368 δύνει.
1510 2314 1566 2369 Ὁ
1590 2315 1729 2385 λαμ-

178 2409 298 2481 πρὸς
328 2406 419 2461 τοῦ
451 2407 626 2462 νοτίου
667 2404 868 2477 Ἰχθύος
899 2404 1218 2476 κρύπτεται.
1268 2405 1584 2474 Αἰγυπτίοις
1612 2422 1725 2476 χει-ι

177 2499 324 2572 μάζει
352 2497 492 2553 κατά
521 2497 813 2552 θάλασσαν.
859 2496 1165 2568 Εὐκτήμονι
1200 2494 1560 2567 ἐπιχειμάζει.

241 2686 297 2735 ε’.
328 2680 467 2753 Ὢρᾳ
498 2678 558 2732 ιδ
587 2677 721 2732 όὲπὶ
739 2677 837 2748 τῆς
869 2677 1110 2749 κεφαλῆς
1124 2674 1218 2730 τοῦ
1243 2676 1545 2748 ἡγουμένου
1571 2676 1728 2731 Διδύ-

182 2788 271 2841 μου
290 2771 420 2843 ἑῷος
435 2771 600 2826 δύνει.

241 2868 309 2927 ς’.
341 2862 479 2935 Ὦρα
505 2869 573 2932 ιγ’
602 2864 631 2916 6
659 2861 800 2916 κατὰ
830 2864 889 2917 τδ
908 2862 1034 2933 γόνυ
1057 2862 1151 2916 τοῦ
1181 2861 1408 2928 Τοξότου
1439 2862 1724 2916 ἐπιτέλλει.

180 2952 323 3007 Κύων
352 2954 605 3027 ἑσπέριος
634 2954 800 3008 δύνει.

240 3045 299 3111 ζ’.
330 3047 465 3119 Ὥρα
490 3053 551 3101 ιε’
584 3048 613 3100 6
646 3045 895 3118 λαμπρὸς
920 3044 1013 3100 τοῦ
1042 3045 1223 3100 ’Δετοῦ
1267 3047 1520 3120 ἑσπέριος
1559 3047 1723 3101 δύνει.

188 3138 363 3211 Ἐπιση
371 3139 550 3210 μαίνει
584 3139 661 3202 ὡς
697 3137 951 3211 Δοσιθέῳ.

235 3238 303 3304 η’.
334 3234 472 3305 Ὦρα
506 3232 566 3286 ιδ’
592 3235 622 3286 6
646 3232 738 3285 ἐπὶ
757 3232 856 3303 τῆς
895 3230 1139 3302 κεφαλῆς
1169 3231 1263 3286 τοῦ
1305 3232 1606 3305 ἡγουμένου
1644 3232 1732 3286 Δι-

178 3321 328 3394 δύμου
362 3323 496 3394 ἑῷος
542 3322 710 3388 δύνει,
742 3324 836 3376 καὶ
865 3324 894 3377 6
921 3323 1175 3394 λαμπρὸς
1201 3323 1297 3378 τοῦ
1319 3323 1492 3379 νοτίου
1534 3320 1734 3392 Ἰχθύος

182 3415 481 3486 κρύπτεται.
510 3415 829 3485 Αἰγυπτίοις
855 3416 1033 3488 πυκνὴ
1057 3416 1406 3480 κατάστασις.

240 3503 300 3560 θ’.
329 3506 468 3578 Ὥρα
499 3506 559 3560 ιδ’
607 3508 637 3560 6
668 3505 914 3578 λαμπρὸς
938 3507 1037 3578 τῆς
1065 3508 1249 3579 Δύρας
1283 3508 1535 3580 ἑσπέριος
1566 3507 1731 3561 δύνει⁸

180 3596 206 3647 6
229 3595 464 3671 λαμπρὸς
486 3598 582 3656 τοῦ
622 3597 805 3651 Ἀετοῦ
833 3598 1078 3670 ἑσπέριος
1097 3598 1259 3653 δύνει.
1291 3598 1604 3667 Αἰγυπτίοις
1618 3600 1738 3653 ἐπι-

187 3687 436 3757 σημαίνει.
494 3689 822 3761 Δημοκρίτῳ
869 3690 1018 3755 νότος
1063 3690 1138 3755 ὡς
1186 3691 1256 3745 τὰ
1292 3690 1478 3746 πολλά.

241 3784 291 3834 ι’.
317 3778 475 3833 Κύων
495 3780 749 3851 ἑσπέριος
773 3778 1049 3832 ἀνατέλλει
1072 3778 1189 3851 ὥρᾳ
1215 3785 1267 3835 ι’.

244 3878 326 3927 ια’.
364 3872 504 3944 Ἥρᾳ
535 3879 596 3926 ιε’
632 3874 661 3926 6
686 3873 780 3925 ἐπὶ
799 3872 894 3942 τῆς
923 3871 1162 3943 κεφαλῆς
1199 3871 1292 3927 τοῦ
1316 3871 1618 3943 ἡγουμένου
1648 3873 1736 3927 Δι-

182 3960 332 4033 δύμου
356 3964 486 4034 ἑῷος
513 3962 681 4023 δύνει.

245 4054 326 4125 ιβ’.
359 4057 497 4129 Ὦρα
532 4056 595 4114 ιδ’
619 4056 650 4109 6
675 4054 817 4111 κατὰ
847 4055 909 4109 τὸ
932 4056 1062 4126 γόνυ
1076 4054 1170 4110 τοῦ
1184 4054 1410 4123 Τοξὸτου
1445 4053 1731 4113 ἐπιτέλλει.

193 4142 471 4218 Ἱππάρχῳ,
502 4146 719 4218 Εὐδόξῳ
741 4148 1031 4218 χειμαίνει.

247 4245 328 4307 ιγ’.
357 4239 495 4313 Ἥρᾳ.
512 4224 593 4292 ἰδ’
612 4239 643 4291 6
669 4238 919 4311 λαμπρὸς
933 4238 1029 4292 τοῦ
1061 4237 1234 4292 νοτίου
1261 4239 1461 4310 Ἰχθύος
1496 4238 1733 4309 κρύπτε-

183 4344 280 4382 ται.
310 4331 445 4404 ’Ὥρα
471 4339 529 4386 ιε’
558 4333 587 4385 6
629 4331 856 4402 ἔσχατος
897 4329 991 4384 τοῦ
1027 4329 1278 4402 Ποταμοῖ)
1309 4331 1560 4401 ἑσπέριος
1605 4331 1737 4384 ἀνα-

183 4418 423 4477 τέλλεται.
466 4422 783 4492 Αἰγυπτίοις
809 4422 958 4485 νότος
990 4420 1024 4492 ἢ
1055 4421 1284 4493 ζέφυρος
1304 4440 1321 4455 ·-
1343 4422 1612 4493 χειμαίνει
1640 4422 1735 4477 καὶ

187 4514 314 4569 κατὰ
333 4516 429 4585 γῆν
453 4517 549 4571 καὶ
578 4515 721 4570 κατὰ
753 4514 1053 4571 Θάλασσαν.

250 4605 329 4663 ιδ’.
351 4608 488 4680 Ὥρα
516 4614 576 4661 ιε’
605 4611 635 4664 6
665 4608 759 4662 ἐπὶ
784 4607 882 4678 τῆς
897 4606 1137 4677 κεφαλῆς
1168 4606 1262 4661 τοῦ
1293 4608 1554 4678 ἑπομένου
1585 4605 1735 4664 Διδύ-

190 4713 281 4764 μου
330 4700 486 4755 δύνει.
547 4703 607 4754 Ὀ
636 4699 885 4772 λαμπρὸς
929 4698 1024 4753 τοῦ
1080 4700 1365 4772 Ὑδροχόου
1405 4700 1538 4772 ἑῷος
1570 4700 1734 4755 δύνει.

188 4787 331 4846 Κύων
355 4796 606 4867 ἑσπέριος
648 4791 946 4853 ἀνατέλλει.
991 4793 1302 4860 Αἰγυπτίοις
1351 4794 1500 4858 νάτος
1539 4794 1738 4867 σφόδρα

188 4886 273 4939 καὶ
288 4887 450 4953 ὑετὸς.

251 4987 327 5036 ιε’.
351 4984 518 5048 Νότος
558 4982 748 5046 πολὺς,
796 4982 890 5036 καὶ
911 4981 1257 5054 ἐπισημαίνει
1297 4981 1434 5036 κατὰ
1467 4982 1737 5038 θάλασσαν

191 5067 367 5146 βροντὴ
392 5078 483 5132 καὶ
506 5076 708 5147 ψακὰς.

254 5175 347 5230 ις’.
374 5170 513 5242 Ὥρα
552 5177 613 5222 ιε’
637 5169 667 5222 6
698 5168 946 5240 λαμπρὸς
959 5168 1052 5222 τοῦ
1091 5166 1371 5240 ’Υδροχόου
1388 5167 1521 5237 ἑῷος
1563 5167 1732 5221 δύνει·

191 5258 275 5309 καὶ
299 5261 327 5311 6
354 5262 440 5316 hri
468 5263 567 5333 τῆς
606 5261 851 5331 κεφαλῆς
886 5261 980 5314 τοῦ
1010 5260 1311 5331 ἡγουμένου
1339 5258 1461 5312 Διδύ
1471 5276 1572 5330 μου
1605 5257 1737 5328 ἑῷος

192 5344 339 5406 δύνει.
365 5355 570 5426 Εὐδόξῳ
586 5354 742 5416 νότος
770 5352 1137 5425 ἐπισημαίνειο
1171 5353 1389 5423 ἀνέμων
1408 5352 1621 5419 ἀταξία.

260 5530 339 5595 ιζ’.
359 5537 494 5610 Ὦρᾳ
521 5546 588 5609 ιγ’
604 5535 718 5613 [ιδ’]
734 5540 763 5592 ό
788 5537 1033 5609 λαμπρὸς
1064 5535 1158 5590 τοῦ
1187 5535 1359 5590 νοτίου
1387 5535 1588 5605 ’ἰχθύος
1609 5537 1740 5610 κρύ-

198 5633 389 5680 πτεται.

262 5722 345 5786 ιη’.
366 5719 497 5792 Ὦρα
536 5721 597 5775 ιδ’
624 5724 653 5775 6
686 5720 933 5790 λαμπρὸς
960 5719 1060 5789 τῆς
1085 5718 1265 5790 Δύρας
1287 5718 1535 5789 ἑσπέριος
1572 5719 1735 5773 δύνει.

208 5800 262 5859 ὀ
287 5806 339 5862 ἐν
363 5810 435 5885 τῷ
458 5814 642 5884 γόνατι
683 5812 777 5867 τοῦ
803 5812 1028 5879 Τοξότου
1060 5810 1310 5885 ἑσπέριος
1345 5809 1513 5866 δύνει.

1814 586 2157 653 vespertinus
2185 582 2378 636 oritur.

1883 673 1975 729 28.
2008 676 2139 743 Quae
2166 681 2249 729 est
2278 674 2333 729 in
2366 673 2688 731 succedente
2710 672 2925 744 Auriga:
2950 670 3178 726 humero
3200 674 3382 725 matu-

1816 766 1931 821 tina
1959 764 2069 839 56
2095 765 2312 821 occidit.
2346 765 2638 838 Splendida
2673 764 2849 821 Piscis
2877 763 3133 819 australis
3152 761 3386 817 occulta-

1817 866 1927 913 tur.
1955 857 2223 930 IEgyptiis
2246 857 2468 913 hiemat.
2501 855 2702 913 Metoni
2734 854 3024 927 signiﬁcat.
3056 853 3252 910 Imber.

1885 949 1976 1006 ‘29.
2016 950 2263 1023 Procyon
2287 949 2634 1021 vespertinus
2659 949 2860 1004 oritur.
2895 945 3165 1018 Egyptiis
3194 954 3249 1002 et
3275 946 3386 1001 Mc-

1817 1043 1929 1096 toni
1959 1041 2249 1113 signiﬁcat.
2277 1038 2650 1110 intemperies.

1889 1133 1977 1189 50.
2011 1133 2153 1188 llora
2189 1149 2277 1187 xlv
2313 1132 2597 1203 splendida
2645 1130 2856 1202 Aquila:
2894 1126 3206 1198 vespertina
3239 1129 3389 1183 occi-

1817 1223 1921 1322 dit;
1950 1222 2222 1297 Egyptiis
2246 1222 2472 1290 africus,
2494 1230 2549 1278 et
2581 1222 2725 1277 aeris
2756 1220 3128 1291 intemperies.

2296 1353 2618 1419 Ianuarius,
2647 1355 2725 1410 vel
2761 1351 2913 1425 Tybi.

1894 1490 1947 1543 l.
1979 1486 2125 1542 Hora
2160 1503 2252 1542 xlv
2300 1487 2468 1542 Canis
2504 1485 2850 1557 vespertinus
2904 1483 3100 1539 oritur.
3142 1480 3391 1550 Procyon

1821 1580 2166 1652 vespertinus
2228 1580 2423 1637 oritur.
2490 1576 2800 1634 Democrito
2866 1581 3162 1647 tempestas
3219 1572 3391 1644 signi-

1825 1672 1970 1729 ﬁcat.

1891 1762 1947 1818 2.
1985 1761 2116 1829 Quae
2175 1769 2260 1817 est
2294 1762 2350 1816 in
2410 1760 2586 1831 capite
2635 1755 2992 1831 praecedentis
3041 1753 3392 1811 Geminorum

1757 1838 1800 1894 Β
1831 1856 2095 1909 matutino
2120 1853 2340 1908 occidit.
2374 1850 2631 1907 Dositheo
2661 1851 2882 1906 hiemat.

1898 1946 1952 2001 5.
1988 1945 2192 2000 Lucida
2247 1944 2455 2016 Aquilae
2511 1944 2708 1999 oritur.
2755 1940 3002 2014 Procyon
3053 1936 3395 2009 vespertinus

1829 2039 2024 2094 oritur.
2058 2037 2358 2093 Philemoni
2389 2016 2681 2108 signﬂicat.

1899 2131 1953 2187 4.
1986 2130 2131 2186 Hora
2158 2145 2258 2185 xm
2287 2128 2467 2184 lucida
2509 2126 2681 2200 Cygni
2725 2125 2997 2181 matutino
3025 2124 3221 2180 oritur.
3268 2121 3400 2187 Quae

1826 2231 1912 2278 est
1932 2222 1987 2276 in
2021 2222 2198 2293 capite
2227 2220 2572 2278 succedentis
2615 2218 2968 2273 Geminorum
3004 2214 3269 2270 matutino
3300 2228 3394 2268 oc-

1827 2314 1981 2369 cidit.
2032 2312 2235 2369 Lucida
2274 2311 2486 2383 Aquila:
2520 2325 2746 2381 vespere
2798 2307 3017 2364 occidit.
3055 2305 3262 2362 Lucida
3303 2321 3401 2359 au-

1829 2406 2013 2462 stralis
2044 2405 2218 2461 Piscis
2240 2404 2570 2460 occultatur.
2615 2401 2889 2473 Egyptiis
2923 2407 3219 2470 tempestas
3257 2397 3318 2452 ﬁt
3346 2399 3401 2451 in

1830 2498 1989 2555 mari.
2045 2495 2365 2554 Euctemoni
2411 2502 2704 2567 tempestas
2743 2496 2847 2552 sub
2884 2502 3093 2562 tempus
3134 2497 3400 2546 statutum

1826 2590 2023 2645 uritur.

1900 2682 1952 2737 5.
1986 2681 2129 2737 Hora
2162 2697 2251 2737 xlv
2275 2698 2394 2752 qua:
2423 2683 2478 2737 in
2511 2680 2688 2751 capite
2709 2686 2793 2736 est
2826 2676 3179 2750 praecedentis
3222 2673 3401 2731 Gemi-

1831 2789 2024 2828 norum
2058 2774 2322 2829 matutina
2354 2774 2546 2829 oritur.

1900 2865 1953 2920 6.
2002 2864 2146 2920 Hora
2175 2881 2272 2920 xm
2304 2881 2424 2937 quae
2474 2863 2539 2919 ad
2570 2859 2710 2935 genu
2756 2859 3037 2934 Sagittarii
3079 2866 3165 2916 est
3204 2858 3398 2914 oritur.

1830 2956 1998 3013 Canis
2030 2957 2378 3028 vespertinus
2406 2955 2629 3011 occidit.

1897 3050 1950 3103 7.
1985 3048 2129 3104 Hora
2160 3066 2230 3106 xv
2257 3049 2437 3104 lucida
2472 3048 2682 3120 Aquilae
2715 3059 2939 3118 vespere
2963 3042 3186 3100 occidit.
3220 3040 3404 3112 Signi-

1756 3172 1805 3234 C
1837 3142 2141 3234 ﬁcationem
2185 3143 2347 3199 habet
2378 3141 2657 3198 Dositheo.

1906 3218 1961 3290 8.
1997 3232 2145 3289 Hora
2176 3250 2266 3289 xw
2286 3249 2406 3306 qua:
2431 3235 2486 3288 in
2515 3233 2693 3305 capite
2717 3239 2801 3288 est
2825 3227 3201 3286 antecedentis
3223 3226 3407 3283 Gemi-

1837 3340 2033 3381 norum
2062 3341 2220 3382 mane
2255 3326 2479 3390 occidit,
2519 3324 2701 3379 lucida
2757 3322 2897 3379 notii
2941 3319 3119 3377 Piscis
3163 3320 3396 3376 occulta-

1834 3425 1945 3474 tur.
1980 3417 2251 3491 Egyptiis
2283 3418 2545 3473 densatur
2570 3431 2681 3472 aer.

1906 3509 1957 3565 9.
1985 3509 2126 3565 Hora
2155 3526 2246 3565 xrv
2275 3510 2453 3565 lucida
2491 3507 2647 3581 Lyra:
2680 3521 2907 3578 vespere
2947 3504 3168 3562 occidit.
3200 3503 3406 3557 Lucida

1838 3604 2046 3674 Aquilae
2073 3619 2297 3674 vespere
2328 3602 2551 3658 occidit.
2577 3600 2850 3673 Egyptiis
2887 3597 3179 3672 signiﬁcat.
3210 3595 3407 3653 Demo-

1836 3698 1976 3753 crito
1999 3708 2185 3753 auster
2214 3705 2273 3752 ut
2302 3696 2619 3767 plurimum.
3271 3682 3275 3688 ’

1908 3790 1994 3845 10.
2030 3789 2197 3846 Canis
2227 3804 2451 3859 vespere
2478 3789 2655 3843 oritur
2694 3787 2828 3841 hora
2864 3802 2918 3841 x.

1905 3884 1993 3938 ll.
2027 3882 2172 3938 Hora
2211 3899 2279 3937 xv
2311 3896 2432 3952 quae
2462 3888 2547 3938 est
2592 3880 2648 3934 in
2686 3878 2864 3950 capite
2903 3872 3276 3932 antecedentis
3302 3871 3409 3929 Ge-

1836 3975 1970 4031 mini
2002 3991 2163 4030 mane
2181 3974 2401 4029 occidit.

1918 4067 2004 4122 12.
2029 4066 2173 4121 Hora
2206 4082 2296 4121 xiv
2324 4073 2569 4137 quaeest
2613 4065 2666 4119 in
2695 4052 2837 4135 genu
2881 4058 3161 4132 Sagittarii
3209 4058 3405 4114 oritur.

1838 4158 2148 4228 Hipparcho
2178 4164 2233 4211 et
2257 4156 2480 4211 Eudoxo
2508 4156 2729 4210 hiemat.

1910 4250 1996 4304 15.
2029 4247 2173 4303 liora
2203 4264 2293 4302 xiv
2323 4246 2604 4317 splendida
2633 4244 2808 4299 Piscis
2837 4240 3094 4299 australis
3126 4236 3410 4294 abscondi-

1838 4352 1945 4398 tur.
1986 4341 2130 4397 Hora
2153 4359 2220 4397 xv
2246 4350 2518 4412 postrema
2549 4339 2722 4394 Fluvii
2763 4352 2989 4408 vespere
3022 4336 3217 4390 oritur.
3241 4331 3410 4403 Egy-

1840 4436 1966 4506 ptiis
1993 4442 2179 4489 auster
2202 4434 2285 4489 vel
2317 4432 2587 4504 zephyrus
2615 4447 2631 4497 ;
2686 4437 2980 4500 tempestas
3028 4426 3227 4483 accidit
3265 4435 3409 4479 terra

1766 4533 1811 4590 D
1839 4527 2104 4597 marique.

1912 4620 2000 4677 14.
2039 4617 2183 4673 Hora
2219 4634 2287 4672 xv
2315 4631 2435 4686 quae
2467 4622 2552 4669 est
2582 4615 2637 4669 in
2688 4612 2868 4683 capite
2907 4608 3253 4668 succedentis
3300 4607 3410 4661 Ge-

1839 4709 2112 4763 minorum
2167 4706 2389 4761 occidit.
2438 4704 2642 4760 Lucida
2691 4702 2920 4774 Aquarii
2969 4715 3127 4757 mane
3188 4697 3407 4753 occidit.

1838 4800 2003 4857 Canis
2036 4799 2383 4869 vespertinus
2423 4799 2623 4853 oritur.
2668 4795 2942 4867 Aigyptiis
2975 4792 3283 4850 vehemens
3313 4803 3412 4842 au-

1838 4903 1951 4946 ster
1982 4907 2105 4946 cum
2135 4892 2334 4962 pluvia.
2845 4916 2849 4920 ι

1906 4985 1994 5040 15.
2028 4985 2223 5040 Auster
2261 4988 2471 5055 ingens,
2524 4991 2579 5039 et
2608 4980 2880 5054 signiﬁcat
2922 4981 2977 5036 in
3008 4980 3142 5035 mari
3179 4978 3409 5042 tonitru,

1836 5083 1889 5129 ct
1918 5076 2130 5131 stillans
2159 5077 2359 5145 pluvia.

1914 5167 1999 5222 l6.
2035 5166 2181 5223 Hom
2217 5185 2285 5223 xv
2325 5167 2504 5222 lucida
2537 5165 2763 5234 Aquarii
2793 5180 2953 5220 mane
2994 5161 3211 5218 occidit.
3280 5159 3410 5225 Quae

1838 5260 1892 5313 in
1916 5260 2095 5328 capite
2134 5258 2491 5328 praecedentis
2535 5265 2621 5313 est
2669 5255 3022 5311 Geminorum
3074 5267 3230 5307 mane
3272 5254 3412 5305 Occi-

1838 5353 1935 5407 dit.
2001 5351 2222 5405 Eudoxo
2282 5357 2469 5405 auster
2526 5348 2833 5420 signiﬁcat:
2888 5355 3171 5401 ventorum
3220 5341 3411 5396 incon~

1839 5446 2061 5504 stantia.

1910 5536 2004 5595 1⁸1.
2034 5536 2177 5591 Hora
2206 5550 2296 5592 xlv
2329 5534 2508 5590 lucida
2533 5534 2666 5590 notii
2695 5532 2872 5588 PiSCiS
2897 5531 3271 5587 absconditur.

1916 5715 2001 5769 i8.
2025 5711 2168 5768 liora
2192 5727 2283 5765 XIV
2331 5709 2511 5764 lucida
2543 5709 2698 5780 Lyra:
2745 5721 2971 5776 vesgere
3007 5702 3227 5761 occidit.
3278 5698 3409 5766 Quae

1847 5809 1903 5866 in
1932 5822 2073 5880 genu
2106 5801 2382 5879 Sagittarii
2419 5809 2503 5858 est
2531 5815 2754 5873 vespere
2776 5796 2995 5855 occidit.
