3786 6308
379 308 488 368 385

383 525 518 582 ster,
541 519 624 571 vel
650 519 846 573 boreas
880 525 1257 589 tempestatem
1290 517 1441 573 facit.

451 608 540 666 20.
585 608 857 680 Egyptiis
905 610 1166 670 hibernus
1195 625 1308 664 aer.

449 699 542 755 21.
578 700 783 756 Lucida
829 702 1060 772 Aquarii
1087 717 1242 756 inane
1275 700 1496 757 occidit...
1528 701 1672 755 Hora
1727 717 1797 755 xv
1834 717 1954 772 quae

375 811 428 846 ιιι
468 793 637 847 corde
663 793 859 850 Leonis
879 800 966 850 est.
992 807 1217 864 vespere
1246 792 1443 851 oritur.
1486 790 1795 862 Hipparcho
1825 793 1954 849 sub-

373 888 530 940 suian
544 902 607 940 us
640 885 754 940 Ilat.

440 979 532 1035 οε.
565 979 694 1046 Quae
724 978 780 1033 in
814 978 980 1035 corde
1003 978 1202 1036 Leonis
1230 985 1318 1036 est
1348 993 1574 1050 vespere
1599 978 1796 1034 oritur.
1833 979 1952 1035 Ca:-

369 1070 478 1122 θίξιΓὶ
527 1072 1054 1129 vehemensventus.
1153 1127 1157 1132 .

447 1164 539 1218 23.
578 1161 722 1220 Hora
766 1177 867 1217 xm
932 1160 1114 1216 lucida
1171 1161 1466 1232 Aquarii...
1519 1159 1829 1220 Metrodoro
1868 1158 1955 1213 in-

377 1266 632 1311 constans
675 1255 879 1326 pluvia.
1863 1254 1889 1283 ⁸

443 1349 533 1404 24.
568 1347 711 1402 liora
739 1364 830 1401 xxv
856 1345 1038 1402 lucida
1069 1345 1297 1416 Aquarii
1329 1359 1552 1415 vespere
1566 1343 1761 1400 oritur.
1783 1341 1954 1414 Λεω-

375 1441 503 1511 ptiis
527 1440 817 1510 significat.

444 1534 532 1588 ‘25.
562 1533 705 1587 Hora
737 1549 827 1590 xtv
857 1532 1041 1589 lucida
1073 1531 1226 1604 Lyra:
1250 1546 1474 1603 vespere
1516 1528 1738 1585 occidit.
1785 1527 1952 1598 Egy-a

376 1628 500 1697 ptiis
527 1625 820 1696 signiﬁcat.

441 1718 531 1772 26.
564 1717 768 1775 Lucida
782 1716 1006 1788 Aquarii
1023 1731 1248 1787 vespere
1269 1715 1464 1771 oritur.
1488 1711 1756 1785 Egyptiis
1775 1711 1951 1765 hiems

374 1811 572 1865 Inedia.

439 1903 530 1959 9.1.
563 1901 834 1974 Egyptiis
867 1917 1034 1958 eurus
1060 1902 1144 1957 vel
1175 1907 1358 1956 auster
1381 1897 1670 1968 significat.

439 1996 531 2050 28.
597 1994 806 2052 Lucida
861 1994 1089 2070 Aquarii
1133 1983 1361 2067 vespere
1410 1991 1608 2048 oritur.
1674 1986 1943 2058 )Egyptiis

372 2089 578 2160 pluvia.

440 2182 530 2236 29.
565 2181 874 2238 Democrito
905 2190 1223 2253 tempestas.

439 2273 531 2329 30.
562 2273 872 2345 Hipparcho
897 2275 1250 2330 subsolanus.

852 2386 1200 2451 Februarius,
1229 2385 1448 2439 Meo/air.

440 2521 646 2589 LQna‘.
673 2521 742 2576 ad
783 2536 924 2592 genu
980 2527 1066 2576 est
1120 2519 1397 2592 Sagittarii
1452 2518 1650 2573 oritur.
1712 2516 1940 2571 Eudoxo

367 2615 575 2685 pluvia.

434 2709 488 2762 ‘2.
522 2707 798 2779 Egyptiis
826 2714 1127 2778 tempestas
1167 2720 1385 2777 magna.

434 2803 488 2857 '5.
530 2801 760 2862 Africus.
776 2800 864 2855 vel
881 2808 1069 2856 auster
1096 2806 1204 2854 tem
1215 2804 1530 2869 pestuosus.

436 2893 486 2946 4.
526 2892 673 2948 Hora
703 2909 796 2948 xw
834 2891 940 2964 1ίέ
972 2890 1257 2962 splendida
1285 2889 1458 2964 Cygni
1494 2886 1810 2958 vespertino
1845 2899 1937 2940 oc-

361 2985 516 3042 cidit.

435 3080 486 3134 5.
519 3080 663 3136 Hora
690 3095 760 3134 xv
780 3070 1067 3150 splendida
1102 3074 1259 3147 Lyrae
1289 3088 1514 3145 vespere
1543 3072 1768 3128 occidit.
1800 3070 1933 3144 [lip-

362 3171 567 3242 parclio
596 3180 783 3227 auster
816 3171 901 3225 vel
935 3185 1156 3226 caurus.

430 3263 535 3336 47
571 3262 624 3318 6.
661 3261 807 3316 liora
834 3277 930 3316 xm
951 3261 1054 3314 1ίῖ
1069 3276 1188 3332 quae
1217 3261 1272 3316 in
1303 3259 1468 3315 corde
1484 3257 1682 3313 Leonis
1710 3265 1792 3312 est
1815 3271 1935 3310 ma-

361 3357 538 3410 tutino
569 3355 789 3411 occidit.

433 3449 488 3505 Ἰ.
517 3447 666 3504 liora
699 3464 802 3503 xm
843 3446 946 3519 1/2
975 3445 1234 3502 Canobus
1291 3446 1640 3516 vespertinus
1671 3444 1866 3497 oritur.

429 3653 481 3706 8.
513 3651 659 3706 Hora
683 3667 754 3706 xv
783 3651 808 3705 1
815 3650 894 3720 ﬂ
915 3665 1035 3721 qua:
1077 3657 1162 3704 est
1192 3648 1247 3702 in
1271 3647 1445 3702 cauda
1466 3645 1667 3701 Leonis
1711 3660 1933 3714 vespere

359 3745 438 3800 ori
449 3753 556 3800 tur.

427 3839 479 3890 9.
512 3836 660 3892 Hora
689 3852 757 3889 xv
783 3849 904 3904 quae
937 3832 1004 3887 ad
1035 3847 1174 3904 genu
1194 3831 1472 3901 Sagittarii
1503 3837 1588 3885 est
1614 3830 1807 3883 oritur.
1830 3829 1934 3883 Eu-

359 3928 501 3983 doxo
529 3927 732 3997 pluvia.
751 3924 860 3980 Cor
889 3923 1086 3978 Leonis
1109 3937 1268 3978 mane
1297 3921 1515 3977 occidit.
1547 3920 1688 3976 Hora
1721 3938 1788 3975 xv
1807 3920 1930 3992 [xu]

358 4036 479 4090 quae
505 4030 591 4077 est
640 4020 695 4074 in
727 4015 897 4074 cauda
928 4015 1128 4071 Leonis
1167 4031 1390 4085 vespere
1435 4016 1628 4069 oritur.
1659 4013 1929 4086 [Egyptiis

359 4113 627 4182 zepliyrus
652 4109 737 4166 vel
767 4117 971 4175 auster,
1011 4107 1294 4178 interjeCta
1331 4108 1616 4179 grandine.

432 4291 517 4347 10.
553 4291 697 4348 Hora
729 4309 821 4348 xxv
866 4305 963 4347 cor
1017 4287 1218 4347 Leonis
1257 4306 1415 4346 mane
1443 4287 1664 4345 occidit.
1705 4288 1931 4343 Eudoxo

357 4385 644 4453 serenitas,
675 4386 948 4441 interdum
978 4393 1032 4442 et
1055 4386 1328 4440 favonius.

1364 311 1451 366 AD
1490 309 1758 370 EUSEBH
1792 311 2190 372 CHRONICON
2232 313 2605 376 APPENDIX.

457 425 541 480 19.
572 425 773 481 Lucida
802 426 1026 498 Aquarii
1059 441 1213 481 mane
1242 425 1458 482 occidit.
1502 426 1817 497 Hipparcho
1848 443 1946 483 au-
1975 439 2022 499 Α

3534 317 3629 375 884

2123 430 2209 487 ιϐ’.
2262 433 2321 486 ’0
2382 432 2631 504 λαμπρὸς
2654 430 2748 485 τοῦ
2799 432 3085 504 ’Υδροχόου
3131 431 3261 502 ἑῷος
3311 430 3474 484 δύνει.
3531 435 3628 488 Ἱπ-

2057 520 2253 593 πάρχῳ
2285 523 2436 587 νότος
2476 523 2727 594 ἢβορέας
2757 523 3031 594 χειμάζει.

2123 619 2191 668 κι.
2223 614 2541 682 Αἰγυπτίοις
2572 616 2847 684 χειμέριος
2873 616 3003 686 ἀήρ.
3185 667 3188 672 λ

2121 712 2228 762 κα’.
2262 706 2322 760 Ὀ
2340 706 2589 778 λαμπρὸς
2609 707 2701 760 τοῦ
2718 708 3002 779 Ὑδροχόου
3027 707 3158 778 sq»;
3173 707 3337 761 δύνει.
3371 708 3510 780 Ὦρα
3533 710 3637 762 ιεό.

2055 798 2150 851 ἐπὶ
2183 799 2287 870 τῆς
2305 801 2530 872 καρδίας
2545 798 2640 855 τοῦ
2655 799 2883 864 Λέοντος
2912 800 3161 871 ἑσπέριος
3185 801 3484 854 ἀνατέλλει.
3523 799 3623 852 '11:-

2055 890 2251 962 πάρχῳ
2279 889 2596 964 ἀπηλιώτης
2621 894 2764 947 πνεῖ.

2125 980 2310 1051 κβ’.τ’0
2339 983 2429 1034 ἐπὶ
2461 982 2562 1052 τῆς
2595 982 2819 1053 καρδίας
2850 981 2947 1036 τοῦ
2970 982 3474 1056 Λέοντοςςὲσπέριος
3499 983 3622 1037 ἀνα-

2053 1072 2248 1132 τέλλει.
2275 1074 2385 1128 Καὶ
2411 1076 2649 1143 Καίσαρι
2677 1077 2874 1148 ἄνεμος
2921 1077 3145 1149 σφόδρα.

2125 1170 2230 1234 κγ’.
2256 1165 2398 1237 Ὧρᾳ
2443 1163 2510 1234 ιγ’
2530 1166 2558 1218 6
2586 1166 2837 1239 λαμπρὸς
2870 1167 2965 1222 τοῦ
3012 1168 3367 1240 Ὑδροχόου...
3423 1168 3623 1241 Μητρο-

2052 1255 2209 1328 δώρῳ
2230 1258 2603 1325 ἀκατάστατος
2635 1261 2860 1337 δμὸρος.
3006 1260 3009 1263 ’

2123 1351 2223 1405 κδ’.
2259 1352 2401 1424 Ὦρα
2445 1353 2502 1406 ιδ’
2542 1357 2570 1408 6
2618 1354 2869 1428 λαμπρὸς
2899 1356 2995 1408 τοῦ
3045 1356 3331 1426 ’Υδροχόου
3377 1356 3621 1430 ἑσπέριος

2053 1440 2348 1497 ἀνατέλλει.
2381 1444 2696 1512 Αἰγυπτίοις
2742 1445 3112 1517 ἐπισημαίνει.

2124 1539 2220 1588 κε’.
2252 1534 2392 1606 ’Ὥρα
2425 1535 2484 1588 ιδ’
2507 1536 2534 1588 6
2554 1535 2803 1608 λαμπρὸς
2836 1537 2937 1608 τῆς
2961 1537 3142 1610 Δύρας
3171 1537 3428 1611 ἑσπέριος
3461 1538 3617 1595 δύνει.

2051 1625 2367 1693 Αἰγυπτίοις
2397 1629 2761 1700 ἐπισημαίνει.

2123 1722 2233 1780 κς’.
2284 1716 2340 1769 '0
2363 1717 2616 1791 λαμπρὸς
2636 1720 3026 1794 τοῦὙδροχόου
3051 1722 3301 1794 ἑσπέριος
3327 1722 3615 1779 ἀνατέλλει.

1977 1790 2023 1849 Β
2047 1809 2364 1876 Αἰγυπτίοις
2385 1811 2592 1882 χειμὼν
2620 1812 2802 1883 μέσος.

2114 1901 2213 1966 κζ’.
2247 1903 2564 1971 Αἰγυπτίοις
2594 1901 2752 1976 εὖρος
2784 1906 2815 1976 ἢ
2852 1907 3001 1969 νότος
3031 1906 3302 1977 σημαίνει.

2115 1997 2220 2062 κη’.
2263 1992 2321 2045 'O
2352 1993 2602 2066 λαμπρὸς
2621 1995 2716 2049 τοῦ
2745 1995 3026 2068 ’Υδροχόου
3044 1996 3298 2069 ἑσπέριος
3325 1996 3622 2054 ἀνατέλλει.

2042 2085 2363 2153 Αἰγυπτίοις
2393 2087 2544 2139 ὑετία

2113 2175 2214 2230 κο’.
2247 2178 2568 2250 Δημοκρίτῳ
2589 2177 2812 2252 χειμών.

2109 2268 2173 2332 λ’.
2211 2269 2490 2342 Ἱππάρχῳ
2527 2272 2864 2346 ἀπηλιώτης.

2422 2404 2562 2476 Μῖιι·
2587 2407 2994 2479 Φεϐρουάριος,
3023 2412 3228 2481 Μεχίρ.

2109 2547 2176 2593 α’.
2225 2542 2283 2594 ⁸0
2308 2540 2447 2597 κατὰ
2477 2541 2536 2596 τὸ
2565 2543 2691 2616 γόνυ
2713 2543 2808 2599 τοῦ
2838 2544 3066 2611 Τοξότου
3085 2545 3378 2603 ἐπιτέλλει.
3409 2538 3619 2620 Εὐδόξῳ

2039 2631 2216 2686 ὑετία.

2111 2723 2175 2794 β’.
2205 2726 2522 2795 Αἰγυπτίοις
2551 2727 2756 2799 χειμὼν
2786 2728 2980 2800 μέγας.

2109 2822 2178 2884 γ’.
2203 2817 2366 2889 Λὶψῆ
2398 2820 2546 2881 νότος
2569 2818 2944 2891 χειμούμενος.

2103 2911 2164 2964 δ’.
2211 2912 2352 2982 Ἥρᾳ⁴
2402 2911 2529 2966 ιδ¹5”
2575 2915 2604 2966 6
2648 2913 2900 2987 λαμπρὸς
2943 2915 3052 2969 τοῦ.
3079 2915 3330 2989 Ὄρνιθος
3366 2919 3614 2994 ἑσπέριος

2037 3003 2170 3074 ἑῷος
2194 3004 2358 3059 δύνει.
3354 3014 3364 3023 ”

2107 3105 2166 3152 ε’.
2200 3099 2341 3169 Ὤρᾳ
2384 3095 2443 3152 ιε’
2473 3101 2500 3153 ό
2534 3099 2783 3171 λαμπρὸς
2807 3100 2905 3172 τῆς
2934 3101 3116 3174 Δύρας
3138 3102 3397 3177 ἑσπέριος
3440 3106 3604 3163 δύνει.

2049 3187 2328 3259 Ἱππάρχῳ
2346 3189 2496 3252 νότος
2533 3189 2566 3260 ἢ
2595 3190 2892 3262 ἀργέστης.

2107 3285 2178 3342 ς’,
2217 3279 2359 3350 "ap;
2426 3277 2562 3348 ιγ’ὃη
2613 3281 2642 3333 6
2693 3281 2786 3333 ἐπὶ
2840 3285 2938 3353 τῆς
2991 3282 3216 3354 καρδίας
3253 3282 3350 3338 τοῦ
3384 3285 3614 3352 Λέοντος

2034 3370 2168 3442 ἑῷος
2200 3370 2364 3425 δύνει.

2105 3464 2167 3527 ζ’.
2215 3462 2354 3534 Ὥρα
2397 3460 2536 3532 ιγ’8”
2583 3465 2612 3517 6
2659 3464 2988 3537 καλούμενος
3033 3467 3295 3532 Κάνωὼς
3353 3468 3638 3541 ἑσπέριος.

2033 3554 2335 3608 ἀνατέλλει.
3489 3555 3492 3557 “

2106 3651 2174 3716 η’.
2209 3646 2349 3718 ’Ὡρᾳ
2386 3643 2516 3700 te'S"
2541 3647 2570 3700 6
2599 3647 2692 3702 ἐπὶ
2745 3648 2846 3720 τῆς
2874 3651 3042 3721 οὐρᾶς
3068 3649 3160 3704 τοῦ
3190 3650 3426 3717 Λέοντος
3451 3650 3614 3708 ἑσπέσ-

2035 3754 2150 3807 ριος
2177 3737 2477 3792 ἀνατέλλει.

2104 3827 2168 3882 0'.
2202 3829 2345 3900 Ὦρᾳ
2378 3835 2440 3881 ιε’
2477 3831 2506 3883 6
2537 3830 2678 3887 κατά
2707 3832 2768 3886 τὺ
2782 3832 2913 3902 γόνυ
2938 3831 3033 3886 τοῦ
3061 3831 3291 3901 Τοξότου
3318 3835 3598 3889 ἐπιτέλλει.

2033 3920 2243 3992 Εὐδόξῳ
2278 3921 2451 3976 ύετία.
2493 3923 2553 3975 '0
2585 3925 2677 3977 ἐπὶ
2707 3925 2805 3995 τῆς
2831 3925 3057 3997 καρδίας
3100 3925 3195 3980 τοῦ
3220 3926 3452 3991 Λέοντος
3475 3926 3612 3998 £7.90;

2031 4013 2192 4067 δύνει.
2227 4014 2367 4085 Ὥρα
2396 4014 2460 4084 ιβ’
2486 4016 2514 4066 6
2537 4015 2630 4067 ἐπὶ
2652 4015 2754 4086 τῆς
2779 4017 2946 4087 οὐρᾶς
2977 4016 3070 4070 τοῦ
3099 4016 3330 4081 Λέοντος
3359 4018 3601 4090 ἑσπέριος

2030 4105 2332 4160 ἀνατέλλει.
2374 4107 2691 4177 Αἰγυπτίοις
2733 4108 2967 4182 ζέφυρος
2999 4110 3032 4181 ἦ
3075 4107 3246 4174 νότος,
3280 4111 3486 4182 μεταξὺ
3513 4112 3604 4183 χά-

2031 4197 2188 4261 λαζα.
2732 4201 2736 4207 ’

2100 4295 2150 4343 ι’.
2184 4290 2325 4361 Ὥρα
2365 4291 2425 4344 ιδ’
2458 4293 2485 4343 ό
2519 4291 2610 4344 ἐπὶ
2639 4292 2738 4363 τῆς
2784 4292 3008 4364 καρδίας
3057 4291 3153 4346 τοῦ
3203 4292 3437 4359 Λέοντος
3473 4291 3599 4366 ἑῷος

2030 4379 2203 4433 δύνει.
2233 4379 2447 4451 Εὐδόξῳ
2477 4381 2645 4448 εὐδία,
2678 4382 2848 4436 ἐνίοτε
2883 4383 2976 4436 καὶ
3015 4381 3266 4453 ζέφυρος.

425 4476 512 4531 11.
547 4475 690 4532 llora
743 4495 834 4532 xiv
866 4494 987 4548 quae
1034 4478 1089 4532 in
1138 4479 1311 4532 cauda
1345 4477 1544 4532 Leonis
1579 4483 1661 4530 est
1706 4489 1929 4541 vespere

2104 4472 2195 4526 ια’.
2217 4473 2357 4546 ’Ὠρᾳ
2385 4473 2444 4526 ιδ’
2471 4474 2500 4526 6
2533 4475 2625 4526 ἐπὶ
2654 4477 2752 4545 τῆς
2781 4476 2946 4546 οὐρᾶς
2975 4474 3067 4528 τοῦ
3096 4473 3325 4538 Λέοντος
3357 4473 3597 4546 ἑσπέριος

353 4571 546 4624 oritur.
578 4569 722 4626 Hora
745 4588 814 4626 xv
848 4587 946 4626 cor
972 4570 1168 4627 Leonis
1204 4587 1363 4626 mane
1394 4570 1615 4626 occidit.
1652 4567 1927 4638 {Egyptiis

351 4669 782 4731 tempestuosum
813 4663 1036 4725 caalnm,
1061 4673 1115 4717 et
1141 4672 1425 4717 ventorum
1463 4662 1708 4730 pluviosa
1730 4661 1926 4712 intem-

345 4755 550 4810 Heries.
578 4753 835 4810 Dositheo
856 4754 1125 4810 serenitas
1144 4762 1199 4809 et
1230 4754 1500 4808 favonius.

423 4931 510 4985 12.
540 4931 684 4987 Hora
711 4950 801 4988 xw
830 4931 1110 5003 splendida
1131 4931 1299 5003 Cygni
1336 4933 1640 5000 vespertina
1663 4931 1884 4987 occidit.

420 5112 506 5167 15.
544 5111 690 5166 Hora
725 5129 794 5166 xv
822 5121 1096 5181 postrema
1122 5109 1292 5164 Fluvii
1321 5111 1697 5168 absconditur.
1731 5112 1925 5181 Splen-

351 5201 474 5255 dida
510 5203 694 5257 Persei
739 5203 916 5255 oritur
954 5202 1240 5258 matutino.
1306 5203 1599 5274 Splendida
1635 5203 1786 5274 Lyrze
1835 5221 1924 5258 vc-

349 5297 588 5364 spertina
617 5295 838 5349 occidit.
858 5295 1129 5366 A‘lgyptiis
1158 5305 1417 5352 ventosus
1442 5297 1565 5352 caeli
1590 5306 1786 5351 status.
1805 5296 1912 5351 CIB-

350 5391 459 5444 sari
490 5388 692 5458 pluvia.
726 5385 1035 5442 Democrito
1070 5388 1319 5444 favonius
1356 5390 1481 5444 [lare
1519 5389 1726 5460 incipit.

422 5563 508 5617 Η.
550 5563 693 5617 Hora
721 5580 819 5618 xm
861 5584 980 5636 qua:
1011 5578 1095 5624 est
1130 5569 1181 5624 in
1229 5572 1402 5624 cauda
1460 5570 1658 5624 Leonis
1700 5585 1922 5640 vespere

345 5653 542 5718 Oritur.
587 5653 877 5726 Egyptiis,
914 5659 1135 5716 Eudoxo
1186 5662 1398 5716 initium
1429 5663 1592 5717 veris.
1646 5661 1918 5717 Interdum

345 5744 564 5808 luerunt.

2029 4565 2328 4619 ἀνατέλλει.
2374 4568 2516 4638 Ὥρα
2553 4575 2610 4619 ιε’
2649 4569 2678 4620 6
2729 4567 2823 4620 Eni.
2856 4568 2955 4638 τῆς
2997 4567 3222 4639 καρδίας
3253 4567 3349 4620 τοῦ
3383 4567 3597 4628 Λέοντος

2029 4653 2164 4722 ἑῷος
2212 4654 2374 4707 δύνει.
2414 4656 2730 4722 Αἰγυπτίοις
2783 4657 3099 4726 περίστασις
3145 4655 3467 4728 χειμερινὴ,
3514 4655 3599 4708 καὶ

2029 4747 2247 4818 ἀνέμων
2295 4749 2534 4820 ἀκρασία
2561 4748 2854 4821 ἔπομϐρος.
2882 4747 3114 4818 Δοσιθέῳ
3145 4747 3298 4801 εὐδία
3331 4749 3427 4805 καὶ
3447 4748 3598 4819 ζέφυ-

2030 4855 2141 4910 ρος.

2099 4933 2186 5003 ιβ’.
2219 4932 2359 5004 Ὦρα
2429 4932 2488 4987 ιδ’
2518 4935 2547 4986 ὁ
2605 4933 2852 5006 λαμπρὸς
2894 4934 2986 4988 τοῦ
3057 4936 3310 5006 Ὄρνιθος
3352 4934 3596 5003 ἑσπέριος

2022 5024 2190 5078 δύνει.

2098 5123 2187 5184 ιγ’.
2227 5115 2368 5187 ’Ὠρᾳ
2401 5123 2460 5168 ιε’
2487 5118 2515 5169 ὁ
2548 5117 2772 5187 ἔσχατος
2797 5115 2892 5170 τοῦ
2919 5115 3172 5186 Ποταμοῖ)
3203 5116 3528 5188 κρύπτεται.
3544 5115 3596 5166 Ὀ

2024 5208 2279 5281 λαμπρὸς
2325 5210 2418 5263 τοῦ
2466 5211 2722 5282 Περσέως
2762 5210 2895 5282 ἑῷος
2919 5209 3213 5265 ἀνατέλλει.
3260 5211 3320 5263 '0
3355 5209 3596 5281 λαμπρὸς

2023 5299 2124 5369 τῆς
2173 5300 2356 5374 Δύρας
2409 5301 2664 5372 ἑσπέριος
2727 5300 2892 5355 δύνει.
2949 5298 3266 5368 Αἰγυπτίοις
3322 5299 3594 5370 ἀνεμὼδης

2027 5391 2235 5456 στάσις.
2269 5394 2508 5466 Καίσαρι
2547 5392 2716 5450 ύετία.
2752 5391 3072 5465 Δημοκρίτῳ
3105 5389 3342 5463 ζέφυρος
3382 5393 3594 5464 ἄρχεται

2026 5498 2196 5537 πνειν.

2108 5575 2185 5628 ιδ’.
2215 5576 2356 5647 Ὣρᾳ
2390 5577 2457 5644 ιγ’
2483 5577 2512 5629 ὁ
2541 5578 2633 5631 ἐπὶ
2663 5578 2943 5650 τῆςοούρᾶς
2971 5575 3065 5629 τοῦ
3095 5576 3322 5639 Λέοντος
3353 5575 3596 5650 ἑσπέριος

2026 5666 2326 5720 ἀνατέλλει.
2389 5669 2710 5736 Αἰγυπτίοις
2783 5669 2874 5723 καὶ
2939 5667 3149 5732 Εύδὸξι.ι
3209 5667 3371 5740 ἔαρος
3439 5650 3593 5739 apii}.

2041 5759 2235 5823 Ἐνίοτς
2269 5761 2544 5833 χειμάζει.
