3786 6322
503 339 615 400 891

1571 344 1665 400 AD
1695 341 1973 403 susse“
1994 328 2394 400 canonﬁoiv
2433 339 2802 398 APPENDIX.

3659 344 3760 402 892

517 464 810 519 tecedente
846 471 931 519 est
971 463 1189 520 Orionis
1236 462 1488 520 humero.
1515 462 1720 521 Auster
1756 463 1843 521 vel
1871 470 2087 535 septeno

2251 462 2309 514 ὲν
2339 459 2418 533 τῷ
2435 461 2728 533 ἡγουμένῳ
2750 458 2884 530 ὤμῳ
2904 458 2998 513 τοῦ
3033 459 3304 533 Ὠρίωνος.
3327 458 3499 524 Νότος
3527 460 3561 532 ἢ
3590 461 3753 536 ἀπαρι-

518 560 629 609 trio
652 553 898 626 frigidus.

590 645 681 699 27.
710 644 852 700 Hora
872 659 973 700 xm
1002 645 1103 718 1/2
1117 646 1264 702 clara
1310 644 1640 701 Sucularum
1672 659 1834 701 mane
1863 644 2087 702 occidit.

518 735 668 792 liora
700 754 771 792 xv
802 753 923 808 quae
976 753 1103 794 cum
1143 753 1280 794 zona
1312 737 1535 797 Orionis
1573 748 1659 797 est
1703 738 2088 796 absconditur.

520 829 794 901 lEgyptiis
830 840 883 886 et
904 830 1103 887 Caesari
1136 839 1456 903 tempestas.

587 922 677 976 28.
711 921 854 977 Hora
884 940 978 979 xm
996 922 1098 996 1/2
1115 924 1418 980 communis
1435 922 1608 979 Fluvii
1627 932 1677 981 et
1697 926 1852 996 pedis
1871 924 2092 983 Orionis

518 1016 795 1071 conditur.
815 1016 1017 1072 Lucida
1040 1016 1196 1090 Lyra:
1224 1018 1328 1073 sub
1356 1033 1639 1088 vesperam
1682 1020 1879 1076 oritur.
1922 1017 2093 1092 Egy-

518 1106 646 1176 ptiis
676 1105 881 1163 africus
909 1109 992 1163 vel
1030 1117 1255 1175 auster;
1276 1109 1479 1179 pluvia.

586 1199 678 1256 29.
704 1200 849 1257 Hora
872 1219 962 1259 xiv
980 1202 1084 1274 1/2
1098 1204 1247 1258 clara
1277 1203 1536 1260 australis
1565 1203 1745 1261 Chela:
1770 1220 1928 1262 mane
1942 1205 2091 1261 occi-

517 1293 617 1349 dit.
651 1292 795 1349 Hora
818 1310 887 1349 xv
910 1310 1033 1365 qua:
1063 1294 1120 1349 in
1148 1294 1493 1366 prmcedente
1522 1294 1753 1351 humero
1770 1295 1993 1352 Orionis
2009 1304 2095 1352 est

516 1384 893 1441 absconditur.
942 1384 1216 1457 Egyptiis
1268 1386 1474 1445 africus
1514 1388 1597 1444 vel
1625 1397 1844 1458 auster;
1883 1389 2091 1461 pluvia.

511 1475 830 1533 .llfetrodoro
858 1478 1088 1549 grando.

581 1567 673 1625 30.
708 1567 983 1642 {Egyptiis
1001 1579 1056 1627 et
1077 1569 1303 1626 Eudoxo
1338 1570 1554 1628 stillans
1584 1571 1781 1629 imber.

886 1732 891 1739 ~
1006 1703 1213 1771 Maius,
1236 1705 1344 1761 sive
1367 1705 1604 1767 Pachon.
1700 1732 1701 1735 η

2193 551 2351 615 κτίας
2376 550 2600 624 ψυχρός.

2260 639 2363 707 κζ’.
2395 643 2537 715 Ὦρα
2569 641 2757 715 ιγ¹8⁹’,ό
2785 641 3035 714 λαμπρὸς
3065 642 3171 696 τῶν
3207 642 3414 698 Ὑάδων
3438 642 3568 715 ἑῷος
3599 644 3750 703 δύνει.

2194 734 2336 806 Ὦρα
2371 741 2433 789 ιε’
2459 737 2489 790 6
2524 733 2663 807 μετὰ
2691 735 2793 806 τῆς
2826 734 3012 808 ζώνης
3031 735 3125 790 τοῦ
3170 735 3423 809 Ὠρίωνος
3450 736 3750 809 κρύπτεται.

2191 827 2531 896 Αἰγυπτίοις,
2568 828 2807 901 Καίσαρι
2841 830 3132 901 χειμαίνει.

2262 922 2369 990 κη’.
2397 917 2537 990 Ὥρα
2566 917 2633 987 ιγ’
2638 915 2704 973 S"
2735 919 2763 971 6
2793 918 2970 983 κοινὸς
2997 918 3248 992 Ποταμοῦ
3281 919 3376 974 καὶ
3395 919 3553 985 ποδὸς
3586 919 3755 993 Ὠρίω-

2191 1026 2282 1074 νος
2312 1009 2635 1081 κρύπτεται.
2674 1012 2733 1065 '0
2761 1011 3012 1083 λαμπρὸς
3040 1013 3141 1085 τῆς
3160 1013 3345 1085 Δύρας
3370 1014 3616 1087 ἑσπέριος
3638 1014 3755 1068 ἁνα-

2190 1099 2385 1155 τέλλει.
2425 1100 2745 1170 Αἰγυπτίοις
2775 1100 2870 1173 λίψ
2904 1102 2937 1175 ἤ
2970 1102 3143 1168 νότος·
3174 1104 3352 1159 ὑετία.

2262 1190 2366 1247 κΘ¹.
2401 1191 2543 1264 Ὥρα
2579 1188 2706 1247 ιδ’8”
2735 1194 2765 1247 6
2796 1192 3048 1267 λαμπρὸς
3089 1194 3191 1266 τῆς
3218 1194 3397 1249 νοτίου
3425 1194 3607 1266 Χηλῆς
3635 1193 3755 1266 ἑῷος

2190 1279 2356 1336 δύνει.
2393 1281 2535 1354 Ὦρα
2566 1289 2624 1335 ιε’
2652 1284 2681 1337 6
2714 1284 2775 1337 ὲν
2796 1283 2876 1356 τῷ
2909 1285 3199 1358 ἡγουμένῳ
3226 1278 3364 1358 ὤμῳ
3386 1285 3481 1339 τοῦ
3522 1286 3753 1358 Ὠρίωνος

2191 1371 2511 1444 κρύπτεται.
2530 1375 2848 1445 Αἰγυπτίοις
2870 1375 2963 1449 λίψ
2987 1377 3020 1451 ἢ
3042 1378 3212 1444 νότος·
3237 1378 3410 1432 ὑετία.
3427 1377 3757 1451 Μητροδώρῳ

2191 1465 2426 1537 χάλαζα.

2260 1556 2325 1613 λ’.
2356 1558 2694 1628 Αἰγυπτίοις,
2729 1558 2948 1631 Εὐδόξῳ
2970 1560 3174 1632 ψακὰς.

2661 1694 2802 1763 Μὴν
2825 1695 3035 1762 Μάτος,
3066 1694 3303 1767 Παχών.

586 1840 639 1895 ι.
675 1837 822 1895 Hora
843 1854 937 1894 xiv
959 1837 1065 1912 1/2
1080 1839 1230 1894 clara
1256 1839 1414 1896 stella
1430 1833 1616 1897 Persei
1638 1855 1860 1913 vespere
1890 1842 2085 1900 oritur.

2259 1833 2327 1882 α’.
2346 1828 2487 1901 ’Ὢρᾳ
2517 1827 2690 1884 ιδ’5”ὀ
2710 1829 2959 1901 λαμπρὸς
2977 1829 3072 1885 τοῦ
3094 1831 3350 1904 Περσέως
3371 1832 3618 1905 ἑσπέριος
3640 1834 3754 1888 ἁνα-

515 1930 662 1986 Hora
687 1948 755 1989 xv
774 1930 1028 2004 [x1v]1/2
1049 1947 1169 2002 qua:
1184 1931 1238 1986 in
1259 1948 1396 1987 zona
1420 1943 1503 1990 est
1524 1931 1742 1990 Orionis
1766 1935 2089 1990 occultatur.

447 2022 454 2030 ”
511 2024 680 2081 Clara
703 2025 834 2081 item
850 2026 1109 2081 australis
1136 2025 1316 2082 Chelas
1341 2027 1611 2082 matutino
1655 2028 1879 2085 occidit.
1922 2027 2092 2101 Egy—

515 2116 648 2188 ptiis
706 2132 909 2174 caurus
981 2117 1068 2174 vel
1135 2117 1443 2192 zephyrus;
1500 2119 1703 2191 pluvia.
1769 2118 2093 2176 Euctemoni

513 2211 747 2285 grando.
824 2210 826 2212 ’

584 2303 641 2360 2.
674 2303 823 2360 Hora
860 2318 952 2359 xiv
969 2303 1071 2376 1/2
1093 2302 1273 2375 Capra
1291 2317 1449 2358 mane
1483 2302 1683 2359 oritur.
1710 2303 1845 2370 Quae
1881 2304 1938 2359 in
1965 2317 2094 2359 suc-

510 2395 744 2453 cedente
765 2403 851 2453 est
883 2394 1103 2454 Orionis
1134 2396 1363 2452 humero
1392 2396 1622 2452 celatur.
1647 2396 1922 2470 Egyptiis
1943 2397 2092 2454 venti

509 2488 885 2544 dominantur.
921 2488 1148 2560 Calippo
1167 2488 1425 2543 humidus
1447 2496 1531 2545 est
1563 2489 1703 2545 dies.

581 2582 634 2638 5.
671 2580 816 2637 Hora
860 2598 961 2637 xm
1006 2582 1316 2638 communis
1360 2579 1538 2636 Fluvii
1585 2589 1641 2637 et
1680 2581 1835 2653 pedis
1873 2578 2092 2637 Orionis

504 2673 896 2730 absconditur.
927 2674 1165 2731 Antares
1194 2688 1425 2744 vespere
1460 2673 1662 2728 oritur.
1698 2671 1843 2727 Hora
1878 2689 1948 2728 xv
1985 2671 2090 2728 Ca-

506 2767 602 2824 nis
630 2766 1009 2824 absconditur.
1042 2765 1318 2839 Egyptiis
1355 2771 1577 2822 ventus.
1614 2763 1850 2821 Eudoxo
1879 2763 2089 2836 pluvia.

586 2950 641 3008 ι.
675 2949 821 3006 Hora
847 2966 939 3005 xiv
960 2964 1085 3021 quae
1109 2948 1166 3004 in
1190 2945 1532 3019 praecedente
1566 2944 1797 3000 humero
1822 2951 1907 3000 est
1933 2941 2092 2999 Orio-

508 3043 625 3107 quis,
647 3049 701 3098 et
726 3055 848 3111 qua:
873 3038 942 3095 ad
966 3054 1158 3094 zonam
1190 3036 1836 3108 ejusdem,oceultantur.
1857 3034 2092 3104 Antares

2190 1916 2384 1972 τέλλει.
2417 1919 2560 1993 Ὅρα
2597 1919 2730 1975 ιδ’8”
2765 1922 2794 1973 6
2826 1922 2966 1993 μετὰ
3018 1922 3121 1994 τῆς
3166 1922 3344 1996 ζώνης
3387 1925 3484 1978 τοῦ
3526 1926 3754 1997 Ὠρίωνος

2191 2008 2512 2082 κρύπτεται·
2547 2012 2641 2065 καὶ⁵
2664 2014 2692 2067 6
2719 2012 2973 2086 λαμπρὸς
2992 2017 3092 2087 τῆς
3115 2014 3291 2069 νοτίου
3315 2016 3505 2088 Χηλῆς
3527 2016 3656 2089 ἑῷος
3672 2019 3753 2071 δύ-

2190 2119 2291 2156 νει.
2332 2104 2648 2172 Αἰγυπτίοις
2676 2105 2952 2177 ἀργέστης
2981 2107 3015 2179 ἢ
3048 2105 3302 2180 ζέφυρος·
3345 2108 3522 2163 ύετία.
3559 2110 3756 2181 Εὐκτή-

2195 2213 2318 2267 μονι
2340 2195 2572 2266 χάλαζα.

2263 2285 2329 2357 β’.
2363 2288 2503 2360 Ὦρα
2532 2285 2663 2342 ιδ’5”
2683 2289 2712 2341 ὁ
2736 2287 3071 2360 καλούμενος
3091 2288 3192 2356 Αἲξ
3211 2289 3348 2362 ἑῷος
3362 2290 3653 2345 ἀνατέλλει·
3675 2293 3760 2345 καί

2190 2380 2219 2433 ὀ
2247 2381 2304 2432 ἑν
2336 2378 2416 2451 τῷ
2446 2379 2697 2451 ἑπομένῳ
2721 2378 2859 2452 ὤμῳ
2891 2378 2987 2434 τοῦ
3029 2382 3284 2453 Ὠρίωνος
3315 2383 3637 2455 κρύπτεται.
3672 2385 3759 2436 Αἰ-
3784 2416 3786 2423 -

2191 2471 2445 2541 γυπτίοις
2471 2471 2755 2544 ἁνεμώδης
2787 2474 3142 2539 κατάστασις.
3171 2475 3452 2547 Καλίππῳ
3476 2477 3665 2531 νοτίαι.
3784 2520 3786 2525 .

2261 2568 2332 2632 γ’.
2362 2562 2508 2634 τὨρᾳ
2547 2568 2615 2633 ιγ’
2646 2562 2674 2615 6
2705 2563 2884 2627 κοινὸς
2924 2562 3182 2636 Ποταμοῦ
3226 2566 3326 2618 καὶ
3355 2565 3761 2637 ποδδςὨρίωνος

2192 2654 2513 2727 κρύπτεται.
2542 2655 2602 2711 '0
2627 2655 2958 2728 καλούμενος
2984 2657 3252 2730 Ἀντάρης
3278 2659 3532 2732 ἑσπέριος
3552 2660 3762 2714 ἀνατέλ-

2190 2746 2293 2802 λει.
2337 2747 2480 2819 Ὦρα
2515 2753 2587 2801 ἰε’
2618 2746 2783 2802 Κύων
2829 2747 3153 2821 κρύπτεται.
3191 2749 3515 2818 Αἰγυπτίοις
3552 2749 3760 2825 ἄνεμος.

2193 2836 2408 2906 Εὐδόξῳ
2441 2838 2618 2903 ύετός.

2259 2930 2322 2984 δ’.
2358 2930 2499 3004 Ὦρα
2530 2930 2587 2985 ιδ’
2616 2933 2644 2985 6
2670 2933 2731 2985 ἑν
2760 2932 2840 3005 τῷ
2872 2932 3161 3005 ἡγουμένῳ
3189 2932 3328 3006 ὤμῳ
3352 2933 3449 2988 τοῦ
3503 2934 3771 3006 Ὠρίωκως,

2191 3023 2285 3079 καὶ
2317 3024 2346 3077 6
2378 3024 2516 3095 μετὰ
2560 3025 2660 3096 τῆς
2706 3024 2886 3097 ζώνης
2930 3027 3255 3099 κρύπτεται·
3303 3027 3399 3080 καὶ
3439 3028 3469 3080 6
3513 3026 3766 3099 Ἀντάρης

514 3148 745 3205 vespere
796 3132 995 3187 oritur.
1052 3129 1199 3185 Hora
1253 3144 1324 3185 xv
1374 3125 1650 3201 Egyptiis
1684 3126 2087 3199 tranquillitas;

2234 3116 2451 3190 σπέριος
2496 3118 2795 3172 ἀνατέλλει.
2842 3119 2982 3192 Ὥρα
3025 3125 3085 3174 ιε’
3127 3118 3451 3190 Αἰγυπτίοις
3501 3120 3764 3191 νηνεμίαι·

513 3236 719 3283 auster.
744 3223 948 3281 Caesari
984 3223 1208 3280 hiemat.

585 3318 640 3374 5.
673 3316 821 3372 liora
836 3332 935 3372 xm
958 3315 1064 3387 1/2
1077 3313 1334 3370 Canobus
1350 3310 1724 3369 absconditur.
1742 3309 1888 3365 Hora
1906 3325 1977 3365 xv
1993 3309 2097 3382 1/2

507 3408 801 3479 splendida
825 3407 1009 3463 Cbela:
1036 3406 1299 3462 australis
1333 3405 1601 3458 matutina
1662 3403 1886 3458 occidit.
1924 3400 2094 3474 Egy—

509 3502 647 3572 ptiis
690 3499 984 3572 signiﬁcat.
1012 3497 1266 3570 Philippo
1302 3497 1707 3569 tranquillitas,
1751 3502 1848 3550 aut
1886 3504 2092 3551 auster.

520 3589 724 3645 Stillat.

586 3679 642 3734 6.
682 3678 828 3736 Hora
852 3696 953 3735 xm
983 3680 1083 3752 1/2
1111 3694 1233 3752 quae
1274 3680 1342 3736 ad
1364 3678 1614 3734 dextrum
1640 3685 1725 3734 est
1768 3677 2093 3733 anteriorem

519 3773 831 3828 musculum
860 3771 1125 3829 Centauri
1148 3789 1376 3844 vespere
1410 3774 1608 3828 oritur.
1638 3770 1783 3825 Hora
1813 3787 1881 3825 xv
1913 3772 2097 3826 lucida

516 3863 710 3920 Persei
758 3880 984 3938 vespere
1042 3865 1288 3932 occidit;
1334 3880 1455 3936 qua:
1512 3874 1598 3918 est
1648 3864 1705 3918 iu
1765 3864 2098 3920 succedente

522 3959 754 4014 humero
783 3956 1048 4014 Heniochi
1090 3974 1253 4015 mane
1299 3958 1510 4021 oritur;
1538 3972 1660 4027 qua:
1690 3964 1775 4013 est
1813 3956 1869 4012 in
1904 3972 2098 4013 succe-

521 4049 683 4105 dente
723 4047 944 4108 Orionis
985 4051 1215 4107 humero
1258 4050 1536 4107 conditur.
1564 4048 1839 4122 [Egyptiis
1881 4049 2097 4105 stillans

522 4140 718 4198 imber.
1992 4196 1999 4203 .

594 4232 643 4288 7.
684 4232 953 4309 Hora.xm
983 4250 1106 4306 quae
1136 4241 1223 4292 est
1257 4234 1314 4289 in
1346 4231 1706 4304 subsequenti
1739 4229 1960 4289 Orionis
1991 4231 2095 4287 hu-

522 4341 708 4393 mero,
764 4331 821 4380 et
873 4341 996 4398 quae
1043 4326 1101 4382 in
1154 4340 1329 4391 zona,
1380 4339 1595 4381 necnon
1641 4323 1809 4379 Canis
1860 4324 2097 4378 abscon-

518 4418 746 4475 duntur.
826 4434 885 4463 δίη
938 4450 955 4459 α

2199 3209 2371 3274 νότος.
2403 3208 2641 3281 Καίσαρι
2672 3211 2965 3280 χειμαίνει.

2268 3300 2328 3355 ε’.
2361 3301 2503 3372 Ὦρα
2532 3300 2670 3370 ιγ’8”
2713 3303 2741 3354 ὁ
2785 3301 3116 3374 καλούμενος
3162 3302 3426 3368 Κάνωϐος
3460 3302 3766 3377 κρύπτεται.

2198 3393 2340 3464 Ὠρᾳ
2371 3391 2506 3446 ts'S"
2548 3394 2576 3445 6
2604 3391 2856 3465 λαμπρὸς
2892 3394 2990 3464 τῆς
3013 3393 3188 3448 νοτίου
3224 3394 3415 3466 Χηλῆς
3445 3396 3575 3468 ἑῷος
3610 3395 3767 3452 δύνει.

2196 3485 2509 3556 Αἰγυπτίοις
2540 3485 2817 3558 σημαίνει.
2843 3487 3096 3561 Φιλίππῳ
3122 3489 3379 3561 νηνεμία,
3412 3490 3641 3563 ἢηνότος.
3676 3491 3772 3542 Ψα-

2198 3576 2376 3643 κὰζει.

2270 3669 2345 3735 ς’.
2376 3670 2519 3743 ’Ὠρᾳ
2560 3667 2698 3739 ιγ’8”
2723 3670 2752 3723 6
2783 3671 2842 3723 ἑν
2871 3670 2947 3743 τῷ
2976 3671 3298 3743 ἑμπροσθίῳ
3319 3672 3481 3745 δεξιῷ
3505 3673 3773 3746 βατραχεῳ

2198 3761 2293 3815 τοῦ
2332 3761 2646 3835 Κενταύρου
2682 3763 2935 3836 ἑσπέριος
2969 3763 3270 3821 ἀνατέλλει.
3309 3765 3454 3838 ’Ὠρᾳ
3485 3766 3544 3820 ιε’
3571 3769 3611 3820 ὁ
3643 3767 3772 3837 λαμ·

2200 3856 2337 3932 πρὸς
2368 3856 2461 3910 τοῦ
2498 3858 2753 3930 Περσέως
2788 3858 3042 3931 ἑσπέριος
3074 3859 3239 3913 δύνει·
3274 3859 3304 3911 6
3342 3863 3401 3914 ἐν
3431 3861 3510 3932 τῷ
3534 3861 3775 3932 ἑπομένῳ

2199 3948 2335 4020 ὤμῳ
2359 3948 2455 4002 τοῦ
2494 3949 2741 4020 Ἠνιόχου
2769 3947 2903 4021 ἑῷος
2933 3950 3233 4005 ἀνατέλλει·
3268 3952 3366 4005 καὶ
3402 3952 3434 4005 6
3467 3955 3524 4006 ὲν
3554 3952 3637 4025 τῷ
3664 3955 3775 4005 ἑπο-

2203 4041 2348 4117 μένῳ
2362 4039 2496 4114 ὥμῳ
2512 4042 2606 4096 τοῦ
2636 4042 2886 4114 Ὠρίωνος
2909 4044 3233 4116 κρύπτεται.
3248 4045 3565 4114 Αἰγυπτίοις
3580 4045 3774 4116 ψακὰς.

2272 4213 2337 4279 ζ’.
2378 4213 2515 4286 ’Ὠρᾳ
2546 4219 2614 4283 ιγ’
2652 4215 2681 4267 6
2710 4214 2770 4267 ἑν
2806 4212 2885 4284 τῷ
2931 4213 3185 4286 ἑπομένῳ
3209 4213 3349 4288 ὡμφ
3385 4214 3483 4269 τοῦ
3538 4215 3779 4288 Ὠρίωνος

2203 4305 2525 4379 κρύπτεται·
2569 4304 2666 4360 καὶ
2707 4305 2737 4358 6
2781 4305 2924 4377 μετὰ
2958 4305 3058 4378 τῆς
3099 4305 3279 4379 ζώνης
3328 4306 3656 4374 κρύπτεται·
3696 4306 3778 4361 καὶ

2202 4396 2369 4452 Κύων
2395 4394 2717 4467 κρύπτεται.

590 4510 644 4567 8.
680 4508 825 4566 Hora
850 4484 948 4566 xiv
974 4510 1127 4567 clara
1172 4510 1334 4568 stella
1378 4508 1537 4583 Lyrae
1584 4523 1816 4580 vespere
1866 4506 2042 4562 oritiIr
2079 4520 2087 4558 :

2270 4497 2343 4564 η’.
2377 4491 2521 4563 ’Ὠρᾳ
2551 4490 2656 4545 ιδ’ό
2676 4491 2936 4566 λαμπρὸς
2957 4492 3055 4565 τῆς
3083 4490 3272 4564 Δύρας
3300 4488 3554 4563 ἑσπέριος
3566 4486 3781 4543 ἀνατέλο

521 4604 652 4659 item
694 4604 842 4660 clara
892 4604 1066 4677 Cygni
1103 4620 1334 4676 vespere
1373 4606 1582 4672 oritur;
1630 4618 1754 4675 quae
1799 4602 1858 4657 in
1906 4600 2102 4657 subse-

519 4705 722 4768 quente
765 4705 852 4753 est
889 4696 1111 4754 Orionis
1158 4698 1389 4753 humero
1420 4696 1655 4752 celatur.
1682 4694 1848 4750 Clara
1892 4692 1947 4748 in
1997 4706 2099 4745 au-

519 4788 675 4843 strali
701 4788 871 4845 Chela
893 4803 1056 4846 mane
1075 4789 1300 4846 occidit.
1321 4786 1594 4861 Egyptiis
1625 4800 1830 4843 caurus
1851 4792 1907 4840 et
1928 4782 2102 4840 imber

521 4884 820 5004 te'gfllslora
854 4965 948 5004 xiv
978 4948 1159 5022 Capra
1187 4965 1351 5006 mane
1391 4957 1587 5005 oritur.
1617 4949 1778 5005 Clara
1810 4948 1968 5006 stella
2010 4945 2102 5002 Pi-

522 5038 635 5095 scis
656 5040 915 5097 australis
942 5041 1419 5113 oriturJEgyptiis
1443 5041 1660 5099 stillans
1692 5042 1887 5097 imber.

596 5131 686 5187 10.
728 5131 874 5188 liora
903 5148 1003 5188 xm
1023 5133 1129 5205 1/2
1144 5134 1326 5190 lucida
1356 5134 1805 5192 Chelaaaustralis
1834 5132 2102 5190 matutino

522 5221 748 5277 occidit.
778 5221 1042 5280 Dositheo
1069 5225 1271 5296 pluvia.

595 5314 680 5369 Η.
716 5313 864 5370 Hora
900 5331 1000 5371 xm
1028 5333 1151 5389 quae
1186 5319 1241 5373 in
1292 5319 1665 5390 subsequente
1714 5318 1936 5375 Orionis
1995 5318 2100 5374 hu-

525 5422 700 5473 irero,
729 5408 1006 5466 conditur.
1040 5410 1314 5484 Egyptiis
1338 5414 1518 5469 ventis
1548 5413 1782 5470 infestus
1809 5428 1923 5468 acr.

601 5500 689 5555 12.
718 5500 864 5557 Hora
900 5518 998 5557 xm
1034 5503 1212 5574 Capra
1259 5520 1418 5560 mane
1445 5505 1644 5560 oritur.
1672 5504 1835 5559 Canis
1867 5507 2102 5560 abscon-

526 5592 693 5649 ditur.
742 5594 951 5650 Lucida
998 5595 1183 5654 Persei
1233 5597 1454 5653 occidit.
1511 5597 1782 5669 Egyptiis
1841 5605 2100 5654 ventosus

526 5682 665 5742 dies.

603 5779 685 5839 15.
724 5779 995 5856 [Egyptiis
1018 5780 1291 5853 favonius,
1323 5790 1413 5838 aut
1447 5794 1679 5849 caurus;
1711 5780 1914 5851 ilum.

2200 4583 2302 4637 λει·
2330 4582 2426 4637 καὶ
2451 4582 2481 4635 6
2503 4581 2760 4656 λαμπρὸς
2790 4583 2887 4638 τοῦ
2926 4582 3180 4658 Ὄρνιθος
3207 4581 3465 4655 ἑσπέριος
3493 4580 3780 4635 ἀνατέλλει·

2201 4675 2297 4731 καὶ
2327 4677 2356 4730 6
2387 4677 2445 4730 ὲν
2471 4673 2548 4747 τῷ
2586 4675 2842 4748 ἑπομένῳ
2868 4674 3005 4748 ὤμῳ
3042 4673 3136 4729 τοῦ
3178 4674 3439 4746 Ὠρίωνος
3468 4670 3782 4745 κρύπτεται.

2213 4768 2271 4823 'O
2300 4766 2553 4841 λαμπρὸς
2584 4769 2687 4840 τῆς
2711 4769 2893 4823 νοτίου
2912 4767 3100 4842 Χηλῆς
3130 4766 3268 4840 ἑῷος
3290 4764 3459 4821 δύνει.
3480 4765 3786 4837 Αἰγυπτίοις

2199 4860 2479 4932 ἀργέστης
2516 4861 2612 4915 καὶ
2640 4858 2849 4932 ψακὰς.

2270 4951 2338 5006 θ’.
2377 4951 2522 5024 Ἥρᾳ
2570 4950 2631 5005 ιδ’
2665 4950 2767 5017 Αἲξ
2815 4950 2949 5023 ἑῷος
2985 4950 3295 5011 ἀνατέλλει.
3313 4952 3373 5008 ’O
3412 4950 3666 5025 λαμπρὸς
3697 4947 3786 5005 τοῦ

2200 5044 2377 5100 νοτίου
2415 5042 2625 5115 Ἰχθύος
2657 5043 2952 5098 ἐπιτέλλει.
2983 5044 3311 5113 Αἰγυπτίοις
3333 5044 3538 5114 ψακὰς.

2275 5140 2327 5187 ι’.
2361 5133 2503 5205 ’Ὦρα
2532 5131 2672 5203 ιγ’ὃη
2713 5134 2743 5207 6
2787 5132 3041 5207 λαμπρὸς
3079 5134 3183 5206 τῆς
3223 5134 3405 5190 νοτίου
3449 5133 3638 5207 Χηλῆς
3661 5132 3786 5204 ἑῷις

2201 5224 2366 5281 δύνει.
2399 5223 2637 5295 Δοσιθέῳ
2664 5225 2840 5282 ύετία.

2275 5322 2362 5373 ια’.
2395 5316 2546 5389 ’Ὡρᾴ
2561 5322 2630 5387 ιγ’
2656 5317 2686 5375 ὁ
2719 5318 2777 5373 ἑν
2805 5317 2885 5390 τῷ
2927 5316 3181 5391 ἑπομένῳ
3224 5316 3367 5391 ὥμῳ
3391 5318 3487 5373 τοῦ
3540 5317 3786 5392 Ὠρίωνος

2204 5410 2527 5482 κρύπτεται.
2551 5409 2874 5478 Αἰγυπτίοις
2898 5408 3183 5482 ἀνεμώδης
3213 5411 3570 5474 κατάστασις.

2277 5501 2365 5572 ιβ’.
2395 5501 2539 5574 ’Ὠρᾳ
2565 5507 2633 5570 ιγ’
2655 5500 2755 5567 Αἲξ
2788 5501 2922 5572 ἑῷος
2945 5501 3247 5556 ἀνατέλλει.
3270 5504 3440 5558 Κύων
3475 5502 3786 5575 κρύπτεται.

2215 5593 2272 5646 'O
2300 5590 2660 5664 λαμπρὸςτοῦ
2691 5593 2946 5663 Περσέως
2972 5590 3137 5649 δύνει.
3155 5594 3485 5662 Αἰγυπτίοις
3518 5594 3786 5666 ἁνεμὼξης

2207 5722 2224 5739 .
2244 5687 2563 5747 ατάστασις.

2278 5784 2367 5853 ιγ’.
2403 5779 2719 5850 Αἰγυπτίοις
2746 5778 2976 5851 ζέφυρος
3006 5777 3037 5850 ἢ
3065 5778 3366 5852 ἀργέστης·
3399 5780 3573 5841 ύετία.
