3786 6312
576 337 682 396 895

649 454 703 510 6.
735 455 1045 527 Hipparcho
1074 459 1259 510 auster
1289 463 1382 507 aut
1405 452 1675 510 favonius.

647 548 700 604 5.
741 546 884 602 Hora
915 563 1006 602 xw
1035 546 1138 618 1/2
1164 561 1285 616 quae
1312 545 1378 600 ad
1409 545 1787 601 succedentem
1830 546 2139 602 musculum

576 641 838 697 Centauri
868 648 953 695 est
985 653 1211 710 vespere
1241 639 1437 693 oritur.
1460 636 1604 691 Hora
1634 654 1702 692 xv
1720 635 1896 708 Capra
1919 653 2142 708 vespere

577 731 813 788 occidit:
851 746 969 801 qua:
997 731 1051 784 in
1100 729 1430 786 succedente
1473 738 1555 787 est
1605 729 1868 787 Heniochi
1915 731 2141 787 humero

575 838 802 892 vespere
830 821 1057 877 occidit.

643 915 696 968 6.
732 913 876 969 Hora
905 930 996 968 xw
1037 913 1285 984 Procyon
1327 915 1667 981 occultatur;
1708 914 1894 970 lucida
1927 905 2139 987 Aquilae

571 1020 797 1075 vespere
819 1006 993 1061 oritur
1019 1021 1033 1058 :
1064 1022 1184 1077 quae
1202 1007 1268 1062 ad
1293 1023 1431 1080 genu
1455 1006 1738 1080 Sagittarii
1769 1014 1852 1065 est
1872 1009 2139 1065 matutino

572 1098 793 1153 occidit.

645 1188 693 1241 7.
731 1187 876 1242 Hora
911 1205 1001 1244 xw
1022 1189 1126 1260 1/2
1156 1189 1338 1245 lucida
1374 1189 1700 1246 Sucularum
1717 1191 1910 1248 oritur.
1942 1190 2140 1246 Arctu-

569 1292 666 1332 rus
695 1279 996 1336 matutinus
1026 1281 1248 1338 occidit.
1285 1281 1559 1355 {Egyptiis
1600 1281 1872 1340 favonius.
1912 1282 2138 1340 Eudoxo

569 1369 855 1435 humidum
884 1374 1103 1429 cmlum.

642 1461 695 1516 8.
730 1461 873 1517 Hora
903 1481 939 1518 x
970 1464 1241 1536 Egyptiis
1269 1465 1520 1522 favonius
1549 1466 1720 1537 spirat
1744 1473 1837 1522 aut
1869 1482 2087 1524 caurus.

638 1553 692 1608 9.
721 1553 863 1609 Ilora
893 1572 986 1611 xw
1011 1557 1114 1627 1/2
1137 1574 1257 1628 quae
1293 1558 1358 1612 ad
1389 1575 1528 1630 genu
1549 1559 1827 1630 Sagittarii
1860 1568 1942 1618 est
1976 1577 2135 1618 mane
2216 1599 2218 1601 -

1621 336 1710 391 Αι)
1749 334 2015 392 EUSEBH
2054 333 2449 392 cunomcmv
2489 336 2853 396 aspexerit.
2939 321 2942 324 ’

3698 343 3773 398 896

2162 455 2210 509 Α
2305 455 2365 510 δ’.
2407 455 2689 528 Ἱππάρχῳ
2712 456 2916 526 νότοςῆ
2949 432 3195 526 ζέιέυρος.

2310 552 2369 599 ε’.
2407 547 2548 619 Ἥρᾳ
2579 547 2704 602 ιδ’ὃη
2730 549 2759 599 6
2789 550 2845 600 ἑν
2872 547 2952 618 τῷ
2978 548 3224 618 ἑπομένῳ
3270 546 3542 618 βατραχίῳ
3556 547 3646 602 τοῦ
3673 550 3774 602 Kay-

2241 637 2437 707 ταύρου
2459 638 2706 710 ἑσπέριος
2725 639 3025 692 ἀνατέλλει.
3054 639 3194 710 Ὦρα
3217 645 3274 691 ιε’
3297 640 3326 692 6
3354 637 3675 709 καλούμενος
3702 644 3773 706 Αἴξ

2240 729 2491 801 ἑσπέριος
2518 730 2680 785 δύνει·
2715 733 2743 785 6
2770 733 2826 787 ἑν
2855 729 2935 802 τῷ
2965 731 3213 802 ἑπομένῳ
3241 730 3334 784 τοῦ
3372 733 3609 802 Ἦνιόχου
3639 733 3773 785 ἑσπέ-

2242 836 2354 891 ριος
2378 819 2545 875 δύνει.

2312 918 2386 975 ς’.
2421 912 2561 983 Ὥρα
2605 910 2663 964 ιδ’
2695 911 2953 984 Προκύων
2983 913 3299 983 κρύπτεται·
3351 913 3380 966 6
3424 914 3666 986 λαμπρὸς
3702 915 3772 966 τοῦ

2252 1002 2434 1054 Ἀετοῦ
2468 1005 2714 1074 ἑσπέριος
2749 1004 3046 1058 ἀνατέλλει·
3083 1005 3175 1060 καὶ
3209 1009 3238 1060 ό
3275 993 3418 1059 ’κατὰ
3449 1007 3508 1058 τὸ
3539 1007 3660 1074 γόνυ
3698 1007 3774 1058 Το-

2241 1091 2391 1155 ξότου
2425 1095 2556 1162 ἑῷος
2582 1094 2743 1148 δύνει.

2308 1184 2372 1248 ζ’.
2411 1187 2550 1258 Ὦρα
2588 1185 2712 1240 t6'S"
2746 1189 2773 1239 6
2809 1186 3058 1259 λαμπρὸς
3107 1187 3214 1239 τῶν
3257 1186 3464 1240 Ὑάδων
3512 1186 3766 1239 ἐπιτέλλει.

2251 1277 2571 1350 Ἀρκτοῦρος
2598 1279 2730 1350 ἑῷος
2761 1279 2928 1334 δύνει.
2960 1280 3274 1348 Αἰγυπτίοις
3304 1279 3557 1350 ζέφυρος.
3586 1279 3768 1348 Εὐδόξῳ

2238 1372 2429 1425 νοτίαι.

2307 1469 2376 1534 η’.
2408 1463 2548 1534 Ὥρα
2585 1461 2614 1516 ι’
2642 1465 2952 1531 Αἰγυπτίοις
2981 1464 3210 1536 ζέφυρος
3241 1467 3364 1517 πνεῖ
3391 1464 3422 1534 ἡ
3453 1464 3726 1534 ἀργέστης.

2310 1555 2375 1609 θ’.
2413 1556 2552 1627 Ὥρα
2597 1555 2721 1610 ιδ’5”
2775 1559 2804 1610 6
2838 1556 2976 1610 κατὰ
3009 1557 3067 1610 τὸ
3109 1557 3235 1624 γόνυ
3275 1554 3370 1608 τοῦ
3397 1554 3620 1620 Τοξότου
3664 1556 3770 1624 ἑῷος

561 1646 785 1702 occidit.
810 1646 955 1702 Hora
994 1665 1065 1702 xv
1109 1650 1288 1706 lucida
1325 1653 1551 1722 Aquarii
1604 1655 1926 1709 occultatur.
1962 1653 2126 1726 Egy-

2280 1647 2397 1701 ivst.
2431 1649 2570 1720 Ὥρα
2599 1655 2656 1701 ιε’
2689 1650 2717 1702 6
2739 1648 2990 1720 λαμπρὸς
3021 1647 3114 1701 τοῦ
3156 1646 3440 1719 ’Υδροχόου
3476 1646 3765 1717 κρύπτεται.

567 1737 696 1806 ptiis
727 1753 930 1795 caurus
976 1747 1032 1796 et
1072 1741 1286 1798 stillans
1318 1743 1510 1799 imber.
1549 1743 1857 1802 Democrito
1887 1746 2126 1818 pluvium

2286 1738 2550 1807 ίγυπτίοις
2586 1739 2854 1811 ἀργέστης
2888 1739 2982 1793 καὶ
3031 1738 3228 1806 ψακὰς.
3281 1737 3606 1809 Δημοκρίτῳ
3653 1737 3772 1805 ὕδωρ

564 1829 792 1885 οωιιιιιι.

2280 1832 2326 1884 τὶ
2353 1831 2476 1900 γῆν.

635 1919 724 1975 10.
756 1920 901 1976 Hora
942 1940 1038 1994 xm
1066 1924 1168 1995 1/2
1198 1942 1319 1996 quae
1348 1927 1401 1981 in
1431 1929 1605 1998 capite
1630 1929 2001 1988 antecedentis
2028 1929 2133 1988 Ge-

543 2012 875 2081 minorum,
909 2017 1286 2072 absconditur.
1315 2018 1520 2076 Caesari
1567 2021 1809 2076 tonitrua
1845 2038 1970 2078 cum
2009 2021 2132 2094 plu-

564 2119 678 2160 713.

633 2192 721 2246 11.
751 2193 896 2250 Hora
930 2211 1024 2250 xm
1044 2195 1147 2268 1/2
1162 2213 1282 2268 qua:
1309 2198 1363 2254 in
1385 2199 1562 2271 capite
1579 2203 1934 2274 praecedentis
1950 2205 2133 2261 Gemi-

561 2297 780 2350 norum,
812 2286 1186 2341 absconditur.

633 2371 720 2429 12.
759 2374 901 2432 Hora
923 2391 1014 2432 xw
1039 2377 1140 2450 1/2
1155 2395 1276 2450 qua
1301 2380 1369 2436 ad
1397 2398 1536 2454 genu
1562 2382 1943 2455 Sagittariiest
1972 2401 2131 2442 mane

553 2467 793 2535 occidit;
826 2476 880 2524 et
917 2486 1036 2539 quae
1063 2473 1117 2526 in
1159 2474 1336 2543 capite
1358 2482 1443 2530 est
1483 2477 1836 2547 praecedentis
1875 2477 2132 2535 Gemino.

556 2573 681 2613 rum
709 2574 868 2614 mane
885 2562 1220 2630 occultatur;
1254 2573 1308 2620 et
1354 2566 1534 2622 lucida
1578 2567 1902 2624 Sucularum
1931 2573 2124 2625 oritur.

629 2650 714 2704 13.
743 2649 884 2705 Hora
900 2668 986 2726 xv
1007 2652 1106 2724 1/2
1126 2671 1246 2724 qua:
1262 2655 1316 2710 in
1336 2657 1511 2728 capite
1529 2667 1615 2714 est
1639 2660 2007 2717 antecedentis
2028 2660 2130 2717 Ge-

561 2742 838 2798 minorum
871 2745 1246 2804 absconditur.

627 2834 712 2890 11.
743 2834 885 2890 Hora
904 2853 1002 2891 xm
1023 2839 1124 2910 1/2
1140 2855 1260 2910 quae
1282 2841 1334 2894 in
1354 2855 1494 2912 genu
1514 2850 1598 2898 est
1613 2842 1888 2914 Sagittarii
1908 2858 2131 2916 vespere

551 2927 752 2982 oritur.
783 2929 947 2984 Clara
977 2932 1134 2986 stella
1166 2932 1387 3004 Aquarii
1413 2934 1790 2990 absconditur.

634 3013 714 3069 15.
757 3014 901 3070 Hora
935 3033 1028 3071 xm
1061 3017 1161 3088 1/2
1186 3019 1365 3073 lucida
1385 3019 1564 3075 boreae
1592 3019 1820 3076 Corona:
1845 3020 2064 3078 occidit.

2305 1925 2356 1979 ι’.
2391 1927 2531 1998 Ὦρα
2571 1923 2707 1994 ιγ5”
2751 1925 2780 1976 6
2811 1923 2902 1977 ἑπὶ
2947 1927 3044 1995 τῆς
3085 1923 3322 1993 κεφαλῆς
3365 1921 3460 1974 τοῦ
3499 1923 3770 1992 ἡγουμενου

2231 2016 2464 2087 Διδύμην
2499 2015 2817 2086 κρύπτεται.
2852 2014 3090 2086 Καίσαρι
3120 2013 3338 2084 βρονταὶ
3360 2013 3454 2066 καὶ
3482 2011 3650 2074 ύετός.

2300 2203 2391 2251 ια’.
2429 2197 2570 2267 Ἥρᾳ
2610 2194 2746 2264 ιγ’5”
2773 2196 2801 2248 6
2833 2195 2924 2247 ἑπὶ
2970 2192 3066 2265 τῆς
3098 2191 3342 2261 κεφαλῆς
3376 2189 3472 2243 τοῦ
3500 2189 3772 2259 ἡγουμένου

2229 2288 2351 2340 Διδύ
2361 2304 2459 2358 μου
2494 2286 2812 2358 κρύπτεται.

2304 2381 2388 2450 ιβ’.
2427 2381 2567 2451 Ὥρα
2604 2378 2731 2432 ιδ’8”
2753 2379 2783 2430 ό
2804 2375 2944 2430 κατᾶ
2965 2375 3090 2444 γόνυ
3111 2373 3204 2428 τοῦ
3225 2373 3456 2440 Τοξότου
3476 2371 3602 2442 ἑῷος
3630 2372 3772 2424 δύνει·

2230 2473 2324 2524 καὶ
2349 2474 2376 2525 ὁ
2403 2473 2495 2524 ἑπὶ
2533 2471 2626 2541 τῆς
2659 2467 2904 2538 κεφαλῆς
2937 2466 3032 2520 τοῦ
3061 2465 3368 2536 ἡγουμένου
3406 2464 3631 2535 Διδύμου
3667 2463 3776 2532 ἑῷος

2230 2564 2550 2636 κρύπτεται·
2588 2563 2681 2615 καὶ
2706 2563 2734 2614 6
2761 2561 3008 2632 λαμπρός
3037 2561 3145 2613 τῶν
3184 2559 3390 2612 Ὑάδων
3413 2557 3704 2612 ἀνατέλλει.

2304 2662 2390 2724 ιγ’.
2426 2655 2566 2725 Ὦρα
2609 2651 2739 2706 ιε’5”
2770 2655 2799 2706 6
2841 2653 2933 2705 ἐπὶ
2972 2651 3069 2722 τῆς
3094 2650 3339 2721 κεφαλῆς
3371 2651 3466 2704 τοῦ
3499 2650 3776 2720 ἡγουμένου

2228 2745 2350 2798 Διδύ
2360 2761 2459 2814 μου
2489 2742 2808 2815 κρύπτεται.
3067 2785 3076 2794 .

2307 2838 2388 2892 ιδ’.
2421 2838 2563 2908 Ὦρα
2587 2834 2722 2904 ιγ’5”
2752 2836 2782 2888 6
2825 2836 2964 2889 κατὰ
2988 2835 3048 2889 τδ
3071 2837 3200 2905 γόνυ
3231 2835 3325 2890 τοῦ
3356 2833 3582 2900 Τοξότου
3642 2836 3780 2888 ἑπτέ-

2228 2947 2346 3004 ριος
2377 2928 2674 2983 ἀνατέλλει·
2703 2927 2732 2979 ὁ
2755 2927 3007 2999 λαμπρὸς
3034 2927 3126 2980 τοῦ
3161 2927 3448 2998 ’Υδροχόου
3481 2927 3777 2997 κρύπτεται.

2302 3020 2381 3077 ιε’.
2415 3022 2555 3094 Ὦρα
2598 3019 2735 3088 ιγ’Ξη
2780 3022 2807 3073 6
2845 3018 3097 3090 λαμπρὸς
3138 3017 3233 3072 τοῦ
3266 3017 3482 3090 βορείου
3531 3018 3782 3087 Στεφάνου

2155 3137 2198 3195 c
2230 3113 2394 3168 δύνει.

2300 3212 2396 3270 ις’.
2445 3204 2502 3257 Ὀ
2535 3201 2784 3275 λαμπρὸς
2803 3201 2911 3255 τῶν
2952 3201 3158 3254 Ὑάδων
3198 3199 3333 3271 ἑῷος
3376 3199 3676 3254 ἀνατέλλει.
3709 3203 3782 3253 AE-

2225 3298 2478 3370 γυπτίοις
2506 3295 2572 3350 δι’
2603 3295 2816 3366 ἡμέρας
2843 3293 3098 3364 ψακάζει.

2301 3390 2384 3455 ιζ’.
2422 3390 2563 3460 ’Ὠρᾳ
2599 3387 2657 3441 ιδ’
2691 3386 2877 3441 ὁκατὰ
2903 3385 2963 3440 τὸ
2999 3385 3128 3454 γόνυ
3167 3385 3261 3439 τοῦ
3291 3387 3520 3452 Τοξότου
3550 3389 3786 3455 ἑσπέριος

2225 3479 2524 3536 ἀνατέλλει·
2572 3477 2895 3549 Ἀρκτοῦρος
2927 3475 3059 3547 ἑῷος
3084 3475 3250 3530 δύνει.
3369 3486 3377 3492 ’

2297 3579 2384 3646 ιη’.
2417 3573 2555 3643 Ὦρα
2597 3568 2656 3622 ιδ’
2697 3571 2724 3622 ὁ
2763 3569 3014 3640 λαμπρὸς
3042 3567 3135 3621 τοῦ
3157 3568 3392 3640 Διδύμου
3427 3569 3736 3641 κρύπτεται·
3768 3571 3786 3620 ὰ

2229 3667 2368 3720 κατὰ
2407 3665 2466 3718 τὸ
2498 3663 2626 3732 γόνυ
2662 3661 2912 3733 ἑσπέριος
2943 3661 3242 3715 ἀνατέλλει.

2301 3755 2386 3811 ιϐ’.
2404 3756 2544 3825 ’Ὠρᾳ
2567 3750 2702 3820 ιγ’5”
2723 3754 2750 3804 ό
2772 3752 2826 3804 ὲν
2859 3751 2938 3823 τῷ
2957 3750 3242 3823 ἡγουμένῳ
3270 3750 3408 3824 ὤμῳ
3437 3751 3528 3807 τοῦ
3555 3754 3786 3825 Ὠρίωνα,

2230 3847 2481 3918 ἑσπέριος
2514 3843 2810 3898 ἀνατέλλει·
2835 3845 2930 3897 καὶ
2954 3846 2982 3898 ό
3009 3842 3235 3914 ἔσχατος
3264 3843 3365 3897 τοῦ
3394 3845 3648 3918 Ποταμοῦ
3680 3846 3786 3898 ἑπι-

2229 3939 2421 3994 τέλλει.
2451 3935 2766 4006 Δτδυπτίοις
2790 3935 2991 4005 ψακὰς.

2301 4040 2368 4088 κ’.
2409 4034 2550 4104 Ὢρᾳ
2599 4031 2727 4086 ts'S"
2774 4033 2802 4084 6
2830 4031 3077 4103 λαμπρὸς
3107 4030 3442 4087 τῶνὝάδων
3467 4033 3748 4087 ἐπιτέλλει.

2301 4132 2406 4181 κα’.
2442 4125 2541 4190 Αἴξ
2570 4124 2701 4195 ἑῷος
2735 4124 3018 4178 ἐπιτέλλει.

631 3189 717 3246 16.
742 3190 948 3247 Lucida
989 3193 1315 3250 Sucularum
1340 3197 1610 3252 matutino
1639 3197 1831 3253 oritur.
1855 3198 2123 3271 Egyptiis

553 3299 652 3353 per
673 3285 819 3340 diem
849 3287 1022 3341 stillat
1055 3287 1248 3344 imber.
1569 3274 1578 3284 ’

629 3376 716 3431 17.
767 3377 912 3432 Hora
941 3395 1032 3433 xw
1056 3395 1176 3450 quae
1221 3379 1276 3435 in
1326 3397 1467 3453 genu
1509 3391 1592 3439 est
1630 3382 1910 3455 Sagittarii
1951 3385 2127 3440 oritur

557 3481 804 3537 vespere.
838 3467 1109 3525 Arcturus
1144 3486 1305 3526 mane
1334 3473 1554 3528 occidit.

632 3565 718 3619 18.
753 3564 897 3621 Hora
926 3583 1019 3620 xw
1045 3546 1195 3622 c'lara
1245 3569 1523 3641 Sagittarii
1570 3573 1860 3641 conditur;
1913 3591 2035 3646 quae
2070 3575 2126 3631 in

559 3674 701 3728 genu
736 3674 964 3730 vespere
1001 3661 1197 3715 oritur.

629 3747 717 3804 19.
747 3750 888 3805 Hora
919 3766 1018 3806 xm
1053 3752 1158 3823 1/2
1185 3769 1307 3824 qua
1329 3754 1384 3809 in
1411 3757 1750 3824 praecedente
1777 3757 1995 3816 Orionis
2027 3762 2129 3816 hu-

560 3855 735 3908 mero,
765 3844 1076 3914 vespertina
1101 3845 1310 3913 oritur;
1338 3846 1528 3900 ultima
1547 3847 1721 3903 Fluvii
1743 3849 1938 3908 oritur.
1963 3851 2130 3924 disy-

561 3932 692 4003 ptiis
718 3933 895 4004 imber
917 3936 1155 3991 stillans.

627 4025 717 4080 20.
755 4025 897 4082 Hora
929 4044 996 4083 xv
1026 4028 1130 4099 1/2
1158 4028 1338 4084 lucida
1367 4028 1690 4087 Sucularum
1721 4033 1919 4089 oritur.

630 4116 719 4173 21.
750 4118 928 4190 Capra
951 4135 1112 4177 mane
1135 4122 1336 4178 oritur.

631 4344 718 4401 2'5.
753 4345 897 4400 Hora
931 4363 999 4402 xv
1043 4363 1166 4418 quae
1194 4355 1280 4404 est
1331 4349 1386 4402 in
1415 4364 1556 4419 genu
1595 4347 1877 4421 Sagittarii
1905 4365 2131 4422 vespere

549 4418 750 4490 ‘oritur.
778 4435 1048 4508 Egyptiis
1079 4437 1330 4495 favonius
1357 4418 1436 4494 vel
1470 4446 1676 4496 auster.

632 4527 722 4581 21.
743 4526 887 4583 Hora
911 4545 1001 4583 xw
1030 4527 1135 4601 1/2
1151 4544 1272 4600 quae
1306 4531 1357 4583 in
1397 4531 1756 4588 antecedente
1785 4529 2003 4588 Orionis
2023 4531 2126 4586 hu-

563 4635 713 4675 mero
753 4628 837 4675 est
876 4621 1084 4688 oritur;
1129 4628 1184 4677 et
1235 4621 1415 4676 lucida
1470 4623 1694 4693 Aquarii
1745 4624 2126 4682 absconditur.

565 4712 838 4784 Egyptiis
860 4715 1065 4784 pluvia.

631 4805 722 4859 25.
744 4803 890 4859 Hora
922 4821 1020 4860 xm
1053 4803 1157 4876 1/2
1185 4821 1307 4876 quae
1350 4807 1406 4860 in
1432 4809 1785 4866 antecedente
1813 4807 2130 4867 estOrionis

562 4898 789 4955 humero
811 4900 1004 4955 oritur.

632 4989 724 5044 26.
749 4989 895 5065 Hora
925 5006 1015 5044 xw
1038 4989 1216 5045 lucida
1234 4990 1412 5047 boreae
1445 4992 1673 5050 Coronae
1716 5011 1874 5051 mane
1895 4995 2130 5064 occidit;

565 5097 687 5151 qua:
719 5082 774 5136 in
799 5081 1168 5151 subsequente
1190 5083 1437 5138 musculo
1459 5084 1786 5140 Centauri...

635 5173 738 5244 51
771 5173 861 5227 27.
901 5171 1042 5227 Hora
1075 5189 1172 5248 xm
1216 5174 1317 5245 1/2
1346 5178 1656 5234 communis
1698 5176 1872 5234 Fluvii
1905 5188 1957 5237 et
1977 5180 2132 5252 pedis

565 5264 788 5319 Orionis
817 5264 1008 5320 oritur.
1047 5265 1356 5322 Democrito
1392 5269 1684 5340 signiﬁcat.

641 5355 732 5410 28.
769 5354 915 5411 Hora
957 5374 1025 5411 xv
1058 5359 1160 5429 1/2
1185 5376 1307 5432 qme
1356 5362 1410 5416 in
1455 5377 1596 5432 genu
1637 5361 2134 5434 Sagittariiestve—

569 5460 727 5516 spere
755 5447 950 5502 oritur.
981 5448 1292 5521 Hipparcho
1323 5451 1593 5517 favonius,
1623 5453 1707 5508 vel
1743 5463 1933 5508 auster
1968 5452 2080 5508 flat.

2302 4357 2406 4417 κγ’.
2453 4350 2594 4422 Ὥρα
2621 4356 2677 4402 ιε’
2700 4350 2729 4402 6
2756 4349 2898 4403 κατὰ
2925 4349 2985 4402 τὸ
3018 4347 3146 4422 γόνυ
3167 4347 3263 4402 τοῦ
3291 4348 3521 4416 Τοξότου
3553 4348 3786 4421 ἑσπέριος

2233 4444 2532 4501 ἀνατέλλει.
2559 4444 2876 4512 Αἰγυπτίοις
2909 4443 3141 4514 ζέφυρος
3173 4441 3206 4513 ἦ
3232 4442 3404 4507 νότος.

2303 4535 2400 4589 κδ’.
2431 4535 2571 4606 Ἤρᾳ
2599 4533 2726 4588 ιδ’5⁸’
2753 4537 2781 4589 6
2808 4535 2865 4588 ἑν
2891 4533 2968 4604 τῷ
3000 4533 3286 4604 ἡγουμένῳ
3328 4533 3466 4606 ὤμῳ
3493 4534 3582 4588 τοῦ
3614 4534 3786 4604 Ὠρίων

2229 4644 2318 4690 νος
2342 4626 2624 4680 ἐπιτέλλει·
2661 4627 2754 4679 καὶ
2785 4630 2812 4680 6
2843 4626 3092 4698 λαμπρὸς
3119 4625 3214 4678 τοῦ
3260 4626 3544 4699 ’Υδροχόου
3567 4626 3786 4698 κρύπτε⁴

2229 4736 2340 4771 ται.
2370 4719 2683 4787 Αἰγυπτίοις
2717 4717 2891 4782 ύετός.

2301 4817 2398 4865 κε’.
2432 4812 2571 4884 ’Ὡρᾳ
2603 4811 2738 4880 ιγ’ὃη
2781 4812 2810 4864 6
2839 4812 2897 4864 ἑν
2930 4809 3007 4881 τῷ
3027 4809 3315 4882 ἡγουμένῳ
3343 4808 3481 4881 ὤμῳ
3510 4807 3600 4861 τού
3617 4808 3786 4876 Ὠρίω

2229 4923 2320 4970 νος
2349 4905 2636 4960 ἐπιτέλλει.

2305 5006 2416 5064 κς’.
2451 4999 2590 5071 Ὦρα
2613 4998 2672 5052 ιδ’
2702 5000 2730 5052 6
2751 4996 3000 5069 λαμπρὸς
3026 4993 3118 5048 τοῦ
3139 4993 3349 5066 βορείου
3378 4995 3646 5063 Στεφάνου
3671 4991 3786 5059 ἑῷος

2228 5090 2392 5143 δύνει·
2419 5093 2446 5142 6
2474 5091 2530 5143 ἑν
2556 5089 2634 5160 τῷ
2663 5089 2909 5161 ἑπομένῳ
2937 5086 3213 5158 βατραχίῳ
3238 5086 3332 5139 τοῦ
3363 5086 3762 5158 Κενταύρου....

2303 5182 2404 5245 κζ’.
2441 5181 2581 5252 Ὦρα
2611 5181 2744 5250 ιγ’8”
2781 5182 2812 5234 ό
2834 5179 3009 5243 κοινὸς
3030 5176 3286 5248 Ποταμοῦ
3310 5179 3403 5231 καὶ
3424 5177 3578 5240 ποδὸς
3620 5175 3786 5244 Ὧρίω

2234 5290 2322 5336 νος
2355 5272 2640 5326 ἐπιτέλλει.
2677 5270 2997 5343 Δημοκρίτῳ
3025 5267 3399 5340 ἐπισημαίνει.

2306 5372 2410 5436 κη’.
2449 5367 2590 5438 Ὥρα
2629 5363 2759 5419 ιε⁹8”
2789 5365 2817 5418 6
2847 5363 2985 5417 κατὰ
3017 5362 3078 5416 τὸ
3121 5363 3250 5431 γόνυ
3268 5361 3362 5415 τοῦ
3397 5361 3622 5428 Τοξότου
3654 5359 3786 5412 ἑσπέ

2240 5473 2349 5528 ριος
2379 5455 2673 5509 ἀνατέλλει.
2722 5454 3005 5526 Ἱππάρχῳ
3035 5453 3266 5526 ζέφυρος
3296 5453 3329 5524 ῆ
3359 5453 3512 5517 νότος
3544 5452 3680 5505 πνεῖ.

639 5555 730 5612 29.
763 5554 908 5614 Hora
939 5599 954 5614 .
987 5600 1002 5616 .
1039 5604 1052 5616 .
1087 5561 1267 5618 lucida
1314 5563 1550 5634 Aquarii.
1588 5563 1878 5632 conditur;
1923 5573 1976 5622 et
2015 5581 2135 5637 quae

575 5644 632 5702 in
675 5648 1011 5717 praecedente
1059 5649 1279 5711 Orionis
1332 5655 1563 5710 humero
1619 5655 1816 5712 oritur.
1866 5659 2134 5714 Arcturus

576 5739 876 5799 matutinus
906 5743 1116 5801 occidit.

2305 5568 2404 5621 κθ’.
2443 5568 2584 5639 ’Ὡρᾳ
2709 5569 2738 5620 6
2760 5565 3007 5638 λαμπρὸς
3038 5566 3130 5620 τοῦ
3156 5566 3444 5638 ’Υδροχόου
3471 5565 3763 5633 κρύπτεται

2237 5659 2330 5714 καὶ
2357 5661 2384 5712 6
2413 5661 2470 5713 ἑν
2499 5657 2574 5729 τῷ
2611 5657 2893 5728 ἡγουμένῳ
2926 5656 3058 5731 ὤμῳ
3096 5657 3187 5711 τοῦ
3230 5658 3488 5729 Ὠρίωνος
3515 5655 3786 5712 ἐπιτέλλει

2251 5749 2574 5826 ’Λρκτοῦρος
2604 5749 2734 5822 ἑῷος
2763 5747 2928 5804 δύνει.
