3786 6312
509 300 617 357 905

1527 289 1616 344 AD
1648 289 1917 348 EUSEBH
1949 289 2344 350 CHRONICON
2383 293 2741 351 APPENDIX.
3632 307 3716 365 8N

514 411 619 484 53
648 417 889 466 extrema
919 405 1120 474 Fluvii;
1150 403 1440 471 Canobus;
1475 418 1594 474 qua:
1625 403 1729 461 sub
1752 406 2081 475 praecedente

2202 408 2454 479 Ὠρίωνος
2482 427 2495 440 ·
2547 410 2737 464 Κύων·
2769 413 2796 464 6
2826 410 3075 484 λαμπρὸς
3111 411 3204 466 τοῦ
3244 413 3418 470 νοτίου
3460 415 3718 488 Ίχθύοςυό

512 502 764 559 musculo
791 498 1069 556 Centauri.

478 777 482 784 1
582 703 846 762 Secundae
875 700 1262 773 magnitudinis
1293 716 1378 754 xv.

479 823 483 830 ’
581 814 786 872 Lucida
825 814 1049 879 Persei;
1090 827 1211 882 qua:
1249 811 1306 866 in
1345 808 1673 866 succedente
1713 809 1940 866 humero
1985 821 2070 867 est

2182 496 2405 568 ἔσχατος
2448 499 2702 571 Ποταμοῦ
2729 519 2742 532 ’
2773 504 2801 554 6
2840 502 3171 573 καλούμενος
3206 505 3493 572 Κάνωϐοςο
3521 512 3548 563 6
3581 513 3630 566 ἐν
3655 515 3718 584 τῷ

2179 590 2500 664 ἐμπροσθίῳ
2536 593 2812 665 βατραχίῳ
2835 593 2930 647 τοῦ
2954 595 3166 648 Κενταύ
3177 613 3289 668 ρου.

2250 703 2513 776 Δευτέρου
2547 707 2809 776 μεγέθους
2837 706 2984 761 ἄλλοι
3011 714 3092 762 ιε’.

2261 814 2318 867 '0
2355 813 2605 887 λαμπρὸς
2643 817 2737 870 τοῦ
2767 818 3021 890 Περσέως
3042 835 3056 849 ⁶
3085 822 3114 874 6
3151 822 3207 873 ἐν
3234 821 3313 892 τῷ
3342 823 3582 896 ἑπομένῳ
3609 827 3718 899 ὤμῳ

511 910 762 981 Aurigae;
793 906 972 962 lucida
1003 905 1238 961 borealis
1263 902 1490 959 Coronze
1517 921 1533 970 ;
1560 918 1680 973 quae
1704 901 1759 956 in
1792 903 1969 974 capite
1995 913 2081 959 est

2189 904 2270 957 τοῦ
2316 906 2559 977 Ἦνιόχου
2587 926 2600 938 θ
2633 911 2661 962 6
2696 909 2947 982 λαμπρὸς
2988 911 3080 965 τοῦ
3133 913 3347 986 βορείου
3390 916 3718 986 Στεφάνουοὸ

511 999 865 1070 praecedentis
914 996 1170 1058 Gemini;
1219 994 1527 1050 communis
1572 993 1712 1064 Equi
1769 1001 1823 1050 et
1862 993 2080 1049 Andro-

511 1092 679 1148 meda:
703 1108 717 1157 ;
743 1089 922 1145 lucida
949 1088 1194 1158 Aquilae;
1231 1103 1351 1158 qua:
1386 1087 1441 1142 in
1480 1087 1823 1157 praecedente
1852 1085 2080 1140 humero

508 1191 592 1240 est
625 1181 881 1249 Orionis;
919 1181 1097 1236 lucida
1133 1179 1340 1251 Hydri;
1372 1180 1553 1235 lucida
1595 1179 1830 1234 borealis
1859 1179 2077 1246 Chelaa;

511 1275 687 1330 media
715 1273 880 1329 baltei
914 1271 1170 1339 Orionis;
1209 1271 1388 1326 lucida
1434 1272 1694 1328 australis
1717 1270 1936 1336 Chelas;
1968 1277 2082 1325 An-

507 1374 652 1422 tares
678 1384 694 1434 ;
729 1379 850 1436 qua:
883 1370 968 1421 est
1000 1363 1068 1420 ad
1095 1379 1236 1434 genu
1270 1361 1568 1434 Sagittarii.

574 1564 711 1619 Cum
739 1563 934 1618 harum
965 1562 1220 1634 qurelihet
1248 1563 1298 1616 in
1321 1575 1648 1632 unoquoque
1666 1563 2045 1632 parallelornm
2063 1604 2079 1628 ,

509 1672 564 1711 in
615 1655 817 1726 quibus
873 1656 1130 1710 oriuntur
1178 1663 1233 1709 et
1295 1655 1592 1720 occidunt,
1641 1663 1876 1725 quatuor
1923 1665 2083 1726 quot-

2178 998 2270 1051 ἐπὶ
2302 999 2402 1069 τῆς
2444 1001 2686 1072 κεφαλῆς
2728 1003 2822 1055 τοῦ
2869 1005 3171 1074 ἡγουμένου
3218 1007 3450 1078 Διδύμου
3472 1026 3485 1040 ·
3518 1012 3546 1063 6
3574 1014 3717 1076 κοινὸς

2183 1090 2377 1142 Ἵππου
2425 1093 2519 1145 καὶ⁵
2561 1093 2950 1164 Ἀνδρομέδαςο
2984 1097 3011 1149 6
3051 1095 3304 1168 λαμπρὸς
3335 1100 3431 1152 τοῦ
3477 1101 3717 1156 Ἀετοῦ·ὸ

2180 1181 2238 1233 ἐν
2282 1181 2358 1253 τῷ
2397 1184 2682 1254 ἡγουμένῳ
2713 1183 2848 1256 ὤμῳ
2878 1185 2970 1238 τοῦ
3019 1187 3299 1260 Ὠρίωνοςο
3327 1192 3356 1244 6
3381 1190 3618 1265 λαμπρὸς
3644 1196 3715 1247 τοῦ

2185 1271 2382 1342 ’Υδρου
2402 1289 2415 1302 ·
2453 1275 2480 1326 6
2507 1273 2757 1346 λαμπρὸς
2782 1276 2883 1346 τῆς
2914 1276 3124 1348 βορείου
3160 1279 3345 1352 Χηλῆς
3374 1299 3386 1310 ·
3414 1284 3442 1334 6
3477 1284 3626 1354 μέσος
3643 1287 3717 1355 τῆς

2183 1363 2357 1435 ζώνης
2381 1364 2474 1418 τοῦ
2526 1367 2778 1438 Ὠρίωνος
2801 1383 2814 1398 ο
2853 1369 2882 1420 6
2913 1367 3164 1441 λαμπρὸς
3193 1373 3293 1442 τῆς
3323 1374 3496 1427 νοτίου
3531 1376 3714 1448 Χηλῆς.

2195 1455 2456 1526 Ἀντάρης
2474 1473 2487 1486 ο
2517 1457 2546 1508 6
2569 1456 2711 1510 κατὰ
2732 1457 2792 1509 τὸ
2829 1457 2958 1526 γόνυ
2984 1459 3076 1512 τοῦ
3106 1460 3357 1528 Τοξότου.

2252 1568 2468 1621 Τούτων
2506 1569 2562 1622 δὲ
2599 1569 2826 1635 ἕκαστος
2858 1573 2905 1604 ⁸⁸
2944 1573 3066 1626 καθ’
3096 1572 3192 1628 ἕνα
3229 1574 3337 1627 τῶν
3381 1576 3715 1648 παραλλήλων.

2183 1661 2240 1715 ἐν
2265 1655 2346 1726 οἷς
2371 1662 2718 1716 ἀνατέλλουσι
2748 1664 2842 1716 καὶ
2864 1664 3098 1727 δύνουσι,
3135 1666 3410 1739 τέσσαρας
3441 1670 3622 1738 φάσεις
3647 1670 3716 1724 τοῦ

504 1748 667 1804 annis
698 1748 1048 1818 apparentias
1078 1747 1237 1801 obeat
1263 1764 1278 1812 ;
1309 1746 1509 1801 accidit
1537 1755 1718 1801 tamen
1737 1788 1752 1810 ,
1790 1756 1846 1801 ut
1874 1748 2080 1804 Canobi

2189 1752 2334 1816 ἔτους
2367 1753 2682 1824 ποιουμένου
2704 1771 2716 1784 ·
2753 1755 2844 1808 τὸν
2876 1756 2974 1826 μὲν
2999 1756 3331 1828 καλούμενον
3363 1761 3717 1823 Κάνωὸον,κ;ιὶ

510 1839 704 1904 stella,
749 1853 967 1895 necnon
1009 1852 1131 1908 quae
1165 1837 1270 1891 sub
1310 1837 1655 1907 praecedente
1698 1845 1784 1893 est
1819 1837 2077 1893 Centauri

2189 1842 2274 1895 τὸν
2308 1843 2364 1896 ἐν
2393 1841 2471 1912 τῷ
2497 1842 2812 1915 ἐμπροσθίῳ
2842 1845 3116 1916 βατραχίῳ
3145 1847 3239 1899 τοῦ
3274 1848 3578 1921 Κενταύρου
3611 1867 3716 1920 συμ-

509 1929 794 1998 musculo,
848 1928 904 1984 in
959 1928 1094 1984 solis
1151 1929 1328 1984 tribus
1384 1945 1450 1984 ex
1495 1931 1737 2001 quinque
1787 1933 2081 2003 propositis

2189 1932 2414 2004 Βέϐηκεν
2440 1933 2496 1985 ἐν
2523 1933 2700 2003 μόνοις
2722 1941 2768 2002 γ’
2795 1939 2908 1999 τοῖς
2941 1934 3176 2007 πρώτοις
3207 1939 3316 1991 ἀπὸ
3333 1942 3491 2010 ΔὛΜ
3527 1940 3626 1993 τῶν
3649 1942 3716 1994 ἐι-

515 2021 826 2090 parallelis,
873 2028 1029 2074 ortus
1065 2035 1404 2090 occasusque
1432 2019 1630 2077 faciat:
1659 2031 1713 2076 at
1740 2039 1861 2094 quae
1895 2024 2082 2078 ultima

513 2119 603 2167 est
635 2110 813 2165 Fluvii
844 2112 1024 2166 lucida
1042 2119 1274 2182 quatuor
1289 2111 1554 2167 duntaxat
1585 2112 1639 2168 in
1667 2114 1857 2183 primis
1886 2114 2081 2177 tribus.

510 2213 722 2261 caetera:
758 2219 906 2261 xxvu
940 2206 1110 2261 stella:
1155 2205 1208 2259 in
1242 2205 1486 2275 quinque
1528 2207 1807 2276 parallelis
1858 2207 2079 2262 faciant.

515 2299 590 2352 Ita
621 2298 955 2368 colliguntur
1003 2298 1057 2352 in
1090 2305 1264 2352 totum
1301 2297 1636 2368 apparentia:
1665 2298 1789 2354 580.
1839 2297 2082 2366 Quarum

510 2387 944 2459 signiﬁcationes
970 2388 1292 2460 descripsit,
1320 2403 1383 2442 ac
1411 2389 1692 2444 mandavit
1719 2390 1844 2444 huic
1874 2390 2080 2454 libello,

512 2479 814 2536 secundum
857 2478 1183 2552 Egyptios,
1228 2489 1283 2536 et
1328 2477 1685 2546 Dositheum,
1731 2479 2080 2556 Philippum,

512 2574 797 2645 Calippum
819 2614 834 2640 ,
858 2572 1244 2628 Euctemonem
1270 2613 1285 2638 ,
1312 2571 1577 2628 Melonem
1595 2613 1612 2638 ,
1635 2573 1910 2629 Cononem
1931 2612 1948 2638 ,
1975 2571 2085 2629 Me-

510 2665 793 2720 trodorum
813 2705 830 2731 ,
854 2664 1136 2721 Eudoxum
1156 2705 1172 2729 ,
1196 2665 1468 2722 Caesarem
1489 2705 1504 2730 ,
1526 2665 1894 2722 Democritum
1911 2707 1926 2733 ,
1952 2664 2084 2736 Hip-

512 2756 796 2827 parchum.
832 2757 911 2811 Ex
941 2757 1142 2827 quibus
1175 2756 1415 2828 Egyptii
1447 2757 1536 2810 hic
1569 2757 1712 2826 apud
1749 2772 1850 2812 nos
1888 2757 2081 2812 obser-

511 2855 710 2904 varunt
743 2866 756 2902 :
806 2845 1094 2902 Dositheus
1125 2846 1398 2911 Coloniae;
1425 2843 1709 2917 Philippus
1733 2847 1786 2901 in
1811 2844 2082 2918 Pelopon-

515 2953 649 2996 neso
695 2946 750 2995 et
782 2937 1050 3002 Locride;
1084 2937 1342 3008 Calippus
1376 2937 1433 2992 in
1473 2935 1863 3009 Hellesponto;
1905 2937 2082 2993 Meton

513 3031 742 3088 Athenis
779 3038 834 3086 et
867 3045 962 3098 per
996 3029 1284 3101 Cycladas,
1310 3029 1364 3084 in
1398 3028 1710 3085 Macedonia
1729 3039 1781 3085 et
1808 3027 2078 3092 Thracia;

2183 2023 2449 2096 κειμένων
2482 2031 2524 2077 ε’
2566 2025 2925 2098 παραλλήλων
2965 2028 3223 2100 ἑκάτερον
3273 2029 3537 2086 ποιεῖσθαι
3573 2032 3716 2096 δύσεις

2182 2131 2241 2167 τε
2271 2115 2366 2168 καὶ
2405 2114 2670 2180 ἀνατολάς
2692 2134 2705 2147 ·
2737 2118 2826 2170 τὸν
2860 2117 2916 2170 δὲ
2951 2118 3176 2190 ἔσχατον
3208 2119 3301 2174 τοῦ
3335 2123 3582 2194 Ποταμού
3607 2123 3716 2193 λαμ-

2184 2203 2319 2276 πρὸν
2342 2207 2399 2258 ἐν
2420 2206 2642 2278 τέτρασι
2667 2209 2846 2279 μόνοις
2866 2212 2977 2274 τοῖς
2998 2209 3233 2282 πρώτοις
3261 2211 3340 2278 κζ’
3374 2213 3471 2277 τὰς
3493 2217 3547 2267 ἐν
3574 2217 3715 2278 τοὶς⁸¹

2183 2303 2222 2349 ε’
2253 2297 2615 2369 παραλλήλοις
2644 2317 2658 2330 θ
2695 2301 2770 2363 ώς
2804 2302 3127 2370 συνάγεσθαι
3156 2304 3359 2376 πλῆθος
3396 2307 3601 2374 φάσεων
3627 2314 3716 2376 στ’.

2185 2391 2293 2443 Καὶ
2321 2389 2521 2445 τούτων
2564 2393 2838 2464 ἀνέγραψε
2896 2395 2994 2458 τὰς
3039 2397 3443 2468 ἐπισημασίας,
3480 2400 3568 2452 καὶ
3611 2417 3719 2452 κατ-

2185 2479 2340 2546 έταξε
2381 2482 2524 2534 κατά
2565 2499 2624 2535 τε
2665 2484 2992 2551 Αἰγυπτίους
3017 2527 3030 2551 ,
3068 2485 3159 2539 καὶ
3183 2487 3450 2550 Δοσίθεον,
3475 2489 3717 2549 Φίλιππον,

2183 2571 2488 2636 Κάλιππον,
2517 2573 2859 2646 Εὐκτήμονα,
2895 2577 3122 2630 Μέτωνα
3143 2616 3158 2642 ,
3190 2578 3430 2644 Κόνωνα,
3463 2581 3720 2650 Μητρόδω-

2188 2679 2297 2734 ρον,
2327 2662 2572 2731 Εὐδοξον,
2597 2667 2870 2738 Καίσαρα,
2895 2667 3250 2740 Δημόκριτον,
3281 2670 3590 2742 Ἵππαρχον.
3615 2670 3720 2722 Τού-

2181 2771 2290 2808 των
2322 2755 2378 2809 δέ
2409 2755 2696 2825 Αἰγύπτιοι
2735 2758 3005 2828 ἐτήρησαν
3051 2760 3177 2830 παρ’
3213 2760 3345 2830 ήμῖν
3366 2777 3382 2793 ο
3412 2761 3643 2824 Δοσίθεος
3677 2760 3722 2811 δέ

2185 2847 2242 2898 ἐν
2273 2845 2550 2917 Κολωνεία
2567 2862 2581 2876 ·
2603 2847 2866 2911 Φίλιππος
2894 2849 2951 2901 ἐν
2979 2848 3368 2921 Πελοποννήσῳ
3399 2849 3488 2904 καὶ
3511 2850 3720 2921 Λοκρίδι·

2184 2936 2471 3000 Κάλιππος
2503 2938 2560 2990 ἐν
2575 2937 2969 3010 Ἑλλησπόντῳ·
2999 2939 3191 2994 Μέτων
3225 2939 3493 3012 Ἀθήνῃσι,
3514 2942 3601 2993 καὶ
3625 2942 3722 3001 ταῖς

2185 3028 2452 3092 Κυκλάσι,
2480 3031 2572 3082 καὶ
2605 3029 2932 3102 Μακεδονία,
2967 3032 3061 3084 καὶ
3093 3031 3279 3103 Θρᾴκῃ
3305 3050 3317 3062 ·
3355 3033 3535 3085 Κόνων
3572 3032 3622 3084 δέ
3650 3032 3725 3084 καὶ

518 3126 706 3182 Conon
747 3130 802 3179 et
834 3121 1174 3178 Metrodorus
1221 3123 1277 3176 in
1310 3119 1500 3184 Italia;
1535 3120 1796 3176 Eudoxus
1827 3121 1882 3174 in
1917 3119 2043 3175 Asia
2066 3158 2080 3183 ,

2189 3121 2544 3192 Μητρόδωρος
2575 3121 2632 3173 ἐν
2674 3121 2870 3193 Ἰταλίᾳ
2893 3138 2907 3152 ⁶
2944 3122 3168 3187 Εὔδοξος
3199 3125 3256 3176 ἐν
3297 3123 3576 3193 Ἀσίᾳ,καὶ
3597 3124 3725 3176 Σικε-

518 3216 738 3281 Sicilia,
769 3222 824 3273 et
867 3214 1056 3279 Italia;
1093 3212 1439 3285 Hipparchus
1469 3213 1523 3266 in
1546 3211 1837 3283 Bithynia;
1884 3210 2081 3268 Κειτο-

518 3308 688 3364 dorus
721 3307 776 3362 in
819 3306 1134 3362 Macedonia
1173 3315 1225 3362 et
1265 3305 1520 3360 Thracia.
1571 3304 1697 3361 ldco
1739 3305 2082 3376 potissimum

514 3399 933 3457 accommodare
974 3407 1182 3471 Oportet
1236 3398 1618 3470 .Egyptiorum
1656 3397 2084 3469 signiﬁcationcs

515 3495 582 3550 ad
611 3509 707 3550 eos
735 3500 947 3548 tractus
967 3533 982 3556 ,
1013 3494 1106 3564 qui
1145 3492 1273 3547 huic
1305 3490 1568 3560 parallelo
1597 3499 1946 3561 congruunt:
1981 3489 2086 3543 hoc

514 3594 600 3641 est
626 3585 719 3640 ubi
751 3583 1104 3653 longissimus
1147 3582 1264 3636 dies
1305 3588 1389 3635 est
1433 3579 1694 3633 horarum
1735 3578 2087 3648 aequinoctia-

518 3677 650 3732 lium
682 3691 802 3739 xw;
839 3673 1079 3730 Dosithei
1109 3688 1242 3748 vero,
1260 3678 1314 3726 et
1340 3670 1570 3740 Philippi
1600 3671 1665 3724 ad
1689 3685 1782 3726 eas
1805 3670 2050 3741 regiones
2069 3709 2084 3734 ,

519 3783 754 3840 quarum
798 3767 916 3821 dies
965 3765 1233 3820 maximus
1265 3771 1348 3820 cst
1376 3763 1634 3817 horarum
1669 3778 1760 3816 xiv
1802 3763 1938 3834 1/2;
1967 3764 2087 3819 illas

519 3876 652 3917 vero
683 3858 1007 3921 Democriti,
1039 3856 1304 3920 Caesaris,
1346 3853 1680 3925 Hipparchi,
1714 3852 1781 3907 ad
1826 3868 1890 3908 ea
1929 3854 2082 3916 loca,

522 3952 616 4006 ubi
649 3949 920 4005 maximus
949 3949 1066 4004 dies
1093 3955 1178 4005 est
1211 3947 1467 4002 horarum
1492 3944 1954 4015 aequinoctialium
1985 3961 2082 4010 xv;

522 4041 732 4113 Calippi
755 4048 933 4096 autem
955 4080 970 4103 ,
994 4038 1202 4093 Eudoxi
1227 4077 1243 4101 ,
1265 4035 1498 4092 Metonis
1515 4079 1529 4101 ,
1558 4034 1906 4090 Euctemonis
1929 4074 1944 4098 ,
1977 4033 2088 4088 Me-

524 4129 731 4186 trodori
753 4169 767 4193 ,
794 4127 1034 4182 Cononis
1054 4168 1067 4191 ,
1096 4125 1456 4181 communiter
1485 4125 1550 4179 iis
1579 4123 1922 4196 regionibus,
1947 4138 2088 4192 qua-

525 4237 646 4278 rum
699 4221 817 4276 dies
864 4218 1213 4290 longissimus
1262 4217 1404 4272 inter
1459 4217 1620 4272 horas
1674 4215 2083 4272 aequinoctiales

525 4329 615 4368 xiv
647 4311 749 4382 l/2
774 4321 826 4366 et
858 4327 925 4366 xv
953 4309 1279 4366 continetur.

590 4510 636 4546 "
664 4511 706 4583 Ῑ.
741 4512 992 4571 ἑκάστου.
1078 4513 1121 4546 ⁸⁸
1155 4511 1194 4583 f.
1227 4513 1350 4576 τούς
1383 4510 1440 4565 δέ
1465 4510 1544 4575 κζ’
1567 4511 1623 4563 ἐν
1650 4511 1778 4572 τοῖς.

2183 3211 2291 3281 λίᾳ,
2319 3212 2412 3264 και)⁵
2446 3211 2642 3284 Ἰταλίᾳ
2665 3229 2678 3241 ·
2701 3214 3004 3284 Ἵππαρχος
3029 3215 3084 3267 ἐν
3117 3213 3337 3285 Βιθυνίᾳ
3355 3229 3369 3244 ·
3400 3213 3725 3285 Μητρόδωρος

2185 3305 2240 3355 ἐν
2265 3303 2571 3374 Μακεδονίᾳ
2611 3303 2702 3358 καὶ
2719 3304 2926 3378 Θρᾴκῃ.
2945 3305 3034 3359 Διὸ
3049 3305 3111 3377 δὴ
3134 3307 3367 3376 μάλιστα
3389 3306 3670 3378 ἐφαρμόζει
3689 3305 3723 3335 ⁶¹

2186 3396 2282 3459 τὰς
2310 3397 2406 3466 μὲν
2437 3395 2547 3450 τῶν
2577 3397 2886 3466 Αἰγυπτίων
2933 3398 3299 3469 ἐπισημασίας
3340 3401 3454 3462 ταῖς
3481 3398 3602 3469 περὶ
3626 3397 3727 3450 τος-

2186 3504 2274 3540 τον
2302 3487 2392 3540 τὸν
2422 3487 2760 3559 παράλληλον
2804 3487 3010 3560 χώραις
3031 3506 3046 3520 ο
3085 3489 3328 3542 τουτέστι
3360 3489 3476 3542 καθ’
3503 3489 3559 3541 ὃν
3585 3489 3618 3558 ή
3646 3503 3724 3556 με⁸

2187 3579 2350 3646 γίστη
2371 3577 2481 3630 τῶν
2509 3578 2729 3649 ἡμερῶν
2753 3578 2913 3650 ώρῶν
2943 3581 3058 3631 ἐστι
3091 3579 3152 3632 ιδ’
3182 3579 3504 3651 ἰσημερινῶν
3522 3595 3536 3608 '
3561 3577 3653 3639 τὰς
3683 3576 3726 3627 δέ

2187 3669 2432 3722 Δοσιθέου
2468 3667 2561 3721 καὶ
2585 3669 2873 3734 Φιλίππου,
2906 3669 3024 3723 καθ’
3051 3670 3108 3722 ὃν
3147 3671 3293 3723 ἐστιν
3323 3672 3358 3741 ή
3393 3669 3612 3741 μεγίστη
3638 3665 3726 3718 τῶν

2187 3760 2408 3832 ἡμερῶν
2440 3761 2598 3832 ώρῶν
2651 3761 2814 3815 ιδ’5¹”·
2851 3761 2949 3825 τὰς
2978 3761 3033 3815 δέ
3061 3761 3396 3833 Δημοκρίτου
3424 3762 3513 3814 καὶ
3544 3760 3728 3812 Καίσα-

2191 3869 2313 3922 ρος,
2361 3853 2456 3905 καὶ
2501 3853 2829 3924 Ἱππάρχου,
2873 3852 2992 3906 καθ’
3042 3852 3101 3905 ὃν
3147 3853 3238 3905 καὶ
3287 3853 3320 3924 ἡ
3377 3852 3593 3923 μεγίστη
3637 3849 3727 3902 τῶν

2186 3938 2406 4010 ἡμερῶν
2444 3938 2602 4009 ώρῶν
2639 3941 2785 3992 ἐστιν
2835 3941 3161 4012 ἱσημερινῶν
3201 3948 3260 3994 ιε’
3284 3958 3299 3972 ’
3336 3941 3432 4004 τὰς
3455 3942 3508 3994 δὲ
3545 3939 3727 3994 Καλίπ-

2188 4045 2291 4081 που
2318 4070 2331 4094 ,
2364 4029 2456 4083 καὶ
2493 4029 2719 4096 Εὐδόξου
2744 4071 2758 4093 ,
2795 4031 2887 4083 καὶ
2919 4031 3168 4094 Μέτωνος
3191 4069 3205 4092 ,
3240 4033 3334 4084 καὶ
3372 4032 3694 4100 Εὐκτήμονος
3713 4068 3725 4084 .

2190 4119 2282 4172 καὶ
2307 4117 2691 4190 Μητροδώρου,
2725 4121 2816 4172 καὶ
2841 4121 3090 4184 Κόνωνος
3122 4121 3313 4186 κοινῶς
3331 4162 3346 4187 ,
3378 4121 3492 4176 καθ’
3519 4119 3612 4184 οὒς
3638 4116 3729 4173 ἀπὸ

2191 4209 2321 4264 t6'S"
2378 4211 2704 4283 ἱσημερινῶν
2744 4212 2848 4274 ἕως
2896 4220 2954 4265 ιε’
2983 4213 3234 4267 διατείνει
3278 4214 3340 4268 τὸ
3387 4213 3603 4286 μέγεθος
3635 4210 3727 4264 sin

2193 4303 2460 4373 μεγίστων
2504 4303 2739 4375 ἡμερῶν.

1855 4506 1901 4539 ⁸⁸
1941 4507 1982 4576 Ῑ.
2013 4507 2112 4572 δεῖ,
2143 4515 2196 4561 et
2228 4505 2584 4577 ἐφαρμόζειν.
