3786 6320
93 319 181 376 vos
1193 319 1564 377 evomam
1607 320 1693 374 DE
1730 321 2206 379 APPARENTHS.
2404 283 2427 290 ’
3214 333 3320 390 me

1595 520 3288 554 ._._._____._______________

1004 683 1141 809 C.
1245 685 1388 804 L.
1521 685 2375 813 PTOLEMAEI

774 939 1330 1002 INERRANTIUM
1392 940 1873 1003 STELLARUM
1934 943 2648 1025 SIGNIFICATIONES,

904 1133 1022 1194 Per
1050 1127 1378 1192 Nicolaum
1410 1129 1758 1194 Leonicum
1790 1150 1824 1194 e
1856 1133 2074 1195 Graeco
2105 1132 2443 1196 translatae.

560 1495 667 1573 54
697 1497 1101 1560 JANUARIUS.
1669 1509 1716 1565 Α
1744 1501 1816 1557 vi.
1962 1499 2223 1556 Austrum
2265 1502 2472 1559 clarum
2508 1507 2560 1561 in
2586 1519 2802 1578 pectore
2837 1512 3032 1595 Leonis
3061 1520 3312 1579 occidere

2029 1594 2248 1665 incipit“,
2276 1595 2517 1652 Fidicula
2540 1605 2749 1672 vesperi
2775 1607 3010 1674 occidit,
3038 1611 3129 1666 ﬂat
3150 1613 3312 1684 Aqui-

2022 1687 2108 1753 lo,
2141 1695 2195 1741 et
2226 1687 2496 1743 interdum
2529 1693 2688 1762 pluit.

1740 1794 1794 1835 γ,
1963 1776 2262 1833 Ventorum
2294 1795 2600 1840 concursus
2631 1802 2754 1840 cum
2787 1791 3024 1847 nivibus.

1740 1869 1812 1923 iv.
1961 1868 2262 1940 Delphinus
2295 1873 2546 1930 occidere
2579 1877 2794 1950 incipit.

1739 1958 1818 2015 iii.
1955 1957 2201 2014 Fidicula
2244 1961 2390 2016 circa
2435 1966 2665 2034 primam
2707 1971 2878 2026 facem
2913 1983 3067 2045 parte
3101 1979 3182 2033 sui
3215 1994 3309 2034 oc-

2017 2050 2198 2106 cidere
2240 2050 2465 2126 incipit,
2495 2059 2786 2118 vehemens
2815 2064 2907 2119 ﬂat
2949 2068 3145 2138 Aquilo
3183 2084 3308 2124 cum

2016 2142 2208 2199 imbre.

86 1633 148 1689 Κ.
281 1633 372 1690 Sol
407 1635 610 1690 elevari
659 1637 1246 1712 incipitﬂongiusculi
1295 1637 1433 1693 ﬁunt
1476 1639 1594 1694 dies
1621 1679 1634 1704 ,

349 1728 548 1797 Aquila
580 1738 634 1784 et
663 1728 842 1784 Coron
906 1729 1199 1795 occidunt,
1229 1737 1641 1801 tempestatem-

349 1837 455 1891 que
481 1819 740 1876 eﬂiciunt.

88 1910 146 1967 iv.
281 1909 370 1966 Sol
402 1912 580 1982 magis
606 1911 886 1976 ascendit,
914 1909 1109 1966 Cancri
1140 1912 1376 1968 medium
1398 1913 1636 1980 occidit,

345 2005 600 2073 ventique
630 2011 859 2073 ponunt.

89 2094 152 2148 iii.
277 2092 564 2163 Reliquum
593 2095 786 2149 Cancri
819 2095 1050 2161 occidit,
1085 2102 1139 2151 et
1170 2095 1357 2150 varius
1391 2095 1542 2150 aeris
1578 2093 1635 2148 ﬁt

349 2185 530 2241 ﬂatus.
1737 2251 1796 2260 __
2439 2243 2473 2260 οι
2650 2193 2666 2209 ’
2750 2247 2762 2258 ο
2803 2247 2834 2260 ..

88 2293 158 2331 ra.
281 2275 466 2334 Hiems
497 2277 823 2343 dimidiata,
857 2277 1156 2348 Aquilones
1189 2276 1474 2343 continui,
1509 2277 1638 2332 Del-
1736 2251 1822 2291 η’
1951 2237 2158 2293 Imbres
2184 2253 2309 2295 cum
2339 2243 2838 2364 ωἶξξῗξ-Ρθῃηίδῑί
2865 2248 3071 2305 cadum
3093 2283 3106 2293 ’

342 2371 543 2441 pbinus
578 2385 701 2424 cum
740 2368 888 2423 Cane
915 2370 1092 2423 oritur
1122 2369 1417 2424 matutino.
2419 2353 2610 2408 ΧΧΧΙ.

87 2460 224 2516 NON.
275 2459 518 2518 Fidicula
549 2462 821 2527 exoritur,
847 2461 1039 2531 Aquila
1067 2461 1300 2524 occidit,
1331 2459 1632 2528 Delphinus
2285 2445 2748 2502 FEBRUMHUS.

343 2563 488 2608 totus
513 2553 776 2632 emergit,
800 2560 1195 2621 ventorumque
1223 2550 1280 2604 fit
1305 2566 1627 2607 concursus.
1733 2554 1802 2607 K.
1950 2552 2258 2611 Obscurum
2299 2566 2510 2613 astrum
2556 2572 2814 2632 apparet,
2853 2567 3052 2621 Auster
3083 2575 3137 2623 et
3169 2568 3303 2625 Vul-

87 2645 182 2699 viii.
286 2645 476 2716 Aquila
503 2629 729 2715 vesperi
747 2643 946 2699 occidit
966 2683 980 2708 ,
1013 2642 1105 2696 ﬂat
1135 2643 1354 2698 Auster.
2011 2653 2208 2702 turnus
2240 2647 2392 2703 ﬂant.
2431 2629 2676 2706 Fidicula
2705 2655 2956 2712 occidere
2987 2659 3196 2730 incipit.

88 2733 166 2788 vii.
266 2733 681 2804 Septentriones
733 2740 788 2788 et
816 2732 1015 2803 Aquilo
1044 2731 1395 2788 vehementer
1436 2729 1628 2786 ﬂantes
1731 2733 1803 2786 iv.
1950 2733 2058 2790 Acr
2086 2751 2310 2793 crassus
2338 2749 2452 2802 est,
2485 2740 2761 2800 Favonius
2788 2745 2918 2802 ﬂare
2949 2729 3158 2820 incipit.

340 2832 702 2882 concurrunt.
1661 2856 1702 2910 Β
1732 2825 1808 2878 iii.
1956 2825 2189 2883 Medium
2234 2828 2432 2887 Leonis
2480 2847 2605 2888 cum
2656 2835 2901 2893 Fidicula
2937 2843 3169 2910 occidit,
3205 2845 3303 2901 Se-

85 2911 149 2967 vi.
277 2914 462 2972 Martis
491 2916 826 2971 domicilium
851 2954 865 2980 ,
897 2916 1097 2970 Auster
1139 2925 1195 2969 et
1237 2912 1510 2968 Favonius
1555 2911 1630 2966 si-
2011 2922 2350 2990 ptentriones
2381 2933 2436 2980 et
2464 2927 2662 2998 Aquilo
2693 2928 2848 2984 ﬂant.

337 3008 449 3061 mul
479 3006 648 3072 ﬂant,
681 3006 1048 3078 Capricornus
1078 3021 1356 3076 emergere
1397 3004 1627 3075 incipit,
1729 3022 1814 3062 rn.
1942 3009 2241 3081 Delphinus
2267 3017 2502 3085 occidit,
2533 3018 2733 3074 Auster
2760 3025 2971 3094 vesperi
3007 3026 3300 3085 violentior

336 3100 518 3169 pluvia
545 3100 709 3155 simul
737 3109 792 3156 et
822 3100 996 3171 caligo
1025 3098 1360 3169 vespertino.
2009 3107 2096 3171 tit,
2129 3114 2182 3160 et
2211 3109 2366 3178 pluit.

85 3187 175 3240 v.“
283 3189 476 3247 Auster
503 3191 601 3246 ﬂat
633 3209 757 3248 cum
785 3194 990 3264 pluvia.
1726 3189 1886 3249 NON.
1940 3195 2086 3252 Zona
2123 3196 2344 3256 Orionis
2376 3207 2632 3275 emergit,
2663 3206 2914 3264 turbidus
2947 3218 3032 3266 est
3063 3227 3160 3268 aer
3190 3211 3294 3268 Fa-

86 3280 147 3338 iv.
272 3281 490 3339 Pluvius
522 3283 615 3337 ﬂat
643 3286 843 3340 Auster
871 3285 1182 3340 violentior.
2006 3289 2150 3342 vonii
2184 3288 2333 3346 ﬂatu.

85 3371 155 3426 iii.
280 3374 587 3446 Septentrio
631 3377 804 3432 multo
849 3377 1022 3432 imbre
1067 3385 1121 3432 et
1165 3389 1361 3446 aspera
1411 3381 1622 3445 tempe-
1725 3375 1842 3431 viii.
1941 3375 2185 3433 Fidicula
2214 3383 2440 3449 occidit,
2473 3395 2527 3440 et
2555 3385 2826 3446 Favonius
2856 3392 2924 3446 ab
2954 3409 3151 3452 occasu
3183 3397 3294 3454 ﬂat.

333 3476 474 3523 state
502 3468 613 3521 ﬂat.
1724 3466 1819 3521 vii.
1939 3467 2095 3525 Veris
2127 3471 2341 3527 initium
2367 3515 2381 3540 ,
2422 3474 2694 3535 Favonius
2727 3483 2920 3551 spirat.

83 3569 161 3611 In.
272 3559 468 3616 Auster
499 3562 691 3632 spirat,
1212 3609 1226 3622 ,
1723 3558 1796 3612 γὶ.
1949 3558 2221 3617 Favonius
2249 3573 2302 3618 et
2331 3566 2528 3635 Aquilo
2560 3571 2784 3640 spirant.

84 3643 160 3701 ID.
261 3647 476 3705 Astrum
509 3653 837 3715 obscurum,
871 3651 1044 3721 prima
1080 3649 1200 3704 Mali
1233 3665 1359 3720 pars
1387 3650 1618 3717 occidit,
1723 3667 1778 3705 v.
1942 3649 2254 3708 Obscurum
2283 3667 2529 3722 astrum,
2563 3665 2791 3732 emergit
2819 3663 3114 3735 Aquarius.

331 3753 495 3798 noctu
527 3745 689 3798 etiam
721 3745 878 3814 pluit.
1723 3745 1795 3800 iv.
1943 3747 2252 3820 Septentrio
2276 3768 2400 3808 cum
2427 3755 2667 3812 Favonio
2693 3757 2804 3821 ﬂat,
2833 3758 3103 3816 interdum
3131 3764 3294 3821 etiam

86 3829 179 3882 xix.
267 3834 482 3891 Astrum
526 3837 822 3891 obscurum
853 3878 867 3903 ,
927 3836 1068 3890 varia
1112 3836 1400 3906 Aquilonis
1427 3842 1482 3890 et
1521 3835 1622 3889 Se-
2007 3843 2163 3910 pluit.

329 3930 657 3998 plentrionis
710 3930 1114 3996 inconstantia;
1173 3927 1283 3983 Leo
1344 3928 1612 3982 occultari
1658 3942 1671 3954 η
1723 3929 1805 3982 iii.
1940 3932 2277 3993 Subsolanus
2307 3938 2512 4008 spirat,
2542 3948 2594 3993 et
2625 3942 2893 3999 Arcturus
2921 3944 3116 4000 oritur.

329 4021 554 4090 incipit;
589 4021 784 4091 pluvia:
817 4019 971 4074 ﬁunt.
1723 4037 1807 4075 PR.
1930 4023 2231 4081 Ventorum
2265 4045 2568 4086 concursus
2598 4040 2651 4086 et
2686 4049 2888 4104 pugna.

83 4105 214 4162 xviii.
264 4110 563 4181 Septentrio
591 4121 646 4167 et
677 4112 874 4180 Aquilo
909 4112 1259 4166 vehementes
1284 4109 1444 4166 ﬂant.
1723 4109 1809 4162 ID.
1921 4110 2244 4183 Sagittarius
2268 4120 2475 4187 vesperi
2502 4119 2729 4184 occidit,
2760 4129 3056 4192 tempestas
3079 4139 3293 4194 aspera.

82 4197 196 4250 xvii.
265 4200 350 4255 Sol
381 4203 435 4255 in
469 4203 746 4273 Aquario,
781 4201 1082 4257 Vulturnus
1113 4217 1234 4255 cum
1270 4203 1472 4271 pluvia.
1645 4199 1686 4255 C
1721 4201 1829 4254 xvi.
1924 4204 2115 4259 Crater
2157 4209 2368 4276 vesperi
2415 4210 2589 4264 oritur
2614 4219 2687 4277 et,
2721 4217 3068 4270 commutatis
3096 4221 3293 4285 ventis,

83 4290 176 4343 xvi.
261 4295 494 4352 Fidicula
519 4297 774 4351 occidere
799 4296 987 4364 incipit
1015 4297 1302 4358 matutino,
1324 4303 1617 4350 ventorum
2003 4306 2222 4366 superat
2252 4298 2468 4354 Auster.

332 4407 634 4446 concursus
665 4388 816 4443 ﬁunt.
1725 4401 1812 4437 xv.
1940 4385 2029 4439 Sol
2067 4390 2118 4440 in
2153 4389 2428 4458 piscibus,
2462 4391 2666 4447 hiemat
2700 4408 2813 4448 aer.

82 4492 162 4531 xv.
268 4482 370 4539 Leo
391 4491 443 4539 et
468 4483 769 4553 Delphinus
788 4481 1055 4535 matutino
1079 4479 1369 4536 occidunt:
1396 4479 1614 4550 Aquilo,
1724 4475 1831 4528 xiv.
1935 4475 2240 4547 Septentrio
2270 4480 2363 4533 ﬂat
2393 4497 2517 4534 cum
2550 4483 2770 4538 Austro.
2805 4483 2895 4539 Sol
2926 4501 3122 4544 novus.

329 4573 643 4645 Septentrio
680 4581 734 4627 et
772 4572 972 4628 Auster
996 4581 1364 4638 concurrunt,
1397 4571 1622 4642 pluviae-
1725 4565 1839 4620 xiii.
1925 4565 2090 4637 Virgo
2111 4570 2313 4624 occidit
2337 4571 2490 4640 juxta
2519 4571 2794 4629 Geminos.
2823 4576 3020 4633 AuSter
3047 4577 3137 4634 ﬂat
3165 4594 3288 4637 cum

326 4681 428 4734 que
461 4665 617 4720 (ium,
2002 4659 2241 4715 Favonio
2269 4671 2322 4715 et
2352 4663 2640 4731 Aquilone.

83 4747 179 4801 xiv.
269 4752 560 4810 Conversio
604 4762 659 4809 et
693 4755 888 4809 hiemis
919 4753 1180 4809 medium.
1722 4749 1817 4805 xii.
1931 4749 2034 4822 55
2064 4752 2235 4808 Malus
2281 4757 2494 4824 vesperi
2526 4757 2746 4815 occidit.
2777 4757 3051 4818 Favonius
3091 4764 3284 4834 spirat,

81 4838 182 4892 xiii.
269 4845 456 4916 Aquilo
487 4846 583 4900 ﬂat
615 4857 666 4901 et
695 4848 913 4907 Auster,
951 4847 1189 4901 medium
1225 4845 1428 4901 Cancri
1457 4846 1616 4901 occi-
2002 4852 2056 4898 et
2084 4839 2250 4915 Virgo
2280 4847 2531 4902 occidere
2570 4849 2781 4920 incipit.

327 4938 433 5003 dit,
465 4938 743 5009 Aquarius
774 4953 1050 5009 emergere
1079 4938 1294 5008 incipit.
1720 4931 1796 4986 xi.
1913 4932 2220 5005 Septentrio
2249 4949 2299 4992 et
2324 4938 2524 4996 Auster
2544 4941 2674 4996 ﬂant
2710 4961 2722 4997 :
2762 4944 2934 5000 Malus
2958 4947 3284 5003 occultatur.

87 5018 169 5073 xii.
260 5029 527 5098 Aquarius
572 5037 721 5084 totus
765 5031 1027 5099 emergit,
1057 5028 1276 5085 Africus
1319 5029 1528 5099 spirat,
1562 5035 1616 5084 et
1721 5040 1774 5077 Χ.
1919 5027 2117 5098 Aquilo
2153 5031 2434 5098 pluviosus
2469 5035 2662 5104 spirat.
2700 5036 2809 5092 Leo
2855 5039 3075 5095 OCCidil.
3112 5040 3286 5110 Aqui-

325 5122 481 5191 ριυῑι,
2001 5119 2152 5174 lones
2185 5120 2493 5178 Chelidonii
2519 5127 2773 5196 appellati
2795 5128 3084 5198 incipiunt,
3117 5139 3172 5184 et
3192 5146 3288 5200 per

84 5201 154 5258 li.
270 5211 507 5267 Fidicula
523 5228 649 5269 cum
666 5214 876 5268 Cancro
891 5213 1118 5280 occidit,
1141 5221 1192 5268 et
1217 5211 1426 5283 vesperi
1446 5211 1608 5281 pluit.
2000 5213 2351 5276 quatriduum
2387 5215 2535 5270 ﬂant.
2567 5217 2902 5274 Hirundines
2929 5232 3212 5290 apparent.

84 5309 136 5345 x.
264 5303 452 5374 Aquilo
483 5305 577 5360 na;
612 5322 734 5361 cum
769 5308 975 5377 pluvia,
1717 5298 1792 5353 ix.
1930 5302 2197 5359 Arcturus
2224 5306 2369 5359 circa
2394 5309 2624 5376 primam
2649 5310 2886 5380 vigiliam
2928 5311 3176 5367 occidere
3203 5328 3288 5366 tn-

85 5385 154 5436 ix-
265 5392 467 5451 Hiemat
508 5399 668 5464 dies,
715 5399 1081 5454 vehementius
1129 5396 1260 5450 ﬂant
1301 5394 1506 5465 Aquilo
1556 5404 1610 5451 et
1995 5394 2148 5462 cipit,
2205 5395 2480 5454 Favonius
2539 5401 2730 5470 spirat,
2824 5417 3042 5473 noxque
3097 5403 3283 5458 nubila

326 5485 648 5544 Vulturnus.
1652 5543 1661 5544 ί
1989 5486 2202 5542 exsistit
2217 5514 2234 5529 ο

84 5566 184 5623 viii.
265 5577 576 5652 Tempestas
605 5581 892 5646 turbidior,
925 5581 1089 5637 iidem
1114 5580 1245 5635 nam
1272 5581 1439 5635 venti.
1642 5543 1688 5598 ι)
1722 5573 1835 5630 viii.
1924 5574 2206 5647 l'lalcyonii
2235 5579 2483 5649 appellati
2512 5582 2649 5638 dies.

89 5655 170 5710 τίί-
270 5669 475 5725 Hiemat
503 5672 654 5735 dies,
685 5672 848 5726 iidem
879 5671 1008 5726 ﬂant
1032 5672 1175 5726 venti
1199 5713 1211 5736 ,
1236 5670 1478 5726 Fidicula
1511 5687 1610 5729 oc-
1718 5665 1812 5719 νὶίο
1926 5668 2100 5723 Corus
2137 5678 2190 5723 Cl
2219 5670 2414 5739 Aquilo
2445 5673 2606 5726 simul
2637 5673 2788 5728 ﬂant.

328 5761 505 5816 cidere
537 5761 748 5832 incipit.
1716 5761 1789 5816 vi.
1924 5762 2198 5830 Aquarius
2224 5762 2354 5817 oriri
2386 5765 2596 5835 incipit,
2627 5775 2682 5820 et
2709 5767 2863 5836 pluit.

360 5853 629 5914 PATBOL.
673 5854 790 5913 Gn.
828 5854 999 5916 XIX.
2932 5859 3010 5917 29
