3786 6324
439 319 544 378 90⁸1

440 456 494 493 ν.

443 533 518 588 iv.

444 735 530 774 PB.

445 1062 511 1119 Κ.

443 1155 515 1209 vi.

444 1356 499 1396 ν.

446 1524 516 1578 iv.

447 1614 524 1667 iii.

447 1721 532 1758 PR.

1462 316 1554 373 AD
1594 315 1861 375 EUSEBII
1893 315 2293 377 CHRONICON
2328 319 2710 378 APPENDIX.

643 417 911 494 Arctﬂrus
947 439 1175 509 emergit
1213 447 1266 493 et
1295 440 1451 507 pluit.
2047 450 2094 506 Α

641 534 907 590 Arcturus
929 533 1105 588 oritur
1125 533 1418 588 matutino.

651 625 824 682 Malus
865 627 1078 697 vesperi
1112 625 1333 681 occidit.
2121 598 2186 653 K:

648 718 920 775 Favonius
942 719 1048 774 late
1070 717 1262 789 spirat.
1293 715 1509 774 Vernus
1539 725 1622 774 est
1653 717 1790 772 dies.

1114 830 1352 886 XXVIII.

1065 945 1326 1004 MARTIU
1337 946 1393 1004 S.

654 1063 856 1120 Auster
887 1070 942 1119 et
976 1063 1200 1118 Africus
1232 1063 1396 1117 simul
1428 1063 1664 1132 spirant.

655 1152 1033 1209 Vindemiator
1056 1171 1320 1226 apparere
1343 1156 1556 1226 incipit.
1586 1156 1785 1226 Aquilo
1813 1156 2024 1227 gelidus

2123 897 2193 934 IV.

2127 971 2179 982 .O'

2125 987 2206 1023 Ill.

2125 1077 2210 1116 PR.

725 1245 835 1300 ﬂat.
870 1246 1139 1303 Arcturus
1181 1247 1382 1304 occidit
1415 1250 1709 1304 matutino.
2124 1248 2238 1304 viii.

654 1337 762 1394 Aer
793 1339 1101 1406 nimbosus,
1161 1349 1214 1396 et
1273 1342 1434 1411 pluit.
1480 1342 1748 1398 Arcturus
1799 1344 2025 1416 emergit

725 1431 936 1486 elevato
963 1430 1106 1495 Sole,
1135 1441 1187 1487 et
1215 1431 1308 1486 ﬂat
1332 1433 1551 1503 Aquilo.
2126 1431 2220 1484 vii.

649 1523 921 1578 Arcturus
961 1523 1215 1579 similiter
1242 1527 1488 1596 emergit.
2127 1525 2201 1578 vi.

649 1613 918 1670 Arcturus
949 1615 1187 1669 interdiu
1219 1616 1473 1686 emergit.

643 1705 841 1775 Aquilo
864 1704 977 1766 ﬂat.
1011 1706 1324 1762 nubilosum
1359 1707 1588 1761 caelum.
2127 1725 2182 1762 v.

447 1796 606 1852 NON.
647 1799 838 1868 Equus
860 1799 1062 1853 occidit
1094 1799 1382 1863 matutino,
1414 1808 1466 1854 et
1491 1797 1581 1853 ﬂat
1605 1800 1823 1870 Aquilo.
1853 1801 2026 1858 Coro-
2055 1798 2097 1852 Β
2129 1801 2200 1855 iv.

451 2070 565 2125 viii.

452 2440 546 2493 vii.

449 2624 525 2680 vi.

451 2921 506 2959 ν.

453 3087 525 3142 iv.

454 3273 536 3326 iii.

454 3472 540 3511 PB.

455 3546 541 3602 ll).

458 3641 587 3694 xvii.

459 3825 568 3880 xvi.

459 3933 549 3972 XV.

461 4009 570 4062 xiv.

461 4100 575 4153 xiii.

460 4281 554 4336 xii.

458 4376 534 4431 xi.

461 4574 534 4613 IX.

459 4746 572 4802 viii.

458 5023 554 5078 vii.

461 5211 538 5269 vi.

462 5321 517 5360 ν.

462 5481 539 5536 iv.

464 5571 546 5626 iii.

730 1904 801 1944 na
832 1889 1100 1943 matutino
1139 1889 1472 1956 occultatur,
1501 1906 1765 1961 aquarum
1789 1894 1856 1950 de
1889 1896 2028 1950 cmlo
2131 1892 2210 1948 iii.

731 1979 962 2050 pluvies.
2131 2001 2215 2038 rn.

663 2070 887 2126 Marina:
932 2086 1059 2126 aves
1105 2087 1369 2144 apparere
1411 2073 1704 2145 incipiunt.
1747 2076 1945 2146 Aquilo
1979 2089 2031 2133 et

735 2164 1148 2234 Septentriones
1177 2165 1328 2220 ﬂant.
1365 2164 1702 2236 Principium
1737 2165 1892 2224 Veris
1922 2179 2029 2228 esl.

737 2254 829 2309 Sol
863 2253 1102 2311 Piscium
1127 2256 1412 2312 dimidium
1448 2257 1682 2314 obtinet.
1716 2257 1902 2330 Equus
1935 2277 2029 2318 oc-

736 2349 887 2403 cidit.
1390 2367 1394 2371 ·

661 2438 858 2494 Milvus
897 2455 1161 2511 apparere
1206 2440 1419 2512 incipit,
1447 2440 1537 2497 ﬂat
1564 2441 1787 2510 Auster,
1824 2443 2030 2501 Piscis-

730 2548 838 2604 que
867 2532 922 2587 in
961 2544 1178 2605 tergore
1224 2534 1494 2588 matutino
1521 2535 1788 2590 occultari
1818 2536 2028 2606 incipit.
2132 2555 2222 2594 xv.

671 2623 860 2696 Equus
910 2627 1112 2681 occidit
1147 2628 1436 2682 matutino.
1490 2626 1685 2683 Milvus
1736 2643 1766 2680 a
1813 2629 2032 2684 sublimi
2132 2632 2243 2686 xiv.

732 2718 992 2776 deorsum
1027 2721 1222 2792 vergit.
1256 2719 1632 2775 Vindemiator
1669 2721 1888 2775 occidit.
1925 2720 2033 2774 Ar-
2134 2721 2250 2777 xiii.

734 2819 926 2868 cturus
943 2820 1120 2866 autem
1145 2813 1393 2883 emergit,
1413 2821 1465 2867 ct
1481 2813 1690 2882 gelidus
1707 2812 1797 2865 ﬂat.
1813 2813 2028 2882 Aquilo.
2135 2813 2228 2866 xii.

663 2903 873 2962 Hiemis
917 2905 1216 2972 abscessio,
1267 2913 1321 2960 et
1369 2905 1654 2975 Aquilonis
1703 2906 1768 2961 ad
1803 2904 2034 2976 Scpten-
2135 2902 2209 2956 xi.

735 2997 944 3053 triones
969 2997 1347 3052 commutatio.
2135 3011 2190 3051 ι.

672 3085 886 3143 Desinit
918 3086 1090 3142 Piscis
1118 3101 1148 3139 a
1181 3094 1396 3157 tergore
1429 3085 1652 3141 elevari.
1704 3082 2016 3154 Septentrio
2063 3134 2104 3157 η
2138 3088 2210 3143 ix.

2061 3134 2105 3196 C

735 3179 820 3234 vel
856 3179 1056 3234 Auster
1083 3177 1196 3232 ﬂat.
2062 3177 2105 3196 “
2143 3182 2248 3231 illi.

660 3271 811 3342 Argo
843 3271 1000 3326 navis
1025 3270 1251 3342 emergit
1282 3270 1515 3340 vesperi.
1543 3267 1817 3326 Favonius
1846 3279 1899 3324 et
1923 3271 2034 3324 Au-

739 3371 851 3420 ster
876 3363 1028 3427 ﬂant,
1057 3371 1110 3416 et
1140 3362 1194 3416 in
1230 3361 1429 3417 Leonis
1455 3363 1629 3416 cauda
1658 3363 1860 3417 hiemat
1891 3362 2029 3418 dies.
2133 3362 2207 3416 vi.

653 3454 852 3525 Aquilo
881 3471 977 3525 per
1005 3463 1180 3508 totum
1209 3453 1302 3507 ﬂat
1327 3454 1490 3508 diem.
2135 3470 2190 3507 v.

655 3546 844 3617 Equus
874 3547 1096 3613 occidit,
1127 3553 1181 3601 et
1209 3546 1404 3615 Aquilo
1437 3545 1529 3598 ﬂat
1553 3543 1784 3615 gelidus.
2138 3546 2208 3600 iv.

653 3639 745 3694 Sol
779 3639 834 3692 in
872 3638 1077 3692 Arietc.
1117 3636 1394 3692 Favonius
1434 3638 1539 3692 late
1570 3641 1766 3706 ειη-ιιι.
1810 3635 2034 3690 Ciconia
2137 3638 2215 3692 iii.

742 3740 984 3801 apparet,
1019 3737 1073 3784 et
1103 3745 1252 3784 mare
1286 3730 1629 3785 transmittit.
2137 3746 2221 3785 νει.

666 3821 1049 3877 Inconstantes
1081 3821 1252 3876 venti.
1295 3822 1496 3891 Aquilo
1526 3824 1718 3891 spirat.

660 3916 860 3970 Auster
886 3913 998 3968 ﬂat.
1029 3912 1224 3968 Milvus
1252 3912 1492 3968 diluculo
1515 3923 1751 3983 apparet.

663 4006 860 4076 Aquilo
890 4019 1118 4061 serenus
1148 4004 1351 4076 spirat.

654 4097 844 4170 Equus
875 4097 1074 4152 occidit
1114 4096 1400 4151 matutino.
1434 4097 1632 4168 Aquilo
1665 4098 1748 4153 vel
1800 4097 2031 4170 Septen-

743 4190 850 4245 trio
881 4188 990 4243 ﬂat.

647 4279 806 4336 Aries
836 4282 889 4335 in
920 4281 1061 4335 latus
1083 4281 1331 4352 emergit.
1365 4279 1508 4336 Pluit
1538 4289 1631 4336 aut
1673 4283 1868 4354 ningit.
2139 4279 2202 4334 K.

649 4375 858 4430 Cancer
887 4383 1100 4446 tergore
1125 4376 1323 4431 oritur.
1358 4376 1557 4432 Auster
1585 4376 1698 4430 ﬂat.
2139 4375 2214 4427 vi.

645 4469 1081 4541 Equinoctium,
1114 4471 1272 4541 pluit,
1297 4471 1572 4525 interdum
1604 4479 1776 4525 tonat.
2068 4483 2111 4538 ι)
2140 4481 2192 4518 v.

647 4561 1054 4632 Septentriones
1095 4572 1148 4616 et
1178 4561 1374 4633 Aquilo
1396 4561 1544 4615 ﬂant.
1589 4559 1780 4631 Equus
1840 4561 2041 4616 occidit
2143 4555 2213 4606 iv.

742 4656 1030 4711 matutino.

663 4746 854 4804 Pisces
889 4757 1102 4818 tergore
1139 4753 1450 4817 emergunt,
1501 4748 1593 4801 nix
1655 4747 1829 4802 imbre
1875 4745 2038 4801 mista

745 4837 910 4892 cadit.
942 4839 1099 4893 Aries
1129 4838 1396 4892 matutino
1432 4840 1659 4908 emergit
1692 4852 1816 4892 cum
1872 4837 2034 4902 mari,

752 4930 984 4986 turbatio
1015 4930 1179 4985 aeris.

647 5022 1057 5094 IEquinoctium
1113 5037 1366 5086 vernum,
1429 5021 1589 5090 pluit,
1639 5020 1918 5075 interdum
1981 5027 2035 5072 et

742 5124 916 5172 tonat.

679 5213 802 5266 Nox
834 5221 890 5266 et
916 5211 1033 5266 dies
1059 5211 1295 5281 aequales
1324 5207 1616 5263 exsistunt.

663 5301 925 5373 Scorpius
967 5303 1169 5358 occidit
1196 5321 1208 5356 :
1233 5300 1526 5356 vehemens
1557 5299 1649 5352 ﬂat
1675 5305 1892 5365 ventus,
1923 5298 2041 5367 plu-
2143 5292 2212 5347 vi.

745 5394 972 5464 viasque
1000 5408 1120 5447 cum
1158 5391 1456 5447 tonitribus
1478 5391 1822 5444 commiscet.

2142 4737 2225 4793 iii.

682 5479 946 5551 Scorpius
973 5479 1191 5534 occidit.
1240 5477 1550 5548 Septentrio
1587 5474 1680 5528 ﬂat
1723 5477 1963 5547 pluvius.
2142 5495 2193 5530 v.

677 5571 878 5626 Auster
896 5568 990 5624 ﬂat
1022 5577 1076 5625 et
1107 5569 1264 5640 pluit.
2145 5573 2214 5623 iv.

661 5658 961 5717 Ventorum
991 5663 1273 5732 procellae;
1306 5669 1358 5715 et
1392 5675 1532 5732 saepe
1564 5660 1718 5731 pluit.
2144 5662 2222 5716 iii.

1173 5751 1355 5806 XXXI.
2145 5767 2229 5806 rn.

2131 2076 2218 2133 Η).

2133 2169 2281 2227 xviii.
2332 2169 2642 2224 Obscurum
2675 2176 2906 2234 astrum,
2939 2177 2994 2223 et
3022 2169 3194 2232 venti,
3231 2177 3286 2224 et
3317 2169 3530 2225 imbres.

2131 2264 2260 2319 xvii.
2341 2261 2556 2318 Sticula:
2583 2260 2840 2316 occidunt
2871 2280 2887 2317 :
2912 2259 3095 2332 frigidi
3115 2261 3330 2330 Spirant
3359 2262 3498 2318 venti
3523 2281 3535 2318 :
3564 2260 3668 2318 Pero

2132 2446 2242 2500 xvi.

2133 3271 2228 3324 vii.

2141 4845 2228 4884 PR.

2141 4916 2300 4973 NON.
2359 4915 2610 4986 Vergilia:
2650 4913 2906 4970 oriuntur
2931 4911 3223 4976 matutino,
3253 4919 3309 4967 et
3343 4911 3507 4981 spirat
3538 4905 3660 4960 ἢκ.

2141 5105 2253 5158 viii.

2141 5199 2234 5252 vii.

3578 323 3664 382 908

2764 461 3055 518 APRILIS.

2336 601 2600 672 Scorpius
2621 599 2825 656 occidit
2851 619 2863 654 :
2904 598 2998 654 Sol
3029 598 3135 654 diei
3171 606 3380 670 partem
3410 613 3561 653 unam
3586 599 3664 654 ad-

2410 693 2510 749 dit.
2538 692 2823 764 Aquilonis
2852 690 2980 746 ﬂatu
3002 691 3325 746 nebulosum
3358 699 3437 746 est
3464 691 3662 746 uelum:

2404 783 2658 854 Vergiliae
2691 783 2823 836 oriri
2865 789 2919 837 et
2961 779 3375 851 praesigniﬁcari
3411 780 3660 850 incipiunt.

2335 875 2644 932 Nebulosu$
2683 890 2773 927 .‘u-r
2805 888 2899 942 per
2934 887 3124 928 omnes
3153 880 3351 928 terras.

2329 966 2580 1038 Vergilire
2609 965 2867 1020 occidunt
2914 965 3248 1034 vespertino.

2324 1058 2443 1113 Flat
2480 1058 2724 1113 Africus.

2125 1151 2285 1208 NON.
2335 1152 2610 1208 Favonius
2636 1151 2832 1222 spirat.

2333 1246 2551 1303 Sucula:
2574 1254 2862 1320 emergunt
2895 1265 2908 1301 :
2944 1245 3250 1317 pluviaeque
3280 1243 3347 1297 ab
3373 1242 3562 1298 Austro
3590 1244 3665 1297 de-

2407 1337 2721 1394 volvuntur.

2330 1431 2530 1486 Auster
2567 1429 2680 1495 ﬂat,
2711 1437 2764 1485 et
2783 1428 3150 1500 Vergiliarum
3183 1427 3450 1496 reliquum
3479 1428 3663 1483 occidit.

2339 1522 2615 1576 Favonius
2657 1522 2788 1577 ﬂare
2841 1521 3032 1591 incipit
3095 1520 3365 1574 matutino
3408 1517 3666 1590 :Vergiliae

2409 1615 2684 1670 occidunt.

2325 1705 2607 1762 Australes
2637 1705 2908 1776 procellae.

2339 1799 2536 1870 Aquilo
2566 1796 3002 1871 vehemensﬂat,
3037 1794 3238 1868 vesper
3264 1804 3350 1853 est
3393 1793 3662 1867 pluviosas.

2339 1889 2546 1960 Frigidi
2575 1888 2706 1943 ﬂant
2736 1889 2904 1955 venti,
2938 1898 2990 1943 et
3025 1889 3181 1957 pluit.

2339 1982 2554 2038 Sucula:
2577 1982 2950 2038 occultantur.

2330 2077 2529 2146 Aquilo
2558 2074 2674 2139 ﬂat,
2705 2089 2938 2145 parvum
2970 2090 3214 2146 praesepe
3242 2076 3501 2130 exoritur.

2410 2369 2538 2409 seus
2559 2354 2754 2409 oritur.

2349 2444 2564 2500 Sucula:
2592 2445 2852 2500 occidunt
2887 2461 2902 2500 :
2935 2443 3107 2514 spirat
3136 2443 3432 2502 Favonius.

2348 2539 2442 2593 Sol
2474 2539 2526 2592 in
2557 2538 2741 2592 Tauro
2775 2577 2792 2605 ,
2829 2537 3045 2592 Suculac
3067 2539 3441 2595 occultantur.

2340 2631 2560 2686 Africus
2582 2629 2695 2687 ﬂat.

2331 2719 2546 2776 Suculte
2572 2721 2790 2792 penitus
2815 2717 3334 2778 occidunt.At‘ricus
3356 2721 3450 2778 ﬂat
3470 2718 3668 2792 vesperi.

2344 2812 2618 2869 Favonius
2652 2815 2842 2884 spirat.

2345 2902 2510 2957 Tauri
2546 2913 2709 2974 caput
2739 2903 2941 2958 occidit
2971 2913 3026 2960 et
3050 2904 3208 2972 pluit.

2346 2995 2595 3065 Vergilias
2626 2996 2952 3051 exoriuntur
2989 3017 3002 3052 :
3038 2995 3319 3051 Favonius
3345 2996 3526 3068 spirat.

2352 3086 2599 3141 Fidicula
2628 3089 2776 3142 circa
2806 3087 3035 3158 primam
3060 3087 3234 3142 facem
3264 3096 3501 3160 apparet.

2346 3177 2588 3233 Fidicula
2619 3179 2881 3245 cernitur,
2916 3186 2971 3235 et
3005 3179 3164 3250 pluit.

2349 3269 2600 3342 Praesepe
2630 3274 2858 3344 emergit
2889 3291 2904 3328 :
2935 3271 3135 3326 deciuit
3168 3270 3294 3328 Ver.

2351 3361 2565 3416 Suculae
2591 3363 2806 3433 penitus
2830 3363 3107 3428 occidunt,
3134 3372 3190 3420 et
3219 3362 3380 3420 Veris
3403 3361 3671 3419 conversis.

2347 3453 2454 3525 56
2493 3454 2690 3509 Auster
2719 3455 2831 3509 ﬂat.

2345 3545 2605 3600 Austrina
2634 3545 2772 3610 dies,
2807 3554 2861 3601 et
2889 3546 3092 3617 pluvia.

2352 3635 2510 3692 Haedi
2539 3637 2791 3692 oriuntur
2825 3657 2838 3692 :
2869 3639 3071 3694 Auster
3099 3637 3192 3692 ﬂat
3223 3639 3507 3693 matutino.

2341 3730 2508 3785 Canis
2555 3731 2865 3785 occultatur
2904 3731 3121 3801 vesperi
3161 3746 3176 3784 :
3228 3745 3324 3786 aer
3359 3729 3676 3788 conturbatur

2423 3823 2492 3878 ab
2522 3821 2747 3889 Austro,
2782 3830 2837 3878 et
2879 3821 3077 3892 Aquilo
3111 3837 3171 3877 se
3202 3822 3366 3878 simul
3399 3819 3675 3892 permiscet.

2846 3954 3012 4012 XXX.

2812 4115 3046 4172 MAIUS.

2348 4276 2514 4332 Canis
2542 4275 2871 4337 occultatur,
2904 4287 3058 4328 rores
3085 4271 3445 4327 descendunt.

2352 4370 2566 4423 Suculze
2593 4382 2714 4422 cum
2748 4365 2874 4420 Sole
2904 4365 3176 4420 oriuntur.

2353 4461 2663 4516 Centaurus
2705 4467 2933 4529 apparet
2973 4466 3120 4511 totus
3159 4475 3173 4510 :
3212 4455 3482 4510 Favonius
3517 4452 3675 4522 spirat.

2357 4550 2619 4620 Scorpius
2662 4564 2880 4603 sursum
2925 4548 3147 4616 emergit
3192 4562 3208 4599 '.
3241 4546 3436 4617 Aquilo
3473 4544 3556 4597 ﬂat
3594 4559 3604 4593 :
3636 4544 3678 4591 tt

2424 4658 2575 4697 rores
2601 4639 2825 4695 cadunt.

2353 4734 2599 4790 Fidicula
2627 4732 2803 4787 oritur
2832 4730 3120 4785 matutino.

2357 4825 2650 4880 Dimidium
2686 4822 3006 4894 Scorpionis
3039 4820 3259 4876 occidit.

2423 5025 2570 5064 tuus.

2347 5099 2683 5171 Principium
2709 5098 2916 5155 aestatis
2950 5117 2964 5154 :
2995 5097 3273 5153 Favonius
3303 5095 3566 5167 prmvalet.

2355 5195 2555 5250 Eodem
2591 5192 2682 5246 ﬂat
2711 5192 2873 5247 modo
2903 5189 3196 5245 Favonius.

2359 5287 2598 5341 Fidicula
2634 5288 2830 5341 oritur.
2864 5284 3080 5338 Suculze
3109 5280 3387 5336 occidunt.
3423 5274 3577 5332 Tauri
3604 5285 3668 5325 c"-

2423 5392 2517 5452 put
2545 5385 2789 5450 apparet.

2352 5474 2598 5544 Vergiliae
2630 5477 2910 5540 apparent.

2354 5567 2603 5635 Vergiliae
2634 5567 2903 5619 oriuntur.
2943 5561 3142 5616 Auster
3180 5560 3291 5614 ﬂat.

2358 5658 2573 5713 Sticula:
2603 5655 2880 5711 occidunt.
2916 5653 3158 5730 Austriui
3191 5659 3319 5708 sunt
3343 5649 3517 5706 ﬂatus.

2363 5749 2622 5820 Scorpius
2643 5743 2863 5810 occidit,
2896 5752 2948 5798 et
2969 5741 3214 5798 Fidicula
3233 5743 3408 5798 oritur
3429 5732 3682 5795 matutino.
