3786 6326
125 327 210 382 909
1158 315 1530 375 PTOLEMIEI
1551 314 1657 388 DE
1693 314 2174 376 APPARENTIIS.

1679 441 1722 496 Α
1753 451 1836 491 PR.

125 441 198 499 Il).
307 440 512 496 Cancer
534 439 778 494 exoritur
813 454 826 488 ε
857 447 908 493 et
937 438 1028 492 ﬂat
1052 437 1272 493 Auster.

126 534 235 589 xvii.
304 531 513 586 Initium
545 533 772 587 astatis.

124 627 212 682 xvi.
301 624 565 696 Procyon,
610 639 772 694 quam
813 622 1032 694 quidam
1071 622 1378 677 caniculam
1429 627 1649 683 vocant,

372 715 592 771 occidit.

122 825 195 862 xv.
303 807 390 862 Sol
422 809 475 861 in
504 805 767 862 Geminis.

122 902 212 954 xiv.
307 899 500 954 Auster
527 898 620 953 ﬂat
650 898 881 969 vesperi.

121 991 213 1044 xiii.
297 988 506 1043 Suculas
528 990 798 1055 oriuntur,
823 997 874 1044 et
905 987 996 1042 ﬂat
1031 989 1254 1059 Aquilo.

118 1084 197 1136 xii.
304 1083 565 1136 Arcturus
591 1081 810 1142 occidit,
840 1096 1037 1150 aerque
1067 1079 1452 1136 conturbatur.

118 1173 178 1226 xi.
309 1172 632 1244 Sagittarius
661 1173 881 1238 occidit,
912 1183 966 1228 et
991 1173 1083 1226 ﬂat
1107 1174 1324 1227 Auster.

119 1279 160 1316 x.
295 1261 500 1318 Gemini
531 1265 875 1331 exoriuntur,
908 1272 962 1319 et
990 1263 1204 1334 Aquila.

118 1356 176 1409 ix.
297 1353 505 1410 Suculze
537 1356 671 1410 oriri
704 1357 987 1426 incipiunt,
1021 1364 1076 1410 et
1109 1355 1266 1425 pluit.

117 1448 212 1500 viii.
291 1447 505 1517 Capella
536 1448 712 1501 oritur
744 1448 1030 1510 matutino,
1073 1461 1122 1500 et
1154 1445 1246 1500 ﬂat
1271 1446 1495 1517 Aquilo.

116 1537 192 1588 vii.
301 1535 510 1592 Taurus
530 1537 750 1591 occidit.
773 1537 970 1591 Auster
984 1545 1036 1591 et
1051 1536 1247 1606 Aquilo
1275 1536 1423 1591 ﬂant.

118 1630 176 1682 vi.
296 1628 488 1682 Auster
516 1628 708 1697 spirat.

117 1737 158 1774 ν.
299 1719 537 1773 Fidicula
571 1720 749 1773 oritur
776 1719 1044 1773 matutino
1078 1736 1092 1775 ;
1122 1731 1174 1774 et
1197 1719 1396 1775 Auster
1426 1720 1540 1775 ﬂat.

117 1809 176 1862 iv.
295 1809 486 1863 Auster
523 1809 814 1862 vehemens
848 1807 960 1862 ﬂat.

118 1904 181 1958 iii.
293 1901 539 1974 Vergiliae
563 1901 905 1967 exoriuntur,
947 1901 1152 1957 imbres
1193 1918 1318 1957 cum
1359 1904 1650 1961 tonitribus

363 1997 517 2052 ﬁunt.

118 2103 190 2145 η.
296 2088 608 2158 Tempestas
673 2104 898 2160 aspera,
942 2089 1144 2145 hiemat
1193 2106 1286 2146 aer
1337 2109 1350 2144 :

368 2182 576 2251 vesperi
605 2181 846 2236 tonitrua
877 2191 1308 2236 commoventur.

753 2293 945 2350 XXXI.
993 2331 999 2336 -

728 2404 992 2460 JUNIUS.

117 2514 167 2572 Κ.
296 2516 504 2572 διιςυιῖρ
533 2526 660 2573 tota:
695 2528 978 2592 emergunt
1011 2539 1024 2572 :
1062 2520 1260 2575 Auster
1293 2519 1407 2575 ﬂat.

118 2609 174 2661 in
293 2613 483 2680 Aquilo
528 2614 776 2667 exoritur
820 2631 834 2667 :
889 2615 1032 2670 aeris
1089 2622 1409 2684 tempestas,
1453 2623 1506 2668 et
1557 2614 1648 2668 ﬂat

359 2702 652 2760 Favonius.

118 2794 180 2848 iii.
298 2797 576 2854 Australes
605 2797 855 2869 procellae
883 2813 1007 2852 cum
1038 2797 1314 2853 tonitruis.

118 2905 188 2944 ra.
294 2892 487 2948 Auster
520 2893 642 2957 ﬂat,
678 2901 729 2947 et
759 2894 914 2963 pluit.

117 2978 250 3040 NON.
300 2985 488 3055 Aquilo
521 2986 772 3040 exoritur
805 3003 820 3051 ;
860 2984 956 3037 ﬂat
991 2992 1196 3048 auster,
1233 2990 1285 3038 et
1315 2981 1471 3050 pluit.

120 3075 211 3126 viii.
292 3079 481 3149 Aquilo
513 3079 624 3144 ﬂat,
655 3085 708 3133 et
739 3077 898 3148 pluit.

120 3167 196 3222 vii.
288 3171 548 3226 Arcturus
577 3172 777 3226 occidit
804 3170 1070 3225 matutino
1101 3189 1112 3224 :
1144 3167 1418 3223 Firmius
1449 3165 1643 3236 spirat.

121 3261 177 3312 vi.
303 3263 596 3334 Delphinus
629 3279 904 3334 emergere
951 3263 1139 3332 incipit
1177 3283 1190 3317 :
1233 3263 1502 3316 Arcturus
1554 3275 1651 3314 oc-

361 3357 513 3409 cidit.

120 3457 162 3496 v.
298 3445 489 3516 Aquilo
528 3446 640 3511 ﬂat,
675 3454 730 3500 et
761 3446 972 3501 modice
1001 3447 1160 3517 pluit.

122 3535 176 3587 iv.
284 3537 568 3594 Pluviosus
619 3555 712 3596 aer
751 3554 874 3594 cum
922 3540 1196 3605 touitruis,
1256 3545 1311 3594 et
1378 3535 1650 3591 Australis

360 3634 497 3688 dies.

121 3723 183 3778 iii.
296 3726 686 3783 Turbulentum
717 3726 914 3782 cmlum
943 3740 1066 3778 cum
1099 3723 1379 3780 tonitruis.

121 3832 188 3870 rx.
301 3818 569 3875 Favonius
597 3819 682 3874 vel
712 3819 885 3872 Corus
908 3815 1020 3878 ﬂat,
1047 3822 1100 3870 et
1130 3824 1300 3869 tonat.

122 3908 190 3965 ID.
301 3913 594 3984 Delphinus
632 3911 860 3981 emergit
889 3928 903 3964 :
937 3909 1135 3963 Auster
1164 3907 1277 3962 ﬂat.

123 4005 245 4062 xviii.
292 4007 507 4063 Orionis
574 4004 787 4060 humeri
868 4003 1202 4070 elevantur,
1255 4008 1309 4054 et
1381 3999 1652 4072 principia

359 4100 589 4156 aestatis.

121 4188 225 4245 xvii.
295 4190 599 4246 Obscurum
621 4195 849 4243 astrum.
880 4185 1156 4241 Favonius
1183 4190 1237 4239 et
1262 4183 1462 4238 Auster
1491 4182 1647 4238 ﬂant.

123 4283 209 4337 xvi.
297 4285 447 4341 Aeris
483 4291 778 4352 tempestas
808 4289 862 4335 et
895 4278 1171 4351 Aquilonii
1204 4276 1384 4332 ﬂatus.

122 4385 191 4426 xv.
297 4373 565 4431 Favonius
591 4390 714 4429 cum
750 4374 950 4428 Austro
981 4373 1170 4442 spirat.
1201 4368 1419 4424 Orionis
1438 4364 1648 4422 humeri

359 4475 646 4540 apparent.

123 4559 208 4610 xiv.
303 4560 391 4617 SOI
425 4565 481 4616 in
512 4562 746 4616 Cancro.
775 4556 942 4612 Orion
971 4554 1215 4612 exoritur
1240 4552 1526 4607 matutino.

123 4651 214 4708 xiii.
294 4653 489 4708 Auster
526 4660 579 4708 et
602 4650 872 4706 Favonius
905 4648 1056 4713 ﬂant,
1085 4648 1220 4717 pluit
1246 4653 1300 4701 et
1330 4651 1505 4700 tonat.

123 4744 198 4798 xii.
293 4746 670 4819 Serpentarius
701 4744 903 4800 occidit
933 4742 1228 4797 matutino.

125 4837 181 4887 xi.
299 4842 492 4896 Auster
515 4854 639 4894 cum
667 4837 933 4908 Aquilone
960 4835 1153 4905 spirat.

125 4941 167 4981 ι.
295 4933 524 4990 Exortus
555 4931 796 4986 Orionis.

125 5017 180 5072 il.
294 5023 521 5079 Ohscuri
553 5021 688 5077 astri
726 5028 968 5084 exortus,
1009 5025 1063 5074 et
1099 5017 1340 5072 calorum
1387 5015 1645 5070 intentio.

122 5112 195 5166 viii
298 5116 542 5172 Estivus
580 5113 768 5180 cardo,
807 5121 861 5168 et
909 5119 1288 5168 momentanea
1332 5109 1476 5165 aeris
1524 5121 1654 5177 per-

364 5211 626 5264 turbatio.

127 5294 198 5347 'ii.
290 5299 502 5357 Africus
539 5307 596 5355 et
623 5297 896 5354 Favonius
923 5299 1084 5352 simul
1114 5297 1348 5368 spirant.

125 5385 183 5437 τί·
301 5390 622 5448 Brevissima
647 5407 774 5445 nox.
802 5391 968 5445 Orion
991 5393 1255 5445 exoritur.

127 5489 168 5528 ν·
308 5481 446 5538 Pluit
473 5484 708 5554 vesperi.
740 5481 907 5538 Canis
933 5496 1192 5552 apparere
1215 5479 1422 5550 incipit.

128 5563 184 5619 iv.
304 5572 596 5632 Ventorum
625 5573 934 5631 conﬂictus.

129 5656 191 5714 iii.
310 5667 469 5725 Canis
508 5668 754 5724 exoritur
783 5668 1070 5724 matutino.
1113 5665 1261 5722 Zona
1288 5663 1506 5722 Orionis
1546 5679 1642 5735 ap-

372 5769 522 5830 paret

1412 2089 1648 2161 ingentia

1683 1787 1725 1844 B
1753 1786 1842 1840 vii.

1674 4477 1806 4537 Dv.

3218 303 3366 362 910-

1953 439 2218 493 Arcturus
2265 436 2466 492 occidit
2510 434 2799 498 matutino,
2835 438 2890 483 et
2936 425 3078 482 aeris
3123 424 3322 478 intem-

2033 547 2228 601 penes.

2451 641 2618 696 XXX.

2403 751 2662 809 IULIUS.

1753 869 1818 924 K.
1968 869 2073 940 57
2105 869 2209 924 Aer
2248 869 2316 923 ab
2347 867 2614 939 Aquilone
2641 865 3018 919 conturbatur.

1753 962 1828 1017 vi.
1969 963 2273 1017 Obscurum
2301 969 2539 1016 astrum:
2562 959 2759 1014 Auster
2787 956 2898 1018 ﬂat,
2919 950 3004 1008 v'el
3021 949 3316 1023 Favonius.

1751 1070 1804 1107 ν.
1967 1051 2228 1109 Austrina
2265 1053 2404 1116 dies,
2438 1063 2492 1106 et
2521 1048 2866 1105 conturbatio
2893 1046 3054 1100 aeris.

1753 1147 1826 1202 iv.
1972 1145 2136 1201 Orion
2184 1147 2466 1208 exoritur.
2508 1143 2731 1199 Ciconia
2771 1141 3004 1202 occidit,
3054 1147 3105 1193 et
3144 1137 3319 1192 Favo-

2032 1239 2156 1295 nius
2185 1241 2359 1310 spirat

1753 1333 1830 1386 iii.
1969 1331 2200 1387 Medium
2228 1333 2422 1387 Cancri
2451 1339 2713 1387 exoritur.

1755 1441 1840 1479 ru.
1953 1426 2149 1481 Etesia:
2186 1425 2340 1489 ﬂant,
2374 1432 2426 1479 et
2454 1440 2574 1479 eum
2604 1423 2804 1476 Austro
2839 1419 3156 1488 Aquilones.

1752 1514 1912 1570 NON.
1959 1514 2172 1571 Corona
2211 1515 2413 1570 occidit
2444 1513 2710 1568 matutino
2746 1528 2758 1561 :
2794 1509 2884 1561 ﬂat
2916 1515 3131 1560 Auster.

1752 1607 1868 1659 viii.
1971 1606 2216 1676 Cepheus
2257 1607 2522 1669 exoritur,
2552 1611 2604 1658 et
2636 1601 2892 1655 Austrina
2925 1597 3068 1652 acris
3102 1600 3316 1665 pertur-

2032 1699 2199 1753 batio.

1963 1788 2131 1843 Orion
2164 1796 2312 1845 totus
2341 1788 2584 1861 emergit.
2615 1789 2811 1842 Auster
2840 1786 2948 1838 ﬂat.

1752 1878 1826 1932 vi.
1949 1877 2266 1934 Etesiarum
2298 1881 2572 1952 prodromi
2602 1880 2760 1934 ﬂatus
2785 1881 3014 1948 spirant.

1750 1987 1804 2035 ν,
1966 1972 2168 2028 Imbres
2198 1989 2322 2027 cum
2354 1974 2668 2039 tonitribus,
2700 1972 2791 2026 ﬂat
2821 1972 3038 2043 Aquilo.

1754 2080 1826 2118 iv.
1939 2063 2105 2120 Orion
2141 2074 2289 2122 totus
2314 2068 2490 2120 oritur
2521 2067 2808 2130 matutino,
2833 2075 2885 2120 et
2917 2064 3193 2135 prodromi
3226 2064 3312 2118 in-

2031 2159 2311 2214 valescunt
2336 2159 2522 2216 ﬂatus.

1750 2245 1825 2299 iii.
1963 2247 2181 2303 Africus
2211 2250 2302 2303 ﬂat
2337 2250 2702 2306 turbulentus.

1751 2353 1834 2390 en.
1960 2340 2156 2409 Aquilo
2183 2340 2296 2395 ﬂat.

1749 2426 1837 2481 ID.
1964 2429 2221 2486 Canicula
2257 2434 2502 2489 exoritur
2555 2434 2748 2489 Etesize
2781 2434 3140 2488 invalescunt.

1750 2521 1898 2576 xviii.
1965 2519 2130 2577 Orion
2169 2526 2430 2592 exoritur,
2459 2533 2513 2580 et
2546 2528 2813 2581 violentus
2841 2526 2930 2579 ﬂat
2957 2525 3174 2594 Aquilo.

1749 2617 1857 2670 xvi.
1955 2615 2188 2672 xEstatis
2218 2617 2527 2682 dimidium,
2556 2628 2608 2672 et
2630 2618 2744 2673 dies
2771 2617 3054 2686 Aquilonis
3084 2616 3212 2668 ﬂatu
3246 2615 3320 2668 al-

2029 2711 2257 2779 gentior.

1747 2814 1836 2854 xv.
1963 2793 2237 2853 Favonius
2267 2807 2320 2855 et
2351 2798 2622 2853 interdum
2656 2797 2853 2854 Auster
2889 2799 3120 2870 spirant.
3150 2799 3317 2856 Canis

2027 2894 2200 2947 oritur
2230 2895 2518 2956 matutino,
2573 2901 2626 2946 et
2670 2895 2853 2947 etesia:
2902 2895 3136 2962 amplius
3165 2894 3318 2948 inva-

2027 2987 2256 3040 Iescunt.

1750 3077 1861 3130 xiv.
1967 3076 2136 3132 Orion
2169 3077 2432 3132 exoritur.
2464 3077 2636 3133 Corus
2667 3077 2780 3142 ﬂat,
2813 3085 3069 3149 totusque
3097 3089 3318 3150 apparet

2032 3170 2221 3227 Orion.

1752 3259 1870 3316 xiii.
1967 3259 2058 3315 Sol
2083 3262 2134 3314 in
2165 3259 2364 3318 Leone.
2382 3262 2559 3317 Corus
2580 3263 2770 3332 spirat.
2793 3271 2847 3316 et
2863 3261 3028 3318 Canis
3053 3265 3318 3320 exoritur.

1754 3351 1846 3406 xii.
1966 3350 2160 3408 Etesim
2189 3366 2314 3406 cum
2357 3352 2479 3407 aliis
2507 3353 2682 3407 ventis
2714 3366 2809 3420 per
2841 3366 3009 3406 unum
3039 3361 3093 3408 et
3128 3354 3318 3430 viginti

2029 3444 2161 3499 ﬂant
2184 3447 2320 3500 dies.

1750 3536 1826 3591 xi.
1955 3536 2237 3593 Prodromi
2269 3541 2430 3598 ﬂatus
2461 3545 2566 3598 late
2595 3546 2827 3616 spirant.

1754 3643 1807 3680 x.
1950 3627 2160 3684 Cancer
2192 3641 2341 3688 totus
2374 3649 2495 3688 cum
2519 3617 2706 3693 Leone
2739 3637 3005 3702 exoritur,
3037 3645 3092 3694 et
3123 3637 3318 3708 Aquila

2031 3723 2256 3780 occidit.

1753 3814 1827 3868 ix.
1964 3815 2072 3872 Leo
2108 3835 2229 3873 cum
2261 3818 2386 3876 Sole
2417 3824 2662 3877 exoritur
2696 3833 2750 3880 et
2779 3823 2944 3880 Cane.
2979 3825 3188 3882 Cancer
3219 3823 3310 3878 de~

2034 3912 2266 3969 scendit.

1751 3999 1861 4053 viii.
1967 4001 2179 4059 Gemini
2230 4007 2476 4062 occidere
2526 4009 2815 4078 incipiunt.
2861 4011 3026 4066 Canis
3067 4017 3314 4086 emergit,

2033 4103 2085 4148 et
2114 4095 2358 4150 Austrini
2392 4107 2520 4152 sunt
2546 4100 2728 4155 ﬂatus.

1751 4183 1842 4238 vii.
1952 4186 2138 4255 Caligo
2165 4203 2416 4244 arenosa.
2445 4192 2637 4260 Aquila
2669 4192 2890 4259 occidit,
2917 4193 3024 4249 Leo
3047 4199 3311 4260 exoritur,

2030 4279 2122 4332 ﬂat
2152 4281 2372 4336 Auster.

1751 4373 1824 4429 vi.
1961 4374 2297 4429 Canicularis
2329 4383 2514 4430 aestus.

1966 4462 2323 4520 Vehementes
2345 4467 2573 4521 calores.
2598 4465 2792 4524 Etesize
2816 4471 3059 4527 valenter
3085 4472 3315 4542 spirant.

1752 4561 1826 4616 iv.
1964 4559 2167 4614 Lucida
2226 4560 2378 4614 stella
2439 4561 2489 4614 in
2533 4559 2729 4617 Leonis
2786 4571 3006 4632 pectore
3051 4566 3311 4626 exoritur.

2028 4653 2227 4723 Aquilo
2257 4653 2468 4724 gelidus
2497 4662 2721 4724 propter
2749 4663 2962 4711 azstum.

1751 4746 1829 4801 iii.
1955 4745 2310 4802 Autumnales
2330 4746 2539 4803 fructus
2558 4763 2822 4818 apparere
2843 4749 3127 4820 incipiunt.
3148 4751 3316 4823 Aqui-

2030 4835 2080 4888 la
2106 4835 2307 4890 occidit
2339 4839 2624 4903 matutino,
2655 4855 2855 4910 aerque
2884 4839 3137 4898 turbidus
3165 4840 3243 4898 ﬁt.

1752 4945 1838 4984 ra.
1963 4927 2162 4983 Auster
2193 4943 2317 4984 cum
2352 4929 2540 4985 Africo
2571 4931 2734 4987 simul
2764 4932 2992 5003 spirant.

2438 5064 2630 5121 XXXI.

2334 5179 2726 5236 AUGUSTUS.

1754 5293 1821 5350 K.
1966 5294 2164 5366 Aquila
2199 5294 2399 5352 occidit
2428 5297 2718 5361 matutino,
2755 5293 2848 5350 ﬂat
2887 5294 3128 5365 Africus,
3159 5310 3320 5353 aren-

2035 5397 2117 5442 tes
2151 5396 2278 5442 sunt
2296 5397 2482 5443 ωειιιε.

1755 5479 1826 5533 iv.
1973 5479 2168 5548 Aquila
2197 5479 2422 5542 occidit,
2453 5495 2547 5535 aer
2573 5479 2885 5535 Austrinos.

1755 5572 1836 5626 iii.
1965 5570 2224 5627 Austrina
2253 5571 2392 5626 dies.

1754 5681 1838 5721 ra.
1960 5663 2162 5721 Leonis
2185 5663 2422 5718 medium
2453 5664 2717 5718 exoritur.
2738 5661 2913 5720 Arbor
2945 5663 2999 5718 in
3023 5662 3126 5718 hoc
3153 5663 3321 5719 biduo

1895 5752 1898 5755 ’
2037 5757 2500 5828 apparet..Auster
2528 5757 2812 5813 nimbosus
2834 5755 3179 5811 vehementer
3204 5753 3321 5828 ﬂat,
