3786 6326
381 337 485 399 οτι
1375 343 1468 395 AD
1503 337 1776 397 EUSEBH
1809 339 2203 396 CIIRONICON
2241 339 2602 397 APPENDIX.
3530 349 3626 406 912

381 456 543 516 NON.
591 460 809 514 Corona
865 460 1086 516 occidit.
1145 457 1344 515 Leonis
1393 461 1632 515 medium
1694 460 2137 523 exoritur,,t\iv.
2270 461 2537 517 Arcturus
2563 463 2832 517 exoritur.

664 554 954 609 vehemens
981 552 1074 606 ﬁat
1123 551 1343 618 Auster,
1368 559 1422 607 et
1452 551 1626 609 Grues
1669 561 1955 624 apparent.
2065 549 2143 604 iii.
2269 552 2502 606 Arcturo
2530 554 2810 608 exoriente
2837 548 3039 605 imbres
3061 549 3284 606 cadunt.

382 643 500 700 viii.
598 641 849 705 Fidicula
877 643 1239 699 contrahitur.
1271 641 1532 698 Austrina
1560 643 1678 698 dies
1699 651 1958 698 aestuosa.
2064 659 2148 696 pn.
2279 642 2530 714 Vergilize
2559 659 2682 698 cum
2709 643 2864 714 Equo
2888 643 3234 698 exoriuntur.

381 737 477 791 vii.
589 735 808 792 Orionis
833 735 1070 792 medium
1091 735 1422 802 occultatur,
1444 744 1499 790 et
1518 736 1635 791 dies
1667 737 1736 790 ab
1762 737 1960 791 Austro
2063 733 2149 788 ID.
2279 733 2612 792 Hirundines
2635 752 2745 790 non
2765 736 3024 792 videntur
3060 752 3075 789 :
3121 735 3335 806 Capella
3373 737 3622 808 exoritur,

663 827 1017 898 caliginosus,
1045 834 1099 882 et
1124 834 1420 883 aestuosus.
2343 837 2398 884 et
2421 830 2578 900 pluit.

383 918 456 974 vi.
600 917 710 974 Leo
744 919 1008 983 exoritur,
1036 929 1202 974 mstus
1237 917 1618 981 intolerabilis,
1661 919 1960 974 nebulosus
2064 921 2173 973 xvi.
2276 918 2829 986 Duodecatemorion,
2867 921 2920 975 id
2951 929 3056 987 est,
3087 938 3162 975 xu
3193 920 3371 993 portio
3395 924 3623 978 autumni

665 1025 758 1065 aer
785 1030 797 1064 :
820 1009 1048 1065 'Orionis
1077 1011 1322 1064 exoritur
1347 1009 1606 1065 medium.
2347 1011 2557 1082 incipit.

388 1116 435 1153 v.
550 1098 897 1155 .Obscurum
947 1111 1174 1156 astrum.
1228 1101 1539 1171 Septentrio
1588 1101 1724 1157 lenis
1767 1103 1959 1172 spirat,
2063 1121 2150 1160 xv.
2271 1103 2546 1160 Favonius
2569 1105 2675 1160 late
2700 1105 2870 1175 spirat
2892 1120 3017 1160 cum
3046 1102 3251 1159 Africo.

661 1201 826 1247 aastus
867 1192 1184 1248 mediocris.
2064 1200 2174 1253 xiv.
2271 1197 2449 1253 Piscis
2482 1198 2749 1263 exoritur,
2773 1208 2828 1251 et
2857 1197 3168 1268 Septentrio
3195 1199 3368 1268 ponit.

383 1283 455 1339 iv.
600 1281 836 1341 Lunaris
861 1285 1109 1341 defectus
1132 1285 1186 1339 in
1225 1285 1364 1340 hanc
1396 1285 1538 1341 diem
1565 1286 1848 1342 incurrere
1871 1303 1962 1343 so-
2064 1291 2179 1346 xiii.
2277 1288 2371 1346 Sol
2415 1291 2469 1345 in
2500 1290 2662 1345 Libra
2693 1309 2705 1344 :
2737 1291 2930 1346 Crater
2958 1298 3180 1360 apparet
3227 1309 3240 1344 :
3277 1290 3493 1354 Arcturi
3529 1305 3624 1349 me-

662 1375 756 1431 let.
801 1375 1002 1431 Auster
1043 1383 1098 1432 et
1135 1377 1334 1447 Aquilo
1375 1377 1611 1448 spirant,
1661 1386 1714 1432 et
1749 1379 1962 1434 calores
2342 1379 2492 1434 dium
2523 1381 2769 1435 cernitur
2800 1381 3091 1434 matutino.

661 1477 790 1522 sunt
816 1467 1094 1539 ingentes.
2063 1471 2160 1526 xii.
2271 1471 2505 1526 Arcturo
2536 1473 2821 1527 exoriente
2846 1473 3048 1527 imbres
3071 1473 3280 1542 eopiosi
3311 1474 3530 1529 cadunt.

381 1558 462 1613 iii.
607 1557 854 1615 Fidicula
909 1560 1111 1614 occidit
1171 1560 1466 1616 matutino.
1515 1559 1823 1616 Autumnus
1871 1561 1960 1615 in-
2062 1565 2137 1620 xi.
2272 1563 2682 1635 Equinoctium
2705 1565 3041 1628 autumnale,
3066 1573 3118 1619 et
3147 1564 3334 1621 Pisces
3363 1566 3620 1620 occidunt.

660 1652 844 1708 choat.
874 1651 1176 1708 Ventorum
1199 1668 1504 1707 concursus
1536 1651 1616 1706 ﬁt.
2061 1673 2118 1710 x.
2278 1657 2422 1728 Argo
2453 1657 2737 1713 descendit
2772 1677 2784 1711 :
2825 1657 3056 1730 pluviosi
3088 1657 3234 1711 aeris
3271 1659 3616 1714 conturbatio.

381 1760 464 1799 pa.
598 1741 898 1800 Ventorum
929 1743 1221 1799 conﬁictus
1251 1751 1304 1799 et
1337 1759 1538 1814 pugna.
1989 1806 2028 1818 __
2063 1751 2137 1803 ix.
2277 1745 2464 1804 Pisces
2513 1748 2775 1803 occidunt
2827 1765 2841 1803 :
2891 1747 3166 1802 Austrinaz
3229 1746 3365 1802 ﬁunt
3411 1749 3620 1818 pluviae:

380 1834 469 1891 ID.
607 1835 910 1907 Delphinus
941 1851 1066 1890 cum
1100 1835 1310 1905 Lepore
1348 1835 1570 1889 occidit.
1988 1806 2032 1862 Β
2334 1842 2476 1896 aeris
2515 1849 2916 1911 ventorumque
2960 1840 3410 1897 conturbationes
3435 1846 3488 1897 et
3516 1857 3618 1895 ma-

381 1928 494 1982 xix.
601 1925 852 1982 IEstuosi
887 1934 941 1982 et
972 1926 1287 1996 squalentes
1316 1926 1547 1981 calores.
2337 1930 2416 1984 ris
2448 1937 2824 2000 tempestates.

381 2018 538 2076 xviii.
601 2018 908 2074 Obscurum
943 2027 1184 2083 astrum,
1223 2025 1278 2072 et
1304 2014 1582 2072 Favonius
1611 2032 1736 2072 cum
1767 2025 1959 2074 austro
2058 2021 2175 2076 viii.
2269 2020 2506 2076 Lunaris
2529 2020 2778 2076 defectus
2815 2022 2868 2074 in
2897 2020 3038 2074 hanc
3064 2020 3299 2076 incurrit
3316 2021 3478 2076 diem.
3501 2020 3624 2076 Cen-

667 2113 862 2182 spirat.
2337 2121 2531 2168 taurus
2560 2113 2824 2167 exoritur.

383 2203 519 2261 xvii.
608 2203 907 2274 Delphinus
930 2203 1130 2258 occidit
1153 2203 1442 2257 matutino.
2058 2205 2153 2260 vii.
2263 2203 2570 2259 Nebulosus
2599 2219 2692 2258 aer
2711 2211 2764 2257 et
2789 2203 3140 2258 turbulentus
3168 2204 3407 2259 exsistit.

384 2298 499 2354 xvi.
603 2297 867 2352 Autumni
896 2297 1133 2352 initium.
2059 2297 2133 2352 vi.
2275 2293 2428 2350 Πίεᾱί
2467 2296 2800 2350 exoriuntur
2828 2309 2842 2345 :
2877 2303 2930 2349 et
2961 2295 3161 2350 Auster
3200 2294 3489 2350 vehemens
3523 2295 3618 2347 ﬁat.

387 2405 478 2444 xv.
607 2387 851 2445 Fidicula
885 2389 1105 2454 occidit,
1135 2397 1188 2444 et
1219 2387 1312 2444 ﬁat
1344 2388 1562 2460 Aquilo.
2059 2405 2112 2445 v.
2278 2378 2450 2459 Virgo’
2475 2387 2691 2443 desistit
2734 2402 3030 2456 emergere.
3070 2385 3321 2457 Vergiliae
3374 2386 3622 2438 matutino

387 2481 497 2536 xiv.
597 2479 896 2550 Delphinus
931 2481 1259 2546 occultatur,
1302 2480 1595 2536 mediocris
1629 2487 1815 2536 aestus.
2339 2488 2394 2536 et
2426 2479 2641 2549 vesperi
2673 2488 2936 2548 apparent
2964 2495 2976 2530 :
3014 2475 3160 2530 llzedi
3193 2493 3316 2531 cum
3361 2474 3482 2530 Sole
3509 2491 3621 2530 exo-

386 2572 504 2626 xiii.
604 2569 851 2626 Fidicula
900 2571 1100 2626 occidit
1147 2573 1430 2626 matutino.
1487 2570 1581 2625 Sol
1627 2570 1683 2624 in
1717 2568 1957 2641 Virgine.
2339 2569 2557 2624 riuntur
2593 2586 2606 2624 :
2641 2575 2929 2625 ventorum
2971 2575 3022 2622 et
3058 2569 3227 2622 maris
3261 2568 3507 2638 procella:
3540 2580 3622 2636 va;

661 2663 862 2721 Auster
893 2663 1005 2728 ilat,
1047 2665 1208 2734 pluit,
1243 2671 1298 2718 et
1333 2671 1506 2718 tonat.
2339 2659 2463 2714 lid'te
2491 2659 2649 2715 ﬁunt.

383 2753 480 2810 xii.
599 2752 691 2809 Sol
722 2756 778 2808 in
808 2763 920 2810 tota
948 2753 1187 2826 Virgine.
2062 2754 2132 2808 iv.
2280 2752 2483 2808 Auster
2506 2753 2798 2808 vehemens
2829 2751 2922 2806 ﬁat
2954 2771 2966 2807 :
3009 2758 3360 2822 tempestates
3387 2751 3619 2806 horrida.

383 2846 463 2900 xi.
606 2845 773 2916 Virgo
798 2847 1061 2902 exoritur.
2061 2845 2142 2901 iii.
2278 2843 2524 2915 Vergiliae
2577 2844 2848 2898 matutino
2899 2833 3240 2912 cernuntur,
3306 2851 3362 2898 et
3423 2841 3620 2912 pluvius

383 2950 440 2991 x.
609 2935 917 3008 Septentrio
949 2937 1086 2993 lenis
1121 2937 1316 3008 spirat,
1350 2945 1462 2993 tota
1500 2938 1746 2995 exoritur
1771 2936 1956 3011 Virgo,
2339 2934 2433 2990 ﬁat
2461 2935 2680 2992 Auster.

669 3029 812 3082 aeris
846 3040 928 3084 est
962 3030 1251 3086 serenitas.
2062 3043 2149 3085 pa.
2273 3027 2492 3097 Capella
2537 3027 2766 3099 emergit
2811 3043 2982 3100 usque
3011 3028 3078 3084 ad
3103 3028 3473 3099 vespertinum
3501 3023 3619 3082 Vero

388 3117 475 3210 ix.
599 3111 765 3189 Virgo
795 3119 1058 3174 exoritur.
1088 3121 1288 3192 Aquilo
1316 3120 1431 3177 ﬁat.
1986 3151 2029 3210 ο
2343 3121 2593 3192 giliarum
2629 3136 2910 3178 occasum.

385 3207 502 3265 viii.
609 3209 808 3264 Etesiae
830 3218 1058 3281 ponunt.
1083 3211 1283 3284 Aquilo
1306 3212 1554 3284 frigidior
1579 3213 1710 3270 ﬂare
1741 3214 1952 3285 incipit.
2000 3207 2016 3210 ⁷
2752 3234 2920 3291 xxx,

384 3302 477 3357 vii.
597 3301 899 3374 Delphinus
939 3306 1202 3373 exoritur,
1231 3315 1286 3362 et
1308 3306 1508 3362 Auster
1539 3307 1650 3361 ﬁat.

383 3394 458 3449 vi.
606 3369 980 3452 Vindemiator
1006 3369 1256 3469 emergit.
1277 3397 1479 3454 Auster
1501 3406 1554 3454 et
1586 3396 1860 3456 Favonius
1885 3399 1961 3454 si—
2671 3369 3014 3426 OCTOBER-

668 3488 782 3541 mul
810 3487 962 3542 ﬁant.
2062 3481 2126 3538 Κ.
2279 3480 2523 3554 Vergiliae
2555 3484 2611 3538 in
2641 3485 2854 3540 oriente
2885 3498 3146 3554 apparere
3177 3482 3442 3555 incipiunt
3476 3498 3488 3535 :
3515 3480 3616 3534 Au.

387 3593 442 3630 v.
619 3575 786 3648 Virgo
813 3594 1080 3650 apparere
1109 3583 1320 3654 incipit.
2354 3587 2466 3632 ster
2497 3574 2590 3630 ﬂat
2623 3577 2912 3632 matutino.

387 3668 460 3722 iv.
527 3706 536 3716 .
606 3665 880 3725 Favonius
912 3671 1048 3727 lenis
1082 3674 1275 3742 spirat.
2063 3665 2137 3721 iv.
2266 3665 2432 3720 Iidem
2452 3664 2983 3721 Austriniﬁatuszet
3004 3665 3365 3737 Vergiliarum
3390 3673 3612 3721 exortus.

386 3758 465 3813 iii.
607 3757 774 3830 Virgo
806 3763 1073 3827 exoritur,
1096 3763 1371 3822 Favonius
1393 3765 1626 3820 molliter
1659 3763 1782 3820 ﬁat.
2062 3756 2142 3812 iii.
2269 3756 2616 3821 HeniOChUS.
2681 3756 2736 3810 id
2784 3765 2870 3813 est
2926 3758 3127 3830 Auriga
3183 3758 3412 3825 Occidit.
3457 3765 3508 3810 ει
3555 3754 3614 3808 ab

387 3865 474 3904 pa.
612 3850 957 3909 Andromeda
989 3855 1256 3911 exoritur.
2339 3847 2606 3916 Aquilone
2637 3855 2808 3902 tonat.

1080 3965 1272 4023 XXXI.
2061 3952 2146 3992 en.
2280 3935 2436 3992 Haedi
2458 3939 2804 4005 exoriuntur,
2837 3945 2890 3995 et
2916 3939 3072 4010 pluit.

2058 4029 2219 4085 NON.
2261 4031 2477 4087 Corona
2500 4034 2748 4103 emergit,
2783 4042 2836 4088 et
2865 4035 3150 4102 conversio
3175 4040 3260 4088 est
3289 4033 3513 4090 astatis.

950 4103 1393 4176 .SEPTEMBER.
2059 4123 2172 4178 viii.
2270 4124 2470 4180 Arietis
2509 4124 2748 4179 medium
2785 4127 2985 4180 occidit
3015 4141 3138 4180 cum
3173 4125 3490 4198 Scorpioue.

386 4215 454 4275 K.
606 4218 952 4276 Andromeda
994 4220 1258 4282 exoritur.
1299 4221 1501 4276 imbres
1535 4234 1660 4274 cum
1698 4217 1956 4272 tonitruis
2058 4215 2152 4268 vii.
2271 4214 2495 4279 Eadem,
2529 4231 2650 4284 qua).
2679 4216 2855 4286 prior,
2896 4218 3248 4287 signiﬁcatio.

667 4312 826 4378 ﬁunt,
863 4312 956 4368 ﬁat
990 4312 1298 4370 Vulturnus
1354 4331 1367 4367 :
1411 4314 1781 4370 inconstantes
1831 4321 1961 4369 sum
2061 4304 2130 4357 vi.
2265 4305 2478 4359 Corona
2495 4320 2619 4359 cum
2642 4303 2827 4360 Haedis
2851 4309 3244 4364 exoritur:aer
3260 4310 3610 4363 conturbatur.

665 4405 834 4460 venti.
2059 4414 2112 4454 v.
2272 4396 2421 4452 Haedi
2447 4413 2570 4452 cum
2594 4397 2852 4468 Vergiliis
2879 4409 3184 4470 emergunt,
3207 4411 3261 4457 et
3282 4403 3374 4456 llat
3397 4402 3610 4454 Africus.

385 4493 461 4551 vi.
601 4496 870 4552 Australis
900 4495 1075 4553 Piscis
1103 4511 1213 4552 non
1235 4496 1468 4568 amplius
1493 4497 1819 4553 occultatur.
1991 4514 2032 4569 ι)
2063 4491 2133 4544 ἰν.
2279 4487 2440 4544 Libra
2471 4489 2605 4544 oriri
2639 4489 2851 4560 incipit.
2881 4487 3154 4546 Favonius
3184 4494 3373 4562 spirat.

384 4602 442 4644 ν.
604 4587 781 4644 Tonat
813 4597 867 4645 et
899 4590 1056 4660 pluit.
2061 4583 2138 4637 iii.
2285 4581 2500 4636 C0rona
2527 4583 2772 4637 exoritur
2800 4585 3264 4640 matutinozveuti
3297 4594 3610 4641 commutan-

386 4678 463 4734 iv.
605 4679 873 4736 Arcturus
915 4695 1039 4736 cum
1083 4679 1485 4736 Vindemiatore
1518 4681 1763 4735 exoritur
1793 4696 1806 4732 :
1843 4677 1960 4731 Ma-
2358 4685 2470 4740 tur,
2507 4690 2812 4746 asperaque
2845 4675 2899 4730 in
2929 4677 3066 4731 mari
3097 4677 3152 4731 ﬁt
3181 4678 3379 4734 hiems.

668 4772 755 4828 lus
783 4772 1110 4827 occultatur.
2060 4783 2143 4820 pa.
2280 4764 2528 4837 Vergilite
2553 4765 2897 4828 exoriuntur,
2928 4774 2980 4820 et
3003 4766 3095 4819 ﬁat
3115 4769 3334 4822 Auster.

387 4860 468 4918 iii.
597 4861 849 4920 Mercurii
872 4863 1229 4920 domicilium.
1254 4861 1524 4916 Favonius
1549 4863 1724 4932 spirat
1759 4882 1772 4917 :
1807 4871 1860 4918 et
1892 4877 1955 4917 ex
2062 4857 2145 4910 ID.
2274 4857 2491 4912 Corona
2535 4858 2764 4926 emergit
2805 4875 2820 4913 :
2873 4858 3014 4913 aeris
3055 4859 3428 4922 commutatio,
3466 4867 3516 4912 et
3547 4865 3611 4909 ιιι·
3648 4928 3664 4934 υ

668 4962 956 5008 ventorum
986 4952 1350 5006 inconstantia
1384 4950 1583 5005 imbres
1609 4951 1827 5005 cadunt.
2343 4949 2549 5005 multus
2569 4948 2646 5003 ﬁt.

390 5057 474 5095 nn.
595 5043 781 5113 Equus
815 5042 1082 5098 exoritur.
2061 5039 2172 5094 xix.
2273 5038 2468 5110 Aquilo
2498 5039 2799 5096 immensus
2830 5039 2941 5094 ﬁat.

389 5132 547 5187 NON.
583 5133 693 5205 58
733 5132 955 5204 Capella
1001 5132 1226 5202 emergit
1269 5149 1282 5182 :
1316 5131 1531 5192 Africus
1573 5133 1665 5188 ﬁat
1702 5134 1956 5205 vesperi,
2061 5132 2213 5186 xviii.
2277 5132 2537 5186 Autumni
2567 5132 2830 5197 medium,
2864 5142 2918 5187 et
2947 5132 3147 5187 Auster
3170 5132 3282 5188 ﬁat.

666 5232 722 5279 et
755 5224 909 5293 pluit.
2063 5223 2190 5278 xvii.
2267 5223 2431 5278 Orion
2459 5223 2707 5294 emergit,
2733 5233 2785 5278 et
2810 5224 3123 5278 rorulentus
3154 5233 3237 5278 est
3273 5241 3384 5278 aer.

387 5315 523 5370 viii.
612 5316 884 5370 Arcturus
925 5323 1145 5382 apparet
1177 5331 1189 5365 :
1227 5314 1319 5369 ﬁat
1345 5317 1562 5387 Aquilo,
1596 5327 1651 5372 et
1683 5317 1957 5374 interdum
2061 5317 2170 5372 xvi.
2271 5316 2495 5379 Eadem,
2530 5331 2650 5386 qua:
2676 5317 2848 5386 prior,
2883 5315 3230 5386 signiﬁcatio.

671 5416 843 5463 tonat.
2061 5425 2150 5464 xv.
2276 5407 2474 5464 Tristis
2493 5415 2547 5462 et
2569 5407 2791 5461 nubilus
2828 5407 2964 5462 dies.

387 5496 484 5551 vii.
609 5499 851 5570 Virginis
888 5498 1126 5554 medium
1167 5499 1426 5557 exoritur.
1471 5498 1742 5559 Favonius
1787 5502 1960 5573 spirat
2062 5504 2170 5554 xiv.
2275 5500 2368 5554 Sol
2396 5501 2452 5554 in
2485 5497 2816 5570 Scorpione,
2848 5507 2901 5554 et
2928 5497 3417 5571 Favonius,5pirat.

672 5604 798 5643 cum
827 5585 1031 5642 Africo.
2064 5592 2177 5645 xiii.
2281 5590 2530 5662 Vergiliae
2561 5592 2856 5647 occidunt:
2884 5592 3134 5660 aerisque
3162 5602 3247 5648 est
3268 5586 3612 5646 conturbatis;

389 5677 462 5732 vi.
602 5679 746 5736 llem
768 5680 912 5736 aeris
933 5689 1128 5737 status.
2063 5684 2156 5740 xii.
2273 5683 2502 5748 Eadem,
2531 5701 2653 5756 qua:
2701 5685 2876 5756 prior,
2922 5685 3286 5756 signiﬁcatio,
3338 5686 3429 5742 sed
3462 5683 3604 5738 etiam

393 5787 442 5824 v.
598 5773 744 5830 Idem
764 5775 914 5834 aeris
941 5781 1133 5830 status.
2343 5777 2497 5846 pluit.
