3786 6340
378 242 482 302 939

1360 236 1452 292 AD
1489 234 1758 292 EUSEBII
1791 233 2184 291 CHRONICON
2228 235 2606 292 APPENDIX.

3530 238 3626 299 940

377 377 580 433 corpus
635 359 887 431 quintum
945 357 1320 429 incorruptum
1379 371 1444 411 ac
1494 369 1733 427 purum,
1786 369 1948 428 quem

2085 372 2159 408 ων
2200 355 2374 427 ἀρχὰς
2410 355 2522 409 τῶν
2563 355 2699 412 ὅλων
2738 355 2966 410 καλοῦσι
3020 354 3153 412 Θεδν
3199 355 3295 411 καὶ
3342 354 3511 428 ὕληνο
3543 357 3632 410 καὶ

379 457 581 511 aethera
624 451 930 508 nominant.
975 450 1231 508 Socrates
1276 457 1350 505 ιιι-ο
1371 448 1525 503 Plato
1558 447 1828 519 principia
1862 463 1950 502 re-

378 563 506 603 rum
534 554 732 603 vocant
753 542 920 600 Deum
945 555 1013 600 ac
1036 541 1340 604 materiam,
1373 540 1575 610 quibus
1597 541 1821 595 tertium
1850 539 1952 593 ad-

375 642 637 712 jungunt,
673 639 818 710 quod
859 637 1193 709 generationi
1224 634 1678 705 corruptionique
1725 633 1954 702 subjici-

379 740 608 790 turzex
649 731 734 785 his
769 731 1034 785 elementa
1077 734 1313 800 quatuor
1355 726 1642 782 exsistere.
1677 724 1953 795 Empedo-

382 825 496 881 cles
539 825 653 879 haec
701 824 818 895 ipsa
855 828 1090 892 quatuor
1138 821 1405 876 elementa
1453 834 1639 875 rerum
1682 819 1952 890 principia

382 916 684 973 constituit.
720 915 964 980 Quorum
995 913 1175 984 ignem
1205 911 1420 976 Jovem,
1456 911 1541 966 vel
1574 911 1833 967 aetherem
1855 927 1955 984 ap-

380 1009 566 1081 pellat,
609 1013 809 1061 terram
850 1003 1142 1070 Iunonem,
1181 1020 1360 1060 aerem
1386 1005 1716 1070 Plutonem,
1757 1020 1953 1075 aquam

379 1098 571 1158 Nestin
612 1097 852 1153 :horum
903 1097 1087 1162 vires,
1133 1097 1466 1152 discordiam
1515 1105 1570 1153 et
1617 1097 1950 1164 amicitiam;

379 1192 711 1250 discordiam
734 1192 972 1263 quidem,
992 1192 1409 1249 dissolutionem
1433 1210 1448 1261 ;
1473 1194 1772 1249 amicitiam
1793 1207 1951 1257 vero,

379 1301 736 1342 concursum.
771 1286 1091 1356 Apollonius
1121 1285 1366 1342 Rhodius
1393 1287 1572 1358 primo
1616 1287 1953 1359 Argonauti-

379 1393 485 1434 con
513 1375 787 1449 Orpheum
819 1376 956 1432 facit
987 1377 1092 1434 ista
1120 1377 1390 1435 dicentem
1419 1397 1432 1432 :

381 1492 614 1548 Canebat
645 1501 820 1546 autem
842 1494 922 1546 uti
951 1493 1126 1557 tellus,
1154 1510 1216 1546 ac
1247 1495 1432 1548 emtum
1462 1510 1683 1562 superne

377 1563 623 1632 Primum
651 1564 868 1618 invicem
891 1581 997 1616 una
1025 1563 1377 1618 coalescentia
1409 1567 1596 1632 specie,

377 1619 663 1690 Discordia
693 1649 759 1688 ea:
783 1635 1074 1702 perniciosa
1112 1635 1381 1704 disjuncta
1413 1619 1523 1690 sint
1553 1619 1773 1704 scorsim
1803 1650 1953 1703 qure-

1715 1702 1884 1776 [ιειει.

448 1817 581 1875 Vult
615 1818 761 1876 enim
803 1818 1116 1890 promiscue
1149 1817 1426 1888 quondam
1475 1817 1618 1872 inter
1668 1833 1727 1873 se
1773 1819 1954 1874 mistis

379 1911 694 1975 elementis,
718 1924 783 1965 ea
814 1909 1187 1980 postmodum,
1217 1909 1617 1964 interveniente
1655 1907 1952 1974 discordia,

380 2018 412 2056 a
441 2018 503 2057 se
544 2009 736 2056 mutuo
763 1997 1224 2072 esse’disjuncta:
1259 2001 1394 2057 adeo
1437 2009 1496 2056 ut
1535 2000 1804 2074 quidquid
1841 2011 1959 2059 erat

380 2105 666 2152 terrenum
699 2095 758 2150 in
807 2110 976 2149 unum
1025 2109 1146 2151 sese
1193 2094 1568 2165 conglobarit;
1605 2095 1858 2150 similiter
1903 2102 1958 2150 et

381 2185 530 2256 quod
571 2184 796 2257 igneum
842 2191 960 2240 erat
1005 2185 1060 2238 in
1093 2183 1237 2240 idem
1281 2191 1534 2239 coactum
1567 2183 1752 2250 fuerit,
1807 2191 1867 2239 ut
1905 2191 1960 2239 et

381 2294 540 2352 aquae
571 2276 844 2349 quidquid
890 2285 1028 2343 erat,
1066 2275 1134 2331 ad
1170 2275 1258 2333 sui
1288 2277 1500 2345 simile;
1528 2283 1582 2333 et
1620 2275 1691 2331 ad
1725 2277 1780 2332 id
1809 2277 1958 2348 quod

382 2373 488 2430 sibi
521 2381 816 2443 cognatum
848 2378 951 2435 est,
992 2384 1213 2425 aereum
1247 2384 1408 2426 omne
1437 2368 1723 2425 conﬂuxit.
1755 2368 1958 2427 Thales

383 2461 629 2519 Milesius
674 2465 729 2517 et
778 2458 1120 2532 Pherecydes
1171 2445 1344 2533 Syrus
1388 2461 1720 2532 principium
1774 2476 1956 2516 rerum

382 2553 629 2608 omnium
662 2567 860 2626 aquam
895 2568 1017 2609 esse
1041 2551 1340 2608 defendunt
1372 2573 1385 2608 :
1417 2552 1565 2623 quod
1591 2553 1757 2608 etiam
1787 2553 1958 2615 chaos

385 2645 558 2701 fuisse
586 2643 929 2717 Pherecydes
957 2644 1264 2710 existimat;
1298 2645 1481 2715 idque,
1518 2652 1577 2699 ut
1609 2653 1856 2716 apparet,
1893 2659 1960 2699 ex

385 2739 626 2796 Hcsiodo
656 2739 911 2809 sumpsit,
946 2738 1039 2808 qui
1071 2739 1152 2792 sic
1181 2735 1427 2808 loquitur
1453 2757 1466 2792 :

593 2850 768 2923 Igitur
789 2851 1018 2922 primum
1045 2851 1280 2905 omnium
1312 2850 1470 2906 chaos
1498 2853 1722 2908 exstitit.

451 2962 588 3018 Nam
618 2965 686 3018 ab
716 2978 782 3020 eo
818 2962 968 3034 quod
999 2973 1083 3019 est
1114 2961 1348 3034 χεῖσθαι,
1389 2963 1564 3032 fundi,
1593 2963 1722 3034 χάος
1749 2961 1958 3017 dictum

2050 448 2235 519 τρίτον
2257 447 2320 501 τὸ
2354 447 2714 520 ὑποκείμενον
2745 446 2960 518 γενέσει
2985 448 3077 502 καὶ
3115 447 3319 520 φθορᾷ·
3347 449 3414 503 ὲκ
3437 447 3496 501 δὲ
3520 447 3633 501 τού-

2052 557 2159 593 των
2187 539 2256 593 τὰ
2295 541 2537 612 τέσσαρα
2578 543 2820 612 στοιχεῖα
2859 540 3131 610 γενέσθαι.
3183 540 3556 612 Ἐμπεδοκλῆς
3579 539 3634 594 δὲ

2052 633 2230 705 ἀρχάς
2258 651 2392 705 φησι
2421 633 2533 686 τῶν
2569 633 2707 688 ὅλων
2747 635 2816 687 τὰ
2862 632 3104 704 τέσσαρα
3147 636 3406 705 στοιχεῖα.
3440 634 3549 686 Καὶ¹
3579 635 3636 688 τδ

2057 725 2154 796 μὲν
2187 725 2297 798 πῦρ
2331 725 2491 779 καλεῖ
2519 725 2619 780 Δία
2651 727 2744 779 καὶ
2780 724 2999 796 αἰθέρα,
3053 725 3152 796 τὴν
3200 725 3259 778 δὲ
3302 724 3410 794 γῆν
3441 725 3634 797 Ἥραν,

2051 819 2146 872 τὸν
2190 819 2248 873 δὲ
2291 820 2430 892 ἀέρα
2474 820 2758 886 Ἀϊδωνέα,
2799 820 2861 874 τὸ
2895 821 2952 874 δὲ
2987 819 3128 892 ὕδωρ
3164 820 3374 892 Νῆστιν
3399 835 3414 849 ο
3457 818 3557 882 τὰς
3585 818 3638 872 δὲ

2054 911 2260 967 τούτων
2296 913 2576 982 δυνάμεις,
2612 917 2790 976 νεῖκος
2822 913 2917 966 καὶ
2953 913 3133 982 φιλίαν
3157 929 3169 942 ·
3199 915 3378 975 νεῖκος
3410 909 3508 981 μὲν
3543 910 3638 982 τὴν

2055 998 2317 1064 διάλυσιν,
2361 999 2542 1070 φιλίαν
2594 1001 2652 1054 δὲ
2699 1000 2797 1072 τὴν
2843 1000 3080 1055 σύνοδον.
3118 999 3473 1064 Ἀπολλώνιος
3515 1000 3574 1052 δὲ
3611 1001 3640 1053 ὁ

2069 1092 2269 1156 Ῥόδιος
2310 1094 2368 1145 ἐν
2399 1093 2476 1164 τῷ
2523 1092 2724 1164 πρώτῳ
2769 1093 2882 1146 τῶν
2914 1092 3386 1164 Ἀργοναυτικῶι·
3435 1093 3640 1162 εἰσάγει

2055 1186 2147 1239 τὸν
2179 1186 2379 1257 Ὀρφέα
2405 1186 2579 1240 ταῦτα
2605 1187 2836 1256 λέγοντα
2865 1204 2879 1217 ο

2061 1489 2295 1544 Ἤειδεν
2323 1489 2375 1542 δ’
2409 1490 2489 1555 ὡς
2519 1490 2655 1558 γαῖα
2681 1491 2780 1544 καὶ
2825 1489 3083 1558 οὐρανὸς
3110 1487 3292 1557 είφὺς
3328 1487 3570 1558 ὕπερθε,

2063 1560 2130 1612 Td
2167 1561 2308 1628 πρὶν
2332 1561 2422 1631 ἐπ’
2458 1556 2782 1631 ἀλλήλοισι
2811 1556 2916 1631 μιῇ
2944 1556 3330 1627 συναρηρότα
3354 1556 3581 1628 μορφῇ.

2057 1631 2300 1697 Νείκεος
2327 1630 2395 1696 ἐξ
2417 1631 2613 1686 ὀλοοῖο
2641 1630 2936 1700 διέκριθεν
2966 1632 3151 1701 ἀμφὶ-ς
3176 1631 3428 1684 ἕκαστα.

2059 1808 2230 1862 Πάλαι
2261 1809 2366 1881 γάρ
2398 1826 2526 1861 ποτε
2573 1808 2774 1880 ἀναμὶξ
2822 1811 3136 1881 φερομένων
3177 1809 3284 1862 τῶν
3339 1806 3638 1877 στοιχείων,

2059 1898 2163 1951 ὑπὸ
2193 1898 2288 1952 τοῦ
2325 1897 2534 1959 νείκους
2581 1899 2806 1972 ὕστερον
2846 1902 3190 1974 διακριθῆναι
3234 1905 3408 1960 αύτά·
3441 1906 3640 1968 παντὸς

2063 1991 2159 2060 μὲν
2186 1990 2279 2044 τοῦ
2301 1991 2535 2061 γεώδους
2559 1995 2952 2067 συστρέφοντος
2981 1999 3059 2060 εἰς
3080 1996 3156 2062 ἒν,
3183 1996 3306 2050 ὅλου
3331 1998 3388 2051 δὲ
3416 1998 3508 2052 τοῦ
3540 2018 3643 2052 πυ-

2062 2083 2265 2155 ρώδους
2321 2088 2754 2161 περιειληθέντος
2815 2093 2894 2155 εἰς
2937 2091 2996 2144 τὸ
3044 2092 3204 2157 αὐτὸ,
3240 2095 3336 2147 καὶ
3374 2094 3468 2147 τοῦ
3514 2095 3642 2148 ὑδα-

2058 2173 2260 2238 τώδους
2290 2177 2604 2248 συρρέοντος
2630 2180 2710 2242 εἰς
2753 2179 2815 2233 τὸ
2844 2181 3057 2251 ὅμοιον,
3096 2183 3186 2236 καί
3211 2183 3305 2236 τοῦ
3341 2185 3502 2256 ἀέρος
3545 2204 3642 2239 πε·

2059 2267 2367 2338 ριχυθέντος
2422 2269 2558 2342 πρὸς
2612 2271 2673 2324 τὸ
2732 2273 3022 2342 ὁμόφυλον.
3075 2273 3254 2345 Θαλῆς
3297 2275 3353 2328 δὲ
3396 2279 3426 2330 ὁ
3469 2277 3643 2349 Μιλή-

2063 2377 2176 2424 σιος
2205 2363 2298 2414 καί
2317 2363 2623 2434 Φερεκύδης
2655 2365 2683 2416 ὁ
2713 2363 2885 2436 Σύρος
2909 2366 3081 2436 ἀρχὴν
3111 2367 3218 2419 τῶν
3249 2368 3386 2421 ὅλων
3410 2369 3470 2422 τὸ
3499 2368 3641 2441 ὕδωρ

2060 2451 2390 2520 ὑφιστῶσιν·
2432 2452 2460 2504 ὃ
2509 2452 2571 2524 δὴ
2615 2454 2710 2507 καὶ
2759 2455 2889 2525 χάος
2937 2456 3094 2509 καλεῖ
3135 2458 3163 2510 ὁ
3208 2459 3537 2531 Φερεκύδης,
3569 2459 3644 2523 ὡς

2066 2543 2233 2609 εἰκὸς,
2269 2543 2427 2598 τοῦτο
2463 2543 2820 2617 ἐκλεξάμενος
2879 2547 3030 2619 παρὰ
3085 2548 3180 2603 τοῦ
3223 2550 3466 2604 Ἡσιόδου
3503 2551 3646 2605 οὕτω

2060 2635 2310 2705 λέγοντος
2329 2654 2341 2666 ·

2304 2850 2470 2905 Ἤτοι
2496 2849 2615 2920 μὲν
2634 2851 2935 2921 πρώτιστα
2959 2852 3107 2923 χάος
3135 2853 3362 2924 γένετο.

2061 2961 2221 3034 Παρὰ
2266 2961 2375 3036 γὰρ
2416 2963 2478 3018 τὸ
2533 2964 2746 3035 χεῖσθαι
2796 2967 3171 3039 ὑπολαμϐάνει
3219 2969 3282 3023 τὸ
3337 2969 3479 3043 ὕδωρ
3514 2973 3648 3043 χάος

381 3063 558 3126 putat.
595 3056 666 3110 At
696 3055 973 3112 Heraclito
1006 3057 1183 3127 placet
1212 3063 1338 3110 ante
1360 3056 1546 3110 omnia
1578 3056 1758 3126 ignem
1789 3056 1951 3110 exsti-

2085 3055 2394 3126 ὺνομάσθαι.
2437 3056 2787 3128 Ἡράκλειτος
2833 3059 2890 3114 δὲ
2936 3060 3048 3134 πῦρ
3099 3060 3318 3134 πρῶτόν
3371 3081 3505 3137 φησι
3555 3082 3648 3134 γε-

380 3149 538 3206 tisse.
580 3146 720 3204 Sunt
761 3147 855 3220 qui
905 3157 1106 3202 terram
1133 3146 1371 3218 priorem
1419 3145 1676 3202 omnibus
1715 3145 1957 3212 faciant;

380 3258 503 3314 qua:
548 3247 870 3314 compressa
904 3247 1220 3310 arctataque
1245 3237 1496 3296 accendit
1531 3238 1734 3311 ignem,
1757 3253 1956 3308 aquam

379 3337 583 3402 emisit,
615 3350 797 3393 aerem
827 3335 1027 3406 ubique
1058 3331 1295 3388 dill'udit.

689 3541 767 3595 De
795 3538 1167 3594 constitutione
1191 3554 1366 3592 rerum
1389 3551 1644 3590 omnium.

445 3654 504 3709 4.
543 3652 864 3710 Audiendus
912 3651 1139 3707 omnino
1169 3649 1512 3722 Chrysippus
1557 3657 1663 3714 est,
1719 3661 1844 3702 cum
1879 3647 1955 3700 ait

376 3761 446 3802 ex
487 3753 726 3815 quatuor
768 3743 1052 3800 elementis
1098 3745 1354 3799 universa
1397 3751 1672 3797 constare.
1721 3739 1958 3795 Causam

379 3851 508 3893 vero
537 3836 916 3908 perpetuitatis
959 3852 1082 3893 esse
1114 3835 1387 3907 quoddam
1429 3833 1711 3903 gravitatis
1742 3831 1959 3902 aquili-

378 3931 580 3988 brium.
611 3929 749 3985 Nam
783 3945 911 3985 cum
940 3930 1127 4000 gravia
1154 3931 1264 3986 sint
1297 3942 1532 3999 corpora
1557 3927 1689 3992 duo,
1725 3933 1872 3982 terra
1902 3932 1957 3980 et

381 4035 546 4091 aqua,
569 4019 710 4075 levia
742 4017 993 4082 totidem,
1032 4019 1176 4090 ignis
1205 4026 1259 4075 et
1288 4033 1420 4085 aer;
1453 4017 1648 4073 horum
1679 4024 1954 4088 temperao

389 4111 542 4166 tione
571 4110 743 4166 foveri
789 4124 851 4165 ac
898 4109 1213 4166 conservari
1256 4109 1633 4165 universitatis
1674 4107 1954 4174 ordinem;

381 4209 444 4257 ut
471 4204 618 4260 enim
647 4204 695 4258 si
723 4205 908 4275 gravis
948 4204 1186 4260 mundus
1227 4212 1390 4271 esset,
1426 4203 1684 4260 deorsum
1734 4203 1957 4266 sideret,

379 4296 457 4352 ita
491 4298 539 4352 si
577 4297 799 4353 levitate
840 4297 1104 4367 praeditus
1153 4305 1323 4362 esset,
1380 4312 1602 4352 sursum
1643 4297 1952 4351 tolleretur.

2062 3148 2296 3216 γονέναι.
2333 3149 2454 3203 Εἰσὶ
2495 3150 2538 3203 δ’
2567 3150 2616 3203 οἳ
2643 3149 2742 3222 τὴν
2783 3152 2886 3224 γῆν
2915 3153 3130 3226 πρῶτον
3172 3154 3394 3225 λέγουσι
3430 3157 3651 3226 γεγονέ-

2061 3257 2169 3306 ναι,
2199 3240 2523 3314 θλιύομένην
2561 3259 2622 3296 τε
2662 3243 2758 3299 καὶ
2797 3246 3190 3319 σφιγγομένην,
3240 3248 3417 3312 οὕτως
3450 3249 3650 3319 ὲνάψαι

2065 3333 2164 3402 μὲν
2195 3331 2257 3385 τὸ
2279 3331 2409 3404 πῦρ,
2447 3333 2766 3405 ἀναπέμψαι
2795 3333 2854 3390 δὲ
2886 3335 2948 3389 τὸ
2969 3336 3134 3410 ὕδωρ,
3173 3338 3448 3394 διαδοῦναι
3477 3339 3534 3394 δὲ
3555 3340 3649 3394 τὸν

2061 3425 2218 3496 ἀέρα.

2275 3537 2418 3606 Περί
2443 3536 2552 3607 τῆς
2577 3539 2938 3609 συστάσεως
2961 3541 3080 3597 τῶν
3108 3542 3290 3600 ὅλων.

2131 3647 2194 3700 δ’.
2224 3647 2421 3712 Καλῶς
2448 3647 2514 3703 ἂν
2532 3648 2645 3721 ἔχοι
2668 3651 2949 3706 πείθεσθαι
2969 3653 3046 3725 τῷ
3069 3655 3383 3728 Χρυσίππῳ
3414 3658 3651 3730 φήσαντι

2062 3738 2125 3792 ἐκ
2159 3739 2268 3794 τῶν
2303 3742 2584 3813 τεσσάρων
2615 3744 2893 3816 στοιχείων
2927 3746 3025 3818 τὴν
3070 3747 3332 3803 σύστασιν
3371 3749 3482 3804 τῶν
3509 3751 3654 3806 ὅλων

2061 3837 2362 3904 γεγονέναι.
2388 3835 2568 3889 Αἴτιον
2595 3836 2652 3890 δὲ
2690 3837 2789 3909 τῆς
2820 3841 2991 3911 μονῆς
3024 3839 3230 3894 τούτων
3272 3839 3336 3895 τὸ
3376 3841 3646 3915 ἰσοϐαρὲς.

2061 3923 2167 3977 Δύο
2194 3926 2302 3996 γὰρ
2345 3925 2722 3996 ὑποκειμένων
2763 3928 2994 4000 βαρέων,
3032 3930 3140 4000 τῆς
3174 3931 3270 3986 καὶ
3309 3931 3520 3999 ὓδατος,
3549 3933 3654 3986 δύο

2061 4018 2117 4072 δὲ
2150 4019 2385 4089 κούφων,
2418 4023 2588 4094 πυρὸς
2616 4022 2710 4076 καὶ
2745 4023 2928 4094 ἀέρος,
2966 4022 3065 4095 τὴν
3098 4025 3304 4079 τούτων
3348 4025 3655 4098 σύγκρασιν

2063 4113 2243 4168 αἰτίαν
2270 4112 2408 4169 εἶναι
2453 4117 2551 4188 τῆς
2575 4115 2667 4170 τοῦ
2702 4116 2904 4181 παντὸς
2935 4117 3143 4182 τάξεως
3162 4136 3178 4150 ο
3210 4116 3402 4192 ὥσπερ
3432 4119 3556 4190 γὰρ,
3597 4122 3651 4173 εἰ

2060 4201 2130 4278 ἦν
2162 4207 2190 4260 ὁ
2212 4207 2417 4278 κόσμος
2445 4206 2642 4280 βαρὺς,
2680 4209 2830 4262 κάτω
2855 4209 2921 4263 ἂν
2955 4209 3218 4281 ὲφέρετο’
3254 4211 3447 4277 οὕτως,
3475 4213 3518 4264 εἰ
3547 4214 3656 4264 καὶ

2062 4297 2284 4369 κοῦφος.
2321 4298 2456 4352 ἂνω.
2503 4300 2671 4354 Μένει
2713 4299 2771 4353 δὲ
2821 4300 2902 4372 τῷ
2953 4301 3067 4354 ἴσον
3112 4301 3255 4372 ἔχειν
3307 4305 3369 4358 τὸ
3407 4303 3537 4376 βαρὺ
3563 4303 3655 4373 τῷ

379 4389 560 4446 Μυηει
589 4392 756 4462 igitur
780 4390 920 4457 ideo,
961 4391 1108 4464 quod
1138 4391 1364 4464 paribus
1391 4391 1706 4447 examinata
1742 4389 1951 4460 ponde-

2085 4388 2270 4460 ιούφῳ.
2301 4389 2406 4443 Τὸν
2433 4388 2490 4442 δὲ
2524 4389 2718 4460 αἰθέρα
2742 4392 2836 4445 καὶ
2859 4392 3245 4464 οὑρανὸν,·εἰ’τε
3269 4397 3298 4448 ὀ
3331 4396 3508 4458 αὐτὸς,
3530 4393 3654 4447 εἴτε

377 4482 534 4539 riuus
574 4482 646 4538 sit
692 4484 746 4538 in
780 4498 848 4540 eo
894 4484 1135 4556 gravitas
1165 4491 1219 4540 et
1261 4484 1475 4540 levitas.
1519 4483 1692 4538 Porro
1737 4482 1940 4545 aethera

379 4577 710 4648 cmltimque,
759 4577 874 4632 sive
913 4576 1058 4632 idem
1088 4577 1181 4641 sit,
1208 4577 1323 4632 sive
1349 4575 1564 4632 differat
1588 4617 1602 4641 ,
1633 4583 1788 4632 extra
1817 4591 1945 4632 esse

377 4669 614 4725 rotunda
654 4668 828 4740 ﬁgura
857 4687 872 4724 :
903 4668 1045 4722 intra
1078 4668 1225 4722 hunc
1255 4668 1501 4738 proxime
1548 4681 1731 4722 aerem
1783 4681 1908 4722 esse
1936 4683 1951 4730 ;

380 4763 471 4834 qui
497 4765 558 4819 in
579 4762 770 4820 orbem
805 4762 1150 4818 extrinsecus
1176 4769 1336 4816 terrae
1357 4768 1412 4814 et
1443 4760 1560 4830 ipse
1580 4759 1955 4816 circumfusus

375 4865 480 4913 est.
509 4858 659 4912 Intra
688 4870 853 4926 quem
881 4854 1044 4909 tertia
1079 4853 1390 4908 continetur
1416 4867 1569 4923 aquae
1596 4853 1812 4924 sphaera
1842 4862 1951 4909 ter-

375 4965 492 5003 ram
533 4947 801 5012 ambiens,
853 4951 908 5000 et
947 4945 1089 4999 inter
1132 4944 1275 4998 hanc
1316 4951 1481 5013 atque
1510 4957 1693 4999 aerem
1727 4943 1956 5013 interje-

374 5049 484 5093 cla.
525 5038 758 5092 Mediam
792 5035 1040 5091 omnium
1073 5049 1197 5090 esse
1229 5045 1450 5102 terram,
1491 5051 1613 5106 quae
1649 5035 1846 5100 centri,
1889 5041 1948 5089 ut

376 5134 430 5183 in
461 5129 717 5198 sphaeris,
745 5128 911 5182 situm
937 5134 991 5182 et
1013 5127 1440 5198 magnitudinem
1470 5129 1700 5185 obtinet.
1724 5129 1804 5184 Ad
1834 5131 1952 5185 hac

377 5225 623 5293 reliquas
657 5231 771 5277 tres
811 5229 1115 5292 quatuorve
1141 5223 1386 5292 sphaeras
1418 5226 1818 5294 circumvolvi;
1857 5239 1954 5280 so-

375 5315 487 5367 lam
531 5313 869 5368 immobilem
899 5312 1102 5368 ltwrere
1129 5321 1352 5372 terram.
1387 5315 1467 5370 Ac
1500 5316 1787 5386 sphaeram
1832 5315 1961 5386 qui-

378 5405 502 5457 dem
551 5404 694 5474 ignis
743 5405 1123 5474 extrinsecus;
1161 5406 1390 5462 interius
1437 5418 1621 5464 autem
1660 5408 1804 5464 aeris
1848 5408 1957 5463 cir-

379 5497 597 5565 cumagi
625 5503 850 5550 sumunt
893 5496 1234 5555 Archimedis
1267 5499 1544 5571 discipuli.
1598 5501 1667 5557 At
1696 5498 1753 5557 in
1783 5502 1961 5557 medio

381 5598 536 5655 aquae
597 5595 865 5658 terraeque
915 5591 1105 5660 globos
1152 5591 1277 5647 ideo
1326 5595 1663 5660 consistere,
1708 5597 1868 5666 quodt
1912 5597 1957 5652 si

383 5679 507 5749 quis
540 5679 780 5734 omnium
807 5683 1131 5751 gravissima
1173 5701 1403 5757 corpora
1427 5729 1441 5755 ,
1487 5695 1618 5758 puta
1655 5689 1958 5761 plumbum,

2067 4482 2342 4576 διάφορος,
2383 4481 2581 4576 έξωθεν
2636 4479 2798 4550 εἶναι,
2863 4485 3148 4558 σφαιρικὸν
3205 4488 3393 4558 σχῆμα
3435 4487 3673 4576 ἔχοντα.ἱ

2067 4575 2222 4630 Μετὰ
2247 4574 2303 4628 δὲ
2333 4575 2520 4631 τοῦτον
2545 4575 2695 4641 ἐντὸς
2721 4578 2888 4631 αὐτοῦ
2916 4578 3007 4631 τὸν
3028 4579 3164 4651 ἀέρα
3188 4577 3352 4647 εἶναι,
3376 4583 3464 4634 καὶ
3484 4582 3655 4634 αὑτὸν

2070 4667 2375 4740 σφαιρικῶς
2408 4668 2789 4740 περικείμενον
2830 4670 3028 4737 ἔξωθεν
3058 4676 3123 4744 τῇ
3166 4677 3272 4746 γῇ·
3302 4676 3554 4748 ἐνδοτέρω
3592 4653 3668 4730 δὲ’

2068 4761 2233 4815 αὐτοῦ
2265 4762 2455 4834 τρίτην
2484 4758 2624 4816 εἶναι
2655 4765 2890 4835 σφαῖραν
2921 4764 3019 4836 τὴν
3047 4765 3141 4819 τοῦ
3170 4767 3363 4831 ὕδατος
3393 4772 3516 4840 περὶ
3540 4770 3652 4821 αύ-

2066 4854 2166 4927 τὴν
2196 4855 2294 4928 τὴν
2323 4855 2428 4927 γῆν
2455 4857 2657 4927 μεταξὺ
2685 4856 2779 4912 τοῦ
2825 4857 2988 4930 ἀέρος
3031 4859 3126 4912 καὶ
3160 4861 3258 4931 τῆς
3297 4861 3421 4932 γῆς.
3460 4861 3543 4914 Ἑν
3589 4861 3655 4914 δὲ

2067 4947 2148 5018 τῷ
2186 4950 2494 5024 μεσαιτάτῳ
2519 4951 2618 5021 τὴν
2654 4951 2758 5023 γῆν
2786 4947 2947 5018 εἶναι,
2979 4951 3206 5023 κέντρου
3240 4952 3395 5017 τάξιν
3422 4951 3514 5006 καὶ
3549 4954 3656 5022 μέ-

2067 5042 2226 5110 γεθος
2258 5043 2584 5114 ἐπέχουσαν,
2615 5043 2692 5107 ὡς
2721 5043 2777 5096 αἰ
2811 5047 3056 5116 σφαῖραι.
3089 5044 3204 5097 Καὶ
3232 5044 3333 5108 τὰς
3360 5045 3455 5115 μὲν
3485 5043 3656 5107 ἄλλας

2067 5137 2216 5205 τρεῖς
2262 5135 2494 5205 σφαίρας
2549 5134 2582 5205 ἢ
2642 5133 2916 5206 τέσσαρας
2966 5135 3394 5205 περιδινεῖσθαιο
3452 5133 3544 5205 τὴν
3593 5135 3656 5188 δὲ

2067 5230 2167 5300 τῆς
2191 5229 2296 5299 γῆς
2334 5229 2500 5300 μόνην
2555 5227 2792 5281 ἑστάναι.
2831 5227 3070 5294 Ἔξωθεν
3122 5227 3179 5280 δὲ
3216 5230 3320 5300 τὴν
3350 5227 3441 5281 τοῦ
3476 5229 3656 5297 πυρὸς

2071 5323 2330 5392 σφαῖραν,
2377 5323 2468 5375 καὶ
2502 5319 2759 5390 ἐνδοτέρω
2796 5319 2934 5388 μετὰ
2980 5319 3184 5390 ταύτην
3227 5320 3327 5390 τὴν
3365 5317 3456 5371 τοῦ
3485 5317 3655 5387 ἀέρος

2068 5411 2361 5468 δεδώκασιν
2408 5415 2455 5466 οἱ
2498 5410 2872 5483 Ἀρχιμήδειοι
2920 5410 3328 5482 περιδινεῖσθαι.
3372 5411 3456 5463 Ἐν
3497 5409 3658 5481 μέσῳ

2069 5507 2113 5560 δ’
2145 5502 2281 5560 εἶναι
2329 5505 2426 5580 τὴν
2469 5505 2562 5559 τοῦ
2616 5505 2807 5568 ὕδατος
2848 5507 2942 5559 καὶ
2993 5505 3090 5576 τὴν
3135 5504 3236 5575 τῆς
3289 5505 3390 5575 γῆς
3420 5502 3502 5556 διὰ
3542 5501 3662 5573 τὴν

2069 5601 2324 5672 τοιαύτην
2360 5598 2557 5654 αἰτίαν.
2601 5599 2669 5652 Εἴ
2707 5617 2790 5662 τις
2836 5600 2964 5671 γὰρ,
3007 5598 3159 5669 φασὶ,
3205 5599 3358 5652 λάϐοι
3397 5597 3500 5649 τῶν
3530 5611 3658 5648 σω-

2074 5695 2259 5766 μάτων
2293 5693 2358 5748 τὰ
2403 5692 2698 5765 βαρύτατα,
2728 5686 2841 5747 οἷον
2876 5692 3143 5768 μόλιϐδον,
3190 5692 3284 5746 καὶ
3319 5689 3474 5745 πάλιν
3505 5683 3661 5744 αὐτὰ
