3786 6326
170 268 260 327 ιιι

894 264 1215 330 ACHILLIS
1252 272 1435 332 TATII
1470 272 1729 332 ιειοοα

1857 275 1896 331 D
1934 276 2151 335 ARATI
2188 277 2660 336 PHENOMENA.

3293 285 3404 342 θειῖ

171 384 230 437 τὰ
253 382 582 454 κουφότατα,
609 380 719 441 οἷον
742 388 952 457 φελλὸν,
978 392 1072 445 καὶ
1100 391 1191 446 ἴσα
1218 392 1467 463 ἀλλήλοις
1491 395 1729 465 στήσειε,

1857 409 1936 451 nec
1979 410 2092 469 non
2137 396 2262 473 alia
2302 397 2604 462 levissima,
2650 390 2801 453 ielut
2846 397 3035 467 suber;
3078 382 3146 455 ad
3188 401 3406 471 pondus

170 477 255 531 καὶ
282 477 585 550 ίσόσταθμα
616 481 878 552 ποιήσειε,
906 484 1001 549 καὶ
1036 485 1314 555 συνδήσειε
1338 501 1353 517 °
1392 485 1732 557 συμϐήσεται

174 566 452 639 μηδέτερον
471 569 582 624 ὑπὸ
603 570 697 624 τοῦ
719 572 902 643 ἐτέρου
928 574 1180 630 ἕλκεσθαι
1201 594 1213 607 ·
1242 571 1374 643 οἷον,
1400 576 1453 629 εί
1472 595 1556 640 τις
1583 576 1732 647 βάλοι

168 658 329 713 ταῦτα
348 662 433 726 είς
456 660 755 727 θάλασσαν,
788 666 1122 739 συμϐήσεται
1166 670 1304 739 μήτε
1351 670 1501 724 κάτω
1542 673 1620 734 είς
1642 672 1731 725 τὸν

171 750 317 823 βυθὸν
367 755 733 811 καθέλκεσθαι
774 759 864 812 τὸν
911 760 1102 829 φελλὸν
1158 762 1262 815 ὑπὸ
1305 763 1401 815 τοῦ
1458 764 1729 835 μολίϐδου,

171 847 295 916 μήτε
321 844 413 900 τὸν
458 847 708 918 μόλιϐδον
750 851 855 904 ὑπὸ
897 850 1004 906 τῶν
1054 852 1261 921 φελλῶν
1299 855 1619 910 ἀνέλκεσθαι
1654 857 1732 920 εἰς

166 938 256 1009 τὴν
276 940 599 1009 ἐπιφάνειαν
635 941 729 995 τοῦ
773 942 990 1008 ὓδατος
1018 945 1132 998 ἀλλ’
1162 947 1356 1018 ἐπίσης
1376 948 1467 1000 ὑπ’
1488 947 1732 1020 ἀλλήλων

165 1028 525 1102 ἀνθελκόμενα
556 1032 757 1104 μεταξὺ
782 1034 881 1105 τῆς
925 1036 1244 1106 ἐπιφανείας
1289 1038 1383 1092 τοῦ
1427 1039 1616 1103 ὓδατος
1640 1040 1733 1092 καὶ

163 1122 248 1176 τοῦ
274 1122 437 1193 βυθοῦ
466 1118 605 1179 εἶναι
638 1127 729 1179 τὸν
757 1126 1002 1197 μόλιϐδον
1037 1128 1133 1183 καὶ
1168 1130 1259 1183 τὸν
1289 1130 1499 1199 φελλόν.
1526 1128 1733 1184 Τεσσα-

168 1230 264 1284 ρων
292 1210 389 1268 οὖν
419 1214 590 1269 όντων
622 1217 729 1271 τῶν
754 1220 1051 1289 στοιχείων,
1078 1237 1139 1273 συ
1147 1219 1389 1292 μεέὸηκε
1415 1222 1475 1275 τὸ
1502 1221 1614 1292 πῦρ
1637 1221 1733 1274 καὶ

162 1304 246 1359 τὸν
270 1306 432 1379 ἀέρα,
468 1309 778 1378 κουφότατα
804 1310 952 1374 ὄντα,
988 1312 1080 1364 ἐπὶ
1117 1312 1217 1383 τὴν
1246 1312 1358 1366 ἄνω
1388 1312 1559 1386 φορὰν
1589 1312 1733 1383 ἔχειν

163 1397 252 1469 τὴν
280 1398 485 1472 ὁρμὴν,
524 1402 618 1455 καὶ
658 1402 1064 1474 περιδινεῖσθαι.
1097 1404 1219 1458 Ὀτι
1260 1404 1316 1457 δὲ
1346 1403 1457 1476 πῦρ
1492 1404 1586 1460 καὶ
1624 1406 1735 1478 ἀὴρ

163 1492 461 1560 κουφότατα
488 1493 582 1546 καὶ
612 1493 889 1566 ἀνωφερῆ,
906 1494 1062 1566 δῆλον
1081 1495 1180 1567 μὲν
1205 1495 1298 1549 καὶ
1326 1497 1389 1549 ἐκ
1412 1496 1513 1565 τῆς
1535 1495 1729 1566 ὅψεως*

162 1581 285 1636 ἀλλά
323 1584 437 1655 μὴν
465 1585 562 1639 καὶ
600 1586 665 1639 ἐκ
702 1586 811 1640 τῶν
850 1588 999 1661 παρά
1037 1591 1150 1652 τοῖς
1191 1592 1395 1661 ἰατροῖς
1425 1591 1648 1655 σικυῶν,
1674 1593 1734 1645 ἐν

161 1670 241 1738 αἶς
275 1677 497 1750 ὁρῶμεν
543 1678 1055 1750 ἀπολαμδανὸμενον
1085 1681 1145 1734 τὸ
1198 1682 1310 1753 πῦρ
1341 1683 1456 1753 ἃμα
1497 1683 1573 1754 τῷ
1606 1683 1730 1755 ἀέρι
1762 1734 1780 1755 _.

159 1767 243 1820 τοῦ
495 1768 657 1839 βάθος
707 1740 935 1840 αἵματος
986 1772 1085 1844 τὴν
1135 1740 1423 1847 ἀναγωγήν
1478 1740 1732 1848 ποιουμέ-
1762 1740 1805 1801 Β

160 1878 262 1925 νοις
288 1861 386 1916 ⁸³’.
423 1862 585 1915 Ἀλλά
620 1865 714 1917 καὶ
754 1865 862 1917 ἀπὸ
883 1863 974 1917 τοῦ
1019 1866 1078 1919 ἐν
1123 1869 1236 1930 τοῖς
1276 1865 1490 1937 λύχνοις
1537 1870 1726 1940 πυρὸς,

159 1950 284 2023 ὅπερ
312 1953 431 2007 ἄνω
462 1953 759 2025 φερόμενον
807 1952 867 2008 τὸ
900 1955 956 2008 ἐν
997 1957 1061 2025 τῇ
1100 1957 1370 2030 κοιλότητι
1408 1957 1500 2011 τοῦ
1534 1958 1729 2030 λύχνου

157 2041 325 2097 ἔλαιον
357 2045 638 2115 ἀνιμᾶται.
675 2044 832 2097 Ἀλλὰ
868 2046 975 2116 μὴν
1020 2047 1114 2099 καὶ⁵
1155 2047 1310 2100 δαλὸν
1336 2049 1389 2102 εἴ
1410 2065 1495 2112 τις
1527 2048 1732 2119 ἐξάψας

159 2135 424 2205 στρέψειε,
466 2136 618 2191 κάτω
662 2135 921 2208 φέρεσθαι
948 2137 1008 2191 τὸ
1040 2137 1151 2210 πῦρ
1199 2140 1300 2193 ούκ
1335 2139 1401 2193 ἂν
1438 2140 1691 2211 δυνηθείη
1713 2157 1727 2170 ·

157 2225 406 2300 ἀνωφερῆ
439 2229 551 2300 γὰρ
584 2232 722 2301 ίσχει
752 2232 850 2303 τὴν
871 2234 1065 2304 ὁρμήν.
1098 2233 1266 2286 Πάλιν
1293 2232 1349 2285 δὲ
1375 2231 1429 2285 εί
1449 2250 1535 2296 τις
1566 2232 1733 2287 ἀσκὸν

157 2311 378 2384 πλήσειε
402 2314 716 2387 πνεύματος
737 2322 828 2372 καὶ
847 2319 1195 2390 ἀποσφίγξει,
1216 2320 1360 2391 ῥίψει
1384 2320 1440 2375 δὲ
1458 2323 1538 2385 είς
1566 2321 1729 2393 ὕδωρ·

154 2404 298 2459 οὐδὲν
323 2402 489 2479 ἦττον
518 2409 837 2474 ἐπιπολάζει
877 2414 907 2464 ό
942 2413 1128 2476 ἀσκός.
1160 2413 1281 2465 Ὅτι
1309 2412 1365 2465 δὲ
1396 2415 1429 2484 ἡ
1454 2413 1525 2485 γῆ
1556 2413 1649 2467 καὶ
1673 2393 1735 2466 τδ

157 2496 293 2571 ὕδωρ
322 2499 499 2573 βαρέα
525 2503 621 2555 καὶ
649 2504 963 2576 κατωφερῇ
990 2504 1050 2557 ού
1078 2504 1160 2557 δεῖ
1185 2503 1367 2574 λόγου,
1408 2506 1507 2575 τῆς
1537 2503 1733 2575 πείρας

155 2588 508 2663 διδασκούσης
533 2634 548 2648 .
587 2593 699 2664 Τὴν
726 2593 782 2647 δὲ
813 2595 985 2661 τάξιν,
1030 2597 1095 2666 ῆν
1134 2594 1441 2666 δεδώκαμεν
1472 2594 1551 2666 τῷ
1577 2603 1740 2665 σφαιλ

158 2680 388 2756 ρώματι,
418 2687 470 2739 οἱ
508 2686 756 2757 Ὀρφικοὶ
789 2686 1006 2756 λέγουσι
1032 2687 1419 2759 παραπλησίαν
1450 2684 1588 2741 εἶναι
1620 2670 1734 2750 τοῖς

155 2776 292 2842 ὡοῖς.
329 2778 427 2834 Ὃν
456 2778 567 2849 γὰρ
596 2778 709 2849 ἔχει
736 2779 894 2847 λόγον
929 2780 991 2833 τὸ
1017 2779 1249 2852 λέπυρον
1276 2783 1333 2833 ἐν
1371 2779 1449 2852 τῷ
1473 2780 1586 2850 ὼῷ,
1610 2779 1734 2833 τοῦ·

154 2885 239 2923 τον
270 2871 417 2942 ἔχειν
448 2874 507 2925 ἐν
538 2870 617 2942 τῷ
640 2872 799 2926 παντὶ
824 2871 913 2924 τὸν
936 2872 1163 2944 ούρανόν
1183 2890 1196 2901 ·
1222 2872 1319 2925 καὶ
1340 2872 1416 2936 ὡς
1440 2872 1734 2943 ἐξήρτηται

154 2962 243 3017 τοῦ
266 2963 504 3036 ούρανοῦ
539 2964 879 3035 κυκλοτερῶς
909 2968 939 3019 ὁ
981 2966 1164 3037 αἰθὴρ,
1198 2964 1341 3019 οὕτω
1372 2964 1466 3019 τοῦ
1494 2964 1732 3037 λεπύρου

1832 486 2040 555 aequale
2074 486 2288 558 capiat,
2341 499 2396 543 et
2448 488 2679 544 invicem
2721 488 2944 560 alliget;
2990 490 3123 545 illud
3173 490 3405 558 accidet,

1832 589 2085 631 neutrum
2134 586 2195 631 ut
2234 580 2303 634 ab
2349 578 2524 635 altero
2572 581 2717 634 trahi
2748 580 2966 651 possit:
2996 592 3057 636 ut
3102 582 3148 638 si
3190 583 3314 654 quis
3347 584 3405 638 in

1833 686 1983 728 mare
2013 673 2118 727 ista
2147 673 2421 744 projieiat,
2457 690 2636 746 neque
2665 677 2833 733 suber
2864 678 2921 732 in
2950 676 3283 749 profundum
3309 676 3406 732 de-

1834 764 2102 833 primatur
2147 780 2178 819 a
2207 766 2454 836 plumbo,
2500 783 2678 839 neque
2708 768 2989 838 plumbum
3030 770 3098 823 ad
3132 784 3404 825 summam

1832 867 2031 922 aquam
2070 868 2102 908 a
2124 855 2324 912 subere
2351 858 2528 928 possit
2556 859 2733 913 attolli
2759 879 2776 915 -.
2799 859 2892 915 sed
2930 876 2997 915 ex
3031 875 3188 930 aequo
3220 860 3404 914 utrina

1832 960 1939 1015 que
1963 952 2139 1001 tracta
2159 948 2324 1003 suber
2354 956 2408 1004 et
2431 949 2716 1019 plumbum
2748 966 3015 1006 summam
3043 951 3184 1006 inter
3204 965 3405 1021 aquam

1834 1035 2174 1109 fundumque
2201 1054 2475 1109 suspensa
2513 1047 2825 1096 teneantur.
2873 1041 3241 1108 Quamobrem
3278 1057 3407 1097 eum

1835 1129 1946 1183 sint
1971 1130 2238 1185 elementa
2264 1140 2522 1200 quatuor,
2557 1131 2756 1187 accidit
2796 1139 2854 1186 ut
2878 1132 3022 1202 ignis
3052 1141 3105 1187 et
3137 1147 3252 1196 aer,
3283 1147 3407 1202 quae

1834 1231 1964 1278 sunt
1997 1220 2299 1288 levissima,
2335 1239 2557 1280 sursum
2593 1233 2787 1295 suapte
2831 1232 3028 1294 sponte
3086 1234 3408 1294 naturaeque

1835 1314 2037 1383 impetu
2067 1316 2336 1379 ferantur,
2366 1325 2420 1372 et
2457 1318 2514 1371 in
2544 1317 2732 1372 orbem
2758 1316 3054 1387 agitentur.
3085 1314 3222 1369 Nam
3257 1315 3405 1386 quod

1834 1407 1973 1477 ignis
1999 1418 2052 1462 et
2083 1423 2176 1463 aer
2206 1410 2490 1464 levissima
2520 1423 2758 1480 corpora
2790 1409 2923 1476 sint,
2947 1417 3004 1464 et
3032 1424 3254 1465 sursum
3286 1416 3407 1463 ten-

1834 1497 2039 1562 dentia,
2096 1514 2220 1553 cum
2272 1501 2557 1555 oculorum
2610 1515 2775 1556 sensu
2837 1500 3239 1564 discernimus,
3287 1508 3408 1553 tum

1834 1591 2170 1646 medicorum
2197 1592 2498 1647 cucurbita:
2519 1592 2899 1647 demonstrant
2923 1609 2938 1659 ;
2963 1590 3164 1661 quibus
3192 1589 3409 1646 inclusa

1834 1682 2082 1738 videmus
2129 1683 2291 1737 ambo
2341 1698 2406 1738 ex
2438 1683 2548 1754 76
2568 1684 2680 1738 alto
2732 1682 3054 1753 sanguinem
3096 1680 3407 1735 extrahere.

1834 1775 1982 1831 Idem
2030 1785 2084 1830 et
2126 1776 2480 1831 lucernarum
2528 1776 2672 1847 ignis
2720 1776 2987 1831 ostendit.
3035 1774 3137 1841 Qui
3187 1787 3406 1830 sursum

1832 1867 2045 1923 enitens
2089 1866 2270 1925 oleum
2316 1868 2380 1922 ad
2417 1883 2476 1922 se
2518 1867 2708 1933 trahit,
2736 1867 2882 1937 quod
2914 1867 3155 1921 lucernae
3197 1866 3414 1920 alveolo

1834 1960 2163 2016 continetur.
2201 1960 2346 2027 Quin
2379 1960 2545 2015 etiam
2595 1967 2800 2015 torrem
2861 1973 3153 2015 accensum
3192 1960 3238 2015 si
3281 1959 3411 2029 quis

1835 2051 2093 2115 invertat,
2126 2067 2407 2122 nunquam
2435 2050 2692 2108 deorsum
2738 2052 2964 2108 omnino
2996 2050 3184 2107 tendet
3215 2051 3359 2122 ignis
3391 2094 3407 2105 .

1834 2140 2036 2210 quippe
2067 2155 2226 2210 quem
2260 2140 2315 2194 in
2349 2141 2518 2195 altum
2549 2141 2737 2195 nativa
2758 2141 3005 2212 quaedam
3035 2127 3119 2196 vis
3157 2140 3408 2211 impellit.

1833 2229 2050 2286 Rursus
2091 2232 2137 2286 si
2171 2231 2297 2303 quis
2331 2241 2499 2287 vento
2543 2231 2843 2309 distentum
2891 2240 3068 2287 utrem
3106 2239 3164 2287 et
3204 2231 3411 2302 obliga-

1835 2332 1951 2377 tum
2008 2323 2062 2376 in
2115 2338 2311 2393 aquam
2356 2312 2653 2393 projiciat,
2707 2324 3069 2379 nihilominus
3116 2324 3408 2380 innatabit.

1835 2414 1990 2481 Quod
2026 2422 2207 2471 autem
2233 2422 2379 2470 terra
2413 2426 2465 2471 et
2493 2431 2635 2487 aqua
2670 2418 2857 2485 gravia
2885 2418 3018 2483 sint,
3054 2432 3119 2472 ac
3151 2417 3413 2474 deorsum

1838 2506 2107 2572 ferantur,
2137 2506 2354 2563 ratione
2384 2508 2532 2562 nulla
2556 2509 2776 2578 probari
2809 2524 3036 2566 necesse
3061 2518 3168 2578 est,
3195 2525 3322 2565 cum
3354 2510 3411 2564 id

1836 2599 1972 2653 satis
2002 2598 2338 2669 experientia
2362 2604 2617 2655 testetur.
2646 2598 2917 2655 Caeterum
2947 2600 3083 2655 ordo
3105 2602 3218 2667 ille,
3243 2616 3411 2672 quem

1836 2690 1891 2745 in
1918 2688 2106 2744 mundi
2136 2690 2347 2760 sphzera
2384 2690 2801 2756 constituimus,
2827 2707 3053 2747 ovorum
3072 2692 3270 2749 similis
3300 2703 3411 2761 est,

1835 2788 1897 2835 ut
1917 2779 2118 2852 Orphei
2151 2791 2457 2839 sectatores
2480 2782 2699 2838 docent.
2745 2782 2919 2849 Quam
2954 2783 3100 2840 enim
3136 2786 3412 2841 rationem

1834 2872 1999 2928 habet
2039 2874 2095 2928 in
2143 2888 2246 2929 ovo
2284 2880 2572 2945 putamen,
2617 2875 2864 2930 eamdem
2900 2875 2956 2930 in
3003 2884 3119 2931 toto
3149 2876 3419 2934 universo

1837 2965 2036 3021 coelum
2072 2965 2315 3032 obtinet;
2364 2975 2529 3037 atque
2554 2976 2612 3021 ut
2646 2956 2702 3022 in
2726 2968 2912 3023 orbem
2944 2984 2975 3024 e
3003 2969 3144 3024 caelo
3172 2984 3421 3041 suspen-

155 3056 571 3142 όᾼύμήννΚατά
601 3057 657 3110 δέ
691 3075 865 3122 τινας,
902 3058 1087 3129 ἐπειδὴ
1126 3059 1155 3111 ὁ
1187 3044 1414 3130 ούρανδς
1451 3044 1545 3111 καί
1570 3057 1729 3129 αἰθὴρ

1857 3072 1935 3111 ms
1965 3065 2051 3111 est
2076 3056 2270 3122 aether,
2315 3056 2395 3111 sic
2435 3072 2467 3112 e
2497 3056 2778 3126 putamine
2809 3056 3082 3126 pellicula.
3115 3054 3236 3122 Vel,
3263 3058 3415 3129 quod

158 3140 232 3211 εἷς
267 3148 408 3211 ἐστι,
440 3146 582 3218 μετά
608 3147 666 3200 δὲ
698 3147 933 3202 τούτονὸ
956 3150 1098 3220 ἀήρο
1135 3147 1288 3203 ἔσται
1322 3148 1381 3201 ἐν
1405 3150 1518 3212 τοῖς
1543 3148 1672 3212 ὠοῖς
1707 3151 1729 3201 ὁ

1857 3148 1961 3202 ιΙὶἰε
1987 3148 2188 3218 placet,
2229 3147 2487 3218 quoniam
2518 3144 2692 3203 aether
2720 3147 2862 3203 idem
2887 3156 2971 3204 est
3008 3163 3074 3203 ac
3110 3150 3309 3204 crelum
3334 3168 3350 3217 ;
3379 3164 3419 3203 ιι

157 3238 293 3314 ὑμὴν
327 3241 420 3294 τοῦ
444 3241 607 3312 ἀέρος
634 3239 788 3305 τάξιν
825 3240 1040 3312 ἐπέχων
1067 3243 1134 3313 ·ή
1166 3231 1221 3293 δὲ
1255 3239 1421 3313 λευκὴ
1449 3239 1585 3313 σὰρξ
1611 3242 1645 3312 ἠ
1678 3243 1737 3295 ἐν

156 3330 230 3402 τῷ
251 3331 364 3403 ὼῷι
403 3333 455 3386 εξ
485 3332 586 3405 τὴν
628 3332 723 3385 τοῦ
771 3333 931 3404 ἀέρος
971 3332 1124 3398 τάξιν
1170 3332 1377 3404 ἐπέχει,
1409 3330 1560 3385 ἔσται
1597 3333 1631 3403 ἡ
1656 3322 1736 3384 λέ-

159 3426 302 3490 κιθος
329 3424 427 3479 τοῦ
452 3423 562 3478 ὠοῠ
600 3425 700 3496 τὴν
730 3423 824 3477 τοῦ
856 3424 1047 3489 ὓδατος
1075 3422 1229 3489 τάξιν
1266 3425 1537 3495 ἐπέχουσα
1555 3442 1569 3455 ο
1596 3424 1657 3477 τὸ
1681 3414 1736 3477 δὲ.

160 3516 434 3571 ἐνδότατον
458 3516 555 3571 καὶ
591 3516 914 3587 μεσαίτατον
944 3516 1043 3587 τῆς
1066 3515 1279 3570 λεκίθου
1310 3506 1409 3587 τὴν
1434 3514 1587 3581 τάξιν
1612 3514 1733 3586 ἕχον

158 3608 254 3678 τῆς
281 3612 399 3680 γῆς.
424 3611 486 3663 Εἰ
512 3608 569 3663 δὲ
598 3609 773 3680 ύμένα
797 3608 888 3662 τὸν
918 3611 977 3662 ἐν
1011 3608 1088 3677 τῷ
1117 3607 1209 3679 ὠῷ
1238 3609 1358 3661 ἀντὶ
1385 3605 1478 3662 τοῦ
1518 3608 1734 3680 αἰθέρος

110 3738 117 3745 ο
158 3700 424 3773 λάϐωμεν,
447 3702 512 3756 τὸ
535 3701 643 3756 τῶν
673 3701 898 3773 ὀρνίθων
926 3701 1067 3771 γάλα
1102 3702 1217 3755 ἀντ’
1245 3703 1406 3771 ἀέρος
1434 3700 1606 3765 ἔσται,
1642 3698 1738 3755 καί

157 3795 193 3868 ἡ
230 3795 424 3861 ῑξωθεν
454 3794 731 3867 περιφορὰ
768 3794 867 3865 τῆς
913 3793 1129 3848 λεκίθου
1165 3796 1283 3849 ἀντὶ
1328 3795 1515 3858 ὓδατος
1536 3811 1551 3826 ’
1584 3794 1646 3847 τό
1677 3793 1734 3846 δέ

162 3885 435 3940 ἐνόότατον
465 3885 562 3939 καὶ
601 3884 923 3957 μεσαίτατον
959 3885 1079 3939 ἀντὶ
1126 3885 1227 3955 τῆς
1254 3886 1375 3957 γῆς.
1409 3882 1650 3939 Καθόλου
1676 3882 1733 3936 δὲ

162 3977 255 4032 ἐὰν
280 3977 438 4031 πέντε
470 3976 709 4047 σφαίρας
748 3975 990 4047 εἴπωμεν
1028 3976 1170 4030 κατὰ
1212 3976 1302 4029 τὸν
1333 3975 1731 4046 Ἀριστοτέλην,

162 4068 514 4124 τὺένδότατον
542 4068 642 4140 τῆς
681 4066 895 4121 λεκίθου
938 4068 1056 4121 ἀντὶ
1086 4067 1189 4137 τῆς
1228 4068 1333 4139 γῆς
1371 4066 1734 4139 παραληφθή-

164 4176 340 4215 σεταιο
371 4160 466 4215 ἐὰν
497 4159 556 4213 δὲ
586 4159 856 4231 τέσσαρας
881 4159 1025 4212 κατά
1051 4157 1179 4221 τοὺς
1210 4156 1424 4222 ἄλλους,
1453 4158 1549 4229 ὅλη
1580 4160 1613 4228 ἡ
1643 4157 1731 4212 λέ-

163 4252 305 4316 κιθος
331 4252 450 4305 ἀντὶ
486 4252 588 4321 τῆς
616 4250 719 4321 γῆς
746 4248 919 4315 ἔσται,
946 4250 1010 4304 οὐ
1035 4249 1178 4305 κατὰ
1219 4254 1280 4304 τὸ
1314 4248 1562 4321 μέγεθος,
1597 4248 1732 4302 ἀλλά

163 4346 296 4401 κατά
318 4347 419 4418 τὴν
447 4343 627 4409 τάξιν.

228 4528 351 4584 Ὀτι
376 4528 433 4583 δέ
460 4526 558 4582 καὶ
580 4523 814 4595 ἔστηκεν
839 4525 873 4595 ἡ
920 4526 1016 4595 γῆ,
1059 4523 1462 4596 παραδείγματι
1491 4523 1731 4595 χρῶνται

165 4621 346 4693 ⁴τούτῳ.
373 4620 443 4675 Εἴ
460 4635 568 4682 τις,
609 4616 793 4686 φασιν,
843 4617 923 4678 είς
963 4613 1176 4685 φύσκαν
1207 4614 1440 4686 κέγχρον
1489 4614 1660 4685 βάλοι,
1696 4615 1730 4686 ἢ

168 4712 353 4768 κόκκον
375 4709 577 4785 φακοῦ,
613 4710 710 4765 καὶ
743 4708 1023 4779 φυσήσειε,
1064 4708 1158 4762 καὶ
1194 4708 1528 4779 ἐμπλήσειεν
1562 4707 1732 4778 αὐτὴν

170 4805 344 4877 ἀέρος’
376 4804 718 4877 ωμδὴσεται
758 4800 1187 4875 μετεωρισθέντα
1214 4800 1303 4853 τὸν
1328 4799 1523 4853 κόκκον
1549 4801 1608 4852 ἐν
1638 4798 1733 4869 μέ-

173 4911 241 4967 σῳ
273 4898 369 4970 τῆς
390 4897 645 4960 κύστεως
662 4896 873 4967 στῆναι.
904 4895 1014 4949 Καὶ
1036 4892 1135 4965 τὴν
1169 4892 1274 4963 γῆν
1306 4892 1363 4947 δὲ
1394 4889 1733 4961 πανταχόθεν

173 4986 265 5042 ὑπὸ
298 4989 389 5044 τοῦ
427 4989 592 5059 ἀέρος
633 4985 968 5058 ὠθουμένην,
1012 4985 1317 5057 ἰσορρόπως
1363 4987 1421 5039 ἐν
1462 4983 1541 5056 τῷ
1583 4984 1736 5055 μέσῳ

175 5072 294 5132 εἶναι
330 5080 427 5133 καὶ
470 5078 714 5132 ἑστάναι.
758 5076 830 5129 Ἢ
882 5076 1046 5131 πάλιν
1089 5073 1277 5145 ὥσπερ
1325 5072 1379 5126 εἷ
1417 5090 1501 5136 τις
1553 5071 1735 5125 λαϐὼν

177 5165 319 5237 σῶμα
353 5168 537 5239 δήσειε
587 5162 919 5234 πανταχόθεν
964 5162 1253 5233 σχοινίοις,
1301 5163 1395 5216 καὶ
1444 5160 1559 5231 δοίη
1591 5160 1733 5214 τισὶν

177 5259 459 5332 ἰσορρόπως
508 5258 689 5313 ἕλκειν
737 5257 825 5309 ἐπ’
878 5252 1194 5324 ἀκριϐείας·
1243 5252 1583 5324 συμϐήσεται
1623 5252 1734 5324 γὰρ

174 5351 491 5422 πανταχόθεν
505 5349 705 5419 ἐπίσης
738 5347 1156 5419 περιελκόμενον
1190 5346 1379 5416 στῆναι
1424 5345 1519 5398 καὶ
1568 5346 1734 5416 ἀτρε-

177 5441 354 5512 μῆσαι.
386 5441 698 5513 Ξενοφάνης
723 5440 781 5494 δὲ
808 5441 909 5493 οὐκ
944 5440 1117 5494 οἴεται
1160 5438 1434 5509 μετέωρον
1458 5433 1598 5492 εἶναι
1633 5439 1732 5510 τὴν

175 5534 284 5605 γῆν,
312 5535 444 5589 ἀλλὰ
474 5534 628 5589 κάτω
659 5534 738 5596 είς
761 5532 986 5603 ἄπειρον
1017 5530 1277 5603 καθήκειν
1303 5547 1321 5560 ·
1354 5529 1487 5599 φησὶ
1510 5527 1628 5598 γάρ
1646 5545 1663 5563 ο

267 5712 333 5747 ⁸⁸⁸
362 5714 406 5786 ί.
444 5713 766 5783 ποιούμενα.

1834 3254 1945 3308 quo
1968 3237 2249 3308 prosimus
2280 3247 2361 3293 est
2391 3252 2506 3304 aer,
2536 3237 2641 3293 erit
2669 3240 2724 3292 in
2748 3253 2852 3293 ovo
2883 3238 3199 3293 membrana
3235 3239 3419 3294 instar

1836 3330 2020 3386 acris:
2054 3344 2186 3385 caro
2217 3337 2398 3385 autem
2454 3328 2659 3394 albida,
2692 3344 2816 3400 qua:
2863 3330 2918 3383 in
2969 3329 3157 3385 eodem
3206 3338 3312 3395 est,
3362 3332 3420 3388 si

1833 3421 2051 3494 quidem
2085 3423 2197 3478 aeri
2235 3421 2551 3492 respondet,
2584 3437 2738 3493 aqua:
2768 3422 2947 3477 locum
2970 3421 3189 3477 vitellus
3209 3422 3419 3479 habere

1834 3522 2041 3585 potest;
2073 3513 2189 3569 tum
2223 3514 2370 3584 quod
2395 3513 2627 3570 interius
2659 3523 2744 3570 est
2774 3514 2829 3569 in
2852 3513 3033 3569 medio
3067 3514 3271 3575 vitello,
3300 3521 3413 3571 ter-

1835 3622 1950 3661 ram
2000 3606 2288 3678 exprimet.
2357 3605 2453 3662 Sin
2503 3614 2589 3663 est
2650 3614 2712 3661 ut
2777 3605 3155 3662 membranam
3209 3606 3297 3660 ovi
3342 3606 3418 3661 ad

1833 3698 2039 3754 mthera
2084 3698 2388 3754 transferre
2439 3697 2716 3762 malimus,
2772 3711 2871 3768 pro
2920 3711 3048 3752 aere
3080 3696 3414 3774 gallinarym

1835 3792 1920 3845 lae
1952 3790 2308 3857 habebimus;
2341 3797 2395 3846 et
2428 3788 2597 3845 vitelli
2623 3796 2904 3844 extremus
2946 3788 3186 3844 ambitus
3213 3802 3418 3860 aquam

1835 3881 2133 3938 exhibebit.
2170 3880 2329 3947 Quod
2380 3883 2615 3937 interius
2663 3889 2768 3944 est,
2818 3889 2873 3935 et
2905 3882 2959 3935 in
3002 3880 3218 3947 medio,
3250 3888 3419 3935 teme

1836 3974 2009 4029 instar
2037 3974 2160 4029 erit.
2191 3973 2274 4027 Ad
2300 3987 2595 4038 summam,
2629 3974 2674 4028 si
2704 3988 2828 4026 cum
2853 3971 3145 4028 Aristotele
3167 3972 3422 4044 quinque-

1835 4064 2077 4134 sphzeras
2109 4079 2232 4120 esse
2276 4064 2604 4131 dixerimus,
2647 4064 2795 4135 quod
2828 4065 3082 4119 intimum
3119 4071 3203 4121 est
3228 4064 3283 4118 in
3328 4065 3419 4118 vi.

1835 4157 1985 4221 tello,
2029 4165 2191 4211 terra!
2237 4157 2360 4210 loco
2408 4167 2676 4211 sumetur.
2734 4155 2829 4209 Sin
2878 4164 3117 4225 quatuor
3155 4167 3419 4225 putemus

1833 4260 1988 4310 csse,
2024 4245 2171 4315 quod
2217 4245 2310 4298 alii
2344 4253 2602 4312 censent;
2636 4259 2738 4315 pro
2791 4252 2938 4299 terra
2974 4244 3220 4300 vitellum
3270 4245 3418 4300 inte-

1834 4353 2026 4408 grum,
2075 4352 2186 4391 non
2237 4336 2670 4407 magnitudinis,
2722 4337 2816 4392 sed
2873 4337 3014 4392 situs
3062 4339 3271 4393 ratione
3311 4353 3413 4395 ca-

1759 4431 1803 4486 D
1832 4430 2066 4500 piemus.

1904 4519 2026 4576 .lam
2058 4517 2201 4591 quod
2237 4519 2535 4576 immobilis
2580 4527 2727 4576 terra
2773 4521 3056 4585 consistat,
3090 4520 3192 4576 hoc
3225 4536 3415 4577 exem-

1834 4613 1925 4681 plo
1957 4610 2244 4681 colligunt.
2275 4607 2492 4664 Etenim
2517 4608 2565 4665 si
2611 4610 2761 4680 quis,
2805 4609 2981 4673 aiunt,
3015 4610 3071 4664 in
3103 4609 3412 4665 follieulum

1835 4702 1991 4765 milii,
2027 4715 2126 4756 seu
2174 4699 2450 4756 lenticulae
2492 4714 2725 4771 granum
2764 4699 3010 4769 injiciat,
3059 4707 3115 4754 et
3164 4697 3418 4755 inﬂando

1834 4793 2100 4862 deinceps
2124 4806 2252 4847 aere
2281 4792 2574 4863 compleat,
2605 4790 2811 4847 elatum
2843 4791 2897 4846 in
2921 4790 3152 4846 sublime
3177 4806 3414 4863 granum

1834 4886 1889 4941 in
1944 4882 2370 4961 vesicaemedio
2422 4884 2686 4940 manebit.
2747 4883 2829 4936 Ad
2874 4881 3125 4938 eumdem
3184 4881 3413 4938 modum

1834 4987 1980 5032 terra
2016 4976 2381 5046 undecunque
2431 4976 2505 5030 ab
2549 4990 2678 5030 aere
2710 4976 2891 5046 pulsa,
2940 4982 2994 5028 et
3028 4975 3089 5029 in-
3130 4973 3311 5029 medio
3351 4973 3416 5027 lia

1834 5070 1988 5124 brata
2017 5068 2392 5139 suspenditur.
2427 5069 2539 5123 Aut
2565 5068 3025 5138 quemadmodum
3060 5066 3109 5124 si
3132 5067 3254 5137 quis
3285 5079 3418 5120 corc-

1833 5176 1943 5233 pus
1976 5160 2197 5230 aliquod
2231 5160 2475 5232 undique
2520 5160 2755 5215 funibus
2796 5159 3076 5230 alligatum
3124 5156 3415 5229 aaqnaliter

1836 5253 1907 5307 ab
1927 5251 2076 5306 omni
2111 5261 2266 5322 parte
2285 5251 2478 5322 iubeat
2502 5251 2724 5316 attrahi,
2757 5266 2884 5306 cum
2906 5248 3150 5319 undique
3180 5248 3438 5319 paribus-

1836 5345 2132 5400 momentis
2174 5344 2519 5415 impellatur,
2567 5343 2733 5399 stabit
2777 5351 2830 5399 et
2877 5341 3144 5413 quiescet.
3189 5340 3261 5394 At
3310 5337 3417 5393 Xe-

1836 5439 2123 5509 nophanes
2146 5446 2311 5509 negat
2330 5439 2387 5494 in
2408 5451 2587 5493 vacuo
2610 5450 2936 5506 suspensam
2966 5434 3138 5490 teneri
3166 5439 3371 5488 terram
3386 5445 3413 5497 ς

1836 5530 1933 5589 sed
1951 5530 2006 5587 in
2035 5529 2367 5587 immensum
2393 5528 2539 5586 intra
2558 5529 2831 5598 pertinere
2851 5544 2869 5596 ;
2901 5526 2983 5583 sic
3001 5525 3147 5582 enim
3170 5521 3377 5585 ceCtnit
3389 5524 3435 5579 ε’
