3786 6322
246 370 254 378 ,
311 307 416 365 οιδ
1338 289 1427 344 Al)
1464 286 1733 345 EUSEBII
1762 288 1889 346 cna

2041 285 2162 345 ,ἸοΝ
2207 280 2430 342 APPEN
2439 277 2572 335 DIX.
3462 265 3563 322 9η

315 428 494 482 Terra:
516 419 726 493 quidem
749 418 831 472 hic
850 415 1108 493 terminus
1131 419 1436 493 suprannte
1451 408 1605 479 pedes
1628 410 1881 491 cernitur,

2041 404 2174 472 αίης
2192 401 2310 472 μὲν
2338 400 2472 456 τόδε
2498 395 2705 493 πεῖρας
2738 392 2860 493 ἄνις)
2883 391 3045 478 παρὰ
3088 387 3314 493 πξσῖίν
3326 383 3562 493 ξεᾶται,

2041 481 2043 486 ι
2086 475 2097 493 ι
2169 473 2251 493 x-‘.'
2305 486 2371 493 ._._
2394 483 2501 493 -..—1
2551 468 2580 493 Δ
2614 483 2683 493 Α.-
2705 482 2718 493 -
2772 482 2807 493 ο
2904 479 3060 493 Μηριι
3150 462 3163 479 ⁹
3249 478 3281 493 Λ
3414 473 3562 493 clm-iri

322 458 829 566 Wﬁﬁi’ﬁgéni?
842 488 1085 558 inﬁmum
1100 458 1273 538 autem
1294 458 1601 535 immensum
1618 458 1882 550 pertingit:

2041 458 2251 542 αι’]ὑὲῖ
2295 458 2718 540 προσπλάζονλ
2772 463 2838 518 τὸ
2904 462 3060 516 κάτω
3111 459 3163 512 δ’
3325 458 3568 582 ἔτειρεν

3256 554 3257 557 η
3293 546 3329 582 ν
3363 545 3497 582 (ται.

391 668 790 739 Aristophanes
816 671 996 719 autem
1029 661 1082 714 in
1118 656 1361 713 Nubibus
1392 671 1717 727 suspensam
1743 655 1884 711 illam

2075 658 2464 731 Ἀριστοφάνης
2483 654 2528 709 δ’
2553 655 2612 708 ἓν
2633 648 2931 720 Νεφέλαις
2953 646 3226 719 μετέωρον
3239 641 3410 715 αὐτὴν
3431 638 3565 696 εἴπεο

344 760 455 814 acit
485 759 573 813 liis
604 756 786 813 verbis
819 771 834 809 :

2041 756 2140 825 ίγει
2157 753 2267 825 γάρ
2283 770 2296 783 ·

324 868 370 926 0
402 868 614 923 domine
640 880 751 931 rex,
784 849 1030 917 immense
1061 874 1173 925 aer,
1206 858 1295 929 qui
1325 856 1523 912 obtines
1541 866 1744 935 terram
1776 870 1889 909 sus-

2041 875 2070 927 Ω
2098 868 2342 925 δέσποτ’
2366 865 2520 931 ἅναξ
2549 862 2821 935 ἀμέτρητ’
2861 859 3014 928 Ἀὴρ,
3037 857 3105 925 ὃς
3132 858 3293 935 έχιεις
3320 854 3435 935 τῂν
3463 851 3574 923 γῆν

1541 925 1777 1000 [pensant
1807 941 1824 979 :

2499 925 2514 931 ⁷
2584 925 2603 935 ’
2690 925 2709 933 ’
2757 925 2767 931 ⁷
2945 925 2968 928 “
3197 925 3537 999 [μετέωρον-

323 1049 419 1107 sed
452 1056 685 1106 stantem
716 1043 1075 1101 nihilominus
1101 1051 1154 1098 et
1177 1042 1481 1097 immotam.
1508 1038 1649 1094 Hinc
1672 1040 1889 1104 Aratus,

2041 1057 2244 1112 πῶσαν
2292 1053 2476 1126 μέντοι
2525 1050 2619 1104 καὶ
2659 1048 2932 1119 ἀκίνητον.
2983 1043 3145 1099 Ὅθεν
3200 1042 3296 1097 καὶ
3345 1038 3573 1111 Ἀρατός

536 1264 566 1304 ._
596 1263 610 1278 .
658 1261 674 1277 .
721 1220 894 1304 liabet,
926 1219 1122 1290 inquit,
1156 1217 1408 1273 libratam
1433 1214 1663 1287 undique

2044 1165 2165 1220 “GN
2218 1276 2282 1294 ...
2316 1236 2440 1304 ἔχει
2462 1234 2525 1287 δ’
2557 1231 2897 1304 ἀτάλαντον
2932 1226 3168 1296 ἁπάντη

537 1291 603 1347 In
638 1293 809 1347 medio
842 1300 1061 1357 terram,

2214 1290 2551 1376 Ῐιῖεσὲηγὺς
2574 1302 2769 1375 γαῖαν·

327 1421 449 1479 quae
475 1412 729 1461 neutram
764 1412 950 1476 vergat
982 1403 1039 1458 in
1062 1409 1297 1475 partem.
1319 1399 1524 1457 Verum
1548 1398 1889 1471 Empedocles

2041 1400 2258 1475 ,ηδαμοῦ
2285 1395 2774 1467 ταλαντευομένην.
2824 1393 2882 1447 '0
2924 1392 2982 1447 δὲ
3018 1386 3394 1461 Ἐμπεδοκλῆς
3424 1386 3483 1439 οὐ
3505 1383 3579 1438 δίο

325 1507 476 1554 certa
509 1496 798 1553 elementis
826 1496 948 1552 loca
988 1510 1100 1551 non
1130 1493 1419 1564 attribuit;
1451 1492 1549 1550 sed
1585 1492 1679 1548 illa
1711 1490 1889 1548 cedert

2041 1511 2135 1549 ωσι
2178 1495 2290 1557 τοῖς
2333 1488 2615 1561 στοιχείοις
2649 1485 3003 1559 ’ὡρισμένους
3035 1482 3253 1545 τόπους,
3299 1480 3414 1535 ἀλλ’
3447 1481 3583 1534 ἀντι-

325 1588 557 1646 invicem
581 1588 819 1656 aserit;
855 1587 993 1643 adeo
1016 1593 1076 1641 ut
1105 1596 1216 1641 tam
1250 1584 1505 1643 sublimis
1536 1595 1708 1651 terra,
1741 1595 1889 1655 quan

2041 1585 2356 1658 :apaxwpsiv
2384 1580 2636 1652 ἀλλήλοις
2662 1577 2851 1648 φησιν’
2881 1574 3024 1629 ὥστε
3062 1576 3155 1629 καὶ
3188 1573 3286 1645 τὴν
3317 1572 3423 1642 γῆν
3462 1587 3583 1642 μετ-

327 1679 648 1753 depressum
678 1680 883 1736 caelum
909 1679 1180 1751 rapiatur.

816 1792 949 1862 Quae
973 1793 1043 1848 sit
1069 1802 1269 1849 natura
1297 1794 1437 1851 cmli.

394 1888 450 1944 5.
486 1886 701 1952 Caelum
739 1886 835 1941 alii
874 1886 1096 1958 igneum
1142 1893 1198 1941 et
1232 1885 1470 1942 solidum
1507 1899 1633 1941 esse
1664 1882 1855 1939 dicunt
1887 1897 1901 1933 :

330 1983 475 2037 intra
496 1979 646 2053 quod
676 1980 924 2051 proxima
955 1979 1027 2034 sit
1049 1978 1193 2051 ignis
1226 1978 1459 2050 sphaera,
1493 1976 1731 2050 lampadi
1751 1977 1907 2033 simi-

330 2075 403 2131 lis
437 2092 452 2129 :
483 2073 591 2129 nisi
627 2071 777 2143 quod
821 2070 879 2126 in
927 2070 1176 2141 lampade
1225 2086 1448 2126 sursum
1499 2068 1673 2125 tendit
1721 2068 1904 2141 ignis:

331 2165 502 2223 attber
544 2179 677 2220 vero
722 2163 1002 2219 deorsum.
1046 2162 1185 2217 Tum
1223 2162 1466 2219 divinum
1509 2160 1769 2233 quiddam
1810 2176 1909 2232 pu-

333 2277 458 2317 rum
505 2265 561 2315 et
594 2257 865 2314 illibatum
909 2264 992 2312 est
1031 2256 1231 2323 aether;
1268 2255 1409 2326 ignis
1449 2269 1581 2311 vero
1626 2253 1907 2324 corrumpi

408 2359 535 2409 test.
567 2349 924 2422 Empedocles
970 2348 1217 2420 crystalli
1259 2347 1439 2403 simile
1468 2346 1621 2413 facit,
1666 2347 1812 2404 velut
1841 2362 1907 2402 ex

408 2369 535 2409 ιοει.
567 2369 924 2422 δωρεαοοιεε
970 2369 1217 2420 ω’)ῖδιίιιιι
1259 2369 1439 2403 smine
1468 2369 1621 2413 lacu,
1667 2369 1812 2404 νωιιι
1841 2369 1907 2402 CX

334 2369 508 2517 ἕλοιο
532 2450 903 2515 compactum.
928 2440 1340 2496 Anaximander
1369 2440 1595 2496 volucre
1618 2439 1761 2510 ignis
1785 2454 1910 2510 par-

335 2539 531 2608 ticeps.
578 2534 903 2590 Aristoteles
949 2548 1152 2604 corpus
1202 2548 1270 2588 ex
1306 2530 1503 2605 frigido
1547 2537 1811 2588 constans
1856 2538 1911 2585 et

337 2627 539 2684 calido.
558 2624 671 2683 Nec
694 2626 949 2682 dubitant
969 2625 1101 2696 quin
1130 2625 1204 2681 sit
1221 2622 1425 2678 animal
1452 2624 1678 2680 ctelum.
1701 2622 1912 2695 Quippe

338 2735 463 2776 cum
486 2727 541 2776 et
560 2734 659 2792 per
692 2733 814 2775 sese
844 2725 1149 2784 moveatur,
1185 2725 1240 2772 et
1272 2715 1462 2773 eodem
1507 2715 1671 2772 modo
1698 2729 1913 2786 semper

338 2812 399 2868 in
430 2812 617 2868 orbem
648 2811 891 2879 cieatur,
922 2817 1088 2881 atque
1126 2809 1196 2864 ab
1245 2806 1438 2865 iisdem
1467 2807 1688 2879 punctis
1722 2806 1791 2861 ad
1821 2821 1914 2862 ca-

340 2906 462 2964 dem
503 2902 887 2960 vicissitudine
919 2909 1179 2974 perpetua
1225 2912 1547 2968 revocetur;
1580 2900 1684 2956 hoc
1732 2900 1915 2972 ipsum

340 3002 523 3051 mente
554 2992 767 3065 praediti
792 3007 915 3049 esse
929 2991 1220 3048 conﬁrmat
1247 2990 1424 3048 Plato.
1454 2992 1595 3059 Quin
1627 2989 1792 3048 etiam
1825 3006 1917 3047 so-

335 3089 412 3144 lis
439 3101 666 3145 cursum
710 3101 774 3142 ac
818 3087 961 3141 lunm
998 3084 1266 3143 circuitus
1312 3086 1611 3159 intuemur,
1645 3094 1697 3141 et
1727 3100 1917 3142 erran-

344 3181 481 3236 tium
534 3187 858 3237 caeterorum
900 3178 1422 3235 circumvolutiones
1469 3186 1525 3234 et
1570 3193 1918 3250 progressus.
1949 3154 1993 3213 θ

344 3271 443 3329 Est
477 3278 658 3328 autem
701 3270 994 3328 animantis
1032 3270 1138 3326 hoc
1164 3271 1470 3342 proprium,
1512 3285 1544 3325 a
1590 3270 1775 3342 seipso
1804 3285 1924 3325 mo-

345 3363 484 3421 veri.
517 3361 653 3419 Nam
674 3371 731 3420 et
751 3364 806 3418 in
837 3372 1003 3430 terra,
1033 3369 1087 3419 et
1117 3363 1173 3417 in
1197 3377 1344 3432 aere,
1373 3370 1429 3419 et
1467 3362 1525 3417 in
1558 3377 1700 3433 aqua
1721 3363 1925 3434 degunt

348 3456 630 3513 animalia.
664 3453 822 3512 Unde
852 3462 1284 3512 consentaneum
1322 3463 1407 3510 est
1439 3455 1607 3511 etiam
1648 3456 1791 3511 caelo
1843 3462 1926 3510 at-

353 3563 462 3619 que
494 3546 699 3604 atthere
728 3545 1020 3602 contineri.
1051 3544 1131 3601 Ac
1172 3544 1363 3601 nescio
1406 3560 1477 3600 an
1512 3559 1623 3599 non
1655 3542 1927 3600 Homerus

350 3636 470 3710 ipse
496 3638 565 3694 de
593 3638 709 3704 illo,
741 3636 823 3693 sic
856 3644 1116 3709 tanquam
1147 3635 1426 3690 animante
1460 3636 1563 3692 ista
1584 3633 1821 3690 dixerit:

358 3833 424 3888 Et
452 3833 555 3899 sol,
580 3833 672 3905 qui
696 3832 752 3887 in
781 3834 963 3888 omnia
991 3831 1270 3902 prospicit,
1302 3838 1354 3886 et
1387 3827 1540 3885 audit
1569 3831 1773 3885 omnia.

354 3945 550 4004 Musici
590 3962 759 4017 porro
803 3947 1177 4004 barmonicam
1212 3945 1335 4002 cceli
1375 3960 1502 4002 esse
1548 3945 1929 4002 circuitionem

354 4046 630 4095 asserunt.

427 4126 692 4185 Catterum
722 4127 817 4183 alii
861 4128 1042 4199 ipsum
1081 4145 1149 4185 ex
1178 4144 1301 4186 sese
1335 4128 1559 4201 quidam
1589 4128 1930 4195 existimant,

357 4220 452 4277 alii
508 4221 853 4278 exhalatione
879 4222 985 4294 77
1004 4223 1179 4295 pasci,
1230 4238 1353 4295 qua:
1400 4223 1552 4279 circa
1605 4222 1783 4294 ipsum
1826 4232 1932 4291 est,

355 4311 606 4368 nonnulli
635 4327 796 4384 aqua
824 4313 1096 4384 sphaeram
1124 4314 1312 4386 pabuli
1342 4329 1467 4371 esse
1494 4313 1621 4370 loco
1665 4313 1933 4371 sentiunt.

360 4403 687 4464 Aristoteles
718 4407 981 4464 alimento
1009 4419 1175 4480 negat
1204 4424 1343 4481 opus
1368 4407 1613 4477 habere;
1638 4421 1767 4464 nam
1788 4406 1933 4478 quod

1937 1782 1984 1842 B

2008 1677 2178 1748 έωρον
2202 1671 2481 1747 φέρεσθαι,
2515 1670 2610 1725 καὶ
2643 1669 2705 1723 τδ
2735 1667 2845 1739 πῦρ
2868 1665 3272 1738 ταπεινότερον.

2494 1780 2593 1848 Τίς
2629 1779 2811 1835 οὐσία
2832 1776 3113 1847 οὐρανοῦ.

2084 1884 2146 1931 ε’.
2170 1874 2273 1929 Τὸν
2298 1874 2356 1929 δὲ
2377 1872 2605 1944 οὐρανὸν
2633 1871 2683 1924 οἱ
2720 1869 2817 1940 μὲν
2851 1866 3071 1941 πυρώδη
3100 1861 3240 1919 εἶναι
3275 1864 3375 1918 καὶ
3407 1863 3585 1937 στερέ-

2016 1984 2195 2042 μνιον·
2225 1965 2375 2029 ὲντδς
2397 1964 2454 2018 δὲ
2483 1962 2648 2017 αὐτοῦ
2692 1959 2786 2015 τοῦ
2821 1959 3035 2033 αἰθέρος
3063 1958 3165 2030 τήν
3202 1960 3439 2028 σφαῖραν
3471 1959 3584 2027 ἐχο-

2017 2061 2184 2133 μένην
2216 2057 2403 2128 ὥσπερ
2435 2054 2623 2109 δαλόν·
2665 2051 2940 2124 διαφέρειν
2979 2050 3035 2103 δὲ
3089 2048 3317 2119 ταύτην,
3427 2048 3455 2101 ὁ
3493 2046 3585 2117 μὲν

2013 2150 2170 2214 δαλὸς
2192 2145 2470 2219 ἀνωφερὲς
2498 2144 2611 2215 ἔχει
2648 2142 2710 2196 τὸ
2734 2141 2865 2214 πῦρ,
2894 2142 2922 2195 ὁ
2957 2138 3014 2192 δὲ
3045 2139 3210 2211 αἰθήρ
3238 2136 3583 2209 κατωφερὲς·

2015 2241 2219 2315 καὶτῷ
2259 2241 2321 2296 τὸ
2374 2239 2472 2313 μὲν
2509 2237 2649 2291 θεῖον
2691 2232 2848 2300 εἶναι,
2902 2234 2997 2287 καὶ
3044 2231 3285 2303 καθαρὸν
3328 2231 3422 2284 καὶ
3456 2230 3582 2301 ἀμε-

2017 2336 2291 2408 τάληπτον
2323 2333 2385 2387 τὸ
2435 2330 2529 2385 τοῦ
2569 2328 2806 2401 αἰθέρος,
2845 2326 2905 2380 τὸ
2940 2325 2996 2379 δὲ
3036 2322 3293 2397 φθαρτόν.
3337 2320 3591 2392 Ἐμπεδο·

2016 2430 2152 2501 κλῆς
2202 2428 2259 2483 δὲ
2307 2422 2689 2501 κρυσταλλὼδή
2741 2421 2928 2475 τοῦτον
2975 2414 3114 2472 εἷναί
3162 2433 3351 2488 φησιν,
3400 2416 3466 2467 ὲκ
3504 2408 3625 2467 τοῦ’

2019 2523 2365 2595 παγετώδους
2411 2520 2762 2589 συλλεγέντα’
2811 2512 3229 2585 Ἀναξίμανδρος
3285 2511 3344 2564 δὲ
3399 2506 3593 2580 πτηνὸν

2020 2616 2192 2689 πυρὸς
2222 2614 2542 2687 μετέχοντα·
2589 2605 2964 2682 Ἀριστοτέλης
2997 2604 3053 2656 δὲ
3095 2601 3255 2672 σῶμα
3294 2602 3360 2654 ὲκ
3390 2597 3591 2671 ψυχροῦ

2021 2712 2116 2765 καὶ
2137 2706 2362 2780 θερμοῦ.
2388 2704 2533 2759 Ζῶον
2554 2702 2609 2756 δέ
2640 2716 2804 2772 φασιν
2828 2694 2968 2752 εἶναι
3001 2697 3092 2749 τὶν
3120 2694 3357 2765 κόσμονο
3388 2691 3467 2764 τῷ
3493 2690 3593 2762 γὰρ

2023 2804 2373 2874 αὐτοκίνητον
2399 2796 2536 2853 εἶναι
2565 2796 2747 2856 αὐτὸν,
2772 2793 2868 2848 καὶ
2894 2790 3037 2845 κατά
3056 2789 3125 2844 τὰ
3165 2788 3306 2843 αυτά
3330 2786 3430 2860 τήν
3454 2802 3594 2856 περι-

2024 2896 2195 2969 φορὰν
2220 2895 2307 2948 ἀεὶ
2336 2889 2624 2955 ποιεῖσθαι,
2653 2887 2748 2941 καὶ
2772 2885 2878 2941 ἀπὸ
2900 2884 3009 2938 τῶν
3037 2882 3217 2936 αὐτῶν
3243 2879 3487 2952 σημείων
3510 2876 3597 2930 ἐπὶ

2023 2988 2095 3043 τὰ
2133 2987 2271 3042 αὐτὰ
2302 2982 2709 3057 περιδινεῖσθαι,
2751 2977 2876 3033 νοῦν
2923 2976 3137 3048 ἔχοντός
3182 2976 3332 3037 ἐστι,
3387 2970 3544 3043 φησιν
3570 2969 3598 3021 ὁ

2026 3083 2273 3138 Πλάτων.
2316 3079 2476 3134 Ἀλλὰ
2502 3078 2598 3133 καὶ
2635 3076 2710 3141 ὡς
2738 3074 2874 3141 ζῶον
2908 3071 3179 3140 ζωογονεῖ·
3210 3069 3339 3131 τοὺς
3366 3067 3423 3120 δὲ
3451 3063 3599 3120 ἀστέ-

2031 3196 2130 3253 ρας
2155 3175 2469 3247 γεννήματα
2497 3167 2662 3226 αὑτοῦ
2693 3163 2832 3222 εἷναί
2862 3181 3064 3236 φαμεν.
3092 3159 3202 3217 Καὶ
3229 3160 3384 3253 ήλίου
3405 3157 3462 3210 δὲ

2034 3246 2131 3345 μον
2155 3268 2389 3343 ὁρῶμεν,
2413 3265 2509 3320 καὶ
2550 3262 2778 3336 σελήνης
2818 3256 3142 3333 περιφορὰς,
3182 3252 3279 3308 καὶ
3303 3246 3601 3345 τῶν

2032 3338 2317 3434 πλανήτων
2345 3358 2624 3432 περιόδους
2664 3356 2760 3409 καὶ
2794 3353 3057 3423 κινήσεις.
3091 3348 3252 3402 nam
3282 3345 3343 3398 δὲ
3378 3341 3513 3407 ζώου
3542 3338 3602 3434 τό

2032 3454 2121 3525 ὑφ’
2156 3428 2324 3507 auro?)
2361 3428 2648 3505 κινεῖσθαι.
2688 3445 2799 3500 Καὶ
2838 3442 2948 3514 γὰρ
2997 3443 3055 3494 ὲν
3099 3441 3169 3510 γῇ
3203 3436 3299 3490 καὶ
3344 3434 3485 3506 ἀέρι,
3514 3428 3625 3525 καλ¹

2034 3523 2188 3602 ὕδατι
2220 3544 2337 3611 {ea
2373 3543 2509 3595 ἐστι.
2556 3539 2648 3593 Διδ
2696 3534 2987 3592 ἀκόλουθον
3026 3533 3120 3586 καὶ
3164 3533 3221 3584 ὲν
3253 3526 3487 3601 οὐρανῷ,
3513 3523 3602 3578 καὶ

2033 3638 2211 3711 αἰθέρι
2254 3632 2413 3690 εἶναι.
2460 3634 2684 3705 Μήποτε
2733 3629 2918 3702 μέντοι
2954 3625 3050 3680 καὶ
3076 3625 3324 3695 ’Όμηρος
3362 3620 3439 3684 ὡς
3475 3616 3603 3689 πρὸς

2034 3729 2171 3795 ζῶόν
2200 3742 2363 3799 φησιν
2385 3741 2401 3754 ·
3674 3716 3677 3721 λ

2048 3838 2277 3903 Ἠέλιός
2309 3837 2380 3901 θ’,
2407 3835 2476 3901 ὃς
2507 3832 2680 3887 πάντ’
2724 3829 2931 3901 ἐφορᾷ,
2977 3830 3074 3883 καὶ
3112 3826 3287 3881 πάντ’
3311 3821 3603 3879 ἐπακούει.

2037 3956 2100 4008 0i
2126 3954 2183 4008 δὲ
2232 3953 2480 4023 μουσικοὶ
2526 3945 2832 4022 ἁρμονικὴν
2881 3942 2975 3997 τοῦ
3024 3940 3256 4014 οὐρανοῦ
3306 3936 3471 3993 αὐτοῦ
3512 3935 3604 4005 τὴν

2038 4043 2341 4119 περιφορὰν
2367 4042 2617 4111 λέγουσιν
2638 4034 2798 4092 εἶναι.

2108 4118 2295 4208 Τροφῇ
2325 4134 2384 4189 δὲ
2405 4132 2628 4205 χρῆται,
2654 4131 2728 4194 ὡς
2757 4129 2856 4201 μέν
2882 4143 3048 4192 τινες,
3068 4125 3196 4196 παρ’
3225 4120 3440 4176 ἑαυτοῦ·
3467 4118 3607 4173 ἄλλοι

2039 4232 2095 4287 δὲ
2127 4227 2486 4298 ἀναθυμιάσει
2507 4226 2573 4295 τῇ
2601 4225 2730 4294 περὶ
2750 4218 3100 4282 αὐτόνοτινὲς
3132 4216 3189 4270 δὲ
3216 4217 3291 4287 τῇ
3315 4213 3409 4268 τοῦ
3429 4211 3606 4273 ὓδατος

2043 4321 2266 4392 σφαίρᾳ.
2284 4314 2661 4389 Ἀριστοτέλης
2674 4314 2731 4367 δὲ
2755 4314 2829 4385 μὴ
2841 4310 3048 4365 δεῖσθαι
3058 4308 3264 4381 τροφῆς
3276 4305 3437 4361 αὐτὸν
3447 4304 3603 4373 λέγει·

2040 4417 2102 4471 τὸ
2133 4414 2241 4487 γὰρ
2265 4413 2515 4485 δεόμενον
2536 4408 2774 4481 φθαρτόν
2793 4424 2807 4438 ο
2832 4409 2862 4462 ὁ
2884 4406 2942 4460 δὲ
2960 4404 3126 4468 ἀίδιός
3148 4404 3266 4456 ἐστι
3289 4404 3411 4455 κατ’
3434 4398 3603 4454 αὐτόν.

356 4514 424 4557 eo
451 4499 682 4572 indiget,
711 4500 1073 4572 corruptibile
1100 4510 1186 4558 est
1215 4519 1230 4558 :
1262 4501 1465 4557 coelum
1499 4508 1684 4555 autem
1731 4514 1885 4569 semp

2056 4502 2114 4554 Ὀ
2147 4500 2205 4555 δὲ
2246 4499 2472 4555 Πλάτων
2518 4497 2608 4551 τὸν
2660 4496 2758 4569 μὲν
2819 4493 3007 4567 νοητὸν
3062 4493 3267 4563 κόσμον
3322 4490 3487 4546 ἀΐδιον
3521 4488 3608 4540 καὶ

357 4600 573 4648 ternum
605 4592 676 4649 ab
715 4593 908 4651 eodem
950 4595 1195 4665 ponitur.
1228 4591 1432 4649 Verum
1466 4589 1625 4646 Plato
1672 4591 1937 4647 mundum

356 4686 753 4756 intelligibilem
798 4697 1065 4744 aeternum
1112 4696 1169 4744 et
1220 4690 1602 4760 incorruptum
1656 4701 1782 4743 esse
1825 4692 1942 4742 sta-

356 4781 483 4848 tuit,
519 4779 843 4838 sensibilem
869 4796 1002 4837 vero
1031 4795 1197 4851 posse
1237 4781 1544 4852 corrumpi,
1583 4780 1846 4853 quoniam
1890 4779 1939 4835 si

358 4871 642 4928 sensibilis
682 4878 791 4937 est,
845 4872 1026 4928 iactus
1084 4873 1157 4929 sit
1199 4881 1416 4944 oportet
1457 4874 1943 4945 corruptionisque

357 4978 557 5035 capax.
603 4963 875 5020 Praeterea
912 4964 1109 5020 scribit
1148 4965 1205 5020 in
1244 4964 1497 5028 Politico,
1535 4981 1634 5022 seu
1670 4966 1942 5029 fabulose,

360 5069 459 5109 seu
480 5069 699 5118 revera,
727 5055 933 5126 duplici
959 5067 1112 5112 motu
1132 5057 1287 5111 illum
1312 5072 1436 5114 esse
1462 5058 1749 5129 praeditum
1772 5075 1789 5127 ;
1812 5074 1950 5129 quo-

360 5162 484 5203 rum
517 5147 656 5204 alter
681 5154 879 5202 natura
906 5148 986 5202 illi
1013 5157 1135 5215 sua,
1161 5151 1302 5207 alter
1331 5167 1362 5207 a
1388 5152 1501 5210 Deo
1528 5154 1833 5224 impressus
1855 5166 1948 5207 ac-

362 5238 516 5295 cidit.
548 5242 630 5295 Ac
659 5254 786 5294 eum
821 5248 1072 5297 movetur
1097 5259 1128 5298 a
1176 5244 1305 5312 Deo,
1343 5246 1597 5304 ordinate
1622 5248 1823 5310 cietur,
1858 5244 1945 5300 in—

362 5328 503 5397 quit,
549 5337 604 5383 et
643 5339 993 5399 constanter;
1023 5348 1149 5390 cum
1190 5350 1219 5390 a
1256 5337 1439 5408 seipso
1466 5353 1619 5404 vero,
1663 5337 1940 5394 contrario

364 5427 517 5476 motu
541 5421 755 5492 rapitur
782 5430 837 5479 et
864 5429 1259 5499 corrumpitur,
1289 5431 1468 5487 donec
1496 5446 1694 5486 rursus
1717 5430 1943 5485 accedat

364 5510 533 5578 Deus,
573 5522 629 5571 et
652 5514 857 5579 auriga:
882 5517 1058 5575 instar
1087 5522 1380 5580 moderans
1410 5523 1706 5594 priStinum
1732 5522 1787 5577 in
1816 5537 1944 5577 cur-

2044 4591 2319 4664 ἀςρθαρτον
2356 4589 2526 4660 λέγει,
2570 4588 2663 4643 τὸν
2706 4587 2765 4642 δὲ
2812 4584 3069 4658 αἰσθητὸν
3103 4582 3363 4654 φθαρτόν.
3407 4582 3469 4635 Et
3508 4578 3608 4651 γὰρ

2045 4683 2301 4756 αἰσθητός
2333 4684 2470 4747 ἐστι,
2516 4680 2610 4736 καὶ
2645 4677 2872 4751 γενητὸς
2922 4676 3161 4751 δηλονότι
3218 4675 3316 4729 καὶ
3363 4670 3607 4746 φθαρτός.

2049 4778 2192 4843 Ἔτι,
2229 4776 2363 4847 φησι
2385 4775 2435 4808 ⁸⁵
2456 4773 2536 4846 τῷ
2566 4769 2880 4838 Πολιτικῷ,
2918 4772 3028 4826 εἴτε
3060 4767 3306 4841 μυθικῶς
3331 4767 3439 4822 εἴτε
3467 4780 3610 4837 φυσι-

2046 4870 2180 4937 κῶς,
2220 4868 2430 4940 κίνησιν
2453 4866 2597 4938 ἔχειν
2618 4864 2802 4936 διττήν
2822 4879 2836 4893 °
2874 4862 2972 4936 τὴν
3011 4862 3109 4934 μὲν
3137 4859 3229 4930 ὑφ’
3263 4858 3485 4925 ἑαυτοῦ,
3518 4853 3611 4924 τὴν

2048 4966 2104 5020 δὲ
2135 4963 2240 5017 ὑπὸ
2270 4960 2365 5016 τοῦ
2397 4958 2556 5014 Θεοῦ.
2589 4958 2701 5012 Καὶ
2726 4958 2816 5012 ὅτε
2846 4956 2945 5028 μὲν
2966 4954 3073 5010 ὑπὸ
3096 4953 3191 5008 τοῦ
3213 4951 3352 5008 Θεοῦ
3369 4952 3607 5008 κινεῖται,

2044 5056 2316 5119 εὑτακτεῖ,
2369 5052 2464 5108 καὶ
2516 5051 2658 5105 κατὰ
2715 5049 2783 5105 τὰ
2833 5049 2973 5103 αὐτά
3015 5047 3240 5120 φέρεται
3255 5066 3284 5098 ·.
3310 5048 3398 5102 ὅτε
3437 5044 3490 5099 δὲ
3525 5039 3613 5110 ὑφ’

2043 5148 2268 5214 ἑαυτοῦ,
2304 5147 2401 5219 τὴν
2442 5145 2690 5200 ὲναντίαν
2736 5141 2910 5214 φορὰν
2959 5142 3211 5205 κινεῖται,
3246 5140 3344 5194 καὶ
3380 5134 3611 5208 διαφθεί-

2045 5258 2228 5312 ρεται,
2268 5239 2376 5292 ἐστ’
2418 5238 2484 5291 ἂν
2525 5238 2719 5307 ἐπιστῇ
2753 5234 2914 5289 πάλιν
2946 5235 2976 5285 ὁ
3010 5232 3165 5298 Θεὸς,
3196 5232 3293 5286 καὶ
3331 5229 3611 5303 ἡνιοχήσας

2046 5331 2472 5402 ἀποκαταστήσῃ
2502 5331 2581 5392 εἰς
2608 5328 2709 5399 τὴν
2733 5325 2965 5399 ἀρχαίαν
2996 5325 3229 5396 κίνησιν,
3259 5319 3610 5389 ἀνακύκλησιν

2050 5423 2432 5494 ποιησάμενος.
2478 5419 2800 5490 Ὠνόμασται
2844 5417 2901 5471 δὲ
2945 5416 3149 5488 κόσμος
3195 5415 3349 5484 παρά
3377 5413 3472 5484 τὴν
3508 5406 3627 5477 τῶν,

2053 5516 2386 5586 συμπάντων,
2411 5510 2790 5581 διακόσμησιν.

367 5608 604 5665 riculum
657 5612 915 5669 restituat
965 5631 1028 5672 ac
1080 5620 1343 5675 revolvat.
1407 5619 1629 5691 Κόσμος
1678 5617 1820 5674 idem
1872 5616 1944 5672 ob
1977 5610 2394 5684 dispositionem
2458 5605 2702 5662 omnium
2746 5604 2801 5659 in
2832 5618 2900 5659 eo
2928 5616 3111 5658 rerum
3143 5601 3366 5657 dicitur.
