3786 6308
173 407 271 466 948

914 400 1235 461 ACHILLIS
1266 400 1454 458 TATII
1491 393 1788 456 ISAGOGE
1825 393 1918 449 AD
1953 394 2166 452 ARATI
2198 392 2672 453 ΡΗΛΕΝΟΜΕΝΔ.

232 520 504 594 Διόδωρος
534 520 593 576 δὲ
618 518 828 594 έξαχῶς
847 519 938 575 τὸν
961 521 1165 594 κόσμον
1197 522 1333 593 φησι
1362 520 1620 585 νοεῖσθαι,
1655 520 1714 589 ἐφ

1911 513 2184 574 Diodorus
2214 531 2309 573 sex
2343 517 2521 575 modis
2558 514 2790 588 intelligi
2824 528 2988 587 posse
3017 515 3283 572 mundum
3334 530 3422 572 as-

171 616 393 670 ικέιστου
430 615 644 669 ἔννοιαν
673 614 851 680 διδοὺς
878 612 1069 679 οὕτως.
1098 615 1320 686 Κόσμος
1351 615 1748 687 ὲστὶσύστημα

169 707 224 774 ἐξ
245 707 483 780 οὐρανοῦ
508 707 604 762 καὶ
634 707 764 779 γῆς,
798 707 892 782 καὶ
908 707 1020 762 τῶν
1056 706 1260 779 μεταξὺ
1288 707 1523 777 φύσεων.
1555 708 1745 773 Πάλιν,

169 801 365 873 κόσμος
388 801 539 855 ἐστὶν
568 801 880 873 οἰκητήριον
915 800 1071 856 θεῶν.
1115 799 1232 855 Νῦν
1264 796 1358 856 οῦν
1386 802 1449 856 τὸ
1475 800 1748 873 πλήρωμα

166 896 307 966 λέγει
331 894 497 959 ἐκτὸς
523 893 634 948 τῶν
660 895 721 948 ὲν
753 893 919 965 αὐτῷ.
960 894 1177 967 Τρίτον,
1212 894 1242 948 ὁ
1274 894 1478 966 κόσμος
1503 896 1621 948 ἐστὶ
1649 894 1747 948 σύ-

168 1003 344 1060 στημα
375 986 445 1040 ὲκ
490 984 630 1040 θεῶν
673 985 771 1040 καὶ
816 984 1233 1057 ἀνθρώπων.....
1270 985 1428 1039 τοῦτο
1477 985 1637 1057 μόνον
1667 985 1747 1057 τῷ

167 1078 262 1150 βίῳ
285 1096 300 1109 ·
329 1079 409 1142 ὠς
433 1077 490 1131 εῐ
519 1095 604 1142 τις
643 1076 794 1147 λέγει
817 1094 832 1113 ν
863 1077 1022 1140 Πόλις
1056 1077 1204 1131 ἐστὶν
1241 1076 1302 1143 ἐξ
1343 1077 1620 1149 ἀρχόντων
1650 1077 1747 1132 καὶ

164 1171 503 1244 ἀρχομένων.
535 1170 809 1244 Τέταρτον
836 1172 1042 1243 κόσμος
1088 1173 1234 1226 ἐστιν
1276 1172 1472 1244 αἰθήρ·
1515 1168 1744 1238 οὗτοςδὲ

165 1262 271 1336 πῦρ
307 1263 601 1336 εἰλικρινὲς
648 1265 727 1317 ὢν
772 1263 1081 1334 κατώτερὸς
1120 1266 1164 1298 θ’
1203 1267 1320 1319 ἐστι
1366 1264 1465 1320 τοῦ
1513 1266 1743 1336 φυσικοῦ

164 1356 386 1428 κόσμου.
442 1357 701 1428 Πέμπτον
719 1398 735 1424 ,
789 1357 991 1429 κόσμος
1041 1358 1188 1412 ἐστὶν
1234 1361 1267 1430 ἡ
1325 1359 1431 1414 τῶν
1490 1359 1744 1414 ἀπλανῶν

166 1452 386 1522 σφαῖρα.
436 1450 642 1505 Τούτου
689 1453 783 1506 καὶ
834 1452 1059 1507 Πλάτων
1097 1455 1156 1509 ἐν
1204 1456 1416 1524 Τιμαίῳ
1451 1454 1738 1527 μέμνηται.

165 1539 382 1605 Ἕκτον,
449 1542 656 1614 κόσμος
710 1544 858 1597 ἐστὶν
907 1545 937 1598 ὁ
989 1544 1363 1616 διακοσμήσας
1417 1545 1485 1600 τά
1541 1546 1738 1602 πάντα.

165 1630 347 1684 Ἔοικε
375 1630 434 1684 δὲ
462 1629 614 1703 νῦνή
645 1632 879 1704 Πρόνοια
923 1632 1196 1701 λέγεσθαι.
1218 1633 1292 1687 Τὸ
1318 1632 1374 1686 δὲ
1398 1634 1506 1687 πᾶν
1539 1633 1742 1705 κόσμον

161 1722 480 1795 Πυθαγόρας
501 1723 759 1778 ἐκάλεσεν
790 1724 854 1778 ἐκ
881 1725 983 1796 τῆς
1004 1725 1418 1797 διακοσμήσεως
1439 1739 1454 1755 ·
1482 1724 1654 1789 οὐδεὶς
1686 1724 1741 1778 δὲ

162 1812 264 1885 πρὸ
287 1812 478 1867 αὑτοῦ.
517 1812 563 1868 Τ
564 1813 593 1867 ὸ
628 1814 687 1868 δὲ
719 1816 827 1869 πᾶν
857 1815 953 1870 τοῦ
985 1815 1107 1884 ὅλου
1144 1815 1297 1888 παρά
1335 1819 1448 1880 τοῖς
1482 1817 1741 1878 Στωϊκοῖς
1768 1860 1778 1888 ε

160 1907 424 1981 διαφέρει.
474 1909 636 1964 Ὄλον
690 1909 790 1980 μὲν
839 1910 949 1983 γὰρ
998 1910 1333 1979 λέγουσιτὸν
1373 1910 1597 1982 κόσμον,
1633 1912 1741 1964 πᾶν

160 2000 215 2053 δὲ
253 1999 395 2072 μετά
413 2000 511 2054 τοῦ
542 2000 721 2059 κενοῦ.
755 2003 799 2055 Τ
801 2003 1032 2075 ηρητέον
1053 2004 1120 2067 ⁸⁸,
1145 2004 1227 2059 ὅτι
1258 2003 1494 2076 οὐδαμοῦ
1519 2004 1586 2058 δι’
1617 2004 1739 2058 ὅλου

160 2092 361 2164 κόσμος
392 2093 571 2157 οὕτως
604 2094 934 2165 ὠνόμασται.
970 2096 1213 2169 Οὐρανὸς
1233 2096 1290 2150 δὲ
1316 2098 1737 2169 ὴτυμολόγηται,

158 2183 271 2253 ἢτοι
302 2186 426 2238 ἐπεὶ
456 2186 585 2258 ὅρος
610 2186 836 2251 παλαιός
861 2187 1008 2242 ἐστιν
1025 2205 1039 2219 ·
1074 2188 1108 2260 ἤ
1132 2190 1254 2243 ἐπεὶ
1274 2191 1617 2264 σφαιροειδὴς
1640 2190 1736 2258 ὢν,

157 2274 364 2329 ἔνδοθεν
395 2277 562 2331 αὐτοῦ
602 2280 751 2349 ἡμᾶς
794 2279 936 2351 ἀρεῖ,
966 2281 995 2334 ὃ
1038 2281 1153 2336 ἐστι
1199 2282 1460 2351 φυλάσσει
1487 2301 1501 2315 θ
1544 2284 1577 2356 ἦ
1617 2285 1739 2339 ἐπεὶ

156 2366 428 2433 ἀνώτατός
454 2370 594 2424 ἐστι.
625 2370 699 2424 Τὸ
730 2371 788 2424 δὲ
813 2372 944 2444 ὅρου
988 2372 1052 2427 τὸ
1106 2374 1220 2429 ἀνω
1268 2374 1464 2448 δηλοῦν
1511 2375 1738 2448 Φρυγῶν

158 2458 304 2526 ἴδιον,
342 2460 423 2526 ὡς
442 2461 825 2533 Νεοπτόλεμος
853 2464 912 2517 ὲν
951 2467 1072 2530 ταῖς
1099 2468 1381 2537 Φρυγίαις
1414 2470 1636 2538 φωναῖς
1661 2485 1675 2500 ⁸
1702 2469 1735 2543 ἦ

156 2552 260 2607 ἀπὺ
289 2554 383 2608 τοῦ
412 2555 647 2627 ὁρᾶσθαι
670 2573 684 2587 ·
719 2557 753 2629 ἦ
788 2557 898 2612 ἀπὸ
923 2557 1018 2612 τοῦ
1058 2558 1268 2633 όρούειν
1287 2576 1301 2591 ⁶
1333 2564 1563 2616 κινεῖται
1600 2562 1734 2632 γάρ’

155 2644 187 2716 ἢ
214 2645 320 2700 ἀπὸ
343 2647 442 2701 τοῦ
475 2640 635 2720 οὖρος
667 2647 826 2713 εἶναι,
864 2651 958 2705 καὶ
993 2651 1220 2722 ἔσχατος
1241 2652 1385 2725 ὅρος.
1421 2654 1652 2723 Λέγεται
1680 2653 1739 2708 δὲ

156 2737 438 2810 πολλαχῶς
465 2739 697 2812 οὐρανὸς
741 2743 774 2813 ἡ
823 2741 933 2796 τῶν
971 2741 1225 2797 ἀπλανῶν
1272 2746 1498 2816 σφαῖρα.
1557 2746 1740 2816 Ζήνων

155 2830 281 2899 γοῦν
311 2834 343 2887 ὁ
374 2833 616 2897 Κυτιεὺς
642 2833 815 2900 οὕτως
846 2837 1007 2890 αὐτὸν
1032 2838 1297 2909 ὡρίσατο·
1336 2838 1565 2911 οὐρανός
1593 2840 1741 2895 ἐστιν

153 2923 366 2997 αἰθέρος
414 2925 477 2979 τὸ
534 2925 783 2997 ἔσχατον,
827 2927 885 2996 ἐξ
939 2923 1021 2994 οὗ,
1070 2931 1164 2984 καὶ
1211 2931 1269 2985 ἐν
1307 2925 1354 2999 ᾧ
1409 2933 1523 2985 ἐστι
1562 2932 1740 2987 πάντα

155 3016 445 3088 ἐμφανῶς·
491 3018 740 3091 περιέχει
780 3020 890 3093 γὰρ
930 3021 1108 3076 πάντα
1152 3021 1293 3095 πλὴν
1343 3022 1523 3077 αὐτοῦ.
1573 3025 1739 3080 Οὐδὲν

156 3107 260 3180 γὰρ
292 3111 458 3166 ἑαυτὸ
499 3111 780 3184 περιέχειο
827 3113 941 3167 ἀλλ’
983 3114 1171 3187 ἑτέρου
1214 3116 1331 3169 ἐστὶ
1370 3118 1733 3189 περιεκτικόν.

158 3202 257 3257 Τοῦ
277 3204 334 3258 δὲ
366 3204 545 3270 οὕτως
570 3204 879 3277 ὡρισμένου
921 3206 981 3260 οὐ
991 3206 1152 3278 ρανοῦ
1182 3207 1457 3281 μέμνηται
1482 3210 1577 3265 καὶ
1600 3210 1738 3264 Πλά-
1761 3239 1809 3301 c

157 3310 276 3360 των,
309 3297 407 3351 καὶ
439 3296 825 3369 Ἀριστοτέλης
871 3299 930 3352 ὲν
977 3298 1216 3373 δευτέρῳ
1261 3301 1404 3371 Περὶ
1451 3305 1734 3371 οὐρανοῦ.

158 3385 383 3455 Λέγεται
413 3387 475 3441 δὲ
522 3387 751 3458 οὐρανὸς
792 3390 886 3443 καὶ
939 3392 973 3462 ἡ
1021 3391 1252 3446 ἑκάστου
1304 3391 1415 3448 τῶν
1449 3394 1737 3467 πλανήτων

160 3480 389 3550 σφαῖρα·
424 3478 552 3532 καθ’
587 3479 646 3532 ὃν
688 3479 845 3550 λόγον
877 3482 935 3534 ὲν
966 3483 1180 3556 οὐρανῷ
1220 3502 1398 3557 φαμεν
1432 3481 1592 3543 εἶναι.
1627 3482 1755 3543 Καὶ¹

157 3570 231 3625 ἔτι
259 3573 489 3645 οὐρανὸς
516 3574 625 3637 πᾶς
649 3574 678 3627 ὁ
703 3574 842 3645 μετὰ
865 3575 956 3630 τὸν
979 3576 1115 3649 ἀέρα
1140 3578 1326 3644 τόπος,
1357 3578 1416 3643 ὃς
1444 3581 1741 3655 εἰλικρινής

156 3665 298 3719 ἐστιν
328 3665 522 3737 αἰθήρ.
552 3666 664 3720 Καὶ
705 3665 786 3721 ἔτι
828 3669 1054 3738 οὐρανό,
1101 3670 1217 3724 ἐστι
1248 3672 1356 3727 πᾶν
1394 3671 1455 3726 τὸ
1482 3674 1739 3745 ὑπεράνω

159 3757 486 3831 βλεπόμενον
518 3762 587 3831 τῇ
627 3759 767 3830 ὄψει,
803 3760 940 3815 καθὸ
968 3762 1164 3834 ὁρατόν
1198 3766 1335 3829 ὲστι,
1371 3766 1463 3819 καὶ
1494 3765 1642 3832 ὅπως
1671 3765 1737 3820 ἂν

155 3848 379 3916 ἕκαστος
404 3850 669 3922 ὀξύτητος
710 3851 824 3922 ἔχοι
858 3852 1095 3924 βλέπειν.
1129 3855 1237 3909 Καὶ
1264 3855 1345 3910 ἔτι
1386 3855 1611 3928 οὐρανὸς
1646 3855 1734 3908 λέ-

157 3958 303 4010 γεται
330 3946 359 3999 ό
398 3944 631 4015 κόσμος,
689 3937 751 3999 οὗ
793 3947 888 4000 καὶ¹
940 3946 1164 4002 Πλάτων
1218 3947 1488 4021 μέμνηται
1520 3949 1614 4003 ἐπὶ
1642 3949 1733 4003 τοῦ

156 4032 323 4104 ἡλίου,
359 4052 378 4086 ι
424 4031 488 4088 Ὀ
522 4034 622 4105 μὲν
650 4033 713 4107 δὴ
745 4035 919 4107 μέγας
949 4037 1006 4089 ἐν
1051 4036 1264 4109 οὐρανῷ
1295 4039 1450 4105 Ζεὺς,
1488 4057 1507 4091 ι
1543 4038 1731 4092 εἰπών.

156 4125 474 4200 Ἐπίκουρος
505 4126 562 4183 δὲ
597 4125 824 4192 πολλοὺς
852 4129 1088 4201 κόσμους
1118 4130 1449 4198 ὑποτίθεται,
1480 4130 1574 4185 καὶ
1604 4132 1632 4185 ὁ
1656 4130 1738 4185 δι-

153 4216 416 4287 δάσκαλος
446 4220 617 4275 αὐτοῦ
655 4222 1038 4294 Μητρόδωρος.

567 4512 707 4581 Περὶ
737 4511 1048 4583 σχήματος
1074 4516 1325 4581 κόσμου.

223 4627 294 4694 ς’.
319 4628 521 4701 Σχῆμα
548 4628 605 4682 δὲ
635 4628 842 4699 κόσμου
863 4631 911 4683 oi
949 4630 1048 4700 μὲν
1076 4629 1357 4693 κωνοειδὲς
1393 4626 1567 4690 εἷπον,
1594 4630 1642 4683 οἱ
1674 4629 1733 4683 δὲ

160 4722 512 4796 σφαιροειδὲς,
543 4724 591 4775 oi
632 4721 689 4774 δὲ
731 4719 984 4786 ὼοειδές·
1019 4718 1088 4794 ἧς
1133 4722 1292 4792 δόξης
1335 4722 1547 4794 ἔχονται
1589 4723 1637 4775 οἱ
1665 4721 1735 4775 τά

169 4813 392 4886 Ὀρφικά
435 4813 712 4884 μυστήρια
770 4812 1066 4876 τελοῦντες.
1117 4814 1423 4884 Σαφηνείας
1469 4813 1526 4867 δὲ
1569 4812 1733 4867 ἕνεκα

158 4906 382 4979 πιθανῆς
423 4904 752 4976 παρελήφθη
794 4904 887 4958 τοῦ
929 4904 1038 4959 ὼοῦ
1077 4907 1110 4976 ή
1154 4905 1335 4960 εἰκών.
1384 4908 1640 4977 Ἀμε;νον
1677 4905 1734 4960 δὲ

157 4998 388 5071 σφαίρας
435 4996 759 5066 ἐκδέχεσθαι
813 4999 999 5070 σχῆμα
1050 4997 1193 5069 ἔχειν
1237 5000 1328 5053 τὸν
1371 4999 1598 5072 οὐρανὸν
1642 5000 1732 5053 καὶ

156 5088 219 5143 τὰ
248 5092 304 5144 ἐν
334 5088 511 5161 αὐτῷ,
539 5088 681 5142 κατά
712 5089 802 5143 τὸν
847 5090 1231 5162 Ἐμπεδοκλέα,
1260 5090 1319 5156 ὃς
1338 5092 1439 5164 ἔφη
1467 5091 1660 5157 οὕτως’

227 5292 506 5362 Σφαῖρος,
545 5293 939 5362 κυκλοτερὴς,
950 5295 1147 5364 μούνῃ
1163 5297 1430 5366 περιηγέῖ
1453 5298 1696 5367 χαίρων.

223 5406 390 5477 Δῆλον
419 5405 479 5459 δὲ
510 5404 606 5458 καὶ
636 5407 702 5459 ὲκ
729 5407 823 5460 τοῦ
857 5402 997 5461 εἶναι
1030 5408 1091 5474 ἒξ
1119 5408 1282 5475 ζὼδια
1309 5411 1413 5464 ὑπὸ
1436 5412 1558 5482 γῆν,
1594 5411 1653 5477 ἒξ
1679 5413 1735 5467 δὲ

161 5497 293 5571 ὑπὲρ
321 5501 448 5571 γῆν.
492 5500 611 5552 Ἐπ’
641 5500 854 5564 οὐδενὸς
873 5502 929 5555 δὲ
950 5503 1111 5557 ἄλλου
1145 5504 1420 5574 σχήματος
1514 5504 1734 5578 τοιαύτη

162 5591 375 5657 εὐταξία
404 5593 503 5646 καὶ
546 5594 822 5664 περιφορά
871 5595 1079 5664 γίνεται
1116 5596 1149 5669 ἦ
1184 5597 1277 5650 ἐπὶ
1303 5596 1395 5650 τοῦ
1428 5598 1731 5670 σφαιρικοῦ.

161 5682 227 5737 Τὸ
257 5684 312 5739 δὲ
347 5684 691 5755 σφαιροειδὲς
727 5687 908 5758 σχῆμα
939 5687 1138 5742 διδόασι
1170 5690 1247 5761 τῲ
1283 5690 1487 5763 κόσμῳ.
1529 5692 1736 5765 Σφαίρα

241 5863 282 5898 ιτ
309 5863 430 5921 [mo
466 5863 755 5936 ἀνῶτερος.
868 5868 911 5901 ³⁸
938 5867 1099 5925 Deest
1141 5870 1215 5924 δέ.

1763 4589 1811 4644 Β

1847 609 2006 672 serit,
2033 615 2090 665 et
2147 611 2446 682 unicuique
2507 627 2668 669 suum
2729 620 2956 667 sensum
3008 608 3090 666 sic
3148 607 3418 666 attribuit.

1848 697 2081 757 Mundus
2107 708 2194 757 est
2217 701 2510 759 collectum
2538 701 2803 773 quiddam
2842 716 2874 758 e
2905 701 3047 757 caelo
3084 708 3252 774 atque
3272 708 3423 759 terra

1844 797 1899 846 et
1929 791 2141 848 naturis
2175 799 2409 863 utroque
2445 792 2884 864 comprehensis.
2920 791 3151 857 Rursus,
3180 794 3421 850 mundus

1845 890 1930 940 est
1974 883 2203 941 deorum
2239 884 2598 941 domicilium.
2638 883 2743 942 Ubi
2781 885 3220 957 supplementum
3272 885 3420 942 illius

1844 975 1999 1032 al'l‘ert
2028 983 2185 1034 extra
2216 977 2273 1033 id
2287 976 2434 1049 quod
2462 977 2517 1033 in
2544 978 2641 1033 illo
2667 976 3004 1035 continetur.
3030 977 3236 1045 Tertio,
3253 994 3418 1036 mun-

1843 1066 1948 1123 dus
1980 1075 2068 1124 est
2112 1075 2354 1140 systema
2393 1068 2619 1125 deorum
2667 1076 2724 1125 et
2763 1068 3135 1125 hominum....
3180 1068 3330 1126 velut
3370 1069 3419 1127 si

1843 1160 1967 1230 quis
1988 1158 2137 1215 dicat
2162 1178 2177 1215 ε
2211 1158 2422 1216 Civitas
2440 1176 2510 1215 ex
2524 1159 2938 1231 magistratibus
2958 1169 3014 1218 et
3033 1160 3249 1218 civibus
3265 1175 3420 1218 com-
3484 1196 3508 1223 ο

1845 1250 2085 1321 ponitur.
2117 1250 2349 1319 Quarto,
2386 1251 2626 1309 mundus
2662 1257 2748 1308 est
2777 1249 2979 1320 aether;
3011 1249 3102 1306 hic
3138 1266 3270 1308 vero
3290 1266 3417 1308 cum

1843 1343 1915 1399 sit
1942 1359 2136 1414 purus,
2181 1358 2248 1400 ac
2273 1344 2526 1401 sincerus
2550 1342 2716 1416 ignis,
2758 1344 2999 1400 naturali
3037 1342 3244 1400 mundo
3285 1342 3419 1400 infe-

1842 1436 1954 1492 rior
1980 1444 2085 1493 est.
2105 1435 2329 1504 Quinto,
2354 1439 2593 1494 mundus
2619 1447 2705 1495 est
2730 1438 2964 1494 lixarum
2986 1439 3221 1512 sphaera.
3240 1437 3418 1512 Hujus

1840 1525 2227 1596 descriptionis
2250 1528 2496 1584 meminit
2523 1530 2579 1585 in
2610 1530 2808 1587 Timaeo
2831 1529 3005 1587 Plato.
3035 1529 3224 1599 Sexto,
3253 1547 3417 1588 mun-

1840 1616 1943 1674 dus
1968 1627 2052 1675 cst
2091 1620 2185 1690 qui
2227 1620 2505 1676 ordinavit
2550 1622 2756 1678 omnia.
2802 1620 3014 1689 Quibus
3049 1621 3234 1679 verbis
3272 1623 3415 1679 indi-

1840 1711 1953 1767 cari
1986 1710 2342 1768 Providentia
2367 1713 2604 1770 videtur.
2632 1713 2975 1788 Pythagoras
2995 1714 3199 1787 κόσμον
3229 1717 3416 1787 appel-

1840 1802 1974 1857 lavit
2016 1805 2358 1871 universum,
2405 1816 2631 1878 propter
2669 1806 2999 1878 dispositum
3034 1807 3218 1878 :quod
3256 1822 3417 1864 nemo

1842 1903 1969 1954 ante
2001 1895 2184 1966 ipsum
2220 1896 2456 1954 dixerat.
2487 1895 2679 1953 Dili‘ert
2707 1904 2892 1954 autem
2933 1897 3237 1954 secundum
3267 1896 3416 1954 Stoi-

1841 2005 1937 2048 cos
1972 1991 2289 2048 universum
2320 2006 2350 2046 a
2376 1998 2512 2049 toto.
2552 1991 2686 2048 Nam
2712 1998 2888 2048 totum
2913 2002 3114 2052 vocant
3142 1994 3221 2050 illi
3257 2009 3419 2050 mun-

1840 2089 1970 2143 dum
1988 2127 2005 2153 ,
2032 2090 2353 2145 universum
2380 2102 2510 2145 vero
2535 2102 2661 2144 cum
2690 2103 2936 2145 vacuo...
2959 2088 3105 2160 quod
3134 2102 3416 2160 nunquam

1840 2180 1920 2235 sic
1953 2178 2190 2234 mundus
2218 2178 2525 2250 appellatus
2551 2186 2657 2235 est.
2686 2176 2807 2235 Jam
2837 2177 3066 2252 οὐρανὸς
3086 2177 3157 2234 ab
3182 2192 3250 2234 eo
3282 2177 3420 2236 dici-

1843 2280 1952 2338 tur,
1983 2270 2129 2341 quod
2156 2270 2228 2327 sit
2258 2270 2406 2327 velut
2449 2271 2596 2341 ὅρος,
2624 2269 2679 2325 id
2708 2277 2794 2327 est
2823 2270 3093 2327 terminus
3115 2270 3416 2343 antiquus;

1841 2364 1922 2419 vel
1954 2363 2104 2434 quia,
2135 2377 2260 2417 cum
2290 2362 2364 2418 sit
2389 2362 2717 2433 sphaaricus,
2749 2362 2897 2418 intra
2922 2379 2983 2420 se
3002 2378 3104 2421 nos
3118 2364 3263 2435 ἀρετ,
3310 2364 3418 2422 hoc

1839 2454 2195 2523 estcustodit,
2213 2455 2327 2511 sive
2356 2455 2482 2525 quia
2500 2454 2795 2523 ἀνώτατος,
2812 2454 2869 2511 id
2892 2461 2978 2512 εει
3000 2470 3289 2526 supremus
3308 2465 3414 2513 est.

1839 2550 1974 2605 Nam
2005 2550 2130 2621 ὅρου
2159 2549 2300 2619 apud
2324 2548 2567 2620 Phrygas
2585 2562 2708 2606 esse
2729 2549 2863 2614 ἄνω,
2891 2563 3073 2618 supra,
3098 2548 3258 2606 docet
3276 2548 3419 2607 Neo-

1838 2647 2108 2718 ptolemus
2139 2645 2196 2701 in
2223 2645 2492 2717 Phrygum
2521 2644 2807 2701 vocabulis.
2842 2643 3030 2701 Potest
3069 2651 3125 2701 et
3166 2644 3236 2699 ab
3281 2645 3415 2717 ὁρᾶ-

1842 2739 1988 2806 σθαι,
2028 2739 2172 2811 quod
2213 2747 2298 2796 est
2327 2738 2522 2804 videri,
2566 2738 2652 2795 vcl
2682 2737 2754 2793 ab
2779 2737 2993 2810 ὀρούειν
3016 2735 3235 2804 deduci,
3279 2751 3417 2809 quo-

1839 2832 1986 2888 niam
2018 2831 2213 2887 cietur.
2250 2830 2343 2888 νει
2366 2830 2496 2903 quia
2524 2822 2683 2902 οὖρος
2726 2838 2831 2896 εει,
2865 2836 3255 2900 extremusque
3303 2837 3417 2886 ter-

1839 2923 2041 2979 minus.
2075 2921 2229 2993 Smpe
2257 2923 2385 2978 item
2413 2936 2515 2993 pro
2545 2922 2775 2977 lixarum
2804 2921 3014 2993 sphaera
3040 2921 3298 2993 usurpari
3326 2935 3417 2978 so-

1840 3017 1934 3073 let.
1972 3015 2118 3073 Sane
2148 3016 2298 3073 Zeno
2328 3016 2604 3089 Cytiensis
2629 3014 2711 3072 sic
2739 3014 2895 3071 illum
2922 3013 3218 3086 descripsit
3248 3013 3412 3069 ταω-

1840 3110 1952 3165 lum
1983 3118 2069 3167 est
2091 3110 2313 3166 aetheris
2352 3117 2680 3174 extremum,
2715 3124 2781 3165 ex
2807 3122 2917 3179 quo
2946 3116 3002 3164 et
3026 3108 3085 3164 in
3128 3123 3240 3181 quo
3285 3114 3417 3165 sunt

1839 3203 2022 3258 omnia
2050 3201 2343 3259 manifeste
2377 3220 2391 3257 :
2424 3202 2626 3273 quippe
2645 3201 2830 3256 omnia
2864 3211 3063 3272 praeter
3093 3215 3153 3256 se
3168 3198 3414 3271 comple-

1839 3295 2025 3350 ctitur.
2066 3293 2202 3349 Nam
2236 3293 2376 3348 nihil
2423 3293 2663 3362 seipsum
2709 3292 2998 3348 continet:
3035 3290 3132 3347 sed
3177 3290 3415 3348 alterum

1836 3383 2028 3439 ambit.
2060 3382 2198 3439 C(eli
2240 3383 2346 3440 hoc
2364 3381 2526 3438 modo
2557 3381 2819 3453 descripti
2851 3381 3223 3439 meminerunt
3236 3380 3412 3445 Plato,

1837 3484 1890 3533 et
1913 3476 2240 3534 Aristoteles
2269 3476 2412 3533 libro
2440 3475 2685 3533 secundo
2714 3474 2793 3531 De
2838 3475 2989 3532 caelo.
3034 3474 3177 3543 Quin
3208 3481 3264 3531 et
3305 3475 3419 3547 pla-

1840 3578 2089 3627 netarum
2113 3569 2339 3641 sphaerae
2367 3569 2597 3642 singulae
2624 3568 2751 3625 εωιί
2780 3568 3142 3640 appellatione
3180 3582 3410 3625 censen-

1837 3673 1929 3719 tur
1954 3681 1968 3719 :
1990 3670 2054 3719 ut
2082 3678 2208 3721 cum
2236 3678 2333 3722 eos
2362 3664 2417 3719 in
2446 3664 2587 3720 cutio
2605 3678 2728 3720 esse
2762 3663 3018 3720 dicimus.
3048 3662 3178 3719 Item
3213 3663 3412 3719 clnlum

1838 3756 1892 3813 id
1923 3772 2085 3814 omne
2111 3757 2349 3830 spatium
2393 3764 2645 3825 vocatur,
2692 3756 2837 3828 quod
2866 3771 3035 3829 supra
3068 3771 3250 3814 aerem
3286 3766 3411 3823 est;

1838 3850 1932 3923 qui
1960 3857 2046 3908 εει
2073 3848 2498 3922 limpidissimus
2543 3848 2733 3906 aether.
2771 3848 2904 3905 Item
2948 3848 3150 3906 cmlum
3187 3858 3417 3907 vocatur

1836 3936 2103 4017 quidquid
2162 3958 2382 4001 sursum
2433 3943 2702 4009 cernitur,
2746 3951 3019 4015 quatenus
3080 3944 3415 4016 aspectabile

1835 4045 1942 4103 est,
1975 4048 2029 4094 et
2052 4044 2111 4093 ut
2138 4037 2373 4108 quisque
2402 4036 2519 4091 acri
2553 4044 2637 4093 est
2669 4036 2957 4092 oculorum
2995 4035 3113 4094 acie
3153 4036 3414 4108 praeditus

1837 4131 1906 4186 ad
1962 4129 2281 4185 videndum.
2347 4127 2430 4182 Ad
2475 4127 2593 4183 haec
2632 4127 2835 4184 ctelum
2887 4128 3130 4186 mundus
3184 4127 3410 4194 dicitur,

1835 4224 1982 4295 quod
2016 4231 2247 4294 usurpat
2276 4224 2332 4278 in
2360 4223 2480 4280 sole
2508 4222 2664 4278 Plato
2688 4223 2771 4278 sic
2793 4223 3044 4280 scribens
3076 4242 3090 4278 :
3128 4241 3148 4275 ι
3184 4221 3413 4295 Magnus

1837 4315 2002 4385 igitur
2018 4314 2071 4369 in
2087 4314 2228 4369 coelo
2243 4313 2332 4370 ille
2351 4312 2586 4383 Jupiter.
2601 4333 2619 4366 ι
2636 4312 2907 4384 Epicurus
2926 4328 3053 4369 cum
3075 4321 3415 4385 praeceptore

1836 4422 1936 4462 suo
1970 4405 2282 4463 Metrodoro
2304 4406 2494 4477 plures
2521 4421 2648 4464 esse
2678 4406 2915 4461 mundos
2939 4405 3238 4461 arbitratus
3263 4414 3365 4464 est.

2364 4519 2440 4576 De
2476 4521 2651 4592 ﬁgura
2685 4521 2888 4576 mundi.

1905 4635 1959 4690 6.
1981 4634 2404 4707 Mundiliguram
2432 4635 2818 4702 aliiconicam;
2853 4635 2943 4692 alii
2961 4634 3241 4707 sphazrica:
3260 4635 3415 4693 simi-

1836 4731 1977 4796 lem;
2007 4729 2216 4785 ovalem
2265 4728 2357 4784 alii
2406 4744 2529 4785 esse
2575 4728 3028 4800 sentiunt:quod
3072 4736 3412 4801 postremum

1836 4829 2058 4877 tuentur
2082 4822 2142 4888 ii,
2178 4822 2270 4892 qui
2302 4820 2556 4894 Orphicis
2594 4824 2770 4879 sacris
2805 4822 3047 4878 initiant.
3079 4822 3156 4878 Ac
3193 4822 3415 4879 videtur

1836 4915 1924 4970 ovi
1956 4916 2061 4971 ista
2087 4916 2388 4973 similitudo
2410 4900 2697 4973 facilitatis
2720 4930 2888 4972 causa
2918 4923 2973 4973 et
2999 4915 3417 4990 perspicuitatis

1835 5017 2133 5078 assumpta.
2168 5006 2400 5065 Praestat
2443 5017 2625 5066 tamen
2672 5008 2993 5080 spiucricam
3033 5009 3261 5082 ﬁguram
3317 5024 3414 5066 ac-

1834 5100 2181 5157 commodare
2208 5102 2349 5156 cmlo
2395 5109 2449 5159 ει
2492 5102 2560 5159 iis
2595 5117 2717 5174 quae
2761 5102 2816 5157 in
2848 5116 2913 5159 eo
2935 5112 3083 5170 sunt,
3121 5108 3183 5158 ut
3216 5101 3417 5173 Empe-

1835 5194 2019 5250 docles
2049 5195 2261 5265 putavit
2289 5195 2379 5253 his
2422 5196 2603 5252 verbis
2630 5216 2642 5251 :

1977 5303 2231 5377 Sphwrus
2270 5305 2552 5374 rotundus,
2583 5307 2699 5363 sola
2736 5309 2991 5364 circulari
3018 5309 3274 5382 gaudens.

1906 5417 2063 5486 Quod
2099 5435 2165 5474 ex
2195 5434 2262 5477 eo
2313 5420 2508 5492 liquet,
2561 5422 2822 5493 quoniam
2870 5439 2966 5480 sex
3014 5438 3178 5496 supra
3211 5430 3415 5479 terram

1836 5512 2010 5584 signa,
2040 5512 2267 5569 totidem
2299 5512 2443 5570 infra
2479 5522 2741 5585 perpetua
2774 5523 2924 5572 sunt.
2943 5514 3417 5588 Cujusmodinulli

1837 5605 2014 5669 alteri,
2034 5620 2198 5677 quam
2224 5605 2507 5678 sphaericaa
2528 5606 2736 5677 ﬁgurae,
2762 5606 3055 5679 dispositio
3082 5621 3149 5662 ac
3172 5604 3422 5662 circuitio

1838 5698 2114 5773 congruit.
2130 5699 2302 5757 Porro
2322 5700 2547 5772 sphaerae
2569 5700 2807 5758 similem
2842 5701 3050 5758 mundo
3075 5698 3312 5769 speciem
3335 5710 3429 5757 ala
3516 5702 3525 5715 '

3312 392 3424 452 ato
3535 358 3539 362 ’
