3816 6312
369 396 475 454 9"
1134 432 1137 435 λ
1394 402 1487 457 AD
1534 402 1808 459 EUSEBII
1844 402 1924 458 CH

2042 401 2246 460 ΝιοοΝ
2291 404 2649 486 Appianum,
3518 392 3625 450 ats

366 514 608 582 signant.
643 511 871 585 Sphaera
896 516 1096 587 quippe
1121 516 1321 572 malum
1340 524 1427 573 est
1455 535 1470 571 :
1495 517 1723 589 sphaerae
1742 517 1924 574 similis

2043 518 2144 590 μὲν
2173 520 2282 593 γὰρ
2322 523 2352 575 ὁ
2382 520 2643 593 οὐρανός’
2679 515 3023 590 σφαιροειδὴς
3060 513 3118 569 δὲ
3160 514 3193 586 ἡ
3231 510 3327 585 γῆ.
3364 509 3626 581 Διαφέρει

364 611 536 661 terra.
572 603 670 661 Est
706 614 888 663 autem
916 608 1203 679 utriusque
1235 608 1554 667 discrimen.
1584 609 1720 665 Nam
1765 611 1924 681 splne

2042 612 2096 665 δὲ
2137 611 2373 685 ἑκατέρα
2399 630 2415 645 ·
2464 612 2498 684 ἥ
2544 612 2589 645 ⁸⁹
2641 611 2703 666 τὸ
2760 609 2859 681 μὲν
2909 605 3248 681 σφαιροειδὲς
3291 603 3481 675 σχῆμα
3530 600 3629 657 καὶ
3657 678 3669 686 ⁵

365 696 493 750 rit-ae
531 692 728 754 similis
761 698 933 769 ﬁgura
961 708 1142 771 partes
1182 700 1449 770 quasdam
1483 700 1788 756 eminentes
1839 691 1924 755 ha-

2042 701 2235 773 ἐξοχὰς
2269 704 2502 775 ἔχεικαὶ
2539 703 2875 774 κοιλότητας,
2908 700 2970 754 τὸ
3006 699 3064 753 δὲ
3089 698 3190 769 τῆς
3222 697 3462 768 σφαίρας
3486 712 3625 751 παν-

362 787 475 851 bet,
507 788 643 844 alias
671 804 972 859 concavas;
998 793 1217 862 sphaera
1241 792 1608 863 undequaque
1633 801 1720 848 est
1751 807 1924 865 aequa-

2042 796 2267 869 ταχόθεν
2297 798 2431 859 ἴσον,
2459 796 2553 850 καὶ
2581 796 2689 850 ἀπὸ
2717 794 2809 848 τοῦ
2838 793 3004 865 μέσου
3032 792 3255 864 κέντρου
3293 786 3627 858 ἐκϐαλλομέ-

362 878 529 946 bilis,
564 888 617 936 et
651 889 781 937 sunt
824 882 896 939 ab
931 884 1052 953 ejus
1089 894 1279 941 centro
1307 885 1376 940 ad
1419 895 1722 942 extremum
1763 886 1924 940 ambi‘

2042 906 2138 954 νας
2168 890 2382 955 εὐθείας
2422 891 2503 955 εἰς
2542 890 2643 944 τὴν
2697 886 3020 956 ἐπιφάνειαν
3070 884 3190 945 [σας
3241 881 3388 953 ἔχον.
3435 879 3625 933 Ἔστιν

363 976 478 1022 tum
503 970 687 1025 ducta:
705 971 945 1041 aequales
996 973 1140 1028 inter
1167 989 1228 1030 se
1262 974 1435 1029 lineae.
1473 972 1685 1028 Caelum
1725 982 1811 1029 est
1836 975 1924 1028 ita-

2042 979 2131 1038 οὖν
2167 984 2196 1036 ὁ
2230 984 2459 1056 οὐρανὸς
2509 987 2746 1054 σφαῑρα·
2787 980 2908 1034 ὅθεν
2953 979 3048 1032 καὶ
3086 975 3183 1047 τὴν
3227 973 3415 1044 κύκλῳ
3450 970 3627 1043 φορὰ)

359 1074 467 1129 que
514 1061 754 1131 sphaera,
820 1064 965 1120 unde
1006 1074 1060 1120 et
1108 1066 1166 1119 in
1211 1066 1397 1122 orbem
1443 1075 1695 1122 movetur
1727 1085 1740 1121 ι
1775 1080 1924 1135 quem

2042 1077 2304 1131 ποιεῖται·
2341 1075 2471 1146 περὶ
2496 1074 2552 1128 ὃν
2587 1073 2681 1127 καὶ
2715 1072 2864 1143 ἥλιος
2888 1069 2986 1141 τὴν
3016 1065 3321 1139 περιφορὰν
3347 1065 3619 1119 ποιεῖταιτ

296 1192 307 1209 ι
359 1150 567 1208 circum
588 1155 672 1210 sol
698 1155 988 1211 circuitum
1020 1157 1190 1212 facit:

2216 1269 2391 1324 ’Ἥλιε
2422 1268 2588 1335 θοαῖς
2613 1268 2889 1323 ἵπποισιν
2909 1265 3200 1320 εἱλίσσων
3219 1263 3443 1335 φλόγα.

2034 1358 2147 1412 Καὶ.
2175 1356 2284 1432 γὰρ
2312 1359 2371 1427 ἐξ
2412 1360 2665 1414 Ὠκεανοῦ
2696 1358 3052 1414 ἀνατέλλοντα
3084 1356 3247 1410 αὐτὸν
3287 1354 3510 1427 ὁρῶμεν
3530 1366 3550 1402 '.

2052 1474 2274 1544 Ἠέλιος
2298 1474 2350 1527 δ’
2373 1475 2688 1543 ἀνόρουσε,
2710 1472 2905 1528 λιπὼν
2923 1472 3287 1543 περικαλλέα
3310 1469 3540 1539 λίμνην
3550 1466 3617 1517 ν’

2036 1592 2129 1667 καὶ
2157 1590 2319 1661 πάλιν
2352 1590 2410 1653 ἐς
2453 1589 2701 1644 Ὠκεανὸν
2724 1585 3121 1659 καταδυόμενον
3141 1602 3156 1617 ⁸

454 1697 654 1755 Incidit
684 1714 863 1759 autem
886 1706 941 1759 in
965 1705 1235 1762 Oceanum
1265 1710 1542 1771 splendida
1578 1713 1672 1769 tua:
1690 1712 1843 1768 solis.

2122 1703 2224 1759 Ἐν
2248 1703 2298 1755 δ’
2330 1704 2499 1758 ἔπεσ⁹
2541 1702 2795 1769 Ὠκεανῷ
2816 1700 3095 1772 λαμπρὸν
3124 1697 3277 1768 φάος
3294 1696 3574 1801 τἰτιλίοιο.⁸

356 1788 515 1855 Quod
558 1809 668 1849 non
717 1795 889 1858 ﬁeret.
926 1798 1032 1854 nisi
1059 1798 1115 1852 in
1155 1800 1342 1855 orbem
1375 1802 1634 1859 cierctur.
1666 1801 1924 1875 Pythago-

2042 1795 2152 1849 Οὐκ
2181 1794 2246 1848 ἂν
2267 1795 2323 1848 δὲ
2355 1795 2514 1849 τοῦτο
2534 1796 2760 1865 ἐγίνετο,
2791 1795 2840 1848 ei
2876 1794 2952 1865 μὴ
2978 1793 3078 1863 τὴν
3097 1790 3282 1862 κύκλῳ
3314 1788 3619 1860 περιφορὰν

358 1882 457 1937 rici
487 1891 691 1950 tamen,
721 1887 817 1955 qui
848 1902 917 1944 ex
946 1889 1191 1945 numeris
1215 1905 1281 1945 ac
1309 1890 1499 1963 ﬁguris
1529 1902 1786 1950 constare
1800 1909 1924 1949 cen-

2042 1889 2293 1943 ἐποιεῖτο.
2328 1891 2391 1942 Οἱ
2423 1888 2478 1942 δὲ
2502 1888 2878 1961 Πυθαγόρειοι,
2911 1888 3033 1942 ἐπεὶ
3071 1887 3249 1968 πάντα
3280 1882 3341 1951 ἐξ
3366 1881 3619 1956 ἀριθμῶν

356 1982 480 2028 sent
507 1975 716 2045 omnia,
749 1986 911 2034 terrae
941 1981 1192 2038 cubicam
1226 1982 1454 2055 ﬁguram
1497 1985 1767 2053 tribuunt,
1816 1985 1924 2057 igni

2042 1979 2132 2033 καὶ
2157 1979 2431 2051 γραμμῶν
2466 1982 2784 2036 συνεστάναι
2808 1980 3040 2046 Θέλουσι,
3068 1980 3165 2050 τὴν
3202 1978 3301 2050 μὲν
3321 1977 3426 2049 γῆν
3455 1991 3619 2045 φασιν

356 2067 657 2139 pyramidis
683 2070 917 2127 similem
945 2113 961 2138 ,
994 2076 1107 2130 aeri
1147 2077 1483 2142 octaedrum,
1533 2093 1688 2151 aquae
1716 2079 1924 2137 icosae-

2042 2071 2181 2143 ἔχειν
2203 2072 2391 2145 σχῆμα
2411 2073 2653 2139 κυϐικδν,
2682 2073 2742 2128 τὸ
2787 2073 2846 2128 δὲ
2885 2074 2994 2145 πῦρ
3028 2070 3411 2144 πυραμοειδὲς,
3440 2069 3535 2122 τὸν
3570 2067 3617 2121 δ’

355 2154 541 2221 drum,
564 2158 664 2219 toti
695 2162 1036 2230 universitati
1058 2164 1480 2227 dodecaedrum.

2042 2167 2176 2238 ἀέρα
2201 2166 2487 2238 ὀκτάεδρον
2508 2206 2523 2231 ,
2557 2167 2620 2221 τὸ
2642 2166 2701 2221 δὲ
2734 2166 2877 2240 ὕδωρ
2907 2164 3271 2236 εἰκοσάεδρον,
3313 2163 3414 2235 τὴν
3434 2161 3494 2216 δὲ
3510 2159 3617 2214 τῶν

548 1264 658 1322 801
676 1269 973 1351 pernicibus
1005 1271 1150 1343 equis
1174 1289 1387 1328 versans
1421 1275 1717 1343 ﬂammam.

381 1367 385 1371 '
430 1357 640 1413 Etenim
674 1361 744 1416 ab
770 1360 988 1419 Oceano
1016 1373 1332 1439 surgentem
1363 1365 1517 1420 illum
1544 1363 1932 1435 prospicimus:

357 1471 451 1527 Sol
480 1485 649 1528 autem
679 1477 882 1533 exsiliit
910 1479 1205 1559 relinquens
1225 1481 1545 1555 praeclaram
1573 1479 1749 1563 :lacum
1772 1495 1794 1564 ξ

358 1584 467 1656 78
498 1601 562 1640 ac
590 1602 785 1645 rursus
805 1589 864 1645 in
890 1588 1167 1648 Oceanum
1196 1592 1502 1657 cadentem:

845 2338 926 2397 De
948 2341 1437 2406 circumuolatisnc.

426 2424 480 2480 7.
519 2424 721 2491 Stoicis
762 2431 942 2502 placet
987 2451 1020 2493 e
1059 2443 1205 2493 terra
1243 2441 1480 2510 primum
1509 2438 1769 2497 extimam
1805 2438 1922 2498 ﬁeri

353 2513 918 2582 circumvolutionem.
938 2522 1077 2587 Cum
1099 2527 1244 2583 enim
1280 2537 1529 2584 centrum
1553 2529 1644 2583 illa
1663 2529 1756 2596 sit,
1780 2529 1926 2584 velut

352 2619 387 2660 a
415 2615 606 2668 centro
636 2609 908 2679 circulus;
939 2614 1020 2670 sic
1054 2630 1085 2669 a
1117 2624 1263 2672 terra
1284 2618 1362 2682 ﬁt,
1400 2625 1460 2673 ut
1492 2626 1923 2674 consentaneum

351 2707 458 2767 est,
492 2700 584 2757 ille
643 2703 886 2761 ambitus
924 2709 1185 2764 exterior.
1220 2710 1329 2765 Alii
1353 2725 1573 2766 sursum
1614 2722 1807 2766 natura
1827 2726 1926 2767 sua

353 2789 474 2857 ﬁeri
504 2791 688 2864 ignem
737 2805 1014 2862 asserunt,
1048 2807 1103 2870 et
1131 2800 1187 2861 in
1227 2802 1495 2857 circulum
1541 2816 1667 2857 esse
1708 2801 1926 2858 volubi-

352 2881 495 2951 lem,
549 2885 789 2961 indeque
844 2891 1014 2953 totius
1068 2894 1312 2961 universi
1353 2894 1734 2967 circuitionem
1781 2894 1921 2950 exsi-

353 2982 522 3041 δίεπε.

686 3090 771 3146 An
791 3093 861 3147 sit
891 3092 1096 3165 aliquid
1121 3104 1275 3151 extra
1303 3098 1580 3153 mundum.

420 3178 476 3236 8.
497 3176 759 3239 Nonnulli
782 3191 936 3241 extra
959 3187 1225 3243 mundum
1246 3203 1372 3245 esse
1402 3189 1608 3262 aliquid
1630 3198 1844 3263 putant,
1867 3200 1926 3248 ut

354 3267 650 3341 Epicurus;
680 3275 775 3345 qui
829 3275 887 3332 in
934 3277 1150 3335 inﬁnito
1191 3295 1368 3338 vacuo
1412 3282 1657 3341 inﬁnitos
1692 3284 1930 3342 mundos

354 3364 609 3426 collocat.
642 3366 835 3439 Stoici,
861 3372 957 3442 qui
986 3373 1473 3432 certisintervallis
1498 3384 1804 3447 temporum
1836 3377 1933 3433 de-

352 3456 732 3531 ﬂagrationem
767 3463 957 3519 mundi
981 3466 1202 3523 evenire
1218 3467 1485 3531 sentiunt,
1502 3482 1735 3523 vacuum
1758 3469 1933 3540 quod-

354 3549 481 3609 dam
522 3552 758 3621 spatium
811 3557 1184 3622 constituunt,
1244 3572 1356 3617 non
1405 3567 1586 3614 tamen
1626 3560 1929 3626 inﬁnitum;

354 3641 452 3697 sed
496 3650 746 3708 tantum,
777 3652 840 3698 ut
879 3644 1206 3702 dissolutum
1247 3646 1352 3705 hoc
1394 3649 1710 3706 universum
1736 3664 1933 3721 capere

354 3733 552 3803 possit.
597 3734 702 3790 Sed
743 3735 839 3806 qui
874 3738 1013 3792 nihil
1045 3748 1196 3795 extra
1249 3739 1516 3797 mundum
1551 3757 1675 3798 esse
1719 3742 1929 3807 volunt,

354 3826 433 3879 ita
463 3825 905 3884 ratiocinantur:
938 3828 1076 3886 Cum
1106 3831 1305 3889 coelum
1359 3843 1643 3893 moveatur
1668 3834 1725 3888 in
1754 3835 1933 3891 circu-

354 3913 488 3981 lum,
516 3914 565 3970 si
594 3915 726 3984 quid
755 3925 908 3972 extra
942 3918 1075 3974 illud
1104 3921 1264 3975 vacui
1307 3928 1414 3984 est,
1446 3922 1657 3993 sphaera
1695 3924 1814 3996 ipsa
1837 3925 1933 3982 de-

354 4006 685 4067 clinationes
718 4010 984 4080 quasdam
1016 4010 1200 4078 faciet,
1231 4013 1288 4067 in
1328 4012 1470 4070 hanc
1497 4016 1581 4071 vel
1618 4016 1767 4072 illam
1800 4019 1934 4074 sub-

353 4098 506 4168 lapsa
558 4106 807 4171 partem;
839 4101 943 4159 hoc
982 4118 1113 4165 vero
1170 4120 1516 4177 nequaquam
1553 4108 1772 4165 accidit.
1821 4110 1932 4165 Va-

354 4206 518 4246 cuum
559 4210 691 4265 ergo
722 4197 929 4249 nullum
965 4205 1066 4252 est.
1094 4195 1229 4252 Nam
1257 4201 1447 4255 eodem
1467 4201 1629 4256 modo
1660 4212 1715 4258 et
1736 4204 1804 4260 ab
1835 4206 1933 4277 iis:

352 4283 477 4351 dem
502 4289 752 4371 partibus
772 4296 926 4357 ortus
954 4299 1008 4344 et
1029 4304 1261 4353 occasus
1296 4291 1410 4355 ﬁeri
1435 4294 1731 4357 cernimus.

867 4408 953 4461 An
985 4417 1086 4460 stet
1117 4407 1366 4463 mundus.

422 4496 478 4552 9.
515 4495 825 4553 Stoicorum
873 4496 1156 4561 decretum
1206 4500 1340 4555 illud
1371 4510 1476 4567 est,
1512 4518 1733 4565 manere
1773 4521 1929 4562 mun-

2036 2259 2172 2314 ὅλων
2199 2258 2454 2315 σύστασιν
2478 2258 2863 2332 δωδεκάεδρον.

2561 2373 2701 2443 Περὶ
2728 2369 3071 2443 περιφορᾶς.

2108 2467 2177 2531 ζ’.
2213 2468 2278 2521 υἱ
2304 2466 2532 2521 Στωϊκοί
2559 2483 2724 2535 φασιν
2745 2466 2813 2521 ὲκ
2840 2465 2942 2535 τῆς
2963 2464 3067 2535 γῆς
3102 2460 3200 2534 τὴν
3218 2457 3440 2525 »ἔξωθεν
3469 2455 3618 2525 γίνε-

2036 2559 2159 2619 σθαι
2210 2560 2424 2632 πρῶτον
2469 2557 2791 2633 περιφοράν.
2833 2556 2986 2611 Ἐπεὶ
3028 2555 3137 2627 γὰρ
3184 2554 3219 2625 ἡ
3259 2551 3332 2623 γῆ
3386 2549 3617 2621 κέντρου

2032 2649 2187 2717 τάξιν
2219 2650 2429 2722 ἐπέχει,
2461 2651 2651 2723 ὥσπερ
2704 2649 2814 2706 ἀπὺ
2854 2649 3081 2721 κέντρου
3120 2643 3321 2707 κύκλος
3365 2642 3614 2710 γίνεταιο

2032 2741 2173 2796 οὕτω
2198 2745 2292 2798 κα)⁸
2312 2744 2420 2797 ἀπὸ
2440 2746 2539 2817 τῆς
2562 2744 2666 2816 γῆς
2694 2742 2841 2808 εἰκὸς
2873 2739 2978 2807 ἔξω
3012 2737 3372 2813 περιφέρειαν
3399 2731 3619 2804 γεγονέ-

2033 2854 2142 2892 ναι.
2176 2839 2239 2890 0i
2259 2837 2315 2890 δέ
2340 2855 2473 2906 φασι
2493 2838 2553 2892 τδ
2574 2838 2684 2910 πῦρ
2705 2839 2748 2873 ἰ
2785 2833 3064 2906 ἀνωφερὲς
3083 2828 3242 2886 εἷναι’
3265 2829 3363 2883 καὶ
3387 2827 3490 2898 τὴν
3518 2823 3616 2879 κύρ

2034 2927 2147 2998 κλῳ
2182 2928 2354 3001 φορὰν
2391 2928 2579 2992 εἰωθὸς
2612 2926 2905 2991 ποιεῖσθαι,
2944 2925 3045 2998 τὴν
3068 2922 3329 2976 σύστασιν
3375 2920 3479 2991 τῆς
3510 2916 3617 2971 τῶν

2032 3020 2170 3075 ὅλων
2203 3020 2509 3092 περιφορᾶς
2540 3022 2788 3073 ποιεῖται.

2563 3134 2633 3186 El
2664 3134 2794 3187 ἐστι
2823 3149 2879 3186 τι
2906 3131 3098 3197 ἐκτός.

1956 3233 2001 3292 C
2103 3230 2175 3295 η’.
2209 3226 2273 3278 Οἱ
2307 3226 2404 3297 μὲν
2447 3219 2587 3278 εἷναί
2628 3241 2682 3276 τι
2711 3223 2867 3287 ἐκτός
2904 3239 3088 3293 φασιν,
3117 3220 3307 3292 ὥσπερ
3333 3217 3432 3273 καὶ
3464 3216 3617 3271 Ἐπε-

2033 3333 2226 3389 κουρος
2249 3332 2265 3348 ο
2294 3317 2353 3391 ὃς
2384 3316 2477 3397 καὶ
2496 3302 2757 3388 ἀπείρους
2776 3314 3015 3385 κόσμους
3038 3312 3352 3367 ὑποτίθεται
3374 3313 3434 3365 ὲν
3458 3309 3616 3364 dmi-

2037 3426 2112 3479 ρῳ
2160 3408 2237 3480 τῷ
2289 3407 2461 3479 κενῷ’
2514 3409 2565 3461 οἱ
2616 3407 2672 3485 δὲ
2718 3406 2967 3468 Στωϊκοὶ,
3010 3404 3324 3477 ἐκπύρωσιν
3368 3402 3620 3471 λέγοντες

2033 3499 2238 3570 κόσμου
2266 3501 2409 3554 κατά
2447 3516 2597 3563 τινας
2636 3497 2977 3571 ὡρισμένους
3012 3497 3236 3568 χρόνους
3269 3490 3429 3556 εἶναι,
3462 3491 3618 3565 κενὸν

2036 3591 2154 3661 μὲν,
2180 3591 2240 3643 οὐ
2408 3589 2634 3662 ἄπειρόν
2664 3607 2825 3658 φασιν
2844 3607 2858 3621 ο
2894 3588 3027 3641 ἀλλά
3070 3586 3323 3639 τοσοῦτον
3357 3585 3484 3637 ὅσον
3514 3602 3619 3654 χω-

2034 3670 2199 3750 ρῆσαι
2226 3670 2386 3734 λυθὲν
2408 3667 2621 3735 τδπᾶν.
2650 3684 2711 3733 lli
2738 3680 2797 3733 δὲ
2824 3680 2988 3751 μηδὲν
3009 3674 3145 3731 εἶναι
3167 3676 3418 3746 λέγοντες
3439 3675 3618 3747 χρῶνο

2033 3786 2121 3824 ται
2150 3770 2293 3843 λόγῳ
2323 3771 2548 3844 τοιούτῳ
2574 3789 2587 3804 ο
2621 3770 2727 3826 Τοῦ
2760 3772 2989 3845 ούρανοῦ
3030 3768 3335 3841 σφαιρικῶς
3360 3766 3617 3840 κινουμέ-

2034 3879 2148 3928 νου,
2174 3865 2222 3916 εἰ
2252 3863 2367 3918 ἔστι
2396 3882 2447 3923 τι
2487 3864 2644 3929 ἐκτὸς
2672 3864 2848 3926 κενὸν,
2886 3882 2946 3927 συ
2957 3863 3222 3935 μϐήσεται
3244 3865 3345 3931 τὴν
3380 3861 3619 3930 σφαῖραν

2034 3954 2419 4026 παρεγκλίσεις
2457 3956 2608 4020 τινὰς
2636 3948 2946 4027 ὑπομένειν,
2990 3951 3461 4019 ὲξολισθαίνουσαν
3492 3949 3616 4021 τῇδε

2035 4048 2258 4102 κάκεῖσε
2282 4064 2297 4080 ο
2327 4049 2484 4105 τοῦτο
2520 4049 2577 4102 δὲ
2616 4050 2676 4102 ού
2710 4046 2946 4118 γίνεταιέ
2989 4047 3089 4100 οὐκ
3125 4046 3234 4118 ἀρα
3278 4044 3397 4097 ἐστι
3438 4043 3614 4097 κενόν.

2047 4138 2158 4192 Ἀεὶ
2194 4138 2302 4210 γὰρ
2327 4141 2447 4193 κατ’
2478 4138 2615 4192 αὐτὰ
2647 4140 2742 4193 καὶ
2783 4139 2891 4193 ἀπὸ
2922 4137 3031 4191 τῶν
3071 4136 3252 4190 αὐτῶν
3279 4133 3501 4209 ὁρῶμεν
3518 4132 3617 4196 τὰς

2035 4228 2297 4293 ἀνατολὰς
2321 4231 2415 4284 καὶ
2438 4229 2537 4294 τὰς
2564 4229 2761 4293 δύσεις.

2368 4428 2379 4435 “
2483 4426 2551 4479 El
2570 4426 2828 4493 ἕστηκεν
2850 4430 2882 4482 ό
2904 4428 3153 4496 κόσμος.

2107 4516 2172 4571 0'.
2198 4517 2384 4588 Δόγμα
2411 4518 2527 4583 ἐστὶ
2557 4518 2665 4571 τῶν
2694 4519 2947 4572 Στωϊκῶν
2959 4515 3052 4575 καλ⁸
3072 4516 3497 4590 μαθηματικῶν,
3526 4517 3617 4589 μέση

351 4589 482 4643 dum
513 4605 528 4642 ε
560 4591 704 4661 quod
749 4606 815 4659 ex
854 4608 920 4648 eo
948 4593 1181 4664 probant
1209 4612 1223 4649 :
1255 4592 1467 4649 Etenim
1519 4597 1566 4652 si
1598 4597 1836 4653 mundus
1874 4600 1924 4654 in

2042 4625 2147 4662 νειν
2178 4608 2268 4661 τὸν
2280 4577 2510 4679 κόσμον,
2543 4609 2616 4662 Τὸ
2645 4609 2827 4680 μέντοι
2850 4611 3025 4681 δόγμα
3043 4577 3131 4664 δὶά
3160 4577 3423 4662 τοιούτων
3449 4577 3615 4662 κατα-

350 4683 617 4745 immenso
664 4685 759 4738 illo
791 4702 965 4743 vacuo
1010 4689 1321 4747 consistens
1363 4690 1618 4745 deorsum
1658 4688 1926 4754 tenderet,

348 4783 555 4840 terram
606 4777 811 4836 imbres
863 4782 1130 4851 attingere
1187 4782 1410 4836 minime
1459 4789 1736 4850 possent:
1778 4784 1927 4854 atqui

347 4882 468 4948 eam
504 4868 799 4939 attingunt.
837 4868 960 4948 Non
990 4870 1156 4942 igitur
1189 4877 1461 4936 movetur,
1492 4872 1590 4927 sed
1628 4872 1797 4929 lueret
1827 4874 1931 4943 im-g

346 4958 567 5015 mobilis
612 4960 874 5029 mundus.
906 4961 988 5015 Ad
1027 4962 1142 5015 haec
1172 4968 1462 5018 ventorum
1486 4964 1578 5019 alii
1605 4964 1672 5021 de
1701 4972 1844 5022 terra
1874 4966 1930 5021 in

348 5065 530 5107 aerem
556 5061 857 5129 assurgunt
894 5071 906 5106 :
933 5053 1024 5131 alii
1055 5052 1110 5106 in
1138 5060 1341 5121 terram
1376 5054 1716 5113 descendunt
1741 5075 1756 5112 :
1781 5060 1933 5130 quod

347 5147 393 5199 si
415 5161 618 5200 nom...
646 5144 765 5198 Non
796 5160 927 5215 ergo
959 5145 1197 5212 mundus
1235 5156 1505 5206 movetur.
1531 5150 1701 5213 Aiunt
1746 5161 1930 5209 autem

346 5237 406 5291 in
436 5236 653 5319 inﬁnito
687 5251 860 5305 vacuo
893 5250 1112 5320 manere
1140 5239 1404 5321 mundum
1447 5252 1669 5315 propter
1720 5252 1930 5301 motum

348 5329 505 5385 illum
529 5328 598 5384 ad
620 5312 889 5383 centrum.
923 5314 1203 5400 Siquidem
1238 5315 1422 5403 partes
1450 5312 1597 5392 illius
1641 5352 1829 5392 omnes
1863 5336 1930 5391 ad

347 5429 602 5476 centrum
631 5430 864 5491 vergunt
893 5440 907 5475 :
937 5438 1059 5492 quae
1081 5433 1210 5479 sunt
1233 5433 1399 5490 terra,
1426 5442 1586 5498 aqua,
1621 5445 1737 5493 aer,
1761 5429 1927 5501 ignis.

349 5513 483 5578 Quae
505 5527 697 5568 omnes
724 5512 792 5566 ad
821 5524 1067 5571 centrum
1099 5533 1387 5587 propensae
1419 5528 1568 5576 sunt.
1601 5520 1684 5576 Ob
1711 5522 1763 5577 id
1796 5540 1932 5579 nus-

349 5620 515 5677 quam
534 5605 774 5661 mundus
794 5608 1039 5665 inclinat.
1068 5612 1137 5665 At
1166 5611 1420 5684 Epicurei
1444 5615 1779 5671 immobilem
1809 5633 1930 5674 esse

351 5697 612 5757 mundum
638 5698 846 5755 idcirco
873 5709 1089 5771 putant,
1106 5704 1253 5774 quod
1273 5704 1348 5759 ab
1374 5720 1521 5773 aere,
1553 5706 1645 5777 qui
1669 5708 1725 5763 in
1759 5707 1934 5771 inter.-

421 5858 530 5931 ”f.
720 5861 765 5892 ’θ
801 5860 965 5931 Odys.
996 5862 1060 5944 Γἵ
1163 5864 1206 5899 ’ί
1314 5863 1403 5939 διὰ
1426 5865 1505 5945 τό.

2039 4700 2397 4765 σκευάζεται·
2448 4682 2512 4753 Ei
2555 4704 2583 4754 ὀ
2628 4702 2830 4773 κόσμος
2860 4704 3002 4775 κενῷ
3034 4706 3090 4756 ὲν
3119 4702 3335 4773 ἀπείρῳ
3357 4703 3616 4774 ὑπάρχων

2038 4795 2189 4848 κάτω
2226 4792 2468 4865 ἐφέρετο,
2495 4794 2594 4847 οὐκ
2624 4793 2690 4846 ἂν
2719 4777 2915 4867 ὄμϐροι
2935 4793 3346 4865 κατελάμϐανον
3363 4793 3464 4866 τὴν
3493 4794 3615 4863 γῆν

2038 4882 2514 4953 καταλαμϐάνουσι
2538 4884 2614 4937 δέ·
2643 4886 2745 4939 οὐκ
2778 4887 2886 4957 ἄρα
2920 4887 3140 4958 φέρεται
3168 4888 3197 4939 ὁ
3228 4886 3461 4957 κόσμος,
3486 4885 3618 4940 ἀλλά

2038 4974 2255 5044 ἕστηκε.
2291 4976 2401 5028 Καὶ
2435 4975 2597 5029 πάλιν
2631 4960 2903 5047 οἱάνεμοι
2933 4976 3081 5033 ἄλλοι
3112 4975 3209 5046 μὲν
3248 4974 3360 5030 ἀπὸ
3386 4977 3490 5046 τῆς
3518 4975 3617 5045 γῆς

2038 5068 2119 5130 εἰς
2144 5066 2303 5139 ἀέρα,
2335 5066 2481 5121 ἄλλοι
2509 5068 2565 5121 δὲ
2592 5068 2684 5122 ἐπὶ
2720 5068 2789 5122 τὰ
2817 5070 2966 5123 κάτω
2993 5069 3098 5122 εἰσὶ
3132 5067 3616 5140 καταϐαλλόμενοι.

2037 5161 2102 5214 Εἰ
2128 5160 2183 5214 δὲ
2207 5159 2290 5225 οὒ,
2327 5161 2426 5213 οὐκ
2454 5162 2562 5232 ἄρα
2591 5161 2818 5234 φέρεται
2861 5165 2889 5217 ὁ
2919 5162 3141 5231 κόσμος.
3170 5160 3309 5213 Φασὶ
3346 5160 3406 5214 δὲ
3440 5160 3617 5233 μένειν

2035 5256 2128 5310 τὸν
2158 5258 2360 5329 κόσμον
2412 5259 2470 5310 ὲν
2512 5258 2725 5329 ἀπείρῳ
2772 5257 2915 5330 κενῷ
2946 5256 3035 5311 διὰ
3079 5256 3175 5327 τὴν
3209 5255 3304 5314 ἐπὶ
3349 5256 3415 5309 τὸ
3459 5256 3617 5327 μέσον

2038 5351 2239 5423 φοράν·
2273 5351 2393 5404 ἐπεὶ
2422 5359 2601 5406 πάντα
2622 5351 2788 5405 αὐτοῦ
2829 5351 2898 5404 τά
2945 5350 3085 5421 μέρη
3120 5349 3213 5409 ἐπὶ
3253 5348 3316 5401 τὸ
3348 5349 3514 5420 μέσον
3539 5347 3615 5400 νέ-

2039 5426 2219 5500 νευκε.
2248 5446 2408 5517 Μέρη
2433 5445 2491 5498 δέ
2517 5448 2665 5499 ἐστιν
2692 5444 2858 5498 αὐτοῦ
2890 5445 2990 5515 γῆ,
3026 5442 3193 5514 ὕδωρ,
3237 5441 3373 5513 ἀὴρ,
3406 5440 3521 5513 πῦρ
3546 5457 3557 5469 ·
3584 5437 3618 5492 ἃ

2040 5534 2221 5588 πάντα
2253 5534 2399 5590 νεύει
2449 5536 2541 5588 ἐπὶ
2574 5535 2637 5588 τδ
2677 5534 2859 5605 μέσον.
2904 5533 3002 5585 Διά
3046 5532 3205 5585 τοῦτο
3246 5528 3342 5586 οὖν
3383 5528 3616 5601 οὐδαμοῦ

2039 5626 2195 5697 ῥέπει
2222 5629 2251 5680 ὀ
2280 5629 2500 5698 κόσμος.
2537 5625 2600 5682 Ol
2640 5626 2697 5679 δὲ
2740 5625 3103 5697 Ἐπικούρειοξ
3153 5638 3288 5694 φασι
3324 5625 3508 5696 μένειν
3532 5621 3615 5675 τὸν

2038 5715 2240 5793 κόσμον
2262 5716 2698 5790 ἀνακοπτόμενον
2725 5715 2828 5771 ὑπὸ
2850 5714 2942 5769 τοῦ
2969 5716 3150 5787 ἀέρος,
3179 5712 3274 5768 τοῦ
3307 5715 3367 5767 ἐν
3386 5714 3499 5776 τοῖς
3524 5725 3612 5781 με·
