3816 6324
149 401 239 458 94!)

885 395 1223 456 ACHI’LLIS'
1247 397 1435 455 TATll
1474 396 1776 461 ISAGOGE
1811 403 1902 458 AD
1946 403 2156 459 ARATI
2193 398 2664 460 ΡΗΑΞΝΟΜΕΝΑ.
2697 477 2700 480 γ

3299 409 3408 465 950

149 517 476 588 τακοσμίοις.
510 516 873 588 Μετακόσμια
907 516 961 570 δέ
999 518 1114 570 ἐστι
1159 516 1228 570 τά
1268 516 1473 589 μεταξύ
1499 517 1608 571 τῶν
1634 518 1761 580 κόη

1865 518 2065 575 iundiis
2097 527 2202 585 est,
2235 518 2567 574 inhibeatur.
2601 517 2972 575 lntermundia
3010 526 3206 577 vocant
3229 522 3406 594 spatia

154 629 292 683 σμων
318 611 693 682 διαστήματα.

718 720 855 790 Περὶ
889 720 1160 790 ἀστέρος.

221 823 270 871 ι’.
291 817 508 887 Ἀστήρ
533 815 649 868 ἐστι
675 813 816 868 κατά
837 813 1098 886 Διόδωρον
1125 811 1284 884 σῶμα
1298 811 1438 866 θεῖον
1455 811 1725 884 οὐράνιον,

155 911 244 982 τῆς
264 909 436 980 αὐτῆς
463 906 804 979 μετειληφὼς
829 907 1018 969 οὐσίας
1037 905 1115 977 τῷ
1133 906 1190 958 ὲν
1218 899 1262 974 ᾧ
1281 907 1397 959 ὲστι
1424 905 1595 976 τόπῳ,
1621 905 1730 956 σῶ-

161 981 228 1074 μα
254 1002 532 1074 λαμπρὸν,
559 1001 654 1055 καὶ
681 1000 936 1054 οὐδέποτε
971 999 1161 1051 στάσιν
1195 996 1338 1068 ἕχον,
1375 996 1490 1051 ἀλλ’
1523 981 1610 1050 ἀεὶ
1638 1012 1734 1065 φεο

162 1091 376 1164 ρόμενον
409 1089 707 1152 κυκλικῶς.
750 1086 1024 1150 Ὡσαύτως
1055 1087 1113 1142 δὲ
1144 1085 1380 1158 ὡρίσατο
1427 1087 1522 1141 καὶ
1555 1088 1736 1140 Ποσει-

158 1179 335 1244 δώνιος
357 1179 466 1250 πρὸ
493 1178 657 1239 αὐτοῦ
686 1179 714 1237 ό
735 1176 988 1240 Στωϊκός.
1021 1176 1094 1228 Τὸ
1121 1176 1179 1230 δὲ
1216 1193 1235 1228 ι
1262 1175 1516 1230 οὐδέποτε
1549 1176 1736 1234 στάσιν

161 1271 273 1342 ἔχον
306 1291 324 1322 ι
366 1273 462 1331 ἐπὶ
511 1271 611 1342 μὲν
637 1269 744 1330 τῶν
771 1269 1054 1341 πλανήτων
1086 1270 1260 1332 οὕτως
1276 1269 1526 1340 εἰρῆσθαι
1550 1268 1697 1321 δοκεῖ
1719 1282 1732 1297 ⁸

161 1367 292 1438 πλὴν
334 1365 474 1425 κάπὶ
508 1363 616 1418 τῶν
660 1364 914 1418 ἀπλανῶν
959 1363 1015 1416 δὲ
1063 1363 1198 1436 πρὸς
1243 1364 1369 1426 τοὺς
1425 1364 1499 1427 ὼς
1548 1362 1737 1431 ἔτυχεν

163 1457 517 1528 αἰτιωμένους
544 1456 604 1510 οὐ
642 1455 823 1518 καλῶς
860 1455 1003 1525 ἔχειν
1041 1455 1140 1525 τῆς
1172 1453 1341 1523 αὐτῆς
1379 1454 1587 1516 ἑννοίας
1616 1452 1738 1524 ἔχε-

162 1569 264 1606 ται.
295 1550 567 1604 Οὐδέποτε
592 1549 700 1621 γάρ
742 1549 928 1602 στάσιν
954 1547 1156 1618 έχουσι,
1188 1545 1264 1617 τῷ
1291 1547 1395 1600 ὐπὸ
1416 1546 1508 1599 τοῦ
1535 1545 1738 1618 κόσμου

165 1643 562 1717 περιάγεσθαι,
610 1642 713 1697 κᾶν
765 1644 852 1696 ἐπ’
896 1643 1060 1696 αὐτὸν
1104 1643 1150 1673 ⁹¹
1200 1642 1422 1712 μένωσι.
1467 1640 1586 1693 Τῶν
1631 1640 1740 1712 γὰρ

165 1738 406 1809 ἀστέρων
447 1737 497 1789 oi
548 1736 646 1807 μὲν
685 1735 1069 1805 ὲμπεπηγότες
1113 1733 1192 1805 τῷ
1231 1733 1445 1805 οὐρανῷ
1486 1732 1742 1796 ἀπλανεῖς

165 1829 430 1898 λέγονται,
473 1830 523 1882 οί
577 1828 636 1882 δὲ
682 1826 781 1899 τὴν
825 1827 1073 1882 ἐναντίαν
1116 1827 1406 1898 φερόμενοι
1454 1826 1742 1896 πλάνητες.

163 1922 324 1978 Αὐτοὶ
361 1921 420 1973 δὲ
460 1920 601 1974 ἑπτὰ
629 1917 802 1985 ὄντες,
832 1919 1128 1992 κατωτέρω
1155 1917 1248 1971 τοῦ
1276 1917 1506 1989 οὐρανοῦ
1535 1917 1630 1970 καὶ
1650 1914 1744 1969 τοῦ

167 2014 378 2085 αἰθέρος
419 2010 852 2083 περιδινούμενοι
880 2011 970 2064 τὸν
1022 2009 1260 2064 ἐναντίον
1297 2012 1364 2080 τῇ
1404 2009 1498 2062 τοῦ
1543 2009 1746 2078 κόσμου

168 2107 371 2176 στροφῇ
404 2103 608 2175 δρόμον
632 2101 916 2172 τρέχουσιν
936 2119 948 2132 ·
982 2099 1171 2172 ὥσπερ
1191 2101 1260 2165 εἰ,
1291 2099 1424 2163 νεὼς
1448 2101 1525 2163 είς
1556 2098 1749 2170 βορέαν

165 2197 360 2266 ἄνεμον
394 2194 727 2267 φερομένης,
765 2193 1030 2266 ἐπιϐάτης
1075 2195 1155 2257 εἰς
1186 2193 1336 2246 νότον
1365 2193 1493 2264 παρ’
1516 2193 1653 2262 αὐτῇ
1684 2194 1750 2263 τῇ

168 2286 253 2360 νηῒ
286 2287 498 2360 τρέχει.
544 2286 666 2340 Etsi.
698 2285 758 2339 δὲ
792 2285 971 2340 αὐτῶν
1026 2286 1082 2339 ai
1124 2286 1365 2355 κινήσεις
1405 2285 1601 2348 διτταὶ,
1630 2284 1666 2354 ἧ
1691 2301 1752 2336 τε

170 2381 405 2453 κοσμικὴ
449 2380 546 2442 καὶ
583 2380 616 2450 ή
666 2377 795 2435 ίδία.
841 2378 934 2433 Διὸ
987 2379 1080 2432 καὶ
1123 2379 1258 2450 πρὸς
1311 2377 1595 2449 σύγκρισιν
1647 2377 1754 2431 τῶν

171 2475 423 2529 ἀπλανῶν
467 2472 613 2526 οὕτω
655 2471 924 2545 πλάνητες
959 2471 1296 2544 ἐκλήθησαν·
1347 2472 1464 2543 ἦτοι
1512 2471 1620 2526 ἀπὸ
1660 2471 1754 2526 τοῦ

175 2568 378 2639 πλανᾷν
403 2565 562 2638 ἡμῶν
596 2563 696 2630 τὰς
727 2565 878 2635 ὄψεις
903 2581 916 2593 ·
953 2564 1046 2618 κοιλ⁸
1087 2563 1195 2636 γὰρ
1226 2563 1444 2632 πλάγιοι
1477 2565 1754 2636 φέρονται,

175 2662 265 2718 καὶ
292 2656 714 2722 ἀναποδίζουσιν
738 2657 908 2711 ἐνίοτε
926 2674 940 2688 ·
968 2655 1080 2712 ἔσθ’
1102 2658 1191 2711 ὅτε
1222 2657 1278 2710 δὲ
1303 2657 1398 2710 καὶ
1426 2656 1758 2729 προσωτέρω

178 2747 442 2820 χωροῦσιν
462 2766 476 2780 ο
509 2749 543 2818 ἢ
583 2748 691 2801 ἀπὸ
727 2747 822 2802 τοῦ
857 2749 1055 2813 αὐτοὺς
1088 2748 1411 2813 πλανᾶσθαι,
1443 2749 1636 2822 καὶμὴ
1661 2750 1759 2822 τὴν

180 2843 342 2916 αὐτὴν
391 2841 620 2915 πορείαν
659 2841 932 2897 ποιεῖσθαι
967 2845 1081 2907 τοῖς
1113 2841 1427 2896 ἀπλανέσιν.
1465 2842 1624 2898 Ὅθεν
1667 2844 1760 2898 καὶ

184 2933 414 3006 ’Ἄρατος
446 2934 548 3006 τὴν
581 2933 828 3005 πορείαν,
853 2934 919 2988 δι’
948 2929 1016 3006 ἦς
1050 2933 1270 3005 φέρεται
1297 2936 1327 2987 ό
1357 2935 1526 3005 ἥλιος,
1555 2935 1762 3007 πλάνην

183 3025 328 3084 εἶπεν
365 3026 536 3082 αὐτοῦ
562 3026 659 3080 καὶ
684 3027 899 3099 ἄλησιν.

321 3313 485 3371 Κατὰ
509 3313 623 3384 μὲν
642 3312 839 3382 ,βορέω
865 3311 963 3369 καί
991 3310 1252 3378 ἁλήσιος
1280 3313 1532 3380 ἠελίοιο.

186 3409 248 3461 Οί
273 3407 332 3461 δὲ
357 3405 720 3478 Πυθαγόρειοι
767 3405 828 3456 οὐ
863 3403 1022 3475 μόνον
1059 3404 1184 3466 τοὺς
1231 3402 1504 3473 πλάνητας
1533 3404 1767 3476 ἀστέρας

193 3499 462 3570 βούλονται
500 3499 636 3553 ίδίαν
682 3498 896 3570 κίνησιν
942 3495 1105 3567 ἔχειν,
1150 3494 1286 3549 ἀλλά
1311 3497 1405 3549 καὶ
1442 3496 1569 3558 τοὺς
1597 3497 1771 3549 ἀπλα-

190 3597 323 3657 νεῖς
352 3593 500 3647 οὓτω
549 3590 731 3663 μέντοι
769 3587 1058 3651 κινεῖσθαι,
1099 3588 1195 3641 καὶ
1235 3588 1364 3658 περὶ
1387 3587 1479 3640 τὸν
1515 3587 1645 3641 ἴδιον
1675 3606 1770 3642 κυ-

192 3686 429 3740 κλεῖσθαι
488 3682 689 3737 κύκλον
713 3695 731 3713 ⁶
761 3681 950 3752 ὥσπερ
1002 3679 1096 3734 τοῦ
1149 3679 1350 3742 παντὸς
1391 3678 1464 3750 μὴ
1515 3680 1774 3749 μεταϐαί-

193 3796 366 3844 νοντος
403 3776 634 3850 ἑτέρωθι
653 3818 671 3843 ,
708 3774 846 3830 ἀλλὰ
887 3774 1018 3846 περὶ
1062 3774 1154 3828 τὸν
1193 3773 1356 3828 αὐτὸν
1387 3773 1551 3827 τόπον
1599 3774 1768 3828 εἱλου-

261 3890 372 3927 νου.

261 3890 372 3927 νου.

194 3872 260 3952 μ
655 3964 753 4031 Τίς
793 3963 974 4018 οὐσία
1025 3961 1318 4030 ἀστέρων.

261 4067 349 4115 ια’.
388 4058 572 4130 Θαλῆς
631 4057 734 4129 μὲν
765 4058 828 4127 δὴ
860 4057 1055 4127 γηῒνην
1104 4054 1347 4126 ἔμπυρον
1382 4050 1500 4106 εἷπε
1534 4054 1633 4125 τὴν
1665 4054 1774 4108 τῶν

197 4156 437 4226 ἀστέρων
484 4152 676 4206 οὐσίαν
703 4169 718 4182 ο
764 4148 1135 4222 Ἐμπεδοκλῆς
1178 4148 1236 4200 δὲ
1284 4147 1543 4219 πυρίνους
1577 4148 1774 4211 αὐτοὺς

196 4246 333 4302 εἷπε.
363 4248 522 4310 Τινὲς
551 4245 609 4299 δὲ
642 4241 866 4313 γεώδεις
897 4245 1069 4295 εἰπεῖν
1095 4242 1291 4304 αὐτοὺς
1330 4241 1633 4312 ἐτόλμησαν
1651 4258 1663 4272 ο
1700 4235 1776 4295 ὧν

201 4344 309 4395 ἐστι
336 4341 432 4395 καὶ
464 4337 855 4406 Ἀναξαγόρας.
887 4334 1042 4389 Μετὰ
1070 4333 1178 4404 γὰρ
1201 4334 1298 4405 τὴν
1342 4333 1586 4404 πρώτην,
1620 4335 1774 4405 φησὶ,

199 4435 462 4507 διάκρισιν
495 4432 604 4484 τῶν
633 4429 909 4499 στοιχείων
932 4427 994 4480 τὸ
1022 4428 1132 4499 πῦρ
1166 4423 1529 4498 χωριζόμενον
1565 4425 1776 4496 ἐπὶ,τὴν

205 4525 331 4578 ἰδίαν
366 4525 529 4593 φύσιν
562 4521 896 4582 ἀνασπάσαι,
929 4519 1022 4572 καὶ
1047 4517 1285 4589 διάπυρα
1317 4516 1538 4586 ποιῆσαι
1562 4515 1776 4585 καὶτῆς

202 4601 298 4688 γῆς
355 4617 523 4689 μόριά
573 4631 713 4667 τινα.
753 4611 914 4664 Ὅθεν
974 4611 1182 4664 καὶτὸν
1225 4611 1376 4681 ἥλιον
1419 4609 1604 4679 ἔλεγεν
1636 4604 1776 4662 εἶναι

206 4709 416 4782 μύδρον,
449 4708 526 4771 ὡς
561 4706 687 4776 ἑξῆς
719 4703 968 4775 ἐροῦμεν,
1003 4703 1222 4773 Ἕτεροι
1261 4701 1317 4754 δὲ
1352 4701 1603 4773 κίσσηριν
1642 4698 1782 4753 πλα-

205 4802 318 4871 γίαν
349 4797 540 4860 οὖσαν,
572 4797 678 4850 ὐπὸ
707 4796 803 4866 τῆς
827 4795 1157 4868 θερμότητος
1183 4791 1274 4846 τοῦ
1303 4792 1517 4864 αἰθέρος
1541 4793 1779 4847 ἀναπτοο

207 4896 365 4968 μένην
385 4912 399 4926 ·
431 4892 529 4947 καὶ
559 4890 665 4944 ὑπὸ
687 4889 795 4942 τῶν
819 4885 1130 4958 τρυμαλιῶν
1146 4887 1272 4948 τούς
1290 4885 1525 4957 ἀστέρας
1547 4884 1776 4955 φαίνειν.

207 4989 420 5042 Πλάτων
450 4987 508 5042 δὲ
542 4987 607 5038 ὲκ
653 4982 762 5036 τῶν
801 4981 1083 5052 τεσσάρων
1114 4979 1409 5048 στοιχείων,
1450 4978 1702 5032 πλείστου
1724 4980 1782 5033 δὲ

209 5081 390 5152 πυρός.
443 5075 758 5146 Ξενοφάνης
812 5073 870 5126 δὲ
903 5072 1051 5142 λέγει
1079 5072 1204 5135 τοὺς
1235 5071 1474 5142 ἀστέρας
1510 5072 1576 5126 ἐκ
1602 5073 1780 5142 νεφῶν

211 5173 518 5227 συνεστάναι
579 5168 866 5241 ἐμπύρων,
923 5167 1018 5219 καὶ
1046 5164 1388 5229 σϐέννυσθαι,
1417 5165 1513 5217 καὶ
1552 5165 1784 5219 ἀνάπτει

208 5263 322 5317 σθαι
350 5261 552 5318 ὡσανεὶ
573 5258 874 5331 ἄνθρακας.
911 5256 1020 5310 Καὶ
1059 5255 1147 5308 ὅτε
1195 5253 1295 5324 μὲν
1329 5253 1610 5316 ἅπτονται,
1645 5271 1780 5323 φαν-

208 5359 388 5412 τασίαν
415 5358 565 5428 ἡμᾶς
592 5353 736 5423 ἔχειν
779 5348 1043 5419 ἀνατολῆς
1062 5364 1076 5378 ο
1107 5348 1194 5399 ὅτε
1236 5344 1292 5397 δὲ
1321 5344 1656 5408 σόέννυνται,
1690 5345 1783 5397 δύ-

212 5466 354 5512 σεως.
409 5451 472 5501 Οἱ
535 5444 766 5498 Στωϊκόι
814 5441 869 5494 δὲ
916 5444 980 5493 ὲκ
1031 5436 1201 5508 πυρὸς
1249 5433 1497 5504 λέγουσιν
1548 5436 1778 5499 αὐτούς·

209 5543 366 5612 πυρὸς
393 5540 450 5593 δὲ
482 5537 579 5592 τοῦ
615 5535 786 5599 θείου,
815 5533 910 5586 καὶ
961 5531 1154 5590 ἀϊδίου.
1178 5528 1273 5582 καὶ
1307 5527 1366 5579 οὐ
1399 5526 1785 5598 παραπλησίου

209 5633 278 5703 τῷ
308 5637 432 5705 παρ’
474 5633 608 5702 ἡμῖν
631 5646 646 5659 ο
704 5626 858 5680 τοῦτο
911 5623 1020 5697 γὰρ
1063 5618 1380 5693 φθαρτικὸν,
1415 5619 1511 5677 καὶ
1543 5620 1602 5674 οὐ
1631 5637 1783 5691 παμ-

209 5743 353 5794 φαες.

278 5886 318 5922 ’³
350 5886 388 5941 Ι.
425 5885 510 5938 ἐπ’
549 5881 738 5937 αὐτοῦ.

1831 613 1975 667 inter
2006 611 2236 668 mundos
2261 610 2568 681 interiecta.

2487 722 2558 778 De
2585 723 2760 779 stella.

1907 816 1996 870 lO.
2031 813 2302 870 Diodorﬁs
2320 814 2534 870 stellam
2559 814 2748 871 deﬁnit
2774 829 2974 886 corpus
3003 814 3272 884 divinum,
3301 830 3414 872 eteo

1837 909 1990 974 ieste,
2022 909 2377 979 ejusdemque
2411 923 2536 963 eum
2572 922 2658 974 eo,
2683 908 2738 963 in
2773 923 2880 980 quo
2918 915 3002 964 est
3035 908 3176 974 loco,
3204 918 3414 964 natura:

1839 999 2148 1071 particeps,
2189 997 2532 1071 splendidum
2585 1013 2822 1070 corpus,
2863 1013 3042 1067 neque
3102 998 3416 1054 consistens

1840 1107 2102 1161 unquam,
2149 1092 2244 1147 sed
2283 1092 2339 1146 in
2379 1093 2570 1148 orbem
2619 1107 2679 1148 se
2723 1098 2986 1162 perpetuo
3021 1106 3270 1146 versans.
3321 1089 3418 1146 Sic

1839 1184 2005 1238 etiam
2043 1182 2374 1241 Posidonius
2417 1184 2636 1240 Stoicus
2677 1191 2805 1240 ante
2846 1184 3144 1240 Diodorum
3182 1182 3412 1239 deliniit.

1840 1274 1998 1340 Quod
2038 1284 2217 1330 autem
2257 1276 2312 1329 in
2355 1274 2669 1331 deﬁnitione
2726 1274 2967 1345 positum
3021 1282 3126 1337 est,
3172 1290 3193 1324 ι
3229 1287 3414 1344 neque

1841 1366 2151 1420 consistens
2178 1380 2444 1436 unquam,
2491 1384 2511 1418 ι
2537 1365 2750 1421 videtur
2781 1364 2850 1419 ad
2888 1364 3036 1419 solos
3059 1369 3306 1418 errantes
3330 1377 3420 1418 re-

1843 1457 1994 1514 ferri.
2029 1456 2230 1513 Verum
2279 1459 2347 1515 de
2398 1458 2521 1515 lixis
2555 1473 2774 1530 quoque
2810 1457 2984 1514 stellis
3021 1456 3213 1513 eodem
3251 1470 3420 1513 sensu

1845 1550 2009 1607 debet
2045 1550 2244 1623 accipi,
2287 1559 2481 1606 contra
2524 1566 2688 1622 quam
2738 1549 2817 1605 illi
2870 1548 3107 1606 fortasse
3148 1547 3419 1619 iudicant,

1845 1646 1939 1718 qui
1970 1647 2176 1704 dictum
2233 1645 2370 1701 illud
2418 1653 2623 1701 temere
2669 1643 3093 1715 reprehendunt.
3138 1641 3422 1713 Siquidem

1849 1741 2159 1797 inerrantes
2184 1738 2356 1796 stellae
2377 1752 2661 1808 nunquam
2690 1736 2917 1792 omnino
2939 1735 3264 1807 quiescunt;
3295 1749 3421 1790 eum

1850 1832 2070 1890 assidua
2097 1830 2286 1887 mundi
2313 1830 2610 1901 agitatione
2634 1828 2950 1899 rapiantur,
2977 1826 3081 1883 etsi
3116 1827 3172 1880 in
3209 1841 3273 1881 eo
3302 1840 3427 1896 per-

1848 1933 2127 1980 maneant.
2181 1921 2394 1978 Etenim
2445 1921 2728 1978 stellarum
2779 1920 2899 1975 alia;
2951 1919 3006 1974 in
3053 1917 3192 1974 etelo
3239 1915 3429 1973 deﬁxae

1849 2017 2158 2074 inerrantes
2195 2023 2463 2072 vocantur
2482 2056 2498 2082 ,
2523 2015 2642 2070 aliae
2688 2030 2720 2070 e
2748 2013 3028 2070 contrario
3062 2018 3346 2069 moventes
3370 2026 3430 2068 se

1849 2111 2084 2182 planetae
2113 2110 2492 2166 nominantur.
2528 2107 2596 2164 lli
2625 2116 2754 2164 sunt
2783 2121 3014 2163 numero
3055 2112 3288 2176 septem,
3335 2102 3432 2173 qui

1853 2203 1996 2258 infra
2043 2203 2268 2267 coelum,
2301 2209 2465 2272 atque
2491 2200 2694 2256 samera
2729 2198 3050 2255 eireumacti
3094 2194 3434 2252 contrarium

1854 2293 2043 2352 mundi
2071 2292 2554 2349 circumvolutioni
2600 2291 2705 2346 iter
2733 2290 2996 2346 insistunt
3023 2303 3038 2341 :
3078 2285 3434 2359 quemadmo-

1855 2386 1982 2440 dum
1999 2385 2046 2439 si
2062 2384 2186 2439 navi
2209 2385 2274 2439 ad
2305 2383 2613 2455 aquilonem
2631 2383 2817 2444 citata,
2833 2387 3020 2435 vector
3037 2384 3285 2432 austrum
3302 2391 3427 2432 ver-

1857 2493 1952 2534 sus
1980 2478 2036 2531 in
2069 2476 2260 2532 eadem
2295 2490 2416 2531 sese
2455 2481 2688 2528 moveat.
2723 2470 2936 2526 Habent
2975 2476 3157 2524 autem
3202 2466 3436 2537 planetae

1858 2580 2040 2626 motus
2071 2568 2337 2640 duplices,
2374 2565 2708 2622 mundanum
2735 2573 2792 2621 et
2817 2565 3119 2635 proprium.
3148 2559 3275 2616 Ideo
3307 2575 3434 2616 cum

1859 2664 1984 2718 lixis
2007 2668 2335 2731 comparatae
2366 2658 2536 2716 stellae
2563 2658 2684 2712 istae
2712 2657 2971 2728 planetae,
3006 2655 3109 2710 hoc
3138 2659 3222 2709 est
3247 2665 3438 2708 erran-

1861 2764 1944 2810 tes
1973 2753 2255 2825 appeliata:
2282 2759 2443 2817 sunt;
2470 2748 2557 2804 vel
2587 2747 2731 2819 quod
2759 2761 3003 2803 errorem
3020 2743 3198 2800 oculis
3230 2741 3437 2798 nostris

1860 2845 2147 2916 objiciunt.
2182 2841 2318 2897 Nam
2345 2849 2400 2898 et
2421 2840 2654 2911 obliquae
2683 2838 2935 2894 feruntur
2955 2877 2970 2902 ,
2998 2846 3053 2892 et
3085 2841 3232 2890 retro
3265 2847 3442 2905 agun-

1863 2946 1954 2992 tur
1975 2936 2274 2992 interdum.
2304 2935 2455 2990 Alias
2494 2932 2920 3005 progrediuntur
2957 2929 3208 2987 ulterius.
3241 2926 3339 2983 Vel
3369 2941 3440 2986 at)

1863 3043 1928 3084 eo
1950 3027 2096 3098 quod
2133 3033 2321 3082 errent
2363 3026 2518 3096 ipsas,
2563 3037 2664 3079 nec
2699 3022 2954 3078 eumdem
2996 3036 3119 3077 cum
3162 3019 3288 3075 lixis
3312 3034 3445 3075 cur»

1865 3133 1989 3176 sum
2017 3124 2260 3174 teneant.
2283 3115 2422 3170 Hinc
2438 3115 2640 3170 Aratus
2673 3114 2778 3170 iter
2797 3113 2952 3179 solis,
2985 3128 3080 3184 per
3101 3111 3248 3184 quod
3273 3121 3442 3177 meat.

1789 3229 1830 3286 α
1864 3223 2106 3266 errorem
2145 3214 2198 3262 et
2225 3207 2570 3278 vagationem
2599 3205 2848 3258 nominat
2879 3221 2894 3258 :

2011 3304 2015 3308 ’
2060 3319 2166 3374 Per
2197 3317 2408 3372 boream
2440 3325 2489 3370 et
2516 3316 2643 3370 solis
2671 3316 3053 3387 evagationem.

1872 3413 1936 3465 At
1986 3408 2310 3482 Pythagorei
2357 3423 2467 3461 non
2526 3406 2704 3461 solum
2763 3407 2998 3478 planetis
3051 3411 3257 3460 motum
3313 3421 3443 3477 pro—

1871 3503 2051 3574 prium
2086 3500 2389 3563 ascribunt,
2425 3497 2520 3554 sed
2562 3499 2729 3554 etiam
2759 3499 3153 3555 inerrantibus.
3187 3498 3335 3565 Quas
3370 3500 3445 3555 ita

1870 3594 2006 3650 cieri
2046 3593 2266 3658 volunt,
2291 3599 2346 3647 et
2372 3605 2580 3672 circum
2611 3590 2800 3646 orbem
2835 3607 2994 3647 suum
3025 3593 3242 3662 agitari,
3283 3599 3346 3646 ut
3379 3608 3449 3648 ne

1872 3691 1982 3761 79
2012 3689 2118 3745 alio
2147 3687 2386 3744 mundus
2421 3685 2661 3756 recedat,
2679 3686 2775 3745 sed
2801 3687 3008 3743 circum
3042 3685 3181 3741 idem
3212 3689 3450 3761 spatium

1874 3782 2096 3842 assidue
2123 3789 2428 3838 moveatur.
2817 3761 2831 3774 ’

2255 3960 2386 4027 Qua:
2417 3961 2486 4014 sit
2519 3968 2713 4014 natura
2750 3959 3042 4015 stellarum.

1946 4056 2034 4111 ii.
2071 4054 2311 4109 Thaletis
2347 4053 2534 4123 Opinio
2579 4060 2664 4109 est
2709 4061 2963 4108 naluram
3009 4052 3290 4106 stellarum
3329 4063 3453 4107 esse

1875 4154 2188 4202 terrestrem
2234 4153 2288 4200 et
2330 4146 2583 4214 igneam;
2631 4141 2985 4215 Empedocles
3016 4141 3234 4198 easdem
3266 4141 3454 4212 igneas

1875 4256 1998 4296 esse
2025 4238 2178 4293 dicit.
2207 4236 2436 4302 Quidam
2473 4242 2721 4290 terrenas
2763 4228 2888 4289 illas
2941 4233 3057 4287 ausi
3094 4239 3223 4288 sunt
3249 4231 3450 4296 facere,

1877 4343 1937 4388 ut
1961 4331 2334 4401 Anaxagoras.
2375 4327 2473 4381 Hie
2501 4327 2646 4382 enim
2676 4325 2772 4390 ait,
2804 4334 2927 4396 post
2956 4327 3186 4396 primam
3212 4324 3456 4379 elemen-

1879 4433 2056 4481 torum
2087 4421 2466 4484 secretionem,
2505 4419 2683 4490 ignem
2718 4425 3060 4489 separantem
3094 4432 3175 4481 se,
3218 4417 3456 4470 nonnul-

1880 4517 1962 4573 las
2020 4525 2178 4573 terrae
2228 4522 2411 4584 partes
2467 4511 2532 4566 ad
2583 4524 2739 4566 suam
2794 4511 3029 4564 traxisse
3075 4516 3353 4571 naturam,
3404 4517 3459 4563 et

1881 4613 2067 4682 igneas
2111 4607 2436 4664 reddidisse.
2485 4603 2643 4659 Unde
2689 4613 2744 4658 et
2792 4602 2961 4658 solem
3011 4613 3245 4657 massam
3287 4600 3457 4655 veluti

1879 4703 2008 4760 ferri
2045 4718 2167 4757 esse
2193 4700 2428 4762 volebat,
2454 4705 2514 4751 ut
2535 4696 2700 4768 paulo
2725 4703 2850 4766 post
2883 4694 3116 4753 dicetur.
3145 4693 3249 4748 Alii
3278 4693 3458 4763 pumi-

1880 4811 1997 4852 cem
2027 4795 2300 4865 obliquam
2335 4807 2459 4847 esse
2487 4789 2815 4857 docuerunt,
2854 4802 3019 4859 quam
3047 4787 3264 4842 aetheris
3293 4785 3460 4841 ardor

1881 4887 2182 4950 accendat:
2215 4900 2280 4939 ac
2312 4899 2409 4954 per
2453 4883 2600 4938 illius
2651 4879 2920 4936 foramina
2953 4878 3217 4949 transpici
3247 4879 3456 4938 stellas.

1880 4980 2036 5034 Plato
2065 4997 2132 5035 ex
2177 4977 2463 5034 elementis
2515 4983 2772 5032 constare
2799 4981 3071 5044 quatuor,
3107 4971 3203 5028 sed
3252 4969 3462 5041 majore

1883 5087 2062 5130 tamen
2106 5073 2249 5144 ignis
2281 5079 2457 5144 parte.
2496 5069 2862 5141 Xenophanes
2902 5085 2981 5136 ex,
3004 5067 3244 5124 nubibus
3273 5067 3462 5138 ignitis

1886 5168 1998 5222 ﬁeri
2033 5168 2244 5231 stellas,
2275 5180 2479 5236 easque
2510 5164 2810 5220 carbonum
2847 5163 3021 5217 instar
3046 5158 3320 5231 exstingui
3365 5175 3461 5214 ac-

1881 5261 2154 5330 cendique
2202 5259 2432 5330 iudicat.
2460 5258 2598 5312 Cum
2647 5265 2829 5312 autem
2879 5255 3271 5316 accenduntur,
3304 5259 3462 5309 ortus

1883 5353 2175 5423 quamdam
2233 5351 2472 5422 praebere
2527 5348 2806 5421 speciem:
2839 5363 2962 5402 cum
3013 5346 3459 5415 exstinguuntur,

1885 5463 2137 5504 occasus.
2175 5445 2346 5500 Stoici
2377 5457 2445 5499 ex
2485 5443 2608 5514 igne
2631 5439 2886 5510 componi
2911 5449 3122 5510 putant,
3156 5437 3250 5492 sed
3275 5450 3340 5491 eo
3372 5435 3462 5490 di-

1887 5543 2014 5598 vino
2070 5549 2124 5596 et
2163 5552 2386 5604 aeterno,
2439 5553 2616 5608 neque
2641 5535 2808 5604 hujus
2867 5534 3042 5589 nostri
3085 5530 3270 5588 simili.
3305 5528 3468 5588 Hum

1889 5637 2034 5692 enim
2067 5633 2368 5704 corrumpi,
2403 5646 2579 5702 neque
2604 5630 2788 5686 lucere
2817 5628 3061 5700 penitus.
