3816 6332
389 350 493 412 951

883 468 961 525 De
983 432 1257 526 stellarum
1280 468 1453 541 ﬁgura

460 583 551 641 12.
599 579 892 640 Cleanthes
938 583 1183 639 conicam
1226 581 1297 639 iis
1343 581 1574 654 ﬁgurant
1621 581 1825 640 tribuit.
1858 577 1961 637 Alii

387 678 732 736 bractearum
760 677 969 733 similes
1006 675 1216 733 faciunt
1244 691 1312 732 ex
1344 677 1481 748 igni,
1524 684 1608 733 ssc
1648 685 1711 731 ut
1738 675 1964 747 profun-

386 771 558 827 ditate
582 774 833 825 carentes
865 768 996 834 sint,
1019 768 1305 837 instarque
1327 766 1577 838 picturae.
1603 765 1837 834 Quidam
1868 783 1965 836 py-

389 862 629 918 ramidas
657 876 780 919 esse
817 861 1022 918 volunt.
1067 859 1239 917 Stoici
1265 861 1532 934 sphaerion
1565 862 1736 934 ﬁgura
1766 862 1964 934 praedi-

385 964 494 1022 tas,
528 963 588 1011 ut
612 962 668 1012 et
693 955 861 1012 solem
883 962 941 1011 et
971 954 1217 1011 ambiens
1244 954 1467 1011 caelum.

771 1074 856 1129 An
889 1080 1010 1129 sunt
1044 1074 1345 1129 animantes
1385 1071 1574 1128 stella.

457 1186 546 1244 15.
565 1186 784 1243 Animal
807 1194 914 1252 est,
945 1195 1007 1243 ut
1034 1185 1288 1243 Eudorus
1304 1186 1514 1251 deﬁnit,
1533 1187 1716 1243 anima
1737 1187 1962 1259 praedita

383 1279 804 1336 natura.Stellas
818 1295 948 1337 vero
962 1279 1271 1336 animantes
1284 1294 1407 1335 esse
1422 1295 1598 1350 neque
1606 1279 1962 1352 Anaxagorae,

383 1387 562 1443 neque
580 1370 891 1428 Democrito
917 1373 1151 1437 videtur,
1188 1388 1367 1444 neque
1395 1371 1629 1443 Epicuro
1659 1372 1713 1427 iu
1743 1372 1966 1429 Brevia-

383 1463 468 1519 rio
500 1461 571 1519 ad
606 1462 965 1520 Herodotum.
984 1465 1055 1520 At
1085 1464 1301 1521 Platoni
1325 1464 1540 1521 videtur
1568 1464 1628 1519 in
1668 1464 1890 1531 Timeo,
1911 1474 1965 1521 et

381 1554 665 1635 Aristoteli
687 1558 743 1612 in
764 1559 1009 1614 secundo
1037 1558 1110 1613 De
1129 1558 1293 1621 caelo;
1325 1568 1378 1615 et
1392 1558 1702 1631 Chrysippo
1717 1559 1860 1617 libro
1892 1558 1964 1614 De

381 1650 712 1721 providentia
741 1661 792 1707 et
827 1651 954 1707 diis.
983 1652 1238 1723 Epicurei
1267 1669 1432 1725 porro
1457 1669 1580 1710 esse
1609 1660 1809 1724 negant
1846 1653 1964 1708 ani-

381 1743 586 1810 malia,
635 1744 783 1815 quod
840 1746 1168 1815 corporibus
1225 1746 1634 1801 contineantur.
1699 1744 1869 1801 Stoici
1932 1761 1963 1801 e

1409 351 1497 407 AD
1529 348 1799 409 EUSEBll
1836 346 2240 408 CHRONICON
2276 353 2636 413 APPENDIX.

1989 466 2042 525 Α

3534 355 3641 415 952

2445 470 2586 540 Περὶ
2619 475 2931 542 σχήματος
2975 471 3263 542 ἀστέρων.

2138 584 2228 655 ιβ’.
2262 588 2545 659 Κλεάνθης
2567 588 2766 653 αὐτοὺς
2803 588 3084 653 κωνοειδὲς
3100 588 3244 660 ἔχειν
3271 587 3461 660 σχῆμά
3485 605 3638 658 φησι.

2065 680 2221 745 Τινὲς
2247 680 2306 733 δὲ
2336 679 2587 744 πετάλοις
2608 679 2841 735 ἐοικέναι
2865 681 2932 735 ὲκ
2962 680 3155 752 πυρὸς,
3186 679 3348 751 βάθος
3366 681 3467 734 ούκ
3492 679 3641 751 ἔχον-

2064 790 2183 839 τας,
2216 772 2329 827 ἀλλ’
2351 771 2541 844 ῶσπερ
2577 772 2797 841 γραφὰς
2831 767 2990 828 εἶναι.
3025 771 3182 836 Τινὲς
3206 771 3263 825 δὲ
3303 771 3638 842 πυραμίδας.

2064 866 2127 921 Ol
2153 866 2210 919 δὲ
2239 866 2466 920 Στωϊκοὶ
2496 864 2783 938 σφαιρικὸν
2818 865 2964 936 ἔχειν
2991 864 3178 936 σχῆμα
3210 864 3451 933 λέγουσι,
3472 862 3643 917 καθά.

2063 974 2170 1029 περ
2188 957 2279 1012 τὸν
2309 956 2458 1029 ἥλιον
2472 957 2567 1011 καὶ
2590 955 2681 1012 τὸν
2702 957 3023 1029 περιέχοντα
3045 955 3293 1028 οὐρανόν.

2557 1074 2648 1143 Εὶῆ
2660 1070 2773 1133 ζῶα
2795 1074 2851 1125 οἱ
2870 1070 3141 1141 ἀστέρες.

2136 1190 2228 1254 ιγ’.
2248 1184 2394 1237 Ζῶόν
2413 1186 2578 1247 ἐστιν,
2598 1183 2672 1248 ὡς
2697 1183 2945 1256 Εὔδωρος
2982 1201 3165 1256 φησιν,
3192 1181 3437 1254 ἔμψυχος
3467 1182 3639 1243 οὐσία,

2064 1278 2204 1342 Τοὺς
2251 1277 2489 1349 ἀστέρας
2511 1277 2568 1330 δὲ
2619 1276 2736 1341 ζῶα
2771 1272 2907 1330 εἶναι
2949 1275 3074 1330 οὔτε
3122 1274 3497 1347 ’Δναξαγόρᾳ,
3522 1272 3641 1327 οὔτε

2063 1371 2385 1444 Δημοκρίτῳ
2406 1370 2571 1431 δοκεῖ,
2616 1368 2739 1423 οὔτε
2782 1367 3087 1440 Ἐπικούρῳ
3122 1369 3181 1422 ὲν
3212 1369 3279 1439 τῇ
3305 1365 3446 1438 πρὸς
3490 1361 3644 1435 Ἠρό-

2061 1461 2210 1516 δοτον
2261 1461 2546 1533 Ἐπιτομῇ.
2599 1459 2844 1513 Πλάτωνι
2891 1458 2948 1511 δὲ
2986 1458 3134 1512 δοκεῖ
3162 1458 3221 1511 ὲν
3284 1460 3519 1525 Τιμαίῳ,
3553 1455 3645 1509 καὶ

2076 1555 2438 1629 Ἀριστοτέλει
2489 1558 2548 1610 ὲν
2584 1555 2819 1626 δευτέρῳ
2868 1553 3004 1621 Περὶ
3035 1550 3319 1621 οἰφανοῦ·
3376 1549 3472 1604 καὶ
3500 1546 3646 1621 Χρυ-

2066 1650 2252 1721 σίππῳ
2293 1649 2352 1703 ὲν
2399 1648 2478 1720 τῷ
2548 1648 2685 1717 Περὶ
2740 1647 3027 1715 προνοίας
3096 1643 3194 1698 καὶ
3241 1641 3412 1697 θεῶν.
3470 1642 3534 1694 Οί
3590 1638 3644 1693 δὲ

2077 1741 2439 1813 Ἐπικούρειοί
2472 1758 2606 1810 φασι
2652 1739 2724 1811 μὴ
2758 1734 2895 1793 εἶναι
2926 1736 3089 1802 ζῴδια
3110 1754 3124 1768 ·
3154 1735 3277 1789 ἐπεὶ
3310 1732 3418 1789 ὑπὸ
3464 1733 3648 1803 σωμά-

380 1813 667 1894 contrario
696 1813 1002 1908 disputant.
1044 1836 1377 1895 Posidonius
1416 1839 1739 1909 ignorantiae
1780 1839 1962 1910 arguit

2071 1851 2174 1887 των
2209 1832 2510 1903 συνέχεται.
2547 1829 2951 1893 υἱδὲΣτωῖκοὶ
3006 1828 3067 1881 τὸ
3116 1824 3408 1881 ἀνάπαλιν.
3457 1825 3647 1877 Ποσειο

381 1924 716 1998 Epicureos,
763 1926 909 1997 quod
959 1928 1171 1983 animas
1228 1942 1459 1998 corpora
1504 1927 1729 1984 minime
1786 1929 1963 1985 conti-

382 2028 592 2087 neant;
621 2019 716 2077 sed
758 2022 954 2075 animze
985 2035 1236 2091 corpora,
1268 2028 1329 2077 ut
1361 2021 1547 2092 gluten
1575 2028 1687 2075 tam
1710 2037 1771 2078 se
1799 2035 1959 2092 quam

379 2113 732 2173 extrinsecus
779 2115 1049 2186 applicata
1095 2116 1359 2202 continet.
1414 2113 1548 2171 Nam
1599 2115 1745 2186 quod
1793 2116 1963 2172 stellae

378 2206 497 2263 sint
523 2207 805 2275 animalia,
833 2225 898 2265 ex
934 2225 1001 2266 eo
1040 2208 1215 2265 Stoici
1257 2210 1635 2265 demonstrant
1657 2251 1673 2276 ,
1701 2209 1958 2280 quoniam

380 2302 569 2356 omnia
591 2317 715 2373 quae
743 2310 873 2359 sunt
903 2304 958 2359 in
985 2305 1147 2368 caelo.
1183 2303 1341 2375 ignea
1368 2310 1519 2365 sunt.
1550 2309 1625 2369 et,
1665 2309 1723 2358 ut
1752 2310 1962 2358 natura:

380 2406 500 2447 suae
523 2391 798 2463 congruit,
824 2407 889 2447 ac
927 2392 1042 2456 diu,
1070 2399 1125 2449 et
1168 2393 1225 2448 in
1251 2392 1439 2448 orbem
1468 2397 1778 2449 moventur.
1806 2389 1963 2445 Judi-

379 2482 471 2538 cio
493 2482 677 2554 itaque
707 2483 935 2555 praedita
962 2491 1112 2541 sunt.
1142 2482 1301 2551 Quod
1344 2483 1391 2540 si
1433 2498 1623 2539 verum
1663 2491 1769 2561 est,
1794 2481 1957 2538 etiam

380 2577 639 2633 animalia
672 2585 822 2641 sunt,
850 2584 905 2634 et
932 2577 1252 2633 varietatem
1288 2576 1488 2633 habent
1537 2576 1594 2630 in
1642 2584 1813 2630 motu.
1845 2573 1960 2628 Hoc

380 2677 562 2727 autem
608 2671 937 2727 animalibus
988 2675 1358 2726 consentanee
1412 2667 1634 2723 accidit.
1689 2665 1959 2723 Praeterea

378 2778 481 2820 sua
511 2774 641 2821 sunt
664 2763 950 2821 elementis
992 2764 1249 2820 omnibus
1284 2761 1605 2818 animantia.
1646 2759 1958 2816 Absurdum

380 2865 465 2914 est
505 2864 707 2921 autem,
746 2857 893 2929 quod
939 2857 1226 2914 elementis
1274 2856 1551 2913 antecellit
1596 2854 1854 2911 omnibus
1905 2853 1960 2909 id

381 2946 740 3004 animantium
777 2965 974 3020 expers
1008 2964 1133 3005 esse
1158 2949 1363 3005 dicere.

718 3063 860 3131 Quid
895 3063 959 3117 ab
989 3074 1135 3119 astro
1163 3065 1318 3119 stella
1354 3064 1631 3133 discrepet.

452 3174 542 3231 14.
585 3173 752 3231 Stella
780 3183 865 3230 est
908 3173 1202 3243 ejusmodi,
1235 3182 1296 3229 ut
1342 3172 1566 3228 Saturni
1600 3180 1655 3229 et
1680 3170 1957 3239 Mercurii,
1986 3181 2032 3238 ο

381 3283 491 3324 una
549 3282 814 3332 numero;
862 3274 1070 3323 astrum
1123 3282 1255 3323 vero
1303 3273 1543 3339 systema
1598 3266 1856 3336 plurium,
1906 3273 1965 3320 ut

381 3360 751 3423 Andromeda,
783 3358 1091 3416 Centaurus
1118 3377 1135 3426 ;
1166 3358 1314 3430 quod
1342 3358 1639 3416 discrimen
1665 3373 1773 3414 non
1809 3357 1966 3428 igno-

380 3455 523 3513 ravit
557 3454 780 3521 Aratus,
803 3467 931 3509 cum
960 3452 1041 3509 sic
1060 3452 1342 3523 loquitur:

522 3567 685 3695 ἓδιῆα
712 3567 1014 3623 discernens
1038 3584 1056 3622 :
1085 3566 1311 3634 providit
1343 3582 1461 3621 vero
1492 3566 1547 3620 in
1577 3580 1773 3620 annum

569 3648 615 3693 te
662 3656 745 3692 as.

569 3648 745 3693 tellus.

368 3744 378 3756 ’
454 3752 727 3808 Diodorus
759 3757 815 3806 et
854 3750 946 3805 alii
989 3750 1354 3806 mathematici
1388 3757 1500 3804 tam
1542 3746 1762 3818 proprie
1799 3761 1961 3816 quam

383 3843 748 3898 communiter
759 3841 1076 3898 asterismos
1089 3850 1142 3898 et
1158 3843 1344 3899 stellas
1361 3851 1510 3897 astra
1528 3839 1832 3901 nominant,
1849 3838 1966 3892 Pla-

383 3935 533 3992 tonis
554 3935 870 3992 testimonio
892 3933 1038 4002 freti,
1062 3934 1153 4005 qui
1181 3943 1390 4006 septem
1414 3934 1660 4004 planetas
1683 3932 1737 3986 in
1766 3930 1963 3986 Timma

382 4036 546 4086 vocat
586 4035 757 4084 astra.
803 4027 968 4084 Canis
1004 4044 1135 4085 vero
1172 4029 1384 4084 stellam
1431 4025 1707 4097 praecipue
1754 4033 1961 4080 astrum

385 4120 727 4177 consuetudo
760 4120 1038 4192 popularis
1072 4120 1326 4191 appellat.
1356 4117 1624 4175 Caatemm
1660 4115 1816 4171 stella
1843 4130 1965 4169 om-

384 4213 473 4270 nis
516 4224 722 4270 astrum
775 4222 901 4279 est;
956 4230 1065 4269 non
1117 4221 1309 4267 contra
1367 4219 1577 4269 astrum
1631 4217 1716 4266 est
1763 4207 1960 4275 stella;

382 4322 709 4382 quamquam
724 4307 1092 4363 Callimachus
1124 4306 1197 4361 ita
1228 4305 1421 4362 scribit
1454 4324 1467 4360 :

859 4460 874 4473 .
976 4419 1139 4473 Prius
1168 4418 1336 4473 stella:
1368 4417 1662 4479 Berenices,

2067 1927 2253 1991 δὼνιος
2273 1926 2330 1980 δὲ
2363 1927 2577 1996 ἀγνοεῖν
2626 1925 2752 1988 τοὺς
2796 1921 3201 1994 Ἐπικουρείους
3246 1919 3350 1990 ἔφη
3373 1958 3389 1982 ,
3425 1918 3503 1982 ὡς
3527 1916 3646 1970 οὔτε

2069 2018 2297 2090 σώματα
2308 2017 2407 2083 τὰς
2430 2016 2607 2089 ψυχὰς
2628 2016 2859 2086 συνέχει,
2884 2013 2997 2068 ἀλλ’
3020 2013 3077 2066 αἱ
3095 2011 3263 2082 ψυχαὶ
3288 2009 3358 2063 τὰ
3386 2007 3645 2080 σώματα·

2068 2112 2256 2185 ὥσπερ
2290 2113 2436 2183 καὶὴ
2468 2110 2630 2165 κόλλα
2653 2110 2747 2165 καὶ
2780 2109 2997 2180 ἑαυτὴν,
3022 2108 3117 2162 καὶ
3142 2106 3212 2159 τὰ
3244 2102 3405 2167 ἐκτὸς
3434 2103 3645 2175 κρατεῖ.

2069 2206 2266 2260 ’Ότιδὲ
2316 2205 2367 2259 οἱ
2421 2204 2649 2275 ἀστέρες
2676 2202 2813 2268 ζῶα,
2841 2200 3081 2275 χρῶνται
3128 2198 3265 2272 πρὸς
3302 2195 3581 2260 ἀπόδειξιν
3600 2194 3648 2246 οἱ

2068 2299 2296 2352 Στωϊκοὶ
2317 2297 2526 2361 τούτοις
2541 2313 2555 2327 ο
2587 2296 2772 2350 Πάντα
2787 2295 2856 2349 τὰ
2883 2298 2940 2349 ἐν
2960 2293 3037 2364 τῷ
3052 2293 3112 2347 ού
3121 2290 3267 2363 ρανῷ
3284 2288 3537 2363 πυρώδη,
3557 2287 3649 2339 καὶ

2070 2392 2209 2446 κατά
2234 2391 2525 2460 φύσιν,καὶ
2553 2390 2922 2462 πολυχρονίως
2949 2389 3201 2449 κινεῖται,
3220 2384 3315 2438 καὶ
3349 2379 3644 2444 κυκλικῶς.

2066 2485 2274 2541 υύκοῦν
2290 2484 2383 2538 καὶ
2400 2485 2578 2556 κρίσιν
2595 2483 2723 2554 ἔχει.
2741 2484 2803 2536 Εἰ
2830 2482 2886 2536 δὲ
2907 2480 3086 2554 κρίσιν
3103 2478 3237 2551 ἔχει,
3258 2475 3353 2531 καὶ
3370 2473 3490 2540 {ea
3514 2476 3645 2537 ἐστι,

2068 2580 2163 2633 καὶ
2210 2578 2457 2640 ποικίλας
2480 2576 2660 2648 ἔχουσι
2688 2577 2946 2647 κινήσεις.
2997 2572 3169 2627 Τοῦτο
3232 2571 3289 2625 δὲ
3326 2571 3445 2633 τοῖς
3491 2566 3645 2633 ζώοις

2066 2674 2274 2727 ἕπεται.
2291 2671 2400 2726 Καὶ
2413 2671 2587 2725 πάντα
2610 2668 2680 2723 τὰ
2704 2671 2942 2740 στοιχεῖα
2967 2665 3080 2732 ζῶα
3108 2664 3489 2737 ἔχει.Ἀτοπον
3515 2660 3572 2713 δὲ
3588 2656 3647 2713 τὸ

2040 2770 2045 2775 “
2068 2767 2311 2838 κρεῖττον
2326 2762 2546 2818 πάντων
2568 2762 2677 2817 τῶν
2705 2761 2982 2833 στοιχείων
3010 2757 3162 2823 ζώων
3194 2757 3424 2829 ἄμοιρον
3453 2754 3643 2807 εἰπεῖν.

2414 3066 2474 3121 Tl
2495 3065 2612 3137 μὲν
2636 3062 2831 3134 ἀστήρ
2848 3080 2861 3095 ·
2893 3065 2949 3119 τί
2966 3062 3034 3117 δὲ
3060 3062 3309 3131 ἄστρον.

2139 3181 2219 3235 ιδ’.
2270 3176 2471 3251 Ἀστὴρ
2504 3178 2603 3249 μέν
2656 3179 2807 3231 ἐστιν
2847 3176 2923 3240 ὠς
2956 3175 3020 3230 ἂν
3052 3177 3082 3229 ὁ
3102 3172 3197 3228 τοῦ
3220 3171 3460 3245 Κρόνου,
3484 3171 3518 3241 ῆ
3548 3168 3640 3223 τοῦ

2079 3273 2305 3347 Ἑρμοῦ,
2337 3268 2419 3337 εἷς
2456 3270 2675 3343 ἀριθμῷ
2696 3288 2709 3301 ·
2751 3270 2951 3342 ἄστρον
2984 3269 3041 3322 δὲ
3066 3267 3121 3321 τὸ
3162 3267 3226 3321 ὲκ
3255 3264 3473 3319 πολλῶν
3496 3262 3647 3317 ἀστε-

2067 3384 2176 3439 ρων
2228 3364 2515 3436 σύστημα·
2570 3361 2646 3425 ὡς
2704 3363 2738 3433 ἡ
2807 3356 3264 3431 Ἀνδρομέδα,ἣὸ
3309 3354 3643 3424 Κένταυρος,

2065 3456 2188 3516 Οἵδε
2221 3458 2277 3512 δὲ
2309 3458 2408 3530 τὴν
2429 3455 2691 3528 διαφορὰν
2723 3454 2820 3509 καὶ
2849 3455 3086 3526 Ἀρατος
3108 3491 3123 3517 ,

2068 3573 2286 3697 ςιλσηὲα
2322 3570 2631 3638 διακρίνας
2652 3584 2668 3599 υ
2699 3566 3004 3636 ἐσκέψατο
3028 3565 3081 3618 δ’
3108 3565 3197 3632 εις
3236 3560 3520 3618 ἐνιαυτὸν

2143 3658 2219 3696 στ
2252 3659 2381 3697 ρας.

2143 3658 2381 3710 στερας,

2062 3758 2258 3828 λέγων.
2296 3756 2561 3825 Διόδωρος
2584 3742 2650 3808 δὲ
2689 3754 2785 3809 καὶ
2823 3753 2874 3807 oi
2908 3750 3057 3807 ἄλλοι
3105 3749 3487 3821 μαθηματικοὶ
3508 3747 3648 3810 ἰδίως

2064 3851 2159 3905 καὶ
2192 3848 2383 3913 κοινῶς
2436 3848 2504 3903 τὰ
2535 3846 2700 3913 ζὼδια
2748 3847 2923 3918 ἄστρα
2975 3843 3195 3899 καλοῦσι
3248 3842 3345 3895 καὶ
3389 3841 3643 3913 ἀστέρας,

2065 3943 2491 4015 παρατιθέμενοι
2530 3941 2795 3995 Πλάτωνα
2829 3939 3104 4011 μάρτυρα,
3141 3937 3317 4008 ἄστρα
3345 3938 3479 3999 τοὺς
3512 3934 3644 3990 ἑπτὰ

2064 4035 2343 4104 πλάνητας
2391 4034 2448 4086 ὲν
2468 4032 2548 4104 τῷ
2598 4031 2812 4102 Τιμαίῳ
2840 4031 3119 4103 εἰρηκότα.
3168 4028 3275 4082 Τὸν
3333 4028 3493 4083 Κύνα
3525 4027 3646 4098 μέν·

2062 4143 2146 4181 τοι
2186 4124 2392 4197 ἀστέρα
2436 4123 2587 4184 ὄντα,
2633 4124 2693 4176 ὲν
2732 4122 2812 4193 τῷ
2846 4121 2946 4193 βίῳ
2978 4122 3175 4193 ἄστρον
3206 4119 3464 4190 λέγομεν.
3511 4117 3645 4172 Ἀλλ’

2061 4221 2093 4273 ὁ
2145 4219 2243 4290 μὲν
2302 4219 2477 4290 ἀστὴρ
2532 4217 2627 4270 καὶ
2677 4216 2907 4288 ἄστρον·
2943 4213 3129 4268 οὐκέτι
3171 4211 3230 4266 δὲ
3251 4213 3313 4266 τὸ
3356 4211 3644 4267 ἀνάπαλιν.

2066 4309 2235 4367 Ὀταν
2270 4310 2453 4383 μέντοι
2480 4308 2852 4381 Καλλίμαχος,

2275 4422 2426 4491 Πρὶν
2454 4419 2662 4490 ἀστέρι
2691 4419 2772 4485 τῷ
2806 4421 3150 4488 Βερενίκης.

384 4528 453 4585 de
505 4543 662 4585 coma
713 4529 966 4600 loquens,
1018 4543 1140 4598 quae
1193 4542 1259 4583 ex
1316 4539 1520 4598 septem
1576 4526 1775 4581 lucidis
1821 4540 1957 4580 con-

2071 4536 2156 4590 ὲπὶ
2179 4533 2273 4589 τοῦ
2295 4534 2578 4605 πλοκάμου
2600 4532 2785 4604 φησὶν,
2812 4533 2871 4596 ὃς
2898 4533 2956 4599 ἐξ
2984 4533 3125 4586 ἑπτὰ
3160 4535 3495 4602 καταφανῶν
3523 4535 3647 4605 σύγ-

383 4630 513 4694 stat.
542 4621 719 4695 Hujus
749 4622 1024 4679 asterismi
1071 4637 1178 4676 non
1221 4621 1468 4675 meminit
1515 4620 1754 4674 Aratus:
1797 4632 1956 4687 quem

381 4716 595 4792 primus
634 4716 949 4773 observavit
998 4714 1214 4771 Conon.
1282 4713 1525 4784 Corpora
1584 4720 1851 4767 vocantur
1894 4727 1959 4767 ea

381 4825 504 4882 quae
549 4824 659 4866 uno
700 4809 890 4868 habitu
932 4808 1124 4878 juncta
1172 4808 1546 4869 continentur,
1593 4810 1653 4858 ut
1717 4804 1854 4874 lapis
1905 4811 1960 4860 et

379 4900 608 4972 lignum.
637 4899 890 4955 Habitum
925 4915 1063 4955 voco
1098 4898 1374 4970 spiritum,
1404 4896 1498 4967 qui
1540 4896 1787 4968 corporis
1824 4912 1959 4952 con-

380 4993 586 5050 tinendi
615 4994 725 5048 vim
755 4994 940 5049 habet.
966 4992 1358 5063 Coagmentata
1390 4990 1668 5056 dicuntur,
1695 5007 1817 5061 quae
1847 5005 1958 5045 non

377 5103 490 5142 uno
528 5087 716 5145 habitu
745 5085 1001 5157 colligata
1025 5089 1177 5149 sunt,
1206 5090 1266 5137 ut
1294 5082 1450 5138 navis
1478 5090 1534 5139 et
1561 5086 1778 5146 domus,
1822 5098 1961 5154 qua-

377 5197 497 5237 rum
532 5181 621 5239 illa
645 5180 897 5253 pluribus
921 5193 989 5233 ex
1023 5175 1247 5242 tabulis,
1278 5176 1393 5232 haec
1426 5177 1615 5233 multis
1646 5193 1713 5233 ex
1761 5176 1958 5246 lapidi-

377 5272 481 5328 bus
512 5271 880 5344 componitur.
910 5268 1193 5335 Disjuncta
1229 5275 1377 5331 sunt,
1402 5274 1463 5322 ut
1491 5267 1715 5322 chorus.
1749 5264 1956 5320 Horum

376 5364 576 5435 duplex
604 5375 689 5422 est
733 5360 1063 5420 differentia.
1095 5357 1352 5425 Quaedam
1402 5360 1546 5417 enim
1600 5376 1668 5416 ex
1721 5359 1957 5415 deﬁnitis

377 5459 701 5529 corporibus
729 5464 1008 5521 constant,
1046 5471 1113 5512 ae
1153 5464 1308 5511 certo
1350 5467 1582 5509 numero
1600 5453 1957 5522 comprehen—

377 5549 474 5612 sis,
517 5541 716 5632 utost
742 5550 971 5613 chorus,
1017 5548 1125 5603 alia
1154 5548 1307 5603 nullo
1332 5560 1563 5601 numero
1603 5545 1956 5599 circumscri-

377 5638 504 5709 ptis,
532 5648 594 5696 ut
632 5640 819 5696 turba.
847 5639 1216 5705 Quamobrem
1239 5636 1397 5693 stella
1423 5649 1623 5705 corpus
1651 5640 1735 5691 est
1763 5646 1954 5702 unum,

445 5813 510 5847 ⁸³⁸
537 5815 578 5887 Ῑ.
611 5816 847 5886 λέγεται.

2064 4646 2262 4682 κειται.
2300 4624 2501 4681 Τοῦτον
2553 4625 2609 4679 δὲ
2659 4626 2751 4679 τὸν
2781 4624 3063 4698 πλόκαμον
3099 4627 3198 4680 ούκ
3226 4622 3368 4683 οἶδεν
3392 4630 3642 4701 Ἄρατος.

2062 4720 2418 4793 Παρετήρησε
2444 4718 2501 4772 δὲ
2522 4718 2710 4773 Κόνων
2748 4720 2777 4773 ὁ
2807 4720 3206 4792 μαθηματικός.
3233 4721 3474 4794 Σώματα
3502 4724 3646 4794 λέγε-

2064 4812 2187 4868 σθαι
2210 4814 2278 4845 ⁹²⁹
2308 4813 2410 4866 ὅσα
2436 4809 2540 4865 ὑπὸ
2575 4812 2704 4882 μιᾶς
2734 4810 2903 4876 ἕξεως
2921 4813 3175 4885 ἡνωμένα
3207 4819 3516 4887 κρατεῖται,
3541 4812 3645 4871 οἷον

2060 4905 2227 4970 λίθος,
2260 4903 2450 4973 ξύλον·
2483 4902 2599 4957 ἐστι
2628 4902 2684 4956 δὲ
2717 4902 2831 4967 ἕξις
2851 4902 3069 4975 πνεῦμα
3105 4902 3360 4975 σώματος
3400 4924 3646 4962 συνεκτι-

2062 5001 2177 5054 κόν.
2206 4996 2538 5071 Συνημμένα
2576 4995 2633 5049 δὲ
2674 4996 2775 5050 ὃσα
2799 4997 2899 5070 οὐχ
2925 4996 3030 5051 ὑπὸ
3059 4999 3188 5067 μιᾶς
3215 4998 3385 5065 ἕξεως
3406 5000 3641 5066 δέδεται,

2059 5092 2135 5156 ὡς
2153 5092 2334 5146 πλοῖον
2357 5091 2451 5145 καὶ
2473 5089 2621 5144 οἰκία
2648 5104 2662 5119 ’
2686 5088 2746 5142 τὸ
2774 5088 2874 5159 μὲν
2901 5091 3011 5162 γὰρ
3049 5092 3114 5144 ἐκ
3136 5090 3348 5146 πολλῶν
3383 5093 3641 5159 σανίδων,

2059 5184 2093 5254 ἡ
2127 5182 2277 5236 δὲέκ
2334 5179 2546 5235 πολλῶν
2594 5177 2756 5233 λίθων
2791 5178 3092 5249 σύγκειται.
3138 5182 3415 5236 Διεστῶτα
3462 5184 3539 5245 δὲ,
3572 5183 3643 5248 ὡς

2060 5276 2240 5347 χορός.
2283 5274 2404 5329 Τῶν
2432 5275 2489 5328 δὲ
2538 5270 2803 5326 τοιούτων
2836 5273 3013 5328 διτταὶ
3046 5275 3101 5327 αἱ
3128 5274 3405 5346 διαφοραί.
3439 5276 3521 5330 Τά
3551 5275 3643 5348 μὲν

2060 5367 2171 5439 γὰρ
2195 5366 2255 5433 ἐξ
2275 5367 2599 5439 ὡρισμένων
2632 5364 2900 5435 σωμάτων
2934 5366 3028 5421 καὶ
3050 5365 3268 5439 ἀριθμῷ
3288 5367 3533 5437 ληπτῶν,
3571 5368 3643 5433 ὡς

2060 5461 2253 5533 χορός·
2292 5460 2361 5514 τὰ
2405 5461 2463 5513 δὲ
2504 5457 2563 5524 ἐξ
2601 5454 2890 5527 ἀορίστων,
2931 5459 3005 5522 ὡς
3027 5458 3200 5528 ὄχλος.
3243 5457 3343 5528 Εἷη
3378 5456 3521 5514 οὗνό
3549 5458 3643 5531 μὲν

2059 5552 2239 5625 ἀστὴρ
2289 5552 2446 5624 σῶμα
2500 5548 2800 5621 ἡνωμένον,
2822 5550 2885 5603 τὸ
2917 5551 2974 5603 δὲ
3005 5549 3202 5621 ἄστρον
3244 5550 3309 5604 ὲκ
3343 5551 3641 5606 διεστώτων

2061 5647 2154 5708 καὶ
2184 5645 2534 5717 ὡρισμένων⁹
2570 5640 2803 5712 ἀριθμὸς
2853 5642 2962 5715 γὰρ
2994 5642 3239 5715 ἀστέρων
3281 5644 3369 5713 ἐφ’
3415 5645 3640 5700 ἑκάστου
