3816 6316
95 396 182 452 953
812 386 1136 446 ACHILLIS
1173 382 1360 442 TATll
1395 377 1616 438 lSAGOl

1731 376 1824 431 AD
1855 379 2066 436 ARATI
2106 376 2575 436 ΡΗΕΝΟΜΕΝΑ.

3215 373 3318 429 νει

91 516 357 571 δείκνυται.
388 512 655 585 Πίνδαρος
682 511 739 566 δὲ
783 511 874 566 τὸν
906 511 1111 585 ἀστέρα
1137 509 1335 584 ἄστρον
1371 501 1616 576 ὀνομάζει

1751 511 1956 558 astrum
1987 517 2054 558 ex
2078 502 2368 573 disjunctis
2408 515 2474 557 ac
2515 499 2750 556 deﬁnitis
2777 495 3142 568 componitur.
3182 494 3314 548 Nam
3381 503 3386 510 '

91 608 239 677 λέγων
257 625 270 636 ·

275 804 501 873 Μηλιέα
534 806 713 860 ἁλίου
735 806 952 860 σκόπει

277 878 473 930 Ἄλλο
496 877 902 944 θαλπνότερον

282 947 388 1000 Ἐν
415 945 603 1016 ἁμέρᾳ
639 946 902 1016 φαεννὸν
921 945 1146 1014 ἄστρον
1166 961 1179 974 ·

84 1062 204 1116 κατὰ
232 1061 330 1134 τὴν
365 1061 678 1134 συνήθειαν.

581 1171 724 1240 Περὶ
772 1168 1116 1236 πλανήτων.

139 1274 216 1320 ιε’.
241 1269 504 1340 Ἄρατος,
531 1268 597 1337 τῇ
613 1266 719 1319 τῶν
749 1263 958 1318 πολλῶν
985 1262 1111 1334 δόξῃ
1139 1257 1633 1329 κατακολουθήσας,

76 1359 183 1422 τοὺς
203 1357 464 1421 ἀπλανεῖς
485 1355 808 1430 ὲναρηρέναι
843 1354 978 1426 φησὶ
1006 1353 1083 1424 τῷ
1105 1349 1318 1422 οὐρανῷ
1337 1367 1350 1382 ·

74 1468 243 1534 Αὐτὸς
263 1469 380 1538 γὰρ
411 1466 556 1521 τάδε
575 1465 794 1536 σήματ’
827 1467 898 1520 ἐν
923 1463 1158 1534 οὐρανῷ
1193 1460 1491 1532 ἐστήριξεο

75 1578 205 1648 παρὰ
236 1579 298 1631 τὸ
333 1577 620 1650 ἐστήριξεν
653 1577 892 1648 ἀστέρας
933 1576 1129 1639 αὐτοὺς
1155 1570 1629 1646 παρετυμολογῶν.

71 1669 160 1721 Τὸν
187 1670 242 1723 δὲ
295 1669 412 1722 τῶν
448 1668 736 1741 πλανήτων
759 1669 915 1740 λόγον
953 1669 1304 1742 παρῃτήσατο
1326 1668 1356 1724 ὁ
1377 1667 1630 1738 Ἄρατος.

69 1760 178 1812 ὅταν
197 1760 332 1835 λέγῃ
351 1778 366 1792 ο

73 1875 126 1925 Ol
147 1872 194 1925 δ’
210 1873 417 1943 ἐπιμὶξ
437 1872 617 1943 ἄλλοι
643 1872 810 1928 πέντ’
842 1872 1095 1941 ἀστέρες
1113 1870 1295 1943 οὐδὲν
1313 1869 1520 1939 ὁμοῖοι,

73 1942 357 2011 Ἐμπαλιν
379 1945 428 1978 ⁸³
460 1942 721 1996 εἰδώλων
750 1943 1107 1998 δυοκαίδεκα
1127 1942 1481 1996 δινεύονται.

72 2015 141 2066 Οὐ
164 2013 213 2066 δ’
237 2015 328 2068 ἔτι
359 2013 708 2083 θαρσαλέως
735 2016 950 2068 κείνων
973 2014 1088 2083 ἐγὼ
1112 2012 1320 2083 ἄρκιος
1344 2011 1477 2083 ειην

80 2083 410 2138 Ἀπλανέων
427 2082 503 2137 τά
530 2101 590 2137 τε
620 2087 833 2147 κύκλα,
862 2085 935 2138 τά
962 2082 1208 2152 τάὶθέρι
1236 2082 1625 2136 ⁹⁸δινεύουσι.

129 2259 477 2330 Παραιτεῖται
501 2259 558 2313 δὲ
583 2259 671 2313 διὰ
699 2260 898 2324 πολλὰς
923 2261 1120 2324 αἰτίας.
1153 2260 1374 2332 Πρῶτον
1399 2261 1482 2314 ὅτι
1505 2277 1630 2330 φαι-

69 2351 247 2422 νόμενα
306 2352 568 2424 ¹ἠθέλησε,
629 2354 724 2408 καὶ
763 2355 895 2406 πᾶσι
930 2354 1194 2424 σύμφωνα
1226 2353 1394 2418 δεῖξαι.
1415 2353 1623 2426 ἄστρα·

68 2437 194 2496 οὗτοι
221 2444 277 2498 δὲ
333 2444 538 2517 πολλὴν
587 2445 881 2514 διαφωνίαν
930 2445 1112 2516 έχουσι
1140 2486 1156 2510 ,
1181 2446 1274 2500 καὶ
1307 2445 1427 2500 οὐδὲ
1462 2445 1628 2499 πᾶσίν

70 2536 157 2586 εἰσι
186 2535 429 2606 φανεροί.
466 2537 553 2589 Ἐν
581 2537 638 2589 δὲ
680 2536 759 2608 τῷ
808 2539 1233 2609 ἐπιγραφομένῳ
1285 2536 1447 2592 αὑτοῦ
1508 2541 1625 2592 Κα-

69 2626 213 2689 νόνι,
266 2628 362 2681 τὸν
405 2628 539 2699 περὶ
585 2628 765 2681 αὐτῶν
811 2629 1129 2700 ποιούμενος
1173 2629 1351 2697 λόγον,
1392 2627 1628 2699 ἁρμονίᾳ

67 2718 158 2771 τινὶ
183 2721 274 2774 καὶ
303 2719 597 2791 συμφωνίᾳ.
622 2723 852 2792 μουσικῇ
887 2721 985 2785 τὰς
1017 2721 1254 2792 κινήσεις
1280 2719 1457 2774 αὐτῶν
1482 2719 1628 2789 λέγει

69 2813 352 2879 γεγονέναι.
374 2812 611 2867 Λεκτέον
659 2812 714 2872 δὲ
741 2815 870 2886 περὶ
901 2814 1104 2869 αὐτῶν.

475 3008 592 3076 Τὰξ
597 3029 650 3076 ις
677 3012 796 3064 τῶν
823 3009 866 3072 ζ’
899 3010 1190 3081 σφαιρῶν.

127 3105 213 3162 ις’.
250 3099 312 3152 ΟΞ
348 3099 478 3170 περὶ
518 3098 590 3153 τὰ
615 3099 869 3174 μετέωρα
899 3100 1061 3154 δεινοί
1097 3117 1228 3170 φασι
1269 3099 1444 3166 ζώνας
1474 3101 1626 3166 τινὰς

1748 602 1932 649 certus
1957 593 2013 647 in
2044 607 2376 663 unoquoque
2409 605 2671 646 numerus
2695 587 3022 644 ostenditur.
3049 585 3316 640 Pindarus

1747 691 1957 738 astrum
1984 699 2083 753 pro
2113 682 2290 738 sidere
2321 689 2548 750 usurpat
2579 699 2596 737 :

1961 796 2075 866 80
2102 793 2222 866 Non
2243 794 2361 866 jam
2391 793 2500 848 sole
2529 791 2806 848 considera

1954 865 2116 920 Aliud
2154 866 2376 918 calidius

1959 935 2197 990 Interdiu
2225 935 2494 990 splendens
2521 932 2701 996 sidus;

1742 1047 1798 1102 in
1825 1063 1933 1118 quo
1957 1047 2336 1104 consuetudini
2373 1047 2557 1102 servit.

2336 1161 2415 1214 De
2465 1159 2711 1230 planetis.

1810 1253 1898 1309 15.
1945 1254 2146 1309 Aratus
2201 1253 2346 1325 vulgi
2405 1251 2647 1323 opinioni
2703 1249 2946 1305 serviens
3002 1249 3306 1303 inerrantes

1739 1346 1926 1403 stellas
1954 1346 2094 1401 coelo
2123 1345 2319 1402 inlisas
2345 1361 2469 1402 esse
2495 1344 2629 1400 dicit
2654 1364 2668 1400 :

1880 1458 2000 1529 Ipse
2025 1459 2161 1512 enim
2186 1457 2297 1513 Iure
2323 1459 2474 1529 signa
2503 1459 2556 1511 in
2589 1473 2716 1511 emo
2746 1455 2902 1526 ﬁxit;

1736 1590 1770 1629 ιι
1821 1573 2088 1629 vocabulo
2130 1571 2434 1644 ἐστήριξεν,
2479 1573 2790 1626 nominatos
2843 1568 3076 1640 ἀστέρας
3129 1566 3306 1622 obiter
3394 1629 3406 1639 ,

1737 1666 2005 1722 indicans.
2033 1666 2108 1721 De
2141 1665 2371 1736 planetis
2408 1671 2585 1720 autem
2613 1663 2851 1718 scribere
2881 1661 3055 1715 noluit
3083 1661 3303 1726 Aratus,

1737 1760 1829 1815 ubi
1869 1761 1945 1814 ita
1973 1758 2172 1814 cecinit
2200 1776 2215 1814 :

1655 1863 1702 1921 Β
1731 1872 2036 1928 Promiscue
2066 1888 2182 1927 vero
2209 1871 2330 1925 alia:
2356 1869 2579 1939 quinque
2599 1867 2776 1939 stella:
2793 1907 2806 1927 ,
2833 1865 2966 1919 nihil
2995 1864 3213 1930 similes,

1732 1943 1930 1998 Contra
1960 1959 2117 2014 quam
2147 1938 2444 2014 simulacra
2462 1938 2737 1993 duodecim
2769 1947 3064 2014 versantur.

1733 2013 1913 2084 Neque
1945 2007 2062 2068 vero
2091 2011 2354 2084 conﬁdens
2382 2010 2596 2064 illorum
2620 2026 2712 2080 ego
2738 2024 2854 2084 sunt
2881 2007 3122 2084 idoneus,

1730 2077 2220 2154 Inerrrantiumque
2267 2080 2438 2146 orbes,
2497 2077 2712 2151 qumque
2768 2080 2823 2132 in
2873 2077 3059 2154 (ct/iere
3105 2077 3306 2154 cientur

2975 2146 3205 2221 [exsequi
3215 2189 3227 2202 .

1797 2266 1973 2336 Atque
2013 2263 2118 2320 hoc
2152 2261 2402 2333 pluribus
2448 2261 2516 2318 de
2565 2261 2748 2316 causis
2792 2267 3026 2315 recusat.
3062 2258 3301 2313 Primum

1726 2355 1871 2428 quod
1925 2363 2252 2426 apparentes
2310 2353 2520 2417 stellas,
2560 2351 2627 2406 de
2675 2351 2874 2422 quibus
2929 2348 3071 2404 inter
3112 2363 3304 2403 omnes

1727 2449 2001 2513 convenit,
2037 2448 2350 2504 describere
2381 2454 2497 2502 erat
2521 2459 2846 2517 aggressus;
2878 2449 2932 2496 at
2961 2442 3079 2496 ista:
3107 2455 3301 2510 magno

1728 2541 1784 2596 in
1814 2538 2136 2612 opinionum
2161 2537 2368 2592 ambitu
2404 2542 2554 2600 sunt,
2587 2550 2687 2590 nec
2728 2532 2985 2588 omnibus
3016 2538 3299 2600 apparent.

1726 2634 1788 2689 in
1836 2633 1976 2688 libro
2025 2645 2175 2696 vero,
2218 2645 2381 2702 quem
2433 2628 2699 2684 Canonem
2750 2623 3076 2695 inscripsit,
3114 2622 3182 2677 de
3231 2620 3298 2676 iis

1726 2741 1913 2797 agens,
1948 2731 2218 2779 concentu
2261 2719 2497 2792 quodam
2547 2729 2600 2775 et
2639 2716 2925 2773 harmonia
2972 2720 3297 2784 temperatos

1724 2833 1848 2873 esse
1878 2823 2060 2872 motus
2087 2815 2301 2870 illarum
2334 2811 2550 2868 asserit.
2578 2809 2746 2866 Nobis
2785 2823 2914 2864 vero
2951 2806 3020 2862 de
3051 2805 3120 2860 iis
3161 2802 3297 2875 ipsis

1725 2909 1988 2965 nonnulla
2014 2907 2244 2965 dicenda
2278 2911 2426 2962 sunt.

2071 3017 2149 3073 De
2180 3017 2360 3072 ordine
2386 3016 2713 3086 sphwrarum
2746 3023 2958 3082 septem.

1798 3109 1887 3166 16.
1910 3107 2226 3164 Οωιεειίιιηι
2253 3123 2436 3164 rerum
2463 3105 2656 3177 peritis
2698 3105 2874 3174 placet
2913 3117 3079 3158 zonas
3124 3115 3295 3173 quas-

64 3183 184 3244 είναι
211 3191 372 3253 ἑπτὰ,
395 3190 464 3244 δι’
493 3183 568 3248 ὧν
619 3193 873 3266 φέρονται
908 3195 958 3247 οἱ
997 3194 1136 3248 ἑπτὰ
1159 3193 1387 3266 ἀστέρες
1408 3212 1424 3228 ο
1448 3195 1541 3248 καὶ
1565 3196 1616 3249 ὲν

1730 3199 1851 3254 dam
1879 3214 2003 3255 esse
2042 3209 2268 3270 septem,
2295 3213 2391 3269 per
2423 3212 2560 3268 quas
2590 3195 2811 3251 totidem
2845 3196 3076 3265 planetae
3109 3193 3294 3249 ierun-

67 3280 152 3347 μὲν
183 3285 248 3353 τῇ
304 3282 618 3354 ὑψηλοτάτῃ
654 3284 915 3356 φέρεσθαι
967 3286 1060 3339 τὸν
1093 3286 1188 3340 τοῦ
1227 3286 1458 3357 Κρόνου,
1482 3289 1540 3340 ὲν
1565 3288 1622 3342 δὲ

60 3372 118 3440 τῇ
145 3374 254 3441 μετ’
278 3373 452 3444 αὐτὴν
482 3371 572 3426 τὸν
605 3373 697 3426 τοῦ
720 3375 841 3438 Διός
864 3392 876 3404 ·
913 3376 1007 3433 καὶ
1038 3377 1094 3430 ὲν
1129 3379 1193 3448 τῇ
1222 3377 1381 3449 τρίτῃ
1409 3385 1503 3430 τον
1527 3377 1618 3431 τοῦ

67 3463 285 3536 Ἄρεως·
351 3467 411 3519 ὲν
458 3467 524 3537 τῇ
574 3466 811 3538 τετάρτῃ
869 3467 960 3520 τὸν
1005 3468 1098 3520 τοῦ
1159 3467 1360 3539 Ἐρμοῦ
1385 3484 1400 3498 ·
1447 3470 1505 3522 ὲν
1551 3471 1618 3541 τῇ

63 3556 266 3630 πέμπτῃ
298 3559 392 3611 τὸν
442 3558 544 3628 τῆς
578 3559 894 3630 Ἀφροδίτης
914 3575 927 3590 ·
973 3561 1031 3612 ἐν
1067 3560 1123 3614 δὲ
1149 3563 1213 3632 τῇ
1247 3561 1378 3632 έκτῃ
1407 3561 1498 3614 τὸν
1524 3561 1619 3615 τοῦ

61 3650 224 3720 ww
261 3655 321 3705 ὲν
344 3637 403 3705 δὲ
425 3655 492 3723 τῇ
522 3651 721 3724 ἑϐδόμῃ
757 3653 848 3708 τὸν
870 3654 968 3724 τῆς
1006 3653 1253 3726 σελήνης.
1290 3654 1445 3718 Τινὲς
1472 3654 1531 3708 δὲ
1561 3656 1620 3710 ὲν

59 3745 114 3812 τῇ
140 3744 374 3815 τετάρτῃ
397 3744 499 3815 τὴν
551 3743 868 3816 Ἀφροδίτην
890 3745 1136 3814 λέγουσιν
1161 3763 1175 3777 ο
1211 3748 1270 3799 ὲν
1292 3750 1358 3819 τῇ
1391 3747 1617 3820 πέμπτῃ

59 3830 104 3882 δὲ
133 3834 217 3886 τὸν
251 3835 493 3907 Ἑρμῆν·
535 3835 593 3887 ὲν
621 3833 678 3887 δὲ
701 3837 768 3905 τῇ
823 3835 957 3906 ἕκτῃ
1001 3833 1090 3887 τδν
1137 3834 1307 3904 ἥλιον.
1346 3834 1532 3888 Ἀλλοι
1561 3835 1618 3889 δὲ

57 3926 302 3998 τέταρτον
322 3927 416 3981 τὸν
454 3927 662 3999 Ἑρμῆν
685 3943 698 3957 ·
731 3926 896 3996 ἕκτην
918 3927 974 3980 δὲ
1002 3927 1098 3998 τὴν
1133 3927 1450 3998 Ἀφροδίτην
1470 3944 1484 3956 ·
1520 3927 1618 3998 μέ-

61 4032 138 4070 σον
157 4018 212 4072 δὲ
231 4019 326 4073 τὸν
365 4019 540 4091 ἥλιον.
571 4017 692 4071 Εἰσὶ
722 4019 777 4072 δὲ
819 4020 867 4074 οἱ
905 4018 1116 4090 πρῶτον
1149 4018 1238 4072 τὸν
1266 4017 1413 4090 ἥλιον
1446 4017 1622 4088 λέγον-

56 4123 135 4173 τες
153 4127 167 4140 ο
194 4111 454 4184 δευτέραν
475 4111 532 4165 δὲ
558 4111 656 4182 τὴν
685 4111 914 4182 σελήνην
938 4129 951 4141 ’
985 4112 1168 4184 τρίτον
1192 4111 1249 4165 δὲ
1277 4111 1368 4164 τὸν
1390 4111 1616 4184 Κρόνον.

65 4199 120 4253 Ἠ
143 4202 197 4255 δὲ
229 4205 431 4258 πλείων
465 4205 594 4270 δόξα
624 4204 846 4278 πρώτην
875 4204 972 4277 τὴν
1010 4205 1238 4275 σελήνην
1277 4203 1461 4272 λέγει’
1497 4203 1620 4256 ἐπεὶ

55 4295 136 4347 καὶ
171 4297 514 4380 ἀπόσπασμα
563 4297 654 4352 τοῦ
694 4299 843 4372 ⁴ίιλίου
880 4299 1127 4368 λέγουσιν
1183 4300 1379 4371 αὑτήνο
1410 4298 1485 4364 ὡς
1527 4299 1619 4352 καὶ

65 4384 421 4463 Ἐμπεδοκλῆς
441 4407 457 4423 ο

1723 3297 1832 3345 tur.
1868 3289 1926 3344 ln
1956 3304 2211 3360 suprema
2235 3303 2398 3360 porro
2429 3286 2651 3343 Saturni
2683 3287 2892 3341 stellam
2919 3285 3035 3356 rapi
3065 3302 3080 3352 ;
3120 3284 3175 3338 in
3203 3299 3293 3340 se-

1721 3382 1897 3437 cunda
1927 3379 2076 3436 Iovis
2101 3397 2115 3448 ;
2171 3381 2225 3434 in
2256 3379 2414 3436 tertia
2441 3377 2666 3445 Martis;
2693 3377 2747 3432 in
2775 3383 2969 3447 quarta
3000 3375 3290 3442 Mercurii;

1722 3471 1777 3527 in
1809 3472 2000 3542 quinta
2025 3469 2293 3537 Veneris;
2334 3469 2389 3524 in
2413 3476 2564 3525 sexta
2597 3467 2761 3532 solis;
2788 3466 2842 3520 in
2868 3465 3097 3535 septima
3127 3465 3290 3519 lunai.

1721 3565 1951 3633 Quidam
1986 3565 2040 3620 in
2076 3571 2271 3635 quarta
2305 3561 2571 3619 Venerem
2601 3561 2805 3624 locant,
2846 3560 2902 3614 in
2931 3558 3119 3628 quinta
3149 3555 3292 3613 Mer-

1719 3658 1956 3723 curium,
1981 3657 2037 3711 in
2070 3665 2223 3713 sexta
2258 3657 2450 3713 solem.
2494 3654 2597 3708 Alii
2639 3661 2892 3725 quartum
2938 3649 3291 3718 Mercurium,

1720 3758 1926 3806 sextam
1970 3747 2260 3813 Venerem,
2295 3746 2533 3803 medium
2564 3759 2694 3801 vero
2722 3743 2891 3800 solem
2925 3741 3290 3811 constituunt.

1722 3841 1862 3898 Sunt
1901 3841 1993 3912 qui
2037 3842 2274 3912 primum
2313 3854 2436 3895 esse
2483 3838 2651 3894 solem
2695 3844 2963 3897 asserant,
2996 3831 3290 3890 secundam

1721 3937 1926 3997 lunam,
1974 3935 2193 3988 tertium
2236 3931 2549 3987 Saturnum.
2589 3930 2780 3986 Plures
2829 3929 3009 3982 lunam
3061 3925 3292 3997 primam

1712 4026 1966 4091 faciunt;
2011 4024 2453 4095 quandoquidem
2507 4039 2632 4094 pars
2677 4021 2945 4093 quaedam,
2997 4027 3058 4074 ut
3113 4018 3287 4082 aiunt,

1720 4119 1912 4173 avulsa
1960 4125 2041 4172 est
2094 4133 2124 4168 a
2168 4117 2283 4172 sole
2324 4117 2492 4183 luna;
2547 4115 2690 4185 quod
2749 4112 3063 4184 Empedocli
3112 4109 3288 4167 visum

1717 4223 1802 4268 εει
1839 4230 1853 4266 ζ

51 4500 411 4572 κυκλοτερὲς
432 4505 566 4573 περὶ
589 4505 762 4576 γαῖαν
788 4506 1098 4561 ἑλίσσεται
1127 4507 1449 4574 ἀλλότριον
1468 4504 1611 4575 φῶς.

1790 4516 2062 4574 Circulare
2089 4516 2284 4570 circum
2317 4521 2511 4568 terram
2543 4511 2764 4566 volvitur
2787 4509 3016 4564 alienum
3039 4507 3232 4563 lumen.

111 4615 245 4686 Περὶ
295 4617 351 4670 δὲ
407 4618 510 4686 τῆς
552 4619 875 4688 ἐναρμονίου
920 4619 1184 4688 κινήσεως
1223 4617 1402 4672 αὐτῶν
1439 4612 1612 4681 εἶπεν,

50 4706 115 4771 ὡς
150 4709 307 4782 ἔφην,
366 4713 602 4782 Ἄρατος
637 4713 693 4764 ὲν
721 4712 799 4783 τῷ
874 4713 1119 4774 Κανόνι,
1174 4711 1268 4765 καὶ
1296 4710 1614 4782 Ἐρατοσθέ-

49 4816 136 4868 νης
189 4803 248 4854 ὲν
303 4803 378 4874 τῷ
441 4802 660 4872 Ἐρμῇ,
697 4805 789 4856 καὶ
843 4804 1124 4874 Ὑψικλῆς,
1156 4803 1248 4856 καὶ
1287 4802 1613 4873 Θράσυλλος,

49 4892 131 4943 καὶ
162 4893 464 4965 Ἄδραστος
505 4895 894 4966 Ἀφροδισιεύς.
936 4896 1207 4969 Ἤρξαντο
1234 4896 1291 4948 δὲ
1329 4894 1422 4948 τοῦ
1455 4895 1613 4963 λόγου

48 4982 224 5037 τούτου
278 4987 324 5038 οἱ
392 4986 788 5058 Πυθαγόρειοι·
849 4988 1023 5041 πάντα
1080 4988 1184 5059 γὰρ
1246 4987 1479 5058 ἁρμονίᾳ
1521 4987 1614 5040 καὶ

49 5077 187 5144 τάξει
218 5079 434 5147 λέγουσι
481 5079 776 5133 κινεῖσθαι’
819 5079 959 5133 καθὰ
999 5080 1092 5133 καὶ
1130 5080 1302 5150 ἰατροὶ
1326 5081 1451 5142 τοὺς
1481 5096 1616 5148 σφυ-

49 5171 211 5238 γμούς
235 5185 253 5202 ⁸
302 5173 396 5227 καὶ
449 5173 718 5242 ὑγιαίνειν
752 5171 872 5242 μὲν,
911 5173 1040 5226 ὅταν
1074 5171 1399 5237 εὐτακτῶσι,
1439 5173 1613 5226 νοσεῖν

49 5259 116 5326 δὲ,
147 5263 238 5318 ὅτε
273 5265 522 5328 ἀτάκτως
544 5263 838 5318 κινοῦνται.

253 5376 390 5443 Περὶ
414 5375 535 5430 τῶν
559 5374 869 5445 ὀνομάτων
901 5377 1019 5430 τῶν
1057 5375 1400 5443 πλανήτων.

115 5464 285 5529 ιζ’.Τὰ
301 5469 539 5539 ὀνόματα
565 5467 672 5521 τῶν
692 5468 974 5538 πλανήτων
1005 5469 1270 5540 διαφόρως
1286 5469 1610 5542 ἐκλήθησαν,

54 5558 138 5612 καὶ
175 5562 302 5632 περὶ
348 5563 440 5616 τοῦ
473 5563 668 5636 χρόνου
702 5563 932 5616 ἑκάστου
973 5563 1238 5632 διαφωνία
1297 5564 1464 5636 πολλὴ
1516 5567 1609 5634 γέ-

53 5665 163 5716 γονε
195 5656 422 5722 πολλοῖς.
443 5660 578 5727 Αίγυ
588 5657 765 5721 πτίοις
794 5656 902 5728 γὰρ
922 5658 1014 5711 καὶ
1036 5659 1257 5730 Ἕλλησι
1290 5659 1382 5713 τοῦ
1402 5663 1608 5733 Κρόνου

117 5806 161 5836 ’³
187 5825 276 5878 γρ.
309 5809 590 5864 πάντοθεν.
669 5809 714 5841 ’³
749 5827 839 5878 γρ.
870 5807 1074 5882 σώματ’
1126 5811 1382 5865 ἐνισπεῖν,

1787 4629 1862 4686 De
1897 4627 2218 4683 barmonico
2249 4641 2378 4682 vero
2411 4634 2559 4680 motu
2585 4624 2803 4679 illorum
2832 4621 2942 4692 agit
2973 4622 3026 4675 in
3052 4621 3282 4686 Canone,

1717 4720 1794 4774 uti
1821 4720 2025 4776 dictum
2045 4727 2162 4783 test,
2193 4718 2417 4780 Aratus,
2447 4726 2502 4773 et
2534 4715 2922 4771 Eratosthenes
2972 4715 3026 4768 in
3075 4712 3283 4768 Mercu-

1715 4813 1832 4877 rio,
1894 4813 2131 4881 itemque
2186 4809 2499 4882 Hypsicles,
2541 4806 2861 4880 Thrasyllus
2907 4816 2962 4862 et
3017 4806 3284 4862 Adrastus

1715 4907 2176 4977 Aphrodisiensis.
2206 4903 2377 4974 Cujus
2401 4901 2670 4974 dogmatis
2703 4908 2954 4955 auctores
2991 4898 3140 4954 luere
3175 4895 3285 4971 Py.

1715 4998 1958 5070 thagorei
1981 5037 1996 5063 ,
2031 4997 2123 5067 qui
2159 4997 2413 5050 universa
2445 4999 2714 5048 concentu
2744 5000 2906 5061 atque
2945 4989 3136 5045 ordine
3165 5005 3283 5044 mo-

1713 5093 1826 5147 veri
1857 5098 2048 5161 putant
2083 5109 2096 5145 :
2129 5091 2209 5144 uti
2261 5087 2455 5144 medici
2506 5087 2718 5157 pulsus,
2764 5099 2904 5156 quos
2952 5092 3066 5138 tum
3116 5098 3281 5140 sanos

1712 5199 1836 5240 esse
1869 5183 2145 5245 dictitant,
2172 5197 2297 5236 cum
2346 5181 2594 5236 ordinem
2621 5185 2860 5245 servant,
2893 5178 3032 5234 male
3058 5177 3278 5242 habere,

1712 5291 1836 5331 cum
1867 5274 2245 5330 inconstanter
2270 5282 2576 5329 moventur.

2099 5386 2178 5442 De
2213 5387 2544 5457 planetarum
2575 5385 2892 5441 nominibus.

1783 5481 1870 5534 l7.
1901 5479 2031 5534 Tam
2058 5479 2125 5534 de
2158 5480 2500 5550 planetarum
2551 5478 2828 5534 vocabulis
2857 5490 3020 5547 quam
3065 5474 3132 5530 de
3166 5472 3282 5528 sin-

1709 5575 1960 5644 gulornm
1997 5573 2333 5642 temporibus
2367 5587 2580 5628 summa
2631 5578 2715 5625 est
2755 5569 3074 5639 Opinionum
3104 5579 3170 5619 va
3222 5580 3280 5619 eo

1711 5675 1816 5721 tas.
1856 5664 2094 5736 {Egyptii
2143 5672 2196 5722 et
2246 5663 2418 5721 Graeci
2467 5662 2688 5719 Saturni
2740 5663 2996 5725 stellam,
3036 5657 3290 5730 quamvis

3165 5914 3237 5930 -αᾹ-ι.
