3816 6310
531 419 642 477 955

1581 417 1673 472 Δί)
1714 414 1981 474 EUSEBII
2019 412 2414 471 CHRONICON
2449 411 2810 471 APPENDIX.
3623 424 3626 425 '
3680 411 3766 469 956

525 534 881 593 bebetissima
925 536 1016 598 sit,
1047 551 1326 606 φαινοντα,
1360 533 1414 590 id
1461 545 1547 592 est
1593 536 1854 601 lucidam,
1887 544 2084 592 vocant

2209 535 2238 586 6
2284 532 2478 605 ἀστὴρ,
2513 534 2691 588 καίτοι
2737 532 3116 605 ἀμαυρότατος
3144 531 3241 598 ὢν,
3289 531 3501 603 φαίνων
3545 533 3791 606 λέγεται..

527 627 704 683 Graeci
749 629 964 699 quidem
1013 628 1085 681 ita
1135 627 1265 682 boni
1308 627 1510 682 ominis
1547 644 1715 683 causa
1745 639 2095 700 nuncupant,

525 718 768 792 Egyptii
825 734 953 774 vero
1008 717 1254 776 Nemesis
1323 721 1553 776 stellam.
1634 719 1885 776 Secunda
1946 720 2098 777 Jovis

525 809 770 865 Pliaeton
835 827 867 865 a
915 809 1138 875 Graecis,
1199 811 1268 866 ab
1320 809 1595 882 Egyptiis
1651 810 1883 868 Osiridis
1940 812 2096 867 stella

523 902 858 956 nominatur.
895 900 1076 956 Tertia
1100 910 1186 958 est
1219 901 1431 965 Martis,
1467 918 1590 972 quae
1628 901 1831 958 Graecis
1867 909 1952 958 est
1984 903 2096 954 ῐΙυ-

523 993 689 1064 ρόεις,
719 991 990 1064 Egyptiis
1038 994 1292 1050 Herculis
1339 995 1519 1051 stella.
1571 994 1776 1060 Quarta
1815 993 2094 1048 Mercurii.

519 1084 868 1141 Concedatur
895 1086 1040 1141 enim
1087 1087 1192 1141 hoc
1223 1089 1279 1142 in
1313 1103 1577 1156 praesens,
1621 1102 1739 1142 eam
1776 1103 1900 1143 esse
1930 1103 2096 1157 quar-

519 1185 652 1231 tam.
685 1176 820 1231 Nam
853 1178 920 1233 de
957 1179 1230 1234 sideribus
1277 1180 1424 1245 istis,
1464 1180 1756 1243 Mercurio,
1793 1178 2003 1234 Venere
2032 1195 2096 1235 ac

519 1269 637 1324 sole
701 1283 813 1324 non
845 1270 1018 1325 levem
1081 1287 1205 1327 esse
1253 1273 1679 1328 controversiam
1731 1272 2092 1328 ostendimus.

515 1360 688 1433 Igitur
745 1361 998 1418 Mercurii
1055 1364 1211 1419 stella
1254 1362 1458 1420 Graecis
1517 1363 1777 1426 Στίλϐων,
1821 1362 2094 1435 Egyptiis

515 1453 784 1523 Apollinis
808 1456 964 1510 stella
994 1454 1218 1511 dicitur.
1252 1455 1456 1522 Quinta
1487 1462 1570 1510 est
1597 1453 1848 1518 Veneris,
1888 1453 2093 1510 Gracis

513 1540 756 1598 Lucifer.
811 1542 1030 1601 Primus
1082 1545 1277 1616 Ibycus
1329 1544 1384 1598 in
1443 1559 1642 1598 unum.
1675 1543 2093 1614 appellationem

514 1636 811 1689 contraxit.
850 1637 1091 1701 Quartus
1137 1645 1222 1692 est
1261 1635 1345 1691 sol
1389 1634 1684 1706 Egyptiis,
1731 1650 1892 1704 quem
1920 1633 2092 1689 Graeci

513 1735 730 1782 sextum
776 1741 1086 1785 numerant.
1140 1727 1384 1799 Septima
1427 1737 1512 1785 est
1558 1729 1708 1782 luna.
1743 1727 1936 1784 Musici
1963 1744 2091 1783 vero

511 1819 799 1876 zodiacum
843 1821 1134 1885 circulum,
1177 1829 1238 1875 ut
1286 1821 1343 1875 in
1399 1820 1703 1885 harmonia,
1755 1820 1968 1890 lingunt
2002 1836 2091 1874 ra-

510 1912 723 1966 tionem
770 1910 972 1966 habere
1029 1911 1296 1984 phthongi
1345 1912 1666 1966 chromatici
1712 1912 1928 1982 generis
1979 1911 2093 1967 dis-
2123 1891 2164 1946 Β

508 2002 712 2074 juncti,
745 2000 969 2057 Saturni
1013 2003 1225 2058 stellam
1274 2002 1543 2058 rationem
1591 2004 1841 2060 obtinere
1867 2004 2087 2062 harmo-

510 2095 653 2150 nicae
690 2094 1046 2164 disjunctam,
1073 2093 1196 2150 Jovi
1226 2095 1476 2150 ordinem
1503 2096 1752 2151 tribuunt
1779 2096 1835 2151 in
1861 2098 2088 2153 musicis

510 2187 798 2258 phthongi,
823 2202 984 2258 quem
1014 2186 1297 2242 diatonum
1319 2185 1652 2256 disiunctum
1677 2192 1897 2250 vocant,
1929 2186 2089 2241 Marti

508 2293 663 2341 vero,
694 2279 836 2347 ejus,
867 2292 1027 2349 quem
1060 2292 1384 2349 parameson
1415 2277 1718 2333 nominant.
1749 2276 1840 2332 Sic
1875 2275 2090 2332 Mercu-

507 2369 626 2425 rius
676 2370 733 2424 in
779 2369 972 2426 eadem
1026 2370 1237 2425 musica
1283 2370 1620 2440 phtbongum
1665 2369 1767 2424 sibi
1823 2367 2085 2434 vindicat,

507 2462 604 2534 qui
661 2478 840 2518 meses
889 2473 1137 2520 vocatur.
1187 2462 1322 2516 Nam
1357 2461 1584 2518 Veneris
1643 2461 1798 2516 stella
1846 2461 2083 2516 medium

506 2555 768 2609 diatonon
800 2563 969 2611 tenet.
1011 2554 1106 2612 Sol
1149 2556 1258 2612 nisi
1287 2563 1518 2626 quartus
1554 2561 1661 2620 est,
1713 2555 1809 2609 sed
1855 2561 2084 2622 sextus;

505 2647 671 2703 medii
711 2648 918 2703 lichani
969 2649 1146 2705 instar
1182 2650 1306 2706 erit.
1339 2646 1514 2712 Luna,
1549 2664 1672 2720 qua:
1715 2647 1948 2716 septima
1974 2652 2080 2710 est,

503 2738 770 2810 phtbongi
798 2739 943 2795 illius
969 2739 1219 2796 ordinem
1253 2747 1422 2806 tenet,
1450 2739 1544 2810 qui
1589 2746 1673 2795 est
1713 2739 1941 2810 hypates
1971 2752 2086 2792 me-

505 2833 630 2888 diaz.
657 2831 1031 2897 Intervallum,
1063 2831 1209 2904 quod
1257 2831 1326 2886 ad
1365 2846 1542 2902 usque
1592 2832 1778 2885 lunam
1825 2829 2084 2900 pertinet,

503 2926 726 2996 quidam
767 2927 1073 2982 attribuunt
1116 2926 1168 2982 ei
1199 2925 1501 2999 phtbongo,
1545 2939 1708 2996 quem
1755 2922 1812 2976 in
1857 2919 2086 2977 musicis

501 3017 744 3090 hypaton
773 3019 1056 3074 diatonum
1084 3019 1381 3091 appellant.

2214 624 2374 680 Ἀλλὰ
2395 641 2471 678 πα
2479 625 2526 696 ρ’
2538 625 2764 694 Ἕλλησι
2783 623 2882 695 μὲν
2902 623 3115 678 κατὰτὸ
3129 625 3606 696 εὔφημονλέγεται
3619 624 3762 692 οὕτω,

2201 717 2354 788 παρὰ
2384 717 2443 771 δὲ
2492 717 2811 786 Αἰγυπτίοις
2865 716 3158 787 Νεμέσεως
3208 717 3407 789 ἀστήρ.
3452 718 3762 790 Δεύτεροςὸ

2201 808 2322 872 Διὸς
2335 808 2459 862 καθ’
2479 809 2745 879 Ἕλληνας
2764 807 2982 862 Φαέθων
3000 824 3017 839 ·
3045 808 3187 863 κατὰ
3204 809 3263 864 δὲ
3283 808 3622 880 Αἰγυπτίους
3648 812 3762 866 ὐσε-

2203 901 2347 973 ριδος
2364 902 2560 974 ἀστήρ.
2589 901 2782 974 Τρίτος
2807 903 2837 955 6
2865 900 2961 956 τοῦ
2989 902 3199 974 Ἄρεως
3228 903 3380 974 παρὰ
3405 903 3513 974 μὲν
3551 903 3761 974 Ἕλλησι

2201 995 2464 1066 Πυρόεις·
2516 995 2667 1067 παρὰ
2717 996 2775 1052 δέ
2823 996 3142 1064 Αἰγυπτίοις
3197 996 3537 1068 ’Ἡρακλέους
3581 999 3759 1068 ἀστήρ.

2199 1087 2468 1159 Τέταρτος
2503 1090 2532 1142 6
2563 1087 2655 1142 τοῦ
2691 1089 2929 1160 Ἑρμοῦ·
2958 1089 3190 1144 δεδόσθω
3234 1089 3344 1162 γὰρ
3388 1089 3490 1144 νῦν
3516 1091 3761 1162 τέταρτον

2198 1180 2362 1234 αὑτὸν
2394 1178 2554 1236 εἶναι.
2589 1182 2816 1254 Εἴρηται
2859 1182 2988 1258 γὰρ,
3036 1184 3119 1237 ὅτι
3148 1183 3415 1253 διαφωνία
3453 1184 3625 1257 πολλὴ
3649 1187 3762 1257 περὶ

2197 1271 2305 1324 τῶν
2331 1273 2577 1345 ἀστέρων
2617 1273 2822 1328 τούτων
2840 1275 3007 1337 ἐστὶν,
3045 1274 3267 1347 Ἑρμοῦ,
3292 1275 3388 1330 καὶ
3432 1276 3759 1348 Ἀφροδίτης,

2198 1362 2293 1416 καὶ
2341 1363 2514 1433 ἡλίου.
2561 1364 2620 1418 Ὀ
2663 1362 2843 1419 τοίνυν
2882 1365 3084 1438 Ἑρμοῦ
3125 1367 3301 1439 ἀστὴρ
3327 1367 3581 1423 καλεῖται
3626 1370 3763 1440 παρὰ

2197 1454 2297 1524 μὲν
2327 1455 2554 1526 Ἕλλησι
2585 1457 2846 1522 Στίλϐων,
2882 1458 3034 1531 παρὰ
3061 1458 3121 1512 δέ
3149 1459 3472 1528 Αἰγυπτίοις
3513 1461 3765 1516 Ἀπόλλω-

2195 1562 2285 1610 νος
2323 1548 2516 1620 ἀπήρο
2570 1549 2827 1620 Πέμπτος
2870 1553 2900 1604 ὁ
2949 1551 3047 1621 τῆς
3102 1551 3426 1624 ’Δφροδίτης
3472 1554 3624 1627 παρά
3678 1557 3763 1626 μὲν

2197 1637 2452 1710 Ἕλλησιν
2525 1641 2852 1712 Ἐωσφόρος.
2910 1641 3134 1714 Πρῶτος
3190 1643 3248 1701 δὲ
3295 1645 3514 1710 Ἴϐυκος
3559 1649 3640 1712 είς
3682 1649 3764 1721 ἕνα

2198 1731 2501 1787 συνέστειλε
2537 1731 2639 1797 τὰς
2689 1737 3084 1808 προσηγορίας.
3140 1737 3416 1809 Τέταρτος
3468 1739 3528 1794 δὲ
3568 1743 3598 1794 6
3628 1742 3765 1812 ἥλιος

2195 1823 2313 1874 κατ’
2345 1823 2697 1890 Αίγυπτίους,
2734 1823 2892 1888 ἕκτος
2921 1825 2978 1878 δέ
3017 1824 3139 1879 καθ’
3174 1826 3464 1898 Ἕλληνας.
3508 1830 3764 1902 Ἕϐδομος

2192 1911 2249 1966 δὲ
2302 1916 2330 1968 6
2376 1915 2474 1986 τῆς
2521 1915 2770 1988 σελήνης.
2811 1919 2873 1972 Οἱ
2911 1917 2970 1971 δὲ
3007 1920 3257 1988 μουσικοὶ
3296 1921 3649 1977 ὑποτίθενται
3681 1924 3760 1977 τὸν

2195 2005 2456 2069 ζωδιακὸν
2488 2006 2685 2061 κύκλον
2714 2008 2789 2072 ὡς
2823 2011 2880 2062 ἐν
2911 2009 3146 2082 ἁρμονίᾳ
3173 2011 3328 2079 τάξιν
3355 2014 3503 2085 ἐχειν
3538 2016 3761 2086 φθόγγου

2193 2096 2286 2151 τοῦ
2319 2098 2418 2169 τῆς
2446 2101 2803 2171 χρωματικῆς
2838 2101 3249 2174 διεζευγμένου·
3285 2106 3380 2160 τὸν
3427 2107 3486 2160 δὲ
3515 2109 3612 2163 τοῦ
3642 2110 3764 2181 Κρό-

2192 2206 2284 2242 νου
2309 2190 2525 2260 ἐπέχειν
2549 2191 2705 2259 λόγον
2740 2193 2838 2262 τῆς
2875 2194 3194 2265 ἐναρμονίου
3235 2196 3326 2250 τὸν
3370 2196 3758 2270 διεζευγμένον·

2191 2283 2220 2334 6
2259 2281 2317 2334 δὲ
2369 2281 2464 2335 τοῦ
2508 2283 2630 2346 Διὸς
2689 2283 2842 2348 τάξιν
2882 2284 3026 2356 ἔχειν
3073 2287 3120 2319 ⁸⁸
3148 2289 3207 2340 ἐν
3237 2293 3473 2361 μουσικῇ
3538 2292 3759 2360 φθόγγου

2191 2373 2284 2426 τοῦ
2339 2373 2674 2445 καλουμένου
2722 2375 2964 2430 διατόνου
3015 2377 3424 2450 διεζευγμένου.
3495 2383 3555 2438 Ὃ
3592 2384 3649 2437 δὲ
3676 2385 3756 2438 τοῦ

2193 2467 2404 2537 Ἀρεως
2444 2468 2598 2532 τάξιν
2635 2467 2746 2539 ἔχει
2796 2469 3032 2540 φθόγγου
3075 2471 3168 2524 τοῦ
3214 2473 3555 2545 καλουμένου
3601 2496 3760 2547 παρα-

2193 2560 2376 2630 μέσου.
2422 2560 2479 2614 Ὀ
2503 2561 2559 2615 δὲ
2596 2562 2690 2615 τοῦ
2723 2562 2922 2634 Ἑρμοῦ
2955 2563 3107 2632 τάξιν
3129 2565 3316 2637 ἐπέχει
3341 2567 3586 2638 φθόγγου
3626 2572 3758 2642 παρὰ

2192 2650 2471 2716 μουσικοῖς
2511 2649 2611 2720 τῆς
2647 2650 2841 2720 μέσης.
2905 2652 2964 2705 '0
3006 2653 3062 2706 δὲ
3107 2654 3207 2725 τῆς
3257 2657 3582 2731 Ἀφροδίτης
3624 2661 3759 2725 τάξιν

2191 2737 2304 2808 ἔχει
2338 2738 2578 2808 φθόγγου
2618 2740 2909 2812 λεγομένου
2934 2744 3098 2815 μέσου
3121 2745 3387 2804 διατόνου.
3427 2751 3486 2804 Ὀ
3514 2751 3571 2804 δὲ
3603 2753 3757 2822 ἥλιος,

2191 2831 2287 2884 ἐὰν
2322 2831 2396 2902 μὴ
2421 2831 2699 2903 τέταρτος,
2725 2833 2862 2895 ἀλλὰ
2905 2836 3064 2900 ’ἐκτος
3093 2838 3245 2910 δοθῇ,
3280 2840 3437 2895 ἔσται
3490 2844 3647 2909 τάξιν
3676 2847 3760 2898 ἐττ-

2191 2920 2329 2991 έχων
2353 2922 2519 2994 μέσου
2543 2923 2784 2995 λιχανοῦ.
2821 2928 2886 2982 Ἡ
2905 2929 2962 2983 δὲ
2985 2929 3202 3002 σελήνη.
3229 2931 3433 3006 ἑϐδόμη
3448 2931 3759 3001 οὗσα,τάξιν

2190 3009 2378 3081 ἐπέχει
2417 3011 2657 3083 φθόγγου
2714 3015 2811 3070 τοῦ
2843 3017 3133 3090 λεγομένου
3177 3020 3391 3093 ὑπάτης
3447 3025 3639 3096 μέσης.
3696 3028 3761 3079 T6

501 3110 560 3164 δὲ
584 3111 690 3164 ἀπὸ
739 3111 844 3182 γῆς
881 3111 1159 3183 διάστημα
1217 3111 1381 3183 μέχρι
1439 3111 1538 3182 τῆς
1598 3111 1844 3181 σελήνης,
1879 3105 2124 3160 θέλουσιν
2165 3096 2305 3155 εἷναί
2355 3120 2502 3168 τινες
2543 3106 2653 3161 ἀπὸ
2678 3107 2919 3179 φθόγγου
2967 3109 3061 3164 τοῦ
3110 3112 3260 3183 παρὰ
3316 3117 3433 3180 τοῖς
3484 3121 3752 3188 μουσικοῖς

504 3206 727 3263 ὗπάτων
752 3208 1015 3263 διατόνου.

501 3320 610 3393 81
655 3318 732 3374 De
762 3336 822 3393 eo
847 3337 1004 3393 qnno,
1040 3321 1129 3393 qui
1157 3337 1378 3390 magnus
1407 3320 1629 3393 dicitur,
1670 3328 1717 3372 et
1765 3325 1888 3387 quot
1928 3313 2080 3370 annis

2194 3309 2284 3375 Τίς
2316 3309 2748 3393 δικαλούίιενος
2775 3313 3419 3393 μέγ-εαςρνιαυζὸςηκαὶ
3455 3320 3536 3393 ἐν·
3559 3321 3760 3388 πόσι-,ς

697 3391 975 3460 cujuslibet
1003 3391 1337 3460 planetarum
1372 3391 1628 3445 revolutio
1665 3396 1888 3442 constet.

576 3566 664 3622 18.
686 3566 898 3638 Rursus
921 3569 1092 3638 prima
1106 3571 1350 3624 omnium
1374 3569 1595 3624 Saturni
1618 3571 1774 3625 stella
1802 3571 1868 3626 ab
1885 3587 1994 3626 uno
2009 3571 2087 3626 si-

503 3673 613 3730 gno
641 3658 708 3713 ad
743 3659 909 3724 idem,
941 3669 998 3714 ut
1031 3661 1213 3716 minus
1249 3671 1503 3716 accurate
1529 3661 1731 3725 dicam,
1763 3672 1817 3718 et
1862 3663 2082 3732 platice,

504 3751 560 3805 in
593 3749 751 3804 annis
785 3749 1007 3819 triginta
1035 3751 1360 3816 revertitur;
1387 3751 1456 3805 ab
1493 3750 1684 3806 eodem
1716 3765 1844 3806 vero
1879 3760 2086 3821 puncto

505 3842 574 3898 ad
622 3843 765 3898 idem
813 3849 1096 3913 punctum,
1137 3843 1192 3896 in
1235 3843 1394 3898 annis
1430 3841 1661 3898 550635.
1701 3844 1877 3914 Atque
1908 3846 1957 3901 is
2001 3852 2086 3901 est

508 3934 604 4004 qui
637 3949 867 4004 magnus
901 3949 1078 3990 annus
1117 3935 1440 4004 appellatur.
1475 3933 1627 3990 Jovis
1658 3938 1814 3993 stella
1843 3938 2083 3994 secunda

509 4027 618 4081 situ
646 4026 714 4080 ad
744 4025 886 4081 idem
917 4027 1132 4098 signum
1158 4028 1352 4096 platice
1385 4028 1441 4082 in
1473 4029 1632 4084 annis
1655 4028 1724 4083 12
1747 4019 2088 4101 regreditur?

509 4117 578 4172 ad
629 4118 772 4174 idem
824 4126 1086 4189 punctum
1135 4120 1191 4174 in
1232 4121 1392 4177 annis
1427 4120 1661 4178 470620.
1706 4121 1895 4179 Martis
1925 4125 2084 4179 stella

505 4212 799 4267 circuitum
828 4213 1061 4269 absolvit
1097 4229 1128 4268 a
1158 4214 1316 4284 signo
1337 4216 1404 4270 ad
1429 4215 1644 4286 signum
1676 4217 1894 4272 rediens
1925 4217 2085 4272 annis

503 4300 752 4371 duobus;
791 4303 858 4358 ad
885 4303 1024 4360 idem
1046 4322 1179 4364 vero
1201 4315 1466 4378 punctum
1491 4309 1653 4365 annis
1675 4308 1904 4365 120000.
1929 4307 2085 4364 Luna

505 4395 747 4465 quolibet
780 4411 970 4454 mense
1013 4412 1046 4452 a
1093 4399 1250 4470 signo
1279 4399 1350 4455 ad
1379 4400 1522 4456 idem
1579 4401 1798 4472 signum
1855 4400 2086 4456 reverti-

502 4496 626 4554 tur;
657 4487 739 4544 sol
770 4503 897 4544 vero
925 4489 1121 4546 diebus
1165 4490 1272 4546 365
1312 4501 1366 4546 et
1404 4493 1616 4548 minuto
1649 4513 1662 4548 :
1695 4493 1841 4564 quod
1871 4501 2084 4563 tempus

505 4579 704 4637 solaris
751 4582 1057 4652 appellatur
1105 4598 1304 4640 annus.
1359 4584 1623 4641 Similiter
1663 4595 1720 4640 et
1757 4585 1988 4642 Veneris
2020 4603 2085 4642 ac

2256 3380 2500 3448 χρόνοις
2561 3380 2823 3449 ἕκαστος
2863 3380 2871 3382 “
2909 3383 3030 3437 τῶν
3105 3380 3433 3452 πλανήτων

2257 3451 2513 3504 (ararat.

2280 3466 2492 3504 σταται
2499 3491 2513 3503 .

3508 3392 3755 3447 ἀποκαθ-

2257 3572 2348 3636 ιη’.
2383 3565 2551 3619 Πάλιν
2587 3567 2616 3619 6
2647 3565 2882 3637 πρῶτος,
2911 3567 2940 3619 6
2967 3563 3061 3620 τοῦ
3092 3568 3298 3640 Κρονου
3322 3572 3524 3642 αστὴρ,
3576 3590 3749 3644 παραα

2191 3657 2402 3724 γίνεται
2447 3656 2556 3708 61:6
2600 3654 2794 3720 ζωδίου
2831 3657 2923 3709 ἐπὶ
2953 3654 3142 3719 ζώδιον
3169 3659 3511 3730 παχυμερῶς
3542 3661 3640 3732 μὲν
3670 3662 3757 3713 καὶ

2195 3747 2506 3812 πλατυκῶς,
2527 3745 2671 3800 ἔτεσι
2699 3747 3012 3818 τριάκοντα,
3045 3747 3153 3802 61:6
3186 3749 3244 3804 δέ
3274 3751 3508 3821 σημείου
3531 3753 3761 3806 61:01:60-

2197 3841 2406 3893 ίσταται
2433 3838 2493 3893 ἐν
2529 3836 2665 3891 ἐτῶν
2710 3839 2935 3909 μυριάσι
2991 3841 3449 3910 τριακονταπέντε
3475 3843 3572 3897 καὶ
3595 3843 3760 3897 ἔτεσιν

2187 3933 2487 4000 ἑξακοσίοις
2523 3931 3006 4002 τριακονταπέντε.
3043 3925 3210 3996 Οὗτος
3242 3933 3302 3986 δέ
3333 3934 3484 3988 ἐστιν
3516 3937 3545 3988 6
3573 3936 3732 3990 καλού

2188 4044 2345 4099 μενος
2373 4025 2548 4098 μέγας
2575 4023 2836 4086 ἐνιαυτός.
2879 4024 2938 4076 '0
2968 4024 3024 4077 δὲ
3053 4022 3146 4078 τοῦ
3176 4025 3296 4089 Διὸς
3327 4026 3507 4098 ἀστὴρ
3532 4028 3561 4081 6
3588 4027 3761 4082 δεύτε-

2190 4136 2283 4191 ρος
2329 4116 2690 4189 παραγίνεται
2737 4114 2846 4168 ἀπὸ
2885 4114 3076 4177 ζωδίου
3113 4113 3207 4167 ἐπὶ
3248 4114 3441 4179 ξώδιον
3482 4117 3758 4180 πλατυκῶς

2184 4211 2280 4266 καὶ
2303 4207 2637 4281 παχυμερῶς
2657 4206 2831 4260 ἐτεσιν
2856 4206 2942 4276 ιβ’·
2961 4206 3068 4260 61:6
3088 4205 3144 4259 δὲ
3167 4207 3394 4276 σημείου
3423 4209 3519 4262 ἐπὶ
3547 4211 3758 4280 σημεῖον

2183 4301 2612 4358 ἀποκαθίσταται
2645 4301 2704 4352 ἐν
2735 4299 2993 4370 μυριάσιν
3017 4297 3154 4352 ἐτῶν
3181 4298 3247 4363 ιζ’
3277 4299 3372 4352 καὶ
3397 4300 3544 4355 ἐτεσι
3569 4309 3668 4373 χκ’.
3703 4301 3756 4354 Ὀ

2183 4395 2242 4449 δὲ
2269 4394 2361 4449 τοῦ
2402 4394 2597 4465 ’Ἄρεος
2628 4392 2977 4464 περιέρχεται
3007 4391 3115 4444 61:6
3137 4389 3328 4452 ζωδίου
3363 4394 3457 4447 ἐπὶ
3486 4393 3667 4458 ζώδιον
3692 4392 3755 4446 δι’

2186 4485 2322 4542 ἐτῶν
2365 4484 2479 4550 δύο,
2510 4484 2604 4537 καὶ
2649 4482 2758 4536 61:6
2791 4483 3018 4553 σημείου
3049 4483 3140 4536 ἐπὶ
3164 4488 3390 4555 σημεῖον
3421 4486 3482 4540 ἐν
3512 4487 3755 4558 μυριάσιν

2188 4577 2324 4632 ἐτῶν
2361 4575 2446 4646 ιβ’.
2489 4575 2546 4627 Ὀ
2584 4573 2639 4627 δὲ
2678 4576 2774 4644 τῆς
2836 4573 3154 4643 Ἀφροδίτης
3175 4575 3220 4606 ’⁸
3271 4577 3621 4649 περιέρχεται
3655 4577 3755 4630 61:6

503 4670 758 4728 Mercurii
799 4674 994 4742 stellae,
1027 4675 1213 4731 itidem
1246 4685 1304 4730 ut
1345 4677 1450 4740 sol,
1480 4678 1548 4733 ad
1581 4677 1638 4732 id
1668 4679 1906 4749 signum,
1940 4679 2083 4736 unde

2194 4670 2374 4736 ζωδίου
2407 4669 2500 4721 ἐπὶ
2535 4665 2724 4731 ζώδιον
2755 4665 2897 4720 κατὰ
2938 4666 3083 4736 μῆνα
3111 4668 3406 4724 ἕκαστον-ὁ
3432 4671 3490 4724 δὲ
3517 4672 3659 4742 ἣλιος
3700 4671 3752 4721 ἐν

503 4759 763 4832 profectae
812 4773 961 4829 sunt,
1002 4779 1185 4820 annuo
1235 4767 1524 4840 intervallo
1578 4769 1926 4838 referuntur;
1955 4787 2081 4826 nam

503 4865 644 4922 pene
671 4851 861 4906 eadem
893 4853 1176 4909 celeritate
1205 4856 1518 4926 rapiuntur.
1547 4857 1629 4914 0b
1658 4860 1714 4916 id
1749 4862 1817 4918 de
1864 4862 2082 4918 illarum

505 4943 614 4998 situ
645 4945 1022 5000 controversia
1043 4945 1309 5002 nascitur.
1338 4947 1545 5005 Horum
1579 4953 1900 5023 Spatiorum,
1934 4955 2084 5011 velut

506 5030 910 5101 phtbongorum
941 5034 1012 5088 ab
1041 5035 1244 5092 inlimis
1287 5037 1424 5095 locis
1453 5041 1522 5096 ad
1571 5042 1855 5098 zodiacum
1885 5061 2079 5116 usque,

504 5119 852 5266 intervallum
900 5123 1171 5195 ejusmodi
1207 5138 1291 5186 est
1327 5134 1474 5204 quod
1520 5150 1551 5190 a
1587 5136 1816 5194 musicis
1855 5148 2080 5195 vocatur

541 5226 790 5266 tanason.

541 5226 790 5282 iapason.

579 5476 648 5530 At
696 5479 956 5550 Chaldaei,
984 5490 1296 5548 mortalium
1331 5480 1575 5551 Omnium
1625 5496 1786 5570 longe
1816 5502 2080 5560 curiosis-

505 5573 653 5663 simi,
677 5576 797 5632 ausi
827 5589 956 5636 sunt
970 5596 1193 5641 cursum
1223 5588 1356 5645 solis
1378 5597 1544 5663 atque
1562 5591 1728 5649 horas
1743 5593 2074 5654 describere.

414 5738 418 5743 1
506 5660 718 5725 Etenim
747 5666 936 5727 horam
967 5672 1138 5741 illam,
1157 5690 1262 5747 qua
1289 5676 1344 5731 in
1373 5660 1719 5750 aequinoctiis
1740 5683 2072 5740 constitutus

573 5846 617 5893 ’⁸
645 5847 686 5918 f.
734 5849 862 5920 ἔχει.
940 5852 986 5886 ’⁵
1085 5849 1332 5926 σελήνης.

2183 4763 2290 4828 τξε¹
2318 4761 2554 4832 ἡμέραις
2595 4759 2690 4812 καὶ
2731 4757 2935 4829 λεπτῷ·
2968 4757 3026 4821 ὃς
3055 4759 3118 4829 δὴ
3157 4760 3350 4831 χρόνος
3380 4763 3620 4816 καλεῖται
3653 4764 3753 4814 ἐνι-

2184 4854 2348 4918 αυτὸς
2371 4850 2615 4924 ήλιακός.
2663 4849 2893 4922 Ὁμοίως
2925 4851 2984 4903 δὲ
3015 4850 3109 4904 καὶ
3127 4853 3156 4905 ὁ
3183 4852 3283 4922 τῆς
3323 4852 3635 4925 Ἀφροδίτης
3663 4854 3752 4905 καὶ

2182 4947 2278 5002 τοῦ
2314 4944 2518 5019 Ἑρμοῦ
2549 4944 2646 4998 σὺν
2672 4943 2750 5014 τῷ
2777 4943 2912 5016 ἡλίῳ
2944 4943 3012 4997 δι’
3039 4943 3288 4997 ἐνιαυτοῦ
3317 4945 3428 4998 ἀπὸ
3460 4945 3642 5009 ζωδίου
3664 4945 3751 4995 ἐπὶ

2185 5041 2373 5107 ζώδιον
2406 5037 2829 5111 παραγίνονται·
2861 5037 3048 5109 σχεδὸν
3072 5037 3179 5111 γὰρ
3210 5039 3482 5108 ἰσοταχεῖς
3520 5040 3638 5092 εισι.
3664 5039 3751 5088 Διὸ

2183 5135 2279 5188 καὶ
2309 5133 2572 5202 διάφωνος
2591 5130 2768 5187 αὐτῶν
2805 5133 2837 5203 ἡ
2873 5131 3043 5198 τάξις.
3075 5131 3292 5184 Τούτων
3321 5130 3388 5203 δὴ
3414 5131 3520 5184 τῶν
3540 5131 3747 5194 διαστη-

2187 5225 2374 5296 μάτων
2402 5223 2512 5278 τῶν
2539 5223 2790 5292 φθόγγων
2818 5223 2927 5276 ἀπὸ
2959 5221 3068 5276 τῶν
3108 5221 3406 5274 κατωτάτω
3435 5222 3609 5275 τόπων
3651 5220 3748 5290 μέ-

2182 5336 2276 5391 χρι
2318 5315 2411 5373 τοῦ
2458 5314 2720 5381 ζωδιακοῦ
2754 5316 2960 5384 γίνεται
3004 5313 3280 5385 διάστημα
3314 5314 3626 5385 συμφωνίας
3655 5315 3748 5380 τῆς

2184 5412 2337 5483 παρὰ
2373 5411 2486 5473 τοῖς
2515 5411 2790 5480 μουσικοῖς
2814 5407 3114 5479 λεγομένης
3149 5406 3454 5462 διαπασῶν.

2243 5502 2510 5556 ’Χαλδαῖοι
2553 5503 2629 5567 δὲ,
2663 5500 3073 5572 περιεργότατοι
3117 5500 3420 5571 γενόμενοι,
3459 5497 3748 5567 ἐτόλμησαν

2180 5594 2276 5648 τοῦ
2311 5594 2460 5666 ἡλίου
2493 5595 2582 5647 τδν
2612 5592 2808 5662 δρόμον
2833 5591 2926 5644 καὶ
2955 5591 3054 5654 τὰς
3083 5591 3230 5663 ὥρας
3257 5588 3608 5662 διορίσασθαι.
3639 5583 3749 5653 τὴν

2181 5685 2288 5757 γὰρ
2333 5687 2390 5741 ἐν
2435 5687 2554 5750 ταῖς
2596 5682 2904 5757 ίσημερίαις
2951 5681 3098 5755 ὥραν
3142 5681 3331 5747 αὐτοῦ,
3372 5680 3492 5736 καθ’
3518 5680 3583 5749 ἢν
3623 5676 3748 5735 ἴσως
