3816 6314
51 421 137 484 957
420 428 422 431 ’
785 423 1106 488 ACHILLIS
1136 423 1322 481 TATli
1362 423 1602 482 ISAGOG

1708 417 1791 479 AD
1825 423 2037 482 ARATI
2073 423 2544 484 ΡΗᾹΞΝΟΜΕΝΑ.

3175 426 3270 483 J58

52 537 294 607 διέρχεται
323 539 422 592 τὸν
449 539 631 604 πόλον,
662 543 740 605 εἰς
761 540 804 593 λ⁸
835 543 994 614 ὅρους
1025 545 1354 615 μερίζουσιν·
1381 544 1520 598 ὥστε
1549 544 1602 598 τὺ

1713 542 1897 616 polum
1929 561 1996 603 ex
2025 561 2183 617 aquo
2208 547 2545 603 transeundo
2577 545 2789 613 dividit,
2819 544 2876 601 in
2894 545 3132 602 tricenos
3163 555 3275 602 ter-

48 627 86 688 ὶί
113 627 270 698 μέρος
301 629 411 700 τῆς
440 629 613 702 ὥρας,
639 630 737 700 τῆς
764 633 822 684 ἐν
846 635 912 704 τῇ
942 635 1226 706 ἰσημερινῇ
1251 635 1455 706 ἡμέρᾳ,
1484 635 1608 704 ὃραν

51 717 278 785 λέγεσθαι
334 722 436 773 τοῦ
483 721 682 793 δρόμου
730 722 826 775 τοῦ
875 724 1047 794 ἡλίου.
1090 725 1322 795 Λέγουσι
1351 725 1409 778 δὲ
1448 725 1607 779 πάλιν

49 809 215 882 ἀνδρὸς
264 812 520 880 πορείαν,
561 814 694 884 μήτε
734 813 1016 885 τρέχοντος
1071 818 1207 887 μήτε
1243 815 1424 889 ἡρέμα
1460 816 1604 886 βαδί-

51 900 227 964 ζοντος,
247 903 389 973 μήτε
425 902 679 973 γέροντος
714 907 848 976 μήτε
878 906 1088 970 παιδὸς,
1105 906 1203 978 τὴν
1224 907 1448 978 πορείαν
1469 903 1606 966 εἶναι

47 990 125 1043 τοῦ
155 991 328 1062 ἡλίου,
363 993 460 1046 καὶ
489 995 532 1045 λ’
567 995 792 1048 σταδίων
815 996 1071 1067 καθαρῶν
1096 994 1258 1052 εἶναι.

112 1083 320 1154 Ἐπειδὴ
349 1083 410 1137 δὲ
441 1084 667 1156 εἴπομεν
691 1086 1196 1160 καθυποδεὸηκέναι
1221 1091 1346 1153 τοὺς
1371 1090 1605 1161 ἀστέρας

46 1175 149 1244 τοὺς
194 1176 479 1248 πλάνητας
515 1177 622 1233 τῶν
665 1179 868 1244 ἐπάνω,
895 1183 988 1236 καὶ
1014 1181 1112 1253 τὴν
1144 1183 1403 1241 ἀνωτάτω
1431 1183 1604 1252 ζώνην

45 1267 166 1335 ἔχειν
210 1268 303 1321 τὸν
360 1269 458 1324 τοῦ
503 1273 736 1341 Κρόνου,
766 1274 865 1344 τὴν
903 1273 959 1333 δὲ
1007 1275 1145 1346 μετά
1175 1275 1378 1348 ταύτην
1401 1277 1490 1328 τὸν
1513 1274 1602 1328 τοῦ

45 1361 164 1425 Διὸς,
193 1362 292 1434 τὴν
326 1362 387 1426 δὲ
417 1366 608 1436 τρίτην
633 1365 722 1418 τὸν
745 1365 838 1419 τοῦ
871 1368 1084 1438 Ἄρεος,
1110 1371 1204 1422 καὶ
1239 1368 1467 1439 καθεξῆς
1498 1370 1603 1422 τῶν

45 1451 193 1505 ἄλλων
211 1469 225 1483 ·
261 1453 399 1519 ἴσως
424 1456 492 1508 ἂν
527 1456 778 1528 ζητήσειέ
806 1475 887 1522 τις
911 1459 1026 1522 πῶς
1054 1478 1254 1532 φαμεν,
1279 1463 1326 1514 εἰ
1350 1461 1491 1514 οὕτω
1513 1461 1604 1514 τύ-

44 1557 130 1609 χοι,
160 1542 368 1614 Κρόνον
398 1546 495 1598 καὶ
524 1547 674 1616 ἥλιον
707 1551 763 1601 έν
794 1549 950 1620 Κριῴ
982 1547 1118 1604 εἶναι
1141 1569 1153 1581 ·
1179 1552 1211 1622 ἢ
1253 1551 1481 1622 σελήνην
1511 1553 1604 1605 καὶ

43 1632 123 1685 Δία
172 1636 226 1686 ἐν
277 1635 513 1707 Ταύρῳ’
543 1639 574 1708 ἢ
606 1639 796 1704 ἄλλους
852 1642 1005 1705 τινάς
1039 1641 1272 1714 ἀστέρας
1305 1643 1518 1696 σύνοδον
1534 1646 1600 1708 ⁸⁷,

40 1725 181 1779 ὁπότε
205 1729 280 1799 μή
320 1731 466 1785 είσιν
499 1734 556 1784 ὲν
586 1731 662 1802 τῷ
694 1733 842 1804 αύτῷ
876 1735 999 1804 ὕψει
1029 1738 1334 1807 φερόμενοι.
1371 1735 1600 1789 Λεκτέον

41 1815 192 1878 Et,th
213 1819 306 1872 ὑπ’
321 1820 592 1892 ἀλλήλους
615 1823 765 1888 ὄντες
787 1825 905 1878 τότε
935 1826 1182 1890 συνόδους
1203 1825 1602 1889 ποιοῦσιν,ὄταν

1709 632 1889 690 minos
1911 634 2190 701 dividunt,
2215 635 2352 692 adeo
2371 643 2430 691 ut
2454 636 2730 692 tricesima
2749 650 2876 707 pars
2893 635 3061 702 hora,
3077 637 3273 706 quain

1706 723 2072 796 aqulnoctiali
2101 727 2190 784 die
2220 726 2301 793 iit,
2324 730 2616 784 terminum
2644 729 2842 785 solaris
2865 743 3062 784 cursus
3094 728 3275 782 nomi-

1707 824 1859 874 nent.
1890 817 2159 876 Asserunt
2187 828 2450 890 praterea
2481 822 2584 876 iter
2620 821 2742 884 viri,
2774 821 2870 892 qui
2899 835 3076 890 neque
3106 834 3274 874 cursu

1707 911 1935 972 feratur.
1969 927 2146 983 neque
2189 913 2334 969 lente
2364 914 2662 984 gradiatur,
2690 928 2870 984 neque
2893 927 3056 968 senex
3081 912 3156 967 sit
3179 916 3276 966 aut

1708 1019 1865 1075 puer,
1905 1004 2038 1061 solis
2065 1007 2169 1062 iter
2194 1021 2337 1071 esse,
2359 1021 2424 1062 ac
2448 1006 2653 1062 tricena
2683 1020 2804 1061 esse
2825 1017 2974 1060 mera
3002 1001 3196 1059 stadia.

1744 1087 1751 1092 ’
1776 1091 1910 1146 Cum
1938 1099 2118 1148 autem
2148 1095 2395 1166 planetas
2416 1095 2716 1151 dixerimus
2737 1092 3114 1164 superioribus
3142 1090 3276 1148 stel-

1707 1182 1777 1238 lis
1833 1185 2110 1255 subjectos
2155 1201 2299 1251 esse,
2335 1203 2400 1243 ac
2440 1201 2750 1258 supremam
2787 1199 2978 1241 zonam
3027 1183 3276 1239 obtinere

1706 1273 2024 1341 Saturnum,
2069 1280 2373 1348 proximam
2423 1280 2492 1334 ab
2542 1293 2628 1344 eo,
2658 1276 2867 1342 Jovem,
2897 1275 3113 1330 tertiam
3148 1288 3275 1330 esse

1708 1366 1916 1435 Martis,
1967 1384 2032 1425 ac
2091 1369 2350 1441 deinceps
2405 1375 2651 1433 cateros,
2683 1376 2887 1439 quaret
2923 1366 3122 1436 aliquis
3155 1364 3271 1418 for-

1704 1466 1872 1527 tasse,
1905 1461 2178 1530 quomodo
2196 1463 2306 1517 dici
2331 1462 2521 1527 soleat,
2545 1459 2864 1524 Saturnum,
2891 1457 3123 1528 exempli
3151 1469 3273 1527 gra-

1701 1553 1798 1617 tia,
1829 1554 1912 1608 vel
1974 1554 2151 1609 solem
2212 1555 2269 1608 in
2310 1555 2495 1610 Ariete
2541 1553 2786 1620 versari;
2819 1560 2913 1606 aut
2949 1551 3155 1616 lunam,
3184 1547 3272 1605 vel

1701 1635 1888 1692 Jovem
1920 1638 1977 1693 in
2003 1637 2217 1706 Tauro;
2243 1639 2327 1695 vel
2354 1640 2491 1696 alias
2512 1639 2696 1695 stellas
2712 1637 2784 1692 ibi
2807 1638 2863 1691 in
2891 1635 3101 1708 synodo
3125 1647 3272 1701 esse,

1702 1747 1827 1787 cum
1877 1732 1933 1786 in
1976 1732 2164 1789 eadem
2217 1733 2502 1789 altitudine
2531 1749 2653 1790 esse
2697 1736 2991 1803 nequeant.
3021 1727 3162 1783 Huic
3197 1728 3274 1783 ita

1703 1823 2119 1894 respondemus,
2175 1838 2298 1878 cum
2347 1823 2453 1879 sibi
2495 1823 2728 1878 invicem
2767 1820 3014 1889 subjecta
3046 1823 3178 1874 sunt
3207 1830 3276 1872 ea

41 1901 162 1952 κατά
187 1902 423 1957 κάθετον
454 1905 696 1976 ἀλλήλων
750 1908 1032 1976 γένωνται.
1069 1909 1276 1964 Είδέναι
1305 1911 1360 1964 δὲ
1382 1910 1507 1982 χρὴ,
1531 1911 1602 1975 ὡς

1708 1915 1907 1980 sidera,
1935 1914 2202 1986 synodum
2232 1915 2410 1970 facere
2429 1930 2444 1980 ;
2461 1928 2587 1970 cum
2613 1911 3089 1968 videlicetdirecte
3103 1921 3270 1962 unum

39 1993 78 2043 οἱ
97 1993 416 2066 ἀστρονόμοι
459 1997 660 2051 διδόασι
691 1996 865 2063 ζώνας
889 2000 996 2054 τῶν
1031 2001 1315 2073 πλανήτων
1337 2001 1599 2073 ἀστέρων.

50 2084 96 2135 '0
141 2086 194 2137 δὲ
251 2088 488 2142 Πλάτων
545 2091 780 2162 σφαίρας
829 2089 967 2146 εἶναι
994 2093 1139 2162 λέγει
1177 2095 1302 2164 μίαν
1335 2093 1439 2147 ὑπὸ
1475 2094 1603 2164 μίαν

41 2177 248 2249 ἑκάστῳ.
293 2181 354 2235 Ὀ
383 2182 444 2235 δὲ
478 2183 730 2255 Ἀρατος,
759 2183 888 2256 περὶ
921 2184 1026 2238 τῶν
1057 2185 1214 2239 πέντε
1244 2185 1420 2254 λέγειν
1465 2202 1603 2256 παρ-

41 2273 406 2342 αιτησάμενος.
448 2276 586 2345 μετά
620 2277 718 2348 τὴν
762 2277 870 2331 τῶν
909 2278 1249 2348 φαινομένων
1282 2277 1444 2352 δεῖξιν
1475 2275 1604 2350 περὶ

41 2361 166 2431 ἡλίου
194 2366 288 2418 καὶ
324 2365 562 2438 σελήνης
588 2368 754 2437 λέγει.

93 2551 202 2606 Τῶν
247 2552 306 2606 δὲ
361 2553 612 2625 ἀστέρων
655 2555 706 2608 οἱ
744 2555 845 2626 μὲν
894 2555 1151 2621 ἀπλανεῖς
1189 2556 1486 2628 ὲναρὴρασι
1522 2555 1601 2628 τῷ

38 2643 245 2716 οὐρανῷ,
282 2646 382 2700 καί
436 2649 574 2700 εἰσιν
629 2647 876 2718 ἀκίνητοι
935 2648 1074 2702 κατά
1101 2647 1210 2704 κτὸν
1245 2649 1372 2702 ἴδιον
1409 2649 1596 2718 λόγον*

42 2740 530 2812 συμπεριφέρονται
565 2741 622 2794 δὲ
664 2744 728 2813 τῇ
767 2742 913 2816 ῥύμῃ
944 2742 1038 2796 τοῦ
1076 2742 1429 2814 ούρανοῦ,ἀεὶ
1463 2743 1602 2808 κατά

37 2831 94 2882 τὰ
141 2833 277 2886 αύτά
325 2833 427 2886 καὶ
470 2833 733 2898 ὡσαύτως
774 2834 1020 2900 δύνοντες
1066 2834 1159 2888 καὶ¹
1191 2833 1596 2898 ἀνατέλλοντες

35 2921 102 2975 διὸ
145 2924 233 2977 καὶ
292 2925 566 2988 ἀπλανεῖς
620 2926 948 2998 ἐκλήθησαν.
976 2926 1156 2980 ’Ἄλλοι
1193 2927 1250 2980 δέ
1294 2929 1429 2980 εἰσιν
1463 2926 1601 2979 έπτά

39 3015 240 3088 ἀστέρες
274 3016 584 3089 κατωτέρω
634 3018 727 3072 τοῦ
772 3020 1001 3091 ούρανοῦ
1048 3021 1104 3073 ὲν
1152 3019 1231 3090 τῷ
1273 3019 1480 3091 ἀέρι⁹⁸,
1508 3019 1604 3072 καὶ

41 3107 162 3172 ἰδίως
189 3111 281 3163 καὶ
326 3111 474 3181 μετά
518 3110 611 3162 τοῦ
647 3111 875 3179 ούρανοῦ
907 3109 1243 3183 κινούμενοι·
1279 3113 1474 3176 οἵτινες
1523 3110 1602 3181 τῷ

40 3199 156 3253 ἰδίαν
205 3204 426 3274 κίνησιν
493 3202 658 3272 ἔχειν,
699 3205 790 3256 καὶ
854 3205 928 3276 μὴ
977 3206 1240 3279 ἀρηρέναι
1265 3206 1340 3276 τῷ
1365 3207 1599 3279 οὐρανῷ,
1629 3251 1670 3292 η

40 3292 135 3344 ἀλλ’
166 3296 220 3349 ἐν
247 3296 328 3368 τῷ
363 3295 546 3366 αἰθέρι
582 3296 858 3367 φέρεσθαι,
888 3295 1010 3350 οὔτε
1040 3298 1185 3354 κατά
1205 3299 1273 3352 τὰ
1305 3299 1442 3352 αύτά
1478 3298 1600 3351 οὔτε
1629 3284 1671 3306 υ

37 3385 271 3452 ὡσαύτως
298 3389 658 3442 ἀνατέλλοντι
679 3408 691 3420 ·
719 3389 798 3442 διὸ
826 3390 964 3462 πρὸς
996 3389 1282 3462 σύγκρισιν
1304 3391 1410 3445 τῶν
1431 3392 1604 3446 ἀπλασ

37 3475 128 3527 νῶν
154 3478 428 3552 «Edwin;
467 3480 736 3547 λέγονται.
769 3482 832 3534 Oi
861 3480 919 3534 δὲ
961 3482 1317 3554 Πυθαγόρειοι
1347 3485 1407 3536 ού
1445 3485 1604 3554 μόνον

38 3570 143 3631 τοὺς
187 3571 473 3643 πλάνητας
518 3573 652 3626 ἰδίαν
682 3573 892 3643 κίνησιν
937 3573 1080 3645 ἔχειν
1130 3575 1472 3645 φασὶν,ἀλλὰ
1509 3577 1604 3630 καὶ

41 3663 143 3724 τοὺς
179 3663 445 3727 ἀπλανεῖς
465 3680 480 3694 ·
516 3665 660 3718 οὕτω
711 3667 892 3736 μέντοι
925 3667 1192 3722 κινεῖσθαι
1227 3668 1303 3732 ὡς
1332 3667 1603 3738 τρύπανον

41 3748 464 3821 τυεριδινούμενον
505 3754 634 3823 περὶ
659 3754 752 3808 τὸν
781 3754 945 3808 αὑτὸν
981 3757 1166 3812 τόπον.
1204 3757 1502 3811 Ἐκλείπειν
1547 3759 1603 3812 δὲ.

40 3839 239 3905 ἕκαστος
284 3845 413 3899 τότε
447 3844 557 3899 τῶν
595 3847 838 3919 ἀστέρων
862 3848 1025 3912 δοκεῖ,
1050 3850 1160 3913 ὅτε,
1190 3852 1602 3923 προσγειότερος

39 3935 179 3989 αὑτοῦ
213 3938 358 3994 κατὰ
389 3939 623 3993 κάθετον
648 3941 956 4012 γενόμενος,
983 3943 1288 3998 ύπεισέλθοι
1316 3945 1410 4016 τὴν
1431 3945 1604 4019 αὐγὴν

39 4027 114 4079 τοῦ
149 4030 318 4100 ἡλίου.

624 4231 764 4300 Περὶ
803 4232 1001 4299 ἡλίου.

93 4315 173 4372 ιϐ’.
217 4320 420 4374 Πολλοὶ
475 4319 585 4372 τῶν
639 4323 1078 4396 ὲπιφανεστέρων
1106 4323 1233 4398 περὶ
1256 4325 1300 4358 ’⁸
1330 4324 1479 4396 ἡλίου
1510 4323 1605 4382 καὶ

37 4409 244 4484 σελήνης
306 4413 861 4484 ἐπραγματεύσαντοο
919 4416 1024 4487 ἰδία
1076 4416 1133 4470 δὲ
1176 4418 1269 4470 καὶ
1323 4418 1453 4488 περὶ
1497 4417 1603 4470 τῶν

248 4505 344 4559 Διὸ
397 4506 493 4559 καὶ
537 4506 770 4577 Ἀρατος
815 4507 958 4572 ἰδίως
1008 4509 1106 4579 μὲν
1151 4510 1278 4579 περὶ
1325 4509 1474 4580 ἡλίου
1511 4510 1604 4562 καὶ

1704 2007 1861 2062 alteri
1913 2007 2222 2078 subjicitur.
2259 2007 2557 2062 Sciendum
2604 2012 2788 2060 tamen
2819 2009 2904 2060 est
2929 2009 3276 2058 astronomos

1703 2096 1940 2169 planetis
1970 2097 2210 2154 circulos
2242 2097 2542 2169 assignare,
2574 2095 2856 2152 Platonem
2876 2108 3006 2150 vero
3033 2091 3276 2163 spharas

1701 2205 1826 2247 esse
1875 2198 2088 2262 putare,
2139 2206 2374 2262 quarum
2409 2191 2569 2245 alteri
2617 2190 2789 2245 altera
2847 2187 3131 2259 supposita
3178 2183 3272 2241 sit.

1699 2281 1904 2341 Aratus
1953 2299 2117 2356 porro
2170 2299 2298 2339 cum
2342 2283 2411 2339 de
2465 2283 2708 2354 quinque
2756 2279 2992 2352 planetis
3033 2277 3275 2335 scribere

1701 2375 1993 2439 tenuisset,
2012 2383 2301 2446 postquam
2327 2375 2395 2430 de
2420 2371 2812 2446 apparentibus
2841 2384 3062 2427 carmen
3091 2364 3277 2422 absol-

1701 2467 1804 2533 vit,
1833 2467 1902 2524 de
1930 2469 2045 2524 sole
2072 2468 2184 2539 agit
2230 2481 2293 2521 ac
2327 2467 2478 2521 luna.

1770 2559 1942 2631 Igitur
1968 2560 2274 2625 stellarum,
2301 2573 2422 2628 qua
2455 2557 2762 2612 inerrantes
2784 2551 3066 2614 dicuntur,
3098 2546 3276 2603 intlxa

1700 2659 1828 2709 sunt
1875 2652 2035 2715 calo,
2069 2659 2123 2706 et
2174 2649 2437 2722 peculiari
2492 2649 2702 2703 ratione
2745 2652 2875 2702 sunt
2913 2639 3220 2698 immobiles
3255 2655 3273 2696 :

1700 2745 1922 2801 tametsi
1980 2745 2102 2800 cali
2167 2739 2662 2799 circumvolutione
2714 2736 3021 2807 rapiantur,
3078 2731 3272 2789 iisdem

1699 2837 1837 2894 locis
1891 2854 1958 2894 ac
1997 2837 2249 2894 similiter
2284 2849 2517 2891 occasus
2560 2838 2824 2901 ortusque
2877 2823 3274 2883 facienteswb

1702 2931 1757 2986 id
1820 2931 2129 2987 inerrantes
2179 2928 2340 2984 dicta
2379 2933 2529 2984 sunt.
2559 2923 2758 2979 Prater
2780 2923 2880 2977 has
2900 2921 3018 2976 alia
3043 2912 3174 2975 Sunt
3197 2931 3279 2972 se-

1701 3034 1848 3094 ptem
1898 3035 2129 3077 numero
2187 3019 2358 3075 stella
2411 3017 2557 3072 intra
2598 3014 2799 3070 calum
2829 3025 2952 3082 qua
2993 3009 3050 3064 in
3076 3007 3278 3063 athere

1703 3122 1813 3169 tam
1841 3114 2065 3186 proprio
2096 3120 2270 3177 metu,
2303 3125 2467 3182 quam
2507 3109 2775 3177 impresso
2802 3104 2870 3159 iis
2899 3103 2970 3158 ab
2999 3100 3141 3157 calo
3166 3113 3277 3154 mo-

1704 3215 1918 3263 ventur.
1947 3205 2079 3273 Qua
2112 3221 2234 3259 cum
2264 3201 2534 3274 proprios,
2567 3207 2628 3255 ut
2653 3199 2789 3263 dixi,
2810 3202 2992 3250 motus
3015 3193 3276 3255 habeant,

1705 3315 1879 3369 neque
1908 3300 1963 3354 in
1987 3299 2128 3354 calo
2156 3295 2344 3351 deﬁxa
2376 3296 2508 3358 sint,
2537 3291 2632 3348 sed
2663 3292 2719 3346 in
2743 3289 2944 3345 athere
2994 3285 3274 3347 ferantur;

1705 3406 1882 3462 neque
1940 3391 2074 3444 locis
2127 3388 2343 3451 iisdem,
2379 3399 2481 3442 nec
2514 3382 2704 3440 eodem
2733 3379 2894 3435 modo
2929 3377 3182 3432 oriuntur
3222 3380 3278 3427 et

1703 3484 1961 3540 occidunt
1991 3503 2004 3538 ε
2032 3492 2318 3553 propterea
2349 3495 2474 3533 cum
2518 3477 2639 3531 ﬁxis
2673 3478 3000 3545 comparata
3044 3469 3279 3539 planetae

1704 3584 1992 3632 vocantur.
2037 3575 2106 3626 At
2155 3588 2284 3628 vero
2315 3569 2641 3641 Pythagorei
2677 3582 2784 3622 non
2812 3565 2988 3619 solum
3020 3557 3276 3631 planetis,

1704 3667 1799 3723 sed
1821 3667 1986 3722 etiam
2009 3666 2132 3721 lixis
2153 3664 2482 3736 peculiarem
2510 3669 2715 3716 motum
2740 3657 3046 3713 attribuunt
3072 3673 3086 3708 :
3115 3665 3278 3722 quem

1705 3759 1922 3830 quidem
1972 3758 2245 3832 ejusmodi
2284 3772 2407 3812 esse
2437 3756 2645 3821 volunt,
2671 3751 2852 3821 qualis
2893 3759 2976 3804 est
3011 3745 3274 3807 terebra,

1704 3868 1826 3923 qua
1861 3853 2069 3907 circum
2109 3850 2360 3907 eumdem
2388 3850 2564 3904 locum
2586 3846 2842 3901 volvitur.
2878 3841 3118 3912 Denique
3147 3847 3279 3893 tunc

1705 3958 2047 4016 unaquaque
2089 3945 2370 4000 stellarum
2407 3940 2641 3996 deiicere
2670 3936 2904 4002 videtur,
2935 3949 3060 3992 cum
3093 3931 3280 3987 citima

1704 4042 1889 4110 terris,
1914 4056 1979 4094 ac
2007 4040 2112 4094 soli
2139 4054 2207 4094 ex
2237 4036 2447 4091 directo
2483 4032 2660 4104 posita
2695 4029 2799 4086 sub
2845 4027 2966 4098 ejus
3020 4024 3280 4097 splendo-

1705 4149 1818 4190 rem
1847 4133 2016 4190 subit.

2370 4237 2450 4292 De
2487 4236 2617 4290 sale.

1775 4337 1852 4393 De
1909 4335 2273 4409 principatum
2328 4328 2642 4385 tenentibus
2701 4322 2974 4380 sideribus
3039 4319 3155 4377 sole
3215 4332 3281 4372 ac

1705 4432 1835 4490 luna
1892 4408 2203 4498 complures
2260 4429 2488 4494 egerunt
2546 4440 2559 4474 :
2612 4434 2678 4474 ac
2727 4415 2979 4488 privatim
3022 4412 3183 4468 etiam
3213 4408 3282 4465 de

1705 4521 1965 4591 quinque.
1997 4517 2135 4572 Hinc
2153 4516 2352 4570 Aratus
2374 4512 2441 4567 de
2471 4511 2587 4566 sole
2629 4523 2694 4564 ac
2725 4509 2854 4562 luna
2884 4503 3067 4574 operis
3089 4504 3147 4557 in
3175 4501 3282 4556 ﬁne

38 4594 247 4668 σελήνης
299 4599 440 4672 πρὸς
468 4599 546 4670 τῷ
573 4599 716 4653 τέλει
746 4600 844 4670 τῆς
889 4603 1161 4672 ποιήσεως
1198 4599 1372 4666 εἶπεν,
1412 4604 1518 4676 ἰδία
1553 4604 1602 4656 δὲ

1713 4613 1936 4682 scripsit
1968 4631 1981 4666 ;
2017 4611 2083 4666 de
2130 4607 2372 4679 quinque
2406 4618 2538 4659 vero
2567 4603 2621 4657 in
2655 4616 2722 4656 eo
2749 4598 2846 4670 qui
2876 4596 3175 4666 inscriptus
3200 4604 3285 4649 est

34 4691 145 4759 περὶ
170 4692 282 4745 τῶν
315 4693 480 4746 πέντε
510 4694 567 4746 ὲν
583 4692 662 4762 τῷ
690 4695 1114 4765 ἐπιγραφομένῳ
1135 4698 1374 4752 Κανόνι.
1402 4699 1512 4769 Τὴν
1545 4699 1602 4752 δὲ

33 4782 203 4837 ούσίαν
235 4784 336 4838 τοῦ
381 4785 532 4855 ἡλίου
559 4785 785 4840 Πλάτων
828 4786 1137 4857 περιέργως
1171 4791 1234 4842 ὲκ
1264 4789 1437 4886 πυρὸς
1466 4787 1603 4844 εἷναί

36 4889 150 4943 φησι
167 4891 183 4906 ο
212 4878 366 4940 τινὲς
389 4877 446 4931 δὲ
469 4876 578 4931 τῶν
605 4878 848 4947 φυσικῶν
870 4878 929 4944 ἐξ
948 4876 1365 4950 ἀναθυμιάσεωξ
1388 4882 1491 4952 γῆς
1510 4881 1603 4952 και

32 4968 192 5034 νεφῶν
225 4970 393 5024 αὑτὸν
423 4965 583 5024 εἶναι.
627 4971 996 5042 Ἀναξαγόρας
1023 4971 1222 5044 μύδρον
1256 4976 1414 5028 αὐτὸν
1442 4971 1559 5038 εἷπε
1582 4990 1596 5006 ⁸

34 5060 266 5129 Φιλόλαος
322 5065 414 5131 δὲ,
451 5065 512 5118 τὺ
563 5065 811 5139 πυρῶδες
851 5069 943 5120 καὶ
980 5067 1198 5136 διαυγὲς
1257 5068 1602 5140 λαμϐάνοντα

35 5151 222 5209 ἄνωθεν
259 5157 371 5210 ἀπὸ
394 5155 489 5210 τοῦ
527 5157 768 5229 αἰθερίου
799 5159 989 5230 πυρὸς,
1017 5161 1152 5231 πρὸς
1177 5163 1326 5230 ἡμᾶς
1371 5161 1602 5232 πέμπειν

35 5246 117 5314 τὴν
149 5249 324 5320 αὐγὴν
355 5249 444 5305 διά
483 5267 646 5303 τινων
687 5252 1082 5322 ἀραιωμάτων·
1117 5253 1253 5306 ὥστε
1287 5254 1409 5306 κατ’
1443 5255 1604 5308 αὐτὸν

35 5341 236 5404 τρισσὸν
285 5336 427 5396 εἶναι
475 5342 569 5396 τὸν
607 5343 791 5413 ἥλιον⁸
841 5343 902 5396 τὸ
941 5345 1040 5415 μὲν
1079 5345 1186 5398 ἀπὸ
1217 5343 1312 5398 τοῦ
1357 5346 1600 5416 αἰθερίου

37 5431 208 5500 πυρός’
242 5433 310 5488 τὸ
339 5435 397 5488 δὲ
421 5438 516 5489 ἀπ’
549 5437 758 5490 ἐκείνου
787 5420 1139 5508 πεμπόμενον
1161 5438 1254 5490 ἐπὶ
1279 5439 1371 5491 τὸν
1403 5439 1604 5492 ύελοει-

35 5512 90 5585 δῆ
120 5520 208 5573 ὑπ’
241 5523 410 5576 αὐτού
441 5525 734 5597 λεγόμενον
769 5526 920 5598 ἥλιον
939 5543 953 5557 ·
983 5527 1042 5579 τὸ
1071 5527 1128 5580 δὲ
1170 5527 1278 5580 ἀπὸ
1305 5527 1398 5580 τοῦ
1429 5528 1604 5582 τοιού-

37 5620 116 5684 του
143 5613 294 5682 ἡλίου
324 5615 462 5686 πρὸς
488 5618 638 5688 ἡμᾶς
667 5617 1038 5688 πεμπόμενον.
1058 5617 1374 5689 Ἐπίκουρος
1397 5618 1452 5672 δὲ
1483 5637 1600 5672 κισ-

37 5706 276 5778 σηροειδῆ
306 5708 469 5763 αὑτὸν
497 5707 599 5782 ἔφη
627 5711 690 5764 ἐκ
713 5711 883 5783 πυρὸς
916 5711 1006 5767 διά
1035 5712 1329 5783 τρημάτων
1355 5712 1517 5766 τινῶν
1544 5714 1604 5782 τὸ

137 5860 182 5891 u
284 5862 501 5922 σύνοδον
527 5867 720 5942 “quiv-
796 5865 842 5906 οι
872 5866 914 5936 [,
947 5865 1146 5941 αἰθέρι,
1226 5868 1270 5899 ⁹⁹
1381 5867 1524 5939 πέρι.

1712 4705 1918 4760 Canon.
1953 4701 2111 4769 Quod
2150 4700 2218 4756 ad
2249 4699 2385 4754 solis
2428 4703 2682 4751 naturam
2728 4689 2982 4761 pertinet,
3013 4683 3284 4740 curiosius

1714 4797 1868 4851 Plato
1920 4811 1987 4850 ex
2040 4794 2165 4864 igne
2219 4798 2474 4847 constare
2516 4787 2704 4850 docet;
2742 4780 2958 4852 quidam
2993 4775 3202 4848 physici
3254 4789 3286 4829 e

1710 4899 1875 4958 terra
1904 4905 1968 4944 ac
2002 4887 2230 4942 nubium
2274 4876 3105 4942 exhalationibus.Anaxagoras
3139 4883 3286 4923 mas-

1713 4997 1828 5047 sam
1900 4980 2160 5050 ignitam;
2220 4974 2496 5030 Philolaus
2560 4967 2810 5026 eumdem
2859 4959 3122 5034 quidquid
3189 4957 3287 5013 ha-

1707 5074 1800 5130 bet
1859 5077 2076 5145 igneum
2129 5085 2195 5124 ac
2239 5078 2591 5137 transparens
2618 5079 2687 5118 cx
2724 5059 2949 5116 atherio
2973 5058 3116 5129 igne,
3141 5053 3288 5126 quod

1716 5143 1901 5236 supra
1930 5165 2108 5233 ipsum
2140 5167 2246 5222 est,
2279 5157 2586 5227 exprimere
2613 5158 2790 5223 putat,
2818 5165 2882 5204 ac
2912 5164 3008 5220 per
3037 5143 3283 5216 quadam

1711 5260 1974 5314 rimarum
2032 5252 2325 5308 interstitia
2384 5247 2728 5319 splendorem
2767 5243 2835 5299 ad
2862 5257 2963 5298 nos
3002 5236 3285 5294 transmit-

1709 5356 1857 5416 tere;
1896 5347 2031 5402 adeo
2062 5352 2123 5398 ut
2146 5343 2342 5414 triplex
2370 5340 2442 5396 sit
2471 5354 2536 5393 ex
2564 5337 2685 5408 ejus
2714 5334 2972 5406 opinione
3012 5330 3116 5386 sol.
3150 5326 3285 5381 Nam

1710 5441 1906 5511 partim
1940 5454 2006 5494 ex
2039 5438 2262 5494 aetherio
2291 5437 2415 5508 igne
2441 5433 2712 5490 conﬂatus
2735 5439 2825 5486 est'
2853 5447 2867 5483 :
2897 5426 3089 5499 partim
3117 5424 3188 5479 ab
3219 5435 3290 5477 eo

1708 5531 1777 5584 ad
1815 5531 1985 5586 solem
2023 5529 2198 5593 illum,
2223 5544 2386 5599 quem
2435 5527 2562 5582 vitri
2600 5525 2836 5580 similem
2869 5526 3050 5583 vocat,
3086 5515 3285 5570 nonni-

1709 5623 1786 5678 hil
1843 5623 2153 5678 emittitur:
2186 5623 2386 5692 partim
2443 5621 2514 5675 ab
2545 5619 2651 5673 hoc
2695 5617 2817 5686 ipso
2860 5611 2930 5666 ad
2972 5623 3076 5665 nos
3113 5621 3288 5676 usque

1710 5724 1915 5771 manat.
1954 5713 2226 5788 Epicurus
2257 5713 2492 5786 pumicis
2535 5709 2775 5783 speciem
2824 5702 3033 5762 habere
3077 5705 3284 5763 censet,
