3816 6338
525 415 635 472 959

1577 411 1668 466 AD
1709 410 1976 468 ΕυεΕΒιι
2008 408 2403 466 CHBONICON
2430 409 2792 467 APPENDIX.

3680 411 3772 468 960

527 538 695 596 atque
746 543 816 584 ex
856 543 982 599 igne
1031 543 1129 598 per
1171 527 1417 598 quadam
1461 526 1728 582 foramina
1752 527 2094 598 splendorem

2203 525 2318 594 φῶς
2357 525 2731 596 ἐκπέμποντα.
2761 525 2920 588 Τινὲς
2956 525 3034 589 δὲ,
3071 519 3146 580 ὧν
3179 528 3295 579 ἐστι
3327 524 3420 580 καὶ
3459 525 3775 598 Ἀναξίμαν-

526 617 815 685 ejaculari.
848 617 1129 681 Nonnulli,
1155 625 1216 672 ut
1258 617 1687 682 Anaximander,
1712 618 1886 673 lucem
1921 619 1990 672 ab
2033 633 2099 673 eo

528 709 624 778 qui
654 710 724 764 sit
755 718 888 764 rotas
920 711 1137 774 similis,
1159 711 1334 765 emitti
1361 711 1624 766 sentiunt.
1653 710 1789 764 Nam
1821 718 1879 764 ut
1905 711 1960 764 in
1982 718 2098 764 rota

529 815 698 854 cavus
719 807 803 855 est
826 800 1120 865 modiolus,
1155 801 1242 856 cui
1278 800 1429 855 inﬁxi
1456 801 1596 856 radii
1626 800 1693 855 ad
1722 816 1948 856 summa:
1971 816 2100 855 cur-

529 898 735 944 vatura:
775 889 1038 946 ambitum
1080 891 1290 947 extensi
1325 899 1494 959 sunt;
1531 891 1604 946 ita
1639 893 1811 948 solem
1847 891 2002 946 aiunt
2032 907 2098 946 ex

530 995 665 1035 cavo
681 978 860 1036 lumen
881 979 1245 1035 eﬁ‘undentem
1269 980 1451 1036 radios
1471 997 1750 1053 spargere,
1775 982 1884 1052 82
1901 981 2099 1052 quibus

531 1072 961 1142 circumquaque
996 1072 1301 1126 collustrat.
1329 1070 1468 1127 Sunt
1503 1072 1595 1142 qui
1622 1087 1758 1127 cavo
1790 1087 1857 1126 ex
1884 1072 2006 1126 loco
2046 1078 2100 1126 et

528 1173 786 1233 angusto,
832 1165 974 1219 tubae
1020 1165 1218 1228 instar,
1259 1164 1406 1221 illius
1438 1180 1662 1220 manare
1691 1165 1874 1220 lucem
1905 1163 2098 1220 existi-

532 1263 702 1320 ment,
735 1256 882 1311 velut
930 1256 1115 1327 igneas
1148 1255 1312 1311 faces.
1341 1255 1458 1312 Jam
1491 1256 1661 1327 ﬁgura
1705 1256 1840 1312 solis
1878 1257 1948 1311 ab
1976 1255 2098 1310 aliis

531 1362 654 1402 cum
686 1346 840 1403 disco
880 1357 1250 1418 comparatur.
1286 1349 1593 1404 Heraclitus
1623 1347 1838 1417 scaphae
1868 1347 2098 1402 similem

529 1447 707 1509 putat,
755 1439 936 1494 Stoici
994 1440 1241 1509 sphaerae.
1291 1440 1560 1496 Caeterum
1591 1439 1658 1494 de
1689 1439 1803 1495 sole
1855 1440 2100 1510 plerique

531 1531 957 1586 commentarios
990 1530 1320 1597 ediderunt:
1352 1538 1412 1584 ut
1438 1529 1780 1600 Thrasyllus,
1833 1537 1889 1585 et
1929 1530 2100 1585 Adra-

531 1624 652 1678 itus
689 1620 1103 1691 Peripateticus,
1155 1628 1211 1676 et
1261 1620 1728 1690 Aphrodisiensis.
1771 1619 1961 1675 Deﬁcit
2003 1636 2100 1674 au-

531 1718 664 1777 tem,
702 1726 770 1766 eo
806 1711 953 1781 quod
983 1712 1133 1775 luna,
1162 1719 1222 1765 ut
1250 1710 1474 1782 quidam
1503 1717 1779 1777 asserunt,
1809 1710 2013 1766 directe
2039 1725 2099 1766 se

534 1807 679 1861 inter
718 1808 896 1876 ipsum
953 1814 1006 1861 et
1053 1822 1156 1862 nos
1187 1807 1418 1862 mediam
1467 1807 1808 1878 interponit:
1843 1807 1984 1878 quod
2039 1815 2097 1862 ut

538 1897 875 1966 probabilius
907 1905 1126 1967 oportet
1155 1897 1428 1968 amplecti.
1462 1897 1556 1952 Est
1593 1899 1737 1953 enim
1768 1898 1892 1952 luna
1936 1907 2095 1954 terrae

535 1986 769 2042 vicinior
819 1987 934 2042 sole
979 2000 1142 2059 atque
1189 1987 1529 2060 depressior;
1586 1989 1732 2058 quod
1773 1990 1975 2044 Aratus
2019 1989 2095 2044 ita

533 2086 768 2135 testatur
803 2098 818 2134 :

709 2192 870 2248 Stans
900 2193 1039 2247 inter
1061 2201 1255 2248 terram
1277 2193 1538 2264 solemque
1565 2193 1778 2249 directa.

603 2282 789 2354 Neque
821 2299 951 2340 vero
980 2284 1250 2340 defectum
1296 2287 1499 2356 patitur
1524 2287 1605 2341 sol
1643 2305 1656 2342 :
1699 2286 1801 2342 etsi
1833 2286 1906 2342 ita
1938 2287 2095 2344 nobis

532 2373 765 2431 videtur.
789 2374 924 2429 Nam
971 2391 1095 2431 cum
1143 2377 1210 2432 ad
1259 2379 1706 2448 perpendiculum
1751 2379 1800 2435 ei
1849 2381 2096 2451 subjecta

533 2468 664 2522 luna
713 2466 896 2532 fuerit,
936 2469 1082 2524 illius
1110 2468 1279 2524 radiis
1320 2469 1522 2534 obstat,
1546 2484 1615 2524 ne
1644 2469 1713 2524 ad
1748 2485 1872 2535 nos,
1915 2471 2009 2542 qui
2040 2471 2097 2526 in

531 2568 678 2614 terra
717 2575 928 2624 sumus,
961 2575 1134 2630 usque
1165 2561 1492 2632 pertingant.
1520 2561 1706 2632 Itaque
1727 2562 1888 2617 nobis
1925 2563 2098 2618 multo

533 2647 892 2706 inferioribus
941 2651 1067 2705 luna
1097 2651 1328 2707 deﬁcere
1379 2651 1616 2710 videtur.
1649 2652 1754 2708 Sed
1798 2669 1900 2708 nec
1931 2655 2098 2710 totius

531 2741 688 2806 solis,
729 2758 917 2797 verum
948 2743 1117 2813 partis
1153 2742 1272 2812 ejus
1306 2743 1570 2798 duntaxat
1615 2744 1846 2800 defectio
1878 2745 2095 2801 accidit.

535 2831 657 2889 Non
697 2835 841 2890 enim
877 2841 1057 2905 potest
1081 2836 1242 2907 longe
1275 2837 1451 2891 minor
1479 2839 1597 2908 ipso
1623 2838 1749 2893 luna
1773 2845 1943 2892 totum
1973 2839 2102 2894 abs»

528 2922 783 2978 condere.
818 2922 993 2990 Quam
1033 2924 1105 2979 ob
1152 2938 1374 2979 causam
1418 2940 1527 2980 non
1561 2925 1630 2979 ab
1657 2925 1912 2981 omnibus
1936 2925 2099 2980 simul

530 3013 845 3072 hominibus
897 3015 1156 3073 deﬁciens
1196 3018 1460 3083 cernitur,
1507 3017 1603 3075 sed
1642 3018 1779 3075 alias
1827 3018 1898 3074 ab
1939 3018 2097 3084 aliis,

527 3102 676 3157 velut
721 3104 774 3158 in
831 3111 1007 3160 tractu
1059 3104 1287 3178 Syenes,
1332 3105 1674 3162 Alexandriae
1718 3113 1772 3161 et
1824 3105 2097 3177 Elephan.

2197 617 2345 688 ὅρος,
2391 617 2523 686 φασὶ
2579 617 2818 688 πέμπειν
2873 616 3035 670 αὑτὸν
3079 615 3142 669 τὸ
3178 616 3312 684 φῶς,
3354 615 3546 687 σχῆμα
3590 616 3772 686 ἔχοντα

2197 706 2412 777 τροχοῦ.
2445 707 2656 778 Ὥσπερ
2691 708 2802 779 γὰρ
2822 708 2880 760 ἐν
2912 705 2991 777 τῷ
3029 707 3206 778 τροχῷ
3228 707 3384 778 κοίλη
3415 708 3567 760 ἐστὶν
3587 709 3624 779 ἡ
3649 709 3772 778 πλῇ-

2202 815 2330 868 μνη,
2368 797 2481 868 ἔχει
2513 798 2571 851 δὲ
2593 799 2689 851 ἀπ’
2721 799 2888 869 αὐτῆς
2921 799 3329 870 ἀνατεταμένας
3367 797 3469 862 τὰς
3513 799 3771 870 κνημίδες

2199 888 2339 960 πρὸς
2371 889 2471 960 τὴν
2521 888 2719 955 ἔξωθεν
2749 890 2849 959 τῆς
2897 891 3084 959 ἀψίδος
3127 890 3467 962 περιφοράν·
3509 891 3654 944 οὕτω
3687 893 3770 944 καὶ

2197 980 2380 1044 αὐτὸν,
2397 981 2505 1033 άπὸ
2532 980 2712 1033 κοίλου
2739 980 2797 1034 τὺ
2826 981 2941 1050 φῶς
2967 981 3336 1051 ἐκπέμποντα,
3359 982 3461 1053 τὴν
3482 982 3773 1036 ἀνάστασιν

2197 1071 2304 1124 τῶν
2331 1071 2565 1125 ἀκτίνων
2589 1071 2880 1137 ποιεῖσθαι,
2909 1072 3005 1125 καὶ
3031 1071 3228 1136 ἔξωθεν
3253 1073 3423 1136 αὑτὰς
3449 1073 3637 1144 κύκλῳ
3664 1091 3770 1142 (ρω-

2196 1160 2384 1224 τίζειν.
2421 1164 2578 1226 Τινὲς
2603 1163 2681 1226 δέ,
2712 1163 2788 1227 ὡς
2811 1163 2919 1216 ἀπὸ
2953 1163 3271 1231 σάλπιγγος,
3311 1165 3374 1216 ἐκ
3406 1163 3588 1216 κοίλου
3611 1164 3768 1217 τόπου

2198 1254 2292 1306 καὶ
2316 1254 2500 1308 στενοῦ
2535 1255 2837 1326 ἐκπέμπειν
2868 1254 3029 1310 αὐτὸν
3055 1256 3116 1308 τὸ
3144 1256 3278 1323 φῶς,
3310 1255 3503 1326 ὥσπερ
3533 1257 3770 1326 πρηστῆο

2199 1363 2318 1417 ρας.
2361 1346 2552 1416 Σχῆμα
2585 1347 2641 1400 δὲ
2668 1348 2832 1400 αὑτοῦ
2857 1349 2907 1401 οἱ
2943 1349 3040 1418 μὲν
3071 1347 3384 1411 δισκπιδές,
3427 1346 3771 1418 Ἡράκλειτος

2196 1437 2252 1489 δὲ
2281 1438 2618 1505 σκαφοειδές,
2652 1439 2879 1492 Στωϊκοὶ
2911 1440 2964 1493 δὲ
2995 1439 3328 1510 σφαιροειδὲς
3365 1435 3506 1493 εἶναι
3538 1440 3767 1508 λέγουσι.

2197 1526 2420 1589 Πολλοῖς
2435 1528 2492 1580 δέ
2515 1528 2643 1599 περὶ
2665 1527 2856 1581 τούτου
2878 1533 3244 1600 πραγματεῖαι
3263 1529 3574 1597 γεγόνασιν,
3592 1530 3770 1599 ὥσπερ

2196 1617 2493 1690 Θρασύλλῳ
2521 1621 2616 1673 καὶ
2644 1619 2920 1692 Ἀδράστῳ
2949 1621 3027 1691 τῷ
3060 1621 3168 1675 ἀπὸ
3197 1621 3289 1674 τοῦ
3322 1623 3657 1692 Περιπάτου,
3684 1623 3769 1676 καὶ

2211 1708 2537 1780 Ἀφροδισεῖ.
2556 1711 2826 1764 Ἐκλείπει
2851 1711 2929 1777 δὲ,
2966 1712 3042 1775 ὡς
3075 1712 3174 1784 μέν
3195 1713 3338 1776 τινές
3359 1731 3548 1784 φασιν,
3571 1713 3768 1784 ἐμπρο-

2201 1800 2324 1854 σθεν
2353 1802 2516 1857 αὑτοῦ
2543 1805 2640 1873 τῆς
2671 1804 2898 1875 σελήνης
2931 1805 3070 1858 κατὰ
3105 1804 3332 1859 κάθετον
3381 1805 3554 1859 αὑτοῦ
3599 1823 3769 1874 γιγνο-

2126 1871 2166 1928 n
2199 1893 2383 1965 μένης·
2420 1889 2465 1964 ᾧ
2510 1871 2605 1948 καί
2659 1871 2878 1966 μᾶλλον,
2900 1897 2975 1960 ὡς
3020 1896 3254 1969 πιθανῷ,
3290 1897 3569 1952 πειστέον.
3602 1871 3768 1969 Προσ-

2193 1986 2442 2057 γειοτέρα
2486 1987 2593 2057 γὰρ
2637 1987 2801 2040 αὑτοῦ
2841 1989 3050 2059 ἐστινὴ
3100 1989 3318 2059 σελήνη,
3355 1989 3452 2042 καὶ
3491 1989 3767 2059 κατωτέρα

2194 2076 2289 2129 τοῦ
2326 2075 2478 2146 ἡλίου
2501 2093 2513 2106 ο
2558 2075 2698 2129 οὕτω
2732 2077 2841 2148 γὰρ
2877 2079 3022 2131 καὶὸ
3057 2080 3286 2152 ’Ἄρατος
3310 2078 3496 2147 λέγει’

2303 2191 2623 2262 Ἰσταμένη
2679 2193 2851 2263 φαίης
2897 2210 2961 2246 τε
3005 2194 3103 2247 καὶ
3149 2194 3374 2261 ἠελίοιο
3408 2195 3538 2247 κατ’
3569 2195 3677 2248 ἰθύ.

2271 2285 2385 2338 Οὐκ
2411 2284 2650 2337 ἐκλείπει
2681 2284 2737 2338 δέ
2764 2286 2792 2337 ὁ
2819 2284 2989 2355 ἥλιος·
3007 2284 3120 2338 ἀλλ’
3143 2286 3273 2356 ἡμῖν
3297 2285 3468 2339 δοκεῖ.
3495 2283 3647 2338 Κατὰ
3675 2287 3766 2337 κά-

2208 2374 2362 2428 θετον
2390 2375 2499 2447 γὰρ
2529 2378 2561 2447 ή
2599 2375 2791 2446 σελήνη
2817 2376 3077 2446 γενομένη
3105 2375 3196 2429 τοῦ
3221 2375 3392 2445 ἡλίου,
3414 2374 3653 2447 ἀνείργει
3675 2375 3766 2437 τὰς

2197 2466 2332 2536 πρὸς
2363 2468 2507 2538 ἡμᾶς
2531 2469 2653 2531 τοὺς
2688 2468 2780 2520 ἐπὶ
2807 2468 2910 2539 γῆς
2937 2466 3112 2536 αὐγὰς
3128 2466 3315 2520 αὑτοῦ.
3334 2468 3447 2520 Καὶ
3476 2469 3606 2538 ἡμῖν
3634 2466 3764 2519 οὕτω

2198 2559 2448 2628 φαίνεται
2481 2559 2775 2629 κατωτέρω
2806 2557 2911 2628 γῆς
2949 2558 3176 2629 σελήνης
3207 2554 3376 2611 οὖσιν.
3414 2557 3529 2627 Οὐχ
3550 2557 3668 2610 ὅλου
3690 2556 3761 2617 δὲ,

2198 2648 2332 2702 ἀλλὰ
2360 2649 2558 2720 μέρους
2592 2649 2830 2719 ἔκλειψις
2858 2649 3083 2719 γίνεται.
3115 2649 3187 2702 Οὐ
3213 2647 3321 2719 γάρ
3349 2647 3594 2710 δυνατὸν,
3623 2645 3764 2699 ἐλάτ-

2196 2756 2322 2793 τονα
2361 2737 2524 2794 οὖσαν
2556 2743 2655 2811 τὴν
2688 2742 2916 2814 σελήνην
2946 2741 3100 2805 πολὺ,
3134 2741 3254 2793 ὅλον
3279 2741 3657 2811 ἀποκρύπτειν
3679 2737 3765 2790 τὸν

2197 2833 2366 2904 ἣλιον.
2399 2833 2490 2886 Διὸ
2537 2833 2600 2885 οὺ
2635 2833 2786 2904 παρὰ
2820 2835 2982 2886 πᾶσιν
3012 2831 3318 2905 ἀνθρώποις
3350 2831 3469 2901 ἅμα
3504 2831 3762 2884 ἐκλείπειν

2197 2925 2431 2987 δοκεῖν¹,
2480 2924 2614 2978 ἀλλὰ
2650 2925 2778 2996 παρ’
2827 2925 3034 2996 ἐτέροις
3071 2925 3292 2979 άλλοτε’
3318 2918 3438 2977 ὀἷον
3483 2925 3542 2976 ἐν
3595 2923 3763 2991 Συήνῃ

2198 3014 2294 3068 καὶ
2336 3013 2726 3087 Ἀλεξανδρείᾳ,
2777 3017 2874 3069 καὶ
2920 3015 3270 3086 Ἐλεφαντίνῃ
3303 3014 3422 3086 ἅμα
3477 3013 3758 3067 ἐκλείπειν.

2199 3106 2305 3160 Τοῦ
2375 3107 2484 3179 γάρ
2547 3108 2712 3161 αὐτοῦ
2757 3108 3018 3179 κλίματος
3061 3109 3209 3162 δοκεῖ
3265 3106 3440 3161 ταῦτα
3487 3106 3558 3159 τὰ
3602 3105 3761 3176 χωρία

529 3195 672 3252 lines
717 3198 905 3253 eodem
941 3207 1186 3269 tempore
1228 3199 1488 3256 deﬁciens
1534 3199 1768 3255 videtur.
1800 3197 1927 3254 Haec
1949 3199 2094 3255 enim

2203 3195 2352 3253 εἶναι.
2395 3200 2946 3271 Ἐπραγματεύσαντο
2987 3201 3043 3254 δέ
3074 3199 3256 3254 πολλοὶ
3303 3201 3431 3271 περὶ
3483 3199 3764 3267 ἐκλείψεων

525 3286 710 3340 omnia
765 3288 884 3343 loca
932 3288 1001 3342 ad
1043 3287 1184 3344 idem
1216 3289 1377 3344 clima
1419 3291 1692 3360 pertinere
1711 3290 1984 3345 videntur.
2021 3287 2096 3344 De

525 3379 821 3449 eclipsibus
850 3383 984 3437 solis
1011 3384 1313 3440 secundum
1348 3385 1568 3438 climata
1593 3391 1799 3454 septem
1826 3384 2098 3455 scripsere

527 3471 856 3540 complures,
886 3481 946 3526 ut
976 3472 1167 3538 Orion,
1195 3474 1549 3544 Apollinaris,
1574 3474 1922 3535 Ptolemaeus.
1963 3475 2096 3546 Hip-

527 3563 787 3631 parchus.
824 3562 1054 3618 Climata
1081 3565 1342 3620 dicuntur
1367 3565 1487 3621 ideo
1513 3568 1659 3636 quod
1689 3575 1832 3622 terra
1875 3567 2098 3623 minimc

529 3653 690 3720 plana
733 3654 827 3716 sit,
862 3655 956 3709 sed
987 3657 1284 3711 nonnullas
1325 3655 1657 3713 devexitates
1696 3658 1892 3713 habeat
1923 3677 1936 3713 :
1971 3673 2101 3728 quo-

529 3743 678 3796 niam
709 3754 889 3812 partes
919 3745 1040 3814 ejus
1077 3747 1469 3803 eminentiores
1502 3749 1620 3803 aliae
1663 3759 1814 3817 sunt,
1844 3751 1962 3805 alia:
2004 3751 2100 3806 de-

525 3831 819 3901 jectiores,
869 3850 934 3890 ac
976 3844 1165 3906 gentes
1231 3836 1349 3890 alia:
1379 3837 1501 3893 aliis
1541 3839 1596 3892 in
1646 3839 1783 3896 locis
1831 3839 2096 3898 habitant.

540 3925 732 3980 Annus
762 3930 897 3982 solis
921 3927 1163 3992 ἐνιαυτός
1188 3937 1439 3995 vocatur,
1467 3930 1612 4000 quod
1640 3931 1698 3984 ἐν
1725 3931 1920 4003 ἐαυτῷ,
1942 3933 1998 3985 in
2021 3951 2102 3988 se-

532 4015 650 4084 :‘pso
689 4022 1042 4087 tempestates
1073 4035 1266 4076 omnes
1313 4029 1550 4094 quatuor
1592 4023 1991 4094 complectitur,
2041 4032 2100 4080 ut

534 4105 827 4182 Euripides
857 4111 1061 4168 indicat
1085 4130 1101 4168 :

638 4222 903 4291 Quoniam
919 4224 984 4279 ‘in
1009 4241 1063 4279 se
1084 4235 1274 4279 cuncla
1305 4227 1647 4296 complectens
1684 4227 1858 4284 habet.

599 4337 920 4409 Appellatur
953 4355 1130 4397 annus
1171 4340 1304 4396 solis
1335 4342 1403 4397 ab
1429 4343 1618 4398 eodem
1659 4342 1815 4414 signo
1847 4342 1914 4398 ad
1956 4342 2099 4397 idem

528 4429 806 4486 redeuntis
857 4433 1142 4488 conversio
1172 4434 1227 4487 in
1259 4433 1363 4489 565
1395 4435 1609 4499 diebus,
1641 4443 1697 4490 et
1724 4437 1916 4507 exigua
1949 4435 2102 4490 insu-

2193 3293 2345 3364 ἡλίου
2397 3292 2538 3345 κατὰ
2579 3293 2647 3346 τὰ
2694 3292 2835 3346 ἑπτά
2887 3293 3162 3363 κλίματω
3217 3292 3408 3363 ὥσπερ
3471 3291 3683 3362 Ὠρίων,
3737 3291 3762 3341 ὁ

2207 3380 2627 3451 Ἀπολλινάριος,
2665 3381 3019 3452 Πτολεμαῖος,
3060 3383 3384 3450 Ἵππαρχος.
3418 3380 3674 3450 Κλίματα
3711 3378 3762 3431 δὲ

2195 3474 2428 3546 εἴρηται,
2458 3474 2548 3528 διὰ
2573 3475 2634 3527 τὸ
2655 3474 2754 3545 τὴν
2782 3475 2884 3545 γῆν
2925 3474 2999 3546 μὴ
3039 3471 3176 3527 εἶναι
3202 3473 3437 3544 ὁμαλὴν,
3469 3471 3606 3525 ἀλλὰ
3633 3470 3764 3540 ἔχειν

2195 3560 2304 3616 οἷον
2342 3562 2647 3633 ἐγκλίματά
2685 3582 2826 3630 τινα,
2868 3564 3212 3636 ὑψηλοτέρων
3251 3563 3421 3616 ὅντων
3459 3563 3556 3617 καὶ
3579 3577 3761 3614 ταπει-

2195 3655 2424 3726 νοτέρων
2471 3655 2579 3708 τῶν
2645 3655 2827 3726 μερῶν
2862 3657 3050 3726 αὐτῆς,
3076 3657 3171 3709 καὶ
3218 3654 3318 3717 τὰς
3371 3655 3619 3725 οἰκήσεις
3662 3651 3762 3704 τῶν

2195 3745 2364 3799 ἐθνῶν
2405 3745 2570 3810 ἄλλας
2617 3745 2848 3817 ἀλλοιχοῦ
2901 3743 3056 3801 εἶναι.
3113 3746 3386 3808 Ἐνιαυτὺς
3419 3746 3477 3798 δὲ
3505 3745 3655 3816 ἡλίου
3693 3742 3762 3795 εῐ-

2199 3854 2381 3908 ρηται,
2415 3838 2537 3890 ἐπεὶ
2566 3837 2677 3907 ἔχει
2706 3839 2804 3902 τὰς
2831 3838 3011 3903 πάσας
3034 3838 3182 3910 ὥρας
3205 3840 3263 3891 ὲν
3291 3837 3473 3908 ἐαυτῷ
3505 3837 3762 3906 τέσσαρας

2198 3929 2338 3982 κατὰ
2374 3929 2465 3983 τὸν
2500 3931 2815 4003 Εὐριπίδην·

2271 4239 2386 4294 Ὅθ⁴
2415 4239 2610 4294 οὕνεκ’
2646 4241 2716 4293 ἐν
2746 4241 2908 4307 αὐτῷ
2936 4241 3131 4295 πάντα
3171 4242 3500 4296 συλλαϐὼν
3525 4243 3662 4310 ἔχει.

2273 4352 2504 4420 Λέγεται
2529 4353 2584 4405 δὲ
2611 4353 2855 4418 ἐνιαυτὸς
2882 4357 2914 4426 ὴ
2961 4355 3067 4408 ἀπὸ
3093 4353 3185 4408 τοῦ
3212 4353 3406 4419 ζωδίου
3439 4355 3527 4408 ἐπὶ
3561 4353 3618 4408 τὸ
3642 4352 3757 4405 αὐτὸ

2197 4443 2635 4508 ἀποκατάστασις
2674 4445 2836 4498 αὐτοῦ
2884 4447 2942 4498 ἐν
2975 4445 3208 4517 ἡμέραις
3235 4445 3342 4509 τξε¹
3379 4446 3475 4500 καὶ⁵
3511 4445 3758 4515 ἐλαχίστῳ

531 4534 627 4590 per
657 4529 846 4590 parte;
879 4520 946 4576 ad
978 4521 1121 4578 idem
1146 4538 1276 4578 vero
1306 4533 1568 4594 punctum
1599 4524 1901 4580 octodecim
1938 4526 2096 4579 annis

2203 4534 2393 4605 μορίῳ·
2428 4533 2608 4587 ἀπὸδὲ
2638 4534 2862 4605 σημείου
2890 4536 2982 4588 ἐπὶ
3013 4538 3235 4606 σημεῖον
3264 4535 3683 4589 ἀποκαθίσταται
3707 4535 3755 4584 ἐν

531 4614 866 4669 vertentibus
897 4613 1036 4670 redit
1077 4633 1089 4669 :
1128 4616 1173 4671 si
1205 4625 1288 4671 est
1337 4631 1653 4686 germanum
1703 4631 1840 4687 opus
1903 4616 2096 4670 Erato-

531 4705 760 4762 sthenis.
791 4706 890 4761 Hic
918 4707 1060 4762 enim
1091 4709 1692 4780 scripsit,ostenditque
1713 4725 1822 4764 non
1852 4725 1976 4764 esse
2006 4724 2097 4763 au-

528 4805 734 4853 ctorem
786 4797 1094 4856 Eudoxum.
1125 4799 1214 4863 At,
1244 4807 1306 4854 ut
1350 4810 1574 4854 censent
1618 4801 1731 4866 alii,
1761 4800 1820 4854 ﬁt
1866 4801 1960 4854 illa
2008 4816 2096 4856 re-

525 4890 706 4947 versio
763 4893 819 4946 in
868 4893 1027 4948 annis
1069 4907 1165 4948 sex
1203 4901 1257 4947 et
1290 4894 1630 4963 septuaginta
1668 4913 1682 4947 :
1719 4909 1839 4964 qua:
1879 4901 1964 4949 est
1994 4894 2097 4950 Ca-

526 4981 658 5052 lippi
692 4984 984 5038 sententia.
1037 4983 1176 5038 Meto
1209 4999 1338 5038 vero
1381 4983 1752 5039 novemdecim
1784 4986 1944 5040 annis
1979 4983 2092 5040 ﬁeri

528 5080 698 5142 putat.
728 5072 899 5139 Quem
939 5075 1139 5129 Aratus
1168 5074 1255 5130 his
1279 5075 1532 5132 versibus
1563 5087 1786 5132 secutus
1808 5085 1892 5131 est
1927 5095 1940 5131 :

525 5213 735 5224 -σ--ι-

739 5215 876 5256 ee—
898 5185 1226 5239 celebranlur
1254 5187 1370 5256 jam

532 5251 902 5324 ﬂavemdecim
931 5257 1114 5309 circuli
1146 5251 1406 5324 splendidi
1433 5259 1582 5312 solis.

531 5323 664 5392 Tum
703 5340 830 5392 quos
858 5341 889 5377 a
929 5325 1097 5380 balteo
1125 5323 1193 5380 ad
1226 5338 1517 5382 extremum
1546 5328 1794 5383 Orionem

531 5391 657 5446 Nux
684 5391 1130 5462 circumvolvitur,
1166 5407 1216 5453 et
1250 5398 1319 5451 ad
1343 5398 1536 5453 Canem
1573 5399 1825 5453 audacem
1857 5399 2091 5456 Orionis.

984 5508 1062 5564 De
1097 5511 1225 5566 solis
1257 5513 1644 5582 magnitudine.

598 5596 689 5650 20.
727 5595 840 5661 Sol,
885 5609 944 5654 ut
973 5602 1144 5668 aiunt,
1177 5612 1379 5658 terram
1427 5605 1802 5674 magnitudine
1850 5619 2092 5676 superat.

537 5689 766 5756 Quidam
796 5707 924 5748 vero
945 5695 1187 5764 pedalem
1209 5737 1224 5759 ,
1254 5696 1350 5750 alii
1379 5696 1621 5765 octuplo,
1641 5697 1731 5751 alii
1777 5699 2094 5755 undevicies

643 5846 660 5880 ⁸
693 5847 731 5904 ί.
757 5847 921 5904 δοκεῖ.
1017 5854 1035 5882 ²
1073 5851 1330 5908 Mendosa
1368 5851 1467 5907 ista
1511 5861 1657 5907 sunt.

2195 4624 2794 4696 ὀκτωκαιδεκαετηρίδι,
2813 4626 2944 4695 εἴγε
2962 4626 3179 4698 γνήσιόν
3207 4627 3324 4678 ἐστι
3348 4627 3409 4679 τὸ
3441 4626 3756 4695 σύγγραμμα.

2152 4734 2158 4742 ’
2209 4715 2675 4789 Ἐρατοσθένους¹.
2722 4713 2892 4781 Οἶντος
2943 4717 3050 4790 γὰρ
3098 4717 3406 4788 ἀνέγραψεν
3434 4717 3656 4779 δεικνὺς,
3690 4715 3756 4774 ὡς

2193 4809 2294 4862 οὐκ
2352 4807 2435 4879 εἴη
2481 4808 2732 4874 Εὐδόξου.
2769 4809 2930 4863 Κατὰ
2977 4810 3034 4862 δέ
3080 4826 3233 4872 τινας
3275 4811 3328 4861 ἐν
3374 4806 3756 4880 ἐϐδομήκοντα.³

2193 4898 2399 4951 ἔτεσιν·
2448 4893 2517 4969 ἦς
2547 4899 2705 4971 δόξης
2729 4903 2845 4955 ἐστὶ
2877 4903 2970 4955 καὶ
2995 4900 3308 4964 Κάλιππος.
3358 4903 3517 4956 Κατὰ
3561 4903 3612 4953 δὲ
3651 4899 3752 4952 Μέ-

2196 5007 2341 5042 τωνα
2381 4989 2446 5042 δι’
2481 4991 3350 5067 ἐννεακαιδεκαετηρίδος.,Ταύτῃ
3377 4990 3753 5064 κατηκολούθη-

2201 5099 2290 5134 σεν
2323 5083 2558 5154 ’Ἄρατος
2582 5102 2595 5114 ·
2630 5069 2765 5156 φησὶ
2797 5085 2904 5156 γάρ
2926 5103 2939 5115 ’

2200 5225 2268 5235 μ..

2273 5225 2550 5236 _—___—

2583 5198 2960 5252 avrasié‘atat
2989 5197 3103 5265 ἤδη

2215 5266 2669 5321 Ἐιηέαχαίδεκα
2699 5270 2892 5321 κύκλα
2917 5267 3162 5336 φαεινοῦ
3186 5267 3416 5335 ἠελίοιο
3435 5285 3449 5302 ν

2203 5336 2403 5390 ’Ὄσσα
2439 5339 2487 5390 τ’
2519 5338 2635 5391 ἀπὸ
2669 5338 2857 5404 ζώνης
2887 5341 2973 5404 εἰς
2999 5337 3264 5405 ἔσχατον
3295 5338 3535 5406 Ὠρίωνα

2202 5407 2330 5471 Νὺξ
2353 5407 2722 5471 ἐπιδινεῖται,
2763 5411 2930 5462 Κύνα
2961 5425 3022 5460 τε
3055 5407 3290 5473 θρασὺν
3326 5409 3611 5475 Ὠρίωνες.

2249 5586 2256 5599 ⁸
2649 5520 2787 5589 Περὶ
2824 5519 3114 5590 μεγέθους
3142 5519 3344 5586 ἡλίου.

2273 5619 2345 5664 κ’.
2367 5612 2611 5681 Μέγεθος
2643 5614 2793 5684 ἡλίου
2821 5613 3004 5684 μεῖζον
3028 5612 3130 5680 γῆς
3151 5629 3303 5679 φασι.
3333 5613 3444 5666 Καὶ
3471 5613 3519 5664 oi
3553 5609 3641 5680 μέν
3663 5621 3728 5658 πο

2201 5703 2387 5759 διαῖον·
2423 5709 2470 5758 oi
2525 5706 2580 5758 δέ
2635 5707 3028 5760 ὀκταπλάσιον
3069 5705 3116 5758 οἱ
3159 5703 3214 5756 δὲ
3253 5697 3748 5759 ἐννεακαιδεκαπλάο

1757 5854 1774 5883 ³
1801 5854 1840 5922 Ῑ.
1877 5852 1935 5918 ἒξ
1970 5854 2059 5907 καὶ
2086 5855 2194 5910 ἐϐδ.
