3816 6312
22 251 105 309 961
751 247 1069 307 ACHILLIS
1104 245 1290 307 TATll
1324 247 1585 306 IS'AGOGT

1688 246 1752 302 lD
1785 244 1996 301 ARATI
2027 244 2500 310 ΡΗᾹΞΝΟΜΕΝΑ.

3165 246 3272 305 962

25 382 142 416 σιον.
169 362 440 436 Φέρεσθαι
471 362 530 417 δέ
562 362 720 418 αὑτὸν
767 363 866 435 τὴν
905 363 1153 418 ἐναντίαν
1192 367 1305 430 τοῖς
1330 366 1585 420 ἁπλανέσι

1696 363 1956 434 majorem
2010 363 2240 420 faciunt.
2293 362 2557 419 Eumdem
2599 363 2877 418 contrario
2905 362 3084 420 stellis
3133 365 3271 420 iner-

25 456 174 525 φορὰν
222 455 372 509 κατὰ
410 456 513 527 τὴν
546 455 678 510 ἰδίαν
710 455 922 527 κίνησιν
959 455 1068 509 ἀπὸ
1097 456 1316 528 δυσμῶν
1349 459 1435 510 ἐπ’
1459 458 1590 510 ἁνα-

23 548 190 612 τολὰς·
215 547 452 616 ἄγεσθαι
477 548 533 600 δὲ
566 547 669 600 ὑπὸ
693 547 790 618 τῆς
828 545 1102 611 ἀπλανοῦς
1125 549 1235 602 ἀπὸ
1265 547 1373 601 τῶν
1405 549 1595 601 ἀνατο⁴

25 640 170 692 λικῶν
210 639 398 710 μερῶν
446 639 540 690 ἐπὶ
585 638 654 692 τὰ
697 638 910 706 δυτικὰ,
970 641 1112 694 κατὰ
1155 639 1246 693 τὸν
1293 640 1592 712 Εὐριπίδην

25 732 230 798 λέγοντα
251 745 267 760 ⁹

146 842 362 907 Δείξιις
390 839 504 911 γὰρ
535 840 772 910 ἄστρων
801 840 916 908 τὴν
941 841 1225 895 ἐναντίαν
1255 841 1420 911 ὁδὸν,

143 910 469 982 Δήμουςΐ
501 912 736 976 ἔσωσα,
771 913 870 965 καὶ
912 913 1208 980 τύραννος
1249 910 1467 982 ιζόμην.

94 1025 315 1094 ’Δτρεὺς
371 1023 480 1095 γὰρ
543 1019 668 1096 εὗρε
711 1023 819 1076 τῶν
855 1023 1140 1095 πλανήτων
1193 1024 1292 1094 τὴν
1343 1023 1591 1078 ἐναντίαν

23 1117 196 1188 φορὰν,
228 1116 426 1188 ῶσπερ
473 1116 569 1170 καὶ
615 1116 764 1187 ἡλίου
800 1115 907 1168 ἀπὸ
944 1115 1214 1169 ἀνατολῶν
1247 1115 1586 1186 κυλιομένου,

24 1211 101 1262 καὶ
126 1209 432 1282 φερομένου
460 1210 539 1272 εἰς
563 1208 793 1278 δυσμάς.
821 1209 1027 1279 Ὠσπερ
1058 1208 1184 1280 γὰρ,
1206 1209 1253 1261 εἰ
1279 1209 1430 1278 τύχοι
1455 1207 1591 1280 μύρ-

25 1304 117 1372 μηξ
168 1303 363 1374 ἕρπων
408 1299 607 1366 ἔξωθεν
641 1299 992 1372 περιφερείας
1039 1301 1183 1364 τινὸς
1222 1300 1330 1354 ἀπὸ
1371 1301 1590 1372 δυσμῶν

21 1395 96 1446 ἐπ’
138 1393 412 1457 ἀνατολὰς
470 1393 571 1464 τὴν
625 1391 873 1446 ἐναντίαν
929 1391 1006 1462 τῷ
1052 1391 1232 1464 τροχῷ
1272 1391 1590 1464 ποιούμενος

23 1487 255 1554 πορείαν,
288 1486 631 1556 συμϐήσεται
662 1485 826 1538 αὐτὸν
857 1485 962 1538 ὑπὸ
998 1485 1095 1556 μὲν
1132 1485 1232 1556 τῆς
1272 1485 1366 1539 τοῦ
1395 1487 1590 1558 τροχοῦ

22 1578 398 1646 περιδινήσεως
449 1575 558 1628 ἀπὸ
604 1575 881 1628 ἀνατολῶν
929 1576 1023 1629 ἐπὶ
1083 1574 1291 1648 δυσμὰς
1341 1577 1588 1646 ἄγεσθαι,

21 1669 110 1719 ὑπὸ
135 1669 191 1721 δὲ
223 1668 328 1737 τῆς
365 1667 497 1730 ἰδίας
518 1671 784 1739 κινήσεως
812 1668 921 1722 ἀπὸ
946 1667 1165 1739 δυσμῶν
1192 1670 1278 1721 ἐπ’
1303 1669 1587 1735 ἀνατολάς.

30 1761 173 1829 Ἡμῖν
221 1759 283 1812 δὲ
315 1759 767 1830 δυσκατάληπτον
818 1755 958 1813 εἰναι
994 1759 1280 1830 συμόαίνει
1309 1761 1410 1834 τὴν
1450 1763 1587 1816 ἰδίαν
1618 1742 1662 1801 Β

20 1849 165 1902 αὐτοῦ
218 1851 462 1920 κίνησιν,
493 1849 588 1903 ἆτε
613 1849 678 1920 δὴ
711 1849 915 1920 μικρὰν
952 1845 1148 1903 οὖσανο
1178 1849 1259 1903 διὸ
1292 1851 1386 1904 καὶ
1413 1869 1590 1923 παρα-

20 1942 180 2013 τρέχει
219 1942 381 2013 ἡμῶν
405 1941 505 2012 τὴν
539 1940 658 2010 ὄψιν
686 1943 718 2011 ἠ
746 1939 842 1994 τοῦ
877 1940 1166 2012 μύρμηκος
1200 1941 1434 2015 κίνησις,
1469 1943 1592 2010 ὀξυ-

19 2034 163 2104 τέρας
200 2033 374 2103 οῦσης
404 2034 503 2104 τῆς
547 2031 740 2104 τροχοῦ
761 2048 772 2062 ο
806 2031 900 2085 τὸν
926 2031 1087 2085 αὑτὸν
1114 2031 1314 2103 τρόπον
1356 2034 1465 2086 νόει
1496 2034 1590 2087 καὶ

20 2125 97 2175 ἐπὶ
139 2123 317 2194 ἡλίου.
360 2123 542 2175 Ἔστω
572 2121 680 2194 γὰρ
709 2119 905 2194 τροχὸς
937 2123 965 2174 ὁ
996 2121 1242 2193 οὐρανὸς,
1283 2123 1312 2175 ὁ
1354 2123 1410 2176 δὲ
1437 2124 1588 2196 ἥλιος

21 2213 122 2265 ἀντὶ
154 2213 475 2284 μύρμηκος.
520 2212 631 2284 Τὴν
660 2211 718 2265 δὲ
742 2211 905 2278 δεῖξιν
938 2209 1143 2282 ταύτην
1173 2211 1260 2264 ἐπ’
1290 2211 1460 2284 αὐτῆς
1490 2214 1589 2286 τῆς

22 2309 243 2376 σφαίρας
293 2304 445 2357 ἐστιν
495 2303 641 2358 ἰδεῖν.
695 2302 820 2357 Ἐὰν
861 2301 971 2375 γὰρ
1004 2302 1330 2375 ὑποθώμεθα
1373 2304 1589 2377 πρῶτον

21 2397 318 2450 ἀνατέλλειν
369 2395 564 2467 Κριὸν,
590 2395 685 2449 καὶ
722 2395 813 2448 τὸν
844 2395 993 2466 ἥλιον
1019 2396 1078 2448 ἐν
1105 2393 1278 2466 τούτῳ
1301 2390 1460 2462 εἶναι,
1494 2396 1590 2449 ἐπὶ

20 2491 215 2561 ἡμέρας
249 2489 292 2542 λ’
324 2490 426 2562 τὴν
464 2488 763 2559 μετάϐασιν
804 2486 968 2542 αὑτοῦ
1016 2488 1124 2541 ἀπὸ
1160 2487 1253 2541 τοῦ
1292 2487 1463 2558 Κριοῦ
1495 2489 1587 2541 εὐ-

24 2584 263 2655 ρίσκομεν
297 2583 380 2645 εἰς
411 2582 505 2634 τὸν
537 2580 748 2652 Ταῦρον
775 2581 1063 2651 γινομένην
1085 2595 1100 2610 °
1133 2582 1162 2634 ὁ
1198 2579 1242 2632 δ’
1289 2580 1406 2634 ἐστὶ
1447 2579 1587 2651 μετὰ

23 2675 96 2726 τὸν
123 2675 310 2746 Κριόν.
359 2673 497 2726 Ἀπὸ
523 2671 626 2725 τῶν
658 2670 888 2725 δυτικῶν
908 2672 1015 2744 ἄρα
1035 2670 1217 2744 μερῶν
1241 2671 1334 2724 ἐπὶ
1361 2671 1431 2725 τὰ
1457 2673 1587 2726 ἀνα-

20 2765 207 2827 τολικὰ,
238 2764 355 2818 ἀλλ’
394 2763 518 2833 οὐχ).
547 2761 812 2816 ἀνάπαλιν
838 2761 944 2816 ἀπὸ
979 2761 1090 2815 τῶν
1125 2760 1461 2816 ἀνατολικῶν
1493 2762 1586 2814 ἐπὶ

19 2854 77 2906 τὰ
119 2855 310 2909 δυτικὰ
351 2853 680 2925 εὑρίσκομεν
723 2852 1020 2924 φερόμενον
1045 2851 1227 2906 αὐτόν.
1263 2851 1435 2923 Δῆλον
1469 2847 1582 2918 οῦν,

20 2946 82 3009 ὡς
114 2951 366 3009 κινεῖται,
403 2948 500 3000 καὶ
532 2947 754 3017 φέρεται
785 2945 926 2998 κατὰ
953 2945 1050 3017 τὴν
1086 2945 1219 2999 iam
1245 2945 1458 3018 κίνησιν
1479 2944 1587 3000 ἀπὸ

19 3040 111 3090 τῶν
140 3040 371 3093 δυτικῶν
405 3039 500 3092 ἐπὶ
533 3039 599 3092 τὰ
628 3037 944 3092 ἀνατολικὰ.

574 3132 711 3199 Περὶ
737 3129 1028 3200 σελήνης.

78 3232 176 3277 κα’.
206 3226 365 3288 Τινὲς
392 3223 518 3278 οὐδὲ
542 3223 678 3287 ὅλως
704 3223 980 3294 βούλονται
1010 3219 1147 3277 εἶναι
1177 3224 1428 3300 σελήνην.
1454 3226 1585 3280 Ἀλ-

19 3317 88 3370 λοι
117 3320 170 3373 δὲ
195 3320 368 3390 αὐτὴν
418 3318 478 3384 ἐξ
509 3317 928 3390 ἀναθυμιάσεως
969 3320 1073 3390 γῆς
1121 3315 1258 3376 εἶναι
1299 3322 1545 3392 λέγουσιν
1567 3341 1581 3356 ⁸

20 3412 178 3483 {tepet
206 3413 264 3466 δὲ
297 3413 366 3465 ἐκ
411 3411 586 3482 πυρός
605 3428 619 3441 ο
651 3410 800 3465 ἄλλοι
846 3411 941 3464 καὶ
970 3412 1133 3484 ἀέρος
1155 3431 1168 3443 ·
1199 3414 1347 3468 ἄλλοι
1375 3417 1440 3470 ἐκ
1477 3416 1586 3471 τῶν

21 3505 280 3575 τεσσάρων
332 3503 648 3573 στοιχείωνο
705 3503 882 3575 ἕτεροι
937 3503 994 3557 δὲ
1043 3506 1144 3576 γῆν
1185 3509 1585 3581 πεπυρωμένην

22 3599 341 3668 στερέμνιον,
374 3596 608 3666 ἔχουσαν
647 3594 788 3668 πῦρο
817 3591 955 3650 εἶναι
983 3597 1040 3650 δέ
1068 3600 1155 3651 ἐπ’
1183 3599 1352 3671 αὐτῆς
1373 3603 1585 3674 οίκησιν

21 3685 188 3756 ἄλλην,
219 3684 509 3756 ποταμούς
529 3701 590 3737 τε
611 3685 706 3738 καὶ
733 3685 837 3739 ὅσα
863 3686 956 3740 ἐπὶ
981 3688 1085 3758 γῆς
1109 3702 1123 3714 ·
1154 3690 1247 3743 καὶ
1272 3691 1364 3745 τὸν
1395 3692 1585 3747 λέοντα

19 3776 97 3828 τὸν
123 3778 393 3848 Νεμεαῖον
423 3775 632 3828 ἐκεῖθεν
663 3778 846 3829 πεσεῖν
877 3777 1276 3848 μυθολογοῦσιν.
1329 3782 1586 3854 Ἐμπεδο-

21 3867 137 3938 κλῆς
173 3870 230 3922 δὲ
260 3869 611 3938 ἀπόσπασμα
653 3869 826 3940 αὑτήν
865 3886 1029 3940 φησιν
1073 3870 1248 3938 ἡλίου.
1290 3875 1488 3947 Σχῆμα
1527 3877 1585 3931 δὲ

19 3963 169 4034 αὐτῆς
217 3965 264 4016 οἰ
317 3963 418 4033 μὲν
459 3962 814 4034 σφαιροειδὲς,
864 3965 914 4016 οἰ
961 3964 1017 4017 δὲ
1063 3966 1376 4032 δισκοειδές.
1427 3969 1586 4023 Κατὰ

24 4053 153 4122 μῆνα
171 4056 228 4109 δέ
256 4053 504 4108 ἐκλείπει
528 4071 542 4083 ο
567 4053 643 4117 ὼς
669 4054 766 4125 μὲν
791 4055 1144 4128 Ἡράκλειτός
1168 4075 1354 4130 φησιν,
1383 4059 1585 4131 ὁμοίως

18 4147 86 4218 τῷ
123 4149 257 4221 ἡλίῳ
289 4149 387 4202 τοῦ
423 4147 746 4218 φωτοειδοῦς
793 4151 1072 4221 σχήματος
1114 4152 1580 4224 ἀναστραφέντος·

19 4240 151 4295 ἄλλοι
180 4242 237 4296 δέ
272 4241 371 4296 τοῦ
407 4241 631 4314 στομίου
665 4240 760 4294 τοῦ
798 4243 1158 4314 τροχοειδοῦς,
1189 4244 1256 4298 δι’
1283 4240 1344 4300 οῦ
1371 4245 1583 4318 ἐκπέμ-

17 4347 166 4386 πεται
205 4320 280 4386 rb.
310 4332 450 4402 φῶς,
481 4332 956 4403 ἀποφραχθέντος·
1013 4333 1088 4397 ὡς
1139 4333 1196 4386 δὲ
1240 4334 1410 4399 ἄλλοι,
1457 4337 1584 4390 ὅταν

1611 3083 1659 3148 C

1694 454 1942 510 rantibus
1973 468 2037 508 ac
2067 454 2288 525 proprio
2312 463 2467 509 motu
2496 455 2565 509 ab
2593 469 2793 510 occasu
2830 455 2886 509 in
2915 466 3096 510 ortum
3136 455 3265 510 ferri

1694 543 1909 610 volunt;
1967 543 2185 598 interim
2239 545 2368 599 dum
2420 543 2492 598 ab
2537 543 2897 599 inerrantium
2935 545 3148 616 sphaera
3197 544 3268 599 ab

1691 637 1880 692 ortivis
1918 636 2165 707 partibus
2207 636 2261 691 in
2291 635 2550 694 occiduas
2597 639 2832 709 rapitur,
2869 649 2927 693 ut
2985 639 3070 696 bis
3101 639 3268 696 versi-

1683 730 1794 786 .bus
1832 738 2062 786 testatur
2086 728 2375 801 Euripides
2409 748 2424 786 :

1838 843 2060 900 Ostenso
2090 844 2228 898 enim
2253 853 2523 899 astrorum
2555 844 2824 900 contrario
2853 852 3037 912 motu,

1828 914 2062 996 Papuios
2095 916 2318 981 servavi,
2351 926 2399 970 el
2436 925 2693 987 tyrannus
2717 915 2952 971 consedi.

1757 1029 1893 1084 Nam
1947 1028 2147 1085 Atreus
2181 1029 2519 1084 contrarium
2567 1035 2774 1084 motum
2807 1031 3149 1100 planetarum
3180 1043 3266 1084 re-

1689 1123 1852 1193 perit,
1889 1130 1950 1177 ut
1987 1130 2042 1178 et
2074 1123 2207 1178 solis
2257 1123 2326 1178 ab
2377 1131 2501 1178 ortu
2548 1123 2823 1178 tendentis
2860 1122 2929 1176 ad
2977 1136 3260 1178 occasum.

1690 1215 1902 1271 Etenim
1931 1216 2388 1286 quemadmodum
2417 1217 2460 1272 si
2488 1217 2715 1272 formica
2743 1217 2799 1270 in
2829 1217 3100 1272 exteriore
3128 1223 3266 1270 rota:

1689 1307 1898 1362 ambitu
1929 1307 2204 1362 contraria
2231 1319 2393 1379 atque
2425 1308 2518 1362 illa
2547 1308 2934 1379 progressione
2961 1306 3030 1361 ab
3059 1321 3262 1361 occasu

1688 1407 1970 1454 moveatur
2003 1400 2059 1454 in
2087 1401 2376 1468 orientem,
2405 1401 2616 1456 accidet
2641 1401 2694 1455 id
2728 1400 2973 1472 quidem,
3004 1399 3081 1468 uti
3126 1405 3264 1454 rotae

1688 1487 2010 1545 circuitione
2053 1490 2123 1546 ab
2177 1492 2387 1546 oriente
2428 1491 2675 1561 rapiatur
2718 1507 2973 1546 occasum
3009 1505 3204 1545 versus
3241 1507 3258 1546 :

1687 1591 1883 1654 suopte
1915 1600 2044 1639 vero
2071 1591 2220 1638 motu
2262 1585 2330 1640 ab
2359 1600 2558 1640 occasu
2582 1585 2636 1638 in
2668 1592 2870 1638 ortum.
2901 1585 2970 1638 At
2997 1599 3099 1639 nos
3131 1598 3261 1654 pro-

1689 1675 1866 1746 prium
1903 1676 2050 1732 illius
2084 1683 2313 1741 motum,
2331 1677 2484 1748 quod
2505 1675 2843 1731 lentissimus
2869 1677 2960 1743 sit,
2986 1692 3125 1748 aegre
3147 1675 3262 1731 dis—

1689 1770 1982 1824 cernimus.
2003 1767 2086 1823 Ob
2112 1768 2163 1822 id
2189 1770 2380 1825 oculos
2411 1777 2632 1825 nostros
2660 1768 2844 1839 ell‘ugit
2875 1768 3114 1824 formica:
3142 1783 3263 1838 pro-

1689 1859 1920 1926 gressio,
1951 1858 2098 1930 quod
2133 1859 2204 1914 sit
2236 1860 2525 1915 conversio
2575 1861 2666 1914 illa
2718 1870 2851 1916 rotat
2901 1861 3135 1915 citatior.
3154 1858 3264 1914 Eo-

1687 1951 1810 2007 dem
1849 1952 2011 2007 modo
2045 1959 2100 2006 et
2128 1952 2196 2006 de
2233 1951 2348 2007 sole
2386 1952 2733 2023 cogitandum
2767 1960 2873 2015 est,
2906 1959 2966 2006 ut
2997 1952 3043 2006 is
3080 1951 3264 2005 formi-

1688 2056 1767 2096 ca:
1803 2041 1977 2097 instar
2009 2041 2102 2109 sit,
2138 2042 2338 2096 caelum
2378 2029 2714 2109 τοίω.ουοά
2766 2043 2904 2098 adeo
2949 2043 3004 2097 in
3046 2043 3262 2114 sphaera

1689 2130 1806 2202 ipsa
1835 2131 2200 2187 demonstrari
2226 2139 2422 2202 potest.
2446 2131 2579 2186 Nam
2603 2132 2647 2188 si
2674 2135 3050 2205 concipiamus
3077 2135 3264 2189 animo

1687 2225 1921 2294 primum
1970 2223 2207 2280 Arietem
2257 2226 2479 2289 exoriri,
2512 2226 2567 2280 in
2598 2241 2772 2296 eoque
2810 2229 3018 2283 versari
3061 2229 3258 2292 solem,

1691 2322 1815 2388 post
1833 2315 1903 2369 30
1925 2315 2044 2371 dies
2070 2316 2138 2370 ab
2158 2316 2342 2372 Ariete
2360 2317 2651 2374 transitum
2681 2318 2748 2373 ab
2769 2319 2862 2374 illo
2884 2319 3088 2374 factum
3108 2321 3263 2374 inve-

1687 2408 1870 2464 nimus
1901 2407 1970 2462 ad
1999 2406 2260 2474 Taurum,
2292 2409 2388 2480 qui
2427 2409 2496 2465 ab
2517 2409 2698 2466 Ariete
2727 2412 3013 2480 proximus
3033 2420 3138 2467 est.
3160 2411 3261 2482 lgi-

1688 2511 1777 2557 tur
1799 2501 1869 2557 ab
1901 2500 2146 2557 occiduis
2175 2501 2428 2572 partibus
2462 2503 2530 2558 ad
2563 2504 2881 2569 orientales,
2918 2520 3026 2558 non
3064 2513 3260 2560 contra

1686 2593 1756 2648 ab
1785 2593 2144 2649 orientalibus
2182 2593 2248 2648 ad
2282 2593 2552 2659 occiduas
2582 2594 2750 2649 illum.
2775 2595 2909 2650 cieri
2955 2595 3262 2666 deprehen-

1685 2683 1888 2740 dimus.
1925 2681 2196 2750 Quocirca
2248 2683 2476 2740 dubium
2514 2699 2622 2740 non
2665 2692 2770 2750 est,
2801 2686 3010 2740 moveri
3052 2687 3257 2756 ipsum,

1686 2774 1927 2847 ferrique
1979 2775 2205 2848 proprio
2283 2784 2438 2832 motu
2489 2775 2558 2832 ab
2605 2776 2854 2856 occiduis
2901 2777 3150 2849 partibus
3200 2778 3258 2834 in

1685 2867 2000 2925 orientales.

2281 3113 2391 3185 83
2430 3111 2508 3168 De
2545 3111 2692 3168 luna.

1754 3204 1844 3261 21.
1881 3203 2021 3260 Sunt
2047 3204 2140 3276 qui
2183 3205 2368 3260 lunam
2427 3221 2552 3262 esse
2597 3203 2846 3262 funditus
2885 3214 3104 3278 negent.
3149 3205 3258 3261 Alii

1685 3299 1919 3355 terrenis
1937 3298 2380 3355 exbalationibus
2411 3309 2664 3354 constare
2688 3284 2910 3368 putan't;
2937 3299 3158 3369 quidam
3189 3315 3258 3354 ex

1683 3391 1846 3462 igne;
1877 3391 1968 3445 alii
2003 3407 2067 3447 ex
2109 3406 2270 3459 aere;
2305 3380 2557 3446 nonnulli
2591 3406 2657 3446 ex
2702 3391 2985 3446 elementis
3021 3398 3259 3462 quatuor

1683 3483 1990 3552 exsistere;
2018 3481 2190 3554 aliqui
2219 3491 2422 3539 terram
2466 3484 2717 3554 ignitam,
2753 3483 3006 3548 solidam,
3050 3493 3104 3539 et
3134 3483 3258 3555 igne

1691 3575 2082 3633 circumfusam
2132 3591 2255 3633 esse
2303 3576 2570 3631 sentiunt.
2622 3575 2704 3631 Ad
2742 3576 2858 3630 haec
2893 3576 3055 3630 aliam
3103 3575 3156 3630 in
3191 3591 3256 3630 ea

1688 3671 1968 3743 regionem
2001 3671 2070 3727 ad
2115 3670 2478 3726 habitandum
2536 3670 2759 3734 inesse,
2793 3684 2917 3724 cum
2976 3669 3154 3724 fluviis
3201 3676 3258 3724 et

1684 3763 1923 3828 caeteris,
1959 3779 2084 3834 qua:
2113 3763 2168 3818 in
2213 3771 2361 3819 terra
2410 3763 2692 3818 videntur.
2743 3763 2984 3834 Indeque
3024 3761 3256 3818 Nemees

1685 3856 1835 3912 illum
1869 3855 2085 3912 leonem
2119 3855 2406 3927 delapsum
2447 3871 2573 3912 esse
2605 3856 2835 3912 fabulati
2869 3864 3021 3912 sunt.
3053 3853 3256 3928 Empe-

1683 3947 1872 4004 docles
1911 3948 2160 4004 avulsam
2221 3948 2362 4002 lianc
2413 3963 2442 4002 a
2499 3949 2614 4004 sole
2646 3957 2856 4018 partem
2888 3963 3012 4004 esse
3045 3949 3252 4004 docuit.

1682 4037 1941 4110 Figuram
1971 4039 2156 4102 habet,
2191 4046 2252 4092 ut
2281 4036 2504 4107 quidam
2543 4038 2648 4092 rati
2695 4045 2847 4101 sunt,
2898 4038 3146 4108 sphmraz,
3195 4044 3257 4092 ut

1684 4133 1799 4197 alii,
1841 4131 1980 4186 disci
2015 4131 2273 4186 similem.
2309 4128 2501 4186 Deficit
2542 4145 2730 4186 mense
2774 4129 3059 4200 quolibet:
3107 4129 3255 4200 quod

1685 4224 2030 4285 Heraclitus,
2066 4221 2324 4276 similiter
2354 4229 2520 4290 atque
2557 4221 2611 4273 in
2649 4220 2786 4283 sole,
2820 4219 2937 4274 ﬁeri
2981 4227 3139 4288 putat
3169 4219 3256 4273 in-

1684 4331 1843 4372 versa
1878 4314 2202 4386 splendente
2227 4314 2424 4367 forma.
2448 4311 2552 4364 Alii
2585 4326 2721 4366 (avo
2753 4311 2848 4364 illo
2880 4310 3256 4379 circinatoque

19 4425 133 4494 περὶ
162 4425 224 4478 τὸ
255 4400 542 4486 κωνοειδὲς
574 4400 674 4495 της
706 4400 822 4496 *γῆς
867 4423 1091 4496 γένηται
1131 4423 1390 4480 δύνουσαο
1417 4427 1492 4492 ὡς
1524 4428 1581 4481 δὲ

1688 4422 1801 4469 ore,
1841 4421 1941 4477 per
1963 4404 2108 4476 quod
2147 4405 2327 4457 lumen
2350 4401 2643 4463 emittitur,
2675 4401 3000 4466 obstructo;
3032 4400 3253 4469 quidam

16 4520 57 4569 οἰ
89 4520 287 4584 πολλοὶ,
327 4518 472 4571 κατὰ
515 4517 1137 4595 διάμετρονχενομὲνην
1170 4518 1325 4590 ἡλίῳ.
1371 4519 1582 4574 Γίνεται

16 4610 65 4663 δὲ
88 4612 228 4666 κατὰ
265 4611 414 4682 μῆνα
454 4609 704 4665 ἕκαστον.
735 4609 772 4661 Γ
776 4608 901 4662 έννα
942 4609 999 4661 δὲ
1041 4609 1289 4682 σελήνης,
1326 4611 1421 4664 καὶ
1452 4612 1584 4665 ἁναο

17 4705 130 4774 tali;
160 4705 428 4774 διαφέρει.
465 4702 616 4756 Μετὰ
643 4701 752 4773 γὰρ
775 4703 925 4773 τρεῖς
955 4701 989 4772 ἢ
1025 4701 1297 4773 τέσσαρας
1324 4701 1418 4756 τοῦ
1461 4721 1584 4773 γεν-

16 4798 231 4869 νηθῆναι
268 4797 482 4868 ἡμέρας
509 4794 774 4864 φαίνεται,
809 4793 905 4846 καὶ
936 4793 1034 4863 οὐχ
1063 4792 1180 4864 ἅμα
1215 4793 1292 4864 τῷ
1321 4796 1584 4867 γεννηοῆ-

19 4905 113 4942 ναι.
157 4888 459 4941 ’Λητέλλει
495 4885 552 4939 δὲ
588 4886 686 4957 οὐχ
723 4884 845 4939 ὅλον
889 4884 950 4937 τὸ
985 4882 1101 4953 φῶς
1127 4883 1324 4955 ἔχουσα
1359 4903 1582 4957 περιφε-

22 4979 120 5044 ρὲς,
147 4979 283 5032 ἀλλὰ
314 4977 602 5050 μηνοειδής
619 4995 634 5009 ο
663 4975 822 5048 μέχρι
847 4975 903 5028 δὲ
928 4973 1022 5030 τοῦ
1046 4973 1266 5047 ἡμίσεος
1288 4973 1584 5046 αὐξηθεῖσα

18 5071 212 5136 γίνεται
239 5073 543 5143 διχότομος.
582 5069 705 5123 Ἐὰν
735 5069 791 5122 δὲ
823 5069 884 5122 τὸ
907 5068 1150 5139 δίμοιρον
1184 5069 1577 5142 περιφωτισθῇ.

18 5163 245 5218 καλεῖται
281 5163 624 5236 ἀμφίκυρτος
647 5178 661 5193 ⁶
691 5160 1042 5233 πληρωθεῖσα
1069 5159 1124 5212 δὲ
1149 5159 1357 5227 γίνεται
1388 5161 1584 5232 πληρο-

21 5256 243 5326 σὲληνος,
280 5257 375 5311 καὶ
408 5256 763 5327 πανσέληνος,
806 5253 902 5308 καὶ
942 5252 1254 5322 διχόμηνις·
1301 5268 1582 5306 πεντεκαι-

19 5342 255 5402 δεκαταία
285 5348 396 5420 γάρ
441 5351 557 5401 ἐστι
589 5345 938 5418 πληρωθεῖσα
963 5361 977 5375 ·
1006 5345 1034 5397 ὅ
1080 5343 1230 5395 ἐστιν
1272 5343 1445 5413 ἥμισυ
1479 5362 1582 5416 μη-

23 5432 120 5497 “’4,
150 5437 514 5509 δικαζομένων
544 5435 655 5489 τῶν
686 5433 728 5488 λ’
759 5433 1000 5507 ἡμερῶν.
1032 5430 1143 5486 Καὶ
1175 5429 1337 5482 πάλιν
1370 5426 1437 5484 αὖ
1471 5430 1582 5484 ἀπὸ

23 5523 109 5592 τῆς
133 5530 462 5601 πανσελήνου
495 5528 720 5599 ἄρχεται
750 5524 1052 5597 μειοῦσθαι,
1081 5521 1176 5576 καὶ
1203 5521 1410 5590 γίνεται
1434 5521 1583 5593 πρῶι

16 5631 106 5694 ,τον
153 5620 516 5694 ἀμφίκυρτος,
571 5615 688 5673 εἶτα
735 5618 1038 5689 διχόμηνις,
1091 5612 1210 5668 εἶτα
1267 5614 1573 5686 μηνοειδής.

16 5709 189 5773 ’Ἄξιον
215 5713 270 5768 δέ
293 5711 524 5785 ζητῆσαι
546 5713 598 5766 τί
621 5712 815 5784 δήποτε
845 5710 936 5764 ἐπὶ
969 5708 1060 5763 τοῦ
1090 5706 1265 5779 φωτὸς
1297 5707 1395 5779 τῆς
1417 5703 1576 5774 σελή-

1684 4509 1815 4554 tunc
1845 4497 2094 4553 accidere
2119 4505 2366 4560 censent,
2399 4512 2522 4550 cum
2553 4495 2697 4550 circa
2720 4504 2880 4548 terra:
2910 4507 3110 4548 conum
3132 4508 3254 4546 ver-

1683 4600 1840 4646 satur
1869 4590 2148 4644 occidens.
2181 4587 2507 4644 Communis
2529 4597 2614 4643 est
2643 4585 2850 4657 opinio,
2881 4585 2937 4640 id
2965 4592 3082 4640 tum
3112 4584 3251 4647 fieri,

1683 4698 1807 4738 cum
1838 4697 1903 4738 ex
1943 4682 2212 4736 diametro
2244 4680 2346 4736 soli
2391 4689 2476 4735 est
2514 4679 2768 4734 obversa.
2816 4676 2930 4732 Hoc
2962 4691 3092 4731 vero
3137 4675 3255 4730 sin-

1685 4777 1827 4848 gulis
1867 4775 2150 4831 mensibus
2179 4773 2379 4829 evenit.
2417 4772 2606 4827 Differt
2636 4777 2818 4825 autem
2845 4769 2916 4825 ab
2941 4776 3066 4824 ortu
3112 4769 3256 4822 lunae

1684 4869 1960 4924 nativitas.
1997 4865 2210 4937 Quippe
2261 4874 2385 4936 post
2432 4874 2545 4919 tres
2592 4870 2918 4934 quatuorve,
2955 4876 3120 4932 quam
3167 4869 3254 4915 est

1683 4969 1833 5025 nata,
1871 4960 1987 5014 dies
2016 4964 2262 5028 apparet,
2286 4971 2396 5010 non
2429 4956 2590 5012 simul
2621 4964 2785 5026 atque
2818 4962 2947 5009 nata
2977 4963 3080 5010 est.
3111 4952 3251 5008 Cum

1683 5052 1896 5116 oritur,
1946 5067 2056 5105 non
2096 5051 2429 5119 completum
2483 5049 2646 5105 habet
2683 5047 2824 5103 lucis
2873 5047 3098 5113 orbem,
3154 5047 3249 5102 sed

1685 5145 1969 5198 falcatum.
2022 5141 2233 5196 Exinde
2283 5140 2350 5194 ad
2401 5140 2687 5195 dimidium
2723 5146 2917 5203 aucta,
2952 5139 3254 5208 semiplena

1685 5236 1764 5292 fit.
1793 5235 1897 5291 Ubi
1945 5235 2106 5290 besse
2154 5233 2476 5288 collustrata
2522 5243 2626 5297 est,
2677 5230 3040 5304 ἀμφίκυρτος,
3086 5231 3139 5286 id
3171 5241 3257 5287 est

1681 5329 1910 5401 gibbosa
1949 5326 2300 5392 nominatur;
2349 5325 2604 5381 absoluto
2629 5324 2739 5396 jam
2773 5325 2905 5379 orbe
2935 5323 3094 5395 plena
3123 5323 3252 5376 luna

1681 5423 1906 5485 dicitur,
1951 5429 2005 5477 et
2045 5419 2448 5492 plenilunium;
2495 5419 2642 5490 quod
2683 5418 2898 5474 decimo
2937 5413 3134 5487 quinto
3165 5414 3254 5469 die

1682 5515 1905 5580 accidit,
1937 5515 2043 5569 boc
2083 5521 2171 5570 est
2217 5512 2447 5569 dimidio
2481 5527 2672 5568 mense
2703 5551 2718 5576 ,
2774 5510 3006 5566 tricenis
3055 5506 3258 5563 diebus

1682 5607 1936 5663 bifariam
1982 5607 2221 5678 partitis.
2260 5605 2392 5662 Post
2437 5605 2492 5660 id
2530 5615 2748 5675 tempus
2785 5604 2961 5659 minui
3013 5601 3248 5673 incipit:

1683 5717 1744 5755 ac
1767 5699 2004 5770 primum
2037 5697 2328 5754 dimidiato
2356 5699 2491 5754 orbe
2519 5698 2714 5768 major,
2759 5704 2874 5750 tum
2911 5693 3137 5750 dimidia
3165 5691 3249 5764 ﬁt,
