  <div class='ocr_page' id='page_1' title='image "/cluster/home/n/w/nwhite01/storage/ocr_20150623/19/hvd.32044011362951/489.png"; bbox 0 0 3816 6308; ppageno 0'>
   <div class='ocr_carea' id='block_1_1' title="bbox 572 225 3794 296">
    <p class='ocr_par' dir='ltr' id='par_1_1' title="bbox 572 225 3794 296">
     <span class='ocr_line' id='line_1_1' title="bbox 572 225 3794 296; baseline -0 -1"><span class='ocrx_word' id='word_1_1' title='bbox 572 235 680 295; x_wconf 79' lang='lat'><strong>903</strong></span> <span class='ocrx_word' id='word_1_2' title='bbox 1593 229 1684 288; x_wconf 75' lang='lat' dir='ltr'><strong>AD</strong></span> <span class='ocrx_word' id='word_1_3' title='bbox 1720 225 1991 289; x_wconf 80' lang='lat' dir='ltr'><strong>EUSEBII</strong></span> <span class='ocrx_word' id='word_1_4' title='bbox 2028 225 2433 290; x_wconf 75' lang='lat' dir='ltr'><strong>CHBONICON</strong></span> <span class='ocrx_word' id='word_1_5' title='bbox 2463 229 2825 290; x_wconf 75' lang='lat' dir='ltr'><strong>APPENDlX.</strong></span> <span class='ocrx_word' id='word_1_6' title='bbox 3433 291 3438 293; x_wconf 67' lang='grc'><strong>,</strong></span> <span class='ocrx_word' id='word_1_7' title='bbox 3722 239 3794 296; x_wconf 71' lang='grc' dir='ltr'><strong>θῧι</strong></span> 
     </span>
    </p>
   </div>
   <div class='ocr_carea' id='block_1_2' title="bbox 573 348 2138 427">
    <p class='ocr_par' dir='ltr' id='par_1_2' title="bbox 573 348 2138 424">
     <span class='ocr_line' id='line_1_2' title="bbox 573 348 2138 424; baseline -0.004 -13"><span class='ocrx_word' id='word_1_8' title='bbox 573 354 702 411; x_wconf 77' lang='lat' dir='ltr'><strong>inde</strong></span> <span class='ocrx_word' id='word_1_9' title='bbox 760 352 975 409; x_wconf 79' lang='lat' dir='ltr'><strong>falcata.</strong></span> <span class='ocrx_word' id='word_1_10' title='bbox 1006 349 1107 410; x_wconf 68' lang='lat' dir='ltr'><strong>llic</strong></span> <span class='ocrx_word' id='word_1_11' title='bbox 1148 367 1259 408; x_wconf 91' lang='lat' dir='ltr'><strong>non</strong></span> <span class='ocrx_word' id='word_1_12' title='bbox 1311 352 1551 408; x_wconf 84' lang='lat' dir='ltr'><strong>absurde</strong></span> <span class='ocrx_word' id='word_1_13' title='bbox 1599 352 1872 424; x_wconf 64' lang='lat' dir='ltr'><strong>quaeritur</strong></span> <span class='ocrx_word' id='word_1_14' title='bbox 1922 365 2032 422; x_wconf 91' lang='lat' dir='ltr'><strong>qua</strong></span> <span class='ocrx_word' id='word_1_15' title='bbox 2071 348 2138 405; x_wconf 90' lang='lat' dir='ltr'><strong>de</strong></span> 
     </span>
    </p>
   </div>
   <div class='ocr_carea' id='block_1_3' title="bbox 2243 348 3791 427">
    <p class='ocr_par' dir='ltr' id='par_1_3' title="bbox 2244 351 3791 427">
     <span class='ocr_line' id='line_1_3' title="bbox 2244 351 3791 427; baseline 0.005 -24"><span class='ocrx_word' id='word_1_16' title='bbox 2244 366 2340 420; x_wconf 86' lang='grc' dir='ltr'>νης</span> <span class='ocrx_word' id='word_1_17' title='bbox 2371 351 2543 408; x_wconf 80' lang='grc' dir='ltr'>ταῦτα</span> <span class='ocrx_word' id='word_1_18' title='bbox 2573 353 2641 406; x_wconf 77' lang='grc' dir='ltr'>τὰ</span> <span class='ocrx_word' id='word_1_19' title='bbox 2689 355 2945 424; x_wconf 77' lang='grc' dir='ltr'>σχήματα</span> <span class='ocrx_word' id='word_1_20' title='bbox 2993 355 3217 423; x_wconf 77' lang='grc' dir='ltr'>γίνεται.</span> <span class='ocrx_word' id='word_1_21' title='bbox 3268 353 3412 427; x_wconf 81' lang='grc' dir='ltr'>Πρὸς</span> <span class='ocrx_word' id='word_1_22' title='bbox 3463 355 3530 426; x_wconf 79' lang='grc' dir='ltr'><strong>δὴ</strong></span> <span class='ocrx_word' id='word_1_23' title='bbox 3577 355 3730 409; x_wconf 75' lang='grc' dir='ltr'>τοῦτο</span> <span class='ocrx_word' id='word_1_24' title='bbox 3760 362 3791 412; x_wconf 84' lang='lat' dir='ltr'><strong>ol</strong></span> 
     </span>
    </p>
   </div>
   <div class='ocr_carea' id='block_1_4' title="bbox 572 441 2138 520">
    <p class='ocr_par' dir='ltr' id='par_1_4' title="bbox 572 441 2138 515">
     <span class='ocr_line' id='line_1_4' title="bbox 572 441 2138 515; baseline -0.002 -16"><span class='ocrx_word' id='word_1_25' title='bbox 572 458 741 500; x_wconf 85' lang='lat' dir='ltr'><strong>causa</strong></span> <span class='ocrx_word' id='word_1_26' title='bbox 783 451 866 499; x_wconf 92' lang='lat' dir='ltr'><strong>tot</strong></span> <span class='ocrx_word' id='word_1_27' title='bbox 902 445 959 499; x_wconf 90' lang='lat' dir='ltr'><strong>in</strong></span> <span class='ocrx_word' id='word_1_28' title='bbox 1004 445 1130 500; x_wconf 89' lang='lat' dir='ltr'><strong>luna</strong></span> <span class='ocrx_word' id='word_1_29' title='bbox 1185 443 1399 515; x_wconf 80' lang='lat' dir='ltr'><strong>species</strong></span> <span class='ocrx_word' id='word_1_30' title='bbox 1456 442 1746 498; x_wconf 87' lang='lat' dir='ltr'><strong>accidant.</strong></span> <span class='ocrx_word' id='word_1_31' title='bbox 1790 441 2138 514; x_wconf 77' lang='lat' dir='ltr'><strong>Respondent</strong></span> 
     </span>
    </p>
   </div>
   <div class='ocr_carea' id='block_1_5' title="bbox 2243 441 3792 520">
    <p class='ocr_par' dir='ltr' id='par_1_5' title="bbox 2249 445 3792 520">
     <span class='ocr_line' id='line_1_5' title="bbox 2249 445 3792 520; baseline 0 -20"><span class='ocrx_word' id='word_1_32' title='bbox 2249 446 2347 516; x_wconf 83' lang='grc' dir='ltr'>μὲν</span> <span class='ocrx_word' id='word_1_33' title='bbox 2375 445 2590 515; x_wconf 82' lang='grc' dir='ltr'>λέγουσι</span> <span class='ocrx_word' id='word_1_34' title='bbox 2617 447 2745 518; x_wconf 75' lang='grc' dir='ltr'>περὶ</span> <span class='ocrx_word' id='word_1_35' title='bbox 2767 447 2856 500; x_wconf 84' lang='grc' dir='ltr'>τὸν</span> <span class='ocrx_word' id='word_1_36' title='bbox 2886 446 3059 500; x_wconf 83' lang='grc' dir='ltr'>κῶνον</span> <span class='ocrx_word' id='word_1_37' title='bbox 3086 449 3256 519; x_wconf 83' lang='grc' dir='ltr'>αὐτὴν</span> <span class='ocrx_word' id='word_1_38' title='bbox 3277 449 3574 520; x_wconf 80' lang='grc' dir='ltr'><strong>γινομένην</strong></span> <span class='ocrx_word' id='word_1_39' title='bbox 3598 449 3700 518; x_wconf 77' lang='grc' dir='ltr'>τῆς</span> <span class='ocrx_word' id='word_1_40' title='bbox 3721 452 3792 520; x_wconf 74' lang='grc' dir='ltr'><strong>γῆς</strong></span> 
     </span>
    </p>
   </div>
   <div class='ocr_carea' id='block_1_6' title="bbox 574 533 2138 612">
    <p class='ocr_par' dir='ltr' id='par_1_6' title="bbox 574 533 2138 604">
     <span class='ocr_line' id='line_1_6' title="bbox 574 533 2138 604; baseline 0 -17"><span class='ocrx_word' id='word_1_41' title='bbox 574 533 765 604; x_wconf 78' lang='lat' dir='ltr'><strong>aliqui,</strong></span> <span class='ocrx_word' id='word_1_42' title='bbox 792 549 916 588; x_wconf 90' lang='lat' dir='ltr'><strong>cum</strong></span> <span class='ocrx_word' id='word_1_43' title='bbox 952 533 1102 588; x_wconf 90' lang='lat' dir='ltr'><strong>circa</strong></span> <span class='ocrx_word' id='word_1_44' title='bbox 1130 541 1291 589; x_wconf 61' lang='lat' dir='ltr'><strong>terra</strong></span> <span class='ocrx_word' id='word_1_45' title='bbox 1320 547 1519 588; x_wconf 92' lang='lat' dir='ltr'><strong>conum</strong></span> <span class='ocrx_word' id='word_1_46' title='bbox 1559 533 1808 602; x_wconf 79' lang='lat' dir='ltr'><strong>exsistit,</strong></span> <span class='ocrx_word' id='word_1_47' title='bbox 1838 533 1892 587; x_wconf 89' lang='lat' dir='ltr'><strong>id</strong></span> <span class='ocrx_word' id='word_1_48' title='bbox 1929 535 1982 588; x_wconf 92' lang='lat' dir='ltr'><strong>ei</strong></span> <span class='ocrx_word' id='word_1_49' title='bbox 2010 546 2138 588; x_wconf 91' lang='lat' dir='ltr'><strong>con-</strong></span> 
     </span>
    </p>
   </div>
   <div class='ocr_carea' id='block_1_7' title="bbox 2243 533 3788 612">
    <p class='ocr_par' dir='ltr' id='par_1_7' title="bbox 2243 537 3788 612">
     <span class='ocr_line' id='line_1_7' title="bbox 2243 537 3788 612; baseline 0.001 -21"><span class='ocrx_word' id='word_1_50' title='bbox 2243 537 2402 592; x_wconf 76' lang='grc' dir='ltr'>τοῦτο</span> <span class='ocrx_word' id='word_1_51' title='bbox 2438 538 2686 612; x_wconf 78' lang='grc' dir='ltr'>πάσχειν.</span> <span class='ocrx_word' id='word_1_52' title='bbox 2727 539 2937 610; x_wconf 82' lang='grc' dir='ltr'>Ὥσπερ</span> <span class='ocrx_word' id='word_1_53' title='bbox 2968 538 3077 612; x_wconf 83' lang='grc' dir='ltr'><strong>γὰρ</strong></span> <span class='ocrx_word' id='word_1_54' title='bbox 3105 539 3159 592; x_wconf 82' lang='grc' dir='ltr'><strong>εί</strong></span> <span class='ocrx_word' id='word_1_55' title='bbox 3180 557 3264 604; x_wconf 84' lang='grc' dir='ltr'><strong>τις</strong></span> <span class='ocrx_word' id='word_1_56' title='bbox 3296 542 3376 603; x_wconf 82' lang='grc' dir='ltr'><strong>είς</strong></span> <span class='ocrx_word' id='word_1_57' title='bbox 3407 540 3539 610; x_wconf 80' lang='grc' dir='ltr'>ὅρος</span> <span class='ocrx_word' id='word_1_58' title='bbox 3568 540 3788 612; x_wconf 73' lang='grc' dir='ltr'>ἀναϐαίη,</span> 
     </span>
    </p>
   </div>
   <div class='ocr_carea' id='block_1_8' title="bbox 572 624 2138 704">
    <p class='ocr_par' dir='ltr' id='par_1_8' title="bbox 572 624 2138 698">
     <span class='ocr_line' id='line_1_8' title="bbox 572 624 2138 698; baseline 0.004 -18"><span class='ocrx_word' id='word_1_59' title='bbox 572 627 807 698; x_wconf 75' lang='lat' dir='ltr'><strong>tingere.</strong></span> <span class='ocrx_word' id='word_1_60' title='bbox 835 624 989 684; x_wconf 82' lang='lat' dir='ltr'><strong>Velut</strong></span> <span class='ocrx_word' id='word_1_61' title='bbox 1017 628 1066 684; x_wconf 89' lang='lat' dir='ltr'><strong>si</strong></span> <span class='ocrx_word' id='word_1_62' title='bbox 1099 627 1226 698; x_wconf 87' lang='lat' dir='ltr'><strong>quis</strong></span> <span class='ocrx_word' id='word_1_63' title='bbox 1266 637 1507 684; x_wconf 89' lang='lat' dir='ltr'><strong>montem</strong></span> <span class='ocrx_word' id='word_1_64' title='bbox 1538 629 1922 685; x_wconf 85' lang='lat' dir='ltr'><strong>conscendens</strong></span> <span class='ocrx_word' id='word_1_65' title='bbox 1947 629 2138 698; x_wconf 86' lang='lat' dir='ltr'><strong>in&#39;ejus</strong></span> 
     </span>
    </p>
   </div>
   <div class='ocr_carea' id='block_1_9' title="bbox 2243 624 3791 704">
    <p class='ocr_par' dir='ltr' id='par_1_9' title="bbox 2243 630 3791 704">
     <span class='ocr_line' id='line_1_9' title="bbox 2243 630 3791 704; baseline 0.001 -20"><span class='ocrx_word' id='word_1_66' title='bbox 2243 632 2336 684; x_wconf 76' lang='grc' dir='ltr'>καὶ</span> <span class='ocrx_word' id='word_1_67' title='bbox 2369 632 2460 685; x_wconf 73' lang='grc' dir='ltr'>ἐπὶ</span> <span class='ocrx_word' id='word_1_68' title='bbox 2487 631 2656 704; x_wconf 78' lang='grc' dir='ltr'>ἄκρου</span> <span class='ocrx_word' id='word_1_69' title='bbox 2690 630 2854 686; x_wconf 80' lang='grc' dir='ltr'>αὐτοῦ</span> <span class='ocrx_word' id='word_1_70' title='bbox 2896 633 3076 703; x_wconf 85' lang='grc' dir='ltr'>σταίη,</span> <span class='ocrx_word' id='word_1_71' title='bbox 3109 632 3229 696; x_wconf 86' lang='grc' dir='ltr'>ὅλος</span> <span class='ocrx_word' id='word_1_72' title='bbox 3261 632 3513 702; x_wconf 85' lang='grc' dir='ltr'>φαίνεται</span> <span class='ocrx_word' id='word_1_73' title='bbox 3547 636 3662 695; x_wconf 85' lang='grc' dir='ltr'>τοῖς</span> <span class='ocrx_word' id='word_1_74' title='bbox 3686 633 3791 686; x_wconf 79' lang='grc' dir='ltr'>ἀτω-</span> 
     </span>
    </p>
   </div>
   <div class='ocr_carea' id='block_1_10' title="bbox 571 721 2138 798">
    <p class='ocr_par' dir='ltr' id='par_1_10' title="bbox 571 722 2138 794">
     <span class='ocr_line' id='line_1_10' title="bbox 571 722 2138 794; baseline 0.003 -21"><span class='ocrx_word' id='word_1_75' title='bbox 571 722 778 775; x_wconf 89' lang='lat' dir='ltr'><strong>vertice</strong></span> <span class='ocrx_word' id='word_1_76' title='bbox 805 723 1089 789; x_wconf 77' lang='lat' dir='ltr'><strong>consistat,</strong></span> <span class='ocrx_word' id='word_1_77' title='bbox 1121 727 1277 776; x_wconf 89' lang='lat' dir='ltr'><strong>totus</strong></span> <span class='ocrx_word' id='word_1_78' title='bbox 1307 737 1338 777; x_wconf 92' lang='lat' dir='ltr'><strong>e</strong></span> <span class='ocrx_word' id='word_1_79' title='bbox 1374 722 1674 794; x_wconf 76' lang='lat' dir='ltr'><strong>lenginquo</strong></span> <span class='ocrx_word' id='word_1_80' title='bbox 1707 723 1959 794; x_wconf 82' lang='lat' dir='ltr'><strong>prospici</strong></span> <span class='ocrx_word' id='word_1_81' title='bbox 1985 729 2138 794; x_wconf 92' lang='lat' dir='ltr'><strong>pote-</strong></span> 
     </span>
    </p>
   </div>
   <div class='ocr_carea' id='block_1_11' title="bbox 2243 721 3789 798">
    <p class='ocr_par' dir='ltr' id='par_1_11' title="bbox 2244 721 3789 798">
     <span class='ocr_line' id='line_1_11' title="bbox 2244 721 3789 798; baseline 0.001 -22"><span class='ocrx_word' id='word_1_82' title='bbox 2244 723 2336 777; x_wconf 86' lang='grc' dir='ltr'>θεν</span> <span class='ocrx_word' id='word_1_83' title='bbox 2358 721 2476 778; x_wconf 79' lang='grc' dir='ltr'>οὖσι</span> <span class='ocrx_word' id='word_1_84' title='bbox 2497 743 2511 756; x_wconf 86' lang='grc'><strong>·</strong></span> <span class='ocrx_word' id='word_1_85' title='bbox 2537 725 2736 780; x_wconf 86' lang='grc' dir='ltr'>κατιὼν</span> <span class='ocrx_word' id='word_1_86' title='bbox 2752 725 2808 779; x_wconf 83' lang='grc' dir='ltr'>δὲ</span> <span class='ocrx_word' id='word_1_87' title='bbox 2838 727 2927 779; x_wconf 72' lang='grc' dir='ltr'>ἐπὶ</span> <span class='ocrx_word' id='word_1_88' title='bbox 2949 726 3009 780; x_wconf 85' lang='grc' dir='ltr'><strong>τό</strong></span> <span class='ocrx_word' id='word_1_89' title='bbox 3033 728 3218 798; x_wconf 72' lang='grc' dir='ltr'>ἕτερον</span> <span class='ocrx_word' id='word_1_90' title='bbox 3246 727 3432 798; x_wconf 87' lang='grc' dir='ltr'>μέρος,</span> <span class='ocrx_word' id='word_1_91' title='bbox 3459 731 3576 791; x_wconf 85' lang='grc' dir='ltr'>τοῖς</span> <span class='ocrx_word' id='word_1_92' title='bbox 3599 728 3789 780; x_wconf 76' lang='grc' dir='ltr'><strong>κατόπιν</strong></span> 
     </span>
    </p>
   </div>
   <div class='ocr_carea' id='block_1_12' title="bbox 571 810 2138 892">
    <p class='ocr_par' dir='ltr' id='par_1_12' title="bbox 571 810 2138 885">
     <span class='ocr_line' id='line_1_12' title="bbox 571 810 2138 885; baseline 0.005 -21"><span class='ocrx_word' id='word_1_93' title='bbox 571 811 665 864; x_wconf 88' lang='lat' dir='ltr'><strong>rit.</strong></span> <span class='ocrx_word' id='word_1_94' title='bbox 699 810 844 866; x_wconf 83' lang='lat' dir='ltr'><strong>Idem</strong></span> <span class='ocrx_word' id='word_1_95' title='bbox 887 814 936 867; x_wconf 88' lang='lat' dir='ltr'><strong>si</strong></span> <span class='ocrx_word' id='word_1_96' title='bbox 989 813 1058 868; x_wconf 91' lang='lat' dir='ltr'><strong>ad</strong></span> <span class='ocrx_word' id='word_1_97' title='bbox 1109 823 1323 885; x_wconf 86' lang='lat' dir='ltr'><strong>partem</strong></span> <span class='ocrx_word' id='word_1_98' title='bbox 1359 815 1594 872; x_wconf 85' lang='lat' dir='ltr'><strong>alteram</strong></span> <span class='ocrx_word' id='word_1_99' title='bbox 1636 816 2004 881; x_wconf 90' lang='lat' dir='ltr'><strong>descenderit,</strong></span> <span class='ocrx_word' id='word_1_100' title='bbox 2048 816 2138 882; x_wconf 90' lang='lat' dir='ltr'><strong>iis,</strong></span> 
     </span>
    </p>
   </div>
   <div class='ocr_carea' id='block_1_13' title="bbox 2243 810 3788 892">
    <p class='ocr_par' dir='ltr' id='par_1_13' title="bbox 2243 817 3788 892">
     <span class='ocr_line' id='line_1_13' title="bbox 2243 817 3788 892; baseline 0.003 -23"><span class='ocrx_word' id='word_1_101' title='bbox 2243 817 2404 870; x_wconf 72' lang='grc' dir='ltr'>αὐτοῦ</span> <span class='ocrx_word' id='word_1_102' title='bbox 2433 819 2532 872; x_wconf 86' lang='grc' dir='ltr'><strong>οὐκ</strong></span> <span class='ocrx_word' id='word_1_103' title='bbox 2559 819 2638 874; x_wconf 79' lang='grc' dir='ltr'>ἔτι</span> <span class='ocrx_word' id='word_1_104' title='bbox 2670 819 2789 883; x_wconf 84' lang='grc' dir='ltr'>ὅλος</span> <span class='ocrx_word' id='word_1_105' title='bbox 2822 820 3069 890; x_wconf 85' lang='grc' dir='ltr'>φαίνεται</span> <span class='ocrx_word' id='word_1_106' title='bbox 3090 834 3106 850; x_wconf 82' lang='grc'><strong><em>⁸</em></strong></span> <span class='ocrx_word' id='word_1_107' title='bbox 3134 820 3269 874; x_wconf 84' lang='grc' dir='ltr'><strong>ἀλλά</strong></span> <span class='ocrx_word' id='word_1_108' title='bbox 3302 820 3432 892; x_wconf 74' lang='grc' dir='ltr'>περὶ</span> <span class='ocrx_word' id='word_1_109' title='bbox 3465 820 3488 852; x_wconf 79' lang='grc'><strong>’⁸</strong></span> <span class='ocrx_word' id='word_1_110' title='bbox 3510 822 3640 884; x_wconf 80' lang='grc' dir='ltr'>τοὺς</span> <span class='ocrx_word' id='word_1_111' title='bbox 3664 821 3788 884; x_wconf 76' lang='grc' dir='ltr'>πόδας</span> 
     </span>
    </p>
   </div>
   <div class='ocr_carea' id='block_1_14' title="bbox 571 901 2138 983">
    <p class='ocr_par' dir='ltr' id='par_1_14' title="bbox 571 901 2138 980">
     <span class='ocr_line' id='line_1_14' title="bbox 571 901 2138 980; baseline 0.004 -25"><span class='ocrx_word' id='word_1_112' title='bbox 571 901 665 973; x_wconf 88' lang='lat' dir='ltr'><strong>qui</strong></span> <span class='ocrx_word' id='word_1_113' title='bbox 696 917 836 974; x_wconf 91' lang='lat' dir='ltr'><strong>pone</strong></span> <span class='ocrx_word' id='word_1_114' title='bbox 864 902 1045 974; x_wconf 90' lang='lat' dir='ltr'><strong>ipsum</strong></span> <span class='ocrx_word' id='word_1_115' title='bbox 1088 913 1278 971; x_wconf 90' lang='lat' dir='ltr'><strong>erunt,</strong></span> <span class='ocrx_word' id='word_1_116' title='bbox 1318 921 1430 962; x_wconf 91' lang='lat' dir='ltr'><strong>non</strong></span> <span class='ocrx_word' id='word_1_117' title='bbox 1464 908 1578 978; x_wconf 88' lang='lat' dir='ltr'><strong>jam</strong></span> <span class='ocrx_word' id='word_1_118' title='bbox 1625 915 1774 964; x_wconf 93' lang='lat' dir='ltr'><strong>totus</strong></span> <span class='ocrx_word' id='word_1_119' title='bbox 1815 911 2138 980; x_wconf 84' lang='lat' dir='ltr'><strong>apparebit;</strong></span> 
     </span>
    </p>
   </div>
   <div class='ocr_carea' id='block_1_15' title="bbox 2243 901 3788 983">
    <p class='ocr_par' dir='ltr' id='par_1_15' title="bbox 2244 910 3788 983">
     <span class='ocr_line' id='line_1_15' title="bbox 2244 910 3788 983; baseline 0.002 -21"><span class='ocrx_word' id='word_1_120' title='bbox 2244 910 2416 981; x_wconf 82' lang='grc' dir='ltr'>ἐφάνη</span> <span class='ocrx_word' id='word_1_121' title='bbox 2458 914 2599 964; x_wconf 81' lang='grc' dir='ltr'>ἐκεῖ·</span> <span class='ocrx_word' id='word_1_122' title='bbox 2633 913 2666 983; x_wconf 77' lang='grc' dir='ltr'>ἢ</span> <span class='ocrx_word' id='word_1_123' title='bbox 2706 912 2785 964; x_wconf 80' lang='grc' dir='ltr'>ἔτι</span> <span class='ocrx_word' id='word_1_124' title='bbox 2820 912 3020 982; x_wconf 84' lang='grc' dir='ltr'>μᾶλλον</span> <span class='ocrx_word' id='word_1_125' title='bbox 3059 912 3260 966; x_wconf 87' lang='grc' dir='ltr'>κατιὼν</span> <span class='ocrx_word' id='word_1_126' title='bbox 3293 915 3436 966; x_wconf 82' lang='grc' dir='ltr'>κατὰ</span> <span class='ocrx_word' id='word_1_127' title='bbox 3480 912 3677 983; x_wconf 78' lang='grc' dir='ltr'>βραχὺ,</span> <span class='ocrx_word' id='word_1_128' title='bbox 3713 914 3788 975; x_wconf 76' lang='grc' dir='ltr'>ἕως</span> 
     </span>
    </p>
   </div>
   <div class='ocr_carea' id='block_1_16' title="bbox 567 995 2138 1078">
    <p class='ocr_par' dir='ltr' id='par_1_16' title="bbox 567 995 2138 1072">
     <span class='ocr_line' id='line_1_16' title="bbox 567 995 2138 1072; baseline 0.003 -20"><span class='ocrx_word' id='word_1_129' title='bbox 567 995 668 1052; x_wconf 82' lang='lat' dir='ltr'><strong>sed</strong></span> <span class='ocrx_word' id='word_1_130' title='bbox 722 1006 919 1066; x_wconf 66' lang='lat' dir='ltr'><strong>praeter</strong></span> <span class='ocrx_word' id='word_1_131' title='bbox 972 996 1139 1070; x_wconf 88' lang='lat' dir='ltr'><strong>pedes</strong></span> <span class='ocrx_word' id='word_1_132' title='bbox 1187 1000 1366 1070; x_wconf 90' lang='lat' dir='ltr'><strong>primo</strong></span> <span class='ocrx_word' id='word_1_133' title='bbox 1406 1001 1674 1071; x_wconf 90' lang='lat' dir='ltr'><strong>reliquum</strong></span> <span class='ocrx_word' id='word_1_134' title='bbox 1727 1016 1932 1072; x_wconf 89' lang='lat' dir='ltr'><strong>corpus</strong></span> <span class='ocrx_word' id='word_1_135' title='bbox 1961 1043 1978 1070; x_wconf 94' lang='lat'><strong>,</strong></span> <span class='ocrx_word' id='word_1_136' title='bbox 2027 1010 2138 1058; x_wconf 91' lang='lat' dir='ltr'><strong>tum</strong></span> 
     </span>
    </p>
   </div>
   <div class='ocr_carea' id='block_1_17' title="bbox 2243 995 3788 1078">
    <p class='ocr_par' dir='ltr' id='par_1_17' title="bbox 2243 998 3788 1078">
     <span class='ocr_line' id='line_1_17' title="bbox 2243 998 3788 1078; baseline 0.001 -22"><span class='ocrx_word' id='word_1_137' title='bbox 2243 998 2300 1057; x_wconf 76' lang='grc' dir='ltr'><strong>οὐ</strong></span> <span class='ocrx_word' id='word_1_138' title='bbox 2324 1003 2442 1067; x_wconf 84' lang='grc' dir='ltr'><strong>ὅλος</strong></span> <span class='ocrx_word' id='word_1_139' title='bbox 2469 1005 2680 1075; x_wconf 81' lang='grc' dir='ltr'>ἀφανὴς</span> <span class='ocrx_word' id='word_1_140' title='bbox 2707 999 2966 1075; x_wconf 57' lang='grc' dir='ltr'>γένηταεδ·</span> <span class='ocrx_word' id='word_1_141' title='bbox 3002 1004 3144 1059; x_wconf 72' lang='grc' dir='ltr'>οὕτω</span> <span class='ocrx_word' id='word_1_142' title='bbox 3168 1006 3299 1076; x_wconf 85' lang='grc' dir='ltr'><strong>φασί</strong></span> <span class='ocrx_word' id='word_1_143' title='bbox 3339 1008 3436 1060; x_wconf 78' lang='grc' dir='ltr'><strong>καὶ</strong></span> <span class='ocrx_word' id='word_1_144' title='bbox 3462 1007 3564 1078; x_wconf 84' lang='grc' dir='ltr'><strong>τὴν</strong></span> <span class='ocrx_word' id='word_1_145' title='bbox 3596 1006 3788 1076; x_wconf 71' lang='grc' dir='ltr'>σελήνην</span> 
     </span>
    </p>
   </div>
   <div class='ocr_carea' id='block_1_18' title="bbox 568 1089 2138 1170">
    <p class='ocr_par' dir='ltr' id='par_1_18' title="bbox 568 1089 2138 1165">
     <span class='ocr_line' id='line_1_18' title="bbox 568 1089 2138 1165; baseline 0.004 -21"><span class='ocrx_word' id='word_1_146' title='bbox 568 1089 832 1160; x_wconf 82' lang='lat' dir='ltr'><strong>paulatim</strong></span> <span class='ocrx_word' id='word_1_147' title='bbox 886 1092 1062 1164; x_wconf 78' lang='lat' dir='ltr'><strong>magis</strong></span> <span class='ocrx_word' id='word_1_148' title='bbox 1104 1095 1390 1165; x_wconf 72' lang='lat' dir='ltr'><strong>magisque</strong></span> <span class='ocrx_word' id='word_1_149' title='bbox 1443 1095 1735 1151; x_wconf 88' lang='lat' dir='ltr'><strong>demittens</strong></span> <span class='ocrx_word' id='word_1_150' title='bbox 1786 1111 1909 1152; x_wconf 83' lang='lat' dir='ltr'><strong>sese</strong></span> <span class='ocrx_word' id='word_1_151' title='bbox 1971 1095 2138 1151; x_wconf 90' lang='lat' dir='ltr'><strong>videri</strong></span> 
     </span>
    </p>
   </div>
   <div class='ocr_carea' id='block_1_19' title="bbox 2243 1089 3789 1170">
    <p class='ocr_par' dir='ltr' id='par_1_19' title="bbox 2243 1095 3789 1170">
     <span class='ocr_line' id='line_1_19' title="bbox 2243 1095 3789 1170; baseline 0.004 -24"><span class='ocrx_word' id='word_1_152' title='bbox 2243 1096 2373 1148; x_wconf 87' lang='grc' dir='ltr'><strong>ποτέ</strong></span> <span class='ocrx_word' id='word_1_153' title='bbox 2407 1097 2502 1165; x_wconf 83' lang='grc' dir='ltr'><strong>μὲν</strong></span> <span class='ocrx_word' id='word_1_154' title='bbox 2533 1095 2713 1168; x_wconf 81' lang='grc' dir='ltr'>πλήρη</span> <span class='ocrx_word' id='word_1_155' title='bbox 2747 1097 3056 1166; x_wconf 84' lang='grc' dir='ltr'>φαίνεσθαι,</span> <span class='ocrx_word' id='word_1_156' title='bbox 3086 1098 3217 1152; x_wconf 83' lang='grc' dir='ltr'>ποτὲ</span> <span class='ocrx_word' id='word_1_157' title='bbox 3251 1099 3307 1151; x_wconf 85' lang='grc' dir='ltr'><strong>δέ</strong></span> <span class='ocrx_word' id='word_1_158' title='bbox 3345 1100 3409 1152; x_wconf 88' lang='grc' dir='ltr'><strong>ἐκ</strong></span> <span class='ocrx_word' id='word_1_159' title='bbox 3445 1099 3668 1168; x_wconf 79' lang='grc' dir='ltr'><strong>μέρους,</strong></span> <span class='ocrx_word' id='word_1_160' title='bbox 3692 1100 3789 1170; x_wconf 79' lang='grc' dir='ltr'>περὶ</span> 
     </span>
    </p>
   </div>
   <div class='ocr_carea' id='block_1_20' title="bbox 567 1183 2138 1261">
    <p class='ocr_par' dir='ltr' id='par_1_20' title="bbox 567 1183 2136 1256">
     <span class='ocr_line' id='line_1_20' title="bbox 567 1183 2136 1256; baseline 0.003 -18"><span class='ocrx_word' id='word_1_161' title='bbox 567 1189 719 1239; x_wconf 89' lang='lat' dir='ltr'><strong>totus</strong></span> <span class='ocrx_word' id='word_1_162' title='bbox 756 1183 988 1240; x_wconf 88' lang='lat' dir='ltr'><strong>desinet.</strong></span> <span class='ocrx_word' id='word_1_163' title='bbox 1049 1185 1170 1241; x_wconf 71' lang='lat' dir='ltr'><strong>Non</strong></span> <span class='ocrx_word' id='word_1_164' title='bbox 1221 1201 1387 1242; x_wconf 87' lang='lat' dir='ltr'><strong>secus</strong></span> <span class='ocrx_word' id='word_1_165' title='bbox 1423 1187 1478 1241; x_wconf 91' lang='lat' dir='ltr'><strong>in</strong></span> <span class='ocrx_word' id='word_1_166' title='bbox 1530 1188 1663 1242; x_wconf 86' lang='lat' dir='ltr'><strong>luna</strong></span> <span class='ocrx_word' id='word_1_167' title='bbox 1712 1187 1829 1244; x_wconf 81' lang='lat' dir='ltr'><strong>ﬁeri</strong></span> <span class='ocrx_word' id='word_1_168' title='bbox 1873 1197 2136 1256; x_wconf 89' lang='lat' dir='ltr'><strong>censent;</strong></span> 
     </span>
    </p>
   </div>
   <div class='ocr_carea' id='block_1_21' title="bbox 2243 1183 3788 1261">
    <p class='ocr_par' dir='ltr' id='par_1_21' title="bbox 2243 1184 3788 1261">
     <span class='ocr_line' id='line_1_21' title="bbox 2243 1184 3788 1261; baseline 0.005 -26"><span class='ocrx_word' id='word_1_169' title='bbox 2243 1184 2332 1236; x_wconf 75' lang='grc' dir='ltr'><strong>τὸν</strong></span> <span class='ocrx_word' id='word_1_170' title='bbox 2371 1184 2542 1238; x_wconf 84' lang='grc' dir='ltr'>κῶνον</span> <span class='ocrx_word' id='word_1_171' title='bbox 2573 1187 2860 1257; x_wconf 75' lang='grc' dir='ltr'><strong>γινομένην</strong></span> <span class='ocrx_word' id='word_1_172' title='bbox 2900 1188 2998 1259; x_wconf 79' lang='grc' dir='ltr'>τῆς</span> <span class='ocrx_word' id='word_1_173' title='bbox 3041 1189 3164 1259; x_wconf 79' lang='grc' dir='ltr'>γῆς,</span> <span class='ocrx_word' id='word_1_174' title='bbox 3201 1190 3321 1259; x_wconf 74' lang='grc' dir='ltr'>οὐχὶ</span> <span class='ocrx_word' id='word_1_175' title='bbox 3365 1192 3692 1261; x_wconf 71' lang='grc' dir='ltr'>μειουμένην</span> <span class='ocrx_word' id='word_1_176' title='bbox 3717 1192 3788 1246; x_wconf 81' lang='grc' dir='ltr'>αὐο</span> 
     </span>
    </p>
   </div>
   <div class='ocr_carea' id='block_1_22' title="bbox 567 1276 2138 1355">
    <p class='ocr_par' dir='ltr' id='par_1_22' title="bbox 567 1276 2138 1349">
     <span class='ocr_line' id='line_1_22' title="bbox 567 1276 2138 1349; baseline 0.004 -21"><span class='ocrx_word' id='word_1_177' title='bbox 567 1276 730 1346; x_wconf 85' lang='lat' dir='ltr'><strong>plena</strong></span> <span class='ocrx_word' id='word_1_178' title='bbox 758 1284 819 1330; x_wconf 92' lang='lat' dir='ltr'><strong>ut</strong></span> <span class='ocrx_word' id='word_1_179' title='bbox 847 1277 982 1333; x_wconf 87' lang='lat' dir='ltr'><strong>alias</strong></span> <span class='ocrx_word' id='word_1_180' title='bbox 1010 1287 1294 1344; x_wconf 82' lang='lat' dir='ltr'><strong>cernatur,</strong></span> <span class='ocrx_word' id='word_1_181' title='bbox 1321 1278 1460 1334; x_wconf 89' lang='lat' dir='ltr'><strong>alias</strong></span> <span class='ocrx_word' id='word_1_182' title='bbox 1490 1288 1645 1349; x_wconf 89' lang='lat' dir='ltr'><strong>parte</strong></span> <span class='ocrx_word' id='word_1_183' title='bbox 1669 1280 1752 1334; x_wconf 91' lang='lat' dir='ltr'><strong>sui</strong></span> <span class='ocrx_word' id='word_1_184' title='bbox 1791 1280 1992 1346; x_wconf 80' lang='lat' dir='ltr'><strong>lucida,</strong></span> <span class='ocrx_word' id='word_1_185' title='bbox 2016 1295 2138 1335; x_wconf 92' lang='lat' dir='ltr'><strong>cum</strong></span> 
     </span>
    </p>
   </div>
   <div class='ocr_carea' id='block_1_23' title="bbox 2243 1276 3788 1355">
    <p class='ocr_par' dir='ltr' id='par_1_23' title="bbox 2243 1279 3788 1355">
     <span class='ocr_line' id='line_1_23' title="bbox 2243 1279 3788 1355; baseline 0.004 -26"><span class='ocrx_word' id='word_1_186' title='bbox 2243 1279 2358 1347; x_wconf 69' lang='grc' dir='ltr'>τὴν,</span> <span class='ocrx_word' id='word_1_187' title='bbox 2389 1279 2503 1332; x_wconf 78' lang='grc' dir='ltr'>ἀλλ’</span> <span class='ocrx_word' id='word_1_188' title='bbox 2531 1282 2659 1350; x_wconf 82' lang='grc' dir='ltr'>ἡμῖν</span> <span class='ocrx_word' id='word_1_189' title='bbox 2700 1281 2842 1334; x_wconf 75' lang='grc' dir='ltr'>οὕτω</span> <span class='ocrx_word' id='word_1_190' title='bbox 2876 1284 3224 1355; x_wconf 73' lang='grc' dir='ltr'>φαινομένην.</span> <span class='ocrx_word' id='word_1_191' title='bbox 3253 1284 3314 1336; x_wconf 81' lang='grc' dir='ltr'>Οἱ</span> <span class='ocrx_word' id='word_1_192' title='bbox 3342 1283 3399 1336; x_wconf 85' lang='grc' dir='ltr'>δὲ</span> <span class='ocrx_word' id='word_1_193' title='bbox 3439 1283 3688 1352; x_wconf 77' lang='grc' dir='ltr'>λέγοντες</span> <span class='ocrx_word' id='word_1_194' title='bbox 3717 1285 3788 1336; x_wconf 73' lang='grc' dir='ltr'>αὐ-</span> 
     </span>
    </p>
   </div>
   <div class='ocr_carea' id='block_1_24' title="bbox 565 1369 2141 1446">
    <p class='ocr_par' dir='ltr' id='par_1_24' title="bbox 565 1369 2141 1446">
     <span class='ocr_line' id='line_1_24' title="bbox 565 1369 2141 1446; baseline 0.003 -21"><span class='ocrx_word' id='word_1_195' title='bbox 565 1369 737 1426; x_wconf 91' lang='lat' dir='ltr'><strong>estin</strong></span> <span class='ocrx_word' id='word_1_196' title='bbox 765 1385 908 1426; x_wconf 89' lang='lat' dir='ltr'><strong>cono</strong></span> <span class='ocrx_word' id='word_1_197' title='bbox 953 1379 1159 1428; x_wconf 70' lang='lat' dir='ltr'><strong>terrae:</strong></span> <span class='ocrx_word' id='word_1_198' title='bbox 1205 1389 1318 1428; x_wconf 91' lang='lat' dir='ltr'><strong>non</strong></span> <span class='ocrx_word' id='word_1_199' title='bbox 1362 1374 1511 1444; x_wconf 86' lang='lat' dir='ltr'><strong>quod</strong></span> <span class='ocrx_word' id='word_1_200' title='bbox 1551 1376 1830 1430; x_wconf 89' lang='lat' dir='ltr'><strong>minuatur</strong></span> <span class='ocrx_word' id='word_1_201' title='bbox 1865 1377 2009 1446; x_wconf 85' lang='lat' dir='ltr'><strong>ipsa,</strong></span> <span class='ocrx_word' id='word_1_202' title='bbox 2046 1375 2141 1430; x_wconf 89' lang='lat' dir='ltr'><strong>sed</strong></span> 
     </span>
    </p>
   </div>
   <div class='ocr_carea' id='block_1_25' title="bbox 565 1461 2142 1538">
    <p class='ocr_par' dir='ltr' id='par_1_25' title="bbox 565 1461 2142 1538">
     <span class='ocr_line' id='line_1_25' title="bbox 565 1461 2142 1538; baseline 0.002 -23"><span class='ocrx_word' id='word_1_203' title='bbox 565 1461 713 1532; x_wconf 91' lang='lat' dir='ltr'><strong>quod</strong></span> <span class='ocrx_word' id='word_1_204' title='bbox 750 1463 909 1518; x_wconf 90' lang='lat' dir='ltr'><strong>nobis</strong></span> <span class='ocrx_word' id='word_1_205' title='bbox 949 1464 1025 1518; x_wconf 87' lang='lat' dir='ltr'><strong>ita</strong></span> <span class='ocrx_word' id='word_1_206' title='bbox 1059 1464 1334 1520; x_wconf 77' lang='lat' dir='ltr'><strong>videatur.</strong></span> <span class='ocrx_word' id='word_1_207' title='bbox 1377 1464 1582 1521; x_wconf 83' lang='lat' dir='ltr'><strong>Verum</strong></span> <span class='ocrx_word' id='word_1_208' title='bbox 1615 1467 1709 1538; x_wconf 91' lang='lat' dir='ltr'><strong>qui</strong></span> <span class='ocrx_word' id='word_1_209' title='bbox 1741 1466 1950 1537; x_wconf 84' lang='lat' dir='ltr'><strong>speculi</strong></span> <span class='ocrx_word' id='word_1_210' title='bbox 1983 1466 2142 1522; x_wconf 90' lang='lat' dir='ltr'><strong>simi-</strong></span> 
     </span>
    </p>
   </div>
   <div class='ocr_carea' id='block_1_26' title="bbox 565 1551 2142 1629">
    <p class='ocr_par' dir='ltr' id='par_1_26' title="bbox 565 1551 2142 1629">
     <span class='ocr_line' id='line_1_26' title="bbox 565 1551 2142 1629; baseline 0.004 -23"><span class='ocrx_word' id='word_1_211' title='bbox 565 1551 673 1608; x_wconf 86' lang='lat' dir='ltr'><strong>lem</strong></span> <span class='ocrx_word' id='word_1_212' title='bbox 707 1568 828 1610; x_wconf 90' lang='lat' dir='ltr'><strong>eam</strong></span> <span class='ocrx_word' id='word_1_213' title='bbox 875 1569 998 1612; x_wconf 91' lang='lat' dir='ltr'><strong>esse</strong></span> <span class='ocrx_word' id='word_1_214' title='bbox 1046 1555 1260 1621; x_wconf 88' lang='lat' dir='ltr'><strong>dicunt,</strong></span> <span class='ocrx_word' id='word_1_215' title='bbox 1295 1557 1632 1614; x_wconf 77' lang='lat' dir='ltr'><strong>defectiones</strong></span> <span class='ocrx_word' id='word_1_216' title='bbox 1690 1560 1862 1628; x_wconf 84' lang='lat' dir='ltr'><strong>ipsam</strong></span> <span class='ocrx_word' id='word_1_217' title='bbox 1902 1558 2142 1629; x_wconf 80' lang='lat' dir='ltr'><strong>experiri</strong></span> 
     </span>
    </p>
   </div>
   <div class='ocr_carea' id='block_1_27' title="bbox 565 1647 2133 1722">
    <p class='ocr_par' dir='ltr' id='par_1_27' title="bbox 565 1647 2133 1722">
     <span class='ocr_line' id='line_1_27' title="bbox 565 1647 2133 1722; baseline 0.003 -20"><span class='ocrx_word' id='word_1_218' title='bbox 565 1647 842 1715; x_wconf 83' lang='lat' dir='ltr'><strong>sentiunt;</strong></span> <span class='ocrx_word' id='word_1_219' title='bbox 876 1649 1076 1718; x_wconf 89' lang='lat' dir='ltr'><strong>quibus</strong></span> <span class='ocrx_word' id='word_1_220' title='bbox 1103 1649 1339 1705; x_wconf 68' lang='lat' dir='ltr'><strong>edicitur</strong></span> <span class='ocrx_word' id='word_1_221' title='bbox 1368 1659 1426 1706; x_wconf 93' lang='lat' dir='ltr'><strong>ut</strong></span> <span class='ocrx_word' id='word_1_222' title='bbox 1448 1651 1721 1706; x_wconf 88' lang='lat' dir='ltr'><strong>interdum</strong></span> <span class='ocrx_word' id='word_1_223' title='bbox 1749 1653 1906 1722; x_wconf 87' lang='lat' dir='ltr'><strong>plena</strong></span> <span class='ocrx_word' id='word_1_224' title='bbox 1935 1667 2133 1707; x_wconf 86' lang='lat' dir='ltr'><strong>cerua-</strong></span> 
     </span>
    </p>
   </div>
   <div class='ocr_carea' id='block_1_28' title="bbox 566 1737 2134 1811">
    <p class='ocr_par' dir='ltr' id='par_1_28' title="bbox 566 1737 2134 1811">
     <span class='ocr_line' id='line_1_28' title="bbox 566 1737 2134 1811; baseline 0.001 -19"><span class='ocrx_word' id='word_1_225' title='bbox 566 1743 682 1802; x_wconf 88' lang='lat' dir='ltr'><strong>tur,</strong></span> <span class='ocrx_word' id='word_1_226' title='bbox 708 1737 846 1794; x_wconf 86' lang='lat' dir='ltr'><strong>alias</strong></span> <span class='ocrx_word' id='word_1_227' title='bbox 879 1737 1020 1794; x_wconf 86' lang='lat' dir='ltr'><strong>lucis</strong></span> <span class='ocrx_word' id='word_1_228' title='bbox 1059 1739 1266 1809; x_wconf 85' lang='lat' dir='ltr'><strong>indiga.</strong></span> <span class='ocrx_word' id='word_1_229' title='bbox 1298 1738 1768 1805; x_wconf 83' lang='lat' dir='ltr'><strong>Quemadmodum</strong></span> <span class='ocrx_word' id='word_1_230' title='bbox 1789 1740 1882 1811; x_wconf 93' lang='lat' dir='ltr'><strong>qui</strong></span> <span class='ocrx_word' id='word_1_231' title='bbox 1915 1748 2134 1810; x_wconf 88' lang='lat' dir='ltr'><strong>sumpto</strong></span> 
     </span>
    </p>
   </div>
   <div class='ocr_carea' id='block_1_29' title="bbox 568 1831 2138 1903">
    <p class='ocr_par' dir='ltr' id='par_1_29' title="bbox 568 1831 2138 1903">
     <span class='ocr_line' id='line_1_29' title="bbox 568 1831 2138 1903; baseline -0.001 -16"><span class='ocrx_word' id='word_1_232' title='bbox 568 1831 799 1902; x_wconf 82' lang='lat' dir='ltr'><strong>speculo</strong></span> <span class='ocrx_word' id='word_1_233' title='bbox 827 1831 1087 1902; x_wconf 81' lang='lat' dir='ltr'><strong>imaginis</strong></span> <span class='ocrx_word' id='word_1_234' title='bbox 1125 1831 1378 1888; x_wconf 77' lang='lat' dir='ltr'><strong>refracta:</strong></span> <span class='ocrx_word' id='word_1_235' title='bbox 1413 1833 1650 1903; x_wconf 88' lang='lat' dir='ltr'><strong>speciem</strong></span> <span class='ocrx_word' id='word_1_236' title='bbox 1684 1832 1741 1886; x_wconf 90' lang='lat' dir='ltr'><strong>iu</strong></span> <span class='ocrx_word' id='word_1_237' title='bbox 1789 1847 1856 1887; x_wconf 89' lang='lat' dir='ltr'><strong>eo</strong></span> <span class='ocrx_word' id='word_1_238' title='bbox 1889 1833 2138 1887; x_wconf 89' lang='lat' dir='ltr'><strong>contueri</strong></span> 
     </span>
    </p>
   </div>
   <div class='ocr_carea' id='block_1_30' title="bbox 2239 1369 3786 1446">
    <p class='ocr_par' dir='ltr' id='par_1_30' title="bbox 2239 1369 3786 1446">
     <span class='ocr_line' id='line_1_30' title="bbox 2239 1369 3786 1446; baseline 0.001 -24"><span class='ocrx_word' id='word_1_239' title='bbox 2239 1369 2336 1442; x_wconf 83' lang='grc' dir='ltr'><strong>τὴν</strong></span> <span class='ocrx_word' id='word_1_240' title='bbox 2380 1371 2671 1443; x_wconf 79' lang='grc' dir='ltr'>κατόπτρῳ</span> <span class='ocrx_word' id='word_1_241' title='bbox 2703 1375 3094 1446; x_wconf 75' lang='grc' dir='ltr'><strong>παραπλησίαν</strong></span> <span class='ocrx_word' id='word_1_242' title='bbox 3125 1371 3286 1439; x_wconf 75' lang='grc' dir='ltr'>εἶναι,</span> <span class='ocrx_word' id='word_1_243' title='bbox 3310 1375 3588 1446; x_wconf 74' lang='grc' dir='ltr'>ἐκλείψεις</span> <span class='ocrx_word' id='word_1_244' title='bbox 3607 1375 3786 1442; x_wconf 74' lang='grc' dir='ltr'>λέγουσι</span> 
     </span>
    </p>
   </div>
   <div class='ocr_carea' id='block_1_31' title="bbox 2240 1463 3788 1539">
    <p class='ocr_par' dir='ltr' id='par_1_31' title="bbox 2240 1463 3788 1539">
     <span class='ocr_line' id='line_1_31' title="bbox 2240 1463 3788 1539; baseline 0.002 -24"><span class='ocrx_word' id='word_1_245' title='bbox 2240 1463 2482 1531; x_wconf 84' lang='grc' dir='ltr'>γίνεσθαι</span> <span class='ocrx_word' id='word_1_246' title='bbox 2515 1464 2708 1534; x_wconf 77' lang='grc' dir='ltr'>αὐτῆς,</span> <span class='ocrx_word' id='word_1_247' title='bbox 2741 1467 2797 1519; x_wconf 83' lang='grc' dir='ltr'>αἳ</span> <span class='ocrx_word' id='word_1_248' title='bbox 2840 1466 2934 1519; x_wconf 76' lang='grc' dir='ltr'>τοῦ</span> <span class='ocrx_word' id='word_1_249' title='bbox 2979 1467 3109 1520; x_wconf 78' lang='grc' dir='ltr'>ποτὲ</span> <span class='ocrx_word' id='word_1_250' title='bbox 3158 1468 3256 1538; x_wconf 79' lang='grc' dir='ltr'>μὲν</span> <span class='ocrx_word' id='word_1_251' title='bbox 3300 1466 3485 1539; x_wconf 74' lang='grc' dir='ltr'>πλήρη</span> <span class='ocrx_word' id='word_1_252' title='bbox 3539 1465 3788 1536; x_wconf 77' lang='grc' dir='ltr'>φαίνεσθαι</span> 
     </span>
    </p>
   </div>
   <div class='ocr_carea' id='block_1_32' title="bbox 2239 1555 3784 1628">
    <p class='ocr_par' dir='ltr' id='par_1_32' title="bbox 2239 1555 3784 1628">
     <span class='ocr_line' id='line_1_32' title="bbox 2239 1555 3784 1628; baseline 0.001 -22"><span class='ocrx_word' id='word_1_253' title='bbox 2239 1555 2403 1625; x_wconf 78' lang='grc' dir='ltr'>αὐτὴν</span> <span class='ocrx_word' id='word_1_254' title='bbox 2436 1555 2606 1610; x_wconf 75' lang='grc' dir='ltr'>αἴτιαι</span> <span class='ocrx_word' id='word_1_255' title='bbox 2652 1558 2910 1626; x_wconf 84' lang='grc' dir='ltr'>γίνονται,</span> <span class='ocrx_word' id='word_1_256' title='bbox 2953 1560 3084 1612; x_wconf 80' lang='grc' dir='ltr'>ποτὲ</span> <span class='ocrx_word' id='word_1_257' title='bbox 3127 1558 3182 1612; x_wconf 85' lang='grc' dir='ltr'><strong>δὲ</strong></span> <span class='ocrx_word' id='word_1_258' title='bbox 3219 1559 3375 1612; x_wconf 80' lang='grc' dir='ltr'>ἐνδεᾶ</span> <span class='ocrx_word' id='word_1_259' title='bbox 3421 1559 3602 1628; x_wconf 82' lang='grc' dir='ltr'>φωτὸς</span> <span class='ocrx_word' id='word_1_260' title='bbox 3641 1555 3784 1610; x_wconf 83' lang='grc' dir='ltr'>εἶναι·</span> 
     </span>
    </p>
   </div>
   <div class='ocr_carea' id='block_1_33' title="bbox 2239 1646 3788 1722">
    <p class='ocr_par' dir='ltr' id='par_1_33' title="bbox 2239 1646 3788 1722">
     <span class='ocr_line' id='line_1_33' title="bbox 2239 1646 3788 1722; baseline 0.001 -22"><span class='ocrx_word' id='word_1_261' title='bbox 2239 1646 2425 1718; x_wconf 80' lang='grc' dir='ltr'>ὥσπερ</span> <span class='ocrx_word' id='word_1_262' title='bbox 2453 1646 2560 1719; x_wconf 85' lang='grc' dir='ltr'>γὰρ</span> <span class='ocrx_word' id='word_1_263' title='bbox 2593 1651 2641 1701; x_wconf 85' lang='grc' dir='ltr'>εἰ</span> <span class='ocrx_word' id='word_1_264' title='bbox 2681 1650 2985 1722; x_wconf 76' lang='grc' dir='ltr'>κάτοπτρον</span> <span class='ocrx_word' id='word_1_265' title='bbox 3027 1651 3204 1705; x_wconf 80' lang='grc' dir='ltr'>λαϐών</span> <span class='ocrx_word' id='word_1_266' title='bbox 3238 1669 3323 1714; x_wconf 88' lang='grc' dir='ltr'><strong>τις</strong></span> <span class='ocrx_word' id='word_1_267' title='bbox 3362 1651 3541 1705; x_wconf 79' lang='grc' dir='ltr'>ἐθέλοι</span> <span class='ocrx_word' id='word_1_268' title='bbox 3588 1651 3683 1721; x_wconf 74' lang='grc' dir='ltr'><strong>τὴν</strong></span> <span class='ocrx_word' id='word_1_269' title='bbox 3715 1650 3788 1702; x_wconf 78' lang='grc' dir='ltr'>ἀπ’</span> 
     </span>
    </p>
   </div>
   <div class='ocr_carea' id='block_1_34' title="bbox 2242 1740 3787 1806">
    <p class='ocr_par' dir='ltr' id='par_1_34' title="bbox 2242 1740 3787 1806">
     <span class='ocr_line' id='line_1_34' title="bbox 2242 1740 3787 1806; baseline 0.001 -12"><span class='ocrx_word' id='word_1_270' title='bbox 2242 1740 2404 1794; x_wconf 77' lang='grc' dir='ltr'>αὐτοῦ</span> <span class='ocrx_word' id='word_1_271' title='bbox 2451 1740 2842 1795; x_wconf 84' lang='grc' dir='ltr'>ἀντανάκλασιν</span> <span class='ocrx_word' id='word_1_272' title='bbox 2876 1743 2968 1795; x_wconf 79' lang='grc' dir='ltr'>τοῦ</span> <span class='ocrx_word' id='word_1_273' title='bbox 3012 1742 3227 1796; x_wconf 72' lang='grc' dir='ltr'>εἰδώλου</span> <span class='ocrx_word' id='word_1_274' title='bbox 3272 1742 3595 1805; x_wconf 78' lang='grc' dir='ltr'>θεάσασθαι,</span> <span class='ocrx_word' id='word_1_275' title='bbox 3632 1743 3687 1806; x_wconf 81' lang='grc' dir='ltr'>ἐξ</span> <span class='ocrx_word' id='word_1_276' title='bbox 3726 1742 3787 1795; x_wconf 83' lang='grc' dir='ltr'>ἐν·</span> 
     </span>
    </p>
   </div>
   <div class='ocr_carea' id='block_1_35' title="bbox 2240 1831 3787 1904">
    <p class='ocr_par' dir='ltr' id='par_1_35' title="bbox 2240 1831 3787 1904">
     <span class='ocr_line' id='line_1_35' title="bbox 2240 1831 3787 1904; baseline 0 -20"><span class='ocrx_word' id='word_1_277' title='bbox 2240 1832 2426 1895; x_wconf 85' lang='grc' dir='ltr'>αντίας</span> <span class='ocrx_word' id='word_1_278' title='bbox 2447 1831 2540 1885; x_wconf 79' lang='grc' dir='ltr'>τοῦ</span> <span class='ocrx_word' id='word_1_279' title='bbox 2577 1831 2866 1902; x_wconf 80' lang='grc' dir='ltr'>προσώπου</span> <span class='ocrx_word' id='word_1_280' title='bbox 2897 1833 3062 1885; x_wconf 78' lang='grc' dir='ltr'>αὐτοῦ</span> <span class='ocrx_word' id='word_1_281' title='bbox 3081 1833 3177 1904; x_wconf 76' lang='grc' dir='ltr'>τὴν</span> <span class='ocrx_word' id='word_1_282' title='bbox 3207 1833 3355 1886; x_wconf 80' lang='grc' dir='ltr'>θέσιν</span> <span class='ocrx_word' id='word_1_283' title='bbox 3379 1832 3476 1885; x_wconf 81' lang='grc' dir='ltr'>τοῦ</span> <span class='ocrx_word' id='word_1_284' title='bbox 3511 1832 3787 1903; x_wconf 80' lang='grc' dir='ltr'>κατόπτρου</span> 
     </span>
    </p>
   </div>
   <div class='ocr_carea' id='block_1_36' title="bbox 565 1924 2138 1997">
    <p class='ocr_par' dir='ltr' id='par_1_36' title="bbox 565 1924 2138 1997">
     <span class='ocr_line' id='line_1_36' title="bbox 565 1924 2138 1997; baseline 0.001 -17"><span class='ocrx_word' id='word_1_285' title='bbox 565 1925 722 1988; x_wconf 87' lang='lat' dir='ltr'><strong>velit,</strong></span> <span class='ocrx_word' id='word_1_286' title='bbox 780 1924 918 1979; x_wconf 90' lang='lat' dir='ltr'><strong>illud</strong></span> <span class='ocrx_word' id='word_1_287' title='bbox 968 1925 1074 1980; x_wconf 85' lang='lat' dir='ltr'><strong>sibi</strong></span> <span class='ocrx_word' id='word_1_288' title='bbox 1133 1940 1200 1980; x_wconf 81' lang='lat' dir='ltr'><strong>ex</strong></span> <span class='ocrx_word' id='word_1_289' title='bbox 1250 1925 1479 1980; x_wconf 85' lang='lat' dir='ltr'><strong>adverso</strong></span> <span class='ocrx_word' id='word_1_290' title='bbox 1524 1925 1776 1980; x_wconf 83' lang='lat' dir='ltr'><strong>collocat.</strong></span> <span class='ocrx_word' id='word_1_291' title='bbox 1821 1926 1900 1980; x_wconf 86' lang='lat' dir='ltr'><strong>lta</strong></span> <span class='ocrx_word' id='word_1_292' title='bbox 1938 1927 2138 1997; x_wconf 87' lang='lat' dir='ltr'><strong>quippe</strong></span> 
     </span>
    </p>
   </div>
   <div class='ocr_carea' id='block_1_37' title="bbox 567 2015 2136 2088">
    <p class='ocr_par' dir='ltr' id='par_1_37' title="bbox 567 2015 2136 2088">
     <span class='ocr_line' id='line_1_37' title="bbox 567 2015 2136 2088; baseline 0.001 -18"><span class='ocrx_word' id='word_1_293' title='bbox 567 2022 745 2071; x_wconf 91' lang='lat' dir='ltr'><strong>totum</strong></span> <span class='ocrx_word' id='word_1_294' title='bbox 777 2016 832 2070; x_wconf 94' lang='lat' dir='ltr'><strong>in</strong></span> <span class='ocrx_word' id='word_1_295' title='bbox 866 2031 933 2072; x_wconf 92' lang='lat' dir='ltr'><strong>eo</strong></span> <span class='ocrx_word' id='word_1_296' title='bbox 977 2015 1187 2071; x_wconf 84' lang='lat' dir='ltr'><strong>vultum</strong></span> <span class='ocrx_word' id='word_1_297' title='bbox 1221 2031 1381 2070; x_wconf 90' lang='lat' dir='ltr'><strong>suum</strong></span> <span class='ocrx_word' id='word_1_298' title='bbox 1433 2017 1699 2086; x_wconf 89' lang='lat' dir='ltr'><strong>aspiciet;</strong></span> <span class='ocrx_word' id='word_1_299' title='bbox 1735 2015 1821 2072; x_wconf 90' lang='lat' dir='ltr'><strong>sin</strong></span> <span class='ocrx_word' id='word_1_300' title='bbox 1853 2019 2136 2088; x_wconf 89' lang='lat' dir='ltr'><strong>speculum</strong></span> 
     </span>
    </p>
   </div>
   <div class='ocr_carea' id='block_1_38' title="bbox 567 2106 2140 2179">
    <p class='ocr_par' dir='ltr' id='par_1_38' title="bbox 567 2106 2140 2179">
     <span class='ocr_line' id='line_1_38' title="bbox 567 2106 2140 2179; baseline 0 -17"><span class='ocrx_word' id='word_1_301' title='bbox 567 2121 637 2162; x_wconf 83' lang='lat' dir='ltr'><strong>ex</strong></span> <span class='ocrx_word' id='word_1_302' title='bbox 671 2106 894 2178; x_wconf 89' lang='lat' dir='ltr'><strong>obliquo</strong></span> <span class='ocrx_word' id='word_1_303' title='bbox 922 2108 1241 2178; x_wconf 80' lang='lat' dir='ltr'><strong>respexerit,</strong></span> <span class='ocrx_word' id='word_1_304' title='bbox 1266 2115 1431 2178; x_wconf 82' lang='lat' dir='ltr'><strong>prout</strong></span> <span class='ocrx_word' id='word_1_305' title='bbox 1460 2108 1566 2163; x_wconf 89' lang='lat' dir='ltr'><strong>erit</strong></span> <span class='ocrx_word' id='word_1_306' title='bbox 1600 2108 1933 2179; x_wconf 83' lang='lat' dir='ltr'><strong>obliquatio,</strong></span> <span class='ocrx_word' id='word_1_307' title='bbox 1968 2109 2140 2164; x_wconf 85' lang='lat' dir='ltr'><strong>decli-</strong></span> 
     </span>
    </p>
   </div>
   <div class='ocr_carea' id='block_1_39' title="bbox 568 2199 2137 2270">
    <p class='ocr_par' dir='ltr' id='par_1_39' title="bbox 568 2199 2137 2270">
     <span class='ocr_line' id='line_1_39' title="bbox 568 2199 2137 2270; baseline 0.001 -16"><span class='ocrx_word' id='word_1_308' title='bbox 568 2199 829 2270; x_wconf 88' lang='lat' dir='ltr'><strong>natioque</strong></span> <span class='ocrx_word' id='word_1_309' title='bbox 856 2201 1085 2269; x_wconf 88' lang='lat' dir='ltr'><strong>speculi,</strong></span> <span class='ocrx_word' id='word_1_310' title='bbox 1121 2199 1358 2264; x_wconf 87' lang='lat' dir='ltr'><strong>bessem,</strong></span> <span class='ocrx_word' id='word_1_311' title='bbox 1407 2208 1500 2254; x_wconf 90' lang='lat' dir='ltr'><strong>aut</strong></span> <span class='ocrx_word' id='word_1_312' title='bbox 1539 2199 1848 2266; x_wconf 88' lang='lat' dir='ltr'><strong>semissem,</strong></span> <span class='ocrx_word' id='word_1_313' title='bbox 1893 2210 1987 2256; x_wconf 89' lang='lat' dir='ltr'><strong>aut</strong></span> <span class='ocrx_word' id='word_1_314' title='bbox 2019 2202 2137 2257; x_wconf 81' lang='lat' dir='ltr'><strong>exi-</strong></span> 
     </span>
    </p>
   </div>
   <div class='ocr_carea' id='block_1_40' title="bbox 568 2289 2136 2360">
    <p class='ocr_par' dir='ltr' id='par_1_40' title="bbox 568 2289 2136 2360">
     <span class='ocr_line' id='line_1_40' title="bbox 568 2289 2136 2360; baseline 0.002 -17"><span class='ocrx_word' id='word_1_315' title='bbox 568 2304 730 2360; x_wconf 73' lang='lat' dir='ltr'><strong>guam</strong></span> <span class='ocrx_word' id='word_1_316' title='bbox 759 2289 1000 2360; x_wconf 86' lang='lat' dir='ltr'><strong>aliquam</strong></span> <span class='ocrx_word' id='word_1_317' title='bbox 1033 2290 1220 2346; x_wconf 84' lang='lat' dir='ltr'><strong>vultus</strong></span> <span class='ocrx_word' id='word_1_318' title='bbox 1244 2291 1327 2346; x_wconf 92' lang='lat' dir='ltr'><strong>sui</strong></span> <span class='ocrx_word' id='word_1_319' title='bbox 1363 2299 1570 2360; x_wconf 86' lang='lat' dir='ltr'><strong>partem</strong></span> <span class='ocrx_word' id='word_1_320' title='bbox 1601 2291 1890 2347; x_wconf 84' lang='lat' dir='ltr'><strong>refractam</strong></span> <span class='ocrx_word' id='word_1_321' title='bbox 1912 2292 2136 2360; x_wconf 79' lang='lat' dir='ltr'><strong>videbit,</strong></span> 
     </span>
    </p>
   </div>
   <div class='ocr_carea' id='block_1_41' title="bbox 565 2381 2138 2454">
    <p class='ocr_par' dir='ltr' id='par_1_41' title="bbox 565 2381 2138 2454">
     <span class='ocr_line' id='line_1_41' title="bbox 565 2381 2138 2454; baseline 0.003 -19"><span class='ocrx_word' id='word_1_322' title='bbox 565 2394 668 2452; x_wconf 90' lang='lat' dir='ltr'><strong>pro</strong></span> <span class='ocrx_word' id='word_1_323' title='bbox 694 2395 761 2436; x_wconf 92' lang='lat' dir='ltr'><strong>eo</strong></span> <span class='ocrx_word' id='word_1_324' title='bbox 807 2382 952 2452; x_wconf 90' lang='lat' dir='ltr'><strong>quod</strong></span> <span class='ocrx_word' id='word_1_325' title='bbox 996 2383 1281 2454; x_wconf 87' lang='lat' dir='ltr'><strong>speculum</strong></span> <span class='ocrx_word' id='word_1_326' title='bbox 1334 2382 1591 2438; x_wconf 88' lang='lat' dir='ltr'><strong>declinet.</strong></span> <span class='ocrx_word' id='word_1_327' title='bbox 1624 2381 1828 2439; x_wconf 84' lang='lat' dir='ltr'><strong>Eadem</strong></span> <span class='ocrx_word' id='word_1_328' title='bbox 1879 2391 1934 2439; x_wconf 93' lang='lat' dir='ltr'><strong>et</strong></span> <span class='ocrx_word' id='word_1_329' title='bbox 1993 2384 2138 2439; x_wconf 65' lang='lat' dir='ltr'><strong>luna</strong></span> 
     </span>
    </p>
   </div>
   <div class='ocr_carea' id='block_1_42' title="bbox 566 2473 2136 2547">
    <p class='ocr_par' dir='ltr' id='par_1_42' title="bbox 566 2473 2136 2547">
     <span class='ocr_line' id='line_1_42' title="bbox 566 2473 2136 2547; baseline 0.001 -19"><span class='ocrx_word' id='word_1_330' title='bbox 566 2475 710 2530; x_wconf 88' lang='lat' dir='ltr'><strong>ratio</strong></span> <span class='ocrx_word' id='word_1_331' title='bbox 740 2483 847 2531; x_wconf 91' lang='lat' dir='ltr'><strong>est.</strong></span> <span class='ocrx_word' id='word_1_332' title='bbox 887 2473 1030 2531; x_wconf 83' lang='lat' dir='ltr'><strong>Huic</strong></span> <span class='ocrx_word' id='word_1_333' title='bbox 1060 2475 1314 2546; x_wconf 82' lang='lat' dir='ltr'><strong>Opinioni</strong></span> <span class='ocrx_word' id='word_1_334' title='bbox 1345 2475 1748 2547; x_wconf 83' lang='lat' dir='ltr'><strong>subscripsisse</strong></span> <span class='ocrx_word' id='word_1_335' title='bbox 1792 2484 1952 2547; x_wconf 86' lang='lat' dir='ltr'><strong>putes</strong></span> <span class='ocrx_word' id='word_1_336' title='bbox 1995 2477 2136 2531; x_wconf 86' lang='lat' dir='ltr'><strong>Ara-</strong></span> 
     </span>
    </p>
   </div>
   <div class='ocr_carea' id='block_1_43' title="bbox 565 2565 1269 2637">
    <p class='ocr_par' dir='ltr' id='par_1_43' title="bbox 565 2565 1269 2637">
     <span class='ocr_line' id='line_1_43' title="bbox 565 2565 1269 2637; baseline 0.004 -18"><span class='ocrx_word' id='word_1_337' title='bbox 565 2573 703 2632; x_wconf 92' lang='lat' dir='ltr'><strong>tum,</strong></span> <span class='ocrx_word' id='word_1_338' title='bbox 731 2580 853 2621; x_wconf 90' lang='lat' dir='ltr'><strong>cum</strong></span> <span class='ocrx_word' id='word_1_339' title='bbox 885 2565 960 2621; x_wconf 90' lang='lat' dir='ltr'><strong>ita</strong></span> <span class='ocrx_word' id='word_1_340' title='bbox 993 2567 1269 2637; x_wconf 89' lang='lat' dir='ltr'><strong>loquitur:</strong></span> 
     </span>
    </p>
   </div>
   <div class='ocr_carea' id='block_1_44' title="bbox 564 2671 1725 2744">
    <p class='ocr_par' dir='ltr' id='par_1_44' title="bbox 564 2671 1725 2744">
     <span class='ocr_line' id='line_1_44' title="bbox 564 2671 1725 2744; baseline 0 -16"><span class='ocrx_word' id='word_1_341' title='bbox 564 2671 782 2743; x_wconf 80' lang='lat' dir='ltr'><strong>Semper</strong></span> <span class='ocrx_word' id='word_1_342' title='bbox 809 2673 1026 2728; x_wconf 79' lang='lat' dir='ltr'><strong>aliunde</strong></span> <span class='ocrx_word' id='word_1_343' title='bbox 1057 2673 1195 2728; x_wconf 71' lang='lat' dir='ltr'><strong>alia:</strong></span> <span class='ocrx_word' id='word_1_344' title='bbox 1227 2673 1495 2728; x_wconf 78' lang='lat' dir='ltr'><strong>declinans</strong></span> <span class='ocrx_word' id='word_1_345' title='bbox 1527 2673 1690 2744; x_wconf 78' lang='lat' dir='ltr'><strong>facies</strong></span> <span class='ocrx_word' id='word_1_346' title='bbox 1709 2712 1725 2738; x_wconf 91' lang='lat'><strong>,</strong></span> 
     </span>
    </p>
   </div>
   <div class='ocr_carea' id='block_1_45' title="bbox 565 2784 2139 2870">
    <p class='ocr_par' dir='ltr' id='par_1_45' title="bbox 565 2784 2139 2870">
     <span class='ocr_line' id='line_1_45' title="bbox 565 2784 2139 2870; baseline -0.002 -28"><span class='ocrx_word' id='word_1_347' title='bbox 565 2786 816 2844; x_wconf 83' lang='lat' dir='ltr'><strong>alludens</strong></span> <span class='ocrx_word' id='word_1_348' title='bbox 842 2786 909 2841; x_wconf 86' lang='lat' dir='ltr'><strong>ad</strong></span> <span class='ocrx_word' id='word_1_349' title='bbox 933 2786 1140 2858; x_wconf 90' lang='lat' dir='ltr'><strong>speculi</strong></span> <span class='ocrx_word' id='word_1_350' title='bbox 1171 2785 1612 2844; x_wconf 89' lang='lat' dir='ltr'><strong>similitudinem.</strong></span> <span class='ocrx_word' id='word_1_351' title='bbox 1641 2785 1933 2870; x_wconf 60' lang='lat' dir='ltr'><strong>Splizericaé.</strong></span> <span class='ocrx_word' id='word_1_352' title='bbox 1954 2784 2139 2856; x_wconf 63' lang='lat' dir='ltr'><strong>figura!</strong></span> 
     </span>
    </p>
   </div>
   <div class='ocr_carea' id='block_1_46' title="bbox 563 2877 2138 2949">
    <p class='ocr_par' dir='ltr' id='par_1_46' title="bbox 563 2877 2138 2949">
     <span class='ocr_line' id='line_1_46' title="bbox 563 2877 2138 2949; baseline -0.002 -17"><span class='ocrx_word' id='word_1_353' title='bbox 563 2892 688 2934; x_wconf 86' lang='lat' dir='ltr'><strong>esse</strong></span> <span class='ocrx_word' id='word_1_354' title='bbox 713 2877 980 2933; x_wconf 91' lang='lat' dir='ltr'><strong>mundum</strong></span> <span class='ocrx_word' id='word_1_355' title='bbox 1001 2877 1115 2947; x_wconf 87' lang='lat' dir='ltr'><strong>jam</strong></span> <span class='ocrx_word' id='word_1_356' title='bbox 1141 2877 1401 2939; x_wconf 81' lang='lat' dir='ltr'><strong>diximus,</strong></span> <span class='ocrx_word' id='word_1_357' title='bbox 1431 2893 1595 2949; x_wconf 90' lang='lat' dir='ltr'><strong>quem</strong></span> <span class='ocrx_word' id='word_1_358' title='bbox 1629 2879 1684 2931; x_wconf 89' lang='lat' dir='ltr'><strong>in</strong></span> <span class='ocrx_word' id='word_1_359' title='bbox 1715 2877 1904 2932; x_wconf 89' lang='lat' dir='ltr'><strong>orbem</strong></span> <span class='ocrx_word' id='word_1_360' title='bbox 1926 2878 2138 2931; x_wconf 83' lang='lat' dir='ltr'><strong>extrin-</strong></span> 
     </span>
    </p>
   </div>
   <div class='ocr_carea' id='block_1_47' title="bbox 2240 1924 3786 1996">
    <p class='ocr_par' dir='ltr' id='par_1_47' title="bbox 2240 1924 3786 1996">
     <span class='ocr_line' id='line_1_47' title="bbox 2240 1924 3786 1996; baseline -0.003 -20"><span class='ocrx_word' id='word_1_361' title='bbox 2240 1927 2521 1995; x_wconf 81' lang='grc' dir='ltr'>ποιήσεται</span> <span class='ocrx_word' id='word_1_362' title='bbox 2549 1942 2562 1958; x_wconf 82' lang='grc'><em>’</em></span> <span class='ocrx_word' id='word_1_363' title='bbox 2611 1925 2767 1978; x_wconf 82' lang='grc' dir='ltr'>τοῦτο</span> <span class='ocrx_word' id='word_1_364' title='bbox 2811 1925 2920 1996; x_wconf 86' lang='grc' dir='ltr'>γὰρ</span> <span class='ocrx_word' id='word_1_365' title='bbox 2970 1925 3225 1996; x_wconf 79' lang='grc' dir='ltr'>ποιήσας,</span> <span class='ocrx_word' id='word_1_366' title='bbox 3269 1924 3390 1977; x_wconf 85' lang='grc' dir='ltr'>ὅλον</span> <span class='ocrx_word' id='word_1_367' title='bbox 3426 1924 3488 1976; x_wconf 75' lang='grc' dir='ltr'><strong>τὸ</strong></span> <span class='ocrx_word' id='word_1_368' title='bbox 3531 1924 3786 1994; x_wconf 83' lang='grc' dir='ltr'>πρόσωπον</span> 
     </span>
    </p>
   </div>
   <div class='ocr_carea' id='block_1_48' title="bbox 2241 2015 3786 2089">
    <p class='ocr_par' dir='ltr' id='par_1_48' title="bbox 2241 2015 3786 2089">
     <span class='ocr_line' id='line_1_48' title="bbox 2241 2015 3786 2089; baseline -0.003 -19"><span class='ocrx_word' id='word_1_369' title='bbox 2241 2019 2404 2071; x_wconf 80' lang='grc' dir='ltr'>αὐτοῦ</span> <span class='ocrx_word' id='word_1_370' title='bbox 2435 2018 2687 2071; x_wconf 87' lang='grc' dir='ltr'>θεάσεται</span> <span class='ocrx_word' id='word_1_371' title='bbox 2736 2020 2794 2072; x_wconf 84' lang='grc' dir='ltr'><strong>ἐν</strong></span> <span class='ocrx_word' id='word_1_372' title='bbox 2826 2019 2902 2089; x_wconf 82' lang='grc' dir='ltr'><strong>τῷ</strong></span> <span class='ocrx_word' id='word_1_373' title='bbox 2943 2017 3268 2088; x_wconf 69' lang='grc' dir='ltr'><strong>κατόπτρῳό</strong></span> <span class='ocrx_word' id='word_1_374' title='bbox 3304 2019 3354 2070; x_wconf 86' lang='grc' dir='ltr'><strong>εί</strong></span> <span class='ocrx_word' id='word_1_375' title='bbox 3397 2016 3456 2069; x_wconf 80' lang='grc' dir='ltr'><strong>δὲ</strong></span> <span class='ocrx_word' id='word_1_376' title='bbox 3499 2015 3786 2083; x_wconf 70' lang='grc' dir='ltr'>πλαγιάσαι</span> 
     </span>
    </p>
   </div>
   <div class='ocr_carea' id='block_1_49' title="bbox 2238 2105 3788 2182">
    <p class='ocr_par' dir='ltr' id='par_1_49' title="bbox 2238 2105 3788 2182">
     <span class='ocr_line' id='line_1_49' title="bbox 2238 2105 3788 2182; baseline -0.003 -21"><span class='ocrx_word' id='word_1_377' title='bbox 2238 2110 2298 2162; x_wconf 83' lang='grc' dir='ltr'><strong>τὸ</strong></span> <span class='ocrx_word' id='word_1_378' title='bbox 2332 2111 2654 2182; x_wconf 79' lang='grc' dir='ltr'>κάτοπτρον,</span> <span class='ocrx_word' id='word_1_379' title='bbox 2692 2110 2826 2181; x_wconf 66' lang='grc' dir='ltr'>πρὸς</span> <span class='ocrx_word' id='word_1_380' title='bbox 2856 2109 2947 2162; x_wconf 81' lang='grc' dir='ltr'><strong>τὸν</strong></span> <span class='ocrx_word' id='word_1_381' title='bbox 2989 2107 3332 2178; x_wconf 81' lang='grc' dir='ltr'>πλαγιασμὸν</span> <span class='ocrx_word' id='word_1_382' title='bbox 3372 2107 3469 2160; x_wconf 73' lang='grc' dir='ltr'><strong>καὶ</strong></span> <span class='ocrx_word' id='word_1_383' title='bbox 3513 2106 3614 2177; x_wconf 82' lang='grc' dir='ltr'><strong>τὴν</strong></span> <span class='ocrx_word' id='word_1_384' title='bbox 3643 2105 3788 2174; x_wconf 80' lang='grc' dir='ltr'>ἐγκλι-</span> 
     </span>
    </p>
   </div>
   <div class='ocr_carea' id='block_1_50' title="bbox 2242 2197 3784 2274">
    <p class='ocr_par' dir='ltr' id='par_1_50' title="bbox 2242 2197 3784 2274">
     <span class='ocr_line' id='line_1_50' title="bbox 2242 2197 3784 2274; baseline -0.003 -19"><span class='ocrx_word' id='word_1_385' title='bbox 2242 2219 2326 2256; x_wconf 90' lang='grc' dir='ltr'><strong>σιν</strong></span> <span class='ocrx_word' id='word_1_386' title='bbox 2361 2203 2452 2256; x_wconf 82' lang='grc' dir='ltr'>τοῦ</span> <span class='ocrx_word' id='word_1_387' title='bbox 2501 2204 2809 2274; x_wconf 78' lang='grc' dir='ltr'>κατόπτρου</span> <span class='ocrx_word' id='word_1_388' title='bbox 2861 2202 2893 2274; x_wconf 80' lang='grc' dir='ltr'>ἦ</span> <span class='ocrx_word' id='word_1_389' title='bbox 2947 2200 3010 2254; x_wconf 80' lang='grc' dir='ltr'><strong>τὸ</strong></span> <span class='ocrx_word' id='word_1_390' title='bbox 3059 2202 3322 2273; x_wconf 83' lang='grc' dir='ltr'>δίμοιρον,</span> <span class='ocrx_word' id='word_1_391' title='bbox 3369 2200 3404 2270; x_wconf 78' lang='grc' dir='ltr'><strong>ἢ</strong></span> <span class='ocrx_word' id='word_1_392' title='bbox 3438 2199 3502 2253; x_wconf 76' lang='grc' dir='ltr'><strong>τὸ</strong></span> <span class='ocrx_word' id='word_1_393' title='bbox 3541 2197 3784 2270; x_wconf 75' lang='grc' dir='ltr'>ἧμισυ,ἢ</span> 
     </span>
    </p>
   </div>
   <div class='ocr_carea' id='block_1_51' title="bbox 2242 2287 3787 2367">
    <p class='ocr_par' dir='ltr' id='par_1_51' title="bbox 2242 2287 3787 2367">
     <span class='ocr_line' id='line_1_51' title="bbox 2242 2287 3787 2367; baseline -0.006 -17"><span class='ocrx_word' id='word_1_394' title='bbox 2242 2296 2412 2367; x_wconf 81' lang='grc' dir='ltr'>βραχύ</span> <span class='ocrx_word' id='word_1_395' title='bbox 2445 2314 2497 2349; x_wconf 89' lang='grc' dir='ltr'><strong>τι</strong></span> <span class='ocrx_word' id='word_1_396' title='bbox 2528 2297 2690 2367; x_wconf 79' lang='grc' dir='ltr'>μέρος</span> <span class='ocrx_word' id='word_1_397' title='bbox 2721 2295 2910 2348; x_wconf 86' lang='grc' dir='ltr'>τούτου</span> <span class='ocrx_word' id='word_1_398' title='bbox 2939 2294 3191 2347; x_wconf 84' lang='grc' dir='ltr'>θεάσεται</span> <span class='ocrx_word' id='word_1_399' title='bbox 3221 2292 3696 2363; x_wconf 85' lang='grc' dir='ltr'>ἀντανακλώμενον</span> <span class='ocrx_word' id='word_1_400' title='bbox 3713 2287 3787 2342; x_wconf 78' lang='grc' dir='ltr'><strong>τοῦ</strong></span> 
     </span>
    </p>
   </div>
   <div class='ocr_carea' id='block_1_52' title="bbox 2239 2383 3788 2461">
    <p class='ocr_par' dir='ltr' id='par_1_52' title="bbox 2239 2383 3788 2461">
     <span class='ocr_line' id='line_1_52' title="bbox 2239 2383 3788 2461; baseline -0.005 -20"><span class='ocrx_word' id='word_1_401' title='bbox 2239 2388 2530 2461; x_wconf 81' lang='grc' dir='ltr'>προσώπου</span> <span class='ocrx_word' id='word_1_402' title='bbox 2555 2386 2740 2450; x_wconf 82' lang='grc' dir='ltr'>αὐτοῦ,</span> <span class='ocrx_word' id='word_1_403' title='bbox 2757 2385 2854 2440; x_wconf 80' lang='grc' dir='ltr'>τοῦ</span> <span class='ocrx_word' id='word_1_404' title='bbox 2878 2385 3181 2456; x_wconf 84' lang='grc' dir='ltr'>κατόπτρου</span> <span class='ocrx_word' id='word_1_405' title='bbox 3203 2383 3588 2454; x_wconf 80' lang='grc' dir='ltr'>ἐκκλινομένου</span> <span class='ocrx_word' id='word_1_406' title='bbox 3607 2401 3619 2413; x_wconf 91' lang='grc'><strong>·</strong></span> <span class='ocrx_word' id='word_1_407' title='bbox 3646 2383 3788 2442; x_wconf 75' lang='grc' dir='ltr'>οὕτως</span> 
     </span>
    </p>
   </div>
   <div class='ocr_carea' id='block_1_53' title="bbox 2239 2477 3788 2552">
    <p class='ocr_par' dir='ltr' id='par_1_53' title="bbox 2239 2477 3788 2552">
     <span class='ocr_line' id='line_1_53' title="bbox 2239 2477 3788 2552; baseline -0.007 -17"><span class='ocrx_word' id='word_1_408' title='bbox 2239 2482 2333 2536; x_wconf 69' lang='grc' dir='ltr'>καὶ</span> <span class='ocrx_word' id='word_1_409' title='bbox 2366 2481 2458 2532; x_wconf 71' lang='grc' dir='ltr'>ἐπὶ</span> <span class='ocrx_word' id='word_1_410' title='bbox 2484 2480 2583 2549; x_wconf 78' lang='grc' dir='ltr'>τῆς</span> <span class='ocrx_word' id='word_1_411' title='bbox 2615 2481 2862 2551; x_wconf 82' lang='grc' dir='ltr'>σελήνης.</span> <span class='ocrx_word' id='word_1_412' title='bbox 2895 2477 3080 2552; x_wconf 79' lang='grc' dir='ltr'>Ταύτῃ</span> <span class='ocrx_word' id='word_1_413' title='bbox 3106 2480 3172 2549; x_wconf 83' lang='grc' dir='ltr'><strong>τῇ</strong></span> <span class='ocrx_word' id='word_1_414' title='bbox 3207 2477 3340 2550; x_wconf 80' lang='grc' dir='ltr'><strong>δόξῃ·</strong></span> <span class='ocrx_word' id='word_1_415' title='bbox 3369 2478 3550 2531; x_wconf 76' lang='grc' dir='ltr'>ἔοικεν</span> <span class='ocrx_word' id='word_1_416' title='bbox 3584 2477 3788 2546; x_wconf 82' lang='grc' dir='ltr'>Ἀρατος</span> 
     </span>
    </p>
   </div>
   <div class='ocr_carea' id='block_1_54' title="bbox 2238 2571 2930 2642">
    <p class='ocr_par' dir='ltr' id='par_1_54' title="bbox 2238 2571 2930 2642">
     <span class='ocr_line' id='line_1_54' title="bbox 2238 2571 2930 2642; baseline -0.006 -15"><span class='ocrx_word' id='word_1_417' title='bbox 2238 2571 2548 2627; x_wconf 82' lang='grc' dir='ltr'>ἀκολουθεῖν</span> <span class='ocrx_word' id='word_1_418' title='bbox 2567 2587 2581 2602; x_wconf 91' lang='grc'><strong>·</strong></span> <span class='ocrx_word' id='word_1_419' title='bbox 2620 2571 2751 2642; x_wconf 74' lang='grc' dir='ltr'>φησὶ</span> <span class='ocrx_word' id='word_1_420' title='bbox 2781 2571 2890 2642; x_wconf 83' lang='grc' dir='ltr'><strong>γάρ</strong></span> <span class='ocrx_word' id='word_1_421' title='bbox 2913 2585 2930 2602; x_wconf 77' lang='grc' dir='ltr'><strong>ο</strong></span> 
     </span>
    </p>
   </div>
   <div class='ocr_carea' id='block_1_55' title="bbox 2238 2680 3786 2753">
    <p class='ocr_par' dir='ltr' id='par_1_55' title="bbox 2238 2680 3786 2753">
     <span class='ocr_line' id='line_1_55' title="bbox 2238 2680 3786 2753; baseline -0.007 -12"><span class='ocrx_word' id='word_1_422' title='bbox 2238 2685 2360 2741; x_wconf 75' lang='grc' dir='ltr'><strong>Αἱεὶ</strong></span> <span class='ocrx_word' id='word_1_423' title='bbox 2388 2685 2439 2740; x_wconf 81' lang='grc' dir='ltr'><strong>δ’</strong></span> <span class='ocrx_word' id='word_1_424' title='bbox 2482 2684 2742 2740; x_wconf 76' lang='grc' dir='ltr'>ἄλλοθεν</span> <span class='ocrx_word' id='word_1_425' title='bbox 2782 2685 2944 2740; x_wconf 73' lang='grc' dir='ltr'>ἄλλα</span> <span class='ocrx_word' id='word_1_426' title='bbox 2977 2684 3478 2753; x_wconf 72' lang='grc' dir='ltr'>παρεκκλίνουσα</span> <span class='ocrx_word' id='word_1_427' title='bbox 3509 2680 3786 2750; x_wconf 65' lang='grc' dir='ltr'>πρόσωπα,</span> 
     </span>
    </p>
   </div>
   <div class='ocr_carea' id='block_1_56' title="bbox 2238 2789 3788 2872">
    <p class='ocr_par' dir='ltr' id='par_1_56' title="bbox 2238 2789 3788 2872">
     <span class='ocr_line' id='line_1_56' title="bbox 2238 2789 3788 2872; baseline -0.007 -16"><span class='ocrx_word' id='word_1_428' title='bbox 2238 2789 2300 2856; x_wconf 72' lang='grc' dir='ltr'><strong>τό</strong></span> <span class='ocrx_word' id='word_1_429' title='bbox 2331 2801 2425 2856; x_wconf 79' lang='grc' dir='ltr'>τοῦ</span> <span class='ocrx_word' id='word_1_430' title='bbox 2465 2801 2771 2872; x_wconf 80' lang='grc' dir='ltr'>κατόπτρου</span> <span class='ocrx_word' id='word_1_431' title='bbox 2806 2800 3155 2872; x_wconf 75' lang='grc' dir='ltr'>παράδειγμα</span> <span class='ocrx_word' id='word_1_432' title='bbox 3189 2798 3582 2868; x_wconf 79' lang='grc' dir='ltr'>αἰνιττόμενος.</span> <span class='ocrx_word' id='word_1_433' title='bbox 3627 2792 3788 2865; x_wconf 86' lang='grc' dir='ltr'>Προεί-</span> 
     </span>
    </p>
   </div>
   <div class='ocr_carea' id='block_1_57' title="bbox 2245 2885 3792 2967">
    <p class='ocr_par' dir='ltr' id='par_1_57' title="bbox 2245 2885 3792 2967">
     <span class='ocr_line' id='line_1_57' title="bbox 2245 2885 3792 2967; baseline -0.012 -17"><span class='ocrx_word' id='word_1_434' title='bbox 2245 2913 2402 2967; x_wconf 76' lang='grc' dir='ltr'>ρηται</span> <span class='ocrx_word' id='word_1_435' title='bbox 2429 2894 2485 2947; x_wconf 81' lang='grc' dir='ltr'><strong>δὲ</strong></span> <span class='ocrx_word' id='word_1_436' title='bbox 2514 2895 2542 2948; x_wconf 86' lang='grc' dir='ltr'>ὁ</span> <span class='ocrx_word' id='word_1_437' title='bbox 2571 2894 2774 2966; x_wconf 88' lang='grc' dir='ltr'>κόσμος</span> <span class='ocrx_word' id='word_1_438' title='bbox 2803 2894 3036 2964; x_wconf 89' lang='grc' dir='ltr'>σφαίρας</span> <span class='ocrx_word' id='word_1_439' title='bbox 3066 2892 3208 2961; x_wconf 82' lang='grc' dir='ltr'>ἔχειν</span> <span class='ocrx_word' id='word_1_440' title='bbox 3244 2891 3432 2961; x_wconf 76' lang='grc' dir='ltr'>σχῆμα</span> <span class='ocrx_word' id='word_1_441' title='bbox 3450 2907 3465 2921; x_wconf 80' lang='grc' dir='ltr'><strong>ο</strong></span> <span class='ocrx_word' id='word_1_442' title='bbox 3498 2888 3689 2955; x_wconf 76' lang='grc' dir='ltr'>ἔξωθεν</span> <span class='ocrx_word' id='word_1_443' title='bbox 3715 2885 3792 2956; x_wconf 80' lang='grc' dir='ltr'>μὲν</span> 
     </span>
    </p>
   </div>
   <div class='ocr_carea' id='block_1_58' title="bbox 562 2967 2138 3060">
    <p class='ocr_par' dir='ltr' id='par_1_58' title="bbox 562 2967 2138 3041">
     <span class='ocr_line' id='line_1_58' title="bbox 562 2967 2138 3041; baseline -0.003 -15"><span class='ocrx_word' id='word_1_444' title='bbox 562 2984 726 3026; x_wconf 79' lang='lat' dir='ltr'><strong>secus</strong></span> <span class='ocrx_word' id='word_1_445' title='bbox 773 2970 1122 3041; x_wconf 86' lang='lat' dir='ltr'><strong>amplectitur</strong></span> <span class='ocrx_word' id='word_1_446' title='bbox 1169 2970 1402 3038; x_wconf 68' lang='lat' dir='ltr'><strong>caelum;</strong></span> <span class='ocrx_word' id='word_1_447' title='bbox 1454 2979 1600 3025; x_wconf 88' lang='lat' dir='ltr'><strong>terra</strong></span> <span class='ocrx_word' id='word_1_448' title='bbox 1631 2977 1816 3025; x_wconf 89' lang='lat' dir='ltr'><strong>autem</strong></span> <span class='ocrx_word' id='word_1_449' title='bbox 1861 2969 1918 3024; x_wconf 92' lang='lat' dir='ltr'><strong>in</strong></span> <span class='ocrx_word' id='word_1_450' title='bbox 1956 2967 2138 3024; x_wconf 90' lang='lat' dir='ltr'><strong>medio</strong></span> 
     </span>
    </p>
   </div>
   <div class='ocr_carea' id='block_1_59' title="bbox 2243 2967 3788 3060">
    <p class='ocr_par' dir='ltr' id='par_1_59' title="bbox 2243 2983 3788 3060">
     <span class='ocr_line' id='line_1_59' title="bbox 2243 2983 3788 3060; baseline -0.008 -16"><span class='ocrx_word' id='word_1_451' title='bbox 2243 2987 2584 3058; x_wconf 81' lang='grc' dir='ltr'>κυκλοτερῶς</span> <span class='ocrx_word' id='word_1_452' title='bbox 2629 2987 3010 3060; x_wconf 86' lang='grc' dir='ltr'>περικείμενον</span> <span class='ocrx_word' id='word_1_453' title='bbox 3041 2986 3178 3056; x_wconf 77' lang='grc' dir='ltr'>ἔχων</span> <span class='ocrx_word' id='word_1_454' title='bbox 3210 2985 3302 3038; x_wconf 83' lang='grc' dir='ltr'><strong>τὸν</strong></span> <span class='ocrx_word' id='word_1_455' title='bbox 3335 2983 3588 3056; x_wconf 81' lang='grc' dir='ltr'>οὐρανὸν,</span> <span class='ocrx_word' id='word_1_456' title='bbox 3631 2996 3788 3052; x_wconf 82' lang='grc' dir='ltr'>μεσαι-</span> 
     </span>
    </p>
   </div>
   <div class='ocr_carea' id='block_1_60' title="bbox 566 3042 2207 3136">
    <p class='ocr_par' dir='ltr' id='par_1_60' title="bbox 566 3042 2207 3136">
     <span class='ocr_line' id='line_1_60' title="bbox 566 3042 2207 3136; baseline -0.002 -18"><span class='ocrx_word' id='word_1_457' title='bbox 566 3063 711 3129; x_wconf 88' lang='lat' dir='ltr'><strong>sita,</strong></span> <span class='ocrx_word' id='word_1_458' title='bbox 739 3064 914 3120; x_wconf 86' lang='lat' dir='ltr'><strong>centri</strong></span> <span class='ocrx_word' id='word_1_459' title='bbox 957 3070 1121 3136; x_wconf 87' lang='lat' dir='ltr'><strong>atque</strong></span> <span class='ocrx_word' id='word_1_460' title='bbox 1161 3063 1351 3134; x_wconf 82' lang='lat' dir='ltr'><strong>puncti</strong></span> <span class='ocrx_word' id='word_1_461' title='bbox 1401 3063 1671 3118; x_wconf 89' lang='lat' dir='ltr'><strong>rationem</strong></span> <span class='ocrx_word' id='word_1_462' title='bbox 1716 3062 1948 3118; x_wconf 89' lang='lat' dir='ltr'><strong>obtinet.</strong></span> <span class='ocrx_word' id='word_1_463' title='bbox 1988 3059 2135 3116; x_wconf 87' lang='lat' dir='ltr'><strong>Inter</strong></span> <span class='ocrx_word' id='word_1_464' title='bbox 2165 3042 2207 3100; x_wconf 69' lang='grc' dir='ltr'><strong>θ</strong></span> 
     </span>
    </p>
   </div>
   <div class='ocr_carea' id='block_1_61' title="bbox 563 3152 2135 3226">
    <p class='ocr_par' dir='ltr' id='par_1_61' title="bbox 563 3152 2135 3226">
     <span class='ocr_line' id='line_1_61' title="bbox 563 3152 2135 3226; baseline -0.003 -16"><span class='ocrx_word' id='word_1_465' title='bbox 563 3155 708 3210; x_wconf 85' lang='lat' dir='ltr'><strong>hanc</strong></span> <span class='ocrx_word' id='word_1_466' title='bbox 730 3155 1038 3226; x_wconf 61' lang='lat' dir='ltr'><strong>coelumque</strong></span> <span class='ocrx_word' id='word_1_467' title='bbox 1063 3153 1352 3225; x_wconf 73' lang='lat' dir='ltr'><strong>interiecta</strong></span> <span class='ocrx_word' id='word_1_468' title='bbox 1379 3162 1511 3210; x_wconf 92' lang='lat' dir='ltr'><strong>sunt</strong></span> <span class='ocrx_word' id='word_1_469' title='bbox 1532 3152 1726 3219; x_wconf 70' lang='lat' dir='ltr'><strong>aether,</strong></span> <span class='ocrx_word' id='word_1_470' title='bbox 1761 3167 1856 3208; x_wconf 84' lang='lat' dir='ltr'><strong>aer</strong></span> <span class='ocrx_word' id='word_1_471' title='bbox 1885 3159 1939 3208; x_wconf 91' lang='lat' dir='ltr'><strong>et</strong></span> <span class='ocrx_word' id='word_1_472' title='bbox 1966 3165 2135 3222; x_wconf 89' lang='lat' dir='ltr'><strong>aqua,</strong></span> 
     </span>
    </p>
   </div>
   <div class='ocr_carea' id='block_1_62' title="bbox 565 3244 2137 3321">
    <p class='ocr_par' dir='ltr' id='par_1_62' title="bbox 565 3244 2137 3321">
     <span class='ocr_line' id='line_1_62' title="bbox 565 3244 2137 3321; baseline -0.003 -17"><span class='ocrx_word' id='word_1_473' title='bbox 565 3249 905 3321; x_wconf 66' lang='lat' dir='ltr'><strong>sphararum</strong></span> <span class='ocrx_word' id='word_1_474' title='bbox 933 3263 1088 3306; x_wconf 89' lang='lat' dir='ltr'><strong>more</strong></span> <span class='ocrx_word' id='word_1_475' title='bbox 1111 3247 1346 3305; x_wconf 87' lang='lat' dir='ltr'><strong>invicem</strong></span> <span class='ocrx_word' id='word_1_476' title='bbox 1380 3254 1656 3304; x_wconf 86' lang='lat' dir='ltr'><strong>conserta.</strong></span> <span class='ocrx_word' id='word_1_477' title='bbox 1675 3244 1938 3301; x_wconf 82' lang='lat' dir='ltr'><strong>Mundum</strong></span> <span class='ocrx_word' id='word_1_478' title='bbox 1971 3258 2137 3317; x_wconf 90' lang='lat' dir='ltr'><strong>porro</strong></span> 
     </span>
    </p>
   </div>
   <div class='ocr_carea' id='block_1_63' title="bbox 563 3339 2138 3419">
    <p class='ocr_par' dir='ltr' id='par_1_63' title="bbox 563 3339 2138 3419">
     <span class='ocr_line' id='line_1_63' title="bbox 563 3339 2138 3419; baseline -0.004 -19"><span class='ocrx_word' id='word_1_479' title='bbox 563 3345 768 3419; x_wconf 80' lang='grc' dir='ltr'>κόσμον</span> <span class='ocrx_word' id='word_1_480' title='bbox 803 3345 874 3403; x_wconf 89' lang='lat' dir='ltr'><strong>ab</strong></span> <span class='ocrx_word' id='word_1_481' title='bbox 916 3344 1113 3402; x_wconf 88' lang='lat' dir='ltr'><strong>ordine</strong></span> <span class='ocrx_word' id='word_1_482' title='bbox 1143 3359 1208 3400; x_wconf 84' lang='lat' dir='ltr'><strong>ac</strong></span> <span class='ocrx_word' id='word_1_483' title='bbox 1239 3342 1600 3415; x_wconf 71' lang='lat' dir='ltr'><strong>dispositione</strong></span> <span class='ocrx_word' id='word_1_484' title='bbox 1643 3348 1860 3400; x_wconf 85' lang='lat' dir='ltr'><strong>veteres</strong></span> <span class='ocrx_word' id='word_1_485' title='bbox 1892 3339 2138 3412; x_wconf 86' lang='lat' dir='ltr'><strong>appella-</strong></span> 
     </span>
    </p>
   </div>
   <div class='ocr_carea' id='block_1_64' title="bbox 563 3438 1175 3510">
    <p class='ocr_par' dir='ltr' id='par_1_64' title="bbox 563 3438 1175 3510">
     <span class='ocr_line' id='line_1_64' title="bbox 563 3438 1175 3510; baseline 0.002 -14"><span class='ocrx_word' id='word_1_486' title='bbox 563 3449 724 3510; x_wconf 86' lang='lat' dir='ltr'><strong>runt;</strong></span> <span class='ocrx_word' id='word_1_487' title='bbox 752 3440 835 3498; x_wconf 85' lang='lat' dir='ltr'><strong>sic</strong></span> <span class='ocrx_word' id='word_1_488' title='bbox 855 3438 1128 3498; x_wconf 84' lang='lat' dir='ltr'><strong>Homerus</strong></span> <span class='ocrx_word' id='word_1_489' title='bbox 1155 3455 1175 3497; x_wconf 87' lang='lat'><strong>:</strong></span> 
     </span>
    </p>
   </div>
   <div class='ocr_carea' id='block_1_65' title="bbox 649 3632 1718 3706">
    <p class='ocr_par' dir='ltr' id='par_1_65' title="bbox 649 3632 1718 3706">
     <span class='ocr_line' id='line_1_65' title="bbox 649 3632 1718 3706; baseline -0.008 -12"><span class='ocrx_word' id='word_1_490' title='bbox 649 3636 914 3694; x_wconf 82' lang='lat' dir='ltr'><strong>Ordinare</strong></span> <span class='ocrx_word' id='word_1_491' title='bbox 947 3652 1104 3706; x_wconf 76' lang='lat' dir='ltr'><strong>equos</strong></span> <span class='ocrx_word' id='word_1_492' title='bbox 1123 3674 1138 3702; x_wconf 91' lang='lat'><strong>,</strong></span> <span class='ocrx_word' id='word_1_493' title='bbox 1163 3643 1214 3690; x_wconf 80' lang='lat' dir='ltr'><strong>et</strong></span> <span class='ocrx_word' id='word_1_494' title='bbox 1242 3635 1380 3689; x_wconf 76' lang='lat' dir='ltr'><strong>viros</strong></span> <span class='ocrx_word' id='word_1_495' title='bbox 1413 3632 1718 3704; x_wconf 76' lang='lat' dir='ltr'><strong>clypeatos;</strong></span> 
     </span>
    </p>
   </div>
   <div class='ocr_carea' id='block_1_66' title="bbox 565 3759 732 3812">
    <p class='ocr_par' dir='ltr' id='par_1_66' title="bbox 565 3759 732 3812">
     <span class='ocr_line' id='line_1_66' title="bbox 565 3759 732 3812; baseline -0.006 -1"><span class='ocrx_word' id='word_1_496' title='bbox 565 3759 694 3812; x_wconf 89' lang='lat' dir='ltr'><strong>item</strong></span> <span class='ocrx_word' id='word_1_497' title='bbox 717 3773 732 3810; x_wconf 89' lang='lat'><strong>:</strong></span> 
     </span>
    </p>
   </div>
   <div class='ocr_carea' id='block_1_67' title="bbox 561 3862 1990 3934">
    <p class='ocr_par' dir='ltr' id='par_1_67' title="bbox 561 3862 1990 3934">
     <span class='ocr_line' id='line_1_67' title="bbox 561 3862 1990 3934; baseline -0.004 -10"><span class='ocrx_word' id='word_1_498' title='bbox 561 3866 830 3924; x_wconf 79' lang='lat' dir='ltr'><strong>Ca&#39;lerum</strong></span> <span class='ocrx_word' id='word_1_499' title='bbox 862 3867 950 3920; x_wconf 88' lang='lat' dir='ltr'><strong>ubi</strong></span> <span class='ocrx_word' id='word_1_500' title='bbox 971 3867 1204 3923; x_wconf 77' lang='lat' dir='ltr'><strong>ordinati</strong></span> <span class='ocrx_word' id='word_1_501' title='bbox 1233 3875 1355 3921; x_wconf 83' lang='lat' dir='ltr'><strong>sunt</strong></span> <span class='ocrx_word' id='word_1_502' title='bbox 1380 3882 1497 3920; x_wconf 87' lang='lat' dir='ltr'><strong>cum</strong></span> <span class='ocrx_word' id='word_1_503' title='bbox 1519 3865 1741 3918; x_wconf 80' lang='lat' dir='ltr'><strong>ducibus</strong></span> <span class='ocrx_word' id='word_1_504' title='bbox 1766 3862 1990 3934; x_wconf 77' lang='lat' dir='ltr'><strong>singuii,</strong></span> 
     </span>
    </p>
   </div>
   <div class='ocr_carea' id='block_1_68' title="bbox 565 4001 2138 4076">
    <p class='ocr_par' dir='ltr' id='par_1_68' title="bbox 565 4001 2138 4076">
     <span class='ocr_line' id='line_1_68' title="bbox 565 4001 2138 4076; baseline -0.003 -14"><span class='ocrx_word' id='word_1_505' title='bbox 565 4005 985 4063; x_wconf 87' lang='lat' dir='ltr'><strong>instructionem</strong></span> <span class='ocrx_word' id='word_1_506' title='bbox 1007 4006 1112 4062; x_wconf 88' lang='lat' dir='ltr'><strong>hoc</strong></span> <span class='ocrx_word' id='word_1_507' title='bbox 1137 4005 1303 4061; x_wconf 86' lang='lat' dir='ltr'><strong>verbo</strong></span> <span class='ocrx_word' id='word_1_508' title='bbox 1324 4003 1662 4076; x_wconf 76' lang='lat' dir='ltr'><strong>signiﬁcans.</strong></span> <span class='ocrx_word' id='word_1_509' title='bbox 1677 4001 1818 4058; x_wconf 85' lang='lat' dir='ltr'><strong>Nam</strong></span> <span class='ocrx_word' id='word_1_510' title='bbox 1839 4003 2007 4059; x_wconf 82' lang='lat' dir='ltr'><strong>aether</strong></span> <span class='ocrx_word' id='word_1_511' title='bbox 2025 4003 2138 4058; x_wconf 81' lang='grc' dir='ltr'><strong>απὸ</strong></span> 
     </span>
    </p>
   </div>
   <div class='ocr_carea' id='block_1_69' title="bbox 563 4096 2137 4169">
    <p class='ocr_par' dir='ltr' id='par_1_69' title="bbox 563 4096 2137 4169">
     <span class='ocr_line' id='line_1_69' title="bbox 563 4096 2137 4169; baseline -0.001 -16"><span class='ocrx_word' id='word_1_512' title='bbox 563 4099 660 4154; x_wconf 81' lang='grc' dir='ltr'>τοῦ</span> <span class='ocrx_word' id='word_1_513' title='bbox 679 4097 875 4163; x_wconf 73' lang='grc' dir='ltr'>αἴθειν,</span> <span class='ocrx_word' id='word_1_514' title='bbox 893 4099 1039 4169; x_wconf 89' lang='lat' dir='ltr'><strong>quod</strong></span> <span class='ocrx_word' id='word_1_515' title='bbox 1065 4107 1150 4155; x_wconf 88' lang='lat' dir='ltr'><strong>est</strong></span> <span class='ocrx_word' id='word_1_516' title='bbox 1181 4097 1384 4164; x_wconf 81' lang='lat' dir='ltr'><strong>ardere,</strong></span> <span class='ocrx_word' id='word_1_517' title='bbox 1403 4097 1736 4164; x_wconf 88' lang='lat' dir='ltr'><strong>dicitur;est</strong></span> <span class='ocrx_word' id='word_1_518' title='bbox 1756 4097 1901 4152; x_wconf 91' lang='lat' dir='ltr'><strong>enim</strong></span> <span class='ocrx_word' id='word_1_519' title='bbox 1923 4096 2137 4168; x_wconf 80' lang='lat' dir='ltr'><strong>igneus,</strong></span> 
     </span>
    </p>
   </div>
   <div class='ocr_carea' id='block_1_70' title="bbox 565 4186 2141 4259">
    <p class='ocr_par' dir='ltr' id='par_1_70' title="bbox 565 4186 2141 4259">
     <span class='ocr_line' id='line_1_70' title="bbox 565 4186 2141 4259; baseline -0.003 -13"><span class='ocrx_word' id='word_1_520' title='bbox 565 4191 682 4247; x_wconf 87' lang='lat' dir='ltr'><strong>sive</strong></span> <span class='ocrx_word' id='word_1_521' title='bbox 709 4190 929 4247; x_wconf 86' lang='lat' dir='ltr'><strong>averbo</strong></span> <span class='ocrx_word' id='word_1_522' title='bbox 958 4189 1090 4256; x_wconf 84' lang='grc' dir='ltr'>θεῖν,</span> <span class='ocrx_word' id='word_1_523' title='bbox 1123 4207 1330 4245; x_wconf 84' lang='lat' dir='ltr'><strong>currere</strong></span> <span class='ocrx_word' id='word_1_524' title='bbox 1357 4197 1412 4245; x_wconf 91' lang='lat' dir='ltr'><strong>et</strong></span> <span class='ocrx_word' id='word_1_525' title='bbox 1441 4188 1664 4246; x_wconf 87' lang='lat' dir='ltr'><strong>iucitate</strong></span> <span class='ocrx_word' id='word_1_526' title='bbox 1696 4186 1847 4252; x_wconf 85' lang='lat' dir='ltr'><strong>ferri,</strong></span> <span class='ocrx_word' id='word_1_527' title='bbox 1877 4188 2141 4259; x_wconf 89' lang='lat' dir='ltr'><strong>quoniam</strong></span> 
     </span>
    </p>
   </div>
   <div class='ocr_carea' id='block_1_71' title="bbox 563 4279 2143 4354">
    <p class='ocr_par' dir='ltr' id='par_1_71' title="bbox 563 4279 2143 4354">
     <span class='ocr_line' id='line_1_71' title="bbox 563 4279 2143 4354; baseline -0.001 -18"><span class='ocrx_word' id='word_1_528' title='bbox 563 4281 787 4340; x_wconf 77' lang='lat' dir='ltr'><strong>assidue</strong></span> <span class='ocrx_word' id='word_1_529' title='bbox 815 4282 1226 4354; x_wconf 80' lang='lat' dir='ltr'><strong>circumagitur.</strong></span> <span class='ocrx_word' id='word_1_530' title='bbox 1259 4282 1368 4338; x_wconf 83' lang='lat' dir='ltr'><strong>Aer</strong></span> <span class='ocrx_word' id='word_1_531' title='bbox 1392 4281 1460 4337; x_wconf 85' lang='lat' dir='ltr'><strong>ab</strong></span> <span class='ocrx_word' id='word_1_532' title='bbox 1478 4295 1544 4337; x_wconf 92' lang='lat' dir='ltr'><strong>eo</strong></span> <span class='ocrx_word' id='word_1_533' title='bbox 1575 4279 1725 4351; x_wconf 90' lang='lat' dir='ltr'><strong>quod</strong></span> <span class='ocrx_word' id='word_1_534' title='bbox 1753 4289 1838 4337; x_wconf 88' lang='lat' dir='ltr'><strong>est</strong></span> <span class='ocrx_word' id='word_1_535' title='bbox 1859 4280 1998 4345; x_wconf 84' lang='grc' dir='ltr'>ἄειν,</span> <span class='ocrx_word' id='word_1_536' title='bbox 2031 4281 2143 4335; x_wconf 85' lang='grc' dir='ltr'>Ιιυο</span> 
     </span>
    </p>
   </div>
   <div class='ocr_carea' id='block_1_72' title="bbox 2239 3074 3788 3156">
    <p class='ocr_par' dir='ltr' id='par_1_72' title="bbox 2239 3074 3788 3156">
     <span class='ocr_line' id='line_1_72' title="bbox 2239 3074 3788 3156; baseline -0.01 -18"><span class='ocrx_word' id='word_1_537' title='bbox 2239 3084 2406 3156; x_wconf 83' lang='grc' dir='ltr'>τάτην</span> <span class='ocrx_word' id='word_1_538' title='bbox 2450 3083 2508 3136; x_wconf 78' lang='grc' dir='ltr'><strong>δὲ</strong></span> <span class='ocrx_word' id='word_1_539' title='bbox 2551 3082 2650 3154; x_wconf 82' lang='grc' dir='ltr'><strong>τὴν</strong></span> <span class='ocrx_word' id='word_1_540' title='bbox 2684 3081 2810 3153; x_wconf 77' lang='grc' dir='ltr'>γῆν,</span> <span class='ocrx_word' id='word_1_541' title='bbox 2859 3081 3082 3152; x_wconf 82' lang='grc' dir='ltr'>κέντρου</span> <span class='ocrx_word' id='word_1_542' title='bbox 3127 3081 3220 3134; x_wconf 70' lang='grc' dir='ltr'>καὶ</span> <span class='ocrx_word' id='word_1_543' title='bbox 3255 3077 3484 3149; x_wconf 70' lang='grc' dir='ltr'>σημείου</span> <span class='ocrx_word' id='word_1_544' title='bbox 3529 3075 3676 3141; x_wconf 82' lang='grc' dir='ltr'>τάξιν</span> <span class='ocrx_word' id='word_1_545' title='bbox 3714 3074 3788 3124; x_wconf 83' lang='grc' dir='ltr'>ἐπ-</span> 
     </span>
    </p>
   </div>
   <div class='ocr_carea' id='block_1_73' title="bbox 2240 3165 3789 3247">
    <p class='ocr_par' dir='ltr' id='par_1_73' title="bbox 2240 3165 3789 3247">
     <span class='ocr_line' id='line_1_73' title="bbox 2240 3165 3789 3247; baseline -0.01 -17"><span class='ocrx_word' id='word_1_546' title='bbox 2240 3176 2496 3247; x_wconf 85' lang='grc' dir='ltr'>έχουσαν·</span> <span class='ocrx_word' id='word_1_547' title='bbox 2529 3173 2729 3245; x_wconf 82' lang='grc' dir='ltr'>μεταξύ</span> <span class='ocrx_word' id='word_1_548' title='bbox 2758 3172 2816 3226; x_wconf 77' lang='grc' dir='ltr'>δὲ</span> <span class='ocrx_word' id='word_1_549' title='bbox 2843 3171 3011 3244; x_wconf 80' lang='grc' dir='ltr'>αὐτῆς</span> <span class='ocrx_word' id='word_1_550' title='bbox 3045 3172 3137 3224; x_wconf 76' lang='grc' dir='ltr'><strong>καὶ</strong></span> <span class='ocrx_word' id='word_1_551' title='bbox 3163 3170 3254 3223; x_wconf 84' lang='grc' dir='ltr'>τοῦ</span> <span class='ocrx_word' id='word_1_552' title='bbox 3279 3167 3511 3238; x_wconf 79' lang='grc' dir='ltr'>οὐρανοῦ</span> <span class='ocrx_word' id='word_1_553' title='bbox 3537 3165 3719 3235; x_wconf 79' lang='grc' dir='ltr'>αἰθέρα</span> <span class='ocrx_word' id='word_1_554' title='bbox 3745 3177 3789 3212; x_wconf 81' lang='grc' dir='ltr'><strong>τε</strong></span> 
     </span>
    </p>
   </div>
   <div class='ocr_carea' id='block_1_74' title="bbox 2239 3253 3790 3334">
    <p class='ocr_par' dir='ltr' id='par_1_74' title="bbox 2239 3253 3790 3334">
     <span class='ocr_line' id='line_1_74' title="bbox 2239 3253 3790 3334; baseline -0.01 -14"><span class='ocrx_word' id='word_1_555' title='bbox 2239 3264 2401 3320; x_wconf 76' lang='grc' dir='ltr'>αὐτὸν</span> <span class='ocrx_word' id='word_1_556' title='bbox 2435 3259 2595 3330; x_wconf 84' lang='grc' dir='ltr'>εἶναι,</span> <span class='ocrx_word' id='word_1_557' title='bbox 2626 3262 2722 3316; x_wconf 77' lang='grc' dir='ltr'>καὶ</span> <span class='ocrx_word' id='word_1_558' title='bbox 2753 3263 2912 3334; x_wconf 89' lang='grc' dir='ltr'>ἀέρα,</span> <span class='ocrx_word' id='word_1_559' title='bbox 2941 3262 3035 3315; x_wconf 68' lang='grc' dir='ltr'><strong>καὶ</strong></span> <span class='ocrx_word' id='word_1_560' title='bbox 3066 3260 3208 3331; x_wconf 72' lang='grc' dir='ltr'><strong>ὕδωρ</strong></span> <span class='ocrx_word' id='word_1_561' title='bbox 3253 3257 3561 3330; x_wconf 79' lang='grc' dir='ltr'>σφαιρικῶς</span> <span class='ocrx_word' id='word_1_562' title='bbox 3594 3257 3680 3309; x_wconf 85' lang='grc' dir='ltr'>ὐπ’</span> <span class='ocrx_word' id='word_1_563' title='bbox 3719 3253 3790 3305; x_wconf 77' lang='grc' dir='ltr'>ἀλ·</span> 
     </span>
    </p>
   </div>
   <div class='ocr_carea' id='block_1_75' title="bbox 2237 3348 3791 3430">
    <p class='ocr_par' dir='ltr' id='par_1_75' title="bbox 2237 3348 3791 3430">
     <span class='ocr_line' id='line_1_75' title="bbox 2237 3348 3791 3430; baseline -0.01 -19"><span class='ocrx_word' id='word_1_564' title='bbox 2237 3358 2414 3430; x_wconf 84' lang='grc' dir='ltr'>λήλων</span> <span class='ocrx_word' id='word_1_565' title='bbox 2453 3358 2708 3428; x_wconf 87' lang='grc' dir='ltr'>ἐχόμενα.</span> <span class='ocrx_word' id='word_1_566' title='bbox 2751 3355 2973 3426; x_wconf 82' lang='grc' dir='ltr'>Κόσμον</span> <span class='ocrx_word' id='word_1_567' title='bbox 3013 3352 3069 3406; x_wconf 84' lang='grc' dir='ltr'><strong>δὲ</strong></span> <span class='ocrx_word' id='word_1_568' title='bbox 3109 3351 3207 3423; x_wconf 83' lang='grc' dir='ltr'>τὴν</span> <span class='ocrx_word' id='word_1_569' title='bbox 3240 3350 3351 3404; x_wconf 83' lang='grc' dir='ltr'>τῶν</span> <span class='ocrx_word' id='word_1_570' title='bbox 3394 3351 3531 3404; x_wconf 87' lang='grc' dir='ltr'>ὅλων</span> <span class='ocrx_word' id='word_1_571' title='bbox 3565 3348 3791 3402; x_wconf 80' lang='grc' dir='ltr'>σύστασιν</span> 
     </span>
    </p>
   </div>
   <div class='ocr_carea' id='block_1_76' title="bbox 2239 3440 3792 3522">
    <p class='ocr_par' dir='ltr' id='par_1_76' title="bbox 2239 3440 3792 3522">
     <span class='ocr_line' id='line_1_76' title="bbox 2239 3440 3792 3522; baseline -0.008 -20"><span class='ocrx_word' id='word_1_572' title='bbox 2239 3450 2392 3522; x_wconf 82' lang='grc' dir='ltr'>παρὰ</span> <span class='ocrx_word' id='word_1_573' title='bbox 2418 3450 2516 3522; x_wconf 83' lang='grc' dir='ltr'>τὴν</span> <span class='ocrx_word' id='word_1_574' title='bbox 2545 3447 2908 3519; x_wconf 82' lang='grc' dir='ltr'>διακόσμησιν</span> <span class='ocrx_word' id='word_1_575' title='bbox 2941 3445 3037 3501; x_wconf 71' lang='grc' dir='ltr'><strong>καὶ</strong></span> <span class='ocrx_word' id='word_1_576' title='bbox 3070 3443 3325 3511; x_wconf 80' lang='grc' dir='ltr'>εὐταξίαν</span> <span class='ocrx_word' id='word_1_577' title='bbox 3354 3442 3619 3497; x_wconf 74' lang='grc' dir='ltr'>ἐκάλεσαν</span> <span class='ocrx_word' id='word_1_578' title='bbox 3648 3440 3692 3492; x_wconf 84' lang='lat' dir='ltr'><strong>oi</strong></span> <span class='ocrx_word' id='word_1_579' title='bbox 3716 3452 3792 3488; x_wconf 75' lang='lat' dir='ltr'><strong>m-</strong></span> 
     </span>
    </p>
   </div>
   <div class='ocr_carea' id='block_1_77' title="bbox 2237 3541 2967 3612">
    <p class='ocr_par' dir='ltr' id='par_1_77' title="bbox 2237 3541 2967 3612">
     <span class='ocr_line' id='line_1_77' title="bbox 2237 3541 2967 3612; baseline 0.01 -15"><span class='ocrx_word' id='word_1_580' title='bbox 2237 3543 2377 3597; x_wconf 82' lang='grc' dir='ltr'>λαιοί</span> <span class='ocrx_word' id='word_1_581' title='bbox 2401 3559 2415 3573; x_wconf 91' lang='grc'><strong>·</strong></span> <span class='ocrx_word' id='word_1_582' title='bbox 2446 3543 2521 3606; x_wconf 81' lang='grc' dir='ltr'>ὡς</span> <span class='ocrx_word' id='word_1_583' title='bbox 2552 3542 2646 3596; x_wconf 83' lang='grc' dir='ltr'><strong>καὶ</strong></span> <span class='ocrx_word' id='word_1_584' title='bbox 2681 3541 2930 3612; x_wconf 82' lang='grc' dir='ltr'>Ὅμηρος</span> <span class='ocrx_word' id='word_1_585' title='bbox 2951 3556 2967 3570; x_wconf 87' lang='grc'><strong>⁸</strong></span> 
     </span>
    </p>
   </div>
   <div class='ocr_carea' id='block_1_78' title="bbox 2239 3647 3678 3723">
    <p class='ocr_par' dir='ltr' id='par_1_78' title="bbox 2239 3647 3678 3723">
     <span class='ocr_line' id='line_1_78' title="bbox 2239 3647 3678 3723; baseline -0.007 -15"><span class='ocrx_word' id='word_1_586' title='bbox 2239 3652 2557 3723; x_wconf 83' lang='grc' dir='ltr'>Κοσμῆσαι</span> <span class='ocrx_word' id='word_1_587' title='bbox 2583 3654 2806 3718; x_wconf 78' lang='grc' dir='ltr'>ἵππους</span> <span class='ocrx_word' id='word_1_588' title='bbox 2826 3669 2890 3706; x_wconf 84' lang='grc' dir='ltr'><strong>τε</strong></span> <span class='ocrx_word' id='word_1_589' title='bbox 2913 3651 3009 3705; x_wconf 80' lang='grc' dir='ltr'>καὶ</span> <span class='ocrx_word' id='word_1_590' title='bbox 3035 3649 3261 3719; x_wconf 76' lang='grc' dir='ltr'>ἄνδρας</span> <span class='ocrx_word' id='word_1_591' title='bbox 3285 3647 3649 3710; x_wconf 76' lang='grc' dir='ltr'>ἀσπιδιώτας</span> <span class='ocrx_word' id='word_1_592' title='bbox 3664 3659 3678 3672; x_wconf 89' lang='grc'>·</span> 
     </span>
    </p>
   </div>
   <div class='ocr_carea' id='block_1_79' title="bbox 2241 3761 2548 3816">
    <p class='ocr_par' dir='ltr' id='par_1_79' title="bbox 2241 3761 2548 3816">
     <span class='ocr_line' id='line_1_79' title="bbox 2241 3761 2548 3816; baseline -0.003 0"><span class='ocrx_word' id='word_1_593' title='bbox 2241 3763 2338 3816; x_wconf 71' lang='grc' dir='ltr'>καὶ</span> <span class='ocrx_word' id='word_1_594' title='bbox 2359 3761 2519 3816; x_wconf 83' lang='grc' dir='ltr'>πάλιν</span> <span class='ocrx_word' id='word_1_595' title='bbox 2534 3780 2548 3793; x_wconf 75' lang='grc' dir='ltr'><strong>ο</strong></span> 
     </span>
    </p>
   </div>
   <div class='ocr_carea' id='block_1_80' title="bbox 2241 3871 3791 3946">
    <p class='ocr_par' dir='ltr' id='par_1_80' title="bbox 2241 3871 3791 3946">
     <span class='ocr_line' id='line_1_80' title="bbox 2241 3871 3791 3946; baseline -0.002 -17"><span class='ocrx_word' id='word_1_596' title='bbox 2241 3875 2438 3945; x_wconf 82' lang='grc' dir='ltr'>Αὐτὰρ</span> <span class='ocrx_word' id='word_1_597' title='bbox 2483 3877 2611 3930; x_wconf 78' lang='grc' dir='ltr'>ἐπεὶ</span> <span class='ocrx_word' id='word_1_598' title='bbox 2641 3878 2950 3946; x_wconf 74' lang='grc' dir='ltr'>κόσμηθεν</span> <span class='ocrx_word' id='word_1_599' title='bbox 2978 3873 3076 3944; x_wconf 83' lang='grc' dir='ltr'><strong>ἅμ’</strong></span> <span class='ocrx_word' id='word_1_600' title='bbox 3111 3875 3519 3943; x_wconf 75' lang='grc' dir='ltr'>ἡγεμόνεσσιν</span> <span class='ocrx_word' id='word_1_601' title='bbox 3556 3871 3791 3926; x_wconf 67' lang='grc' dir='ltr'>ἕκαστοι.</span> 
     </span>
    </p>
   </div>
   <div class='ocr_carea' id='block_1_81' title="bbox 2240 4005 3792 4088">
    <p class='ocr_par' dir='ltr' id='par_1_81' title="bbox 2240 4005 3792 4088">
     <span class='ocr_line' id='line_1_81' title="bbox 2240 4005 3792 4088; baseline -0.006 -20"><span class='ocrx_word' id='word_1_602' title='bbox 2240 4015 2338 4088; x_wconf 76' lang='grc' dir='ltr'>τὴν</span> <span class='ocrx_word' id='word_1_603' title='bbox 2378 4013 2629 4081; x_wconf 75' lang='grc' dir='ltr'>εὐταξίαν</span> <span class='ocrx_word' id='word_1_604' title='bbox 2670 4012 2863 4082; x_wconf 84' lang='grc' dir='ltr'>λέγων.</span> <span class='ocrx_word' id='word_1_605' title='bbox 2909 4011 3084 4084; x_wconf 73' lang='grc' dir='ltr'>Αἰθὴρ</span> <span class='ocrx_word' id='word_1_606' title='bbox 3125 4012 3184 4066; x_wconf 79' lang='grc' dir='ltr'><strong>δὲ</strong></span> <span class='ocrx_word' id='word_1_607' title='bbox 3216 4011 3441 4080; x_wconf 86' lang='grc' dir='ltr'>λέγεται</span> <span class='ocrx_word' id='word_1_608' title='bbox 3470 4012 3576 4065; x_wconf 85' lang='grc' dir='ltr'><strong>ἀπὸ</strong></span> <span class='ocrx_word' id='word_1_609' title='bbox 3598 4008 3685 4063; x_wconf 77' lang='grc' dir='ltr'>τοῦ</span> <span class='ocrx_word' id='word_1_610' title='bbox 3722 4005 3792 4058; x_wconf 79' lang='grc' dir='ltr'>αἴ-</span> 
     </span>
    </p>
   </div>
   <div class='ocr_carea' id='block_1_82' title="bbox 2243 4099 3794 4179">
    <p class='ocr_par' dir='ltr' id='par_1_82' title="bbox 2243 4099 3794 4179">
     <span class='ocr_line' id='line_1_82' title="bbox 2243 4099 3794 4179; baseline -0.008 -18"><span class='ocrx_word' id='word_1_611' title='bbox 2243 4107 2389 4161; x_wconf 88' lang='grc' dir='ltr'>θειν·</span> <span class='ocrx_word' id='word_1_612' title='bbox 2435 4105 2690 4179; x_wconf 85' lang='grc' dir='ltr'>πυρώδης</span> <span class='ocrx_word' id='word_1_613' title='bbox 2735 4107 2844 4178; x_wconf 79' lang='grc' dir='ltr'><strong>γάρ</strong></span> <span class='ocrx_word' id='word_1_614' title='bbox 2880 4107 3063 4159; x_wconf 85' lang='grc' dir='ltr'>ἐστιν·</span> <span class='ocrx_word' id='word_1_615' title='bbox 3109 4105 3142 4177; x_wconf 80' lang='grc' dir='ltr'><strong>ἢ</strong></span> <span class='ocrx_word' id='word_1_616' title='bbox 3188 4105 3299 4158; x_wconf 82' lang='grc' dir='ltr'><strong>ἀπὸ</strong></span> <span class='ocrx_word' id='word_1_617' title='bbox 3330 4106 3426 4159; x_wconf 80' lang='grc' dir='ltr'>τοῦ</span> <span class='ocrx_word' id='word_1_618' title='bbox 3471 4104 3556 4158; x_wconf 75' lang='grc' dir='ltr'>ἀεὶ</span> <span class='ocrx_word' id='word_1_619' title='bbox 3583 4103 3687 4156; x_wconf 84' lang='grc' dir='ltr'>θεῖν</span> <span class='ocrx_word' id='word_1_620' title='bbox 3717 4099 3794 4152; x_wconf 81' lang='grc' dir='ltr'>καὶ</span> 
     </span>
    </p>
   </div>
   <div class='ocr_carea' id='block_1_83' title="bbox 2242 4190 3792 4273">
    <p class='ocr_par' dir='ltr' id='par_1_83' title="bbox 2242 4190 3792 4273">
     <span class='ocr_line' id='line_1_83' title="bbox 2242 4190 3792 4273; baseline -0.008 -19"><span class='ocrx_word' id='word_1_621' title='bbox 2242 4201 2448 4273; x_wconf 83' lang='grc' dir='ltr'>ὁρμᾷν·</span> <span class='ocrx_word' id='word_1_622' title='bbox 2501 4198 2685 4270; x_wconf 79' lang='grc' dir='ltr'>ἐπειδὴ</span> <span class='ocrx_word' id='word_1_623' title='bbox 2721 4199 2809 4253; x_wconf 76' lang='grc' dir='ltr'>ἀεὶ</span> <span class='ocrx_word' id='word_1_624' title='bbox 2856 4198 3240 4271; x_wconf 83' lang='grc' dir='ltr'>περιφέρεται.</span> <span class='ocrx_word' id='word_1_625' title='bbox 3286 4199 3421 4271; x_wconf 80' lang='grc' dir='ltr'><strong>’Δὴρ</strong></span> <span class='ocrx_word' id='word_1_626' title='bbox 3471 4196 3528 4250; x_wconf 84' lang='grc' dir='ltr'><strong>δὲ</strong></span> <span class='ocrx_word' id='word_1_627' title='bbox 3575 4194 3678 4249; x_wconf 78' lang='grc' dir='ltr'><strong>ἀπὸ</strong></span> <span class='ocrx_word' id='word_1_628' title='bbox 3719 4190 3792 4243; x_wconf 76' lang='grc' dir='ltr'>τοῦ</span> 
     </span>
    </p>
   </div>
   <div class='ocr_carea' id='block_1_84' title="bbox 2243 4283 3791 4364">
    <p class='ocr_par' dir='ltr' id='par_1_84' title="bbox 2243 4283 3791 4364">
     <span class='ocr_line' id='line_1_84' title="bbox 2243 4283 3791 4364; baseline -0.009 -15"><span class='ocrx_word' id='word_1_629' title='bbox 2243 4295 2390 4349; x_wconf 74' lang='grc' dir='ltr'>ἀεινο</span> <span class='ocrx_word' id='word_1_630' title='bbox 2417 4292 2533 4347; x_wconf 79' lang='grc' dir='ltr'>ἀειν</span> <span class='ocrx_word' id='word_1_631' title='bbox 2564 4292 2672 4364; x_wconf 87' lang='grc' dir='ltr'><strong>γὰρ</strong></span> <span class='ocrx_word' id='word_1_632' title='bbox 2715 4291 2778 4345; x_wconf 82' lang='grc' dir='ltr'><strong>τὸ</strong></span> <span class='ocrx_word' id='word_1_633' title='bbox 2832 4295 3005 4347; x_wconf 88' lang='grc' dir='ltr'>πνεῖν.</span> <span class='ocrx_word' id='word_1_634' title='bbox 3056 4291 3300 4364; x_wconf 82' lang='grc' dir='ltr'>Οὐρανὸς</span> <span class='ocrx_word' id='word_1_635' title='bbox 3335 4292 3392 4345; x_wconf 85' lang='grc' dir='ltr'><strong>δὲ</strong></span> <span class='ocrx_word' id='word_1_636' title='bbox 3435 4291 3553 4345; x_wconf 83' lang='grc' dir='ltr'>ὅθεν</span> <span class='ocrx_word' id='word_1_637' title='bbox 3594 4283 3791 4356; x_wconf 68' lang='grc' dir='ltr'>ἐκλήθη,</span> 
     </span>
    </p>
   </div>
   <div class='ocr_carea' id='block_1_85' title="bbox 560 4372 2138 4457">
    <p class='ocr_par' dir='ltr' id='par_1_85' title="bbox 560 4372 2134 4444">
     <span class='ocr_line' id='line_1_85' title="bbox 560 4372 2134 4444; baseline 0 -14"><span class='ocrx_word' id='word_1_638' title='bbox 560 4381 649 4430; x_wconf 86' lang='lat' dir='ltr'><strong>est</strong></span> <span class='ocrx_word' id='word_1_639' title='bbox 679 4372 832 4437; x_wconf 81' lang='lat' dir='ltr'><strong>ﬂare.</strong></span> <span class='ocrx_word' id='word_1_640' title='bbox 861 4387 1063 4430; x_wconf 88' lang='lat' dir='ltr'><strong>nomen</strong></span> <span class='ocrx_word' id='word_1_641' title='bbox 1094 4374 1316 4444; x_wconf 88' lang='lat' dir='ltr'><strong>accipit.</strong></span> <span class='ocrx_word' id='word_1_642' title='bbox 1339 4373 1552 4430; x_wconf 80' lang='lat' dir='ltr'><strong>Caelum</strong></span> <span class='ocrx_word' id='word_1_643' title='bbox 1583 4373 1730 4430; x_wconf 92' lang='lat' dir='ltr'><strong>unde</strong></span> <span class='ocrx_word' id='word_1_644' title='bbox 1755 4384 2009 4431; x_wconf 86' lang='lat' dir='ltr'><strong>vocatum</strong></span> <span class='ocrx_word' id='word_1_645' title='bbox 2042 4376 2134 4442; x_wconf 92' lang='lat' dir='ltr'><strong>sit,</strong></span> 
     </span>
    </p>
   </div>
   <div class='ocr_carea' id='block_1_86' title="bbox 2243 4372 2592 4457">
    <p class='ocr_par' dir='ltr' id='par_1_86' title="bbox 2247 4386 2592 4457">
     <span class='ocr_line' id='line_1_86' title="bbox 2247 4386 2592 4457; baseline 0.014 -19"><span class='ocrx_word' id='word_1_646' title='bbox 2247 4386 2592 4457; x_wconf 80' lang='grc' dir='ltr'>προείρηται.</span> 
     </span>
    </p>
   </div>
   <div class='ocr_carea' id='block_1_87' title="bbox 563 4463 1301 4536">
    <p class='ocr_par' dir='ltr' id='par_1_87' title="bbox 563 4463 1301 4536">
     <span class='ocr_line' id='line_1_87' title="bbox 563 4463 1301 4536; baseline 0.003 -18"><span class='ocrx_word' id='word_1_647' title='bbox 563 4463 729 4536; x_wconf 86' lang='lat' dir='ltr'><strong>paulo</strong></span> <span class='ocrx_word' id='word_1_648' title='bbox 765 4469 892 4519; x_wconf 86' lang='lat' dir='ltr'><strong>ante</strong></span> <span class='ocrx_word' id='word_1_649' title='bbox 927 4465 1301 4521; x_wconf 90' lang='lat' dir='ltr'><strong>meminimus.</strong></span> 
     </span>
    </p>
   </div>
   <div class='ocr_carea' id='block_1_88' title="bbox 635 4555 2138 4628">
    <p class='ocr_par' dir='ltr' id='par_1_88' title="bbox 635 4555 2138 4628">
     <span class='ocr_line' id='line_1_88' title="bbox 635 4555 2138 4628; baseline 0.001 -18"><span class='ocrx_word' id='word_1_650' title='bbox 635 4555 736 4611; x_wconf 86' lang='lat' dir='ltr'><strong>Hic</strong></span> <span class='ocrx_word' id='word_1_651' title='bbox 766 4571 799 4610; x_wconf 89' lang='lat' dir='ltr'><strong>a</strong></span> <span class='ocrx_word' id='word_1_652' title='bbox 842 4556 1121 4611; x_wconf 87' lang='lat' dir='ltr'><strong>nonnullis</strong></span> <span class='ocrx_word' id='word_1_653' title='bbox 1165 4557 1455 4626; x_wconf 83' lang='lat' dir='ltr'><strong>quaeritur,</strong></span> <span class='ocrx_word' id='word_1_654' title='bbox 1485 4571 1586 4612; x_wconf 90' lang='lat' dir='ltr'><strong>cur</strong></span> <span class='ocrx_word' id='word_1_655' title='bbox 1631 4573 1756 4611; x_wconf 90' lang='lat' dir='ltr'><strong>cum</strong></span> <span class='ocrx_word' id='word_1_656' title='bbox 1789 4556 1978 4628; x_wconf 81' lang='lat' dir='ltr'><strong>ignitae</strong></span> <span class='ocrx_word' id='word_1_657' title='bbox 2025 4559 2138 4614; x_wconf 90' lang='lat' dir='ltr'><strong>sint</strong></span> 
     </span>
    </p>
   </div>
   <div class='ocr_carea' id='block_1_89' title="bbox 563 4649 2136 4720">
    <p class='ocr_par' dir='ltr' id='par_1_89' title="bbox 563 4649 2136 4720">
     <span class='ocr_line' id='line_1_89' title="bbox 563 4649 2136 4720; baseline 0.001 -15"><span class='ocrx_word' id='word_1_658' title='bbox 563 4649 768 4716; x_wconf 71' lang='lat' dir='ltr'><strong>stellas,</strong></span> <span class='ocrx_word' id='word_1_659' title='bbox 819 4663 1167 4720; x_wconf 85' lang='lat' dir='ltr'><strong>nequaquam</strong></span> <span class='ocrx_word' id='word_1_660' title='bbox 1215 4664 1316 4705; x_wconf 91' lang='lat' dir='ltr'><strong>nos</strong></span> <span class='ocrx_word' id='word_1_661' title='bbox 1373 4650 1490 4705; x_wconf 91' lang='lat' dir='ltr'><strong>suis</strong></span> <span class='ocrx_word' id='word_1_662' title='bbox 1533 4649 1822 4706; x_wconf 87' lang='lat' dir='ltr'><strong>ardoribus</strong></span> <span class='ocrx_word' id='word_1_663' title='bbox 1869 4659 2136 4706; x_wconf 81' lang='lat' dir='ltr'><strong>exurant.</strong></span> 
     </span>
    </p>
   </div>
   <div class='ocr_carea' id='block_1_90' title="bbox 2309 4555 3792 4635">
    <p class='ocr_par' dir='ltr' id='par_1_90' title="bbox 2309 4555 3792 4635">
     <span class='ocr_line' id='line_1_90' title="bbox 2309 4555 3792 4635; baseline -0.001 -18"><span class='ocrx_word' id='word_1_664' title='bbox 2309 4564 2539 4635; x_wconf 77' lang='grc' dir='ltr'>Ζητοῦσι</span> <span class='ocrx_word' id='word_1_665' title='bbox 2564 4564 2807 4627; x_wconf 86' lang='grc' dir='ltr'>δέτινες,</span> <span class='ocrx_word' id='word_1_666' title='bbox 2833 4564 2880 4616; x_wconf 89' lang='grc' dir='ltr'>εἱ</span> <span class='ocrx_word' id='word_1_667' title='bbox 2902 4563 3168 4634; x_wconf 84' lang='grc' dir='ltr'>πυρώδεις</span> <span class='ocrx_word' id='word_1_668' title='bbox 3193 4562 3330 4616; x_wconf 73' lang='grc' dir='ltr'>εἰσὶν</span> <span class='ocrx_word' id='word_1_669' title='bbox 3359 4564 3407 4615; x_wconf 84' lang='grc' dir='ltr'><strong>οί</strong></span> <span class='ocrx_word' id='word_1_670' title='bbox 3435 4559 3670 4632; x_wconf 84' lang='grc' dir='ltr'>ἀστέρες,</span> 
     </span>
    </p>
   </div>
   <div class='ocr_carea' id='block_1_91' title="bbox 2244 4647 3790 4726">
    <p class='ocr_par' dir='ltr' id='par_1_91' title="bbox 2244 4647 3790 4726">
     <span class='ocr_line' id='line_1_91' title="bbox 2244 4647 3790 4726; baseline -0.007 -16"><span class='ocrx_word' id='word_1_671' title='bbox 2244 4658 2304 4711; x_wconf 85' lang='grc' dir='ltr'><strong>οὐ</strong></span> <span class='ocrx_word' id='word_1_672' title='bbox 2339 4656 2514 4708; x_wconf 87' lang='grc' dir='ltr'>καίειν</span> <span class='ocrx_word' id='word_1_673' title='bbox 2547 4657 2694 4726; x_wconf 79' lang='grc' dir='ltr'>ἡμᾶς</span> <span class='ocrx_word' id='word_1_674' title='bbox 2721 4656 3020 4725; x_wconf 87' lang='grc' dir='ltr'>φαίνονται.</span> <span class='ocrx_word' id='word_1_675' title='bbox 3057 4655 3308 4724; x_wconf 81' lang='grc' dir='ltr'>Λέγομεν</span> <span class='ocrx_word' id='word_1_676' title='bbox 3338 4650 3452 4719; x_wconf 77' lang='grc' dir='ltr'>οὖν,</span> <span class='ocrx_word' id='word_1_677' title='bbox 3483 4653 3556 4714; x_wconf 87' lang='grc' dir='ltr'>ὡς</span> <span class='ocrx_word' id='word_1_678' title='bbox 3583 4649 3682 4703; x_wconf 78' lang='grc' dir='ltr'>είσὶ</span> <span class='ocrx_word' id='word_1_679' title='bbox 3712 4647 3790 4718; x_wconf 77' lang='grc' dir='ltr'>μὲν</span> 
     </span>
    </p>
   </div>
   <div class='ocr_carea' id='block_1_92' title="bbox 562 4737 2141 4813">
    <p class='ocr_par' dir='ltr' id='par_1_92' title="bbox 562 4737 2141 4813">
     <span class='ocr_line' id='line_1_92' title="bbox 562 4737 2141 4813; baseline 0.002 -19"><span class='ocrx_word' id='word_1_680' title='bbox 562 4737 998 4812; x_wconf 80' lang='lat' dir='ltr'><strong>Respondemus,</strong></span> <span class='ocrx_word' id='word_1_681' title='bbox 1027 4755 1194 4810; x_wconf 90' lang='lat' dir='ltr'><strong>supra</strong></span> <span class='ocrx_word' id='word_1_682' title='bbox 1226 4749 1426 4795; x_wconf 85' lang='lat' dir='ltr'><strong>terram</strong></span> <span class='ocrx_word' id='word_1_683' title='bbox 1455 4740 1578 4796; x_wconf 83' lang='lat' dir='ltr'><strong>illas</strong></span> <span class='ocrx_word' id='word_1_684' title='bbox 1607 4757 1731 4798; x_wconf 91' lang='lat' dir='ltr'><strong>esse</strong></span> <span class='ocrx_word' id='word_1_685' title='bbox 1759 4742 2004 4813; x_wconf 79' lang='lat' dir='ltr'><strong>quidem,</strong></span> <span class='ocrx_word' id='word_1_686' title='bbox 2043 4742 2141 4798; x_wconf 90' lang='lat' dir='ltr'><strong>sed</strong></span> 
     </span>
    </p>
   </div>
   <div class='ocr_carea' id='block_1_93' title="bbox 563 4831 2142 4901">
    <p class='ocr_par' dir='ltr' id='par_1_93' title="bbox 563 4831 2142 4901">
     <span class='ocr_line' id='line_1_93' title="bbox 563 4831 2142 4901; baseline 0.001 -11"><span class='ocrx_word' id='word_1_687' title='bbox 563 4833 851 4890; x_wconf 83' lang='lat' dir='ltr'><strong>obscurari</strong></span> <span class='ocrx_word' id='word_1_688' title='bbox 888 4833 1020 4888; x_wconf 91' lang='lat' dir='ltr'><strong>solis</strong></span> <span class='ocrx_word' id='word_1_689' title='bbox 1049 4831 1254 4898; x_wconf 87' lang='lat' dir='ltr'><strong>radiis,</strong></span> <span class='ocrx_word' id='word_1_690' title='bbox 1301 4840 1356 4888; x_wconf 90' lang='lat' dir='ltr'><strong>et</strong></span> <span class='ocrx_word' id='word_1_691' title='bbox 1395 4833 1658 4888; x_wconf 84' lang='lat' dir='ltr'><strong>hebetari.</strong></span> <span class='ocrx_word' id='word_1_692' title='bbox 1705 4833 1984 4901; x_wconf 85' lang='lat' dir='ltr'><strong>Quocirca</strong></span> <span class='ocrx_word' id='word_1_693' title='bbox 2040 4851 2142 4892; x_wconf 69' lang='grc' dir='ltr'><strong>εω-</strong></span> 
     </span>
    </p>
   </div>
   <div class='ocr_carea' id='block_1_94' title="bbox 563 4925 2139 5000">
    <p class='ocr_par' dir='ltr' id='par_1_94' title="bbox 563 4925 2139 5000">
     <span class='ocr_line' id='line_1_94' title="bbox 563 4925 2139 5000; baseline 0.003 -17"><span class='ocrx_word' id='word_1_694' title='bbox 563 4941 862 5000; x_wconf 90' lang='lat' dir='ltr'><strong>penumero</strong></span> <span class='ocrx_word' id='word_1_695' title='bbox 889 4926 957 4982; x_wconf 86' lang='lat' dir='ltr'><strong>de</strong></span> <span class='ocrx_word' id='word_1_696' title='bbox 982 4925 1089 4991; x_wconf 91' lang='lat' dir='ltr'><strong>die,</strong></span> <span class='ocrx_word' id='word_1_697' title='bbox 1119 4941 1243 4980; x_wconf 91' lang='lat' dir='ltr'><strong>cum</strong></span> <span class='ocrx_word' id='word_1_698' title='bbox 1267 4926 1350 4981; x_wconf 90' lang='lat' dir='ltr'><strong>sol</strong></span> <span class='ocrx_word' id='word_1_699' title='bbox 1379 4925 1582 4992; x_wconf 81' lang='lat' dir='ltr'><strong>deﬁcit,</strong></span> <span class='ocrx_word' id='word_1_700' title='bbox 1609 4929 1798 4985; x_wconf 87' lang='lat' dir='ltr'><strong>stellas</strong></span> <span class='ocrx_word' id='word_1_701' title='bbox 1833 4930 2139 4988; x_wconf 89' lang='lat' dir='ltr'><strong>intuemur.</strong></span> 
     </span>
    </p>
   </div>
   <div class='ocr_carea' id='block_1_95' title="bbox 564 5015 2141 5088">
    <p class='ocr_par' dir='ltr' id='par_1_95' title="bbox 564 5015 2141 5088">
     <span class='ocr_line' id='line_1_95' title="bbox 564 5015 2141 5088; baseline 0.003 -17"><span class='ocrx_word' id='word_1_702' title='bbox 564 5017 781 5072; x_wconf 80' lang='lat' dir='ltr'><strong>Rursus</strong></span> <span class='ocrx_word' id='word_1_703' title='bbox 808 5016 1096 5086; x_wconf 71' lang='lat' dir='ltr'><strong>quaeritur,</strong></span> <span class='ocrx_word' id='word_1_704' title='bbox 1135 5016 1184 5072; x_wconf 88' lang='lat' dir='ltr'><strong>si</strong></span> <span class='ocrx_word' id='word_1_705' title='bbox 1225 5015 1404 5071; x_wconf 69' lang='lat' dir='ltr'><strong>inﬁxae</strong></span> <span class='ocrx_word' id='word_1_706' title='bbox 1437 5025 1565 5072; x_wconf 89' lang='lat' dir='ltr'><strong>sunt</strong></span> <span class='ocrx_word' id='word_1_707' title='bbox 1601 5020 1741 5075; x_wconf 82' lang='lat' dir='ltr'><strong>coelo</strong></span> <span class='ocrx_word' id='word_1_708' title='bbox 1791 5021 2000 5088; x_wconf 67' lang='lat' dir='ltr'><strong>stellae,</strong></span> <span class='ocrx_word' id='word_1_709' title='bbox 2040 5037 2141 5076; x_wconf 92' lang='lat' dir='ltr'><strong>cur</strong></span> 
     </span>
    </p>
   </div>
   <div class='ocr_carea' id='block_1_96' title="bbox 565 5103 2140 5168">
    <p class='ocr_par' dir='ltr' id='par_1_96' title="bbox 565 5103 2140 5168">
     <span class='ocr_line' id='line_1_96' title="bbox 565 5103 2140 5168; baseline 0.003 -7"><span class='ocrx_word' id='word_1_710' title='bbox 565 5115 735 5161; x_wconf 87' lang='lat' dir='ltr'><strong>noctu</strong></span> <span class='ocrx_word' id='word_1_711' title='bbox 775 5112 832 5161; x_wconf 93' lang='lat' dir='ltr'><strong>et</strong></span> <span class='ocrx_word' id='word_1_712' title='bbox 870 5103 1110 5160; x_wconf 89' lang='lat' dir='ltr'><strong>interdiu</strong></span> <span class='ocrx_word' id='word_1_713' title='bbox 1153 5105 1263 5160; x_wconf 88' lang='lat' dir='ltr'><strong>labi</strong></span> <span class='ocrx_word' id='word_1_714' title='bbox 1300 5121 1396 5162; x_wconf 89' lang='lat' dir='ltr'><strong>eas</strong></span> <span class='ocrx_word' id='word_1_715' title='bbox 1440 5123 1471 5164; x_wconf 93' lang='lat' dir='ltr'><strong>e</strong></span> <span class='ocrx_word' id='word_1_716' title='bbox 1513 5109 1655 5164; x_wconf 79' lang='lat' dir='ltr'><strong>cceio</strong></span> <span class='ocrx_word' id='word_1_717' title='bbox 1683 5110 1990 5168; x_wconf 87' lang='lat' dir='ltr'><strong>videamus.</strong></span> <span class='ocrx_word' id='word_1_718' title='bbox 2038 5111 2140 5167; x_wconf 89' lang='lat' dir='ltr'><strong>Cui</strong></span> 
     </span>
    </p>
   </div>
   <div class='ocr_carea' id='block_1_97' title="bbox 567 5197 2135 5273">
    <p class='ocr_par' dir='ltr' id='par_1_97' title="bbox 567 5197 2135 5273">
     <span class='ocr_line' id='line_1_97' title="bbox 567 5197 2135 5273; baseline 0.004 -20"><span class='ocrx_word' id='word_1_719' title='bbox 567 5198 650 5254; x_wconf 87' lang='lat' dir='ltr'><strong>sic</strong></span> <span class='ocrx_word' id='word_1_720' title='bbox 698 5197 1085 5254; x_wconf 87' lang='lat' dir='ltr'><strong>occurrimus:</strong></span> <span class='ocrx_word' id='word_1_721' title='bbox 1131 5212 1244 5253; x_wconf 92' lang='lat' dir='ltr'><strong>non</strong></span> <span class='ocrx_word' id='word_1_722' title='bbox 1294 5199 1445 5272; x_wconf 90' lang='lat' dir='ltr'><strong>ipsas</strong></span> <span class='ocrx_word' id='word_1_723' title='bbox 1495 5203 1693 5260; x_wconf 88' lang='lat' dir='ltr'><strong>cadere</strong></span> <span class='ocrx_word' id='word_1_724' title='bbox 1757 5204 1986 5273; x_wconf 87' lang='lat' dir='ltr'><strong>stellas,</strong></span> <span class='ocrx_word' id='word_1_725' title='bbox 2038 5205 2135 5260; x_wconf 89' lang='lat' dir='ltr'><strong>sed</strong></span> 
     </span>
    </p>
   </div>
   <div class='ocr_carea' id='block_1_98' title="bbox 567 5288 2136 5369">
    <p class='ocr_par' dir='ltr' id='par_1_98' title="bbox 567 5288 2136 5369">
     <span class='ocr_line' id='line_1_98' title="bbox 567 5288 2136 5369; baseline 0.004 -24"><span class='ocrx_word' id='word_1_726' title='bbox 567 5288 914 5361; x_wconf 84' lang='lat' dir='ltr'><strong>splendorem</strong></span> <span class='ocrx_word' id='word_1_727' title='bbox 941 5290 1227 5361; x_wconf 87' lang='lat' dir='ltr'><strong>quemdam</strong></span> <span class='ocrx_word' id='word_1_728' title='bbox 1266 5308 1336 5348; x_wconf 82' lang='lat' dir='ltr'><strong>ex</strong></span> <span class='ocrx_word' id='word_1_729' title='bbox 1382 5293 1489 5350; x_wconf 92' lang='lat' dir='ltr'><strong>illis</strong></span> <span class='ocrx_word' id='word_1_730' title='bbox 1532 5293 1831 5366; x_wconf 82' lang='lat' dir='ltr'><strong>proﬂuere;</strong></span> <span class='ocrx_word' id='word_1_731' title='bbox 1862 5304 2026 5369; x_wconf 89' lang='lat' dir='ltr'><strong>atque</strong></span> <span class='ocrx_word' id='word_1_732' title='bbox 2073 5305 2136 5352; x_wconf 91' lang='lat' dir='ltr'><strong>ut</strong></span> 
     </span>
    </p>
   </div>
   <div class='ocr_carea' id='block_1_99' title="bbox 567 5379 2142 5462">
    <p class='ocr_par' dir='ltr' id='par_1_99' title="bbox 567 5379 2142 5462">
     <span class='ocr_line' id='line_1_99' title="bbox 567 5379 2142 5462; baseline 0.006 -27"><span class='ocrx_word' id='word_1_733' title='bbox 567 5379 838 5445; x_wconf 81' lang='lat' dir='ltr'><strong>ventilati,</strong></span> <span class='ocrx_word' id='word_1_734' title='bbox 868 5389 964 5435; x_wconf 89' lang='lat' dir='ltr'><strong>aut</strong></span> <span class='ocrx_word' id='word_1_735' title='bbox 990 5381 1176 5454; x_wconf 75' lang='lat' dir='ltr'><strong>agitati</strong></span> <span class='ocrx_word' id='word_1_736' title='bbox 1207 5385 1477 5442; x_wconf 88' lang='lat' dir='ltr'><strong>carbones</strong></span> <span class='ocrx_word' id='word_1_737' title='bbox 1521 5395 1823 5444; x_wconf 89' lang='lat' dir='ltr'><strong>coruscant</strong></span> <span class='ocrx_word' id='word_1_738' title='bbox 1855 5389 2030 5462; x_wconf 79' lang='lat' dir='ltr'><strong>magis</strong></span> <span class='ocrx_word' id='word_1_739' title='bbox 2077 5405 2142 5445; x_wconf 86' lang='lat' dir='ltr'><strong>ac</strong></span> 
     </span>
    </p>
   </div>
   <div class='ocr_carea' id='block_1_100' title="bbox 569 5471 2139 5552">
    <p class='ocr_par' dir='ltr' id='par_1_100' title="bbox 569 5471 2139 5552">
     <span class='ocr_line' id='line_1_100' title="bbox 569 5471 2139 5552; baseline 0.008 -23"><span class='ocrx_word' id='word_1_740' title='bbox 569 5471 839 5536; x_wconf 66' lang='lat' dir='ltr'><strong>scintillas</strong></span> <span class='ocrx_word' id='word_1_741' title='bbox 863 5473 1148 5552; x_wconf 77' lang='lat' dir='ltr'><strong>evibrant&#39;,</strong></span> <span class='ocrx_word' id='word_1_742' title='bbox 1195 5478 1270 5534; x_wconf 90' lang='lat' dir='ltr'><strong>ita</strong></span> <span class='ocrx_word' id='word_1_743' title='bbox 1307 5479 1480 5536; x_wconf 68' lang='lat' dir='ltr'><strong>stella:</strong></span> <span class='ocrx_word' id='word_1_744' title='bbox 1514 5479 1766 5540; x_wconf 79' lang='lat' dir='ltr'><strong>obscurae</strong></span> <span class='ocrx_word' id='word_1_745' title='bbox 1801 5489 1932 5541; x_wconf 86' lang='lat' dir='ltr'><strong>sunt</strong></span> <span class='ocrx_word' id='word_1_746' title='bbox 1962 5483 2139 5541; x_wconf 87' lang='lat' dir='ltr'><strong>inter-</strong></span> 
     </span>
    </p>
   </div>
   <div class='ocr_carea' id='block_1_101' title="bbox 644 5589 1846 5722">
    <p class='ocr_par' dir='ltr' id='par_1_101' title="bbox 644 5589 1846 5722">
     <span class='ocr_line' id='line_1_101' title="bbox 644 5589 1846 5722; baseline 0.003 -18"><span class='ocrx_word' id='word_1_747' title='bbox 644 5652 669 5684; x_wconf 71' lang='grc' dir='ltr'>δ</span> <span class='ocrx_word' id='word_1_748' title='bbox 697 5651 740 5720; x_wconf 68' lang='grc' dir='ltr'>ί.</span> <span class='ocrx_word' id='word_1_749' title='bbox 767 5652 938 5722; x_wconf 81' lang='grc' dir='ltr'>παρά.</span> 
     </span>
    </p>
   </div>
   <div class='ocr_carea' id='block_1_102' title="bbox 2246 4738 3792 4819">
    <p class='ocr_par' dir='ltr' id='par_1_102' title="bbox 2246 4738 3792 4819">
     <span class='ocr_line' id='line_1_102' title="bbox 2246 4738 3792 4819; baseline -0.009 -18"><span class='ocrx_word' id='word_1_750' title='bbox 2246 4747 2387 4819; x_wconf 83' lang='grc' dir='ltr'><strong>ὐπέρ</strong></span> <span class='ocrx_word' id='word_1_751' title='bbox 2435 4746 2573 4816; x_wconf 73' lang='grc' dir='ltr'><strong>γῆς’</strong></span> <span class='ocrx_word' id='word_1_752' title='bbox 2627 4747 3064 4815; x_wconf 76' lang='grc' dir='ltr'>καταυγάζονται</span> <span class='ocrx_word' id='word_1_753' title='bbox 3114 4745 3170 4798; x_wconf 81' lang='grc' dir='ltr'><strong>δὲ</strong></span> <span class='ocrx_word' id='word_1_754' title='bbox 3217 4743 3323 4797; x_wconf 83' lang='grc' dir='ltr'><strong>ὐπὸ</strong></span> <span class='ocrx_word' id='word_1_755' title='bbox 3377 4743 3473 4799; x_wconf 78' lang='grc' dir='ltr'>τοῦ</span> <span class='ocrx_word' id='word_1_756' title='bbox 3501 4743 3664 4816; x_wconf 77' lang='grc' dir='ltr'>ἡλίου,</span> <span class='ocrx_word' id='word_1_757' title='bbox 3715 4738 3792 4790; x_wconf 77' lang='grc' dir='ltr'>καὶ</span> 
     </span>
    </p>
   </div>
   <div class='ocr_carea' id='block_1_103' title="bbox 2245 4829 3791 4910">
    <p class='ocr_par' dir='ltr' id='par_1_103' title="bbox 2245 4829 3791 4910">
     <span class='ocr_line' id='line_1_103' title="bbox 2245 4829 3791 4910; baseline -0.008 -19"><span class='ocrx_word' id='word_1_758' title='bbox 2245 4837 2636 4910; x_wconf 83' lang='grc' dir='ltr'>ἀμαυροῦνται.</span> <span class='ocrx_word' id='word_1_759' title='bbox 2674 4838 2761 4891; x_wconf 88' lang='grc' dir='ltr'>Ἐν</span> <span class='ocrx_word' id='word_1_760' title='bbox 2789 4837 2920 4906; x_wconf 81' lang='grc' dir='ltr'>γοῦν</span> <span class='ocrx_word' id='word_1_761' title='bbox 2953 4836 3228 4907; x_wconf 84' lang='grc' dir='ltr'>ἐκλείψεσι</span> <span class='ocrx_word' id='word_1_762' title='bbox 3259 4835 3355 4889; x_wconf 81' lang='grc' dir='ltr'>τοῦ</span> <span class='ocrx_word' id='word_1_763' title='bbox 3387 4835 3536 4907; x_wconf 79' lang='grc' dir='ltr'>ἡλίου</span> <span class='ocrx_word' id='word_1_764' title='bbox 3562 4829 3791 4888; x_wconf 78' lang='grc' dir='ltr'>πολλάκις</span> 
     </span>
    </p>
   </div>
   <div class='ocr_carea' id='block_1_104' title="bbox 2245 4924 3788 5005">
    <p class='ocr_par' dir='ltr' id='par_1_104' title="bbox 2245 4924 3788 5005">
     <span class='ocr_line' id='line_1_104' title="bbox 2245 4924 3788 5005; baseline -0.011 -16"><span class='ocrx_word' id='word_1_765' title='bbox 2245 4935 2470 5004; x_wconf 81' lang='grc' dir='ltr'>ἀστέρες</span> <span class='ocrx_word' id='word_1_766' title='bbox 2497 4931 2760 5005; x_wconf 80' lang='grc' dir='ltr'>ὤφθησαν</span> <span class='ocrx_word' id='word_1_767' title='bbox 2807 4933 2864 4984; x_wconf 82' lang='grc' dir='ltr'>ὲν</span> <span class='ocrx_word' id='word_1_768' title='bbox 2911 4931 3114 5003; x_wconf 74' lang='grc' dir='ltr'>ἡμέρᾳ.</span> <span class='ocrx_word' id='word_1_769' title='bbox 3147 4932 3259 4986; x_wconf 68' lang='grc' dir='ltr'><strong>Καὶ</strong></span> <span class='ocrx_word' id='word_1_770' title='bbox 3293 4931 3457 4986; x_wconf 83' lang='grc' dir='ltr'>πάλιν</span> <span class='ocrx_word' id='word_1_771' title='bbox 3481 4928 3727 4999; x_wconf 82' lang='grc' dir='ltr'>ζητεῖται,</span> <span class='ocrx_word' id='word_1_772' title='bbox 3749 4924 3788 4973; x_wconf 83' lang='grc' dir='ltr'><strong>ει</strong></span> 
     </span>
    </p>
   </div>
   <div class='ocr_carea' id='block_1_105' title="bbox 2244 5015 3790 5097">
    <p class='ocr_par' dir='ltr' id='par_1_105' title="bbox 2244 5015 3790 5097">
     <span class='ocr_line' id='line_1_105' title="bbox 2244 5015 3790 5097; baseline -0.007 -20"><span class='ocrx_word' id='word_1_773' title='bbox 2244 5026 2599 5097; x_wconf 84' lang='grc' dir='ltr'>ἐμπεπήγασι</span> <span class='ocrx_word' id='word_1_774' title='bbox 2626 5023 2702 5094; x_wconf 83' lang='grc' dir='ltr'>τῷ</span> <span class='ocrx_word' id='word_1_775' title='bbox 2729 5021 2943 5093; x_wconf 78' lang='grc' dir='ltr'>οὐρανῷ</span> <span class='ocrx_word' id='word_1_776' title='bbox 2980 5025 3027 5076; x_wconf 80' lang='grc' dir='ltr'>οἱ</span> <span class='ocrx_word' id='word_1_777' title='bbox 3054 5022 3301 5094; x_wconf 81' lang='grc' dir='ltr'>ἀστέρες,</span> <span class='ocrx_word' id='word_1_778' title='bbox 3325 5023 3442 5084; x_wconf 85' lang='grc' dir='ltr'><strong>πῶς</strong></span> <span class='ocrx_word' id='word_1_779' title='bbox 3470 5018 3672 5093; x_wconf 81' lang='grc' dir='ltr'>ὁρῶμεν</span> <span class='ocrx_word' id='word_1_780' title='bbox 3699 5015 3790 5068; x_wconf 81' lang='grc' dir='ltr'>ἐνί-</span> 
     </span>
    </p>
   </div>
   <div class='ocr_carea' id='block_1_106' title="bbox 2244 5108 3788 5186">
    <p class='ocr_par' dir='ltr' id='par_1_106' title="bbox 2244 5108 3788 5186">
     <span class='ocr_line' id='line_1_106' title="bbox 2244 5108 3788 5186; baseline -0.006 -15"><span class='ocrx_word' id='word_1_781' title='bbox 2244 5134 2332 5171; x_wconf 89' lang='grc' dir='ltr'><strong>οτε</strong></span> <span class='ocrx_word' id='word_1_782' title='bbox 2380 5117 2575 5180; x_wconf 86' lang='grc' dir='ltr'>νυκτὸς</span> <span class='ocrx_word' id='word_1_783' title='bbox 2631 5117 2726 5170; x_wconf 75' lang='grc' dir='ltr'>καὶ</span> <span class='ocrx_word' id='word_1_784' title='bbox 2769 5115 2981 5186; x_wconf 80' lang='grc' dir='ltr'>ἡμέρας</span> <span class='ocrx_word' id='word_1_785' title='bbox 3043 5114 3520 5186; x_wconf 87' lang='grc' dir='ltr'>καταφερομένους</span> <span class='ocrx_word' id='word_1_786' title='bbox 3559 5108 3788 5179; x_wconf 79' lang='grc' dir='ltr'>ἀστέρας.</span> 
     </span>
    </p>
   </div>
   <div class='ocr_carea' id='block_1_107' title="bbox 2243 5198 3790 5280">
    <p class='ocr_par' dir='ltr' id='par_1_107' title="bbox 2243 5198 3790 5280">
     <span class='ocr_line' id='line_1_107' title="bbox 2243 5198 3790 5280; baseline -0.009 -17"><span class='ocrx_word' id='word_1_787' title='bbox 2243 5208 2424 5280; x_wconf 80' lang='grc' dir='ltr'>Φαμὲν</span> <span class='ocrx_word' id='word_1_788' title='bbox 2450 5207 2528 5271; x_wconf 85' lang='grc' dir='ltr'><strong>δὲ,</strong></span> <span class='ocrx_word' id='word_1_789' title='bbox 2562 5209 2644 5261; x_wconf 87' lang='grc' dir='ltr'><strong>ὅτι</strong></span> <span class='ocrx_word' id='word_1_790' title='bbox 2672 5206 2772 5261; x_wconf 90' lang='grc' dir='ltr'><strong>οὐκ</strong></span> <span class='ocrx_word' id='word_1_791' title='bbox 2799 5205 2953 5258; x_wconf 55' lang='grc' dir='ltr'><strong>αὐτοὶ⁵</strong></span> <span class='ocrx_word' id='word_1_792' title='bbox 2985 5204 3438 5270; x_wconf 85' lang='grc' dir='ltr'>καταπίπτουσιν,</span> <span class='ocrx_word' id='word_1_793' title='bbox 3467 5201 3592 5257; x_wconf 81' lang='grc' dir='ltr'>ἀλλὰ</span> <span class='ocrx_word' id='word_1_794' title='bbox 3619 5198 3726 5269; x_wconf 80' lang='grc' dir='ltr'><strong>φῶς</strong></span> <span class='ocrx_word' id='word_1_795' title='bbox 3751 5213 3790 5247; x_wconf 78' lang='grc' dir='ltr'><strong>τι</strong></span> 
     </span>
    </p>
   </div>
   <div class='ocr_carea' id='block_1_108' title="bbox 2245 5293 3776 5373">
    <p class='ocr_par' dir='ltr' id='par_1_108' title="bbox 2245 5293 3776 5373">
     <span class='ocr_line' id='line_1_108' title="bbox 2245 5293 3776 5373; baseline -0.007 -19"><span class='ocrx_word' id='word_1_796' title='bbox 2245 5301 2304 5367; x_wconf 82' lang='grc' dir='ltr'><strong>ἐξ</strong></span> <span class='ocrx_word' id='word_1_797' title='bbox 2325 5301 2502 5355; x_wconf 86' lang='grc' dir='ltr'>αὐτῶν</span> <span class='ocrx_word' id='word_1_798' title='bbox 2529 5300 2792 5373; x_wconf 76' lang='grc' dir='ltr'>ἀπορρεῖ’</span> <span class='ocrx_word' id='word_1_799' title='bbox 2822 5298 2918 5353; x_wconf 73' lang='grc' dir='ltr'><strong>καὶ</strong></span> <span class='ocrx_word' id='word_1_800' title='bbox 2949 5298 3138 5367; x_wconf 86' lang='grc' dir='ltr'>ὥσπερ</span> <span class='ocrx_word' id='word_1_801' title='bbox 3165 5299 3216 5351; x_wconf 79' lang='grc' dir='ltr'>οἱ</span> <span class='ocrx_word' id='word_1_802' title='bbox 3249 5298 3515 5370; x_wconf 82' lang='grc' dir='ltr'>ἄνθρακες</span> <span class='ocrx_word' id='word_1_803' title='bbox 3541 5293 3776 5366; x_wconf 76' lang='grc' dir='ltr'>ριπιζόμι</span> 
     </span>
    </p>
   </div>
   <div class='ocr_carea' id='block_1_109' title="bbox 2245 5379 3788 5469">
    <p class='ocr_par' dir='ltr' id='par_1_109' title="bbox 2245 5379 3788 5469">
     <span class='ocr_line' id='line_1_109' title="bbox 2245 5379 3788 5469; baseline -0.01 -19"><span class='ocrx_word' id='word_1_804' title='bbox 2245 5413 2347 5461; x_wconf 88' lang='grc' dir='ltr'>νοι,</span> <span class='ocrx_word' id='word_1_805' title='bbox 2374 5395 2408 5468; x_wconf 78' lang='grc' dir='ltr'>ἦ</span> <span class='ocrx_word' id='word_1_806' title='bbox 2440 5393 2750 5469; x_wconf 80' lang='grc' dir='ltr'>κινούμενοι</span> <span class='ocrx_word' id='word_1_807' title='bbox 2776 5392 3146 5466; x_wconf 87' lang='grc' dir='ltr'>λαμπρότεροι</span> <span class='ocrx_word' id='word_1_808' title='bbox 3177 5393 3441 5461; x_wconf 86' lang='grc' dir='ltr'>γίνονται,</span> <span class='ocrx_word' id='word_1_809' title='bbox 3468 5391 3556 5444; x_wconf 79' lang='grc' dir='ltr'>καὶ</span> <span class='ocrx_word' id='word_1_810' title='bbox 3585 5379 3788 5445; x_wconf 76' lang='grc' dir='ltr'>σπινθῆ-</span> 
     </span>
    </p>
   </div>
   <div class='ocr_carea' id='block_1_110' title="bbox 2246 5474 3792 5558">
    <p class='ocr_par' dir='ltr' id='par_1_110' title="bbox 2246 5474 3792 5558">
     <span class='ocr_line' id='line_1_110' title="bbox 2246 5474 3792 5558; baseline -0.009 -17"><span class='ocrx_word' id='word_1_811' title='bbox 2246 5503 2348 5558; x_wconf 86' lang='grc' dir='ltr'><strong>ρας</strong></span> <span class='ocrx_word' id='word_1_812' title='bbox 2373 5485 2793 5558; x_wconf 83' lang='grc' dir='ltr'>ἀποπέμπουσι·</span> <span class='ocrx_word' id='word_1_813' title='bbox 2825 5485 2918 5539; x_wconf 84' lang='grc' dir='ltr'><strong>τὸν</strong></span> <span class='ocrx_word' id='word_1_814' title='bbox 2947 5484 3108 5538; x_wconf 81' lang='grc' dir='ltr'>αὐτὸν</span> <span class='ocrx_word' id='word_1_815' title='bbox 3139 5483 3338 5556; x_wconf 88' lang='grc' dir='ltr'>τρόπον</span> <span class='ocrx_word' id='word_1_816' title='bbox 3381 5482 3472 5537; x_wconf 81' lang='grc' dir='ltr'><strong>καὶ</strong></span> <span class='ocrx_word' id='word_1_817' title='bbox 3502 5481 3548 5534; x_wconf 82' lang='grc' dir='ltr'><strong>οί</strong></span> <span class='ocrx_word' id='word_1_818' title='bbox 3586 5474 3792 5539; x_wconf 73' lang='grc' dir='ltr'>ἀστέρες</span> 
     </span>
    </p>
   </div>
  </div>
