3816 6326
82 249 162 305 965
761 251 1081 309 ACHILLIS
1113 252 1306 308 -ΤΑτιι
1334 251 1618 310 ISAGOGE

1746 255 1764 307 )
1803 253 2014 309 ARATI
2053 253 2525 310 PHENOMENA.

3189 251 3293 308 966

79 371 186 426 ποτὲ
235 371 336 442 μὲν
382 371 640 444 ἀμυδροὶ,
673 373 803 426 ποτὲ
847 372 907 427 δὲ
959 372 1177 445 φαιδροὶ
1205 373 1446 442 γίνονται
1470 389 1485 404 °
1515 371 1618 425 έσ6⁴

1746 371 1863 426 ium
1884 411 1900 438 ,
1932 373 2068 429 alias
2089 373 2404 444 splendent;
2432 388 2824 445 nonnunquam
2848 373 3033 430 lumen
3074 388 3144 430 ex
3173 387 3296 428 sese

78 466 147 516 ὅτε
168 462 224 515 δὲ
257 462 355 515 καὶ
384 461 504 530 φῶς
527 462 585 530 ἐξ
604 463 779 517 αὐτῶν
809 463 1174 535 ἐκπέμπουσι.

133 554 231 626 Σχή
240 571 411 625 ματος
437 555 616 608 τοίνυν
649 553 933 626 σφαιρικοῦ
954 556 1084 628 περὶ
1112 555 1203 608 τὸν
1231 555 1432 626 κόσμον
1459 555 1631 620 ὄντος,

81 645 280 716 καὶτῆς
322 644 431 716 γῆς
475 647 535 698 ὲν
577 646 724 718 μέσῳ
763 645 990 718 κέντρου
1045 645 1198 711 τάξιν
1242 645 1564 716 ἐπεχούσης,
1604 647 1634 698 ὁ

78 736 164 789 ἀπὸ
182 737 282 807 τῆς
309 737 665 809 περιφερείας
689 737 790 806 τῆς
826 739 1060 807 σφαίρας
1091 737 1184 790 τοῦ
1212 737 1438 808 κέντρου
1465 735 1634 805 αὐτῆς

77 829 256 898 διήκων
293 829 390 882 ἐπὶ
426 830 528 901 τὴν
561 829 912 902 περιφέρειαν
941 829 1082 893 ἄξων
1109 828 1372 892 καλεῖται,
1402 828 1532 898 περὶ
1573 827 1634 881 ὅν

77 921 352 992 στρέφεται
396 923 430 992 η
471 924 676 993 σφαῖρα
711 922 828 992 ἦτοι
855 922 948 991 ἀφ’
979 920 1198 991 ἑαυτῆς,
1239 921 1271 992 ἢ
1305 922 1394 990 ὑφ’
1441 920 1631 991 ἑτέρου

76 1013 373 1084 κινουμένη.
418 1014 783 1086 Ἀμφοτέραις
823 1017 934 1088 γὰρ
977 1019 1097 1080 ταῖς
1139 1017 1319 1086 δόξαις
1348 1017 1376 1069 ὁ
1403 1016 1632 1071 Πλάτων

75 1105 121 1157 ἐν
142 1104 220 1176 τῷ
248 1106 548 1173 Πολιτικῷ
575 1108 859 1181 κέχρηται.

443 1221 582 1288 Περὶ
612 1223 871 1284 κύκλων,
902 1222 999 1276 καί
1029 1223 1119 1277 ὅτι
1153 1231 1244 1278 ια’.

131 1313 232 1382 κβ¹.
267 1311 472 1367 Κύκλοι
509 1314 568 1371 δέ
593 1316 728 1367 εἰσιν
759 1313 859 1367 ια’·
895 1315 1091 1382 ἔξωθεν
1126 1317 1225 1386 μὲν
1257 1316 1357 1386 τῆς
1392 1317 1631 1388 σφαίρας

73 1408 148 1460 δύο
179 1407 450 1479 μέγιστοι,
483 1409 512 1461 ὅ
540 1425 596 1461 τε
635 1407 833 1480 ὁρίζων
856 1408 952 1461 καὶ
982 1410 1010 1462 ὁ
1044 1410 1438 1481 μεσημϐρινός·
1485 1411 1629 1478 λοξοὶ

71 1501 116 1553 δὲ
139 1501 230 1554 δύο
262 1502 532 1572 μέγιστοι,
562 1503 656 1555 καὶ
683 1504 794 1564 τοῖς
823 1502 1105 1573 προτέροις
1146 1501 1270 1566 ίσοι,
1301 1505 1329 1556 ὁ
1367 1502 1630 1566 ζωδιακὸς

72 1595 152 1646 καὶ
183 1597 212 1648 ὁ
239 1593 506 1662 γαλαξίας
527 1611 540 1624 ·
566 1594 808 1666 κόλουροι
833 1594 890 1647 δὲ
920 1594 1012 1648 δύο
1044 1594 1135 1648 καὶ⁹
1165 1596 1315 1648 αὐτοὶ
1343 1595 1588 1666 μέγιστοι
1612 1613 1625 1625 ·

1729 460 2068 530 jaculantur.

1803 550 1915 622 84
1933 549 2052 606 Jam
2077 567 2210 608 vero
2228 592 2242 617 ,
2283 553 2541 624 quoniam
2563 553 2800 610 mundus
2831 555 3096 624 sphaerica
3121 552 3295 622 ﬁgura

1733 643 1994 713 praeditus
2021 651 2127 708 est,
2160 653 2213 700 et
2247 646 2303 700 in
2331 646 2453 716 ejus
2486 645 2667 702 medio
2697 648 2874 701 centri
2909 647 3088 700 locum
3122 658 3295 697 occu-

1731 743 1824 803 pat
1857 742 2000 788 terra
2025 752 2042 802 ;
2081 737 2201 792 axis
2229 737 2283 792 in
2317 754 2382 794 ea
2408 745 2640 794 vocatur
2668 739 2833 803 linea,
2859 754 2979 808 qua:
3009 753 3038 790 a
3069 737 3297 806 sphzerze

1733 824 1943 879 ambitu
1971 825 2197 895 trajecta
2227 843 2324 898 per
2346 835 2593 884 centrum
2628 831 2695 884 ad
2725 831 2990 883 ambitum
3020 827 3292 898 pertinet;

1731 929 1892 983 quem
1925 915 2133 970 circum
2177 917 2388 988 sphaera
2417 920 2685 987 volvitur,
2721 921 2836 975 sive
2874 935 2971 991 per
3000 934 3141 984 sese,
3179 921 3296 974 sive

1731 1006 1960 1064 alterius
2013 1009 2274 1080 impulsu.
2320 1010 2455 1066 Nam
2511 1023 2742 1084 utraque
2793 1014 3066 1070 sententia
3115 1018 3296 1068 exstat

1731 1101 1875 1170 apud
1913 1099 2196 1158 Platonem
2231 1105 2286 1159 in
2311 1104 2559 1162 Palilico.

1908 1214 1984 1270 De
2020 1217 2230 1270 circulis
2259 1218 2493 1286 sphamc,
2528 1221 2616 1290 qui
2639 1231 2758 1275 sunt
2786 1237 2999 1274 numero
3021 1235 3096 1275 xl.

1799 1308 1891 1362 22.
1923 1307 2185 1364 Undecim
2219 1322 2348 1365 sunt
2394 1311 2620 1377 circuli,
2655 1327 2885 1382 quorum
2925 1313 3148 1368 maximi
3186 1313 3296 1368 duo

1731 1405 1859 1454 sunt
1881 1407 2038 1453 extra
2073 1400 2341 1470 sphmram
2365 1446 2380 1470 ,
2408 1403 2637 1458 horizon
2663 1413 2718 1459 et
2746 1404 3112 1471 meridianus;
3153 1403 3294 1458 obli-

1729 1489 1823 1558 qui
1847 1501 1976 1545 sunt
2009 1490 2118 1545 duo
2151 1494 2395 1575 maximi,
2419 1496 2798 1565 superioribus
2823 1497 3082 1566 aequales,
3108 1496 3294 1551 zodia-

1730 1595 1829 1637 cus
1855 1589 1911 1636 et
1960 1582 2189 1638 lacteus.
2241 1583 2427 1639 Coluri
2474 1587 2583 1642 duo
2622 1595 2752 1640 sunt
2795 1588 3016 1642 maximi
3064 1594 3116 1642 et
3159 1587 3290 1658 ipsi,
3367 1595 3371 1600 ‘

70 1686 391 1756 παράλληλοι
421 1686 480 1738 δὲ
511 1685 692 1747 πέντε,
724 1680 798 1739 ὧν
839 1689 866 1739 ὁ
894 1686 1055 1757 μέσος
1084 1686 1223 1741 κατὰ
1259 1687 1487 1758 μέγεθος
1515 1687 1618 1751 ἴσος

1746 1673 1976 1743 paralleli
2034 1677 2308 1745 quinque;
2357 1691 2590 1746 quorum
2649 1679 2863 1734 medius
2927 1681 3152 1750 aequalis
3205 1689 3292 1736 est

70 1784 168 1843 τοῖς
196 1779 631 1852 προειρημένοις.
659 1779 821 1831 ’Ὧστε
855 1778 1049 1851 ὁρίζων
1079 1781 1173 1832 καὶ
1201 1782 1230 1833 6
1256 1779 1628 1851 μεσημὸρινὸς

70 1873 161 1925 (eo:
189 1872 315 1934 εἰσὶ,
345 1872 483 1924 διότι
531 1871 615 1924 διὰ
659 1869 751 1924 τοῦ
782 1871 1008 1942 κέντρου
1051 1871 1306 1942 τέμνουσι
1335 1872 1433 1942 τὴν
1466 1874 1627 1942 σφαῖ-

73 1981 176 2033 ραν.
214 1963 436 2035 Ῥητέον
462 1963 518 2016 δὲ
554 1963 681 2034 περὶ
711 1963 963 2017 ἑκάστου.

128 2056 354 2123 Λέγεται
393 2053 453 2108 δὲ
483 2051 700 2124 ὁρίζων,
744 2053 878 2106 διότι
919 2051 1087 2123 ὁρίζει
1131 2053 1193 2106 τὸ
1243 2052 1346 2104 ὑπὸ
1385 2053 1488 2122 γῆν
1532 2052 1626 2104 καὶ

71 2149 195 2218 ὑπὲρ
227 2144 332 2218 γῆν
365 2148 741 2218 ἡμισφαίριον.
775 2147 910 2218 Περὶ
949 2148 1057 2217 γὰρ
1088 2146 1186 2216 τὴν
1236 2149 1465 2216 σφαῖραν
1496 2145 1628 2210 ἔξω·

70 2241 148 2292 Θεν
173 2241 269 2303 ὢν,
294 2239 451 2304 τάξιν
481 2239 594 2310 ἔχει
615 2238 709 2292 τού
751 2237 1027 2302 Ὠκεανοῦ,
1058 2237 1117 2302 ὃς
1146 2237 1344 2303 ἔξωθεν
1374 2238 1627 2308 περικλύ-

71 2331 143 2394 ζει
185 2333 284 2404 τὴν
315 2333 458 2403 γῆν’
507 2333 600 2400 ἀφ’
642 2326 702 2384 οὗ
741 2328 1070 2393 ἀνατέλλειν,
1119 2330 1213 2384 καὶ
1241 2332 1320 2394 είς
1355 2329 1414 2383 ὃν
1450 2328 1626 2383 δύνειν

68 2421 291 2477 δοκεῖτὰ
329 2423 530 2494 ἄστρα.
561 2421 723 2476 Ὅθεν
759 2423 855 2475 καὶ
881 2421 1258 2493 Νεοπτόλεμος
1283 2424 1312 2476 ὁ
1357 2423 1632 2494 Παριανὸς

70 2513 120 2566 ὲν
148 2518 209 2585 τῇ
246 2514 555 2583 ηλιχθονίᾳ
589 2513 750 2585 φησί’

73 2663 83 2674 .
111 2665 120 2675 .
147 2667 158 2678 .
192 2625 268 2691 τῷ
295 2625 469 2681 πᾶσα
502 2627 850 2696 περίρρυτος
877 2625 1175 2680 ἐνδέδεται
1206 2625 1388 2695 χθών.

130 2740 282 2793 Ὅθεν
317 2739 417 2794 καὶ
465 2741 702 2811 ’Ἄρατος
747 2739 998 2794 Ὠκεανὸν
1039 2740 1202 2795 αὐτὸν
1241 2740 1399 2794 καλεῖ
1448 2740 1535 2794 διά
1569 2758 1626 2793 τε

68 2830 255 2886 τούτων
284 2834 382 2887 καλ⁵
407 2832 583 2886 ἄλλων
606 2851 620 2864 ·

62 2945 238 3016 Αὐτὰρ
280 2947 367 3016 ὅγ’
421 2947 701 3001 Ὠκεανοῦ
744 2947 978 3002 τόσσον
1005 2948 1414 3016 παραμείϐεται
1445 2946 1623 3016 ὕδωρ,

69 3015 279 3090 ’ίθσσον
316 3017 420 3072 ἀπ’
459 3017 816 3090 Αίγοχερῆος
836 3015 1255 3089 ἀνερχομένοιο
1286 3017 1556 3090 μάλιστα

67 3088 349 3152 Καρκίνον
377 3091 466 3154 είς
492 3088 754 3142 ἀνιόντα.

66 3176 215 3241 Εἰκὸς
251 3180 305 3232 δὲ
351 3180 514 3234 αὑτὸν
547 3182 605 3248 ἐξ
643 3181 880 3255 Ὀμήρου
912 3182 1008 3255 τὴν
1042 3182 1296 3256 ἀφορμὴν
1335 3182 1498 3254 ἔχειν,
1535 3179 1625 3234 λέ-

65 3262 242 3314 γοντος
250 3291 265 3314 9

79 3403 169 3480 ἓν
190 3404 239 3457 δ”
266 3406 438 3480 Exeo"
477 3407 728 3480 Ὠκεανῷ
749 3409 1209 3480 λαμπρὸνράος
1234 3411 1483 3478 ἠελίοιο.

71 3473 277 3528 Ἐλκον
323 3479 519 3533 νύκτα
555 3473 852 3550 μέλαιναν
891 3473 989 3535 ἐπὶ
1026 3473 1298 3551 ζείδωρον
1329 3479 1591 3550 ἄρουραν
1611 3497 1625 3512 ο

68 3586 162 3638 καὶ
177 3628 192 3651 ,

80 3692 290 3763 Ἠέλιος
313 3698 366 3751 δ’
389 3699 687 3768 ἀνόρουσε
705 3699 898 3756 λιπὼν
922 3702 1287 3772 περικαλλέα
1306 3706 1554 3775 λίμνην.

137 3804 408 3876 ῢιλόσοφοι
433 3809 491 3862 δὲ
516 3810 610 3864 καὶ
635 3811 946 3882 γεωμέτραι
974 3811 1219 3885 ὁρίζοντα
1243 3815 1404 3868 αὑτὸν
1433 3814 1629 3868 καλοῦ-

73 3909 172 3959 σιν,
201 3891 304 3950 οἶδε
328 3897 384 3951 δὲ
408 3899 503 3952 καὶ
531 3901 765 3973 Ἀρατος
788 3902 948 3956 αὐτὸν
981 3903 1230 3976 ὁρίζοντα
1271 3905 1337 3958 τὰ
1364 3905 1457 3959 δύο
1501 3907 1630 3978 ἡμι-

74 3989 286 4059 σφαίρια
304 4007 318 4020 ·
356 3993 492 4063 φησὶ
518 3991 628 4066 γάρ
645 4011 658 4024 ⁸

990 4105 1091 4182 ᾗχι
1113 4125 1223 4181 περ
1244 4109 1417 4180 ἄκραι

68 4171 382 4242 Hieronis:
407 4177 613 4246 δύσιές
640 4196 704 4234 τε
725 4180 823 4235 καὶ
859 4171 1107 4237 ἀντολαὶ
1150 4171 1518 4252 ἀλλήλῃσιν.

138 4284 232 4339 Τὸν
254 4286 309 4338 δὲ
349 4288 600 4361 ὁρίζοντα
643 4293 738 4346 καὶ
778 4295 1146 4367 μεσημϐρινὸν
1176 4296 1323 4360 ἐντὸς
1360 4291 1499 4350 εἶναι
1530 4298 1629 4368 τῆς

1731 1766 1986 1822 omnibus
2038 1767 2106 1822 iis
2133 1783 2272 1837 quos
2326 1769 2723 1825 recensuimus.
2775 1769 3014 1825 llorizon
3057 1786 3186 1842 ergo
3237 1780 3293 1826 et

1731 1856 2067 1912 meridianus
2120 1858 2360 1928 aequales
2406 1867 2556 1925 sunt,
2607 1861 2864 1931 quoniam
2905 1877 3000 1932 per
3042 1873 3289 1917 centrum

1729 1947 1981 2002 dividunt
2009 1950 2298 2020 sphaeram.
2332 1953 2508 2022 Atque
2536 1961 2594 2007 ut
2627 1955 2691 2010 de
2719 1955 2951 2025 singulis
2984 1964 3195 2026 agatur.

1800 2039 2038 2096 Horizon
2095 2043 2222 2098 inde
2273 2044 2454 2100 dictus
2503 2053 2589 2101 est
2647 2047 2792 2117 quod
2849 2048 3290 2116 hemisphaerium

1730 2146 1895 2202 supra
1931 2139 2130 2187 terram
2161 2135 2229 2189 ab
2254 2150 2320 2190 eo
2351 2135 2496 2206 quod
2527 2137 2716 2193 subter
2745 2146 2848 2204 est,
2884 2147 3119 2209 separat.
3157 2139 3292 2193 Nam

1730 2241 1854 2279 cum
1894 2227 2237 2284 extrinsecus
2277 2230 2505 2299 sphaerae
2546 2232 2977 2303 circumpositas
3024 2233 3114 2296 sit,
3146 2233 3295 2287 velut

1729 2316 1983 2374 Oceanus
2007 2329 2092 2375 est
2130 2321 2558 2394 circumquaque
2609 2331 2812 2379 terram
2843 2326 3079 2390 alluens,
3121 2340 3151 2380 e
3184 2340 3294 2394 quo

1731 2410 1902 2465 stellae
1934 2413 2094 2468 nobis
2141 2415 2312 2478 oriri,
2356 2423 2411 2470 et
2461 2416 2516 2470 in
2555 2433 2680 2472 eum
2726 2418 2980 2474 occidere
3013 2419 3289 2474 videntur.

1731 2497 1869 2554 Hinc
1909 2499 2300 2573 Neoptolemus
2332 2502 2596 2561 Parianus
2631 2506 2687 2560 in
2729 2505 3118 2562 Triclultouia:

1807 2655 1820 2670 .
1850 2655 1863 2668 .
1901 2615 1986 2669 cui
2017 2627 2126 2671 tota
2155 2619 2466 2688 circumﬂua
2495 2620 2736 2691 illigatur
2768 2631 2930 2676 terra.

1801 2727 1957 2786 Unde
1998 2729 2199 2788 Aratus
2227 2735 2390 2789 etiam
2422 2737 2693 2792 Oceanum
2723 2737 2961 2808 appellat
3003 2738 3150 2793 hunc
3182 2737 3295 2793 cir-

1729 2824 1913 2877 culum
1943 2839 2067 2878 cum
2090 2825 2147 2880 in
2175 2825 2334 2892 aliis,
2366 2835 2480 2882 tum
2515 2828 2569 2882 in
2598 2829 2720 2883 istis
2755 2829 3004 2885 versibus
3035 2849 3047 2884 :

1730 2933 1900 3008 Porro
1934 2935 2034 2991 iste
2057 2936 2254 2992 Oceani
2285 2947 2492 2992 tantum
2523 2942 2867 3008 supereminet
2896 2941 3118 3005 undam,

1730 3005 2000 3079 Quantum
2032 3008 2245 3079 interest
2279 3026 2312 3063 a
2339 3005 2665 3079 Capricorno
2696 3014 3007 3068 ascendente
3035 3014 3264 3069 maxime

1652 3055 1694 3116 ο
1728 3055 1994 3131 δαηεγιιηι
2024 3077 2094 3132 ad
2121 3055 2501 3151 assurgentem.

1725 3189 1882 3257 Quod
1919 3207 1988 3247 ex
2032 3191 2270 3251 Homero
2297 3196 2640 3268 expressisse
2685 3196 2905 3254 videtur
2927 3239 2943 3266 ,
2988 3199 3150 3271 cujus
3179 3199 3300 3257 haec

1722 3285 1892 3340 verba
1927 3291 2056 3342 sunt
2081 3305 2096 3341 :

1726 3399 1924 3473 incidit
1954 3399 2163 3457 Oceano
2192 3403 2289 3473 fax
2321 3405 2500 3460 lucida
2524 3407 2678 3471 solis,

1729 3471 1963 3528 Trahens
1985 3471 2422 3546 noctem-nigram
2451 3494 2608 3548 super
2638 3479 2836 3533 almam
2868 3487 3082 3535 terram.

1729 3585 1890 3650 Item,

1729 3694 1824 3751 Sol
1850 3706 2064 3754 exortus
2093 3709 2170 3754 est
2201 3700 2497 3771 relinquens
2519 3703 2839 3771 praeclarum
2863 3702 3058 3760 lacum.

1800 3810 1870 3865 At
1900 3811 2212 3884 philosophi
2243 3821 2298 3870 ct
2329 3824 2618 3886 geometra
2646 3816 2984 3873 horizontem
3016 3818 3168 3873 illum
3203 3834 3298 3876 vo-

1729 3909 1879 3965 cant,
1913 3917 2075 3972 quem
2125 3903 2330 3960 Aratus
2377 3904 2758 3976 hemisphaeria
2807 3906 2914 3961 duo
2956 3908 3148 3978 partiri
3181 3925 3298 3967 me-

1729 4003 1928 4060 morat,
1957 4011 2082 4051 cum
2114 3995 2193 4050 ait
2217 4015 2232 4051 :

1731 4146 1747 4160 .
1774 4147 1790 4160 .
1813 4145 1828 4160 .
1855 4147 1872 4163 .
1904 4106 1994 4161 ubi
2014 4111 2234 4164 extremi

1727 4173 2021 4232 Miscentur
2047 4194 2284 4243 occasus,
2314 4188 2361 4233 et
2396 4189 2542 4235 ortus
2570 4181 2806 4239 invicem.

1798 4286 2067 4345 Praeterea
2117 4291 2466 4362 cogitandum
2510 4302 2594 4351 est
2632 4296 2970 4353 horizontem
3011 4313 3074 4353 ac
3131 4300 3296 4353 meri-

68 4376 290 4446 σφαίρας
311 4379 416 4432 τῶν
443 4380 579 4434 ὅλων
605 4383 839 4455 νοητέον.
874 4386 1038 4440 Οὐδὲν
1069 4386 1176 4458 γὰρ
1209 4387 1314 4440 τῶν
1343 4387 1510 4441 ὄντων
1538 4388 1618 4440 αὐ-

1746 4379 1950 4436 lianum
1983 4382 2128 4436 intra
2162 4384 2430 4453 sphaeram
2465 4401 2609 4441 esse.
2651 4386 2786 4441 Nam
2835 4391 3107 4446 nulla'res
3139 4399 3292 4446 extra

66 4465 166 4536 τῆς
187 4471 328 4523 ἐστιν
354 4473 531 4536 ἐκτός.
565 4474 733 4548 ’Υπὲρ
759 4477 815 4530 δὲ
833 4477 927 4530 τοῦ
955 4478 1430 4551 παρακολουθῆσαι
1457 4482 1624 4552 ἡμᾶς,

66 4555 218 4622 ἐκτὸς
259 4557 394 4616 εἶναι
437 4562 686 4633 λέγονται
719 4569 800 4631 είς
838 4569 899 4621 τὸ
943 4569 1095 4634 ἐντὸς
1134 4571 1233 4641 τῆς
1263 4572 1496 4643 σφαίρας
1529 4572 1626 4625 πέ-

71 4661 186 4714 ρας.

150 4740 200 4793 '0
241 4742 296 4796 δὲ
343 4747 712 4818 μεσημϐρινὸς
741 4750 1081 4823 παρελήφθη,
1137 4754 1222 4808 ἵνα
1278 4755 1346 4808 τὰ
1383 4756 1490 4808 ἀπὸ
1532 4755 1628 4825 τῆς

65 4827 317 4902 ἀνατολῆς
349 4834 512 4908 μέχρι
543 4836 645 4906 τῆς
675 4837 877 4903 δύσεως
905 4841 1144 4915 δεικνύῃ,
1181 4844 1273 4896 καὶ
1319 4844 1406 4897 ἵνα
1442 4844 1627 4915 μάθω-

69 4935 187 4986 μεν,
217 4923 293 4978 ὅτι
320 4927 460 4980 κατὰ
484 4926 671 4982 τοῦτον
702 4931 980 5001 γινόμενος
1011 4936 1038 4987 6
1061 4935 1210 5006 ἥλιος
1244 4939 1338 4989 καὶ
1369 4936 1436 4988 τὰ
1469 4936 1628 4990 λοιπὰ

67 5010 234 5081 ἄστρα
277 5017 414 5088 ὑπὲρ
466 5019 572 5088 γῆς
624 5027 976 5093 μεσουρανεῖ·
1021 5025 1112 5078 καὶ
1160 5028 1189 5081 ὁ
1233 5027 1425 5099 χρόνος
1475 5022 1629 5090 οὗτός

68 5101 180 5155 ἐστι
207 5108 535 5181 μεσημϐρία,
567 5113 877 5185 μεσημερία
905 5133 985 5179 τις
1015 5112 1166 5170 οὖσα.
1192 5119 1330 5182 Τοὺς
1353 5119 1409 5170 δὲ
1443 5116 1632 5182 λοξοὺς

152 5199 238 5262 μὲν
265 5204 574 5275 αἰσθητοὺς,
606 5207 656 5259 οί
691 5207 748 5260 δὲ
780 5209 996 5275 πλείους
1041 5211 1130 5264 τὸν
1163 5211 1424 5279 γαλαξίαν
1462 5212 1629 5282 μόνον

67 5281 202 5340 εἶναι
223 5291 491 5359 βούλονται
511 5313 525 5326 ο
561 5299 684 5361 τοὺς
715 5298 769 5351 δὲ
795 5299 1014 5364 λοιποὺς
1042 5302 1246 5365 πάντας
1279 5303 1520 5373 νοητούς.

336 5495 540 5548 Πόσον
557 5495 624 5548 τὸ
649 5497 876 5564 πλάτος
902 5499 1008 5553 τοῦ
1041 5498 1344 5560 ζωδιακοῦ.

147 5584 234 5636 κί’.
261 5582 316 5635 ὐ
347 5585 404 5638 δὲ
435 5585 698 5650 ζωδιακὸς
729 5589 878 5655 λοξὸς
906 5592 979 5642 ὢν
1006 5591 1358 5663 περιφέρειαν
1389 5592 1500 5663 ἔχει
1535 5613 1630 5664 με·

77 5655 270 5733 γίπην.
295 5675 378 5726 διὰ
399 5677 493 5730 τοῦ
523 5678 747 5750 κέντρου
771 5684 871 5753 τῆς
900 5655 1134 5753 σφαίρας
1149 5655 1252 5754 ’την
1276 5655 1624 5756 περιγραφὴν

1732 4470 1904 4541 ipsam
1937 4481 2042 4527 est.
2081 4470 2187 4527 Sed
2236 4483 2294 4527 ut
2330 4476 2514 4528 animo
2556 4490 2752 4545 capere
2797 4480 3098 4547 possimus,
3143 4488 3296 4534 extra

1729 4577 1850 4616 csse
1903 4563 2215 4632 tinguuntur,
2267 4573 2323 4622 et
2361 4565 2678 4621 interiorem
2735 4569 3003 4638 sphaeram
3053 4570 3293 4624 circum-

1729 4656 1989 4712 scribere.

1799 4746 2138 4803 Meridianus
2195 4749 2263 4804 ad
2314 4749 2420 4806 hoc
2476 4752 2812 4818 assumitur,
2867 4762 2926 4808 ut
2972 4754 3293 4812 orientalem

1729 4840 1918 4894 mundi
1954 4850 2162 4911 partem
2190 4842 2260 4898 ab
2297 4843 2528 4898 occidua
2558 4857 2830 4912 secernat,
2857 4855 2972 4902 tum
3005 4857 3065 4902 ut
3093 4848 3296 4904 intelli-

1730 4948 1924 5003 gamus
1951 4935 2124 4990 solem
2174 4950 2238 4990 ac
2263 4937 2474 5008 reliqua
2506 4938 2710 5004 sidera,
2740 4956 2864 4996 cum
2897 4941 2964 4996 ad
2997 4940 3144 4995 illum
3174 4957 3295 5012 pcr-

1729 5036 2017 5088 venerunt,
2055 5028 2292 5082 medium
2327 5045 2494 5099 supra
2525 5038 2727 5085 terram
2778 5033 3026 5087 obtinere
3070 5033 3292 5089 coelum.

1730 5115 1882 5183 Quod
1913 5127 2130 5188 tempus
2167 5121 2517 5196 μεσημϐρίαν
2546 5123 2909 5194 appellamus,
2939 5123 2993 5178 id
3017 5131 3101 5180 est
3130 5125 3297 5179 meri-

1731 5211 1896 5276 diem,
1925 5213 2081 5282 quasi
2114 5216 2480 5286 μεσημερίαν.
2515 5214 2780 5286 Obliquos
2808 5217 3048 5271 circulos
3074 5217 3297 5288 quidam

1731 5301 2090 5371 aspectabiles
2112 5317 2305 5359 omnes
2335 5320 2456 5360 esse
2484 5307 2704 5372 volunt;
2740 5306 2832 5358 alii
2861 5306 2962 5361 soli
2991 5305 3100 5360 hoc
3122 5307 3296 5360 lacteo

1732 5392 2011 5460 tribuunt;
2045 5401 2274 5449 caeteros
2302 5395 2458 5448 aiunt
2481 5395 2843 5464 intelligentia
2872 5395 2990 5449 sola
3017 5403 3295 5450 constare.

2175 5506 2253 5562 De
2288 5509 2493 5562 zodiaci
2522 5506 2826 5562 latitudine.

1799 5597 1890 5650 23.
1922 5596 2194 5654 Zodiacus
2240 5601 2483 5656 circulus
2521 5600 2779 5670 obliquus
2810 5597 3105 5652 maximum
3132 5595 3296 5650 habet

1731 5689 2013 5757 ambitum,
2040 5690 2194 5762 isque
2217 5707 2244 5746 ιι
2275 5693 2500 5762 Sphaeri:
2523 5698 2714 5746 centro
2735 5687 3082 5743 describitur.
3105 5684 3284 5757 Hujus
