3816 6328
529 269 634 325 967

1540 265 1630 321 AD
1667 263 1939 322 EUSEBll
1967 260 2360 320 CHRONICON
2400 263 2742 322 APPENDIX

3653 257 3745 314 988

529 374 763 444 latitudo
805 387 1090 444 intervallo
1129 384 1386 440 delinitur
1411 384 1556 456 quod
1587 399 1617 438 a
1648 383 1979 453 Capricorno
2015 379 2080 434 ad

2201 381 2344 452 ἔχων.
2378 383 2588 448 Πλάτος
2631 385 2689 438 δὲ
2717 384 2827 454 ἔχει
2854 384 2952 455 τῆς
2990 383 3190 448 Θέσεως
3221 383 3282 436 τδ
3316 381 3424 436 ἀπὸ
3457 379 3744 450 Αίγοκέρω-

529 485 805 539 Cancrum
837 482 1094 552 pertinet.
1137 479 1248 535 Hoc
1283 479 1519 550 spatium
1560 477 1866 547 exprimere
1917 475 2088 528 voluit

2201 492 2278 538 τος
2306 475 2466 546 μέχρι
2498 477 2775 547 Καρκίνου
2806 477 3106 547 διάστημα.
3135 475 3306 529 Τοῦτο
3344 474 3405 527 τὸ
3439 471 3642 534 πλάτος
3667 473 3746 541 δη-

529 573 728 627 Aratus
761 571 846 626 his
877 571 1155 626 versibus:

528 666 792 720 Ceterum
818 665 902 718 hic
932 664 1126 719 Oceani
1159 673 1362 717 tantum
1393 663 1734 732 supereminet
1765 657 1985 725 undam,

530 734 798 801 Quantum
835 746 913 788 est
943 753 974 788 a
1003 735 1323 801 Capricorno
1350 732 1658 788 ascendente
1687 733 1917 786 maxime

529 807 615 861 Ad
646 815 1004 876 assurgentem
1032 804 1318 859 Cancrum.

602 922 706 977 Per
736 923 881 976 hunc
926 921 1192 976 circulum
1243 935 1552 975 commeare
1582 919 1839 974 videntur
1866 921 2096 990 planetae

531 1022 736 1086 septem
761 1015 863 1069 sub
892 1014 1070 1069 tribus
1097 1014 1275 1068 lineis.
1304 1013 1408 1079 Qui
1433 1012 1653 1083 quidem
1685 1013 2014 1083 exprimitur
2040 1013 2095 1067 in

530 1106 763 1176 sphaera,
782 1113 840 1160 ut
863 1106 1072 1161 itineris
1101 1106 1444 1176 planetarum
1470 1104 1812 1161 latitudinem
1835 1120 2100 1176 agnosca-

530 1211 673 1251 mus.
706 1195 838 1250 Nam
861 1196 1088 1264 planetae
1111 1195 1353 1264 quinque
1373 1209 1478 1248 non
1505 1209 1611 1248 una
1633 1195 1688 1248 in
1705 1194 1844 1249 linea
1867 1195 2101 1249 circum-

537 1285 810 1342 feruntur.
844 1284 986 1350 Quid
1012 1284 1177 1354 igitur
1200 1299 1379 1337 causze
1405 1293 1488 1336 est
1515 1299 1614 1337 cur
1636 1298 1747 1337 non
1774 1283 1883 1338 duo
1911 1283 2099 1338 circuli

533 1377 802 1433 circuitus
832 1377 1002 1442 illius,
1039 1377 1132 1433 sed
1158 1385 1270 1430 tres
1300 1375 1354 1430 in
1385 1376 1612 1430 zodiaco
1644 1375 1904 1446 descripti
1939 1374 2103 1430 sunt?

529 1468 795 1523 Nimirum
827 1468 974 1539 quod
1005 1468 1249 1538 quinque
1278 1467 1378 1532 illi,
1412 1483 1553 1537 quos
1583 1467 1846 1530 diximus,
1873 1467 2104 1538 planetae

460 1575 467 1584 ‘
530 1561 700 1615 latum
725 1562 782 1617 id
821 1576 984 1616 omne
1017 1561 1276 1630 spatium,
1324 1559 1470 1630 quod
1513 1561 1739 1614 circulis
1767 1561 1984 1616 duobus
2018 1561 2105 1616 in-

529 1653 790 1718 cluditur,
811 1653 1063 1708 obeundo
1087 1661 1379 1722 peragrant
1404 1671 1418 1706 :
1444 1653 1524 1706 sol
1550 1659 1728 1706 autem
1753 1667 1860 1706 non
1893 1659 2102 1706 tantum

2189 567 2361 620 λῶσαι
2391 568 2711 640 βουλόμενος
2739 569 2972 641 ’Ἄρατός
3001 585 3164 639 φησιν
3183 585 3196 598 °

2191 659 2388 726 Αὐτὰρ
2428 659 2512 728 ὅγ’
2550 661 2825 715 Ὠκεανοῦ
2875 661 3104 714 τόσσον
3131 660 3554 728 παραμείσεται
3588 653 3744 722 ὕδωρ,

2195 730 2427 782 ’Ὄσσω⁹
2448 731 2548 783 ἀπ’
2578 731 2931 800 Αὶγγικερῆος
2959 733 3377 799 ἀνερχομένοιο
3404 728 3686 798 μάλιστα,

2191 801 2489 866 Καρκίνον
2513 803 2602 865 εἰς
2630 803 2897 857 ἀνιόντα.

2263 905 2489 961 Δοκοῦσι
2532 908 2590 961 δὲ
2634 909 2702 962 δι’
2742 909 2910 963 αὐτοῦ
2954 910 3208 981 φέρεσθαι
3235 911 3283 962 οἱ
3316 909 3456 963 ἑπτά
3497 909 3746 980 πλάνητες

2195 997 2288 1050 ἐπὶ
2318 997 2482 1067 τριῶν
2520 1000 2813 1071 γραμμῶν.
2841 1001 3124 1054 Δείκνυται
3149 1002 3206 1056 δὲ
3252 1001 3344 1054 ἐπὶ
3371 1001 3470 1072 τῆς
3508 1002 3742 1070 σφαίρας,

2197 1089 2287 1142 ἴνα
2317 1090 2526 1161 νοῶμεν
2569 1093 2630 1144 τὸ
2674 1092 2874 1156 πλάτος
2905 1093 3005 1164 τῆς
3032 1083 3267 1164 πορείας
3304 1093 3413 1146 τῶν
3457 1094 3742 1164 πλανήτων,

2198 1181 2292 1234 καὶ
2319 1180 2488 1250 ἡλίου,
2519 1181 2613 1234 καὶ
2641 1181 2895 1253 σελήνης·
2923 1184 3110 1254 ἐπειδὴ
3131 1185 3178 1236 οἱ
3214 1183 3373 1235 πέντε
3409 1183 3486 1253 μὴ
3518 1185 3608 1235 ἐπὶ
3636 1184 3744 1252 μιᾶς

2199 1273 2462 1343 γραμμῆς
2489 1272 2767 1326 ποιοῦνται
2801 1275 2899 1347 τὴν
2926 1276 3245 1347 περιφοράν.
3272 1276 3337 1328 Τί
3365 1271 3458 1329 οὖν
3479 1275 3671 1346 δήποτε
3694 1275 3745 1326 ού

2199 1364 2291 1444 δύο
2321 1365 2528 1428 κύκλοι,
2561 1366 2696 1421 ἀλλὰ
2734 1371 2882 1440 τρεῖς
2916 1367 3322 1438 ἐσημειώσαντο
3363 1369 3457 1421 ἐπὶ¹
3482 1368 3584 1438 τῆς
3612 1385 3748 1437 περι-

2203 1459 2372 1528 φορᾶς
2399 1459 2488 1513 τὸν
2517 1459 2778 1524 ζωδιακὸν
2816 1460 3046 1526 κύκλον;
3089 1461 3232 1514 Διότι
3284 1463 3333 1514 οἱ
3380 1462 3746 1532 προειρημένοι

2203 1551 2362 1603 πέντε
2400 1551 2626 1625 ἀστέρες
2655 1553 2716 1605 τὸ
2759 1553 2959 1624 μεταξὺ
3005 1553 3113 1606 τῶν
3165 1553 3258 1607 δύο
3302 1553 3520 1607 κύκλων
3567 1553 3748 1616 πλάτος

2203 1643 2621 1714 περιφέρονται·
2653 1644 2680 1695 ὁ
2706 1645 2760 1698 δὲ
2789 1645 2936 1715 ἣλιος
2969 1647 3027 1698 ού
3053 1647 3301 1700 τοσοῦτον
3324 1647 3648 1718 παραδαίνει
3670 1648 3747 1699 ἐπὶ

480 1737 489 1750 ’
528 1747 600 1802 ad
630 1748 878 1803 dextram
910 1757 1005 1800 aut
1037 1747 1222 1800 larvam
1248 1745 1507 1809 deﬂectit,
1539 1753 1804 1815 quantum
1838 1745 1912 1799 illi
1937 1745 2088 1816 quin-

2201 1736 2264 1789 τὰ
2304 1735 2454 1803 δεξιά
2503 1736 2599 1789 καὶ
2647 1736 2922 1808 εὐώνυμα,
2975 1740 3096 1792 ὅσον
3143 1741 3190 1792 οἱ
3247 1739 3442 1792 πέντε·
3479 1739 3613 1792 ἀλλὰ
3655 1738 3746 1791 τῶν

528 1853 658 1907 que,
695 1837 790 1892 sed
823 1836 964 1891 inter
1009 1835 1148 1891 duos
1192 1835 1327 1890 istos
1363 1836 1674 1890 limitaneos
1711 1835 1948 1890 circulos
1981 1850 2093 1890 me-

531 1927 657 1981 dius
705 1934 976 1982 movetur.
999 1926 1081 1982 0b
1129 1925 1180 1980 id
1224 1925 1471 1980 heliacus
1526 1925 1595 1980 ab
1646 1923 1811 1994 hujus
1840 1922 2096 1978 doctrinae

529 2017 724 2087 peritis
757 2018 1092 2087 appellatur;
1121 2024 1215 2070 aut
1249 2016 1559 2085 eclipticus,
1600 2015 1745 2081 quod
1775 2015 1830 2070 in
1861 2027 1927 2070 eo
1963 2014 2094 2069 solis

529 2105 765 2175 eclipses
797 2107 1070 2160 accidant.
1103 2105 1296 2159 Latum
1339 2107 1483 2160 hunc
1512 2107 1780 2160 circulum
1813 2105 2093 2160 zodiacum

531 2196 602 2250 ab
645 2196 930 2251 duodecim
973 2197 1145 2268 signis
1189 2198 1508 2252 nominant:
1545 2212 1666 2268 quae
1710 2207 1870 2264 sunt,
1913 2195 2092 2259 Aries,

530 2285 770 2353 Taurus,
804 2288 1038 2352 Gemini,
1070 2289 1297 2356 Cancer,
1329 2288 1458 2352 Leo,
1497 2287 1680 2360 Virgo,
1715 2287 1898 2355 Libra,
1933 2288 2097 2344 Scor-

531 2378 684 2448 pius,
731 2377 1088 2451 Sagittarius,
1118 2381 1506 2450 Capricornus,
1543 2382 1841 2451 Aquarius.
1885 2379 2092 2436 Pisces.

529 2464 660 2531 Quze
694 2474 747 2543 et
777 2468 921 2522 idola
944 2476 1232 2534 vocantur,
1261 2479 1317 2524 ut
1343 2470 1411 2523 ab
1431 2469 1638 2525 Arato:

2193 1827 2358 1898 τριῶν
2385 1828 2588 1881 τούτων
2628 1827 2864 1893 κύκλων,
2898 1828 3006 1881 τῶν
3042 1829 3103 1881 τὸ
3149 1830 3349 1892 πλάτος
3375 1827 3469 1882 τοῦ
3500 1828 3745 1892 ζωδιακοῦ

2192 1919 2510 1977 δεικνύντων
2543 1922 2692 1990 ἡμῖν,
2732 1921 2872 1973 κατὰ
2919 1921 3008 1973 τὸν
3047 1921 3209 1991 μέσον
3257 1924 3285 1975 ὀ
3329 1922 3486 1992 ⁴ἦλιος
3519 1922 3743 1992 φέρεται.

2194 2011 2284 2064 Διὸ
2312 2011 2403 2064 καὶ
2441 2011 2662 2081 ήλιακὺς
2700 2011 2803 2064 ὑπὸ
2839 2012 2947 2064 τῶν
2975 2013 3144 2066 ταῦτα
3169 2013 3358 2066 δεινῶν
3394 2014 3746 2086 προσηγόρευ-

2191 2120 2302 2167 ται,
2339 2103 2430 2157 ml.
2477 2104 2852 2168 ὲκλειπτικός·
2902 2106 3086 2177 ἐπειδὴ
3136 2109 3192 2159 ὲν
3239 2107 3388 2177 αὐτῷ
3439 2108 3497 2159 αἱ
3547 2107 3745 2178 ήλιακαὶ

2193 2196 2464 2266 ἐκλείψεις
2485 2196 2746 2264 γίνονται.
2777 2198 2880 2250 Τὸν
2913 2198 2970 2251 δὲ
2999 2199 3397 2271 προειρημένον
3427 2200 3629 2254 πλατὺν
3663 2200 3744 2252 κύ-

2194 2287 2318 2342 κλον
2350 2288 2610 2351 ζωδιακὸν
2656 2289 2930 2360 καλοῦμεν
2973 2291 3080 2344 ἀπὸ
3123 2292 3230 2345 τῶν
3267 2295 3326 2347 ὲν
3375 2292 3522 2362 αὑτῷ
3567 2292 3630 2362 ιβ’
3656 2291 3746 2356 ζω-

2192 2380 2351 2433 δίων’
2390 2381 2424 2434 ά
2481 2383 2593 2434 ἐστι
2639 2382 2828 2454 Κριὸς,
2878 2382 3110 2456 Ταῦρος,
3166 2385 3408 2456 Δίδυμοι,
3456 2385 3741 2457 Καρκίνος,

2193 2471 2368 2537 Λέων,
2397 2473 2692 2544 Παρθένος,
2725 2475 2916 2544 Ζυγὸς,
2947 2477 3232 2548 Σκορπίος,
3258 2477 3514 2546 Τοξότης,
3544 2477 3745 2544 Λίγόκε-

2196 2581 2332 2636 ρως,
2365 2563 2670 2637 Ύδροχόος,
2703 2567 2907 2638 ’ἰχθύες
2929 2584 2941 2600 ’
2976 2569 3218 2624 καλεῖται
3243 2569 3300 2622 δὲ
3329 2569 3425 2623 καὶ
3445 2568 3658 2622 εἴδωλα·
3684 2567 3742 2628 ὡς

2195 2657 2287 2710 καὶ
2318 2659 2383 2709 ’Δ
2393 2674 2549 2729 ρατος
2565 2674 2578 2688 ⁸

701 2725 900 2783 Contra
931 2735 1085 2797 atque
1114 2727 1260 2782 idola
1299 2726 1575 2783 duodecim
1619 2727 1919 2784 volvuntur.

2303 2725 2597 2818 Ἔῂπαλιν
2621 2749 2888 2816 εἰδώλοις
2917 2749 3274 2804 δυοκαίδεκα
3304 2749 3654 2804 δινσε-ὕονται.

595 2817 706 2892 85
724 2817 828 2874 Sed
855 2822 1024 2889 quaeri
1059 2834 1166 2874 non
1188 2820 1458 2875 immerito
1480 2828 1681 2890 potest,
1711 2837 1809 2875 cur
1824 2836 1946 2875 cum
1964 2820 2096 2876 Cas-

525 2910 736 2980 siepea,
769 2919 824 2964 et
853 2909 1216 2976 Andromeda,
1237 2919 1290 2966 et
1345 2911 1451 2964 alia
1479 2912 1772 2967 simulacra
1795 2916 2096 2984 composita

534 3001 646 3057 sint
694 3016 725 3056 e
764 3002 961 3065 stellis,
999 3004 1115 3056 sola
1157 3002 1442 3058 duodecim
1482 3002 1648 3067 ζώδια
1694 3016 2093 3076 nuncupentur,

525 3098 675 3146 astra
721 3105 852 3146 vero
896 3101 1114 3148 caetera.
1145 3094 1227 3147 An
1275 3093 1422 3162 quod
1461 3095 1618 3164 plura
1667 3093 1722 3148 in
1758 3095 1849 3149 illo
1891 3097 2095 3151 circulo
2123 3081 2165 3138 ο

525 3197 689 3252 quam
743 3183 893 3248 alibi,
929 3192 1055 3239 sunt
1107 3185 1386 3248 animalia,
1421 3186 1545 3242 ideo
1588 3187 1744 3242 zodia
1796 3187 2095 3244 dicuntur?

527 3269 834 3328 Sunt‘enim
866 3274 922 3328 in
953 3274 1226 3329 sideribus
1253 3276 1501 3346 reliquis,
1533 3294 1656 3348 qum
1687 3295 1794 3332 non
1826 3288 1955 3334 sunt
1987 3278 2094 3345 ζώ-

521 3361 630 3429 δια,
660 3363 764 3418 hoc
792 3372 876 3420 est
918 3365 1234 3419 animalium
1283 3367 1598 3424 simulacra.
1633 3369 1716 3424 An
1761 3370 1885 3440 quia
1929 3386 2094 3442 gene-

522 3455 708 3510 thliaci
750 3457 1029 3512 hominum
1051 3473 1297 3528 geneses,
1332 3477 1396 3515 ac
1420 3462 1544 3516 vita:
1574 3463 1872 3534 mortisque
1901 3463 2094 3519 fatales

523 3547 703 3603 exitus
729 3563 796 3602 ex
847 3549 914 3604 iis
946 3559 999 3604 et
1050 3549 1489 3606 discurrentibus
1529 3564 1624 3622 per
1662 3569 1723 3608 ca
1751 3555 1982 3624 planetis
2010 3555 2096 3609 in—

522 3639 790 3709 quirunt?
839 3656 908 3694 an
949 3643 1074 3710 quia
1128 3657 1224 3710 per
1263 3642 1510 3697 eumdem
1574 3643 1864 3708 circulum,
1923 3659 2094 3715 eaque

523 3733 680 3800 signa
706 3731 934 3799 planetae
973 3732 1238 3786 circuitus
1273 3748 1404 3788 suos
1429 3733 1652 3798 obeunt,
1687 3750 1786 3790 nec
1809 3751 1838 3788 a
1870 3735 2093 3792 zodiaca

523 3821 941 3892 digrediuntur?
978 3822 1118 3877 Sunt
1141 3829 1323 3879 autem
1347 3825 1581 3895 planetze
1621 3840 1811 3882 omnes
1838 3829 2091 3883 animalia

523 3908 798 3980 quaedam,
837 3912 981 3980 quod
1019 3921 1212 3983 suapte
1246 3924 1440 3984 sponte
1477 3925 1814 3970 moveantur.
1859 3916 2093 3974 Planetae

524 4008 706 4076 autem
739 4001 808 4055 ab
837 4018 1025 4058 errore
1071 4013 1125 4058 ct
1166 4007 1452 4076 vagatione
1494 4006 1773 4064 dicuntur.
1821 4009 2091 4066 Interdum

522 4093 684 4148 etiam
709 4095 973 4150 circulum
1001 4097 1164 4153 istum
1188 4099 1399 4171 ἄλησιν,
1424 4101 1573 4157 idest
1588 4104 1939 4173 evagationem
1960 4105 2090 4160 solis

522 4187 819 4256 appellant,
856 4196 916 4243 ut
944 4189 1146 4246 Aratus
1165 4209 1180 4247 :

660 4279 1005 4358 {’artimuvero
1041 4283 1208 4338 borea!
1243 4296 1290 4338 et
1333 4288 1655 4358 eragationis
1689 4287 1818 4342 solis

659 4347 728 4403 In
761 4352 930 4406 medio
955 4367 1297 4426 sparguntur.

2269 2840 2449 2904 Ἀξιον
2478 2841 2534 2893 δὲ
2566 2841 2814 2911 ζητῆσαι,
2843 2842 2896 2894 τί
2926 2842 3124 2912 δήποτε
3153 2842 3252 2911 τῆς
3277 2842 3644 2903 Κασσιεπείας
3667 2839 3741 2892 καὶ

2208 2933 2580 3004 Ἀνδρομέδας,
2627 2933 2722 2986 καὶ
2766 2932 2873 2986 τῶν
2917 2933 3091 2987 ἄλλων
3133 2933 3368 2988 εἰδώλων
3413 2934 3474 2999 ἐξ
3524 2932 3740 3000 ἀστέρων

2201 3027 2592 3097 συγκειμένων,
2627 3025 2692 3079 τὰ
2723 3023 2788 3095 ιβ’
2820 3025 2978 3096 μόνον
3008 3025 3190 3089 ζώδια,
3218 3025 3287 3078 τὰ
3315 3026 3372 3079 δὲ
3404 3024 3567 3078 λοιπὰ
3592 3025 3740 3089 ἄστρα

2198 3117 2461 3172 καλεῖται.
2495 3119 2717 3189 Μήποτε
2742 3113 2834 3170 οὖν
2870 3117 2978 3170 άπδ
3009 3116 3116 3169 τῶν
3157 3116 3557 3180 πλεοναζόντων
3601 3115 3655 3165 ὲν
3683 3108 3741 3177 τῷ

2195 3209 2378 3280 κύκλῳ
2394 3207 2509 3272 ζῶα
2527 3211 2546 3240 ⁸
2567 3209 2779 3278 λέγεται
2796 3227 2809 3275 ;
2829 3208 2941 3262 ἔστι
2963 3208 3068 3280 γάρ
3091 3209 3148 3260 ὲν
3167 3211 3278 3270 τοῖς
3300 3207 3508 3269 λοιποῖς
3529 3206 3738 3275 ἄστροις,

2192 3300 2230 3356 ἃ
2260 3302 2332 3372 μή
2371 3301 2484 3353 ἐστι
2518 3299 2702 3364 ζώδια,
2729 3301 2972 3354 τουτέστι
3007 3299 3158 3364 ζώων
3189 3299 3402 3351 εἴδωλα·
3433 3299 3468 3367 ἢ
3498 3297 3650 3349 πάλιν
3676 3293 3738 3345 ὅτι

2194 3397 2244 3448 oi
2270 3394 2638 3463 γενεσιαλόγοι
2665 3393 2765 3457 τὰς
2783 3393 3023 3463 γενέσεις
3046 3391 3152 3445 τῶν
3173 3390 3270 3444 άνο
3280 3392 3499 3462 ρώπων,
3521 3384 3738 3453 καὶπερὶ

2194 3487 2339 3557 ζωῆς
2371 3488 2466 3539 καὶ
2499 3486 2748 3548 Θανάτου,
2794 3485 2930 3556 πρὸς
2964 3483 3135 3537 ταῦτα
3171 3481 3458 3542 σκοποῦσι,
3505 3479 3599 3534 καὶ
3635 3477 3736 3538 τοὺς

2193 3577 2320 3648 περὶ
2366 3575 2504 3629 αὐτὰ
2544 3574 2921 3646 διερχομένους
2965 3574 3278 3645 πλάνηταςο
3322 3573 3354 3642 ἢ
3400 3573 3481 3626 ὅτι
3516 3570 3639 3640 περὶ
3665 3567 3736 3620 τδν

2193 3669 2410 3735 κύκλον,
2449 3669 2543 3722 καὶ
2575 3668 2702 3740 περὶ
2732 3667 2871 3720 αὐτὰ
2899 3668 2950 3720 οἱ
2982 3667 3122 3721 ἑπτά
3148 3665 3418 3736 πλάνητες
3445 3661 3737 3733 περιφέρονο

2192 3780 2306 3826 ται,
2332 3763 2430 3833 οὐχ
2458 3760 2853 3832 ὑπερϐάλλουσι
2875 3760 2966 3813 τὸν
3003 3758 3262 3823 ζωδιακὸν
3300 3755 3520 3809 κύκλον.
3551 3752 3664 3807 Ζῶα
3689 3747 3734 3800 δέ

2193 3853 2298 3906 εἰσι
2318 3853 2411 3906 καὶ
2433 3846 2578 3906 οὗτοι
2597 3852 2646 3904 οἱ
2665 3850 2803 3904 ἑπτὰ
2825 3851 3114 3921 πλάνητες,
3136 3848 3214 3919 τῷ
3237 3847 3577 3915 αὑτοκίνητοι
3595 3839 3732 3895 εἶναι’

2193 3945 2458 4015 πλάνητες
2486 3945 2542 3997 δὲ
2575 3941 2864 3997 καλοῦνται
2899 3941 3052 4008 παρὰ
3077 3941 3174 4012 τὴν
3203 3939 3337 4010 άλην
3373 3939 3474 4009 τὴν
3506 3937 3594 3990 καὶ
3623 3932 3733 3986 πλά-

2192 4055 2308 4108 νην.
2345 4037 2500 4089 Ἔστι
2537 4035 2582 4089 δ’
2609 4037 2698 4089 ὅτε
2737 4034 2926 4088 τοῦτον
2967 4035 3057 4088 τὸν
3094 4031 3293 4086 κύκλον
3333 4032 3430 4084 καὶ
3469 4049 3488 4082 ι
3521 4029 3726 4098 άλησιν»

2191 4127 2543 4199 ὀνομάζουσιν
2577 4145 2594 4177 ι
2630 4126 2801 4197 ἡλίουο
2841 4146 2860 4180 ›
2895 4126 2970 4190 ὡς
2997 4126 3088 4180 καὶ
3122 4127 3376 4197 Ἀρατος⁶

2261 4309 2369 4364 Καὶ
2397 4311 2468 4363 τὰ
2483 4309 2602 4379 μὲν
2625 4305 2738 4364 οὖν
2759 4308 2972 4377 βορέω,
2996 4308 3093 4363 καὶ
3115 4307 3374 4374 ὰλήσιος
3405 4307 3621 4377 ἠελίοιο

2255 4381 2586 4449 Μεσσηγὺς
2619 4381 2955 4449 κέχυται....

591 4460 764 4532 Hujus
792 4464 981 4521 circuli
1009 4484 1222 4523 summa
1250 4478 1334 4526 est
1363 4472 1695 4543 magnitudo.
1729 4473 1897 4544 Cujus
1929 4475 2090 4530 dimi-

2268 4493 2420 4563 Ἔχει
2451 4491 2507 4545 δὲ
2538 4483 2690 4554 οὗτος
2722 4492 2750 4543 ὁ
2776 4489 2974 4555 κύκλος
3000 4489 3224 4561 μέγεθος
3256 4489 3528 4558 μέγιστον.
3569 4480 3722 4537 Ἀεὶδὲ

517 4551 608 4606 dia
637 4568 766 4624 pars
804 4557 908 4611 sub
940 4566 1086 4613 terra
1113 4561 1262 4618 latet.
1306 4562 1538 4633 Ideoque
1569 4581 1660 4619 sex
1694 4575 1955 4638 perpetuo
1993 4585 2088 4624 su-

2193 4585 2254 4638 τὺ
2280 4586 2450 4656 ἥμισυ
2481 4584 2585 4638 ὑπὸ
2616 4583 2722 4653 γῆν
2759 4583 2892 4654 ἔχει.
2937 4583 3027 4636 Διὸ
3054 4584 3148 4636 καὶ
3187 4581 3246 4646 ἓξ
3281 4582 3422 4653 ὑπὲρ
3461 4581 3558 4650 γῆν
3588 4577 3658 4631 ἀεὶ
3679 4576 3721 4625 ἐν

519 4661 616 4714 pra
666 4654 869 4702 terram
924 4650 1162 4707 interdiu
1211 4655 1452 4709 eminent
1514 4657 1702 4727 signa,
1754 4659 2088 4731 totidemque

2201 4650 2376 4748 ἡμέβᾳ
2402 4675 2516 4728 ἐστὶ
2546 4650 2730 4739 casa,
2755 4650 2847 4727 κᾶι
2877 4675 2934 4740 εξ
2968 4674 3072 4726 ὑπὸ
3102 4675 3203 4744 γῆν
3237 4676 3295 4726 ὲν
3326 4650 3500 4726 νυκτί.
3539 4673 3722 4733 Ἐπιση-

517 4747 679 4792 nocte
725 4740 828 4794 sub
869 4747 1073 4796 terram
1118 4744 1339 4800 condita
1371 4754 1518 4802 sunt.
1553 4747 1708 4814 Quod
1759 4750 1966 4807 Aratus
2001 4751 2086 4807 his

2201 4740 2440 4837 μαίνεται
2469 4765 2525 4818 δὲ
2557 4764 2712 4818 τοῦτο
2743 4766 2836 4818 καὶ
2865 4766 3096 4836 ’Ἄρατος
3115 4740 3314 4832 λέγων·

516 4831 698 4886 verbis
727 4833 900 4901 aperit
926 4853 941 4887 :

569 4943 675 4998 Sea:
703 4955 951 5014 perpetuo
981 4947 1224 5003 occidunt
1259 4949 1583 5009 duodecima:
1613 4968 1790 5026 partes
1822 4961 2028 5014 circuli.

585 5055 678 5109 Sic
707 5057 852 5111 enim
875 5057 1310 5118 dodecatemoria
1342 5066 1622 5138 signorum
1651 5073 1918 5128 nominat.
1950 5074 2086 5131 Nolo

515 5146 606 5201 hic
632 5163 718 5202 me
746 5148 1018 5219 quispiam
1053 5152 1377 5225 interpellet,
1412 5159 1780 5234 ohjiciatque:
1809 5165 1862 5220 Si
1894 5167 2086 5224 diebus

514 5236 746 5307 singulis
773 5253 937 5308 supra
967 5241 1215 5314 infraque
1239 5255 1438 5304 terram
1461 5268 1560 5323 par
1586 5255 1865 5324 signorum
1892 5274 2085 5315 nume-

513 5343 610 5382 rus
655 5331 906 5398 exsistat,
939 5348 1038 5390 cur
1083 5352 1192 5394 non
1229 5343 1468 5414 aequales
1495 5355 1623 5402 sunt
1652 5349 1882 5405 Invicem
1924 5329 2084 5408 dies?

513 5415 652 5516 Nam
678 5419 870 5479 hacde
888 5440 946 5480 re
973 5435 1087 5483 tum
1110 5447 1354 5503 agemus,
1384 5452 1507 5494 cum
1540 5437 1607 5496 de
1633 5450 1756 5497 ortu
1785 5445 2078 5516 cujuslibet

513 5510 654 5584 signi
693 5515 857 5571 verba
886 5517 1167 5582 faciemus.

585 5668 610 5702 ⁸
631 5669 676 5740 Ῑ.
711 5668 895 5736 (didm.

2267 4972 2368 5037 Ἓξ
2396 4971 2507 5026 αιει
2539 4970 2792 5025 δύνουσι
2821 4967 3188 5033 δυωδεκάδες
3214 4968 3478 5022 miniata.

2255 5083 2602 5146 Δυωδεκάδας
2630 5083 2738 5154 γὰρ
2766 5077 2886 5136 εἶπε
2923 5080 2993 5134 τὰ
3035 5079 3482 5150 δωδεκατημόρια
3514 5075 3608 5129 τῶν
3635 5072 3717 5134 ζω-

2185 5173 2325 5228 δίων.
2359 5175 2564 5244 Μηδεὶς
2591 5175 2647 5227 δὲ
2679 5174 2773 5228 νῦν
2805 5172 3155 5244 ὑποκρουέτω
3175 5171 3370 5240 λέγων·
3392 5172 3455 5224 ΕΞ
3479 5169 3588 5223 καθ’
3613 5161 3715 5216 ἑκὰ-

2192 5285 2323 5339 στην
2369 5267 2576 5338 ἡμέραν
2621 5267 2762 5339 ὑπὲρ
2800 5267 2903 5337 γῆν
2951 5266 3043 5320 καὶ
3095 5264 3201 5318 ὑπὸ
3254 5265 3360 5334 γῆν
3417 5263 3504 5316 ἴσα
3543 5259 3714 5328 γίνεται

2190 5358 2373 5424 ζώδια,
2409 5357 2526 5423 πῶς
2550 5359 2649 5413 οὐκ
2683 5359 2792 5412 ἴσαι
2827 5358 2964 5411 εἰσὶν
3009 5359 3064 5410 αί
3100 5356 3305 5429 ἡμέραι
3344 5354 3585 5428 ἀλλήλαις
3617 5345 3712 5406 ἀεῐ;

2201 5451 2461 5523 Ἐροῦμεν
2493 5451 2602 5524 γὰρ
2627 5453 2751 5524 περί
2783 5451 2992 5516 τούτου,
3018 5451 3146 5505 ὅταν
3179 5449 3309 5522 περλ⁹
3335 5445 3583 5516 ἀνατολῆς
3613 5435 3714 5493 ἑκά-

2193 5560 2314 5596 στου
2350 5543 2537 5609 ζωδίου
2569 5543 2832 5615 λέγωμεν.
