3816 6342
154 401 245 463 969
852 400 1170 462 ACHILLIS
1207 397 1391 457 TA'l‘ll
1423 398 1713 458 ISACOGE

1816 398 1851 454 D
1888 396 2100 455 ARATI
2141 394 2615 457 ΡΗᾸΞΝΟΜΕΝΑ.

3282 402 3403 464 λογο

215 517 422 574 Τούτου
439 519 537 573 τοῦ
562 514 760 573 κύκλου
778 518 872 573 τοῦ
891 517 1154 585 ζωδιακοῦ
1169 519 1229 573 τδ
1251 519 1349 591 μὲν
1384 519 1444 590 βο
1452 517 1622 591 ρειότε
1630 534 1713 589 ρον

1892 512 2115 569 Zodiaci
2143 515 2340 570 circuli
2382 529 2509 585 pars
2547 516 2658 580 illa,
2695 530 2815 585 qua:
2846 514 3083 573 maxime
3123 518 3302 590 vergit
3326 520 3395 575 ad

160 610 311 681 μέρος
344 610 657 679 ἐφάπτεται
672 609 765 664 τοῦ
786 608 997 682 θερινοῦ
1013 609 1275 683 τροπικοῦ
1308 611 1448 664 κατὰ
1466 610 1558 663 τὸν
1574 611 1724 682 Καρ-

158 703 313 767 κίνον,
332 703 399 756 τὸ
420 702 483 756 δὲ
509 702 823 775 νοτιώτερον
846 702 940 757 τοῦ
965 703 1271 776 χειμερινοῦ
1290 702 1551 775 τροπικοῦ
1584 703 1723 758 κατὰ

154 794 239 847 τὸν
263 794 642 867 Αίγοκέρωτα·
690 795 784 849 τοῦ
813 794 868 848 δὲ
907 796 1231 867 μεσαιτάτω
1276 795 1370 849 τοῦ
1407 794 1722 867 ίσημερινοῦ

154 885 287 940 κατὰ
315 887 412 941 δύο
439 888 606 960 μέρη,
633 889 725 942 καὶ
750 886 845 941 δύο
875 886 1060 957 ζώδια,
1083 889 1226 943 κατά
1244 906 1303 942 τε
1325 889 1493 960 Κριὸν
1513 890 1608 943 καὶ
1624 887 1723 953 τὰς

154 977 355 1049 Χηλὰς·
389 980 488 1033 καὶ
527 979 594 1051 δὴ
630 978 937 1051 τὲμνει’τὸν
974 981 1305 1053 ἰσημερινὸν,
1342 982 1438 1036 καὶ
1466 980 1722 1052 τέμνεται

155 1068 241 1123 ὑπ’
269 1069 458 1124 αὐτοῦ.
500 1070 631 1123 Ὅτε
673 1072 850 1126 τοίνυν
892 1073 984 1125 ἐπὶ
1016 1072 1085 1127 τὰ
1126 1073 1438 1148 βορειότερα
1473 1070 1583 1127 ἀπὸ
1613 1073 1723 1127 τῶν

150 1159 478 1234 ’νοτιωτὲρωί
500 1162 726 1234 ὑψοῦται
750 1167 779 1219 6
797 1164 968 1237 ἥλιος,
994 1166 1157 1239 μέχρι
1184 1168 1458 1240 Καρκίνου
1485 1166 1718 1237 γίνεται.

152 1253 239 1306 Διό
262 1255 353 1307 καὶ
387 1254 592 1326 θερμὸς
618 1257 746 1328 ἡμῖν
794 1258 1109 1324 ὑποπίπτει,
1160 1260 1254 1314 ἅτε
1300 1259 1528 1332 πλησίον
1559 1260 1721 1332 ἡμῶν

153 1344 239 1401 ὧν.
269 1346 559 1400 Ἐπέκεινα
589 1347 645 1401 δὲ
668 1349 941 1419 Καρκίνου
970 1352 1066 1422 οὐχ
1096 1352 1344 1421 ὑψοῦταιο
1376 1352 1511 1407 ἀλλὰ
1548 1370 1719 1423 προσο

155 1435 241 1490 ιὼν
280 1436 519 1491 ἐνταῦθα
559 1440 817 1511 τρέπεται
862 1444 955 1496 ἐπὶ
999 1444 1070 1496 τὰ
1123 1444 1292 1497 νότια’
1338 1446 1432 1497 καὶ
1473 1445 1719 1499 καλεῖται

151 1529 322 1603 θερινὴ
346 1531 529 1604 τροπὴ
555 1532 615 1585 τὸ
639 1534 696 1587 ὲν
723 1533 800 1604 τῷ
825 1534 1081 1606 Καρκίνῳ
1110 1533 1242 1605 ὕψος
1266 1534 1359 1588 τοῦ
1391 1535 1563 1607 ἡλίου.
1596 1537 1722 1590 Βοό-

149 1620 317 1674 λονται
355 1620 415 1675 δὲ
463 1622 670 1692 τροπὴν
714 1623 874 1676 αὑτὸν
921 1623 1189 1677 ποιεῖσθαι
1235 1625 1284 1676 οἰ
1331 1624 1434 1695 μὲν
1465 1626 1593 1695 περὶ
1620 1624 1719 1689 τὰς

149 1712 331 1783 ἀρχὰς,
369 1715 423 1766 οἱ
456 1713 515 1767 δὲ
547 1715 675 1786 περὶ
704 1714 895 1787 ὀγδόην
925 1719 1137 1789 μοῖραν,
1159 1718 1207 1770 οἱ
1237 1717 1294 1770 δὲ
1328 1714 1568 1790 περὶίβ’,
1596 1719 1719 1773 οἱόὲ

148 1807 266 1875 περὶ
291 1811 350 1857 ιε’
371 1804 468 1859 τοῦ
495 1806 792 1878 Καρκίνου.
810 1807 1029 1862 Κατιὼν
1048 1807 1103 1862 δὲ
1121 1810 1214 1862 ἐπὶ
1236 1808 1305 1863 τὰ
1326 1811 1472 1864 νότια
1494 1813 1522 1864 6
1542 1810 1711 1883 ἣλιος,

148 1896 273 1949 ἐπὰν
315 1896 463 1951 κατὰ
498 1897 592 1951 τοῦ
634 1899 951 1971 ἰσημερινοῦ
984 1901 1231 1972 γένηται,
1264 1902 1386 1955 τότε
1425 1904 1714 1975 ἰσημερίαν

146 1991 296 2044 ποιεῖ.
332 1990 491 2043 Ποιεϊ
514 1989 570 2043 δὲ
596 1990 754 2044 τοῦτο
774 1993 855 2056 δὶς
881 1992 975 2046 τοῦ
1000 1993 1265 2047 ὲνιαυτοῦ’
1300 1995 1484 2065 ἐπειδὴ
1512 1997 1605 2048 καὶ
1632 1995 1718 2059 δὶς

146 2077 440 2147 ἐφάπτεται
460 2079 557 2132 τοῦ
584 2081 918 2153 ίσημερινοῦ.
937 2083 1047 2136 Καὶ
1066 2085 1098 2153 ἡ
1125 2084 1223 2154 μὲν
1238 2084 1481 2139 καλεῖται
1502 2085 1712 2158 ἐαρινὴ,

142 2169 250 2241 ἡδὲ
285 2172 635 2245 μετοπωρινὴ
666 2175 945 2246 ίσημερία·
976 2175 1165 2246 ὲαρινὴ
1202 2178 1301 2246 μὲν
1330 2179 1386 2231 ἐν
1416 2177 1589 2249 Κριῷ,
1625 2178 1714 2231 ὅτε

144 2261 437 2331 ἐφάπτεται
478 2260 576 2316 τοῦ
619 2263 936 2335 ίσημερινοῦ
975 2264 1198 2319 κύκλου·
1249 2266 1596 2339 μετοπωρινὴ
1637 2267 1713 2333 δὲ,

143 2353 221 2406 ihs
255 2355 472 2423 γίνεται
514 2356 572 2409 ἐν
614 2355 853 2427 Χηλαῖς,
905 2358 1066 2411 πάλιν
1097 2358 1470 2430 ἐφαπτόμενος
1502 2358 1595 2412 τοῦ
1634 2362 1714 2413 ἰσ-

139 2447 415 2516 ημερινοῦ.
458 2446 593 2501 Ἀπὸ
618 2448 674 2501 δὲ
696 2449 890 2521 Χηλῶν
917 2451 1127 2505 κάτεισι
1143 2451 1458 2523 νοτιὼτερος
1487 2452 1591 2516 ἕως
1618 2454 1716 2505 Αί-

139 2537 456 2608 γοκέρωτοςο
481 2538 604 2591 τότε
633 2538 689 2592 δὲ
722 2539 1018 2610 ἐφάπτεται
1052 2544 1081 2595 6
1103 2541 1366 2605 ζωδιακὸς
1397 2543 1490 2595 τοῦ
1526 2561 1715 2614 χειμε-

143 2628 278 2696 ρινοῦ
300 2629 597 2701 τροπικοῦ,
626 2631 720 2684 καὶ
740 2632 768 2684 6
792 2631 943 2702 ἦλιος
973 2633 1132 2687 πάλιν
1172 2633 1279 2686 ἀπὸ
1311 2632 1418 2686 τῶν
1444 2634 1715 2689 ταπεινῶν

141 2722 223 2776 ἐπὶ
238 2722 304 2777 τὰ
330 2723 647 2796 ὑψηλότερα
671 2723 948 2797 τρέπεται·
974 2726 1066 2778 καὶ
1092 2726 1337 2779 καλεῖται
1364 2726 1538 2797 τροπὴ
1562 2726 1713 2798 ἡλίου

141 2813 174 2882 ἠ
204 2814 304 2867 ἀπὸ
328 2815 721 2887 ταπεινοτέρου
748 2817 839 2869 ἐπὶ
863 2816 925 2869 τὸ
958 2816 1285 2890 ὑψηλότερον
1321 2818 1534 2889 πορεία.
1578 2818 1716 2871 Ποτὲ

140 2901 191 2955 δὲ
211 2904 501 2975 Αἰγύπτιοι
528 2907 636 2960 ἀπὸ
663 2908 938 2979 Καρκίνου
962 2910 1054 2962 ἐπὶ
1080 2909 1425 2981 Αἰγοκέρωτα
1447 2909 1534 2962 τὸν
1559 2910 1713 2979 ἥλιον

141 2997 387 3050 κατιόντα
411 2995 672 3068 ὁρῶντες,
714 2998 810 3051 καὶ
850 2999 916 3051 ὲκ
961 2998 1312 3069 μακροτέρων
1346 2996 1714 3069 σμικρύνοντα

121 3082 232 3149 ’τὰς
261 3087 504 3159 ἡμέρας,
536 3086 818 3151 ἐπένθουν,
860 3087 1245 3159 εὐλαϐούμενοι
1285 3087 1359 3159 μὴ
1394 3087 1712 3159 καταδραχὺ

141 3179 404 3253 καταλίπῃ
431 3180 632 3244 αὐτοὺς
662 3182 691 3233 6
722 3180 891 3250 ἥλιος·
924 3181 1018 3233 καὶ
1048 3180 1192 3233 ἐστιν
1220 3182 1247 3233 ὀ
1284 3179 1472 3251 καιρὸς
1500 3173 1652 3243 οὗτος
1685 3181 1714 3232 6

140 3276 259 3343 παρ’
282 3274 472 3336 αὐτοῖς
502 3272 611 3326 τῶν
639 3272 987 3344 καλουμένων
1026 3273 1219 3327 Ἰσίων.
1271 3274 1422 3326 Ἐπεὶ
1458 3273 1515 3327 δὲ
1550 3273 1712 3327 πάλιν

137 3359 441 3418 ἀναϐαίνειν
478 3364 703 3435 ἤρξατο,
748 3366 842 3418 καὶ
882 3366 1226 3438 μακροτέρας
1258 3369 1429 3419 ποιεῖν
1456 3366 1553 3429 τὰς
1576 3367 1713 3437 ἡμέ-

140 3467 248 3520 ρας,
284 3455 591 3525 τηνικαῦτα
626 3455 1141 3527 λευχειμονήσαντες
1173 3459 1710 3529 ἐστεφανηφόρησαν.

138 3538 291 3608 Οὗτος
325 3549 354 3600 6
383 3546 610 3611 κύκλος,
655 3549 705 3599 εί
736 3548 1030 3621 διαιρεθείη
1073 3549 1153 3613 εἰς
1185 3548 1328 3603 ὀκτὼ
1369 3549 1506 3621 μέρη
1533 3590 1547 3614 ,
1592 3549 1715 3601 τέσ·

138 3647 270 3704 σαρα
288 3638 386 3707 μὲν
401 3636 516 3703 ἔξει
539 3639 681 3710 ὑπὲρ
700 3639 826 3710 γῆν,
846 3640 915 3693 τὰ
934 3642 990 3695 δὲ
1014 3642 1176 3715 ἔτερα
1197 3641 1438 3713 τέσσαρα
1459 3643 1564 3695 ὑπὸ
1584 3642 1708 3713 γῆν.

140 3725 294 3781 Ὥστε
326 3731 442 3784 ἴσον
478 3730 593 3801 ἔχει
624 3731 730 3785 ἀπὸ
762 3734 885 3805 γῆν,
918 3735 1009 3787 καὶ
1035 3734 1148 3788 ἴσον
1183 3736 1321 3808 ὑπὲρ
1349 3738 1474 3808 γῆν.
1510 3734 1709 3803 Τέμνει

134 3816 192 3871 δὲ
211 3820 302 3875 τὸν
331 3823 669 3895 ἰσημερινὸν,
697 3826 791 3879 καί
821 3826 1079 3898 τέμνεται
1105 3828 1195 3881 ὑπ’
1228 3827 1414 3881 αὐτοῦ.

605 4026 747 4094 Περὶ
781 4025 887 4079 τοῦ
922 4026 1237 4096 γαλαξίου.

208 4112 282 4167 κδ’
288 4156 302 4172 .
345 4116 405 4170 '0
434 4116 493 4169 δὲ
522 4115 788 4186 γαλαξίας
823 4119 1035 4190 εἴρηται
1063 4102 1183 4190 μὲν,
1217 4118 1294 4182 ὡς
1325 4117 1471 4172 ἔστιν
1490 4118 1706 4191 ὁρατὸς,

140 4197 234 4251 καὶ
253 4205 407 4270 pluo;
426 4206 520 4261 ἐπὶ
538 4207 639 4279 τῆς
662 4207 895 4281 σφαίρας
915 4208 1190 4280 αἰσθητὸς,
1214 4210 1322 4263 τῶν
1346 4210 1520 4265 ἄλλων
1541 4211 1711 4265 ὄντων

138 4284 359 4353 νοητῶν.
398 4287 537 4361 Περὶ
569 4296 629 4349 δὲ
668 4296 856 4351 τούτου
902 4298 1067 4369 φησὶν
1113 4298 1505 4372 Ἐρατοσθένης
1544 4301 1601 4352 ὲν
1633 4297 1710 4370 τῷ

132 4375 560 4447 Καταμερισμῷ
625 4385 994 4461 μυθικώτερον
1046 4388 1137 4441 τὸν
1184 4388 1451 4457 γαλαξίαν
1506 4386 1712 4443 κύκλον

134 4468 408 4535 γεγονέναι
429 4471 496 4524 ἐκ
521 4471 615 4524 τοῦ
642 4474 742 4545 τῆς
767 4476 840 4528 Ἥ
847 4494 943 4548 ρας
964 4480 1250 4547 γάλακτος.
1276 4480 1383 4535 Τοῦ
1404 4481 1518 4553 γὰρ
1547 4482 1712 4553 Ἦρα..

132 4558 319 4624 κλέους
345 4562 425 4615 ἔτι
453 4563 688 4636 βρέφους
713 4567 884 4632 ὄντος,
917 4574 1011 4625 καὶ
1038 4573 1126 4626 τὸν
1150 4574 1355 4645 μαστὸν
1388 4575 1489 4647 τῆς
1522 4575 1706 4646 Ἥρας

131 4648 571 4726 ἐπισπασαμένου
600 4658 975 4733 σφοδρότερον,
994 4664 1208 4736 ἐκείνην
1230 4667 1580 4722 ἀντισπάσαυ
1610 4669 1711 4722 καὶ

129 4739 196 4792 οὗ
209 4758 273 4796 ’ω
320 4747 701 4818 περιχυθέντος
735 4750 828 4804 τοῦ
868 4753 1159 4821 γάλακτος,
1190 4757 1390 4812 κύκλον
1428 4759 1705 4829 γενέσθαι,

129 4835 413 4902 παγέντος.
447 4838 523 4892 T6
549 4839 607 4893 δὲ
645 4841 775 4895 αὐτὸ
802 4844 910 4898 καὶ
951 4846 1044 4899 ἐπὶ
1071 4847 1167 4900 τοῦ
1205 4848 1409 4921 Ἐρμοῦ
1442 4850 1590 4919 λέγει
1618 4868 1709 4921 γε-

130 4927 384 5016 γενῇσθαι
425 4931 841 5007 Ἐρατοσθένης,
885 4936 962 5002 ὡς
997 4939 1107 5012 ἄρα
1152 4942 1182 4993 6
1228 4940 1437 5014 Ἐρμῆς
1477 4943 1572 4997 τοῦ
1607 4962 1709 5016 μα-

131 5014 259 5104 στοῦ
284 5018 590 5089 τῆςΊΙμις
624 5026 918 5085 ἐσπάσατο.
959 5031 1143 5085 Ἀλλοι
1166 5032 1223 5086 δὲ
1261 5036 1326 5087 ὲκ
1364 5034 1465 5104 τῆς
1505 5014 1709 5104 συμϐο-

128 5103 229 5195 ξιῆς
259 5108 363 5163 τῶν
392 5108 488 5163 δύο
528 5112 1162 5193 ἡμισφαιρίων-λέγουσι
1200 5124 1362 5180 αὑτὸν
1400 5103 1703 5195 γεγονέναι.

130 5191 345 5270 Ἕτεροι
379 5201 437 5255 δέ
470 5218 657 5271 φασιν,
693 5196 771 5259 ὧν
797 5206 915 5260 ἐστι
942 5191 1040 5262 καὶ
1064 5191 1420 5289 Οἰνωπίδηςο
1438 5191 1590 5282 Χῖος,
1623 5218 1706 5271 ὃτι

128 5290 390 5379 πρότερον
427 5294 573 5350 κατὰ
599 5295 791 5351 τούτου
836 5299 1063 5372 ἐφέρετο
1105 5307 1137 5359 6
1180 5307 1353 5379 ἥλιος,
1402 5310 1490 5365 διὰ
1535 5309 1595 5363 δὲ
1636 5310 1707 5364 τὰ

128 5378 386 5441 Θυέστεια
413 5388 607 5443 δεῖπνα
633 5390 977 5466 ἀπεστράφη,
1008 5397 1102 5449 καὶ
1128 5378 1225 5470 τὴν
1259 5390 1706 5472 ἐναντίαντούτιρ

126 5475 417 5548 ’πεποίηται
441 5481 769 5553 περιφορὰν,
795 5482 863 5553 ἢν
889 5482 985 5538 νῦν
1011 5491 1340 5559 περιγράφει
1368 5493 1398 5545 6
1420 5493 1702 5558 ζωδιακός.

135 5560 288 5655 ’ξεῖ-ει
315 5569 370 5623 δὲ
397 5571 645 5642 μυθῶδες
679 5573 838 5628 τοῦτο
862 5576 969 5630 καὶ
1004 5577 1218 5648 ψεῦδος.
1254 5580 1318 5632 Τί
1346 5583 1458 5653 γὰρ
1485 5584 1706 5655 ἐροῦσιν

126 5651 187 5702 οἱ
211 5657 374 5714 ταῦτα
403 5662 653 5733 λέγοντες
690 5665 820 5738 περὶ
850 5667 950 5738 τῆς
988 5668 1220 5742 σελήνης
1257 5673 1351 5725 καὶ
1390 5651 1497 5726 τῶν
1519 5651 1703 5728 ⁷πέντε

131 5742 403 5819 ἅπέρωη
439 5755 514 5807 06
542 5754 652 5827 γὰρ
687 5755 751 5828 δὴ
779 5758 875 5810 καὶ
904 5752 1049 5811 οὗτοι
1079 5742 1169 5813 διὰ
1200 5762 1268 5815 τὰ
1296 5762 1557 5816 Θυέστεια
1592 5765 1703 5817 δεῖ-

108 5849 241 5890 ’τινα
267 5842 710 5920 ἀπεστράφησαν.
748 5850 932 5904 Ἀλλοι
971 5851 1028 5906 δὲ
1066 5855 1128 5906 ἐκ
1165 5855 1375 5928 μικρῶν
1407 5858 1570 5925 πάνυ,
1603 5859 1699 5914 καὶ

446 5943 723 6005 Parnm.
757 5944 875 6006 Gn.
914 5946 1092 6009 XIX.

1825 605 2152 675 aquilonem,
2189 606 2457 676 tropicum
2485 606 2736 662 azstivum
2759 607 3030 679 contingit
3057 609 3116 664 in
3143 608 3394 678 Cancro;

1823 713 1944 769 quae
1970 714 2097 755 vero
2121 700 2356 755 maxime
2382 686 2466 755 est
2496 701 2776 767 australis,
2810 701 3100 760 hibernum
3123 704 3396 775 tropicum

1825 790 1997 860 tangit
2035 790 2089 845 in
2122 788 2501 862 Capricorno;
2528 793 2767 849 medium
2796 795 3084 850 amborum
3129 788 3397 852 circulum

1822 882 2255 951 aequinoctialem
2295 883 2352 938 in
2389 883 2604 941 duabus
2641 886 2911 956 partibus,
2951 901 3016 942 ac
3052 887 3225 958 signis
3255 889 3395 945 duo-

1788 978 1795 985 '
1821 973 1946 1037 bus,
1971 974 2154 1030 Ariete
2175 989 2239 1030 ac
2270 974 2455 1031 Libra.
2482 975 2652 1043 Quem
2678 978 2929 1035 eumdem
2968 979 3235 1035 circulum
3258 981 3399 1036 bifa-

1824 1063 1959 1118 riam
1985 1073 2156 1128 secat,
2187 1074 2242 1119 et
2261 1066 2508 1123 vicissim
2538 1068 2607 1121 ab
2630 1082 2696 1124 eo
2722 1077 2959 1124 secatur.
2985 1067 3153 1141 igitur
3173 1072 3397 1142 quando

1820 1156 1904 1211 sol
1934 1156 2003 1212 ab
2035 1157 2365 1216 australibus
2395 1159 2643 1230 partibus
2665 1161 3202 1220 recedensboreales
3232 1177 3395 1220 scan‘

1821 1248 1921 1314 dit,
1965 1248 2033 1304 ad
2080 1249 2348 1308 Cancrum
2398 1268 2572 1323 usque
2620 1254 2884 1324 pervenit.
2917 1253 3211 1326 Propterea
3262 1263 3394 1309 tunc

1824 1343 1981 1398 n6bis
2019 1343 2296 1399 ardentior
2327 1345 2547 1411 accidit,
2584 1353 2770 1417 utpote
2814 1348 3194 1419 propinquior.
3236 1347 3392 1404 Ultra

1821 1434 2092 1490 Cancrum
2143 1452 2253 1491 non
2283 1437 2586 1505 attollitur;
2625 1437 2721 1494 sed
2765 1454 2831 1495 eo
2859 1454 2984 1495 cum
3024 1441 3281 1505 accessit,
3323 1440 3392 1493 ad

1823 1535 2067 1582 austrum
2112 1526 2446 1596 reﬂectitur;
2480 1530 2892 1601 appellaturque
2924 1531 3212 1587 conversio
3261 1532 3391 1584 alti-

1820 1616 1953 1672 tudo
1976 1619 2064 1671 illa
2089 1619 2220 1675 solis
2250 1620 2304 1674 in
2324 1618 2558 1675 Cancro.
2587 1620 2737 1676 lianc
2759 1637 2922 1692 porro
2950 1624 3390 1688 conversionem,

1821 1709 1935 1764 sive
1963 1710 2255 1765 solstitium
2281 1711 2370 1765 alii
2403 1711 2558 1767 initio
2581 1711 2780 1768 Caneri
2815 1713 2931 1769 ﬁeri
2956 1715 3175 1784 volunt;
3211 1714 3303 1769 alii
3334 1716 3392 1769 in

1819 1812 2007 1856 octava
2043 1814 2234 1872 parte;
2270 1804 2361 1857 alii
2382 1804 2532 1858 circa
2561 1802 2971 1873 duodecimam;
3000 1806 3092 1861 alii
3118 1808 3265 1861 circa
3293 1807 3392 1862 de-

1818 1893 2013 1947 cimam
2041 1895 2314 1965 quintam.
2340 1895 2469 1952 Inde
2495 1899 2577 1953 sol
2601 1897 2657 1952 in
2689 1910 2935 1953 austrum
2961 1898 3238 1968 delapsus,
3262 1911 3390 1952 cum

1817 1985 2256 2055 aequinoctialem
2280 1989 2478 2060 attigit,
2512 1990 2898 2062 aequinoctium
2923 1988 3053 2044 facit
3076 2007 3090 2058 ;
3114 1989 3277 2061 idque
3305 1988 3391 2044 bis

1818 2079 2134 2146 quotannis,
2171 2080 2333 2136 toties
2365 2082 2509 2135 enim
2540 2083 2976 2153 aequinoctialem
3004 2084 3242 2155 attingit.
3278 2082 3391 2137 Ilo-

1818 2184 1939 2222 rum
1981 2170 2213 2224 alterum
2261 2171 2650 2241 aequinoctium
2705 2189 2972 2241 vernum;
3017 2175 3249 2229 alterum
3289 2187 3393 2237 au-

1817 2264 2060 2319 tumnale
2116 2264 2336 2319 dicitur.
2377 2263 2618 2320 Vernum
2661 2265 2720 2320 iit
2762 2267 2815 2320 in
2846 2268 3054 2330 Ariete,
3095 2267 3183 2322 ubi
3215 2267 3396 2321 circae

1818 2354 1928 2409 lum
1950 2355 2384 2426 aequinoctialem
2413 2358 2605 2428 tangit.
2636 2358 2966 2413 Autunmale
2994 2358 3049 2412 in
3081 2357 3272 2426 Libra;
3298 2358 3395 2414 ubi

1817 2462 2010 2502 rursus
2034 2447 2285 2503 eumdem
2320 2449 2588 2504 circulum
2616 2449 2850 2520 attingit.
2874 2449 2919 2502 A
2947 2448 3111 2505 Libra
3132 2449 3393 2519 deinceps

1816 2540 1875 2593 in
1903 2548 2150 2594 austrum
2200 2541 2373 2610 magis
2401 2555 2465 2594 ac
2508 2540 2681 2611 magis
2727 2540 2954 2605 recedit,
2994 2540 3242 2611 adusque
3287 2540 3394 2597 Ca-

1816 2632 2155 2702 pricornum,
2191 2631 2284 2685 ubi
2335 2632 2595 2689 zodiacus
2636 2634 2904 2703 tropicum
2951 2633 3238 2688 hibernum
3263 2648 3394 2687 con-

1816 2722 1979 2792 tingit
2011 2741 2024 2776 :
2069 2735 2134 2776 ac
2167 2721 2247 2776 sol
2291 2737 2483 2778 rursus
2509 2736 2539 2776 a
2568 2722 2955 2793 dejectioribus
2996 2723 3185 2781 mundi
3225 2722 3394 2793 partio

1791 2811 1920 2866 'bus
1949 2811 2016 2865 ad
2040 2811 2261 2867 altiores
2285 2813 2641 2866 convertitur.
2671 2812 2801 2879 Quae.
2829 2812 3045 2884 quidem
3077 2813 3145 2868 ab
3171 2813 3395 2867 inferio-

1815 2903 1967 2959 ribus
2002 2903 2069 2957 ad
2107 2904 2277 2958 ardua
2298 2903 2574 2973 migratio,
2611 2906 2745 2960 solis
2776 2905 3065 2960 conversio
3100 2904 3209 2959 dici
3233 2905 3390 2961 solet.

1817 2994 2059 3067 Egyptii
2089 2995 2364 3065 quondam
2392 2999 2561 3050 solem
2601 2996 2850 3051 videntes
2884 3009 2914 3049 a
2947 2994 3162 3050 Cancro
3189 2996 3255 3049 ad
3288 2995 3396 3050 Ca-

1815 3088 2134 3157 pricornum
2166 3087 2521 3152 descendere,
2550 3103 2614 3142 ac
2655 3089 2930 3159 longiores
2977 3089 3394 3145 coutrahcntem

1816 3179 1958 3243 dies,
2009 3179 2191 3249 lugere
2233 3189 2653 3245 consueverant,
2703 3181 2857 3235 veriti
2896 3197 2964 3236 ne
3003 3183 3264 3252 paulatim
3311 3182 3395 3239 sei

1815 3289 1911 3329 eos
1936 3272 2287 3341 relinqueret.
2314 3272 2469 3338 Quod
2505 3279 2719 3342 tempus
2766 3272 3040 3329 incidebat
3070 3275 3126 3328 in
3161 3273 3393 3329 lsiorum

1814 3362 2035 3418 festum.
2079 3362 2251 3418 Simul
2282 3373 2445 3433 atque
2484 3378 2612 3418 vero
2638 3364 3009 3420 conscendere
3037 3376 3296 3434 cmperat.
3329 3380 3395 3418 ac

1815 3454 2025 3509 dierum
2058 3455 2232 3524 spatia
2271 3456 2609 3525 producere;
2642 3462 2772 3509 tunc
2803 3456 2994 3519 albati,
3036 3458 3395 3527 coronatique

1812 3546 2123 3616 prodibant.
2157 3544 2445 3602 Postremo
2480 3547 2724 3602 circulus
2757 3547 2860 3602 iste
2883 3548 2928 3602 si
2964 3548 3019 3601 in
3055 3558 3182 3602 octo
3214 3558 3393 3618 partes

1813 3638 2106 3703 tribuatur,
2142 3637 2338 3693 harum
2369 3655 2537 3710 supra
2569 3648 2772 3695 terram
2813 3649 3050 3711 quatuor
3074 3650 3390 3712 emergent;

1816 3730 2041 3800 reliqua:
2070 3729 2210 3786 infra
2249 3741 2448 3788 terram
2481 3740 2717 3803 quatuor
2753 3744 2914 3789 erunt
2941 3734 3188 3788 occultas.
3220 3734 3295 3788 ita
3325 3750 3390 3788 ex

1812 3839 1969 3896 teque
2000 3842 2186 3897 supra,
2221 3827 2473 3899 infraque
2504 3838 2705 3883 terram
2749 3843 2872 3884 sese
2902 3827 3169 3883 continet.
3196 3825 3396 3898 Equi-

1811 3918 2103 3973 noctialem
2136 3929 2315 3974 autem
2340 3928 2508 3983 secat,
2544 3929 2598 3975 et
2627 3920 2695 3974 ab
2724 3935 2790 3975 eo
2816 3919 3059 3975 vicissim
3085 3930 3321 3975 secatur.

2333 4034 2408 4088 De
2440 4033 2607 4089 lacteo
2649 4035 2847 4089 circulo

1882 4124 1973 4181 24.
2002 4122 2259 4182 Lacteum
2301 4126 2567 4182 circulum
2603 4127 2781 4180 solum
2805 4140 2873 4181 ex
2907 4115 3184 4190 omnibus,
3210 4125 3303 4197 qui
3337 4125 3395 4191 in

1813 4217 2026 4287 sphaera
2063 4226 2213 4282 sunt,
2266 4219 2654 4288 aspectabilem
2696 4230 2839 4283 esse,
2878 4231 2943 4270 ac
2971 4231 3137 4271 sensu
3188 4220 3396 4289 percipi

1809 4308 1923 4378 jam
1967 4310 2243 4377 diximus;
2287 4325 2414 4365 cum
2472 4310 2654 4365 caeteri
2701 4304 2817 4365 sola
2851 4308 3215 4378 intelligentia
3260 4324 3396 4363 con-'-

1801 4409 1979 4457 ‘stent.
2032 4401 2108 4457 De
2146 4400 2252 4456 hoc
2286 4401 2566 4455 fabulatur
2608 4399 3002 4455 Eratosthenes
3035 4399 3091 4453 in
3127 4414 3193 4454 eo
3228 4400 3392 4464 libro,

1813 4494 1909 4563 qui
1940 4479 2405 4561 Καταμερισμός,
2445 4492 2499 4546 id
2536 4503 2619 4547 est
2646 4482 2899 4554 Partitio,
2933 4491 3233 4560 inscriptus
3276 4494 3391 4557 est;

1814 4593 1881 4635 ex
1909 4578 2142 4635 Junonis
2174 4581 2315 4635 lacte
2344 4587 2528 4635 ortum
2574 4580 2857 4636 habuisse.
2883 4578 3016 4632 Nam
3048 4593 3174 4634 cum
3207 4579 3392 4636 infans

1811 4672 1991 4727 adhuc
2019 4672 2281 4729 Hercules
2306 4668 2550 4729 ‘Junonis
2588 4671 2846 4743 papillam
2877 4671 3257 4727 vehementius
3294 4686 3391 4726 ex-

1811 4773 2070 4835 sugeret;
2122 4780 2353 4836 eamque
2391 4777 2585 4821 contra
2615 4765 2708 4820 illa
2760 4763 3109 4850 retraxisset:
3152 4762 3427 4829 eﬂ'usum.

1809 4871 1934 4912 esse
1964 4857 2069 4923 lac,
2100 4864 2155 4911 et
2181 4856 2295 4929 86
2331 4873 2398 4913 eo
2426 4866 2825 4914 concrescente'
2849 4857 3115 4912 circulum
3140 4872 3265 4913 esse
3303 4854 3387 4910 fa-

1809 4954 1992 5012 ctum;
2024 4947 2171 5016 quod
2200 4947 2384 5016 ipsum
2410 4954 2466 5002 et
2486 4946 2758 5002 Mercurio
2791 4946 3089 5018 contigisse
3109 4945 3387 5001 memoria:

1802 5036 1991 5109 prodit
2049 5035 2461 5104 Eratosthenes,
2498 5036 2830 5095 uthunOnis
2870 5050 3165 5092 mammam
3200 5037 3385 5092 trahe-

1810 5136 1911 5183 ret.
1946 5128 2054 5183 Alii
2082 5144 2151 5183 ex
2190 5128 2699 5201 hemisphaeriorum
2743 5132 2977 5187 duorum
3019 5129 3383 5186 commissura

1807 5220 1926 5276 ﬁeri
1958 5228 2204 5277 censent.
2237 5222 2366 5288 Alii,
2395 5233 2456 5277 ut
2482 5223 2797 5296 (Enopides
2824 5224 3015 5290 Chius,
3044 5230 3380 5288 asseverant,

1783 5314 1979 5369 solem
2008 5322 2169 5369 antea
2206 5316 2308 5371 iter
2340 5316 2471 5372 illac
2501 5316 2725 5383 fecisse,
2758 5319 2932 5374 donec
2961 5326 3182 5387 propter
3202 5314 3381 5386 Thye-

1808 5412 1957 5461 steas
1985 5407 2176 5475 epulas
2212 5421 2463 5474 aversus,
2503 5409 2841 5464 contrariam
2868 5409 3009 5463 viam
3047 5407 3214 5479 coepit
3243 5406 3382 5463 insi-

1808 5502 1974 5561 stere,
2005 5510 2170 5568 quam
2204 5497 2468 5554 zodiacus
2493 5498 2656 5553 modo
2696 5497 2981 5553 describit.
3012 5495 3118 5551 Sed
3148 5495 3264 5551 haec
3282 5494 3380 5565 {fa-

1807 5586 2002 5644 bulosa
2050 5594 2198 5643 sunt.
2233 5586 2369 5643 Nam
2409 5589 2545 5661 quid
2573 5590 2759 5644 dicent
2797 5588 2892 5657 qui
2919 5589 2994 5642 ita
3034 5587 3275 5642 sentiunt
3308 5586 3380 5643 de

1807 5680 1959 5748 luna,
1990 5686 2044 5735 et
2067 5679 2311 5750 quinque
2335 5681 2596 5752 reliquis?
2625 5679 2746 5743 Non
2791 5680 2936 5734 enim
2978 5679 3047 5734 ob
3066 5676 3379 5748 Thyesteas

1807 5769 1975 5839 dapes
2000 5769 2163 5824 etiam
2194 5769 2285 5825 isti
2331 5785 2453 5825 sese
2482 5768 2829 5824 reﬂexerunt.
2865 5768 3004 5821 Sunt
3036 5766 3377 5838 qui'perexi-

1806 5862 1929 5932 guis
1982 5878 2045 5919 ac
2088 5861 2297 5918 crebris
2326 5862 2584 5929 e'stellis,
2616 5877 2736 5932 quae
2766 5861 2837 5916 ob
2883 5860 3005 5915 (λιιιιί
3039 5876 3069 5912 a
3116 5860 3378 5914 terraei-
