3816 6310
484 369 583 425 9Ὶ1
1244 368 1247 371 ⁷
1516 360 1609 416 AD
1639 359 1907 416 EUSEBII
1947 359 2345 419 CHRONlCON
2377 306 2750 417 :U’PENDIX.
3634 360 3724 418 θη

486 488 747 547 stantiam
780 487 1091 544 coalescere
1110 483 1382 546 videntur,
1414 480 1725 537 coniectum
1761 482 1913 537 illum
1944 483 2063 538 exi-

2191 484 2635 555 τεπυκνωμένων,
2665 484 2759 536 καὶ
2790 484 2921 555 ἡμῖν
2950 481 3250 536 δοκούντων
3280 480 3544 553 ἡνῶσθαι,
3577 481 3657 535 διὰ
3677 482 3729 537 :6

422 594 459 657 ξ,
486 582 712 639 stimant
732 597 747 635 :
768 581 916 636 velut
939 578 987 634 si
1009 578 1132 649 quis
1152 576 1381 632 minutis
1408 575 1729 647 crebrisque
1752 578 1884 632 salis
1908 576 2068 632 micis

2191 574 2449 646 ἰιάστημα
2474 574 2535 627 τὸ
2564 574 2674 627 ἀπὸ
2706 573 2799 627 τοῦ
2833 571 3069 645 οὐρανοῦ
3097 574 3187 626 ἐπὶ
3216 573 3316 644 τὴν
3343 573 3473 642 γῆν,
3508 572 3728 646 ἀστέρων

490 671 695 743 aliquid
732 672 1029 741 inspergat.
1057 669 1163 725 Sed
1192 668 1382 724 nescio
1404 682 1475 722 an
1498 683 1606 722 non
1635 669 1706 722 sit
1729 668 2068 739 probabilius

491 766 664 832 dictu,
691 779 760 819 ex
793 763 1032 818 nubibus
1083 777 1207 818 eum
1242 760 1473 818 conﬂari
1524 761 1640 815 sive
1678 760 2066 816 condensatio-

491 874 618 914 nem
665 857 808 913 aeris
846 870 971 911 esse
1009 856 1394 925 pellucentem,
1438 868 1560 923 quae
1603 852 1795 907 circuli
1836 854 2071 921 speciem

491 951 677 1006 habet.
711 947 887 1019 Hujus
914 963 1048 1004 sane
1073 947 1321 1003 meminit
1345 947 1547 1003 Aratus
1582 946 1668 1002 bis
1692 945 1874 1001 verbis
1906 963 1917 997 :

494 1152 642 1211 Illud
671 1153 893 1224 insigne,
928 1149 1235 1216 rotundum,
1266 1150 1350 1204 lac
1388 1149 1558 1218 ipsum
1598 1147 1891 1202 nominant.

562 1247 673 1302 Lac
732 1246 881 1301 enim
931 1243 1056 1300 ideo
1094 1249 1317 1307 vocant,
1363 1240 1510 1313 quod
1557 1239 1847 1310 γαλαξίου,
1885 1237 1939 1293 id
1988 1248 2076 1295 est

500 1356 520 1390 ι
552 1339 733 1405 lactei,
760 1357 780 1390 ι
812 1351 1012 1391 nomen
1040 1350 1235 1390 versus
1264 1334 1404 1390 ratio
1445 1348 1553 1388 non
1593 1331 1922 1387 admitteret.
1960 1327 2078 1384 Ca:-

494 1439 674 1485 terum
704 1443 734 1481 a
773 1426 1014 1482 candore
1058 1426 1217 1481 lactis
1258 1424 1334 1478 ita
1393 1430 1761 1492 nuncupatur.
1798 1419 1895 1475 Est
1930 1420 2076 1497 enim

494 1522 766 1578 candidus
806 1527 861 1577 et
901 1529 1275 1590 transparens.
1317 1516 1423 1585 Qui
1460 1515 1751 1586 sphaeram,
1799 1520 1853 1568 et
1891 1512 2077 1568 zodia-

496 1630 624 1669 cum
658 1603 958 1678 circulum,
993 1620 1047 1667 et
1087 1607 1526 1680 aequinoctialem
1574 1605 1824 1660 bifariam
1857 1604 2075 1669 dividit,

495 1708 568 1765 ab
595 1707 774 1779 iisque
804 1712 997 1759 mutuo
1035 1702 1320 1766 dividitur,
1350 1715 1475 1755 cum
1504 1700 1575 1755 sit
1596 1698 1841 1769 aequalis.

841 1815 919 1870 De
945 1815 1171 1886 quinque
1194 1811 1470 1883 parallelis
1505 1810 1741 1864 circulis.

567 1909 663 1967 25.
693 1908 946 1978 Quinque
971 1912 1100 1961 sunt
1122 1904 1367 1975 paralleli
1398 1903 1591 1959 circuli
1627 1921 1639 1957 :
1685 1902 1943 1969 arcticus,
1983 1902 2076 1973 qui

501 2004 569 2056 ad
607 2001 919 2072 aquilonem
961 1999 1188 2070 prOpius
1232 1996 1475 2063 accedit,
1520 1994 1692 2051 Ursas
1726 1994 1868 2049 intra
1923 2010 1983 2050 se
2024 2001 2079 2049 et

502 2094 808 2149 Draconem
826 2093 1113 2149 continens
1129 2110 1143 2159 ;
1162 2100 1216 2147 et
1233 2091 1282 2147 ei
1300 2089 1587 2161 oppositus
1606 2088 1890 2153 australis,
1911 2104 2079 2159 quem

502 2185 869 2239 antarcticum
916 2191 1137 2239 vocant.
1188 2182 1454 2253 Tropicus
1486 2180 1712 2236 aestivus
1754 2188 1879 2251 post
1918 2182 2082 2236 arcti-

501 2292 662 2342 cum;
692 2277 957 2333 hibernus
988 2275 1236 2348 tropicus
1269 2283 1393 2347 p0st
1423 2274 1808 2330 antarcticum.
1843 2275 2082 2343 Quintus

502 2364 699 2420 borum
730 2367 973 2421 omnium
1011 2366 1227 2422 medius
1267 2377 1352 2422 est
1384 2365 1805 2437 aequinoctialis,
1848 2369 1966 2437 pari
2000 2368 2084 2421 in-

498 2458 729 2513 tervallo
766 2458 979 2514 distans
1010 2458 1079 2512 ab
1130 2458 1320 2514 aestivo
1358 2459 1694 2529 hibernoque
1724 2461 1955 2529 tropico.
1992 2459 2085 2515 Est

501 2558 683 2605 autem
731 2552 971 2606 arcticus
1014 2551 1366 2605 minimorum
1399 2568 1562 2617 unus,
1594 2552 1685 2622 qui
1724 2552 1868 2607 circa
1902 2554 2082 2623 polum

506 2642 770 2714 descripti
795 2651 945 2708 sunt,
972 2644 1208 2700 medium
1233 2646 1433 2716 ipsum.
1465 2645 1612 2701 velut
1634 2657 1905 2711 centrum,
1935 2662 2085 2700 com-

500 2736 767 2807 plectens,
790 2736 883 2807 qui
914 2737 1156 2792 arcticus
1183 2745 1404 2809 propter
1438 2736 1629 2802 Ursas,
1663 2754 1800 2808 quas
1829 2754 2083 2809 compre-

504 2830 734 2897 hendit;
783 2842 837 2884 et
862 2830 1125 2895 borealis,
1172 2830 1320 2900 quod
1367 2829 1435 2884 ad
1482 2846 1601 2885 eam
1646 2831 1835 2884 mumli
1875 2839 2082 2901 partem

503 2923 702 2992 vergit,
751 2922 1095 2991 appellatur:
1145 2921 1289 2977 idem
1336 2938 1611 2993 apparens
1664 2921 1886 2986 dicitur,
1936 2923 2082 2993 quod

505 3026 723 3082 semper
765 3013 1002 3077 eminet,
1057 3029 1155 3069 nec
1191 3014 1392 3069 occidit
1439 3030 1701 3085 unquam.
1744 3014 1883 3070 lluic
1914 3031 2086 3086 oppo-

507 3106 647 3161 situs
675 3106 936 3161 australis
956 3108 1218 3177 aequalem
1260 3121 1384 3161 cum
1412 3122 1478 3162 eo
1507 3107 1673 3163 situm
1706 3108 1890 3173 habet,
1922 3117 2085 3179 atque

2174 666 2338 720 αὑτὸν
2366 661 2508 721 εἷναί
2550 683 2732 736 φασιν·
2762 666 2838 730 ὡς
2862 665 3015 729 εἴτις
3037 666 3160 719 ἀλσὶ
3184 664 3403 729 λεπτοῖς
3427 682 3489 718 τε
3510 666 3603 719 καὶ
3623 667 3733 720 πολ·

2174 761 2287 825 λοῖς
2328 759 2664 814 καταπάσειέ
2711 777 2785 814 τι.
2833 760 3063 829 Μήποτε
3111 760 3292 830 μέντοι
3338 760 3563 830 ἄμεινον
3594 760 3732 814 αὑτὸν

2175 852 2353 921 λέγειν
2390 852 2455 905 ὲκ
2484 851 2683 920 νεφῶν,
2721 849 2755 921 ἢ
2787 848 3000 920 πίλημά
3046 866 3099 902 τι
3139 848 3299 921 ἀέρος
3336 849 3559 918 διαυγὲς
3593 844 3731 914 εἶναι,

2177 944 2375 999 κύκλου
2412 944 2596 1015 σχῆμα
2623 942 2761 1014 ἔχον.
2798 943 3087 1014 Μέμνηται
3117 941 3173 995 δὲ
3197 941 3362 996 αὐτοῦ
3392 943 3489 995 καὶ
3528 944 3734 1014 ’Ἄρατος

2174 1037 2241 1090 δι’
2264 1031 2340 1091 ὧν
2362 1053 2547 1109 φησιν·

2176 1153 2351 1209 Κεῖνο
2376 1155 2766 1223 περίγληνον,
2795 1153 3117 1223 τροχαλὸν,
3145 1150 3302 1221 τάλα
3319 1166 3429 1220 μιν
3448 1147 3732 1203 καλέουσι.

2247 1245 2395 1299 Γάλα
2416 1244 2525 1317 γὰρ
2556 1244 2719 1298 αὑτὸν
2743 1244 3017 1315 ὠνόμασε,
3041 1242 3130 1296 διὰ
3153 1242 3212 1297 τὸ
3238 1243 3314 1313 μὴ
3341 1239 3602 1295 δύνασθαι
3626 1240 3736 1293 αὐτὸ

2178 1336 2459 1408 ἐντεθῆναι
2492 1338 2571 1400 εἰς
2609 1335 2740 1400 ἔπος
2785 1335 2881 1389 τοῦ
2921 1335 3179 1404 γαλαξίου
3209 1334 3271 1387 τὸ
3298 1333 3495 1404 ὄνομα.
3529 1332 3735 1401 Λέγεται

2178 1428 2235 1482 δὲ
2279 1428 2389 1482 ἀπὸ
2432 1429 2533 1500 τῆς
2580 1430 2769 1501 χροιᾶς
2808 1426 2903 1481 τοῦ
2934 1427 3202 1497 γάλακτος
3226 1428 3389 1481 οὕτω·
3428 1424 3617 1488 λευκὸς
3645 1425 3737 1492 γάρ

2180 1525 2275 1578 καὶ
2309 1524 2536 1593 διαυγὴς
2580 1522 2848 1592 φαίνεται.
2888 1522 3089 1591 Τέμνει
3119 1520 3177 1573 δὲ
3206 1519 3330 1591 δίχα
3371 1518 3471 1590 τὴν
3505 1520 3735 1588 σφαῖραν,

2182 1617 2277 1671 καὶ
2303 1617 2394 1671 τὸν
2424 1615 2687 1680 ζωδιακὸν
2712 1614 2933 1679 κύκλον,
2959 1614 3053 1666 καὶ
3084 1612 3417 1685 ἰσημερινόν·
3448 1610 3543 1664 καὶ
3566 1609 3736 1679 τέμνε-

2181 1726 2269 1763 ται
2305 1710 2396 1763 ὑπ’
2428 1707 2626 1771 αὐτῶν,
2665 1708 2777 1769 ἴσος
2809 1707 2991 1769 αὐτοῖς
3021 1704 3113 1760 ῶν.

2487 1822 2627 1889 Περὶ
2660 1818 2777 1873 τῶν
2806 1820 2986 1873 πέντε
3019 1818 3450 1888 παραλλήλων.

2249 1919 2349 1969 κε’.
2384 1914 2446 1966 Οἱ
2470 1912 2527 1965 δὲ
2554 1909 2886 1983 παράλληλοί
2908 1911 3012 1963 εἰσι
3038 1909 3219 1976 πέντε,
3242 1908 3527 1981 ἀρκτικὸς,
3554 1908 3612 1972 ὃς
3644 1910 3740 1961 ἐστι

2180 2009 2536 2080 βορειότερος,
2572 2005 2722 2067 ἐντὸς
2745 2004 2884 2074 ἔχων
2916 2003 3015 2068 τὰς
3050 2004 3320 2075 ’Δρκτους
3377 2003 3475 2056 καὶ
3502 2001 3593 2055 τὸν
3623 2000 3740 2072 Δρά-

2180 2114 2363 2153 κονταο
2405 2098 2502 2150 καὶ
2532 2099 2561 2150 6
2586 2096 2758 2166 τούτῳ
2791 2094 3163 2164 ἀντικείμενος
3189 2092 3385 2156 νότιος,
3422 2094 3451 2144 6
3476 2092 3740 2163 ἀνταρκτι-

2181 2194 2275 2257 κὸς
2311 2190 2660 2262 καλούμενος·
2698 2190 2726 2241 6
2756 2187 2898 2260 [καὶ]
2942 2187 3150 2259 θερινὸς
3188 2186 3454 2259 τροπικὸς
3495 2184 3629 2256 μετά
3664 2182 3743 2235 τὸν

2182 2279 2463 2350 ἀρκτικὸνο
2497 2280 2591 2333 καὶ
2614 2281 2642 2332 6
2664 2278 2973 2350 χειμερινὸς
2997 2277 3255 2349 τροπικὸς
3285 2275 3429 2348 μετά
3457 2276 3548 2330 τὸν
3569 2276 3742 2345 ἀνταρ-

2182 2372 2385 2425 κτικόν·
2411 2371 2574 2441 μέσος
2594 2369 2649 2423 δὲ
2676 2368 2881 2423 τούτων
2903 2368 3149 2441 πέμπτος
3172 2370 3201 2422 6
3227 2367 3563 2439 ἱσημερινδς,
3578 2365 3742 2420 τοσοῦ-

2183 2480 2273 2516 τον
2303 2462 2523 2533 ἀπέχων
2551 2460 2644 2514 τοῦ
2675 2460 2889 2533 θερινοῦ
2926 2460 3215 2532 τροπικοῦ,
3242 2460 3368 2513 ὅσον
3396 2458 3491 2512 τοῦ
3522 2474 3743 2529 χειμερι-

2184 2554 2298 2608 νοῦ.
2326 2556 2482 2607 Ἔστι
2506 2553 2562 2606 δὲ
2587 2555 2617 2606 6
2642 2553 2902 2625 ἀρκτικὸς
2923 2552 3030 2605 τῶν
3054 2552 3374 2623 ἐλαχίστων,
3401 2552 3500 2605 καὶ
3525 2549 3649 2622 περὶ
3671 2549 3744 2600 τὸν

2186 2650 2394 2723 βόρειον
2410 2648 2590 2711 πόλον,
2606 2647 2754 2710 ἐντὸς
2775 2646 2911 2717 έχων
2931 2644 3254 2716 μεσαίτατον
3270 2643 3362 2696 τὸν
3378 2642 3542 2696 πόλον
3559 2640 3745 2708 ὡσπερν

2184 2743 2233 2795 εὶ
2261 2742 2481 2812 κέντρον
2506 2739 2694 2794 αὐτοῦ.
2736 2738 2999 2792 Καλεῖται
3040 2735 3098 2789 δὲ
3139 2734 3399 2808 ἀρκτικὸς
3426 2734 3536 2787 ἀπὸ
3556 2730 3645 2785 τοῦ
3675 2733 3743 2783 ὲν-

2183 2835 2275 2899 τὸς
2302 2833 2448 2904 ἔχειν
2486 2832 2584 2895 τάς
2615 2831 2904 2902 Ἀρκτους’
2930 2829 3025 2883 καὶ
3050 2827 3280 2900 βόρειος,
3310 2826 3399 2880 διὰ
3430 2825 3493 2879 τὸ
3524 2824 3653 2896 πρὸς
3677 2822 3749 2891 βοη

2189 2927 2316 2999 ρέαν
2345 2922 2484 2979 εἶναι
2505 2924 2612 2978 ἀεί.
2632 2924 2871 2995 Φανερὸς
2892 2922 2950 2975 δέ
2973 2925 3091 2975 ἐστι
3111 2921 3131 2949 ⁸
3154 2920 3242 2973 διὰ
3265 2921 3328 2972 τὸ
3348 2919 3438 2972 ἀεὶ
3464 2914 3746 2989 φαίνεσθαι.

2187 3022 2282 3075 καὶ
2317 3021 2392 3091 μὴ
2421 3019 2616 3073 δύνειν.
2664 3017 2723 3070 Ὁ
2755 3017 2811 3070 δὲ
2840 3016 3013 3085 τούτῳ
3035 3013 3413 3084 ἀντικείμενος
3438 3012 3610 3073 νότιος
3630 3005 3749 3062 κατὰ

2185 3114 2284 3185 τὴν
2308 3114 2455 3167 θέσιν
2478 3114 2591 3176 ἶσος
2622 3112 2719 3183 μὲν
2745 3110 2891 3164 ἔστιν
2918 3107 3090 3179 αὐτῷ,
3119 3106 3368 3178 περιέχει
3395 3105 3458 3159 δὲ
3488 3104 3577 3157 τὸν
3601 3101 3750 3156 νότιον

506 3199 801 3253 australem
848 3199 1092 3254 continet
1139 3200 1357 3269 polum;
1412 3202 1747 3256 antarcticus
1791 3208 1971 3256 autem
2019 3218 2081 3257 ex

2192 3208 2372 3261 πόλον.
2408 3207 2640 3276 Λέγεται
2677 3206 2735 3259 δὲ
2762 3202 3123 3275 ἀνταρκτικὸς
3145 3201 3253 3256 ἀπὸ
3271 3200 3367 3254 τοῦ
3393 3198 3629 3258 ἐναντίος
3659 3194 3751 3246 κεί-

505 3307 573 3345 eo
603 3294 939 3357 nominatur,
982 3293 1125 3364 quod
1179 3304 1370 3348 contra
1403 3302 1568 3364 atque
1605 3295 1847 3351 arcticus
1876 3296 2090 3368 positus

507 3382 599 3436 sit.
631 3383 766 3438 Nam
800 3389 1039 3442 arcticus
1067 3386 1135 3442 ad
1189 3386 1435 3447 boream,
1465 3387 1569 3441 iste
1604 3387 1670 3440 ad
1706 3396 1977 3453 austrum,
2015 3389 2093 3445 si-

506 3481 599 3529 tus
626 3485 711 3530 est
736 3494 751 3544 ;
780 3477 870 3532 ille
902 3479 1208 3536 altissimus
1253 3488 1339 3536 est
1370 3485 1422 3534 in
1450 3481 1662 3551 splncra
1689 3500 1702 3535 :
1736 3481 1823 3535 inc
1857 3484 2092 3539 maxime

507 3565 825 3636 depressus.
853 3567 935 3625 Ob
967 3572 1017 3625 id
1043 3572 1283 3627 arcticus
1313 3590 1532 3643 semper
1556 3589 1823 3643 apparens
1863 3584 1947 3630 est
1973 3593 1987 3629 :
2013 3576 2090 3629 al-

506 3665 593 3711 ter
626 3669 851 3730 apparet
884 3678 1185 3732 nunquam.
1231 3663 1420 3718 Potest
1458 3674 1513 3719 et
1562 3666 1850 3719 antarctici
1889 3682 2089 3721 nomen

509 3747 636 3801 inde
679 3750 940 3811 derivari.
985 3753 1128 3821 quod
1178 3756 1385 3808 arctico
1427 3770 1493 3809 ex
1550 3770 1709 3825 aequo
1740 3758 2089 3825 respondeat.

506 3837 648 3891 Nam
683 3844 993 3911 praepositio
1025 3845 1167 3912 ἀντί,
1209 3864 1227 3897 ι
1256 3848 1467 3917 ωιιυτιιο
1500 3868 1519 3900 ο
1558 3848 1827 3919 signiﬁcat
1854 3869 1869 3918 ;
1901 3860 1959 3904 ut
1998 3853 2093 3905 ἀν-

507 3928 704 3994 τίθεος,
760 3933 815 3987 id
865 3940 1255 4008 estcarqualis
1309 3939 1486 4004 Deo,»
1529 3938 1788 3996 famulus.
1841 3940 1987 3997 ldcm
2039 3952 2093 4000 et

508 4023 768 4080 australis
806 4036 1052 4094 vocatur,
1081 4038 1278 4099 estque
1301 4045 1519 4099 semper
1548 4032 1817 4086 occultus.

579 4114 847 4187 Tropicus
894 4120 1120 4176 aestivus
1167 4123 1309 4177 inter
1343 4122 1609 4177 arcticum
1654 4133 1707 4179 et
1743 4126 2093 4196 aequinoctia-

507 4205 612 4261 lem
646 4208 788 4265 situs
833 4219 939 4277 est,
972 4227 1037 4266 ac
1089 4213 1385 4268 solstitium
1417 4215 1670 4269 azstivum
1721 4216 1777 4271 in
1817 4233 1877 4272 se
1914 4221 2093 4273 conti-

2194 3298 2317 3353 σθαι
2344 3297 2422 3370 τῷ
2456 3295 2722 3370 ἀρκτικῷο
2759 3295 2788 3347 ὁ
2827 3294 2924 3366 μὲν
2958 3293 3068 3363 γὰρ
3099 3292 3361 3366 ἀρκτικὸς
3390 3289 3532 3344 κατὰ
3558 3286 3751 3359 βορέαν.

2191 3388 2343 3457 οὗτος
2366 3393 2422 3445 δὲ
2449 3390 2592 3445 κατά
2624 3392 2775 3444 νότον
2802 3389 2936 3442 ἐστί.
2980 3387 3094 3441 Καὶ
3135 3388 3164 3438 6
3204 3385 3305 3455 μὲν
3344 3382 3604 3456 ἀρκτικὸς
3634 3374 3753 3431 κατὰ

2192 3489 2290 3559 τὴν
2324 3488 2556 3557 σφαῖραν
2601 3481 2935 3554 ὑψηλότατός
2970 3483 3139 3543 ἐστιν,
3186 3481 3215 3532 6
3260 3478 3317 3531 δὲ
3366 3475 3752 3531 ταπεινότατος.

2192 3581 2283 3634 Διὸ
2305 3582 2333 3633 ὁ
2368 3580 2466 3650 μὲν
2504 3577 2765 3650 ἀρκτικὸς
2791 3576 3056 3647 ἀειφανής
3082 3576 3251 3627 ἐστιν’
3280 3567 3438 3634 οὗτος
3474 3570 3532 3623 δὲ
3560 3568 3619 3621 οὐ
3648 3562 3757 3635 φαί-

2192 3690 2340 3726 νεται
2378 3674 2528 3742 ἡμῖν.
2563 3672 2631 3723 Ἢ
2672 3671 2753 3723 ὅτι
2797 3670 2911 3733 ῐσος
2942 3667 3058 3720 ἐστὶ
3099 3666 3177 3736 τῷ
3215 3663 3486 3736 ἀρκτικῷ,
3522 3662 3618 3730 τῆς
3652 3654 3756 3710 ἀνὰ

2194 3765 2502 3837 προθέσεως
2531 3762 2592 3817 τὸ
2617 3762 2729 3815 ἴσον
2765 3759 3155 3833 σημαινούσης,
3178 3758 3255 3822 ὡς
3282 3759 3341 3809 έν
3374 3756 3455 3827 τῷ
3487 3778 3505 3806 ι
3535 3750 3756 3808 ἀντίθεον

2193 3856 2523 3928 θεράποντα.
2567 3874 2586 3906 ι
2632 3852 2896 3906 Καλεῖται
2938 3851 2997 3905 δὲ
3037 3848 3404 3921 ἀνταρκτικὸς
3443 3847 3538 3901 καὶ
3578 3844 3754 3900 νότιος·

2196 3951 2353 4003 Ἐςτι
2384 3948 2441 4001 δὲ
2466 3948 2553 4001 ἀεὶ
2579 3946 2812 4017 ἀφανής.

2273 4128 2333 4181 Ὃ
2357 4128 2413 4183 δὲ
2441 4126 2653 4199 θερινὸς
2675 4124 2935 4199 τροπικδς
2960 4125 3135 4178 κεῖται
3167 4121 3371 4194 μεταξὺ
3395 4119 3488 4175 τοῦ
3516 4103 3753 4181 ἀρκτικοῦ

2194 4220 2404 4276 καὶτοῦ
2441 4198 2779 4291 ἰσημερινοῦ.
2820 4220 2973 4289 Ἔχει
3002 4217 3059 4269 δὲ
3098 4217 3157 4269 έν
3194 4215 3376 4278 ἑαυτῴ
3422 4214 3511 4268 ξας
3552 4198 3751 4272 θερινάς

424 4792 427 4797 ν
507 4773 605 4829 pra
637 4771 860 4829 terram,
891 4771 1003 4821 tres
1031 4762 1196 4819 inira.
1224 4763 1405 4821 Verba
1427 4767 1583 4821 Arati
1620 4785 1634 4823 :

508 4310 620 4352 net.
655 4298 789 4355 Nam
836 4318 962 4357 cum
1008 4304 1089 4359 sol
1136 4304 1191 4359 in
1220 4306 1439 4362 Cancro
1482 4316 1754 4374 versatur,
1802 4310 1894 4365 ubi
1937 4312 2081 4367 illum

2193 4313 2406 4385 τροπὰς
2437 4311 2530 4366 τοῦ
2561 4311 2734 4383 ἡλίου.
2777 4312 2906 4366 Ὅτε
2936 4311 3045 4381 γάρ
3083 4311 3111 4362 6
3135 4308 3285 4372 ἥλιος
3321 4300 3381 4352 ἐν
3415 4298 3491 4369 τῷ
3514 4291 3753 4366 Καρκίνφ

510 4391 709 4461 attigit,
750 4395 1001 4450 aestivum
1055 4397 1353 4452 solstitium
1399 4397 1552 4455 facit.
1611 4397 1738 4455 ldco
1784 4401 2081 4460 solstitialis

2194 4407 2439 4479 γένηται,
2484 4405 2834 4476 ἐφαψάμενος
2872 4397 3060 4462 αὐτοῦ,
3094 4394 3193 4466 τὴν
3221 4392 3442 4464 θερινὴν
3470 4390 3608 4441 ποιεῖ
3635 4398 3752 4479 τροῖ

509 4483 733 4540 κειίνιιε
780 4487 1001 4543 dicitur.
1054 4488 1149 4543 Est
1192 4498 1375 4546 autem
1410 4498 1472 4546 ut
1504 4493 1713 4547 arctico
1764 4494 1961 4565 major,
2011 4499 2081 4552 sic

2197 4473 2326 4570 1:13v.
2354 4498 2445 4552 Διὸ
2470 4473 2564 4551 κοιλ⁸
2596 4473 2807 4570 θερινὸς
2829 4490 3087 4567 τροπικὸς
3111 4486 3398 4556 κέκληται.
3423 4484 3572 4537 Ἐστι
3591 4478 3645 4532 δὲ
3666 4473 3753 4528 τοῦ

508 4577 876 4646 ωηιιίιιοςιίιιιί
907 4582 1107 4636 minor.
1146 4582 1224 4638 Ac
1252 4584 1298 4640 si
1325 4585 1451 4655 quis
1483 4586 1659 4655 ipsum
1707 4586 1761 4640 in
1794 4560 1920 4643 octo
1944 4560 2081 4661 par-

2198 4560 2296 4665 μέν
2317 4589 2580 4664 ἁρκτικοῦ
2607 4560 2826 4662 μείζων·
2853 4560 2949 4641 τοῦ
2976 4585 3035 4638 δὲ
3065 4577 3387 4653 ίσημερινοῦ
3421 4574 3752 4649 βραχύτερος.

508 4675 593 4723 tes
617 4671 919 4725 secundum
964 4673 1190 4727 Aratum
1220 4674 1464 4740 dividat,
1512 4685 1672 4731 erunt
1721 4680 1963 4751 quinque
1995 4695 2081 4736 su-

2193 4688 2256 4741 Εί
2282 4684 2339 4739 δέ
2367 4703 2447 4749 τις
2478 4682 2641 4739 αὑτὸν
2666 4682 2829 4736 διέλοι
2862 4681 2942 4744 εἱς
2973 4675 3117 4732 ὀκτὼ
3153 4674 3295 4746 μέρη
3323 4669 3464 4725 κατὰ
3492 4669 3578 4722 τὸν
3600 4666 3755 4751 ’Λραέ

2193 4770 2306 4844 τον,
2338 4775 2490 4829 ἔσται
2516 4775 2614 4847 μὲν
2636 4772 2801 4827 αὑτοῦ
2831 4770 2990 4825 πέντε
3017 4767 3115 4839 μὲν
3137 4765 3278 4835 ὑπὲρ
3301 4762 3428 4833 γῆν,
3446 4759 3568 4831 τρία
3585 4754 3638 4808 δὲ
3659 4750 3756 4805 ὐπὺ

2193 4870 2318 4942 γῆν.
2349 4869 2487 4941 Φησὶ
2508 4868 2565 4920 δὲ
2589 4884 2656 4919 πε
2665 4869 2719 4937 pl
2742 4862 2910 4920 αὑτοῦ
2933 4860 3105 4924 οὕτως
3140 4859 3381 4929 ’Δρατος
3407 4871 3425 4887 ·

511 4960 828 5052 Quinqueiu
867 4961 994 5017 caelo
1034 4972 1312 5045 versantur
1334 4981 1496 5046 supra
1523 4976 1743 5026 terram.

2192 4983 2381 5039 Πέντε
2401 4982 2520 5052 μὲν
2540 4980 2709 5035 ἕνδια
2736 4978 3054 5052 στρέφεται
3080 4973 3209 5052 καθ’
3230 4970 3519 5052 ῥξτέρτερα

510 5030 639 5085 Tres
668 5030 729 5085 in
748 5034 891 5085 imo:
920 5036 1122 5088 (vetatis
1154 5044 1329 5089 autent
1350 5030 1408 5090 iii
1451 5054 1511 5093 eo
1531 5048 1653 5093 sunt
1690 5043 2049 5099 conversiones
2067 5059 2087 5110 ;

507 5141 710 5211 quibus
743 5141 925 5197 verbis
959 5158 1024 5199 ex
1064 5153 1190 5200 octo
1220 5148 1472 5217 partibus
1510 5152 1752 5224 quinque
1778 5155 1935 5210 illum
1980 5157 2091 5212 ba-

508 5232 637 5288 bere
671 5249 837 5304 supra
863 5243 1087 5301 terram,
1120 5232 1234 5295 tres
1262 5241 1366 5296 sub
1383 5252 1549 5310 terra,
1581 5246 1871 5317 signiﬁcat.
1897 5248 1959 5303 ln
1982 5249 2090 5306 hoc

508 5322 735 5390 sphaerae
766 5324 899 5387 situ,
918 5327 1010 5395 qui
1044 5326 1399 5401 Hellesponti,
1424 5333 1758 5392 Macedoniae
1786 5346 1839 5394 et
1858 5338 2088 5397 Graeciae

506 5414 713 5470 elimati
762 5420 1074 5486 respondet,
1118 5426 1342 5494 quando
1386 5429 1468 5483 sol
1514 5432 1763 5487 aestivum
1805 5435 2084 5505 tropicum

504 5513 676 5571 tenet.
710 5509 984 5567 maximus
1014 5516 1132 5574 dies
1157 5520 1415 5577 horarum
1446 5534 1531 5579 est
1564 5524 1661 5590 15;
1696 5526 1921 5581 minima
1949 5544 2084 5594 nox,

505 5598 570 5669 9;
595 5617 720 5659 cum
764 5601 964 5674 ubique
1003 5614 1184 5670 noctis
1223 5631 1287 5670 ac
1313 5617 1417 5674 dici
1446 5619 1621 5690 spatia
1652 5620 1818 5678 simul
1856 5632 2080 5696 sumpta

574 5762 662 5836 ‘f.
698 5764 803 5817 ἔτι..

2152 5126 2157 5133 .
2304 5036 2435 5124 έρίὶι
2453 5053 2505 5106 δ’
2526 5053 2597 5106 ἐν
2619 5036 2868 5121 περάτξιο
2885 5036 3089 5118 ὃέρεος·
3110 5038 3173 5092 δέ
3204 5041 3260 5092 Ol
3277 5036 3557 5107 ὲντροπαί
3573 5036 3722 5088 εισιν
3737 5043 3751 5058 '

2193 5167 2302 5222 ἀπὸ
2320 5166 2430 5221 τῶν
2457 5163 2604 5218 ὀκτὼ
2629 5162 2811 5235 μερῶν
2838 5154 3015 5228 δηλῶν
3040 5153 3111 5207 τὰ
3132 5150 3297 5205 πέντε
3320 5152 3461 5222 ὑπὲρ
3479 5148 3575 5219 γῆν
3594 5145 3754 5235 ἔχειν.

2192 5260 2262 5313 τὰ
2288 5260 2345 5313 δὲ
2365 5259 2495 5330 τρία
2521 5234 2639 5310 61:6
2654 5254 2777 5325 γῆν.
2801 5247 2964 5304 Κατά
2987 5246 3191 5313 ταύτην
3209 5244 3312 5316 τὴν
3334 5244 3482 5297 θέσιν
3499 5239 3593 5309 τῆς
3616 5234 3757 5330 coui-

2199 5368 2320 5423 ρας,
2350 5328 2473 5423 ἥτις
2505 5349 2650 5403 κατά
2689 5346 2751 5398 τὸ
2789 5342 2958 5413 κλίμα
2988 5338 3079 5393 τοῦ
3121 5337 3511 5408 Ἑλλησπόντου
3544 5331 3635 5384 καὶ
3664 5328 3757 5396 τῆς

2195 5441 2536 5505 Μακεδονίας
2558 5438 2698 5502 ἐστὶ,
2737 5436 2834 5488 καὶ
2868 5433 2967 5504 τῆς
3009 5430 3278 5495 Ἑλλάδος,
3308 5428 3404 5483 τοῦ
3437 5425 3577 5498 ἡλίου
3609 5437 3757 5490 γενο-

2198 5534 2359 5605 μένου
2402 5534 2497 5586 έπὶ
2536 5529 2631 5583 τοῦ
2675 5526 2889 5600 θερινοῢ
2932 5524 3218 5598 τροπικοῦ,
3260 5526 3295 5597 ὴ
3340 5521 3558 5594 μεγίστη
3584 5514 3787 5605 inde:

2194 5599 2341 5681 έστὶν
2374 5623 2535 5696 ὡρῶν
2563 5628 2641 5675 ιε’·
2676 5623 2710 5693 ἡ
2739 5599 2796 5675 δὲ
2821 5620 3080 5691 ἐλαχίστη
3110 5616 3270 5689 ὡρῶν
3290 5615 3359 5683 θ’,
3387 5608 3652 5682 πανταχοῦ
3669 5599 3761 5661 τοῦ
