3816 6356
158 472 250 529 9Ἰό

884 426 1197 523 AC-HILLIS
1233 456 1421 519 ΤΑΊἹἸ
1452 458 1746 519 [SAGOGE
1784 460 1874 516 AD
1906 454 2117 517 ARATI
2156 441 2638 515 PIIAENOMENA.‘

3276 443 3386 506 9η

162 581 548 658 ὴμερονυκτίου
588 580 664 635 κδ’
693 579 849 652 ὡρῶν
876 580 1049 645 ὄντος.
1079 581 1142 634 El
1173 578 1592 651 ὑποστησόμεθα
1624 574 1719 631 οὖν

1843 592 1984 632 noras
2011 584 2245 647 quatuor
2269 572 2523 644 ctviginti
2545 568 2823 640 colligant.
2851 563 3023 638 Igitur
3045 564 3091 621 si
3116 565 3170 620 in
3194 564 3385 620 aestivo

161 684 213 737 ὲν
245 684 356 744 ταῖς
390 677 634 748 θεριναῖς
664 676 910 746 τροπαῖς,
941 673 1128 746 ὥσπερ
1162 675 1413 744 εἴπομεν,
1458 680 1517 726 ιε’
1559 672 1717 742 ὡρῶν

160 774 246 846 τὴν
270 771 537 845 μεγίστην
568 765 775 839 ἡμέραν
800 759 961 829 εἶναι,
991 765 1279 818 ἀκόλουθόν
1308 767 1422 817 ἐστι
1449 763 1719 835 βραχυτά-

161 883 249 936 την
276 863 398 916 τότε
441 857 684 931 νομίζειν
726 853 865 909 εἶναι
910 856 1009 926 τὴν
1055 855 1246 909 νύκτα.
1279 853 1451 907 Τοῦτο
1479 853 1535 905 δὲ
1563 852 1718 923 δῆλον

160 958 216 1012 Ex
246 975 299 1010 τε
330 953 533 1016 ἄλλων,
570 951 665 1003 καὶ
707 948 766 1013 ἐξ
801 937 878 1001 ὧν
924 947 1157 1019 ’Ἄρατός
1198 964 1382 1018 φησιν.
1424 946 1488 997 Εἰ
1525 944 1632 1015 γὰρ
1660 943 1720 996 τὸ

160 1043 541 1120 ήμερονὺκτιόν
581 1042 727 1094 ἐστιν
766 1025 1220 1109 εἰκοσιτεσσάρων
1258 1036 1436 1108 ὡρῶν,
1483 1037 1560 1099 εἰς
1586 1041 1636 1104 η’
1662 1033 1719 1087 δὲ

158 1141 288 1211 μέρη
311 1138 404 1191 τὸν
432 1133 643 1207 θερινὸν
666 1129 923 1203 τροπικὸν
947 1129 1238 1200 τέμνεσθαι
1270 1129 1368 1191 δεῖ,
1403 1127 1632 1179 ἕκαστον
1663 1126 1719 1178 δὲ

159 1232 336 1302 τμῆμα
359 1227 523 1299 ὡρῶν
555 1230 603 1294 γ’
622 1240 637 1254 ⁸
665 1222 786 1294 τρὶς
803 1220 860 1274 δὲ
886 1220 955 1275 τὰ
978 1227 1025 1292 η’
1055 1220 1132 1273 κδ’
1154 1237 1168 1250 ·
1201 1221 1251 1273 εἰ
1279 1218 1455 1271 τοίνυν
1482 1217 1589 1271 ἀπὸ
1612 1216 1720 1270 τῶν

156 1321 287 1376 ὀκτὼ
314 1318 522 1373 τούτων
554 1315 737 1388 μερῶν
770 1316 929 1368 πέντε
959 1315 1105 1366 ἐστὶν
1134 1311 1274 1382 ὑπὲρ
1312 1312 1415 1381 γῆν
1439 1327 1453 1340 ·
1493 1310 1722 1363 ἕκαστον

154 1413 211 1467 δὲ
236 1412 412 1482 τρισὶν
443 1407 615 1479 ὥραις
637 1405 1008 1477 τιτεριδινεῖιιται⁹
1036 1404 1152 1475 τρὶς
1182 1405 1200 1435 ⁷
1243 1403 1309 1455 τὰ
1337 1403 1493 1455 πέντε
1515 1401 1721 1470 γίνεται

160 1511 241 1558 ιε’·
264 1500 657 1557 πεντεκαίδεκα
681 1498 839 1562 ὡρῶν
865 1497 1072 1567 γίνεται
1100 1495 1402 1567 περιφορά.
1436 1496 1497 1548 Εί
1529 1495 1585 1549 δὲ
1619 1494 1723 1549 ὑπὸ

152 1599 251 1667 γῆν
275 1596 401 1668 τρία,
427 1594 572 1667 μέρη
600 1593 716 1646 ἐστὶ
735 1592 875 1644 1615'
897 1592 1128 1644 ἕκαστον
1150 1589 1206 1642 δὲ
1226 1588 1335 1641 τῶν
1360 1586 1526 1659 τριῶν
1545 1588 1722 1659 τρισὶν

156 1687 314 1759 ὥραις
339 1685 716 1757 περιδινεῖται·
743 1682 863 1754 τρὶς
882 1681 937 1735 δὲ
957 1681 1024 1734 τὰ
1048 1681 1174 1753 τρία
1197 1680 1352 1733 έννέα
1381 1679 1519 1732 ἐστί’
1541 1679 1720 1749 δῆλον,

155 1783 233 1835 ὅτι
250 1781 396 1834 ἔσται
426 1781 460 1850 ἠ
483 1775 578 1841 νὺξ
603 1775 762 1848 ὡρῶν
788 1775 831 1829 θ’
853 1792 866 1805 ’
889 1776 1008 1846 ἥτις
1028 1772 1282 1844 ἐλαχίστη
1304 1772 1449 1825 ἐστὶν
1471 1772 1528 1826 έν
1549 1769 1722 1842 τούτῳ

158 1875 230 1946 τῷ
254 1873 501 1944 κλίματι.

234 2140 288 2193 Ὀ
312 2139 367 2192 δὲ
400 2136 711 2209 χειμερινὸς
749 2133 1005 2208 τροπικδς
1044 2136 1224 2187 κεῖται
1257 2133 1459 2204 μεταξῦ
1488 2131 1579 2185 τοῦ
1609 2132 1732 2184 ἀντ-

159 2228 412 2304 αρκτικοῦ
462 2230 559 2283 καὶ
601 2228 696 2281 τοῦ
747 2224 1084 2299 ἰσημερινοῦ,
1134 2226 1374 2288 ἐναντίος
1413 2224 1492 2296 τῷ
1537 2223 1733 2295 θερινῷ

157 2321 416 2395 τροπαῖς),
456 2320 576 2383 ἴσος
600 2318 766 2372 αὑτοῦ
792 2318 1075 2390 ὑπάρχων.
1120 2317 1451 2387 Ἐφάπτεται
1478 2316 1535 2369 δὲ
1569 2315 1729 2369 αὑτοῦ

157 2415 185 2467 6
223 2413 482 2479 ζωδιακὸς
531 2410 728 2475 κύκλος
776 2410 918 2464 κατὰ
967 2412 1060 2464 τὸν
1103 2409 1475 2480 Αἰγοκέρωτα·
1526 2408 1646 2461 καθ’
1675 2407 1733 2461 ὃν

157 2507 442 2577 γενόμενος
469 2507 499 2558 6
533 2504 684 2575 ἥλιος
712 2504 944 2556 ποιεῖται
972 2501 1287 2574 χειμερινὰς
1319 2501 1547 2571 τροπάς.
1590 2499 1736 2551 Ἐκεῖ

159 2597 260 2669 γὰρ
288 2596 607 2666 γενόμενος,
638 2592 987 2662 παυσάμενος
1013 2592 1111 2662 τῆς
1138 2590 1386 2652 καθόδου,
1414 2589 1575 2642 πάλιν
1602 2590 1736 2641 ἀνω-

158 2688 289 2760 τέρω
333 2687 515 2742 ἄνεισι
535 2702 549 2716 ⁸
590 2684 670 2738 διὸ
713 2684 807 2737 καὶ
852 2682 1028 2755 τροπὴ
1070 2681 1234 2736 αὐτοῦ
1286 2681 1503 2748 λέγεται
1546 2681 1581 2750 ἡ
1625 2678 1735 2732 ἀπὸ

158 2780 529 2851 Δίγοκέρωτος
582 2777 675 2829 ἐπὶ
724 2775 997 2848 Καρκίνον
1045 2774 1249 2839 ἄνοδος.
1304 2771 1628 2844 Χειμερινὸς
1675 2770 1734 2824 δὲ

158 2873 377 2945 ἐκλήθη,
413 2873 500 2927 ὅτι
535 2872 592 2924 ὲν
616 2869 763 2940 αὐτῷ
782 2860 1071 2939 γενόμενος
1092 2869 1122 2919 6
1147 2866 1297 2937 ἥλιος
1322 2866 1379 2918 ὲν
1399 2864 1733 2936 Αἰγοκέρωτι

158 2965 393 3036 χειμῶνα
429 2966 577 3017 ποιεῖ
598 2962 915 3034 ἀκρότατον.
955 2962 1099 3023 Ἰσος
1125 2959 1182 3012 δὲ
1211 2957 1287 3010 ὢν
1316 2952 1470 3021 οὗτος
1494 2958 1524 3011 6
1549 2974 1736 3027 χειμε-

157 3058 295 3128 ρινὸς
320 3055 589 3129 τροπικδς
618 3054 696 3125 τῷ
729 3051 925 3125 θερινῷ
953 3050 1218 3122 τροπικῷ,
1248 3049 1458 3122 ἐτμήθη
1486 3051 1564 3113 εἰς
1588 3048 1732 3121 μέρη

158 3157 223 3219 η’,
256 3148 511 3219 καθάπερ
544 3147 773 3208 ἐκεῖνος.
806 3142 1124 3197 Τούναντίον
1155 3137 1249 3196 οὖν
1276 3141 1467 3213 ἐκείνῳ
1491 3140 1601 3208 ἔξει
1626 3142 1735 3195 ἀπὸ

160 3239 257 3293 τῶν
281 3245 330 3312 η’
365 3237 554 3311 μερῶν
577 3235 739 3289 πέντε
777 3235 875 3307 μὲν
897 3234 1004 3287 ὑπὸ
1035 3233 1159 3305 γῆν,
1198 3233 1323 3304 τρία
1346 3231 1403 3287 δὲ
1432 3233 1570 3303 ὑπὲρ
1605 3231 1729 3302 γῆν

154 3332 230 3395 κὼς
259 3304 512 3400 γίνεσθαι
535 3328 635 3400 τὴν
664 3304 874 3400 ἡμέραν
898 3325 1017 3379 τότε
1045 3304 1352 3397 ἐλαχίστην,
1384 3326 1471 3378 ὅτε
1499 3327 1555 3377 ἐν
1584 3325 1739 3393 Δίγο-
1763 3304 1806 3363 C

161 3425 353 3494 κέρωτι
384 3421 683 3492 γενόμενος
717 3422 746 3472 6
784 3418 935 3489 ἣλιος
970 3417 1269 3487 ἐφάπτεται
1298 3414 1394 3469 τοῦ
1424 3415 1737 3487 χειμερινοῦ

161 3513 414 3586 τροπικοῦ
435 3532 450 3545 ·
483 3515 606 3586 ἦτοι
635 3511 793 3584 ὡρῶν
825 3510 869 3563 θ’
890 3525 904 3539 ⁸
947 3511 1047 3581 τὴν
1080 3510 1137 3563 δὲ
1170 3507 1342 3563 νύκτα
1374 3509 1533 3579 ὡρῶν
1564 3514 1605 3561 ε’
1646 3509 1741 3561 καὶ

161 3605 302 3672 δέκα,
334 3606 484 3661 κατὰ
513 3605 604 3658 τὸν
634 3602 793 3656 αὐτὸν
825 3602 981 3671 λόγον
1006 3601 1085 3671 τῷ
1104 3600 1300 3672 θερινῷ
1329 3598 1593 3672 τροπικῷ.

236 3698 292 3752 Ὀ
319 3699 376 3751 δὲ
414 3694 751 3769 ίσημερινὸς,
791 3692 993 3763 μεταξὺ
1040 3693 1147 3746 τῶν
1179 3693 1342 3746 πέντε
1381 3689 1742 3761 παραλλήλων

164 3789 432 3860 κείμενος,
480 3786 686 3859 μείζων
717 3787 832 3838 ἐστι
863 3783 971 3838 τῶν
1006 3783 1181 3838 ἄλλων
1213 3782 1524 3854 τεσσάρων·
1557 3781 1742 3852 ἐπειδὴ

162 3878 243 3934 διὰ
255 3880 346 3933 τοῦ
364 3881 598 3951 κέντρου
617 3878 717 3949 τὴν
733 3876 1083 3948 περιρέρειαν
1105 3875 1237 3946 ἔχει.
1263 3876 1413 3929 Ποιεῖ
1430 3874 1489 3927 δὲ
1508 3876 1565 3928 ἐν
1597 3873 1744 3944 αὐτῷ

166 3974 193 4024 6
220 3973 371 4043 ἣλιος
417 3972 521 4035 τὰς
573 3969 980 4042 προειρημένας
1024 3968 1488 4039 δύσίσημερίαςι
1527 3966 1744 4039 ἐαρινὴν

170 4066 260 4135 μὲν
298 4071 356 4121 ἐν
394 4065 558 4137 Κριῷ
599 4064 908 4134 γενόμενος,
952 4061 1329 4133 μετοπωρινὴν
1353 4060 1410 4114 δὲ
1432 4063 1489 4114 ἐν
1516 4059 1741 4131 Χηλαίς.

177 4156 511 4231 Ἶσημερινὸς
530 4156 589 4209 δὲ
613 4156 851 4224 λέγεται,
874 4154 1062 4226 ἐπειδὴ
1085 4154 1141 4206 ὲν
1163 4152 1308 4223 αὐτῷ
1330 4152 1429 4217 τὰς
1451 4151 1748 4223 -ίσημερίας

170 4246 307 4295 ποιεὶ
342 4253 371 4297 ὁ
396 4249 573 4318 ἥλιος.
613 4246 857 4318 Τμηθεις
883 4245 941 4299 δὲ
978 4248 1059 4309 είς
1088 4250 1159 4317 η’,
1190 4243 1431 4315 τέσσαρα
1474 4243 1571 4314 μὲν
1608 4243 1745 4315 ὑπὲρ

171 4331 293 4401 γῆν,
313 4323 559 4401 τέσσαρα
593 4334 651 4387 δὲ
679 4334 785 4386 ὑπὸ
826 4336 932 4406 γῆν
957 4333 1070 4400 ἕξει
1119 4333 1290 4405 μέρη·
1323 4334 1417 4387 κα)⁵
1449 4333 1594 4387 ἔστιν
1635 4332 1749 4397 ἴσος

172 4422 247 4493 τῷ
275 4420 529 4492 ζωδιακῷ
557 4421 654 4474 καὶ
683 4425 761 4492 τῷ
790 4424 1042 4496 γαλαξίᾳ.

244 4515 403 4578 Ἴσως
426 4512 472 4567 δ’
495 4513 562 4567 ἄν
580 4530 666 4576 τις
697 4512 969 4587 ζητήσειε,
995 4516 1111 4581 πῶς
1143 4516 1351 4589 ἔφαμεν
1384 4518 1440 4571 ἐν
1472 4516 1571 4587 μὲν
1604 4515 1748 4588 θερι-

175 4608 293 4670 ναῖς
323 4607 554 4678 τροπαῖς
591 4605 883 4675 γενόμενον
905 4608 996 4661 τὸν
1021 4609 1175 4679 ἥλιον
1201 4615 1262 4662 ιε’
1291 4609 1448 4681 ὡρῶν
1472 4608 1570 4681 τὴν
1608 4608 1747 4680 ἡμέ-

179 4713 276 4767 ραν
314 4699 517 4751 ποιεϊν“
562 4698 622 4749 ὲν
651 4696 711 4750 δὲ
750 4703 1085 4770 χειμεριναῖς
1117 4700 1184 4765 θ’,
1212 4700 1377 4754 ὁπότε
1415 4702 1472 4753 ὲν
1495 4704 1609 4764 τοῖς
1646 4717 1748 4772 μη-

178 4793 412 4857 χανικοῖς
433 4787 768 4860 ὼρολογίοις,
810 4791 903 4843 καὶ
936 4790 1265 4861 ὑδρολογίοις
1287 4794 1375 4845 ἀεὶ
1414 4794 1447 4863 ἡ
1476 4792 1657 4863 ἡμέρα
1683 4792 1748 4862 ιβ’

172 4880 331 4950 ὡρῶν
355 4882 626 4952 φαίνεται.
661 4881 905 4951 Λέγομεν
929 4879 1041 4947 οὖν,
1070 4884 1177 4950 ὅτι,
1197 4883 1385 4954 ὥσπερ
1411 4885 1518 4946 πᾶς
1542 4882 1751 4954 ἄνθρω-

180 4986 275 5034 πος
291 4974 452 5026 πέντε
477 4971 757 5026 δακτύλων
776 4971 890 5042 ἔχει
915 4974 1013 5045 τὴν
1038 4977 1215 5045 χεῖρα,
1238 4977 1367 5036 παῖς
1392 4991 1452 5026 τε
1474 4975 1569 5028 καὶ
1589 4973 1747 5044 ἀνὴρ,

178 5052 240 5113 οὐ
265 5063 367 5135 μὴν
391 5066 563 5128 ῐσους,
591 5064 867 5132 ἀναλόγως
891 5067 985 5119 καὶ
1010 5066 1105 5119 ἐπὶ
1134 5065 1240 5119 τῶν
1271 5065 1493 5137 ἡμερῶν
1523 5067 1617 5119 καὶ
1640 5065 1750 5119 τῶν

176 5154 380 5208 νυκτῶν
401 5155 540 5228 πρὸς
570 5153 633 5206 16
663 5154 889 5225 μέγεθος
918 5157 1012 5208 καὶ
1041 5157 1142 5228 τὴν
1175 5157 1452 5227 ταχυτῆτα
1483 5156 1627 5226 ἔχειν
1649 5174 1751 5225 φα-

187 5243 282 5311 μὲν
311 5246 407 5311 τὰς
433 5247 622 5319 ὥρας’
667 5245 762 5300 καὶ
793 5247 1041 5317 μεγάλων
1077 5248 1174 5319 μὲν
1204 5248 1464 5319 μεγάλας,
1499 5248 1749 5320 σμικρῶν

178 5334 238 5387 δὲ
268 5340 521 5412 σμικράς.
555 5339 700 5409 Πρὸς
729 5334 821 5392 οὖν
861 5339 958 5403 τὰς
988 5339 1301 5412 χειμερινὰς
1325 5340 1538 5411 ἡμέρας
1573 5341 1632 5393 αἱ
1658 5339 1749 5393 θε-

187 5432 327 5498 ριναὶ
369 5432 603 5503 μεγάλαι
632 5428 825 5511 ἵσῇσαι,
867 5439 925 5486 ιε’
972 5432 1121 5504 ὧρας
1168 5433 1485 5505 ίσημερινῆς
1535 5433 1748 5504 ἡμέρας

182 5518 451 5596 διάστημα
479 5524 723 5595 ἔχουσαι,
754 5524 834 5588 είς
865 5523 931 5594 ιβ’
960 5524 1234 5594 ἀναλόγως
1268 5525 1494 5597 διῃρέθη
1525 5527 1568 5580 ³.
1592 5526 1664 5579 Τὸ
1693 5527 1751 5580 δὲ

180 5612 312 5668 αὐτὸ
338 5619 431 5671 καὶ
458 5620 556 5671 ἐπὶ
578 5615 789 5670 νυκτῶν
811 5617 1081 5688 μεγάλων,
1110 5619 1206 5674 καὶ
1236 5619 1468 5692 μικρῶν,
1491 5621 1586 5676 καὶ
1610 5622 1750 5694 ἡμεο

183 5704 293 5771 ρῶν
325 5708 346 5738 ’
379 5708 594 5781 μικρῶν
618 5709 834 5767 σκόπει.

247 5904 271 5935 ⁷
292 5908 339 5977 Ῑ.
368 5911 486 5983 τρὶς
512 5911 593 5966 δέ.

1820 670 2057 726 solstitio
2086 676 2357 733 sumatur,
2391 665 2470 720 uti
2501 663 2705 719 dictum
2735 667 2841 724 est,
2885 658 3241 729 longissimus
3269 657 3387 712 dies

1822 762 2080 816 horarum
2109 760 2205 826 15;
2228 770 2569 827 consequens
2596 762 2675 810 est
2705 751 3084 808 brevissimam
3110 765 3233 805 esse
3259 757 3387 803 tunc

1824 862 2059 908 noctem.
2110 852 2286 922 Atque
2322 849 2429 903 hoc
2478 862 2603 901 cum
2633 843 2854 899 aliunde
2902 840 3251 896 manifestum
3280 847 3385 901 est,

1822 953 1936 1000 tum
1972 962 2037 1002 ex
2073 945 2162 1009 iis,
2209 958 2331 1014 quae
2369 943 2571 996 Aratus
2617 938 2893 1009 eXplicat.‘
2918 936 3053 990 Nam
3100 937 3147 993 si
3195 936 3301 990 diei
3335 941 3390 988 e't

1796 1093 1800 1096 ί
1823 1038 2001 1093 noctis
2021 1037 2371 1105 intervallum
2401 1034 2660 1089 horarum
2688 1039 2774 1088 est
2801 1030 2995 1101 viginti
3023 1039 3257 1100 quatuor
3285 1048 3298 1083 :
3325 1045 3390 1084 ac

1822 1132 2092 1202 tropicum
2114 1128 2380 1185 circulum
2416 1126 2473 1180 in
2496 1133 2680 1197 partes
2717 1130 2842 1178 octo
2872 1122 3114 1177 dividere
3138 1128 3348 1190 oportet
3373 1137 3388 1185 ;

1824 1239 2054 1295 quarum
2085 1221 2340 1292 quaelibet
2368 1219 2537 1273 trium
2563 1225 2648 1272 εει
2677 1215 2936 1270 horarum
2962 1234 2977 1267 :
3005 1228 3129 1267 cum
3161 1219 3246 1266 ter
3267 1218 3392 1265 octo

1826 1320 1936 1373 sint
1951 1314 2137 1386 viginti
2169 1323 2434 1385 quatuor;
2453 1303 2713 1381 quoniam
2742 1322 2807 1363 ex
2825 1313 2948 1361 octo
2970 1304 3214 1376 partibus
3231 1304 3393 1374 quin-

1824 1425 1932 1480 que
1978 1422 2145 1478 supra
2178 1415 2381 1461 terram
2415 1402 2679 1466 eminent,
2731 1408 2786 1456 et
2830 1413 3170 1469 unaquaeque
3213 1396 3394 1451 tribus

1827 1502 1979 1558 horis
2007 1499 2242 1556 volvitur
2276 1518 2290 1554 :
2323 1505 2453 1552 sunt
2495 1503 2675 1550 autem
2714 1493 3010 1565 quinquies
3042 1499 3127 1546 ter
3163 1489 3397 1561 quinde-

1827 1592 1933 1646 cim
1966 1610 1980 1646 :
2011 1605 2236 1646 necesse
2260 1594 2344 1644 est
2362 1586 2674 1658 quindecim
2703 1585 2961 1638 horarum
2987 1583 3238 1637 diurnum
3262 1580 3396 1636 solis

1827 1698 1947 1738 esse
1969 1689 2197 1736 motum.
2226 1679 2385 1746 Quod
2424 1678 2471 1733 si
2507 1686 2637 1732 tunc
2663 1676 2906 1747 quinque
2938 1683 3074 1730 sunt
3103 1681 3286 1743 partes
3310 1670 3398 1726 im-

1829 1774 1913 1829 fra
1952 1783 2185 1842 terram;
2214 1788 2447 1845 quarum
2479 1771 2734 1842 quaelibet
2774 1771 2935 1824 trium
2990 1768 3246 1822 horarum
3278 1780 3400 1836 δραι

1826 1867 1905 1925 tio
1948 1868 2166 1922 cietur:
2200 1880 2325 1919 cum
2359 1865 2471 1919 sint
2498 1870 2594 1922 .ter
2642 1859 2750 1915 tria
2789 1874 3021 1925 novem;
3051 1856 3400 1928 perspicuum

1755 1963 1797 2019 Β
1826 1970 1909 2016 est
1946 1969 2159 2015 noctem
2191 1959 2345 2014 horis
2387 1967 2641 2014 constare
2681 1969 2875 2010 norem
2903 1968 3072 2024 ;«qua:
3100 1960 3185 2009 est
3226 1954 3280 2006 in
3310 1951 3401 2005 ille

1835 2059 2013 2107 tractu
2040 2050 2384 2107 brevissima.

1905 2143 2177 2197 Hibernus
2209 2142 2453 2213 tropicus
2488 2141 2631 2196 inter
2652 2141 3029 2195 antarcticum
3057 2139 3324 2194 circulum
3354 2145 3407 2192 et

1832 2234 2273 2306 aequinoctialem
2320 2233 2533 2302 positus
2575 2238 2681 2297 est,
2723 2239 2914 2286 contra
2962 2240 3122 2301 atque
3160 2230 3407 2300 tropicus

1832 2329 2076 2394 aestivus,
2105 2327 2194 2380 cui
2219 2325 2328 2396 87
2356 2333 2439 2380 est
2462 2325 2710 2394 aequalis.
2748 2323 2907 2379 Hunc
2933 2324 3191 2379 zodiacus
3218 2324 3280 2378 'in
3303 2322 3409 2378 Ca-

1833 2421 2091 2491 pricorno
2120 2417 2385 2489 contingit
2415 2437 2428 2472 :
2464 2418 2516 2471 in
2548 2431 2659 2486 quo
2683 2417 2766 2472 sol
2797 2417 3081 2472 hibernum
3110 2416 3406 2471 solstitium
3460 2452 3477 2464 ε.

1833 2510 2015 2565 edicit.
2044 2509 2177 2563 llluc
2203 2508 2348 2564 enim
2383 2506 2476 2562 ubi
2516 2508 2782 2577 pervenit,
2831 2522 2941 2562 non
2988 2508 3133 2561 ultra
3180 2506 3411 2561 descen—

1834 2602 1948 2669 dit‘;
1977 2601 2073 2657 sed
2111 2599 2412 2657 ascendere
2458 2614 2654 2655 rursus
2702 2599 2925 2668 incipit;
2960 2608 3246 2668 propterea
3275 2612 3411 2651 cou-

1832 2696 2014 2751 versio
2043 2693 2191 2748 illius
2217 2692 2419 2746 dicitur
2444 2707 2473 2746 a
2492 2692 2826 2763 Capricorno
2848 2690 2915 2744 ad
2931 2689 3201 2745 Cancrum
3221 2705 3387 2746 ascen

1835 2787 1940 2841 sio.
1967 2783 2085 2840 Jam
2128 2782 2392 2839 hibernus
2425 2781 2548 2837 ideo
2581 2782 2919 2846 nominatur,
2951 2781 3101 2851 quod
3162 2795 3287 2835 cum
3336 2779 3412 2833 ibi

1835 2879 1919 2934 sol
1940 2879 2001 2932 in
2020 2876 2358 2947 Capricorno
2386 2882 2657 2940 versatur,
2698 2889 2968 2931 summam
2995 2874 3226 2929 hiemem
3259 2872 3411 2927 facit.

1835 2967 1973 3022 Cum
2019 2976 2200 3023 autem
2235 2966 2483 3037 tropicus
2525 2966 2790 3022 hibernus
2824 2965 3027 3021 ναιειὶνο
3059 2965 3132 3020 sit
3162 2964 3413 3035 aequalis,

1836 3060 2091 3116 similiter
2133 3068 2300 3131 atque
2348 3061 2438 3115 hic
2486 3060 2540 3114 in
2578 3067 2764 3131 partes
2811 3066 2939 3113 octo
2991 3057 3271 3113 dividitur.
3308 3056 3416 3112 Sed

1835 3152 2137 3216 contrario,
2175 3167 2342 3223 quam
2377 3151 2491 3216 ille,
2524 3149 2686 3204 modo
2718 3149 2787 3204 de
2817 3148 3069 3220 partibus
3099 3155 3225 3202 octo
3254 3147 3419 3218 quin-

1835 3255 1946 3312 que
1980 3240 2123 3296 infra
2148 3249 2375 3308 terram,
2401 3248 2520 3296 tres
2543 3254 2715 3309 supra
2746 3249 2947 3294 terram
2970 3239 3163 3305 habet;
3197 3246 3257 3291 ut
3290 3247 3419 3292 tunc

1846 3334 2169 3391 brevissima
2194 3334 2313 3390 dies
2343 3334 2438 3399 sit,
2467 3348 2592 3388 cum
2614 3332 2700 3387 sol
2721 3331 3116 3402 Capricornum
3146 3332 3418 3387 transiens

1844 3424 2129 3478 hibernum
2161 3424 2431 3495 tropicum
2464 3423 2709 3494 attingit;
2742 3422 3002 3477 horarum
3030 3423 3279 3477 videlicet
3316 3437 3420 3478 no-

1841 3530 1961 3569 vem
1994 3534 2007 3569 :
2038 3529 2149 3569 nox
2187 3525 2369 3571 autem
2413 3516 2675 3571 horarum
2709 3508 3023 3586 quindecim
3058 3534 3070 3569 :
3106 3515 3331 3586 perinde
3355 3529 3421 3570 ac

1838 3607 2266 3676 tropicoaestivo
2293 3608 2514 3664 accidit.

1911 3696 2337 3769 Equinoctialis
2383 3700 2626 3756 circulus
2680 3700 2895 3759 medius
2943 3700 3086 3755 inter
3127 3699 3423 3769 parallelos

1843 3794 2087 3863 quinque
2111 3834 2127 3857 ,
2158 3801 2398 3866 quatuor
2428 3795 2658 3866 reliquis
2687 3796 2864 3866 major
2895 3804 2980 3852 est
3007 3834 3023 3860 ,
3056 3795 3202 3866 quod
3231 3809 3261 3848 a
3293 3809 3424 3848 cen-

1843 3892 1931 3938 tro
1958 3884 2192 3939 ducatur
2222 3886 2343 3955 ejus
2375 3885 2637 3941 ambitus.
2666 3886 2724 3941 in
2753 3902 2821 3942 eo
2849 3887 2932 3942 sol
2962 3886 3074 3941 duo
3104 3884 3231 3939 Facit
3256 3885 3424 3954 tuqui-

1846 3976 2059 4040 noctia,
2094 3993 2217 4047 qua:
2241 3992 2406 4047 supra
2429 3978 2727 4033 memoravi
2756 3996 2770 4033 :
2804 3994 3032 4034 vernum
3086 3993 3209 4032 cum
3236 3987 3321 4032 est
3367 3977 3424 4030 in

1847 4066 2033 4122 Ariete
2059 4064 2430 4123 :“autumnale
2459 4078 2643 4125 autem
2664 4113 2678 4135 ,
2705 4071 2761 4124 in
2791 4068 2974 4125 Libra.
2999 4069 3424 4139 Equinoctialis

1845 4152 1896 4207 ei
1931 4168 2130 4207 nomen
2160 4162 2276 4219 est,
2312 4153 2574 4222 quoniam
2611 4155 2668 4208 in
2705 4154 2832 4223 ipso
2859 4153 3188 4223 aequinoctia
3223 4152 3361 4207 ﬁunt
3393 4168 3425 4206 a

1847 4242 1986 4298 sole.
2023 4241 2121 4296 llic
2153 4244 2202 4297 si
2237 4242 2292 4297 in
2327 4251 2518 4312 partes
2549 4252 2674 4299 octo
2705 4243 3006 4305 tribuatur,
3046 4250 3285 4311 quatuor
3325 4256 3424 4296 su-

1848 4349 1946 4405 pra
1989 4344 2188 4389 terram
2236 4345 2438 4401 erunt;
2484 4334 2628 4388 infra
2660 4334 2925 4401 totidem;
2957 4343 3150 4404 estque
3199 4332 3424 4387 zodiaco

1846 4426 2074 4496 aequalis
2106 4435 2161 4481 et
2189 4428 2367 4481 lacteo
2395 4426 2627 4482 circulo.
2737 4492 2740 4496 λ

1921 4518 2096 4589 Roget
2140 4518 2339 4589 aliquis
2386 4533 2488 4572 cur
2538 4517 2881 4585 dixerimus,
2928 4516 3098 4572 solem
3148 4515 3204 4569 in
3229 4515 3427 4577 aestivo

1852 4611 2091 4666 solstitio
2139 4612 2500 4666 constitutum
2556 4608 2834 4665 horarum‘
2868 4607 3182 4680 quindecim
3245 4606 3427 4661 facere

1850 4705 1992 4759 diem
2020 4720 2035 4769 ;
2070 4702 2126 4756 in
2158 4702 2420 4768 hiberno,
2454 4716 2649 4757 novem
2682 4720 2695 4756 :
2730 4716 2857 4756 cum
2894 4708 3078 4754 tamen
3108 4699 3164 4753 in
3199 4698 3426 4752 mecha-

1851 4795 1989 4849 nicis
2020 4792 2322 4864 horologiis
2364 4802 2419 4847 et
2467 4792 2803 4865 hydrologiis
2832 4793 2954 4848 dies
2984 4796 3249 4862 perpetuo
3275 4789 3428 4844 horis

1850 4886 2138 4941 duodecim
2164 4894 2422 4942 constare
2453 4868 2726 4941 videatur.
2752 4884 2889 4940 Huic
2910 4886 2984 4939 ita
3008 4883 3422 4954 respondemus,

1824 4976 2311 5046 quemadmodum
2344 4976 2510 5033 homo
2542 4976 2775 5048 quilibet
2800 4984 2917 5031 tam
2954 4991 3097 5046 puer
3123 4989 3287 5045 quam
3319 4974 3424 5035 vir,

1855 5068 2056 5139 quinos
2088 5068 2146 5122 in
2199 5082 2366 5121 manu
2414 5067 2616 5139 digitos
2646 5068 2853 5136 habet;
2888 5083 3000 5123 non
3030 5075 3213 5121 tamen
3246 5080 3426 5135 aequa-

1858 5158 1936 5212 les
1965 5176 1979 5213 :
2012 5158 2256 5214 eamdem
2296 5160 2458 5230 plane
2490 5161 2548 5215 in
2577 5160 2772 5218 diebus
2812 5175 2878 5216 ac
2929 5159 3183 5215 noctibus
3220 5160 3430 5227 magni-

1856 5250 2068 5305 tudinis
2133 5264 2199 5304 ac
2275 5251 2577 5307 celeritatis
2630 5252 2899 5306 rationem
2958 5250 3124 5305 horas
3182 5247 3428 5302 habere:

1857 5341 1994 5397 adeo
2025 5350 2084 5397 ut
2115 5340 2441 5414 magnarum
2473 5358 2686 5414 magna:
2708 5344 2870 5410 sint;
2916 5356 3207 5413 parvarum
3243 5339 3428 5393 itidem

1859 5449 2058 5504 parvae.
2081 5432 2252 5506 igitur
2270 5435 2443 5490 aestivi
2475 5435 2593 5491 dies
2620 5436 2864 5491 hibernis
2890 5435 3125 5505 majores
3145 5431 3430 5487 intervallo

1856 5534 2116 5584 constant
2144 5526 2404 5581 horarum
2433 5526 2502 5580 l5
2528 5524 3027 5596 aquiuqctialium,
3059 5537 3179 5593 qua:
3208 5520 3261 5574 in
3293 5521 3431 5574 duo-

1854 5617 2036 5672 decim
2079 5619 2429 5688 proportione
2468 5617 2808 5673 dividuntur.
2852 5616 2998 5673 ldem
3036 5630 3167 5685 ergo
3208 5612 3431 5683 majori—

1854 5709 1964 5766 bus
2007 5724 2071 5764 ac
2128 5710 2439 5767 minoribus
2473 5710 2543 5766 de
2570 5709 2868 5774 noctibus,
2923 5717 2976 5768 et
3028 5705 3327 5779 majoribus
3366 5715 3435 5758 ac

1858 5801 2165 5859 minoribus
2193 5802 2387 5860 diebus
2420 5809 2504 5860 est
2529 5800 2821 5874 judicium.

704 5912 725 5944 ⁸
750 5912 799 5980 Ῑ.
826 5907 1170 5987 διῃρέθησαν.
1246 5919 1267 5952 ⁹
1302 5916 1449 5971 Deest
1480 5908 1752 5987 μεγᾶλων,
1778 5902 1889 5973 καί.

2519 6030 2583 6043 οιοη
