3816 6312
131 337 222 395 977

669 432 814 520 ’Περὶ
838 454 1160 522 κολούρων.

191 569 292 637 κζ’.
323 570 388 623 Οἱ
443 568 502 622 δὲ
549 560 792 638 κόλουροι
818 567 924 619 είσι
966 566 1065 638 μὲν
1093 566 1186 620 δύο
1222 567 1329 621 ἀπὸ
1375 567 1564 639 βορέου
1613 569 1704 621 ἐπὶ

98 695 105 732 ς
123 665 283 725 νότον,
309 661 403 716 διὰ
420 660 530 714 τῶν
545 659 720 713 πόλων
733 657 1021 730 τέμνοντες
1034 660 1135 726 τὴν
1151 663 1382 731 σφαῖραν
1403 661 1496 714 καὶ
1510 661 1633 723 τοὺς
1644 662 1702 715 ἐν

121 757 249 828 αὐτῇ
264 755 479 818 πάντας
493 752 683 815 ἄλλους
694 750 1073 816 minioquch
1083 753 1140 805 δὲ
1159 753 1406 823 μέγιστοι
1421 753 1516 807 καὶ
1526 753 1696 817 αὐτοὶ,

119 846 188 912 ὡς
207 846 271 900 ἀν
287 844 378 898 διὰ
408 842 508 896 τοῦ
531 842 756 913 κέντρου
782 841 883 911 τῆς
901 841 1136 913 σφαίρας
1159 843 1406 913 ⁴ἠγμένοι.
1431 842 1698 914 Τέμνουσι

118 939 188 1003 δὲ,
223 939 308 992 ἴνα
333 937 439 1001 τὰς
465 937 507 991 δ’
539 937 689 1010 ὥρας
712 935 808 990 τοῦ
841 934 1084 990 ἐνιαυτοῦ
1119 935 1316 1008 ῥᾳδίως
1345 934 1699 1006 καταλαμϐά-

119 1049 308 1103 νωμεν.
335 1033 408 1086 Τε
417 1031 656 1103 μνόντων
677 1029 790 1102 γὰρ
817 1029 1019 1084 τούτων
1039 1027 1301 1100 ἀλλήλους
1319 1029 1413 1082 καὶ
1431 1029 1530 1101 τὴν
1547 1030 1697 1098 σφαῖ-

119 1143 232 1198 ραν,
264 1125 605 1196 συμὸήσεται
631 1126 713 1189 εἰς
738 1124 981 1194 τέσσαρα
1012 1121 1316 1194 τετμῆσθαι
1335 1138 1350 1153 °
1382 1121 1522 1176 ὥστε
1566 1121 1696 1177 ’ἐκα-

119 1234 231 1270 στον
257 1217 368 1270 τῶν
404 1216 687 1288 τεσσάρων
719 1217 1023 1288 τμημάτων
1059 1215 1188 1289 μίαν
1211 1215 1359 1286 ὥραν
1392 1214 1484 1268 τοῦ
1513 1217 1691 1269 ἐνιαυ-

115 1308 200 1362 τοῦ
237 1308 405 1380 ἔχειν.
439 1310 550 1365 Καὶ
577 1313 606 1363 ὁ
631 1309 732 1381 μὲν
765 1308 944 1363 αὐτῶν
993 1308 1134 1363 κατὰ
1165 1307 1438 1379 Καρκίνον
1467 1307 1562 1362 καὶ
1597 1307 1693 1360 Αί-

115 1402 389 1474 γοκέρωτα
413 1402 530 1474 ἔχει
561 1405 659 1476 τὴν
683 1402 1036 1476 περιφέρειαν
1051 1419 1065 1434 ·
1094 1402 1182 1457 διὰ
1204 1403 1303 1473 μὲν
1323 1401 1416 1455 τοῦ
1438 1401 1691 1472 ένὸςήμι-

113 1495 325 1550 κυκλίου
358 1496 623 1551 δεικνύων
659 1498 718 1550 ὲν
744 1496 1006 1567 Καρκίνῳ
1035 1495 1212 1568 θέρος,
1235 1495 1324 1554 διὰ
1343 1495 1399 1548 δὲ
1435 1494 1528 1548 τοῦ
1568 1493 1686 1553 ἐτέ-

111 1606 197 1661 ρου
234 1591 292 1643 ὲν
326 1589 666 1662 Αίγοκέρωτι
711 1589 974 1660 χειμῶνα.
1012 1588 1070 1642 '0
1106 1588 1164 1641 δὲ
1195 1586 1335 1642 κατὰ
1379 1586 1548 1659 Κριὸν
1594 1586 1687 1639 καὶ

110 1680 282 1752 Χηλὰς
307 1680 408 1753 τὴν
440 1681 800 1752 περιφέρειαν
821 1679 932 1750 ἔχει
953 1695 968 1710 ο
1003 1679 1095 1733 καὶ
1118 1677 1267 1750 δηλοῖ
1288 1676 1385 1742 τὰς
1409 1677 1574 1741 ἄλλας
1594 1676 1686 1731 δύο

107 1775 241 1844 ὧρας
256 1776 357 1840 τὰς
383 1775 726 1848 ίσημερινάς·
750 1774 848 1845 τὴν
879 1773 975 1844 μὲν
993 1773 1213 1845 ἐαρινὴν
1234 1773 1291 1826 ὲν
1308 1771 1483 1843 Κριῷ,
1511 1770 1609 1842 τὴν
1624 1770 1681 1824 δὲ

871 333 1193 390 ACHILLIS
1235 334 1423 390 TA'I'll
1463 334 1760 390 ISAGOGE
1796 335 1886 388 AD
1927 335 2132 391 ARATI
2170 335 2636 393 PHAENOMENA.

1732 459 1780 516 A

3271 335 3383 398 978

2426 454 2503 509 De
2531 455 2745 510 coluris.

1887 568 1979 623 27.
2025 568 2137 623 Duo
2171 577 2300 623 sunt
2332 569 2505 624 coluri
2541 586 2570 622 a
2605 571 2976 641 septentrione
3024 572 3088 626 ad
3131 581 3376 646 austrum
3410 557 3415 580 ³

1806 677 1903 732 per
1933 662 2088 731 polos
2145 661 2412 732 sphaeram
2457 662 2687 732 ejusque
2739 664 2974 719 circulos
3016 679 3205 720 omnes
3249 681 3376 736 par-

1805 753 2026 810 tientes.
2080 751 2250 808 Iidem
2303 754 2529 808 maximi
2576 762 2738 819 sunt,
2772 764 2831 809 ut
2861 756 2951 826 qui
2988 772 3083 827 per
3128 766 3372 812 centrum

1804 842 2032 914 sphaera:
2065 851 2374 899 transeunt.
2413 843 2613 900 Secant
2641 853 2820 901 autem
2866 845 3105 911 idcirco,
3149 854 3209 902 ut
3244 849 3371 902 anni

1801 942 2150 1007 tempestates
2182 945 2423 1007 quatuor
2453 938 2610 994 facile
2641 938 3041 996 discernamus.
3077 939 3211 994 Nam
3245 929 3398 995 cum'

1799 1043 1920 1084 sese
1965 1037 2156 1084 mutuo
2195 1027 2476 1094 dividant,
2513 1030 2784 1100 sphaeram
2823 1031 2996 1102 ipsam
3043 1047 3260 1102 quoque
3287 1031 3372 1086 di-

1796 1119 1904 1174 vidi
1935 1135 2161 1176 necesse
2203 1129 2288 1176 est
2315 1121 2381 1192 ζῑη
2436 1129 2620 1193 partes
2651 1131 2907 1194 quatuor,
2939 1123 3074 1178 adeo
3105 1132 3164 1177 ut
3193 1123 3370 1195 quod-

1794 1213 1928 1268 libet
1967 1229 2000 1269 e
2044 1215 2346 1286 segmentis
2374 1225 2616 1286 quatuor
2647 1231 2802 1273 suam
2833 1217 2958 1270 anni
2992 1224 3365 1289 tempestatem

1793 1305 2054 1359 obtineat.
2090 1305 2128 1358 Ε
2155 1306 2364 1361 coluris
2396 1307 2520 1362 istis
2546 1307 2783 1363 alterius
2820 1307 3060 1364 ambitus
3098 1323 3198 1378 per
3221 1306 3365 1363 Can-

1789 1413 1944 1453 crum
1986 1406 2039 1454 et
2089 1398 2485 1470 Capricornum
2523 1399 2775 1466 ducitur,
2818 1415 2881 1454 ac
2912 1415 3008 1470 per
3044 1399 3364 1455 semicircu-

1789 1489 1904 1544 lum
1935 1507 2101 1545 unum
2136 1499 2380 1547 aestatem
2412 1491 2619 1548 indicat
2647 1492 2703 1548 in
2731 1491 2945 1548 Cancro
2967 1536 2980 1557 ,
3011 1507 3108 1563 per
3133 1492 3360 1547 alterum

1789 1582 2023 1638 hiemem
2053 1585 2108 1639 in
2128 1586 2484 1657 Capricorno.
2512 1585 2750 1642 Alterius
2780 1586 3016 1641 ambitus
3043 1587 3240 1641 transit
3264 1602 3361 1655 per

1787 1672 2026 1730 Arietem
2071 1683 2125 1730 et
2171 1675 2390 1731 Libram
2417 1717 2434 1743 ,
2465 1691 2528 1732 ac
2557 1677 2694 1733 duas
2735 1677 2871 1733 alias
2909 1677 3359 1750 aequinoctiorum

1787 1771 2142 1836 tempestates
2173 1769 2394 1824 exhibet
2420 1787 2434 1823 :
2470 1785 2696 1824 vernam
2727 1771 2782 1825 in
2807 1770 2989 1826 Ariete
3020 1787 3034 1837 ;
3069 1777 3358 1825 autumna-

110 1834 1084 1937 μέτοπωρινὴεΐὲν,ΧηλαῖςίΚύλουροί.
1115 1834 1180 1916 δὲ.
1203 1834 1517 1934 κέκλῆνται,
1544 1834 1655 1915 διότ

1784 1856 1888 1912 lem
1906 1834 1979 1911 in
2012 1859 2198 1914 Libra.
2233 1859 2338 1926 Qui
2373 1861 2550 1916 coluri
2586 1869 2872 1933 propterea
2905 1834 3190 1926 vocantur,
3230 1866 3357 1934 quia

104 1957 339 2012 δοκοῦσιν
365 1961 498 2030 ἡμῖν
516 1957 802 2012 κολοῦσθαι
829 1956 1018 2026 ὥσπερ
1032 1955 1131 2020 τὰς
1146 1954 1332 2027 οὐρὰς,
1349 1953 1438 2008 διὰ
1463 1953 1522 2007 τὸ
1546 1955 1659 2025 mm

1781 1947 1941 2003 nobis
1977 1949 2129 2004 velut
2158 1951 2333 2006 cauda
2368 1951 2605 2006 mutilati
2653 1952 2931 2014 videntur,
2965 1969 3032 2010 eo
3061 1955 3203 2026 quod
3232 1969 3357 2025 par-

107 2053 170 2124 μὴ
197 2053 488 2122 φαίνεσθαι
527 2051 708 2106 αὐτῶν
747 2050 815 2104 τά
843 2051 934 2104 ἐπὶ
972 2050 1065 2102 τοῦ
1112 2047 1474 2121 ἀνταρκτικοῦ
1512 2048 1674 2120 μέρη,

104 2147 184 2197 καὶ
209 2147 386 2198 δοκεῖν
444 2144 736 2198 κολοῦσθαι
772 2145 968 2222 αὐτοὺς
1016 2143 1156 2199 κατά
1196 2141 1355 2196 τοῦτο
1385 2142 1446 2194 τὸ
1490 2141 1676 2213 μέρος.

104 2235 416 2307 Συμϐέὸηκε
462 2237 572 2306 γὰρ
602 2235 670 2289 τὰ
704 2235 803 2306 μὲν
845 2235 953 2287 ἀπὸ
980 2233 1074 2288 τοῦ
1119 2233 1409 2304 ἀειφανοῦς
1455 2234 1676 2298 κύκλου,

100 2323 332 2376 τουτέστι
358 2323 456 2376 τοῦ
485 2324 771 2393 ἀρκτικοῦ,
802 2324 942 2394 μέρη
975 2323 1258 2394 φαίνεσθαι
1278 2341 1290 2354 ο
1316 2325 1489 2378 ταῦτα
1523 2323 1578 2377 δὲ
1609 2324 1675 2376 τά

103 2414 230 2486 μέρη
281 2415 393 2468 τῶν
435 2414 712 2487 κολούρων
759 2415 974 2469 κύκλων
1027 2416 1095 2470 τὰ
1151 2415 1244 2470 τοῦ
1310 2416 1671 2488 ἀνταρκτικοῦ

100 2509 173 2561 ἀεὶ
199 2510 382 2582 ἀφανῆ
419 2504 582 2562 ἑῖναι.

610 2649 762 2718 Περὶ.
777 2650 884 2704 τοῦ
904 2651 1145 2717 ἄξονος.

155 2769 252 2832 κη’.
291 2764 483 2835 Διήκει
516 2763 573 2816 δὲ
599 2765 627 2816 ὁ
657 2763 800 2830 ἄξων
834 2767 940 2820 ἀπὸ
969 2767 1062 2820 τοῦ
1103 2767 1327 2840 κέντρου
1355 2771 1446 2823 τοῦ
1481 2771 1669 2840 ἀρκτι-

1779 2050 1863 2098 tes
1898 2043 2115 2099 illorum
2148 2045 2216 2099 ad
2241 2047 2425 2115 polum
2448 2047 2808 2102 antareticum
2830 2047 3208 2103 occultantur:
3236 2049 3357 2120 qui-

1778 2137 1884 2193 bus
1913 2150 1967 2192 et
2002 2139 2239 2194 mutilati
2269 2140 2547 2196 videntur.
2581 2140 2716 2197 Nam
2764 2159 2885 2213 quae
2923 2159 3137 2214 semper
3187 2159 3354 2215 appa-

1777 2239 1932 2285 rente
1961 2231 2197 2297 circulo,
2236 2233 2290 2286 id
2326 2243 2410 2289 est
2451 2235 2696 2300 arctico,
2731 2237 3104 2300 continentur,
3135 2237 3351 2292 illorum

1777 2323 2089 2392 conspicua:
2120 2335 2248 2380 sunt
2280 2334 2497 2396 partes:
2534 2344 2656 2397 quae
2688 2344 2818 2384 vero
2849 2330 3150 2386 antarctico
3176 2331 3352 2387 inclu-

1774 2414 1998 2480 duntur,
2033 2433 2244 2489 semper
2272 2420 2517 2474 occultze.

2447 2645 2522 2699 De
2558 2665 2676 2702 axe.

1839 2757 1928 2812 28.
1970 2759 2053 2814 Ab
2082 2762 2272 2816 arctici
2326 2763 2519 2818 circuli
2569 2773 2758 2820 centro
2809 2781 2904 2836 per
2956 2767 3181 2838 sphaera:
3218 2782 3347 2823 cen-

95 2853 179 2905 κού
205 2853 408 2907 κύκλου
463 2855 551 2908 διὰ
601 2856 696 2910 τοῦ
744 2858 968 2929 κέντρου
1003 2860 1103 2931 τῆς
1155 2861 1387 2931 σφαίρας
1435 2861 1539 2926 ἕως
1570 2862 1659 2916 τοῦ

1775 2855 1951 2914 trum,
2007 2852 2073 2905 ad
2124 2861 2371 2908 centrum
2424 2856 2572 2910 aliud
2617 2857 2903 2913 antarctici
2955 2862 3154 2914 transit
3202 2859 3341 2916 axis.

94 2944 304 3016 κέντρου
335 2946 432 3000 τοῦ
465 2948 850 3020 ἀνταρκτικοῦ.
886 2951 1263 3024 Παρείληπται
1295 2954 1372 3018 δὲ,
1409 2955 1494 3008 ἵνα
1525 2955 1664 3024 γνῶ-

1766 2937 1872 3004 Qui
1904 2941 1973 2996 ob
2016 2943 2065 2998 id
2113 2955 2428 3018 assumptus
2467 2957 2584 3015 est,
2619 2957 2678 3003 ut
2721 2951 3090 3022 intelligamus
3132 2951 3341 3007 circum

96 3054 181 3105 μεν
231 3039 313 3092 ὅτι
368 3041 502 3112 περὶ
547 3041 712 3095 αὐτὸν
741 3044 836 3096 καὶ
874 3043 942 3096 τὰ
972 3045 1115 3114 ἄκρα
1163 3045 1327 3100 αὑτοῦ
1383 3047 1606 3101 δινεῖται
1633 3050 1659 3102 ὁ

1775 3031 1913 3087 hunc
1943 3042 1997 3090 et
2025 3035 2147 3105 ejus
2176 3045 2420 3094 extrema
2448 3041 2806 3098 circumvolvi
2838 3044 3036 3098 cmlum
3065 3061 3078 3110 ;
3114 3043 3342 3114 perinde

91 3129 300 3202 οὐρανός
322 3151 336 3163 ο
372 3132 565 3206 ὥσπερ
599 3135 726 3206 περὶ
775 3137 1069 3207 ἁρμάτειον
1108 3139 1272 3205 ἄξονα
1308 3139 1572 3194 δινοῦνται
1609 3143 1658 3194 oi

91 3225 276 3294 τροχοί.
301 3227 413 3296 Τὴν
444 3227 504 3280 δὲ
543 3227 674 3298 ὓλην
705 3228 870 3282 αὑτοῦ
903 3230 1002 3283 οὐκ
1043 3230 1278 3296 ἐδίδαξεν
1319 3233 1465 3302 ἡμᾶς
1489 3235 1658 3304 ’Δρα-

89 3330 200 3378 τος·
228 3317 339 3371 ἀλλ’
380 3319 458 3383 ὡς
501 3321 560 3372 ἐν
601 3322 818 3392 ποιήσει
868 3321 1258 3395 μυθικώτερον,
1311 3325 1500 3399 ὥσπερ
1532 3327 1653 3379 ὁδε-

86 3406 256 3464 λὶσκον
292 3412 457 3464 αὐτὸν
497 3407 670 3467 εἶπεν.
701 3415 762 3468 Ei
806 3415 903 3486 μὲν
929 3411 1022 3470 οὖν
1067 3417 1212 3485 λέγοι
1242 3435 1325 3482 τις
1367 3419 1526 3472 αύτοῦ
1557 3419 1654 3490 τὴν

87 3496 206 3568 ὕλην
233 3501 295 3553 ὲκ
325 3503 521 3573 πυρὸς,
558 3501 726 3556 ἐλθὼν
770 3504 862 3557 ἐπὶ
907 3503 1005 3575 τὴν
1039 3505 1131 3559 τοῦ
1176 3506 1368 3570 ὓδατος
1420 3511 1652 3580 σφαῖραν

86 3589 428 3664 σϐεσθήσεται
447 3611 464 3627 ·
493 3594 525 3665 ἢ
550 3595 656 3647 ὑπὸ
678 3597 776 3666 τῆς
811 3596 901 3649 τοῦ
925 3597 1095 3672 πυρὸς
1124 3599 1360 3669 σφαίρας
1391 3600 1652 3670 καταφλε-

83 3682 356 3754 χῡήσεταιο
391 3685 526 3740 εἰδὲ
549 3689 614 3740 ἐκ
642 3688 739 3758 τῆς
779 3689 885 3746 τῶν
918 3688 1138 3755 λοιπῶν,
1178 3691 1338 3761 ἀέρος
1367 3693 1398 3763 ἢ
1436 3691 1645 3758 ὕδατος,

80 3778 266 3850 ἀμιγὴς
295 3780 457 3834 ἔσται
476 3782 588 3844 τοῖς
617 3781 817 3846 ἄλλοις,
849 3783 943 3835 καὶ
967 3783 1070 3836 ὑπὸ
1090 3783 1198 3837 τῶν
1225 3785 1481 3839 ἐναντίων
1507 3787 1648 3855 ἀτρα-

81 3870 394 3943 νισθήσεται.
441 3873 758 3946 Γεωμέτραι
791 3875 848 3928 δὲ
894 3876 1054 3930 αὐτὸν
1089 3877 1428 3932 ὑποτίθενται
1470 3897 1648 3951 γραμ-

79 3964 174 4032 μήν
199 3981 319 4019 τινα
359 3966 590 4038 λεπτὴν,
639 3967 935 4039 διήκουσαν
979 3968 1087 4022 ἀπὸ
1130 3968 1223 4023 τοῦ
1275 3972 1502 4044 κέντρου
1549 3973 1644 4026 τοῦ

76 4050 320 4119 ἀρκτικοῦ
367 4058 575 4113 κύκλου
619 4059 782 4131 μέχρι
813 4061 909 4115 τοῦ
961 4064 1345 4134 ἀνταρκτικοῦ,
1393 4065 1644 4138 καθάπερ

77 4141 290 4212 εἴρηται.
338 4153 401 4204 ΟΞ
437 4151 496 4204 δὲ
535 4155 758 4221 φυσικοὶ
800 4155 1078 4226 φιλόσοφοι
1122 4156 1182 4210 τὸ
1215 4158 1416 4228 μεταξὺ
1456 4159 1643 4230 διῆκον

1765 3130 1928 3193 atque
1955 3126 2159 3182 circum
2184 3144 2382 3187 currus
2410 3149 2565 3189 axem
2591 3143 2723 3190 rotae
2742 3136 3054 3191 volvuntur.
3082 3136 3154 3191 De
3176 3136 3341 3207 hujus

1763 3217 1989 3271 materia
2044 3220 2181 3274 nihil
2225 3238 2326 3278 nos
2373 3223 2572 3281 Aratus
2604 3227 2807 3282 docuit.
2866 3227 2968 3283 Sed
3019 3231 3228 3300 poetica
3276 3229 3340 3284 li-

1759 3313 1939 3365 centia
1973 3311 2279 3373 fabulosius
2311 3317 2540 3387 loquens
2587 3320 2763 3374 veruti
2804 3320 2986 3376 instar
3021 3337 3144 3378 esse
3177 3322 3337 3380 dixit.

1759 3401 1952 3474 Itaque
1983 3407 2099 3462 sive
2129 3409 2254 3480 quis
2285 3411 2438 3465 illum
2483 3428 2550 3467 ex
2580 3413 2735 3484 igne.
2769 3430 2870 3468 ceu
2905 3416 3162 3482 materia,
3206 3431 3337 3471 con-

1758 3503 1906 3551 stare
1938 3499 2096 3566 velit,
2128 3517 2254 3556 cum
2300 3519 2396 3573 per
2439 3518 2594 3575 aqua:
2634 3507 2900 3576 sphaeram
2942 3517 3223 3574 transeat,
3255 3508 3334 3564 ibi

1759 3590 2175 3659 restinguetur;
2239 3601 2332 3648 aut
2379 3596 2448 3650 ab
2496 3597 2635 3668 ignis
2688 3599 2902 3668 sphaera
2953 3609 3326 3667 consumetur,

1754 3681 1871 3738 sive
1897 3699 1964 3738 ex
2000 3685 2234 3739 aliorum
2288 3687 2681 3745 elementorum
2712 3693 2977 3758 materia,
3016 3702 3144 3764 puta
3187 3696 3332 3751 acris

1751 3781 1846 3828 aut
1875 3791 2047 3846 aqua},
2078 3777 2297 3834 misceri
2330 3796 2454 3835 curn
2500 3783 2623 3839 aliis
2652 3799 2759 3839 non
2787 3786 2986 3854 poterit
3013 3803 3028 3851 ;
3055 3793 3109 3840 ct
3138 3801 3168 3840 a
3195 3801 3332 3842 con-

1751 3865 1938 3922 trariis
1963 3866 2255 3924 delebitur.
2282 3869 2518 3926 Proinde
2543 3882 2836 3944 geometrae
2865 3875 3063 3931 lineam
3095 3892 3219 3932 esse
3247 3877 3332 3931 di-

1748 3967 1882 4010 cunt
1907 3959 2102 4014 exilem
2129 3961 2200 4016 ah
2225 3962 2417 4017 arctici
2444 3973 2636 4020 centro
2664 3966 2731 4020 ad
2759 3974 3009 4021 centrum
3038 3966 3329 4023 antarctiei

1747 4051 2116 4119 pertinentem
2136 4093 2152 4118 ,
2179 4055 2256 4108 uti
2285 4055 2548 4112 diximus.
2582 4058 2652 4112 At
2680 4059 2891 4130 physici
2918 4060 3170 4132 spiritum
3188 4101 3202 4126 ,
3231 4059 3327 4135 qui

1747 4157 1846 4212 per
1869 4144 2220 4214 interjectum
2253 4149 2492 4218 Spatium
2514 4151 2743 4215 transit,
2773 4167 2932 4207 axem
2959 4161 3154 4223 putant
3180 4169 3328 4212 esse.

76 4233 278 4304 πνεῦμα
308 4239 558 4306 λέγουσιν
587 4242 774 4309 ἄξονα.
807 4245 1094 4316 Μέμντιται
1127 4247 1183 4301 δὲ
1211 4247 1375 4302 αὑτοῦ
1418 4251 1639 4304 Ἐρατο-

1775 4234 1916 4306 :ujus
1943 4237 2001 4290 in
2033 4236 2298 4294 Mercurio
2324 4242 2571 4297 meminit
2601 4242 2991 4300 Eratosthenes
3025 4266 3036 4300 :

74 4322 250 4397 σθένης
282 4327 339 4382 ὲν
366 4329 445 4400 τῷ
481 4330 666 4402 Ἐρμῇ
686 4333 860 4404 λέγων
879 4353 893 4368 ’

71 4459 259 4544 Αςιτὴν
281 4463 398 4533 μέν
420 4483 531 4534 μιν
572 4467 777 4538 ἔτετμε
817 4472 1086 4596 paciﬁca
1114 4476 1293 4530 παντὶ
1334 4477 1636 4562 ’ρλύμπου

69 4532 310 4596 Κέντρον
332 4537 455 4590 ἀπὸ
491 4539 758 4596 σφαίρας
775 4556 791 4574 ⁸
824 4541 924 4596 διὰ
1041 4544 1261 4596 ἅέονοο
1285 4547 1602 4596 ’ἠοηοειστο
1619 4567 1632 4579 ·

199 4550 310 4601 'pov
332 4537 455 4590 ἀπὸ
491 4537 758 4608 σφαίρας
775 4556 791 4574 ⁸
818 4537 924 4598 διὰ
960 4537 1012 4596 δ’
1041 4544 1261 4613 ἄξονος
1285 4537 1602 4618 ’ἰιρήρεῖοντο
1619 4567 1632 4579 ·

67 4641 164 4697 Καὶ
182 4646 211 4698 ὁ
239 4647 473 4720 Ἀρατος
500 4651 704 4722 λέγων’

65 4754 244 4828 Αὐτὰρ
272 4761 360 4832 ὅτ’
383 4764 511 4819 οὐδ’
545 4767 757 4838 ὀλίγον
793 4775 1225 4841 μετανίσσεται
1244 4795 1256 4807 ·
1299 4777 1463 4865 ἀλλρ
1487 4779 1631 4865 μάλ’

69 4893 248 4961 Ἄξων
269 4903 402 4958 αἰὲν
429 4904 654 4977 ἄρηρεν
675 4923 692 4938 ⁸
720 4911 844 4982 ἔχει
869 4913 923 4966 δ’
945 4914 1284 4972 ἀτάλαντον
1306 4866 1632 4989 ἀπιέιῗτυτῖως

62 5033 368 5110 Μεσσηγὺς
392 5042 603 5114 γαῖαν·
633 5047 767 5117 περὶ
808 5049 861 5103 δ’
887 5053 1142 5122 οὐρανὸς
1185 5056 1373 5111 αὐτὸν
1414 5058 1624 5128 ἀγινεῖ.

128 5213 439 5286 Ὦνὸμασται
465 5220 513 5274 δ’
545 5221 690 5286 ἄξων
711 5225 798 5280 διὰ
820 5228 882 5282 τὸ
911 5231 1042 5301 περὶ
1065 5232 1229 5286 αὐτὸν
1255 5234 1506 5303 ἄγεσθαι,
1529 5239 1623 5292 καὶ

68 5305 422 5372 τεριδινεῖσθαι
445 5313 540 5366 τὸν
564 5316 810 5387 οὐρανόν.
841 5321 922 5376 Ta
957 5323 1014 5376 δὲ
1053 5324 1266 5396 πέρατα
1292 5327 1458 5381 αὐτοῦ
1484 5330 1621 5401 πρὸς

62 5394 151 5455 mi;
183 5397 424 5472 κέντροις
455 5403 553 5456 τοῦ
576 5422 637 5458 τε
676 5407 939 5478 ἀρκτικοῦ
984 5415 1076 5467 καὶ
1112 5415 1208 5468 τοῦ
1245 5418 1616 5490 ἀνταρκτικοῦ

79 5500 171 5579 στι.
199 5490 434 5548 Καλοῦσι
465 5496 512 5549 δ’
539 5497 683 5552 αὐτὰ
703 5499 900 5568 πόλους
919 5503 1029 5558 ἀπὸ
1057 5505 1150 5559 τοῦ
1181 5510 1613 5579 περιπολεῖσθαι,

59 5577 136 5670 tat
167 5583 486 5652 στρέφεσθαι
535 5591 664 5660 περὶ
695 5593 836 5647 αὐτὰ
875 5595 965 5650 τὸν
1007 5577 1264 5670 οὐρανόν.
1303 5603 1520 5659 Τούτων
1557 5577 1614 5660 δέ

48 5663 74 5771 ξ
215 5677 453 5734 καλεῖται
484 5681 716 5755 βόρειος,
742 5687 830 5740 ἀεὶ
868 5663 1101 5763 φανερὸς
1127 5693 1202 5746 ὢν
1221 5710 1236 5725 ο
1271 5696 1298 5748 ὀ
1327 5697 1382 5752 δὲ
1419 5699 1609 5771 νότιος,

47 5760 123 5821 ﬁat
153 5766 375 5845 ἀφανής.
401 5775 695 5848 Μέμνηται
733 5779 912 5837 αὐτῶν
939 5760 1031 5838 καὶ
1061 5785 1323 5858 Ἄρατος

1669 4519 1714 4574 D

1817 4479 1998 4560 ipsum
2024 4480 2231 4560 quidem
2262 4483 2427 4536 secuit
2452 4485 2680 4540 mediam
2707 4504 2926 4557 prorsus
2963 4489 3211 4560 Olympi,

1813 4548 2006 4606 Centro
2036 4548 2101 4605 ab
2129 4554 2388 4622 sphame;
2420 4570 2511 4624 per
2540 4548 2844 4614 axem'vero
2874 4548 3213 4630 fulciebat'ur'.

1735 4659 1936 4719 Aratus
1962 4679 2180 4735 quoque
2211 4684 2224 4720 :

1805 4773 1980 4829 Porro
2014 4777 2098 4831 hic
2119 4795 2181 4834 ne
2207 4781 2483 4836 minimum
2511 4783 2720 4854 quidem
2749 4783 3010 4854 declinat,
3038 4785 3131 4840 sed
3155 4785 3317 4854 plana

2939 4853 3315 4928 [immobiliter

1807 4916 1942 4970 Axis
1972 4933 2175 4988 semper
2203 4921 2450 4990 ﬁrmatus
2480 4933 2557 4978 est
2581 4941 2600 4989 ;
2633 4925 2884 4998 habetque
2915 4916 3166 5010 libratam
3194 4944 3312 5010 om-

3187 5015 3312 5052 nmo

1805 5055 1872 5110 In
1917 5057 2086 5118 medio
2133 5067 2373 5128 terram;
2411 5064 2610 5120 circum
2649 5074 2827 5121 autem
2867 5067 3003 5121 hunc
3041 4997 3228 5211 cirlEim
3256 5083 3312 5124 se

3114 5150 3306 5195 versat.

3114 5150 3284 5194 versat
3292 5181 3306 5195 .

1795 5239 1929 5297 Axis
1954 5243 2281 5300 vocabulum
2307 5247 2432 5303 ideo
2459 5251 2693 5316 meruit,
2715 5251 2862 5322 quod
2892 5251 3101 5308 circum
3127 5254 3303 5323 ipsum

1722 5345 1932 5404 agatur,
1963 5337 2322 5411 volvaturque
2351 5343 2573 5399 caelum.
2607 5344 2785 5417 Hujus
2815 5357 3057 5404 extrema
3089 5355 3219 5404 sunt
3247 5348 3305 5404 in

1722 5426 1929 5480 centris
1962 5427 2154 5482 arctici
2195 5437 2252 5484 et
2299 5432 2590 5487 antarctici
2619 5434 2952 5491 circulorum
2997 5450 3140 5504 quos
3199 5440 3304 5504 po-

1721 5516 1802 5571 los
1833 5518 2152 5588 nominant,
2185 5536 2250 5577 eo
2278 5523 2426 5593 quod
2465 5525 2674 5580 circum
2719 5527 2810 5581 illa
2849 5527 3051 5582 ccelum
3079 5524 3294 5583 assidu!

1719 5608 1984 5678 vertigine
2027 5619 2373 5682 torqueatur.
2413 5613 2490 5670 Ex
2535 5616 2603 5672 iis
2647 5617 2784 5672 alter
2827 5618 3030 5674 boreus
3073 5615 3284 5682 dicito!

1718 5715 1934 5771 semper
1962 5718 2232 5776 apparens
2257 5725 2271 5761 :
2307 5707 2444 5764 alter
2467 5710 2726 5766 australis
2747 5751 2760 5778 ,
2786 5724 3004 5781 semper
3032 5705 3276 5767 occulti!

1715 5793 1922 5853 Horum
1953 5799 2200 5856 meminit
2236 5801 2470 5860 Aratus:
