3816 6354
99 297 183 368 εει

825 300 1158 359 ACHILLIS
1191 301 1374 356 TATII
1417 299 1710 357 ESAGOGE
1748 299 1838 354 AD
1863 299 2073 355 ARATI
2105 299 2551 357 PHIENOMENA

3216 295 3322 356 93³

95 429 146 482 δὲ
176 431 228 483 ἐν
272 424 538 498 Καρκίνῳ
561 425 817 495 γένηται,
852 424 881 479 ὃ
913 425 1031 477 ἐστι
1083 421 1225 477 κατά
1252 422 1542 493 διάμετρον
1578 421 1656 492 τῷ

1787 422 1843 475 uit
1883 424 1951 476 ad
1985 420 2281 484 Cancrum,
2323 421 2417 491 qui
2461 435 2492 473 a
2538 419 2873 490 Capricorno
2902 426 3012 473 tota
3055 419 3323 474 diametro

98 519 457 591 Αίγοκέρωτι,
513 517 633 570 τότε
689 516 914 586 πλησίον
954 516 1111 587 ἡμῶν
1141 517 1286 580 ἐστι,
1330 516 1424 569 καὶ
1466 514 1653 586 καῦμα

100 613 223 666 πολὺ
248 611 379 681 παρ’
410 611 563 681 ἡμῖν.
603 610 661 662 Ὀ
699 609 756 662 δὲ
781 608 1057 680 Καρκίνος
1085 608 1194 662 τῶν
1225 608 1290 679 ιβ’
1331 607 1537 671 ζωδίων
1567 608 1654 677 βο-

103 703 360 775 ρειότερός
390 703 530 756 ἐστι.
569 700 737 772 Δῆλον
768 696 884 765 οῦν,
909 701 991 755 ὃτι
1022 701 1121 772 τὴν
1159 700 1364 771 βόρειον
1399 698 1655 771 οἰκοῦμεν

102 795 282 867 ζώνην.
300 796 391 848 Ἐν
424 794 534 866 γάρ
560 792 813 864 Καρκίνῳ
832 792 1119 864 γενόμενος
1141 795 1171 845 ό
1198 793 1347 864 ἥλιος
1370 792 1655 864 ἀριστερὸς

103 890 244 959 ἡμῶν
275 886 580 953 ἀνατέλλει,
616 884 713 956 τὴν
745 883 903 938 σκιὰν
941 887 974 955 ἡ
984 884 1101 956 μῶν
1134 886 1214 948 εἰς
1243 883 1310 938 τὰ
1339 883 1487 948 δεξιά
1515 885 1654 955 μέρη

103 978 316 1032 κλίνων·
362 978 392 1030 ὃ
438 978 554 1029 ἐστι
597 977 819 1046 σημεῖον
858 975 1087 1047 ἐναργὲς
1128 973 1221 1028 τοῦ
1258 974 1409 1044 ἡμᾶς
1454 972 1658 1039 δεξιοὺς

104 1062 233 1122 εἶναι
275 1066 371 1121 τοῦ
416 1066 588 1138 ἡλίου.
618 1066 682 1119 Εἰ
716 1064 824 1136 γάρ
851 1082 936 1130 τις
990 1063 1181 1135 λύχνον
1226 1063 1369 1133 ἀψας
1409 1064 1466 1116 ὲν
1510 1063 1659 1133 μέσῳ

103 1162 389 1233 οἰκήματος
419 1158 563 1230 θείη,
585 1158 642 1211 ὲν
670 1156 820 1228 δεξιᾷ
839 1156 895 1210 δὲ
926 1155 1090 1209 αὐτοῦ
1117 1155 1273 1225 σταίη
1294 1171 1307 1185 ·
1336 1155 1398 1208 τὸ
1420 1153 1660 1224 σκίασμα

104 1250 188 1304 τοῦ
220 1249 454 1314 ἑστῶτος
482 1249 543 1302 οὐ
582 1248 719 1320 πρὸς
762 1247 851 1301 τὸν
884 1247 1109 1318 λύχνον,
1150 1246 1265 1300 ἀλλ’
1298 1246 1355 1299 ὲν
1391 1245 1543 1316 δεξιᾷ
1564 1244 1660 1297 τοῦ

104 1340 377 1413 ἀνθρώπου
404 1338 682 1412 τρέψεται.
718 1339 782 1393 Εἰ
811 1338 988 1392 τοίνυν
1018 1338 1113 1392 καὶ
1141 1335 1298 1408 ἡμῶν
1336 1337 1392 1389 αἰ
1427 1335 1575 1389 σκιαὶ
1606 1335 1663 1387 ἐν

103 1434 243 1505 δεξιᾷ
266 1435 299 1503 ή
309 1433 426 1504 μῶν
452 1432 712 1501 γίνονται,
730 1429 906 1502 δῆλον,
923 1431 1004 1483 ὅτι
1028 1429 1313 1502 ἀριστερὸς
1333 1427 1489 1500 ἡμῶν
1517 1427 1663 1480 ὲστιν

105 1526 130 1578 ὁ
153 1525 320 1594 ἣλιος.
347 1522 639 1577 Ἀνάπαλιν
660 1523 717 1577 δὲ
750 1526 863 1587 τοῖς
893 1525 950 1577 ὲν
970 1525 1036 1594 τῇ
1060 1521 1218 1593 νοτίῳ
1247 1520 1394 1593 ζώνῃ
1425 1518 1664 1573 οἰκοῦσιν

104 1616 155 1669 ἐν
189 1615 338 1686 δεξιᾷ
379 1615 480 1688 μὲν
514 1615 658 1669 ἐστιν
697 1617 726 1668 ό
754 1615 923 1687 ἥλιοςυ
955 1616 1011 1668 ὲν
1049 1615 1312 1687 ἀριστερᾷ
1334 1613 1390 1666 δὲ
1418 1612 1597 1666 αὐτῶν
1628 1613 1662 1683 ἡ

106 1708 227 1763 σκιά
248 1708 385 1781 πρὸς
406 1707 556 1762 νότον
585 1706 948 1778 ἐκπέμπεται.
965 1707 1148 1769 Οῦτως
1174 1701 1266 1760 οὖν
1287 1704 1664 1758 ἀποδείκνυται

104 1802 242 1871 ἡμᾶς
279 1800 378 1871 τὴν
413 1799 618 1872 βόρειον
658 1798 834 1871 ζώνην
866 1798 964 1871 τὴν
1003 1797 1267 1870 εὔκρατον,
1296 1798 1484 1851 οἰκεῖν.
1512 1794 1668 1858 Τινὲς
1696 1783 1740 1838 Β

104 1890 155 1944 δῦ
193 1891 286 1945 καὶ
333 1890 510 1946 ταῦτα
541 1892 668 1963 περί
699 1891 806 1945 τῶν
840 1890 1025 1956 ζωνῶν
1056 1892 1325 1962 εἰρήκασι.
1357 1888 1531 1943 Ζῶναί
1563 1888 1668 1940 εἰσι

106 1985 194 2055 τῆς
238 1985 343 2055 γῆς
373 1985 481 2038 ὑπὸ
520 1986 645 2048 τοὺς
695 1981 1070 2055 παραλλήλους
1109 1980 1308 2051 ὁμοίως
1349 1978 1541 2032 πέντεθ
1582 1976 1671 2048 βό-

107 2093 260 2144 ρειος,
277 2075 373 2147 ὅλη
405 2074 694 2146 μετέωρος,
720 2074 991 2143 ἀοίκητος,
1017 2068 1667 2141 κατεψυγμένη,Κρόνου,

106 2168 406 2239 ὲξηκοστῶν
443 2168 540 2239 μὲν
563 2174 638 2232 ς’,
665 2166 895 2219 σταδίων
921 2164 977 2218 δὲ
1000 2163 1301 2234 δισμυρίων
1330 2167 1418 2232 ,εσ’
1436 2177 1450 2191 ’
1476 2160 1538 2212 τὸ
1563 2158 1670 2230 γὰρ

106 2261 387 2333 ἑξηκοστὸν
426 2259 658 2314 σταδίων
688 2259 804 2311 ἐστὶ
834 2257 943 2328 ,δσ’,
979 2256 1184 2328 θερινὴ,
1221 2254 1441 2307 πλείονα
1477 2251 1672 2323 ἔχουσα

107 2352 169 2406 τὰ
207 2354 348 2427 ὑπὲρ
386 2351 798 2424 τὸνόρίζοντα·
831 2350 1117 2423 εὔκρατος,
1148 2351 1206 2403 ἐν
1240 2342 1274 2420 ᾖ
1306 2349 1453 2401 ἐστιν
1492 2347 1525 2417 ἡ
1552 2343 1672 2397 καθ’

107 2446 245 2517 ἡμεῖς
278 2443 574 2516 οἰκουμένη
596 2461 609 2474 ·
635 2443 777 2508 Διὸς,
806 2440 1114 2514 ἑξηκοστῶν
1138 2447 1199 2503 ε’,
1225 2439 1452 2491 σταδίων
1472 2437 1530 2490 δὲ
1559 2436 1674 2489 δισ-

110 2536 305 2609 μυρίων
348 2537 555 2607 καίοα·
605 2534 928 2607 ἰσημερινὴ,
989 2532 1102 2587 ίσον
1162 2531 1361 2603 ἔχουσα
1398 2528 1490 2582 τὸν
1534 2527 1675 2597 ὑπὲρ

110 2628 201 2699 γῆς
224 2627 475 2698 ὁρίζοντα
502 2626 581 2698 τῷ
602 2627 694 2680 ὑπ’
720 2626 888 2680 αὐτόν
907 2641 921 2654 ’
948 2623 1221 2693 ἀοίκητος,
1242 2617 1642 2689 διακεκαυμένη
1658 2634 1672 2647 ·

113 2720 320 2790 Ἄρεος,
360 2718 671 2790 ὲξηκοστῶν
707 2718 803 2789 μὲν
838 2724 911 2788 η’,
958 2716 1018 2783 ἐξ
1056 2713 1316 2786 ἐκατέρου
1359 2709 1557 2784 μόρους
1584 2708 1677 2763 τοῦ

114 2812 422 2883 ἰσημερινοῦ
466 2811 777 2884 τεσσάρωνο
829 2803 984 2875 οὗτος
1040 2808 1149 2881 γὰρ
1192 2807 1360 2877 αὐτὴν
1405 2806 1533 2876 ὃλην
1580 2803 1678 2875 τὴν

1758 514 1965 577 distat,
2021 515 2462 585 apprOpinquare
2515 514 2699 579 nobis,
2751 528 2817 569 ac
2867 528 3140 570 summum
3179 511 3322 583 apud

1756 620 1859 661 nos
1886 612 2082 661 aestum
2117 606 2403 662 exsistere.
2444 606 2514 659 At
2556 606 2766 662 Cancer
2804 607 3087 663 duodecim
3139 608 3326 677 signo-

1758 716 1881 755 rum
1918 700 2156 754 maxime
2180 700 2418 755 borealis
2445 706 2552 755 est.
2583 697 2937 769 Perspicuum
2964 709 3048 755 est
3073 716 3202 772 ergo
3236 702 3328 758 bo-

1760 791 1962 845 realem
1993 805 2025 845 a
2055 791 2215 846 nobis
2242 804 2437 844 zonam
2479 789 2664 845 incoli.
2690 788 2825 845 Nam
2858 791 2940 845 sol
2978 806 3101 846 cum
3134 800 3218 848 est
3270 793 3327 848 in

1764 884 1982 940 Cancro
2022 884 2246 939 sinister
2291 883 2453 939 nobis
2491 883 2695 949 oritur,
2740 884 2989 939 umbram
3036 901 3190 940 suam
3232 886 3328 943 ile-

1760 983 1917 1032 ctens
1951 975 2019 1030 ad
2069 975 2372 1031 dexteram.
2438 974 2595 1041 Quod
2652 982 2973 1043 argumento
3002 987 3087 1031 est
3115 992 3217 1033 nos
3260 978 3327 1032 ad

1767 1066 2015 1123 dextram
2056 1067 2321 1122 obversos
2363 1081 2488 1124 esse
2527 1067 2648 1124 soli.
2697 1067 2906 1122 Etenim
2929 1066 2976 1124 si
3004 1068 3128 1137 quis
3155 1069 3331 1124 lucer-

1762 1174 1888 1213 nam
1915 1158 2220 1215 accendens
2248 1159 2426 1215 media
2457 1160 2508 1214 in
2541 1160 2705 1215 domo
2740 1161 2991 1225 collocet,
3021 1169 3074 1215 et
3096 1160 3163 1214 ad
3199 1160 3332 1214 dex-

1764 1254 1904 1301 tram
1942 1247 2065 1317 ejus
2097 1256 2224 1314 Stet,
2261 1249 2465 1306 stantis
2518 1248 2690 1320 ipsius
2745 1251 2940 1305 umbra
2976 1266 3085 1306 non
3132 1252 3200 1306 ad
3248 1252 3332 1305 lu-

1764 1352 2007 1403 cernam,
2049 1340 2143 1395 sed
2178 1340 2244 1395 ad
2285 1341 2530 1396 dextram
2559 1340 2798 1397 hominis
2831 1342 3033 1398 tendet.
3063 1343 3331 1408 Quocirca

1766 1444 1889 1484 cum
1932 1430 2139 1486 umbrae
2169 1446 2464 1502 corporum
2496 1430 2811 1489 nostrorum
2842 1433 3045 1489 dextra:
3082 1434 3194 1489 sint
3245 1451 3334 1489 no-

1766 1522 1871 1587 bis,
1922 1522 2277 1579 manifestum
2316 1532 2400 1580 est
2431 1524 2715 1579 sinistrum
2761 1539 2978 1594 quoque
3004 1524 3165 1579 nobis
3210 1540 3334 1579 esse

1766 1615 1958 1671 solem.
2000 1614 2042 1668 E
2102 1617 2384 1671 contrario
2429 1631 2561 1671 vero
2597 1616 2687 1680 iis,
2715 1618 2809 1687 qui
2838 1616 2891 1670 in
2931 1617 3156 1673 australi
3196 1631 3335 1671 zona

1767 1708 1994 1779 degunt,
2025 1709 2107 1763 sol
2134 1708 2328 1763 dexter
2366 1716 2490 1776 est;
2543 1708 2611 1763 ad
2642 1709 2923 1764 sinistram
2953 1725 3081 1765 vero
3117 1711 3334 1765 illorum

1771 1800 1964 1854 umbra
2013 1799 2215 1870 jaeitur
2246 1799 2529 1855 meridiem
2574 1816 2787 1856 versus.
2842 1800 2954 1855 Hac
3004 1802 3212 1856 ratione
3243 1801 3340 1857 de-

1770 1899 2110 1947 monstratur
2141 1907 2246 1947 nos
2274 1891 2331 1946 in
2356 1899 2656 1962 temperata
2688 1907 2824 1947 zona
2853 1893 3070 1964 degere.
3107 1891 3338 1958 Quidam

1770 1985 1934 2039 etiam
1959 1983 2028 2039 de
2058 1985 2214 2040 zonis
2243 1983 2347 2039 ista
2376 1984 2734 2055 scripserunt.
2766 1982 2928 2039 Zonae
2964 1991 3090 2040 sunt
3119 1985 3172 2037 in
3196 1990 3342 2039 terra

1773 2078 1878 2132 sub
1914 2077 2193 2148 parallelis
2232 2076 2490 2133 similiter
2511 2077 2757 2148 quinque
2789 2096 2803 2131 :
2837 2076 3031 2142 Borea,
3065 2084 3177 2132 tota
3204 2077 3340 2133 sub-

1774 2171 1942 2235 limis,
1970 2169 2368 2233 inhabitabilis,
2416 2169 2643 2241 frigida;
2682 2168 2964 2236 Saturnia,
3011 2172 3345 2240 sexagesima

1775 2262 2037 2332 scrupula
2072 2278 2166 2317 sex
2192 2268 2408 2331 patens,
2443 2277 2565 2331 quae
2603 2269 2733 2315 sunt
2762 2260 2940 2317 stadia
2977 2260 3176 2317 25200.
3210 2258 3347 2313 Nam

1776 2355 2094 2424 scrupulum
2148 2368 2318 2408 unum
2372 2353 2565 2408 stadiis
2621 2358 2835 2407 constat
2875 2350 3033 2404 i200.
3084 2348 3297 2404 .lEstiva
3328 2388 3345 2414 ,

1778 2449 1940 2518 cujus
1985 2446 2377 2517 parallelorum
2424 2459 2589 2514 supra
2627 2443 2964 2497 horizontem
3004 2441 3215 2494 minora
3260 2455 3348 2494 se-

1777 2547 1999 2612 gmenta
2033 2546 2186 2597 sunt.
2209 2537 2557 2610 Temperata,
2591 2539 2646 2593 in
2675 2554 2781 2609 qua
2812 2537 2951 2594 situs
2972 2542 3055 2592 est
3077 2534 3227 2590 orbis
3253 2548 3351 2589 no-

1780 2640 1914 2699 ster,
1951 2631 2017 2688 ad
2047 2630 2234 2687 Jovem
2267 2634 2547 2703 pertinens
2580 2648 2701 2702 qua:
2736 2631 2791 2685 in
2823 2629 3157 2701 sexagesima
3185 2627 3349 2698 quin-

1780 2740 1888 2796 que
1930 2724 2258 2795 porrigitur;
2293 2724 2466 2780 stadia
2493 2723 2689 2779 2l000.
2716 2721 3159 2794 Equinoctialis,
3193 2720 3354 2789 cujus

1780 2816 2009 2871 horizon
2041 2817 2304 2886 aqualem
2337 2815 2465 2870 facit
2500 2815 2643 2870 intra
2690 2831 2965 2887 supraque
2998 2814 3302 2886 portionem
3338 2831 3351 2865 :

114 2909 338 2979 σφαῖραν
373 2906 561 2977 τέμνει
614 2906 814 2977 μέσηνο
860 2903 1088 2959 σταδίων
1122 2901 1181 2958 δὲ
1217 2899 1556 2972 τρισμυρίων
1586 2899 1680 2952 καί

1787 2907 2183 2973 inhabitabilis,
2231 2907 2474 2962 torrida:
2509 2908 2690 2962 dicata
2718 2908 2906 2976 Marti;
2951 2922 3072 2979 quae
3097 2907 3357 2976 scrupula

114 3004 201 3070 ,η’
221 3016 232 3028 ⁸
271 2998 584 3070 χειμερινὴ,
611 2996 882 3052 ἀνάπαλιν
906 2999 974 3068 τῇ
1007 2994 1218 3066 θερινῇ,
1262 2993 1445 3047 πλεῖον
1484 2992 1680 3063 ἔχουσα

1787 3010 1914 3056 octo
1950 3007 2119 3065 tenet,
2162 3000 2269 3054 hoc
2308 3006 2393 3054 est
2431 2999 2686 3070 utrinque
2719 3000 2787 3055 ab
2822 2998 3190 3071 aequinoctiali
3222 3012 3360 3067 qua-

114 3090 169 3143 τὸ
193 3090 297 3144 ὑπὸ
338 3091 431 3144 τὸν
473 3089 744 3162 ὁρίζοντα,
783 3088 1107 3159 οἰκουμένη,
1143 3085 1437 3158 εὔκρατος’
1483 3085 1678 3155 Ἀφρο-

1787 3101 1929 3147 tuor.
1970 3090 2070 3146 Hic
2108 3092 2253 3147 enim
2293 3092 2560 3163 sphairam
2596 3101 2761 3146 totam
2798 3093 2852 3146 in
2884 3089 3066 3146 medio
3100 3091 3355 3160 partitur.

115 3182 275 3254 δίτης,
307 3181 619 3255 ἑξηκοστῶν
654 3182 719 3248 ε’,
759 3180 987 3235 σταδίων
1017 3179 1074 3233 δὲ
1114 3177 1425 3249 ,δισμυρίων
1455 3175 1549 3230 καὶ
1598 3192 1678 3246 ,α’

1790 3179 1887 3238 Est
1907 3189 2088 3237 autem
2118 3182 2417 3237 stadiorum
2449 3180 2645 3238 35600.
2679 3181 2959 3246 Hiemalis,
2982 3190 3173 3237 contra
3196 3195 3360 3251 quam

116 3276 300 3342 νότιος,
321 3277 419 3348 ὃλη
446 3274 676 3347 ἀφανὴς,
704 3274 974 3345 ἀοίκητος,
1014 3269 1429 3341 κατεψυγμένηο
1457 3267 1680 3340 Ἑρμοῦ,

1790 3274 1979 3329 aestiva
2026 3272 2291 3343 majorem
2343 3272 2447 3328 sub
2502 3273 2785 3329 horizonte
2837 3274 3139 3341 portionem
3193 3273 3364 3328 relinc

119 3368 420 3439 ὲξηκοστῶν
466 3368 567 3439 μὲν
598 3374 675 3432 ς’,
727 3364 956 3419 σταδίων
1005 3364 1063 3418 δὲ
1109 3361 1407 3434 δισμυρίων
1436 3368 1545 3433 ,εσ’.
1596 3361 1685 3426 Ὠς

120 3454 251 3513 εἶναι
299 3460 361 3514 τὸ
409 3460 553 3530 ὑπὲρ
600 3459 693 3512 τὸν
745 3457 996 3530 ὁρίζοντα
1052 3455 1383 3528 περίμετρον
1432 3455 1532 3526 τῆς
1582 3454 1685 3526 γῆς

120 3552 419 3626 ὲξηκοστῶν
458 3552 560 3623 μὲν
601 3552 916 3623 τριάκοντα,
959 3549 1189 3604 σταδίων
1225 3548 1284 3603 δὲ
1316 3546 1592 3621 μυριάδων
1620 3546 1687 3617 ιβ’

1790 3380 2003 3436 quens;
2055 3364 2300 3419 habitata
2345 3370 2680 3434 temperata,
2730 3366 2990 3419 attributa
3036 3362 3273 3429 Veneri;
3307 3362 3366 3416 in

1792 3457 2128 3528 sexagesima
2152 3459 2394 3529 quinque
2414 3457 2607 3513 dill‘usa
2629 3478 2643 3513 :
2667 3474 2793 3528 quae
2814 3467 2944 3514 sunt
2971 3455 3145 3513 stadia
3166 3453 3364 3509 21000.

1794 3549 2070 3604 Australis
2100 3565 2209 3605 non
2248 3565 2518 3622 apparens
2547 3551 2774 3605 omnino
2812 3550 3206 3616 inhabitabilis,
3258 3547 3367 3603 fri-

120 3646 209 3697 καὶ
229 3663 304 3716 ,ς.
345 3642 657 3699 Καλοῦνται
680 3643 738 3699 δὲ
765 3643 814 3696 οἱ
840 3642 939 3714 μὲν
974 3642 1068 3695 ἐπὶ
1092 3640 1187 3696 τοῦ
1217 3640 1381 3694 αὑτοῦ
1424 3642 1680 3711 ἡμισφαι-

1796 3655 1927 3711 gore
1966 3640 2178 3710 rigens;
2234 3641 2489 3697 Mercurii
2536 3641 2852 3713 peculiaris,
2901 3642 3240 3712 sexagesima
3273 3657 3371 3698 sex

124 3738 233 3808 ρίου
253 3737 453 3809 βόρειοι
473 3754 534 3790 τε
556 3734 651 3791 καὶ
674 3735 838 3789 νότιοι
862 3733 1243 3797 κατοικοῦντες
1273 3732 1591 3804 αὐτόχθονες
1610 3732 1680 3764 ³³·

1797 3731 2052 3788 obtinens
2086 3750 2099 3786 :
2136 3747 2261 3802 quae
2312 3732 2490 3789 stadia
2518 3734 2725 3788 faciunt
2749 3731 2947 3787 25200.
2998 3730 3075 3787 ita
3109 3732 3372 3788 dimidius

118 3829 169 3881 οἱ
189 3830 233 3883 δ’
253 3831 337 3899 ἐφ’
368 3828 610 3900 ἑκάτερα
641 3827 749 3882 τῶν
784 3825 1157 3898 ἡμισφαιρίων
1192 3825 1334 3897 ὑπὲρ
1367 3825 1469 3897 γῆς
1497 3842 1556 3878 τε
1597 3824 1680 3876 καί

1801 3840 1970 3895 supra
2006 3825 2347 3882 horizontem
2387 3827 2627 3882 ambitus
2667 3834 2825 3881 terra:
2865 3826 3125 3895 scrupula
3166 3824 3376 3895 colligit

124 3921 224 3974 ὑπὸ
247 3922 371 3992 γῆν,
410 3920 713 3985 ἀντίποδες.

1799 3918 2051 3989 triginta,
2080 3920 2259 3975 stadia
2293 3919 2522 3974 126000.
2556 3918 2730 3974 Porro
2758 3918 2853 3988 qui
2886 3920 2941 3972 in
2976 3917 3168 3973 eodem
3200 3915 3377 3971 hemi-

123 4017 350 4085 sphaerio
396 4018 530 4071 hinc
583 4015 653 4070 ad
707 4014 1130 4085 septentriones,
1185 4011 1313 4068 inde
1370 4010 1436 4066 ad
1477 4010 1758 4066 meridiem
1810 3999 2082 4084 habitant,
2135 4015 2524 4071 antichthones
2581 4000 2883 4081 vocantur;
2939 4012 3035 4081 qui
3084 4017 3268 4066 autem
3321 4008 3378 4063 in

125 4111 347 4170 diversis
368 4110 769 4183 hemisphaariis
796 4126 960 4182 supra
978 4110 1229 4180 infraque
1242 4116 1468 4172 terram,
1488 4105 1776 4177 antipodes

164 4235 295 4302 Περί
319 4234 441 4289 τῶν
462 4235 535 4288 ἐν
565 4232 695 4300 ταῖς
726 4232 1038 4301 εὐκράτως
1066 4229 1273 4296 ζώναις
1314 4229 1658 4284 οἰκούντων.

195 4345 257 4399 λ’.
286 4343 408 4399 Τῶν
440 4346 501 4397 δὲ
528 4346 589 4397 ὲν
612 4346 734 4408 ταῖς
765 4343 918 4397 δυσὶν
942 4342 1229 4414 εὐκράτοις
1260 4339 1456 4406 ζώναις
1486 4338 1698 4393 οἰκούν-

2014 4228 2094 4283 De
2123 4228 2207 4283 Itis
2235 4228 2326 4299 qui
2371 4233 2692 4296 temperatas
2728 4239 2890 4279 zonas
2920 4220 3181 4277 incolunt.

1874 4323 1963 4380 50.
1992 4323 2097 4391 Qui
2130 4324 2184 4379 in
2213 4322 2526 4392 temperatis
2554 4320 2768 4375 duabus
2800 4317 3065 4378 habitant,
3086 4313 3305 4393 horum,
3323 4318 3384 4365 ut

131 4454 251 4503 των,
273 4440 358 4494 ἵνα
386 4401 730 4509 σαφέστερον⁷
752 4401 1058 4507 διέλωμεν,¹
1075 4437 1125 4488 οἰ
1154 4401 1255 4505 μέν
1270 4401 1386 4488 ⁷εἰσι
1415 4401 1680 4506 περίοικοι

1815 4417 2139 4474 distinctius
2169 4414 2533 4486 explicemus,
2567 4411 2661 4465 alii
2704 4408 2929 4489 perimci
2957 4412 3258 4469 vocantur;
3290 4401 3385 4457 alii

135 4530 181 4580 οἰ
208 4529 261 4583 δὲ
292 4530 554 4593 ἄντοικοι,
582 4529 631 4582 οἱ
660 4527 717 4580 δὲ
747 4526 1073 4597 ἀντίχθονες,
1099 4528 1149 4579 οἰ
1171 4526 1229 4580 δὲ
1253 4525 1538 4589 ἀντίποδες
1559 4542 1573 4555 ο
1611 4541 1709 4577 πε-

139 4622 319 4692 ρίοικοι
348 4622 476 4694 μὲν,
513 4622 625 4675 ὅσοι
645 4620 744 4692 τὴν
781 4620 951 4692 αὐτὴν
977 4620 1190 4691 οίκησιν
1213 4620 1481 4674 οἰκοῦσινο
1518 4616 1629 4672 οἷον
1657 4618 1708 4670 οἰ

137 4714 229 4785 τὴν
264 4715 475 4787 βόρειον
509 4713 787 4777 οἰκοῦντες
823 4712 1094 4785 περίοικοί
1121 4715 1261 4767 εἰσιν
1293 4712 1573 4784 ἀλλήλοις·
1615 4708 1711 4764 καὶ

140 4804 289 4858 πάλιν
312 4808 360 4859 οἰ
397 4804 502 4875 τὴν
534 4803 708 4858 νότιον
738 4802 1006 4874 περίοικοι
1040 4805 1178 4856 εἰσιν
1213 4802 1496 4874 ἀλλήλοις·
1536 4800 1712 4855 ἀντοι-

141 4912 220 4948 κοι
239 4896 293 4950 δὲ
315 4897 367 4950 οἱ
397 4895 498 4967 τὴν
521 4894 695 4948 νότιον
718 4893 994 4957 οἰκοῦντες
1014 4895 1127 4957 τοῖς
1143 4895 1240 4966 τὴν
1271 4893 1480 4963 βόρειον
1501 4889 1713 4944 οἰκοῦσι

144 4981 325 5056 ζώνην.
352 4986 470 5039 Καὶ
513 4985 906 5056 ἀντοικουμένη
946 4985 1095 5037 ἐστὶν
1122 4986 1156 5055 ἡ
1201 4983 1408 5054 βόρειος
1437 4983 1505 5052 τῇ
1533 4979 1712 5049 νοτίῳ,

149 5078 232 5130 καί⁵
266 5079 505 5149 ήνότιος
539 5078 605 5148 τῇ
640 5076 871 5147 βορείῳ’
902 5074 1215 5146 ἀντίχθονες
1255 5073 1314 5126 δὲ
1336 5073 1387 5126 οἱ
1426 5070 1568 5125 κατά
1604 5069 1719 5123 διάο

153 5184 334 5239 μετρον
362 5170 424 5223 ὲν
450 5169 576 5230 ταῖς
596 5166 812 5237 ὁμοίαις
841 5165 1038 5230 ζώναις
1064 5163 1342 5227 οἰκοῦντες
1361 5177 1376 5192 ·
1409 5155 1519 5214 οἷον
1561 5160 1623 5214 ἐν
1648 5161 1717 5231 τῇ

151 5258 330 5330 βορείῳ
353 5263 412 5314 ὲν
438 5258 522 5330 τῷ
563 5258 702 5331 ὑπὲρ
728 5258 832 5329 γῆς
866 5257 1237 5329 ἡμισφαιρίῳ·
1281 5254 1484 5326 ὁμοίως
1530 5252 1588 5306 δὲ
1625 5251 1720 5306 καὶ

150 5348 202 5402 ὲν
228 5352 302 5422 τῷ
547 5350 851 5415 Ἀντίποδες
871 5351 928 5404 δὲ
957 5353 1003 5403 οἱ
1034 5348 1175 5403 κατὰ
1200 5348 1489 5418 διάμετρον
1507 5346 1566 5398 ἐν
1595 5344 1717 5406 ταῖς

152 5440 403 5505 ἐναντίαις
431 5440 634 5505 ζώναις
666 5441 939 5506 οἰκοῦντες
959 5457 972 5471 ·
1010 5438 1122 5495 οἷον
1147 5440 1255 5494 τῶν
1293 5437 1431 5510 πρὸς
1456 5435 1536 5507 τῷ
1565 5437 1717 5506 Καρ-

154 5532 275 5606 κίνῳ
304 5530 603 5588 οἰκούντων
637 5533 917 5598 ἀντίποδες
945 5535 1082 5590 εἰσιν
1122 5534 1170 5588 οἰ
1201 5531 1340 5604 πρὸς
1379 5528 1457 5602 τῷ
1482 5527 1709 5598 Δίγοκέ-

219 5720 263 5755 ⁸⁸
286 5721 414 5797 Ley.
440 5719 773 5792 ἀντίχθονες.

1819 4509 2065 4577 antmci;
2103 4508 2196 4564 alii
2231 4505 2656 4571 antichthones;
2693 4503 2784 4558 alii
2813 4498 3120 4570 antipodes.
3150 4495 3388 4551 Perimci

1817 4610 1949 4658 sunt
1979 4601 2075 4673 qui
2099 4600 2351 4658 eamdem
2388 4597 2784 4653 habitationem
2821 4593 3089 4649 incolunt.
3138 4587 3387 4656 Exempli

1812 4715 2005 4766 causa,
2027 4698 2121 4770 qui
2155 4698 2431 4754 borealem
2466 4710 2660 4750 zonam
2692 4698 2982 4762 occupant,
3004 4685 3229 4758 periceci
3261 4687 3395 4739 sunt

1816 4791 2072 4849 invicem.
2109 4788 2325 4845 Antinoi
2356 4795 2486 4845 sunt
2514 4802 2667 4842 zonae
2697 4782 2953 4840 australis
2978 4779 3173 4835 incola:
3200 4777 3383 4832 borea-

1817 4882 1963 4939 libus
2008 4901 2022 4936 :
2086 4889 2278 4952 estque
2316 4878 2546 4934 australi
2591 4875 2839 4947 opposita
2895 4869 3134 4928 borealis
3171 4864 3390 4921 habita-

1820 4975 1933 5040 tio,
1971 4981 2027 5030 et
2074 4972 2336 5029 australis
2379 4971 2620 5027 boreali.
2667 4968 2780 5040 9o
2828 4962 3229 5021 Antichthones
3268 4963 3398 5013 sunt

1821 5066 1917 5136 qui
1944 5080 2014 5120 ex
2046 5064 2321 5120 diametro
2345 5063 2621 5120 similibus
2658 5061 2715 5116 in
2756 5060 2910 5115 zonis
2946 5056 3219 5117 habitant,
3247 5049 3399 5107 velut

1822 5158 1916 5229 qui
1959 5156 2019 5211 in
2058 5156 2265 5211 boreali
2305 5154 2609 5226 superioris
2655 5147 3027 5221 hemisphaerii
3070 5144 3298 5216 degunt,
3343 5148 3401 5196 et

1823 5249 1921 5320 qui
1972 5249 2027 5303 in
2085 5247 2341 5305 australi.
2395 5245 2698 5315 Antipodes
2731 5250 2862 5300 sunt
2898 5239 2993 5312 qui
3023 5239 3081 5294 in
3119 5236 3275 5293 zonis
3301 5247 3402 5303 op-

1830 5339 2028 5411 positis
2058 5354 2124 5393 ex
2179 5338 2450 5393 diametro
2494 5335 2585 5392 siti
2615 5341 2765 5391 sunt.
2829 5332 2908 5388 ita
2942 5330 3033 5402 qui
3077 5328 3180 5384 sub
3208 5320 3404 5392 Capri-

1826 5449 2002 5488 corno
2040 5441 2333 5488 versantur
2353 5445 2542 5487 eorum
2575 5435 2705 5485 sunt
2732 5423 3038 5496 antipodes,
3067 5419 3161 5490 qui
3189 5416 3400 5469 Cancrt'

1828 5524 2134 5596 subjaceut.
2175 5523 2343 5597 Igitur
2370 5521 2596 5595 perioeci
2630 5529 2819 5577 noctes
2847 5530 2909 5571 ac
2939 5513 3077 5578 dies,
3108 5513 3163 5564 et
3188 5504 3389 5563 annui
