  <div class='ocr_page' id='page_1' title='image "/cluster/home/n/w/nwhite01/storage/ocr_20150623/19/hvd.32044011362951/499.png"; bbox 0 0 3816 6318; ppageno 0'>
   <div class='ocr_carea' id='block_1_1' title="bbox 446 278 572 337">
    <p class='ocr_par' dir='ltr' id='par_1_1' title="bbox 446 278 572 337">
     <span class='ocr_line' id='line_1_1' title="bbox 446 278 572 337; baseline -0.04 0"><span class='ocrx_word' id='word_1_1' title='bbox 446 278 572 337; x_wconf 72' lang='lat'><strong>983.</strong></span> 
     </span>
    </p>
   </div>
   <div class='ocr_carea' id='block_1_2' title="bbox 1466 280 2673 341">
    <p class='ocr_par' dir='ltr' id='par_1_2' title="bbox 1466 280 2673 341">
     <span class='ocr_line' id='line_1_2' title="bbox 1466 280 2673 341; baseline 0.002 -5"><span class='ocrx_word' id='word_1_2' title='bbox 1466 280 1558 339; x_wconf 73' lang='lat' dir='ltr'><strong>Ai)</strong></span> <span class='ocrx_word' id='word_1_3' title='bbox 1589 281 1858 341; x_wconf 76' lang='lat' dir='ltr'><strong>EUSEB&quot;</strong></span> <span class='ocrx_word' id='word_1_4' title='bbox 1888 282 2287 339; x_wconf 53' lang='lat' dir='ltr'><strong>CHRONICON‘</strong></span> <span class='ocrx_word' id='word_1_5' title='bbox 2312 282 2673 339; x_wconf 65' lang='lat' dir='ltr'><strong>APPENDIX.</strong></span> 
     </span>
    </p>
   </div>
   <div class='ocr_carea' id='block_1_3' title="bbox 3587 280 3680 339">
    <p class='ocr_par' dir='ltr' id='par_1_3' title="bbox 3587 280 3680 339">
     <span class='ocr_line' id='line_1_3' title="bbox 3587 280 3680 339; baseline 0.022 -2"><span class='ocrx_word' id='word_1_6' title='bbox 3587 280 3680 339; x_wconf 64' lang='lat'><strong>984</strong></span> 
     </span>
    </p>
   </div>
   <div class='ocr_carea' id='block_1_4' title="bbox 452 394 2029 474">
    <p class='ocr_par' dir='ltr' id='par_1_4' title="bbox 452 399 2018 469">
     <span class='ocr_line' id='line_1_4' title="bbox 452 399 2018 469; baseline 0.001 -17"><span class='ocrx_word' id='word_1_7' title='bbox 452 405 813 469; x_wconf 88' lang='lat' dir='ltr'><strong>tempestates</strong></span> <span class='ocrx_word' id='word_1_8' title='bbox 846 399 1051 456; x_wconf 82' lang='lat' dir='ltr'><strong>habent</strong></span> <span class='ocrx_word' id='word_1_9' title='bbox 1079 399 1321 455; x_wconf 86' lang='lat' dir='ltr'><strong>easdem.</strong></span> <span class='ocrx_word' id='word_1_10' title='bbox 1354 399 1569 455; x_wconf 70' lang='lat' dir='ltr'><strong>Antmci</strong></span> <span class='ocrx_word' id='word_1_11' title='bbox 1597 400 1844 456; x_wconf 83' lang='lat' dir='ltr'><strong>eamdem</strong></span> <span class='ocrx_word' id='word_1_12' title='bbox 1879 401 2018 455; x_wconf 79' lang='lat' dir='ltr'><strong>invi-</strong></span> 
     </span>
    </p>
   </div>
   <div class='ocr_carea' id='block_1_5' title="bbox 2134 394 3680 474">
    <p class='ocr_par' dir='ltr' id='par_1_5' title="bbox 2135 394 3680 474">
     <span class='ocr_line' id='line_1_5' title="bbox 2135 394 3680 474; baseline -0.003 -19"><span class='ocrx_word' id='word_1_13' title='bbox 2135 419 2286 473; x_wconf 87' lang='grc' dir='ltr'>ρωτι.</span> <span class='ocrx_word' id='word_1_14' title='bbox 2307 404 2372 456; x_wconf 87' lang='grc' dir='ltr'><strong>Οἱ</strong></span> <span class='ocrx_word' id='word_1_15' title='bbox 2416 403 2513 474; x_wconf 85' lang='grc' dir='ltr'>μὲν</span> <span class='ocrx_word' id='word_1_16' title='bbox 2552 398 2645 456; x_wconf 82' lang='grc' dir='ltr'><strong>οὖν</strong></span> <span class='ocrx_word' id='word_1_17' title='bbox 2692 399 2959 471; x_wconf 78' lang='grc' dir='ltr'><strong>περίοικοι</strong></span> <span class='ocrx_word' id='word_1_18' title='bbox 3001 397 3099 470; x_wconf 77' lang='grc' dir='ltr'>τὴν</span> <span class='ocrx_word' id='word_1_19' title='bbox 3142 396 3312 469; x_wconf 73' lang='grc' dir='ltr'>αὐτὴν</span> <span class='ocrx_word' id='word_1_20' title='bbox 3350 394 3563 468; x_wconf 76' lang='grc' dir='ltr'>ἔχουσιν</span> <span class='ocrx_word' id='word_1_21' title='bbox 3603 396 3680 451; x_wconf 71' lang='grc' dir='ltr'><strong>ἀεὶ</strong></span> 
     </span>
    </p>
   </div>
   <div class='ocr_carea' id='block_1_6' title="bbox 450 488 2029 566">
    <p class='ocr_par' dir='ltr' id='par_1_6' title="bbox 450 492 2021 559">
     <span class='ocr_line' id='line_1_6' title="bbox 450 492 2021 559; baseline -0.001 -13"><span class='ocrx_word' id='word_1_22' title='bbox 450 505 572 546; x_wconf 79' lang='lat' dir='ltr'><strong>cem</strong></span> <span class='ocrx_word' id='word_1_23' title='bbox 606 500 820 549; x_wconf 85' lang='lat' dir='ltr'><strong>noctem</strong></span> <span class='ocrx_word' id='word_1_24' title='bbox 860 492 1085 559; x_wconf 81' lang='lat' dir='ltr'><strong>habent,</strong></span> <span class='ocrx_word' id='word_1_25' title='bbox 1121 501 1175 547; x_wconf 89' lang='lat' dir='ltr'><strong>et</strong></span> <span class='ocrx_word' id='word_1_26' title='bbox 1199 492 1343 547; x_wconf 89' lang='lat' dir='ltr'><strong>diem</strong></span> <span class='ocrx_word' id='word_1_27' title='bbox 1378 510 1392 546; x_wconf 89' lang='lat'><strong>:</strong></span> <span class='ocrx_word' id='word_1_28' title='bbox 1427 493 1522 548; x_wconf 88' lang='lat' dir='ltr'><strong>sed</strong></span> <span class='ocrx_word' id='word_1_29' title='bbox 1570 493 1787 549; x_wconf 80' lang='lat' dir='ltr'><strong>diversa</strong></span> <span class='ocrx_word' id='word_1_30' title='bbox 1830 493 2021 549; x_wconf 84' lang='lat' dir='ltr'><strong>solsti-</strong></span> 
     </span>
    </p>
   </div>
   <div class='ocr_carea' id='block_1_7' title="bbox 2134 488 3681 566">
    <p class='ocr_par' dir='ltr' id='par_1_7' title="bbox 2134 488 3681 566">
     <span class='ocr_line' id='line_1_7' title="bbox 2134 488 3681 566; baseline -0.002 -19"><span class='ocrx_word' id='word_1_31' title='bbox 2134 494 2310 560; x_wconf 76' lang='grc' dir='ltr'>νύκτα,</span> <span class='ocrx_word' id='word_1_32' title='bbox 2334 495 2428 549; x_wconf 74' lang='grc' dir='ltr'>καὶ</span> <span class='ocrx_word' id='word_1_33' title='bbox 2447 493 2678 566; x_wconf 81' lang='grc' dir='ltr'><strong>ἡμέραν,</strong></span> <span class='ocrx_word' id='word_1_34' title='bbox 2696 492 2792 546; x_wconf 75' lang='grc' dir='ltr'>καὶ</span> <span class='ocrx_word' id='word_1_35' title='bbox 2815 490 2915 555; x_wconf 82' lang='grc' dir='ltr'><strong>τὰς</strong></span> <span class='ocrx_word' id='word_1_36' title='bbox 2942 490 3188 561; x_wconf 79' lang='grc' dir='ltr'><strong>ἐτησίους</strong></span> <span class='ocrx_word' id='word_1_37' title='bbox 3216 489 3367 561; x_wconf 76' lang='grc' dir='ltr'>ὧρας</span> <span class='ocrx_word' id='word_1_38' title='bbox 3382 506 3396 520; x_wconf 84' lang='grc'><strong>·</strong></span> <span class='ocrx_word' id='word_1_39' title='bbox 3424 489 3474 542; x_wconf 89' lang='grc' dir='ltr'><strong>οἰ</strong></span> <span class='ocrx_word' id='word_1_40' title='bbox 3498 488 3554 541; x_wconf 81' lang='grc' dir='ltr'><strong>δὲ</strong></span> <span class='ocrx_word' id='word_1_41' title='bbox 3571 488 3681 544; x_wconf 77' lang='grc' dir='ltr'>ἀντ-</span> 
     </span>
    </p>
   </div>
   <div class='ocr_carea' id='block_1_8' title="bbox 453 582 2019 654">
    <p class='ocr_par' dir='ltr' id='par_1_8' title="bbox 453 582 2019 654">
     <span class='ocr_line' id='line_1_8' title="bbox 453 582 2019 654; baseline 0.003 -18"><span class='ocrx_word' id='word_1_42' title='bbox 453 583 550 639; x_wconf 79' lang='lat' dir='ltr'><strong>tia.</strong></span> <span class='ocrx_word' id='word_1_43' title='bbox 578 582 717 639; x_wconf 89' lang='lat' dir='ltr'><strong>Nam</strong></span> <span class='ocrx_word' id='word_1_44' title='bbox 755 585 838 640; x_wconf 92' lang='lat' dir='ltr'><strong>sol</strong></span> <span class='ocrx_word' id='word_1_45' title='bbox 876 583 936 639; x_wconf 90' lang='lat' dir='ltr'><strong>in</strong></span> <span class='ocrx_word' id='word_1_46' title='bbox 960 585 1172 640; x_wconf 83' lang='lat' dir='ltr'><strong>Cancro</strong></span> <span class='ocrx_word' id='word_1_47' title='bbox 1198 585 1413 654; x_wconf 91' lang='lat' dir='ltr'><strong>positus</strong></span> <span class='ocrx_word' id='word_1_48' title='bbox 1449 591 1512 639; x_wconf 91' lang='lat' dir='ltr'><strong>ut</strong></span> <span class='ocrx_word' id='word_1_49' title='bbox 1549 592 1795 640; x_wconf 68' lang='lat' dir='ltr'><strong>aestatem</strong></span> <span class='ocrx_word' id='word_1_50' title='bbox 1834 585 2019 649; x_wconf 88' lang='lat' dir='ltr'><strong>nobis.</strong></span> 
     </span>
    </p>
   </div>
   <div class='ocr_carea' id='block_1_9' title="bbox 452 676 2022 748">
    <p class='ocr_par' dir='ltr' id='par_1_9' title="bbox 452 676 2022 748">
     <span class='ocr_line' id='line_1_9' title="bbox 452 676 2022 748; baseline 0.002 -18"><span class='ocrx_word' id='word_1_51' title='bbox 452 676 546 746; x_wconf 89' lang='lat' dir='ltr'><strong>qui</strong></span> <span class='ocrx_word' id='word_1_52' title='bbox 578 676 647 731; x_wconf 88' lang='lat' dir='ltr'><strong>ad</strong></span> <span class='ocrx_word' id='word_1_53' title='bbox 688 676 1088 747; x_wconf 82' lang='lat' dir='ltr'><strong>septentriones</strong></span> <span class='ocrx_word' id='word_1_54' title='bbox 1127 676 1478 743; x_wconf 89' lang='lat' dir='ltr'><strong>accedimus;</strong></span> <span class='ocrx_word' id='word_1_55' title='bbox 1522 677 1603 733; x_wconf 90' lang='lat' dir='ltr'><strong>sic</strong></span> <span class='ocrx_word' id='word_1_56' title='bbox 1655 678 1785 745; x_wconf 88' lang='lat' dir='ltr'><strong>illis,</strong></span> <span class='ocrx_word' id='word_1_57' title='bbox 1823 678 1919 748; x_wconf 88' lang='lat' dir='ltr'><strong>qui</strong></span> <span class='ocrx_word' id='word_1_58' title='bbox 1955 678 2022 733; x_wconf 90' lang='lat' dir='ltr'><strong>ad</strong></span> 
     </span>
    </p>
   </div>
   <div class='ocr_carea' id='block_1_10' title="bbox 451 766 2021 838">
    <p class='ocr_par' dir='ltr' id='par_1_10' title="bbox 451 766 2021 838">
     <span class='ocr_line' id='line_1_10' title="bbox 451 766 2021 838; baseline 0.002 -15"><span class='ocrx_word' id='word_1_59' title='bbox 451 774 700 823; x_wconf 81' lang='lat' dir='ltr'><strong>austrum</strong></span> <span class='ocrx_word' id='word_1_60' title='bbox 732 775 991 838; x_wconf 77' lang='lat' dir='ltr'><strong>vergunt,</strong></span> <span class='ocrx_word' id='word_1_61' title='bbox 1039 766 1196 823; x_wconf 79' lang='lat' dir='ltr'><strong>aﬁ‘ert</strong></span> <span class='ocrx_word' id='word_1_62' title='bbox 1233 768 1493 824; x_wconf 87' lang='lat' dir='ltr'><strong>hiemem.</strong></span> <span class='ocrx_word' id='word_1_63' title='bbox 1549 768 1804 825; x_wconf 87' lang='lat' dir='ltr'><strong>Vicissim</strong></span> <span class='ocrx_word' id='word_1_64' title='bbox 1838 780 2021 825; x_wconf 88' lang='lat' dir='ltr'><strong>autem</strong></span> 
     </span>
    </p>
   </div>
   <div class='ocr_carea' id='block_1_11' title="bbox 452 857 2022 931">
    <p class='ocr_par' dir='ltr' id='par_1_11' title="bbox 452 857 2022 931">
     <span class='ocr_line' id='line_1_11' title="bbox 452 857 2022 931; baseline 0 -17"><span class='ocrx_word' id='word_1_65' title='bbox 452 859 522 914; x_wconf 90' lang='lat' dir='ltr'><strong>ad</strong></span> <span class='ocrx_word' id='word_1_66' title='bbox 548 858 940 928; x_wconf 89' lang='lat' dir='ltr'><strong>Capricornum</strong></span> <span class='ocrx_word' id='word_1_67' title='bbox 962 858 1177 914; x_wconf 87' lang='lat' dir='ltr'><strong>delatus</strong></span> <span class='ocrx_word' id='word_1_68' title='bbox 1204 857 1632 915; x_wconf 78' lang='lat' dir='ltr'><strong>nobis-hiemem</strong></span> <span class='ocrx_word' id='word_1_69' title='bbox 1661 861 2022 931; x_wconf 76' lang='lat' dir='ltr'><strong>septentrioni</strong></span> 
     </span>
    </p>
   </div>
   <div class='ocr_carea' id='block_1_12' title="bbox 454 949 2023 1024">
    <p class='ocr_par' dir='ltr' id='par_1_12' title="bbox 454 949 2023 1024">
     <span class='ocr_line' id='line_1_12' title="bbox 454 949 2023 1024; baseline 0.002 -20"><span class='ocrx_word' id='word_1_70' title='bbox 454 949 975 1021; x_wconf 88' lang='lat' dir='ltr'><strong>propinquioribus;</strong></span> <span class='ocrx_word' id='word_1_71' title='bbox 1002 952 1071 1007; x_wconf 92' lang='lat' dir='ltr'><strong>ad</strong></span> <span class='ocrx_word' id='word_1_72' title='bbox 1101 958 1356 1007; x_wconf 84' lang='lat' dir='ltr'><strong>austrum</strong></span> <span class='ocrx_word' id='word_1_73' title='bbox 1388 967 1520 1009; x_wconf 85' lang='lat' dir='ltr'><strong>vero</strong></span> <span class='ocrx_word' id='word_1_74' title='bbox 1550 952 1747 1024; x_wconf 86' lang='lat' dir='ltr'><strong>positis</strong></span> <span class='ocrx_word' id='word_1_75' title='bbox 1777 960 2023 1009; x_wconf 69' lang='lat' dir='ltr'><strong>testatem</strong></span> 
     </span>
    </p>
   </div>
   <div class='ocr_carea' id='block_1_13' title="bbox 450 1041 2025 1115">
    <p class='ocr_par' dir='ltr' id='par_1_13' title="bbox 450 1041 2025 1115">
     <span class='ocr_line' id='line_1_13' title="bbox 450 1041 2025 1115; baseline 0.002 -19"><span class='ocrx_word' id='word_1_76' title='bbox 450 1042 632 1097; x_wconf 67' lang='lat' dir='ltr'><strong>allicit.</strong></span> <span class='ocrx_word' id='word_1_77' title='bbox 670 1041 909 1109; x_wconf 78' lang='lat' dir='ltr'><strong>Rursus,</strong></span> <span class='ocrx_word' id='word_1_78' title='bbox 951 1058 1078 1099; x_wconf 90' lang='lat' dir='ltr'><strong>cum</strong></span> <span class='ocrx_word' id='word_1_79' title='bbox 1119 1044 1231 1100; x_wconf 90' lang='lat' dir='ltr'><strong>sint</strong></span> <span class='ocrx_word' id='word_1_80' title='bbox 1264 1044 1599 1115; x_wconf 80' lang='lat' dir='ltr'><strong>aequinoctia</strong></span> <span class='ocrx_word' id='word_1_81' title='bbox 1639 1045 1772 1112; x_wconf 88' lang='lat' dir='ltr'><strong>duo,</strong></span> <span class='ocrx_word' id='word_1_82' title='bbox 1802 1044 2025 1115; x_wconf 83' lang='lat' dir='ltr'><strong>quando</strong></span> 
     </span>
    </p>
   </div>
   <div class='ocr_carea' id='block_1_14' title="bbox 449 1133 2025 1207">
    <p class='ocr_par' dir='ltr' id='par_1_14' title="bbox 449 1133 2025 1207">
     <span class='ocr_line' id='line_1_14' title="bbox 449 1133 2025 1207; baseline -0.001 -17"><span class='ocrx_word' id='word_1_83' title='bbox 449 1136 531 1190; x_wconf 89' lang='lat' dir='ltr'><strong>sol</strong></span> <span class='ocrx_word' id='word_1_84' title='bbox 563 1133 802 1191; x_wconf 83' lang='lat' dir='ltr'><strong>Arietem</strong></span> <span class='ocrx_word' id='word_1_85' title='bbox 837 1136 1037 1207; x_wconf 79' lang='lat' dir='ltr'><strong>attigit,</strong></span> <span class='ocrx_word' id='word_1_86' title='bbox 1061 1136 1378 1195; x_wconf 82' lang='lat' dir='ltr'><strong>borealibus</strong></span> <span class='ocrx_word' id='word_1_87' title='bbox 1403 1136 1567 1192; x_wconf 89' lang='lat' dir='ltr'><strong>nobis</strong></span> <span class='ocrx_word' id='word_1_88' title='bbox 1595 1151 1826 1193; x_wconf 77' lang='lat' dir='ltr'><strong>vernum</strong></span> <span class='ocrx_word' id='word_1_89' title='bbox 1853 1136 2025 1206; x_wconf 61' lang='lat' dir='ltr'><strong>atqui-</strong></span> 
     </span>
    </p>
   </div>
   <div class='ocr_carea' id='block_1_15' title="bbox 447 1228 2024 1294">
    <p class='ocr_par' dir='ltr' id='par_1_15' title="bbox 447 1228 2024 1294">
     <span class='ocr_line' id='line_1_15' title="bbox 447 1228 2024 1294; baseline 0.001 -12"><span class='ocrx_word' id='word_1_90' title='bbox 447 1228 691 1283; x_wconf 86' lang='lat' dir='ltr'><strong>noctium</strong></span> <span class='ocrx_word' id='word_1_91' title='bbox 725 1228 877 1294; x_wconf 79' lang='lat' dir='ltr'><strong>facit,</strong></span> <span class='ocrx_word' id='word_1_92' title='bbox 914 1231 1144 1287; x_wconf 71' lang='lat' dir='ltr'><strong>antmeis</strong></span> <span class='ocrx_word' id='word_1_93' title='bbox 1182 1231 1515 1286; x_wconf 85' lang='lat' dir='ltr'><strong>autumnale.</strong></span> <span class='ocrx_word' id='word_1_94' title='bbox 1552 1230 1610 1285; x_wconf 92' lang='lat' dir='ltr'><strong>In</strong></span> <span class='ocrx_word' id='word_1_95' title='bbox 1639 1228 1806 1285; x_wconf 90' lang='lat' dir='ltr'><strong>Libra</strong></span> <span class='ocrx_word' id='word_1_96' title='bbox 1832 1236 2024 1284; x_wconf 87' lang='lat' dir='ltr'><strong>contra</strong></span> 
     </span>
    </p>
   </div>
   <div class='ocr_carea' id='block_1_16' title="bbox 447 1317 2024 1389">
    <p class='ocr_par' dir='ltr' id='par_1_16' title="bbox 447 1317 2024 1389">
     <span class='ocr_line' id='line_1_16' title="bbox 447 1317 2024 1389; baseline -0.002 -17"><span class='ocrx_word' id='word_1_97' title='bbox 447 1320 605 1375; x_wconf 85' lang='lat' dir='ltr'><strong>nobis</strong></span> <span class='ocrx_word' id='word_1_98' title='bbox 652 1321 999 1385; x_wconf 80' lang='lat' dir='ltr'><strong>autumnale,</strong></span> <span class='ocrx_word' id='word_1_99' title='bbox 1057 1321 1293 1377; x_wconf 70' lang='lat' dir='ltr'><strong>antmcis</strong></span> <span class='ocrx_word' id='word_1_100' title='bbox 1350 1334 1580 1375; x_wconf 83' lang='lat' dir='ltr'><strong>vernum</strong></span> <span class='ocrx_word' id='word_1_101' title='bbox 1633 1317 2024 1389; x_wconf 65' lang='lat' dir='ltr'><strong>aequinoctium</strong></span> 
     </span>
    </p>
   </div>
   <div class='ocr_carea' id='block_1_17' title="bbox 447 1408 2030 1484">
    <p class='ocr_par' dir='ltr' id='par_1_17' title="bbox 447 1408 2030 1484">
     <span class='ocr_line' id='line_1_17' title="bbox 447 1408 2030 1484; baseline -0.001 -20"><span class='ocrx_word' id='word_1_102' title='bbox 447 1410 608 1479; x_wconf 86' lang='lat' dir='ltr'><strong>parit.</strong></span> <span class='ocrx_word' id='word_1_103' title='bbox 643 1409 774 1468; x_wconf 90' lang='lat' dir='ltr'><strong>Post</strong></span> <span class='ocrx_word' id='word_1_104' title='bbox 813 1412 1228 1483; x_wconf 64' lang='lat' dir='ltr'><strong>aequinoctium,</strong></span> <span class='ocrx_word' id='word_1_105' title='bbox 1264 1411 1414 1484; x_wconf 90' lang='lat' dir='ltr'><strong>quod</strong></span> <span class='ocrx_word' id='word_1_106' title='bbox 1445 1411 1506 1466; x_wconf 81' lang='lat' dir='ltr'><strong>iit</strong></span> <span class='ocrx_word' id='word_1_107' title='bbox 1546 1410 1709 1465; x_wconf 90' lang='lat' dir='ltr'><strong>nobis</strong></span> <span class='ocrx_word' id='word_1_108' title='bbox 1746 1409 1803 1463; x_wconf 88' lang='lat' dir='ltr'><strong>in</strong></span> <span class='ocrx_word' id='word_1_109' title='bbox 1841 1408 2030 1462; x_wconf 84' lang='lat' dir='ltr'><strong>Ariete</strong></span> 
     </span>
    </p>
   </div>
   <div class='ocr_carea' id='block_1_18' title="bbox 445 1501 2047 1570">
    <p class='ocr_par' dir='ltr' id='par_1_18' title="bbox 445 1501 2047 1570">
     <span class='ocr_line' id='line_1_18' title="bbox 445 1501 2047 1570; baseline -0.002 -15"><span class='ocrx_word' id='word_1_110' title='bbox 445 1516 701 1568; x_wconf 66' lang='lat' dir='ltr'><strong>vernum.</strong></span> <span class='ocrx_word' id='word_1_111' title='bbox 737 1503 821 1560; x_wconf 92' lang='lat' dir='ltr'><strong>sol</strong></span> <span class='ocrx_word' id='word_1_112' title='bbox 864 1503 1193 1570; x_wconf 89' lang='lat' dir='ltr'><strong>ascendens,</strong></span> <span class='ocrx_word' id='word_1_113' title='bbox 1216 1502 1289 1567; x_wconf 86' lang='lat' dir='ltr'><strong>in</strong></span> <span class='ocrx_word' id='word_1_114' title='bbox 1323 1503 1539 1559; x_wconf 83' lang='lat' dir='ltr'><strong>Cancro</strong></span> <span class='ocrx_word' id='word_1_115' title='bbox 1599 1501 1759 1557; x_wconf 91' lang='lat' dir='ltr'><strong>nobis</strong></span> <span class='ocrx_word' id='word_1_116' title='bbox 1783 1507 2047 1555; x_wconf 70' lang='lat' dir='ltr'><strong>aestatem</strong></span> 
     </span>
    </p>
   </div>
   <div class='ocr_carea' id='block_1_19' title="bbox 446 1594 2027 1667">
    <p class='ocr_par' dir='ltr' id='par_1_19' title="bbox 446 1594 2027 1667">
     <span class='ocr_line' id='line_1_19' title="bbox 446 1594 2027 1667; baseline -0.004 -16"><span class='ocrx_word' id='word_1_117' title='bbox 446 1594 632 1658; x_wconf 73' lang='lat' dir='ltr'><strong>etiicit,</strong></span> <span class='ocrx_word' id='word_1_118' title='bbox 664 1604 937 1667; x_wconf 77' lang='lat' dir='ltr'><strong>augetque</strong></span> <span class='ocrx_word' id='word_1_119' title='bbox 976 1597 1191 1657; x_wconf 87' lang='lat' dir='ltr'><strong>dierum</strong></span> <span class='ocrx_word' id='word_1_120' title='bbox 1242 1597 1458 1667; x_wconf 88' lang='lat' dir='ltr'><strong>spatia;</strong></span> <span class='ocrx_word' id='word_1_121' title='bbox 1493 1602 1761 1653; x_wconf 88' lang='lat' dir='ltr'><strong>nocturna</strong></span> <span class='ocrx_word' id='word_1_122' title='bbox 1807 1598 2027 1647; x_wconf 88' lang='lat' dir='ltr'><strong>contra-</strong></span> 
     </span>
    </p>
   </div>
   <div class='ocr_carea' id='block_1_20' title="bbox 446 1683 2047 1757">
    <p class='ocr_par' dir='ltr' id='par_1_20' title="bbox 446 1683 2047 1757">
     <span class='ocr_line' id='line_1_20' title="bbox 446 1683 2047 1757; baseline -0.002 -18"><span class='ocrx_word' id='word_1_123' title='bbox 446 1684 549 1741; x_wconf 92' lang='lat' dir='ltr'><strong>hit.</strong></span> <span class='ocrx_word' id='word_1_124' title='bbox 581 1686 665 1742; x_wconf 93' lang='lat' dir='ltr'><strong>Ab</strong></span> <span class='ocrx_word' id='word_1_125' title='bbox 709 1686 1016 1741; x_wconf 88' lang='lat' dir='ltr'><strong>autumnali</strong></span> <span class='ocrx_word' id='word_1_126' title='bbox 1044 1686 1374 1757; x_wconf 75' lang='lat' dir='ltr'><strong>aequinoctio</strong></span> <span class='ocrx_word' id='word_1_127' title='bbox 1414 1684 1595 1741; x_wconf 67' lang='lat' dir='ltr'><strong>Libra:</strong></span> <span class='ocrx_word' id='word_1_128' title='bbox 1623 1686 1691 1740; x_wconf 89' lang='lat' dir='ltr'><strong>ad</strong></span> <span class='ocrx_word' id='word_1_129' title='bbox 1737 1683 2047 1755; x_wconf 47' lang='lat' dir='ltr'><strong>Capricorm</strong></span> 
     </span>
    </p>
   </div>
   <div class='ocr_carea' id='block_1_21' title="bbox 448 1754 2100 1848">
    <p class='ocr_par' dir='ltr' id='par_1_21' title="bbox 448 1754 2100 1848">
     <span class='ocr_line' id='line_1_21' title="bbox 448 1754 2100 1848; baseline -0.003 -14"><span class='ocrx_word' id='word_1_130' title='bbox 448 1792 580 1834; x_wconf 89' lang='lat' dir='ltr'><strong>num</strong></span> <span class='ocrx_word' id='word_1_131' title='bbox 656 1778 943 1843; x_wconf 89' lang='lat' dir='ltr'><strong>delabcns,</strong></span> <span class='ocrx_word' id='word_1_132' title='bbox 983 1754 1128 1848; x_wconf 82' lang='lat' dir='ltr'><strong>apud</strong></span> <span class='ocrx_word' id='word_1_133' title='bbox 1177 1791 1279 1833; x_wconf 90' lang='lat' dir='ltr'><strong>nos</strong></span> <span class='ocrx_word' id='word_1_134' title='bbox 1321 1775 1440 1832; x_wconf 90' lang='lat' dir='ltr'><strong>dies</strong></span> <span class='ocrx_word' id='word_1_135' title='bbox 1491 1773 1787 1841; x_wconf 85' lang='lat' dir='ltr'><strong>imminuit,</strong></span> <span class='ocrx_word' id='word_1_136' title='bbox 1822 1754 2030 1829; x_wconf 88' lang='lat' dir='ltr'><strong>noctes</strong></span> <span class='ocrx_word' id='word_1_137' title='bbox 2058 1754 2100 1809; x_wconf 73' lang='grc' dir='ltr'><strong>Β</strong></span> 
     </span>
    </p>
   </div>
   <div class='ocr_carea' id='block_1_22' title="bbox 446 1864 2034 1942">
    <p class='ocr_par' dir='ltr' id='par_1_22' title="bbox 446 1864 2034 1942">
     <span class='ocr_line' id='line_1_22' title="bbox 446 1864 2034 1942; baseline -0.004 -16"><span class='ocrx_word' id='word_1_138' title='bbox 446 1870 741 1942; x_wconf 81' lang='lat' dir='ltr'><strong>producit;</strong></span> <span class='ocrx_word' id='word_1_139' title='bbox 765 1869 998 1925; x_wconf 82' lang='lat' dir='ltr'><strong>hiemem</strong></span> <span class='ocrx_word' id='word_1_140' title='bbox 1022 1868 1291 1935; x_wconf 82' lang='lat' dir='ltr'><strong>aﬂ&#39;erens;</strong></span> <span class='ocrx_word' id='word_1_141' title='bbox 1319 1866 1464 1938; x_wconf 90' lang='lat' dir='ltr'><strong>apud</strong></span> <span class='ocrx_word' id='word_1_142' title='bbox 1493 1867 1617 1923; x_wconf 89' lang='lat' dir='ltr'><strong>illos</strong></span> <span class='ocrx_word' id='word_1_143' title='bbox 1649 1874 1710 1921; x_wconf 91' lang='lat' dir='ltr'><strong>ut</strong></span> <span class='ocrx_word' id='word_1_144' title='bbox 1735 1874 1894 1936; x_wconf 80' lang='lat' dir='ltr'><strong>auget</strong></span> <span class='ocrx_word' id='word_1_145' title='bbox 1922 1864 2034 1920; x_wconf 89' lang='lat' dir='ltr'><strong>die-</strong></span> 
     </span>
    </p>
   </div>
   <div class='ocr_carea' id='block_1_23' title="bbox 448 1958 2028 2027">
    <p class='ocr_par' dir='ltr' id='par_1_23' title="bbox 448 1958 2028 2027">
     <span class='ocr_line' id='line_1_23' title="bbox 448 1958 2028 2027; baseline -0.005 -9"><span class='ocrx_word' id='word_1_146' title='bbox 448 1978 574 2018; x_wconf 87' lang='lat' dir='ltr'><strong>rum</strong></span> <span class='ocrx_word' id='word_1_147' title='bbox 630 1961 939 2027; x_wconf 77' lang='lat' dir='ltr'><strong>intervalla,</strong></span> <span class='ocrx_word' id='word_1_148' title='bbox 991 1962 1075 2018; x_wconf 89' lang='lat' dir='ltr'><strong>sic</strong></span> <span class='ocrx_word' id='word_1_149' title='bbox 1131 1960 1199 2016; x_wconf 90' lang='lat' dir='ltr'><strong>de</strong></span> <span class='ocrx_word' id='word_1_150' title='bbox 1239 1960 1532 2016; x_wconf 84' lang='lat' dir='ltr'><strong>nocturnis</strong></span> <span class='ocrx_word' id='word_1_151' title='bbox 1564 1958 1823 2023; x_wconf 86' lang='lat' dir='ltr'><strong>detrahit,</strong></span> <span class='ocrx_word' id='word_1_152' title='bbox 1863 1966 2028 2014; x_wconf 69' lang='lat' dir='ltr'><strong>aesta-</strong></span> 
     </span>
    </p>
   </div>
   <div class='ocr_carea' id='block_1_24' title="bbox 451 2050 2029 2126">
    <p class='ocr_par' dir='ltr' id='par_1_24' title="bbox 451 2050 2029 2126">
     <span class='ocr_line' id='line_1_24' title="bbox 451 2050 2029 2126; baseline -0.004 -16"><span class='ocrx_word' id='word_1_153' title='bbox 451 2062 671 2126; x_wconf 87' lang='lat' dir='ltr'><strong>temque</strong></span> <span class='ocrx_word' id='word_1_154' title='bbox 714 2054 915 2115; x_wconf 79' lang='lat' dir='ltr'><strong>reddit.</strong></span> <span class='ocrx_word' id='word_1_155' title='bbox 962 2053 1139 2123; x_wconf 82' lang='lat' dir='ltr'><strong>Atque</strong></span> <span class='ocrx_word' id='word_1_156' title='bbox 1187 2061 1246 2108; x_wconf 89' lang='lat' dir='ltr'><strong>ut</strong></span> <span class='ocrx_word' id='word_1_157' title='bbox 1288 2067 1397 2108; x_wconf 92' lang='lat' dir='ltr'><strong>uno</strong></span> <span class='ocrx_word' id='word_1_158' title='bbox 1420 2054 1590 2107; x_wconf 82' lang='lat' dir='ltr'><strong>verbo</strong></span> <span class='ocrx_word' id='word_1_159' title='bbox 1627 2051 1828 2116; x_wconf 89' lang='lat' dir='ltr'><strong>dicam,</strong></span> <span class='ocrx_word' id='word_1_160' title='bbox 1869 2050 2029 2121; x_wconf 85' lang='lat' dir='ltr'><strong>quid-</strong></span> 
     </span>
    </p>
   </div>
   <div class='ocr_carea' id='block_1_25' title="bbox 452 2141 2027 2217">
    <p class='ocr_par' dir='ltr' id='par_1_25' title="bbox 452 2141 2027 2217">
     <span class='ocr_line' id='line_1_25' title="bbox 452 2141 2027 2217; baseline -0.003 -17"><span class='ocrx_word' id='word_1_161' title='bbox 452 2144 589 2217; x_wconf 85' lang='lat' dir='ltr'><strong>quid</strong></span> <span class='ocrx_word' id='word_1_162' title='bbox 621 2144 834 2200; x_wconf 89' lang='lat' dir='ltr'><strong>Cancer</strong></span> <span class='ocrx_word' id='word_1_163' title='bbox 875 2142 1038 2201; x_wconf 88' lang='lat' dir='ltr'><strong>nobis</strong></span> <span class='ocrx_word' id='word_1_164' title='bbox 1094 2143 1288 2209; x_wconf 87' lang='lat' dir='ltr'><strong>ellicit,</strong></span> <span class='ocrx_word' id='word_1_165' title='bbox 1342 2142 1447 2197; x_wconf 90' lang='lat' dir='ltr'><strong>hoc</strong></span> <span class='ocrx_word' id='word_1_166' title='bbox 1479 2142 1590 2197; x_wconf 89' lang='lat' dir='ltr'><strong>illis</strong></span> <span class='ocrx_word' id='word_1_167' title='bbox 1621 2141 2027 2211; x_wconf 80' lang='lat' dir='ltr'><strong>Capricornus;</strong></span> 
     </span>
    </p>
   </div>
   <div class='ocr_carea' id='block_1_26' title="bbox 454 2231 2031 2308">
    <p class='ocr_par' dir='ltr' id='par_1_26' title="bbox 454 2231 2031 2308">
     <span class='ocr_line' id='line_1_26' title="bbox 454 2231 2031 2308; baseline -0.005 -15"><span class='ocrx_word' id='word_1_168' title='bbox 454 2244 509 2293; x_wconf 80' lang='lat' dir='ltr'><strong>et</strong></span> <span class='ocrx_word' id='word_1_169' title='bbox 529 2235 677 2308; x_wconf 89' lang='lat' dir='ltr'><strong>quod</strong></span> <span class='ocrx_word' id='word_1_170' title='bbox 699 2236 859 2291; x_wconf 89' lang='lat' dir='ltr'><strong>nobis</strong></span> <span class='ocrx_word' id='word_1_171' title='bbox 882 2235 1279 2306; x_wconf 85' lang='lat' dir='ltr'><strong>Capricornus,</strong></span> <span class='ocrx_word' id='word_1_172' title='bbox 1315 2232 1416 2288; x_wconf 89' lang='lat' dir='ltr'><strong>hoc</strong></span> <span class='ocrx_word' id='word_1_173' title='bbox 1455 2233 1566 2287; x_wconf 87' lang='lat' dir='ltr'><strong>illis</strong></span> <span class='ocrx_word' id='word_1_174' title='bbox 1607 2232 1819 2287; x_wconf 89' lang='lat' dir='ltr'><strong>Cancer</strong></span> <span class='ocrx_word' id='word_1_175' title='bbox 1843 2248 1859 2299; x_wconf 94' lang='lat'><strong>;</strong></span> <span class='ocrx_word' id='word_1_176' title='bbox 1884 2231 2031 2302; x_wconf 92' lang='lat' dir='ltr'><strong>quod</strong></span> 
     </span>
    </p>
   </div>
   <div class='ocr_carea' id='block_1_27' title="bbox 454 2325 2031 2389">
    <p class='ocr_par' dir='ltr' id='par_1_27' title="bbox 454 2325 2031 2389">
     <span class='ocr_line' id='line_1_27' title="bbox 454 2325 2031 2389; baseline -0.005 -2"><span class='ocrx_word' id='word_1_177' title='bbox 454 2329 615 2387; x_wconf 79' lang='lat' dir='ltr'><strong>nobis</strong></span> <span class='ocrx_word' id='word_1_178' title='bbox 643 2328 822 2389; x_wconf 86' lang='lat' dir='ltr'><strong>Aries.</strong></span> <span class='ocrx_word' id='word_1_179' title='bbox 869 2329 974 2384; x_wconf 90' lang='lat' dir='ltr'><strong>hoc</strong></span> <span class='ocrx_word' id='word_1_180' title='bbox 1014 2328 1122 2383; x_wconf 82' lang='lat' dir='ltr'><strong>illis</strong></span> <span class='ocrx_word' id='word_1_181' title='bbox 1155 2328 1320 2382; x_wconf 85' lang='lat' dir='ltr'><strong>Libra</strong></span> <span class='ocrx_word' id='word_1_182' title='bbox 1352 2335 1443 2384; x_wconf 87' lang='lat' dir='ltr'><strong>:et</strong></span> <span class='ocrx_word' id='word_1_183' title='bbox 1471 2342 1501 2381; x_wconf 88' lang='lat' dir='ltr'><strong>e</strong></span> <span class='ocrx_word' id='word_1_184' title='bbox 1526 2326 1823 2381; x_wconf 90' lang='lat' dir='ltr'><strong>contrario.</strong></span> <span class='ocrx_word' id='word_1_185' title='bbox 1874 2325 2031 2380; x_wconf 85' lang='lat' dir='ltr'><strong>Anti-</strong></span> 
     </span>
    </p>
   </div>
   <div class='ocr_carea' id='block_1_28' title="bbox 454 2417 2033 2488">
    <p class='ocr_par' dir='ltr' id='par_1_28' title="bbox 454 2417 2033 2488">
     <span class='ocr_line' id='line_1_28' title="bbox 454 2417 2033 2488; baseline -0.003 -13"><span class='ocrx_word' id='word_1_186' title='bbox 454 2419 785 2475; x_wconf 77' lang='lat' dir='ltr'><strong>chthonibua</strong></span> <span class='ocrx_word' id='word_1_187' title='bbox 811 2418 1085 2475; x_wconf 88' lang='lat' dir='ltr'><strong>alternant</strong></span> <span class='ocrx_word' id='word_1_188' title='bbox 1111 2427 1303 2475; x_wconf 88' lang='lat' dir='ltr'><strong>noctes</strong></span> <span class='ocrx_word' id='word_1_189' title='bbox 1332 2426 1387 2475; x_wconf 90' lang='lat' dir='ltr'><strong>et</strong></span> <span class='ocrx_word' id='word_1_190' title='bbox 1415 2418 1551 2474; x_wconf 88' lang='lat' dir='ltr'><strong>dies.</strong></span> <span class='ocrx_word' id='word_1_191' title='bbox 1577 2417 1713 2472; x_wconf 87' lang='lat' dir='ltr'><strong>Nam</strong></span> <span class='ocrx_word' id='word_1_192' title='bbox 1733 2417 2033 2488; x_wconf 82' lang='lat' dir='ltr'><strong>superiori-</strong></span> 
     </span>
    </p>
   </div>
   <div class='ocr_carea' id='block_1_29' title="bbox 454 2506 2033 2563">
    <p class='ocr_par' dir='ltr' id='par_1_29' title="bbox 454 2506 2033 2563">
     <span class='ocr_line' id='line_1_29' title="bbox 454 2506 2033 2563; baseline 0 -2"><span class='ocrx_word' id='word_1_193' title='bbox 454 2508 560 2562; x_wconf 91' lang='lat' dir='ltr'><strong>bus</strong></span> <span class='ocrx_word' id='word_1_194' title='bbox 588 2522 779 2563; x_wconf 91' lang='lat' dir='ltr'><strong>eorum</strong></span> <span class='ocrx_word' id='word_1_195' title='bbox 817 2517 942 2563; x_wconf 88' lang='lat' dir='ltr'><strong>ortu</strong></span> <span class='ocrx_word' id='word_1_196' title='bbox 991 2522 1094 2563; x_wconf 90' lang='lat' dir='ltr'><strong>suo</strong></span> <span class='ocrx_word' id='word_1_197' title='bbox 1122 2506 1267 2563; x_wconf 87' lang='lat' dir='ltr'><strong>diem</strong></span> <span class='ocrx_word' id='word_1_198' title='bbox 1310 2507 1392 2563; x_wconf 91' lang='lat' dir='ltr'><strong>sol</strong></span> <span class='ocrx_word' id='word_1_199' title='bbox 1422 2506 1663 2563; x_wconf 80' lang='lat' dir='ltr'><strong>infundit</strong></span> <span class='ocrx_word' id='word_1_200' title='bbox 1693 2527 1707 2563; x_wconf 90' lang='lat'>:</span> <span class='ocrx_word' id='word_1_201' title='bbox 1740 2507 2033 2563; x_wconf 83' lang='lat' dir='ltr'><strong>inferiori—</strong></span> 
     </span>
    </p>
   </div>
   <div class='ocr_carea' id='block_1_30' title="bbox 453 2601 2028 2665">
    <p class='ocr_par' dir='ltr' id='par_1_30' title="bbox 453 2601 2028 2665">
     <span class='ocr_line' id='line_1_30' title="bbox 453 2601 2028 2665; baseline -0.003 -8"><span class='ocrx_word' id='word_1_202' title='bbox 453 2601 559 2658; x_wconf 89' lang='lat' dir='ltr'><strong>bus</strong></span> <span class='ocrx_word' id='word_1_203' title='bbox 584 2610 819 2657; x_wconf 90' lang='lat' dir='ltr'><strong>noctem.</strong></span> <span class='ocrx_word' id='word_1_204' title='bbox 850 2602 1066 2657; x_wconf 82' lang='lat' dir='ltr'><strong>Rursus</strong></span> <span class='ocrx_word' id='word_1_205' title='bbox 1103 2601 1261 2658; x_wconf 88' lang='lat' dir='ltr'><strong>nobis</strong></span> <span class='ocrx_word' id='word_1_206' title='bbox 1285 2602 1367 2661; x_wconf 89' lang='lat' dir='ltr'><strong>sol</strong></span> <span class='ocrx_word' id='word_1_207' title='bbox 1396 2615 1599 2655; x_wconf 91' lang='lat' dir='ltr'><strong>occasu</strong></span> <span class='ocrx_word' id='word_1_208' title='bbox 1629 2614 1733 2655; x_wconf 92' lang='lat' dir='ltr'><strong>suo</strong></span> <span class='ocrx_word' id='word_1_209' title='bbox 1767 2606 1984 2655; x_wconf 90' lang='lat' dir='ltr'><strong>noctem</strong></span> <span class='ocrx_word' id='word_1_210' title='bbox 2012 2617 2028 2665; x_wconf 91' lang='lat'><strong>;</strong></span> 
     </span>
    </p>
   </div>
   <div class='ocr_carea' id='block_1_31' title="bbox 454 2690 2031 2757">
    <p class='ocr_par' dir='ltr' id='par_1_31' title="bbox 454 2690 2031 2757">
     <span class='ocr_line' id='line_1_31' title="bbox 454 2690 2031 2757; baseline -0.004 -8"><span class='ocrx_word' id='word_1_211' title='bbox 454 2694 560 2749; x_wconf 85' lang='lat' dir='ltr'><strong>sub</strong></span> <span class='ocrx_word' id='word_1_212' title='bbox 586 2701 733 2749; x_wconf 91' lang='lat' dir='ltr'><strong>terra</strong></span> <span class='ocrx_word' id='word_1_213' title='bbox 760 2693 1021 2757; x_wconf 85' lang='lat' dir='ltr'><strong>conditis,</strong></span> <span class='ocrx_word' id='word_1_214' title='bbox 1053 2692 1199 2749; x_wconf 89' lang='lat' dir='ltr'><strong>diem</strong></span> <span class='ocrx_word' id='word_1_215' title='bbox 1229 2691 1460 2747; x_wconf 90' lang='lat' dir='ltr'><strong>oriendo</strong></span> <span class='ocrx_word' id='word_1_216' title='bbox 1490 2691 1755 2747; x_wconf 86' lang='lat' dir='ltr'><strong>restituit.</strong></span> <span class='ocrx_word' id='word_1_217' title='bbox 1782 2690 2031 2746; x_wconf 87' lang='lat' dir='ltr'><strong>Solstitia</strong></span> 
     </span>
    </p>
   </div>
   <div class='ocr_carea' id='block_1_32' title="bbox 455 2782 2031 2855">
    <p class='ocr_par' dir='ltr' id='par_1_32' title="bbox 455 2782 2031 2855">
     <span class='ocr_line' id='line_1_32' title="bbox 455 2782 2031 2855; baseline -0.002 -18"><span class='ocrx_word' id='word_1_218' title='bbox 455 2791 640 2839; x_wconf 85' lang='lat' dir='ltr'><strong>tamen</strong></span> <span class='ocrx_word' id='word_1_219' title='bbox 665 2791 720 2838; x_wconf 88' lang='lat' dir='ltr'><strong>et</strong></span> <span class='ocrx_word' id='word_1_220' title='bbox 750 2783 1083 2855; x_wconf 69' lang='lat' dir='ltr'><strong>aequinoctia</strong></span> <span class='ocrx_word' id='word_1_221' title='bbox 1123 2782 1417 2851; x_wconf 88' lang='lat' dir='ltr'><strong>utrobique</strong></span> <span class='ocrx_word' id='word_1_222' title='bbox 1453 2792 1584 2839; x_wconf 91' lang='lat' dir='ltr'><strong>sunt</strong></span> <span class='ocrx_word' id='word_1_223' title='bbox 1618 2782 1806 2838; x_wconf 88' lang='lat' dir='ltr'><strong>eadem</strong></span> <span class='ocrx_word' id='word_1_224' title='bbox 1835 2782 2031 2836; x_wconf 85' lang='lat' dir='ltr'><strong>borea-</strong></span> 
     </span>
    </p>
   </div>
   <div class='ocr_carea' id='block_1_33' title="bbox 454 2872 2033 2945">
    <p class='ocr_par' dir='ltr' id='par_1_33' title="bbox 454 2872 2033 2945">
     <span class='ocr_line' id='line_1_33' title="bbox 454 2872 2033 2945; baseline -0.001 -18"><span class='ocrx_word' id='word_1_225' title='bbox 454 2875 599 2929; x_wconf 90' lang='lat' dir='ltr'><strong>libus</strong></span> <span class='ocrx_word' id='word_1_226' title='bbox 646 2873 790 2929; x_wconf 80' lang='lat' dir='ltr'><strong>inl‘ra</strong></span> <span class='ocrx_word' id='word_1_227' title='bbox 840 2890 1111 2945; x_wconf 88' lang='lat' dir='ltr'><strong>supraque</strong></span> <span class='ocrx_word' id='word_1_228' title='bbox 1150 2874 1364 2945; x_wconf 87' lang='lat' dir='ltr'><strong>positis.</strong></span> <span class='ocrx_word' id='word_1_229' title='bbox 1429 2872 1715 2942; x_wconf 85' lang='lat' dir='ltr'><strong>Ejusmodi</strong></span> <span class='ocrx_word' id='word_1_230' title='bbox 1756 2880 1884 2927; x_wconf 90' lang='lat' dir='ltr'><strong>sunt</strong></span> <span class='ocrx_word' id='word_1_231' title='bbox 1935 2887 2033 2926; x_wconf 91' lang='lat' dir='ltr'><strong>an-</strong></span> 
     </span>
    </p>
   </div>
   <div class='ocr_carea' id='block_1_34' title="bbox 454 2961 2031 3036">
    <p class='ocr_par' dir='ltr' id='par_1_34' title="bbox 454 2961 2031 3036">
     <span class='ocr_line' id='line_1_34' title="bbox 454 2961 2031 3036; baseline -0.002 -17"><span class='ocrx_word' id='word_1_232' title='bbox 454 2965 787 3029; x_wconf 86' lang='lat' dir='ltr'><strong>tichthones.</strong></span> <span class='ocrx_word' id='word_1_233' title='bbox 820 2964 1122 3036; x_wconf 83' lang='lat' dir='ltr'><strong>Antipodes</strong></span> <span class='ocrx_word' id='word_1_234' title='bbox 1160 2968 1443 3019; x_wconf 87' lang='lat' dir='ltr'><strong>contraria</strong></span> <span class='ocrx_word' id='word_1_235' title='bbox 1462 2972 1517 3020; x_wconf 91' lang='lat' dir='ltr'><strong>et</strong></span> <span class='ocrx_word' id='word_1_236' title='bbox 1554 2964 1810 3035; x_wconf 90' lang='lat' dir='ltr'><strong>opposita</strong></span> <span class='ocrx_word' id='word_1_237' title='bbox 1844 2961 2031 3018; x_wconf 83' lang='lat' dir='ltr'><strong>vident</strong></span> 
     </span>
    </p>
   </div>
   <div class='ocr_carea' id='block_1_35' title="bbox 2130 579 3683 656">
    <p class='ocr_par' dir='ltr' id='par_1_35' title="bbox 2130 579 3683 656">
     <span class='ocr_line' id='line_1_35' title="bbox 2130 579 3683 656; baseline -0.005 -18"><span class='ocrx_word' id='word_1_238' title='bbox 2130 601 2276 638; x_wconf 87' lang='grc' dir='ltr'>οικοι</span> <span class='ocrx_word' id='word_1_239' title='bbox 2313 583 2411 656; x_wconf 82' lang='grc' dir='ltr'>τὴν</span> <span class='ocrx_word' id='word_1_240' title='bbox 2463 584 2561 655; x_wconf 84' lang='grc' dir='ltr'><strong>μὲν</strong></span> <span class='ocrx_word' id='word_1_241' title='bbox 2598 581 2767 654; x_wconf 80' lang='grc' dir='ltr'>αὐτὴν</span> <span class='ocrx_word' id='word_1_242' title='bbox 2817 581 3029 652; x_wconf 76' lang='grc' dir='ltr'>ἔχουσιν</span> <span class='ocrx_word' id='word_1_243' title='bbox 3066 579 3314 651; x_wconf 77' lang='grc' dir='ltr'>ἀλλήλοις</span> <span class='ocrx_word' id='word_1_244' title='bbox 3360 579 3572 650; x_wconf 80' lang='grc' dir='ltr'><strong>ἡμέραν</strong></span> <span class='ocrx_word' id='word_1_245' title='bbox 3602 580 3683 632; x_wconf 80' lang='grc' dir='ltr'><strong>καί</strong></span> 
     </span>
    </p>
   </div>
   <div class='ocr_carea' id='block_1_36' title="bbox 2128 672 3683 745">
    <p class='ocr_par' dir='ltr' id='par_1_36' title="bbox 2128 672 3683 745">
     <span class='ocr_line' id='line_1_36' title="bbox 2128 672 3683 745; baseline -0.005 -13"><span class='ocrx_word' id='word_1_246' title='bbox 2128 678 2320 744; x_wconf 80' lang='grc' dir='ltr'><strong>νύκτα,</strong></span> <span class='ocrx_word' id='word_1_247' title='bbox 2358 678 2419 732; x_wconf 76' lang='grc' dir='ltr'>οὐ</span> <span class='ocrx_word' id='word_1_248' title='bbox 2452 675 2552 740; x_wconf 84' lang='grc' dir='ltr'>τὰς</span> <span class='ocrx_word' id='word_1_249' title='bbox 2599 673 2768 737; x_wconf 83' lang='grc' dir='ltr'>αὑτὰς</span> <span class='ocrx_word' id='word_1_250' title='bbox 2794 673 2854 728; x_wconf 79' lang='grc' dir='ltr'>δὲ</span> <span class='ocrx_word' id='word_1_251' title='bbox 2896 673 3121 745; x_wconf 82' lang='grc' dir='ltr'>τροπάς.</span> <span class='ocrx_word' id='word_1_252' title='bbox 3172 673 3259 726; x_wconf 85' lang='grc' dir='ltr'>Ἔν</span> <span class='ocrx_word' id='word_1_253' title='bbox 3296 673 3560 743; x_wconf 85' lang='grc' dir='ltr'>Καρκίνῳ</span> <span class='ocrx_word' id='word_1_254' title='bbox 3585 672 3683 743; x_wconf 74' lang='grc' dir='ltr'><strong>γὰρ</strong></span> 
     </span>
    </p>
   </div>
   <div class='ocr_carea' id='block_1_37' title="bbox 2126 754 3692 842">
    <p class='ocr_par' dir='ltr' id='par_1_37' title="bbox 2126 754 3692 842">
     <span class='ocr_line' id='line_1_37' title="bbox 2126 754 3692 842; baseline -0.004 -18"><span class='ocrx_word' id='word_1_255' title='bbox 2126 770 2422 842; x_wconf 87' lang='grc' dir='ltr'>γενόμενος</span> <span class='ocrx_word' id='word_1_256' title='bbox 2446 771 2475 822; x_wconf 99' lang='lat'><strong>6</strong></span> <span class='ocrx_word' id='word_1_257' title='bbox 2497 768 2650 839; x_wconf 80' lang='grc' dir='ltr'>ἥλιος</span> <span class='ocrx_word' id='word_1_258' title='bbox 2678 767 2810 838; x_wconf 86' lang='grc' dir='ltr'>ἡμῖν</span> <span class='ocrx_word' id='word_1_259' title='bbox 2835 766 2934 838; x_wconf 81' lang='grc' dir='ltr'><strong>μὲν</strong></span> <span class='ocrx_word' id='word_1_260' title='bbox 2967 765 3144 837; x_wconf 83' lang='grc' dir='ltr'>θέρος,</span> <span class='ocrx_word' id='word_1_261' title='bbox 3180 763 3538 837; x_wconf 82' lang='grc' dir='ltr'>βορειοτέροις</span> <span class='ocrx_word' id='word_1_262' title='bbox 3556 754 3692 827; x_wconf 57' lang='grc' dir='ltr'>οὗσιξ</span> 
     </span>
    </p>
   </div>
   <div class='ocr_carea' id='block_1_38' title="bbox 2129 856 3702 930">
    <p class='ocr_par' dir='ltr' id='par_1_38' title="bbox 2129 856 3702 930">
     <span class='ocr_line' id='line_1_38' title="bbox 2129 856 3702 930; baseline -0.006 -14"><span class='ocrx_word' id='word_1_263' title='bbox 2129 864 2292 926; x_wconf 87' lang='grc' dir='ltr'>ποιεῖ,</span> <span class='ocrx_word' id='word_1_264' title='bbox 2310 863 2425 926; x_wconf 89' lang='grc' dir='ltr'>τοῖς</span> <span class='ocrx_word' id='word_1_265' title='bbox 2451 859 2508 913; x_wconf 83' lang='grc' dir='ltr'><strong>δὲ</strong></span> <span class='ocrx_word' id='word_1_266' title='bbox 2525 858 2882 930; x_wconf 84' lang='grc' dir='ltr'>νοτιωτέροις,</span> <span class='ocrx_word' id='word_1_267' title='bbox 2899 856 3158 929; x_wconf 82' lang='grc' dir='ltr'>χειμῶνα.</span> <span class='ocrx_word' id='word_1_268' title='bbox 3182 857 3351 911; x_wconf 85' lang='grc' dir='ltr'><strong>Ὅταν</strong></span> <span class='ocrx_word' id='word_1_269' title='bbox 3376 856 3435 909; x_wconf 83' lang='grc' dir='ltr'><strong>δὲ</strong></span> <span class='ocrx_word' id='word_1_270' title='bbox 3458 858 3517 910; x_wconf 79' lang='grc' dir='ltr'>ὲν</span> <span class='ocrx_word' id='word_1_271' title='bbox 3542 856 3702 924; x_wconf 69' lang='grc' dir='ltr'>Αἰγοε.</span> 
     </span>
    </p>
   </div>
   <div class='ocr_carea' id='block_1_39' title="bbox 2130 946 3682 1023">
    <p class='ocr_par' dir='ltr' id='par_1_39' title="bbox 2130 946 3682 1023">
     <span class='ocr_line' id='line_1_39' title="bbox 2130 946 3682 1023; baseline -0.003 -18"><span class='ocrx_word' id='word_1_272' title='bbox 2130 952 2332 1023; x_wconf 80' lang='grc' dir='ltr'>κέρωτι</span> <span class='ocrx_word' id='word_1_273' title='bbox 2359 951 2607 1023; x_wconf 77' lang='grc' dir='ltr'>γένηται,</span> <span class='ocrx_word' id='word_1_274' title='bbox 2630 951 2760 1021; x_wconf 82' lang='grc' dir='ltr'>ἡμῖν</span> <span class='ocrx_word' id='word_1_275' title='bbox 2787 952 2884 1021; x_wconf 81' lang='grc' dir='ltr'>μὲν</span> <span class='ocrx_word' id='word_1_276' title='bbox 2911 947 3154 1020; x_wconf 82' lang='grc' dir='ltr'>χειμῶνα</span> <span class='ocrx_word' id='word_1_277' title='bbox 3177 947 3536 1020; x_wconf 81' lang='grc' dir='ltr'>βορειοτέροις</span> <span class='ocrx_word' id='word_1_278' title='bbox 3558 946 3682 1009; x_wconf 80' lang='grc' dir='ltr'>οὖσι,</span> 
     </span>
    </p>
   </div>
   <div class='ocr_carea' id='block_1_40' title="bbox 2125 1043 3686 1117">
    <p class='ocr_par' dir='ltr' id='par_1_40' title="bbox 2125 1043 3686 1117">
     <span class='ocr_line' id='line_1_40' title="bbox 2125 1043 3686 1117; baseline -0.002 -17"><span class='ocrx_word' id='word_1_279' title='bbox 2125 1050 2236 1110; x_wconf 87' lang='grc' dir='ltr'>τοῖς</span> <span class='ocrx_word' id='word_1_280' title='bbox 2269 1046 2455 1117; x_wconf 53' lang='grc' dir='ltr'>δὲλτὴν</span> <span class='ocrx_word' id='word_1_281' title='bbox 2496 1044 2672 1100; x_wconf 86' lang='grc' dir='ltr'>νότιον</span> <span class='ocrx_word' id='word_1_282' title='bbox 2715 1044 2924 1098; x_wconf 83' lang='grc' dir='ltr'><strong>οἰκοῦσι</strong></span> <span class='ocrx_word' id='word_1_283' title='bbox 2968 1043 3144 1114; x_wconf 85' lang='grc' dir='ltr'><strong>ζώνην</strong></span> <span class='ocrx_word' id='word_1_284' title='bbox 3191 1043 3351 1115; x_wconf 82' lang='grc' dir='ltr'>θέρος</span> <span class='ocrx_word' id='word_1_285' title='bbox 3379 1044 3545 1098; x_wconf 84' lang='grc' dir='ltr'>ποιεῖ.</span> <span class='ocrx_word' id='word_1_286' title='bbox 3588 1043 3686 1097; x_wconf 71' lang='grc' dir='ltr'><strong>Καὶ</strong></span> 
     </span>
    </p>
   </div>
   <div class='ocr_carea' id='block_1_41' title="bbox 2127 1132 3689 1210">
    <p class='ocr_par' dir='ltr' id='par_1_41' title="bbox 2127 1132 3689 1210">
     <span class='ocr_line' id='line_1_41' title="bbox 2127 1132 3689 1210; baseline -0.003 -19"><span class='ocrx_word' id='word_1_287' title='bbox 2127 1137 2291 1192; x_wconf 83' lang='grc' dir='ltr'>πάλιν</span> <span class='ocrx_word' id='word_1_288' title='bbox 2317 1138 2433 1192; x_wconf 83' lang='grc' dir='ltr'><strong>τῶν</strong></span> <span class='ocrx_word' id='word_1_289' title='bbox 2461 1135 2762 1210; x_wconf 85' lang='grc' dir='ltr'>ἰσημεριῶν</span> <span class='ocrx_word' id='word_1_290' title='bbox 2789 1135 2882 1189; x_wconf 80' lang='grc' dir='ltr'><strong>δύο</strong></span> <span class='ocrx_word' id='word_1_291' title='bbox 2909 1135 3103 1201; x_wconf 76' lang='grc' dir='ltr'>οὐσῶν,</span> <span class='ocrx_word' id='word_1_292' title='bbox 3141 1137 3199 1189; x_wconf 82' lang='grc' dir='ltr'>ἐν</span> <span class='ocrx_word' id='word_1_293' title='bbox 3240 1134 3339 1204; x_wconf 83' lang='grc' dir='ltr'><strong>μὲν</strong></span> <span class='ocrx_word' id='word_1_294' title='bbox 3367 1132 3525 1206; x_wconf 84' lang='grc' dir='ltr'>Κριῷ</span> <span class='ocrx_word' id='word_1_295' title='bbox 3552 1133 3689 1205; x_wconf 80' lang='grc' dir='ltr'>ἥλιος</span> 
     </span>
    </p>
   </div>
   <div class='ocr_carea' id='block_1_42' title="bbox 2127 1226 3688 1301">
    <p class='ocr_par' dir='ltr' id='par_1_42' title="bbox 2127 1226 3688 1301">
     <span class='ocr_line' id='line_1_42' title="bbox 2127 1226 3688 1301; baseline -0.004 -16"><span class='ocrx_word' id='word_1_296' title='bbox 2127 1230 2417 1301; x_wconf 81' lang='grc' dir='ltr'>γενόμενος</span> <span class='ocrx_word' id='word_1_297' title='bbox 2447 1232 2578 1301; x_wconf 87' lang='grc' dir='ltr'>ἡμῖν</span> <span class='ocrx_word' id='word_1_298' title='bbox 2624 1229 2722 1301; x_wconf 76' lang='grc' dir='ltr'>μὲν</span> <span class='ocrx_word' id='word_1_299' title='bbox 2755 1228 2999 1300; x_wconf 83' lang='grc' dir='ltr'>ἐαρινὴν,</span> <span class='ocrx_word' id='word_1_300' title='bbox 3031 1230 3144 1291; x_wconf 84' lang='grc' dir='ltr'>τοῖς</span> <span class='ocrx_word' id='word_1_301' title='bbox 3181 1227 3280 1298; x_wconf 83' lang='grc' dir='ltr'><strong>τὴν</strong></span> <span class='ocrx_word' id='word_1_302' title='bbox 3323 1226 3560 1297; x_wconf 88' lang='grc' dir='ltr'>βόρειον,</span> <span class='ocrx_word' id='word_1_303' title='bbox 3588 1229 3688 1291; x_wconf 77' lang='grc' dir='ltr'>τοῖς</span> 
     </span>
    </p>
   </div>
   <div class='ocr_carea' id='block_1_43' title="bbox 2126 1317 3689 1393">
    <p class='ocr_par' dir='ltr' id='par_1_43' title="bbox 2126 1317 3689 1393">
     <span class='ocr_line' id='line_1_43' title="bbox 2126 1317 3689 1393; baseline -0.003 -16"><span class='ocrx_word' id='word_1_304' title='bbox 2126 1323 2184 1378; x_wconf 86' lang='grc' dir='ltr'><strong>δὲ</strong></span> <span class='ocrx_word' id='word_1_305' title='bbox 2230 1322 2499 1386; x_wconf 79' lang='grc' dir='ltr'>ἀντοίκοις</span> <span class='ocrx_word' id='word_1_306' title='bbox 2545 1320 2919 1393; x_wconf 76' lang='grc' dir='ltr'>μετοπωρινὴν</span> <span class='ocrx_word' id='word_1_307' title='bbox 2963 1319 3252 1393; x_wconf 78' lang='grc' dir='ltr'>ἰσημερίαν</span> <span class='ocrx_word' id='word_1_308' title='bbox 3286 1322 3449 1373; x_wconf 81' lang='grc' dir='ltr'>ποιεῖ.</span> <span class='ocrx_word' id='word_1_309' title='bbox 3491 1318 3611 1373; x_wconf 76' lang='grc' dir='ltr'><strong>Ἐὰν</strong></span> <span class='ocrx_word' id='word_1_310' title='bbox 3639 1317 3689 1372; x_wconf 72' lang='grc' dir='ltr'><strong>δὲ</strong></span> 
     </span>
    </p>
   </div>
   <div class='ocr_carea' id='block_1_44' title="bbox 2128 1409 3691 1486">
    <p class='ocr_par' dir='ltr' id='par_1_44' title="bbox 2128 1409 3691 1486">
     <span class='ocr_line' id='line_1_44' title="bbox 2128 1409 3691 1486; baseline -0.004 -18"><span class='ocrx_word' id='word_1_311' title='bbox 2128 1416 2188 1468; x_wconf 79' lang='grc' dir='ltr'>ἐν</span> <span class='ocrx_word' id='word_1_312' title='bbox 2211 1412 2422 1486; x_wconf 86' lang='grc' dir='ltr'>Χηλαῖς</span> <span class='ocrx_word' id='word_1_313' title='bbox 2449 1413 2708 1484; x_wconf 82' lang='grc' dir='ltr'>γένηται,</span> <span class='ocrx_word' id='word_1_314' title='bbox 2742 1414 2872 1484; x_wconf 88' lang='grc' dir='ltr'>ἡμῖν</span> <span class='ocrx_word' id='word_1_315' title='bbox 2915 1411 3014 1483; x_wconf 82' lang='grc' dir='ltr'><strong>μὲν</strong></span> <span class='ocrx_word' id='word_1_316' title='bbox 3063 1410 3470 1483; x_wconf 83' lang='grc' dir='ltr'>μετοπωρινὴν,</span> <span class='ocrx_word' id='word_1_317' title='bbox 3498 1413 3607 1473; x_wconf 83' lang='grc' dir='ltr'>τοῖς</span> <span class='ocrx_word' id='word_1_318' title='bbox 3638 1409 3691 1463; x_wconf 73' lang='grc' dir='ltr'><strong>δὲ</strong></span> 
     </span>
    </p>
   </div>
   <div class='ocr_carea' id='block_1_45' title="bbox 2128 1500 3689 1576">
    <p class='ocr_par' dir='ltr' id='par_1_45' title="bbox 2128 1500 3689 1576">
     <span class='ocr_line' id='line_1_45' title="bbox 2128 1500 3689 1576; baseline -0.004 -15"><span class='ocrx_word' id='word_1_319' title='bbox 2128 1505 2399 1570; x_wconf 75' lang='grc' dir='ltr'>ἀντοίκοις</span> <span class='ocrx_word' id='word_1_320' title='bbox 2434 1504 2654 1576; x_wconf 77' lang='grc' dir='ltr'>ἐαρινὴν</span> <span class='ocrx_word' id='word_1_321' title='bbox 2696 1503 2988 1575; x_wconf 81' lang='grc' dir='ltr'>ἰσημερίαν</span> <span class='ocrx_word' id='word_1_322' title='bbox 3019 1504 3182 1557; x_wconf 82' lang='grc' dir='ltr'>ποιεῖ.</span> <span class='ocrx_word' id='word_1_323' title='bbox 3217 1502 3352 1555; x_wconf 76' lang='grc' dir='ltr'><strong>Ἀπὸ</strong></span> <span class='ocrx_word' id='word_1_324' title='bbox 3385 1501 3444 1555; x_wconf 80' lang='grc' dir='ltr'><strong>δὲ</strong></span> <span class='ocrx_word' id='word_1_325' title='bbox 3480 1503 3577 1574; x_wconf 78' lang='grc' dir='ltr'>τῆς</span> <span class='ocrx_word' id='word_1_326' title='bbox 3604 1500 3689 1555; x_wconf 84' lang='grc' dir='ltr'><strong>τοῦ</strong></span> 
     </span>
    </p>
   </div>
   <div class='ocr_carea' id='block_1_46' title="bbox 2133 1593 3692 1668">
    <p class='ocr_par' dir='ltr' id='par_1_46' title="bbox 2133 1593 3692 1668">
     <span class='ocr_line' id='line_1_46' title="bbox 2133 1593 3692 1668; baseline -0.003 -18"><span class='ocrx_word' id='word_1_327' title='bbox 2133 1595 2310 1668; x_wconf 80' lang='grc' dir='ltr'>Κριοῦ</span> <span class='ocrx_word' id='word_1_328' title='bbox 2335 1596 2625 1668; x_wconf 80' lang='grc' dir='ltr'>ἰσημερίας</span> <span class='ocrx_word' id='word_1_329' title='bbox 2645 1595 2743 1665; x_wconf 77' lang='grc' dir='ltr'>τῆς</span> <span class='ocrx_word' id='word_1_330' title='bbox 2783 1596 2912 1665; x_wconf 82' lang='grc' dir='ltr'>παρ’</span> <span class='ocrx_word' id='word_1_331' title='bbox 2940 1596 3069 1666; x_wconf 87' lang='grc' dir='ltr'>ἡμῖν</span> <span class='ocrx_word' id='word_1_332' title='bbox 3094 1594 3316 1666; x_wconf 78' lang='grc' dir='ltr'>ἐαρινῆς</span> <span class='ocrx_word' id='word_1_333' title='bbox 3337 1595 3366 1646; x_wconf 91' lang='lat'><strong>6</strong></span> <span class='ocrx_word' id='word_1_334' title='bbox 3395 1593 3545 1666; x_wconf 74' lang='grc' dir='ltr'>ἥλιος</span> <span class='ocrx_word' id='word_1_335' title='bbox 3574 1594 3692 1646; x_wconf 84' lang='grc' dir='ltr'>ἀνα-</span> 
     </span>
    </p>
   </div>
   <div class='ocr_carea' id='block_1_47' title="bbox 2130 1684 3691 1764">
    <p class='ocr_par' dir='ltr' id='par_1_47' title="bbox 2130 1684 3691 1764">
     <span class='ocr_line' id='line_1_47' title="bbox 2130 1684 3691 1764; baseline -0.003 -22"><span class='ocrx_word' id='word_1_336' title='bbox 2130 1688 2330 1743; x_wconf 73' lang='grc' dir='ltr'>θαίνων</span> <span class='ocrx_word' id='word_1_337' title='bbox 2356 1690 2416 1743; x_wconf 81' lang='grc' dir='ltr'>ὲν</span> <span class='ocrx_word' id='word_1_338' title='bbox 2454 1688 2715 1760; x_wconf 85' lang='grc' dir='ltr'>Καρκίνῳ</span> <span class='ocrx_word' id='word_1_339' title='bbox 2736 1687 2911 1764; x_wconf 43' lang='grc' dir='ltr'>,θέρος</span> <span class='ocrx_word' id='word_1_340' title='bbox 2941 1688 3040 1759; x_wconf 83' lang='grc' dir='ltr'><strong>μὲν</strong></span> <span class='ocrx_word' id='word_1_341' title='bbox 3068 1689 3198 1759; x_wconf 84' lang='grc' dir='ltr'>ἡμῖν</span> <span class='ocrx_word' id='word_1_342' title='bbox 3232 1688 3401 1751; x_wconf 74' lang='grc' dir='ltr'>ποιεῖ,</span> <span class='ocrx_word' id='word_1_343' title='bbox 3430 1688 3525 1741; x_wconf 82' lang='grc' dir='ltr'><strong>καί</strong></span> <span class='ocrx_word' id='word_1_344' title='bbox 3554 1684 3691 1750; x_wconf 75' lang='grc' dir='ltr'>αὔξει</span> 
     </span>
    </p>
   </div>
   <div class='ocr_carea' id='block_1_48' title="bbox 2128 1775 3692 1851">
    <p class='ocr_par' dir='ltr' id='par_1_48' title="bbox 2128 1775 3692 1851">
     <span class='ocr_line' id='line_1_48' title="bbox 2128 1775 3692 1851; baseline -0.004 -17"><span class='ocrx_word' id='word_1_345' title='bbox 2128 1778 2228 1843; x_wconf 86' lang='grc' dir='ltr'><strong>τάς</strong></span> <span class='ocrx_word' id='word_1_346' title='bbox 2255 1778 2489 1851; x_wconf 81' lang='grc' dir='ltr'>ἡμέρας,</span> <span class='ocrx_word' id='word_1_347' title='bbox 2527 1778 2627 1842; x_wconf 79' lang='grc' dir='ltr'>τὰς</span> <span class='ocrx_word' id='word_1_348' title='bbox 2657 1779 2715 1832; x_wconf 82' lang='grc' dir='ltr'><strong>δὲ</strong></span> <span class='ocrx_word' id='word_1_349' title='bbox 2740 1777 2938 1842; x_wconf 81' lang='grc' dir='ltr'>νύκτας</span> <span class='ocrx_word' id='word_1_350' title='bbox 2968 1777 3223 1841; x_wconf 77' lang='grc' dir='ltr'>ἐλάττους</span> <span class='ocrx_word' id='word_1_351' title='bbox 3244 1780 3390 1832; x_wconf 78' lang='grc' dir='ltr'>ποιεῖ</span> <span class='ocrx_word' id='word_1_352' title='bbox 3414 1778 3458 1808; x_wconf 83' lang='grc'>¹⁸</span> <span class='ocrx_word' id='word_1_353' title='bbox 3478 1794 3491 1806; x_wconf 92' lang='grc'><strong>·</strong></span> <span class='ocrx_word' id='word_1_354' title='bbox 3523 1775 3624 1829; x_wconf 72' lang='grc' dir='ltr'><strong>ἀπὸ</strong></span> <span class='ocrx_word' id='word_1_355' title='bbox 3643 1775 3692 1829; x_wconf 65' lang='grc' dir='ltr'><strong>δὲ</strong></span> 
     </span>
    </p>
   </div>
   <div class='ocr_carea' id='block_1_49' title="bbox 2129 1867 3692 1941">
    <p class='ocr_par' dir='ltr' id='par_1_49' title="bbox 2129 1867 3692 1941">
     <span class='ocr_line' id='line_1_49' title="bbox 2129 1867 3692 1941; baseline -0.003 -19"><span class='ocrx_word' id='word_1_356' title='bbox 2129 1869 2227 1940; x_wconf 81' lang='grc' dir='ltr'>τῆς</span> <span class='ocrx_word' id='word_1_357' title='bbox 2253 1870 2310 1922; x_wconf 83' lang='grc' dir='ltr'>ὲν</span> <span class='ocrx_word' id='word_1_358' title='bbox 2340 1868 2546 1939; x_wconf 85' lang='grc' dir='ltr'>Χηλαῖς</span> <span class='ocrx_word' id='word_1_359' title='bbox 2583 1868 2873 1940; x_wconf 81' lang='grc' dir='ltr'>ἰσημερίας</span> <span class='ocrx_word' id='word_1_360' title='bbox 2901 1867 2993 1920; x_wconf 71' lang='grc' dir='ltr'><strong>ἐπὶ</strong></span> <span class='ocrx_word' id='word_1_361' title='bbox 3030 1867 3119 1920; x_wconf 79' lang='grc' dir='ltr'><strong>τὸν</strong></span> <span class='ocrx_word' id='word_1_362' title='bbox 3145 1867 3500 1941; x_wconf 77' lang='grc' dir='ltr'>Αἰγοκὲρωτα</span> <span class='ocrx_word' id='word_1_363' title='bbox 3537 1881 3692 1919; x_wconf 83' lang='grc' dir='ltr'>κατα-</span> 
     </span>
    </p>
   </div>
   <div class='ocr_carea' id='block_1_50' title="bbox 2131 1956 3691 2032">
    <p class='ocr_par' dir='ltr' id='par_1_50' title="bbox 2131 1956 3691 2032">
     <span class='ocr_line' id='line_1_50' title="bbox 2131 1956 3691 2032; baseline -0.003 -19"><span class='ocrx_word' id='word_1_364' title='bbox 2131 1960 2348 2027; x_wconf 77' lang='grc' dir='ltr'>ϐαίνων,</span> <span class='ocrx_word' id='word_1_365' title='bbox 2382 1961 2513 2032; x_wconf 83' lang='grc' dir='ltr'>παρ’</span> <span class='ocrx_word' id='word_1_366' title='bbox 2555 1961 2687 2031; x_wconf 82' lang='grc' dir='ltr'>ἡμῖν</span> <span class='ocrx_word' id='word_1_367' title='bbox 2744 1959 2842 2030; x_wconf 79' lang='grc' dir='ltr'><strong>μὲν</strong></span> <span class='ocrx_word' id='word_1_368' title='bbox 2883 1961 3025 2031; x_wconf 86' lang='grc' dir='ltr'>μειοῖ</span> <span class='ocrx_word' id='word_1_369' title='bbox 3061 1960 3159 2023; x_wconf 81' lang='grc' dir='ltr'><strong>τὰς</strong></span> <span class='ocrx_word' id='word_1_370' title='bbox 3187 1959 3437 2030; x_wconf 82' lang='grc' dir='ltr'>ἡμέρας,</span> <span class='ocrx_word' id='word_1_371' title='bbox 3472 1958 3564 2011; x_wconf 73' lang='grc' dir='ltr'><strong>καὶ</strong></span> <span class='ocrx_word' id='word_1_372' title='bbox 3607 1956 3691 2019; x_wconf 75' lang='grc' dir='ltr'>τὰς</span> 
     </span>
    </p>
   </div>
   <div class='ocr_carea' id='block_1_51' title="bbox 2130 2051 3694 2125">
    <p class='ocr_par' dir='ltr' id='par_1_51' title="bbox 2130 2051 3694 2125">
     <span class='ocr_line' id='line_1_51' title="bbox 2130 2051 3694 2125; baseline -0.006 -15"><span class='ocrx_word' id='word_1_373' title='bbox 2130 2054 2330 2118; x_wconf 80' lang='grc' dir='ltr'>νύκτας</span> <span class='ocrx_word' id='word_1_374' title='bbox 2356 2053 2530 2121; x_wconf 78' lang='grc' dir='ltr'>αὔξει,</span> <span class='ocrx_word' id='word_1_375' title='bbox 2551 2053 2798 2125; x_wconf 81' lang='grc' dir='ltr'>χειμῶνα</span> <span class='ocrx_word' id='word_1_376' title='bbox 2823 2052 3268 2125; x_wconf 78' lang='grc' dir='ltr'>ἀπεργαζόμενος</span> <span class='ocrx_word' id='word_1_377' title='bbox 3286 2070 3300 2087; x_wconf 62' lang='grc' dir='ltr'><strong>ν</strong></span> <span class='ocrx_word' id='word_1_378' title='bbox 3330 2052 3461 2124; x_wconf 76' lang='grc' dir='ltr'>παρ’</span> <span class='ocrx_word' id='word_1_379' title='bbox 3483 2051 3694 2113; x_wconf 78' lang='grc' dir='ltr'>ἐκείνοις</span> 
     </span>
    </p>
   </div>
   <div class='ocr_carea' id='block_1_52' title="bbox 2128 2141 3692 2217">
    <p class='ocr_par' dir='ltr' id='par_1_52' title="bbox 2128 2141 3692 2217">
     <span class='ocr_line' id='line_1_52' title="bbox 2128 2141 3692 2217; baseline -0.004 -17"><span class='ocrx_word' id='word_1_380' title='bbox 2128 2146 2186 2201; x_wconf 83' lang='grc' dir='ltr'><strong>δὲ</strong></span> <span class='ocrx_word' id='word_1_381' title='bbox 2213 2145 2366 2213; x_wconf 74' lang='grc' dir='ltr'>αὔξει</span> <span class='ocrx_word' id='word_1_382' title='bbox 2403 2145 2502 2216; x_wconf 80' lang='grc' dir='ltr'>τὴν</span> <span class='ocrx_word' id='word_1_383' title='bbox 2542 2146 2781 2217; x_wconf 80' lang='grc' dir='ltr'>ἡμέραν,</span> <span class='ocrx_word' id='word_1_384' title='bbox 2818 2145 2911 2198; x_wconf 78' lang='grc' dir='ltr'><strong>καί</strong></span> <span class='ocrx_word' id='word_1_385' title='bbox 2957 2142 3054 2215; x_wconf 84' lang='grc' dir='ltr'>τὴν</span> <span class='ocrx_word' id='word_1_386' title='bbox 3086 2144 3257 2198; x_wconf 79' lang='grc' dir='ltr'>νύκτα</span> <span class='ocrx_word' id='word_1_387' title='bbox 3298 2144 3523 2215; x_wconf 65' lang='lat' dir='ltr'><strong>petet&quot;,</strong></span> <span class='ocrx_word' id='word_1_388' title='bbox 3554 2141 3692 2212; x_wconf 79' lang='grc' dir='ltr'>θέρος</span> 
     </span>
    </p>
   </div>
   <div class='ocr_carea' id='block_1_53' title="bbox 2131 2233 3690 2307">
    <p class='ocr_par' dir='ltr' id='par_1_53' title="bbox 2131 2233 3690 2307">
     <span class='ocr_line' id='line_1_53' title="bbox 2131 2233 3690 2307; baseline -0.004 -15"><span class='ocrx_word' id='word_1_389' title='bbox 2131 2237 2320 2294; x_wconf 85' lang='grc' dir='ltr'>ποιῶν.</span> <span class='ocrx_word' id='word_1_390' title='bbox 2353 2238 2600 2293; x_wconf 85' lang='grc' dir='ltr'>Καθόλου</span> <span class='ocrx_word' id='word_1_391' title='bbox 2650 2237 2707 2290; x_wconf 81' lang='grc' dir='ltr'><strong>δὲ</strong></span> <span class='ocrx_word' id='word_1_392' title='bbox 2742 2239 2951 2303; x_wconf 87' lang='grc' dir='ltr'>εἰπεῖν,</span> <span class='ocrx_word' id='word_1_393' title='bbox 2982 2237 3010 2290; x_wconf 82' lang='grc' dir='ltr'><strong>ὃ</strong></span> <span class='ocrx_word' id='word_1_394' title='bbox 3046 2237 3180 2307; x_wconf 84' lang='grc' dir='ltr'>ἡμῖν</span> <span class='ocrx_word' id='word_1_395' title='bbox 3221 2239 3367 2289; x_wconf 82' lang='grc' dir='ltr'>ποιεῖ</span> <span class='ocrx_word' id='word_1_396' title='bbox 3417 2233 3690 2305; x_wconf 82' lang='grc' dir='ltr'>Καρκίνος,</span> 
     </span>
    </p>
   </div>
   <div class='ocr_carea' id='block_1_54' title="bbox 2130 2324 3690 2398">
    <p class='ocr_par' dir='ltr' id='par_1_54' title="bbox 2130 2324 3690 2398">
     <span class='ocr_line' id='line_1_54' title="bbox 2130 2324 3690 2398; baseline -0.004 -15"><span class='ocrx_word' id='word_1_397' title='bbox 2130 2328 2276 2383; x_wconf 79' lang='grc' dir='ltr'>τοῦτ’</span> <span class='ocrx_word' id='word_1_398' title='bbox 2327 2327 2554 2392; x_wconf 81' lang='grc' dir='ltr'>ἐκείνοις</span> <span class='ocrx_word' id='word_1_399' title='bbox 2594 2328 2937 2398; x_wconf 76' lang='grc' dir='ltr'>Αἰγόκερωςο</span> <span class='ocrx_word' id='word_1_400' title='bbox 3004 2326 3032 2379; x_wconf 86' lang='grc' dir='ltr'>ὃ</span> <span class='ocrx_word' id='word_1_401' title='bbox 3069 2327 3116 2379; x_wconf 81' lang='grc' dir='ltr'>δ’</span> <span class='ocrx_word' id='word_1_402' title='bbox 3162 2327 3293 2397; x_wconf 78' lang='grc' dir='ltr'>ἡμῖν</span> <span class='ocrx_word' id='word_1_403' title='bbox 3356 2324 3690 2394; x_wconf 78' lang='grc' dir='ltr'>Αἰγόκερως,</span> 
     </span>
    </p>
   </div>
   <div class='ocr_carea' id='block_1_55' title="bbox 2130 2415 3693 2490">
    <p class='ocr_par' dir='ltr' id='par_1_55' title="bbox 2130 2415 3693 2490">
     <span class='ocr_line' id='line_1_55' title="bbox 2130 2415 3693 2490; baseline -0.004 -17"><span class='ocrx_word' id='word_1_404' title='bbox 2130 2419 2273 2473; x_wconf 80' lang='grc' dir='ltr'>τοῦτ’</span> <span class='ocrx_word' id='word_1_405' title='bbox 2296 2420 2525 2483; x_wconf 80' lang='grc' dir='ltr'>ἐκείνοις</span> <span class='ocrx_word' id='word_1_406' title='bbox 2540 2418 2849 2490; x_wconf 77' lang='grc' dir='ltr'>Καρκίνος’</span> <span class='ocrx_word' id='word_1_407' title='bbox 2886 2418 2915 2471; x_wconf 84' lang='grc' dir='ltr'>ὃ</span> <span class='ocrx_word' id='word_1_408' title='bbox 2939 2417 2982 2470; x_wconf 84' lang='grc' dir='ltr'>δ’</span> <span class='ocrx_word' id='word_1_409' title='bbox 3011 2419 3145 2489; x_wconf 85' lang='grc' dir='ltr'>ἡμῖν</span> <span class='ocrx_word' id='word_1_410' title='bbox 3174 2417 3366 2489; x_wconf 71' lang='grc' dir='ltr'>Κριὸς,</span> <span class='ocrx_word' id='word_1_411' title='bbox 3397 2415 3539 2470; x_wconf 82' lang='grc' dir='ltr'>τοῦτ’</span> <span class='ocrx_word' id='word_1_412' title='bbox 3564 2415 3693 2468; x_wconf 76' lang='grc' dir='ltr'>ὲκεί-</span> 
     </span>
    </p>
   </div>
   <div class='ocr_carea' id='block_1_56' title="bbox 2132 2504 3693 2581">
    <p class='ocr_par' dir='ltr' id='par_1_56' title="bbox 2132 2504 3693 2581">
     <span class='ocr_line' id='line_1_56' title="bbox 2132 2504 3693 2581; baseline -0.006 -16"><span class='ocrx_word' id='word_1_413' title='bbox 2132 2527 2245 2574; x_wconf 87' lang='grc' dir='ltr'>νοις</span> <span class='ocrx_word' id='word_1_414' title='bbox 2278 2508 2458 2581; x_wconf 80' lang='grc' dir='ltr'>Χηλαί</span> <span class='ocrx_word' id='word_1_415' title='bbox 2478 2525 2492 2539; x_wconf 81' lang='grc'><em>’</em></span> <span class='ocrx_word' id='word_1_416' title='bbox 2529 2509 2625 2562; x_wconf 70' lang='grc' dir='ltr'><strong>καὶ</strong></span> <span class='ocrx_word' id='word_1_417' title='bbox 2648 2508 2710 2561; x_wconf 85' lang='grc' dir='ltr'><strong>τὸ</strong></span> <span class='ocrx_word' id='word_1_418' title='bbox 2749 2507 3038 2562; x_wconf 85' lang='grc' dir='ltr'>ἀνάπαλιν.</span> <span class='ocrx_word' id='word_1_419' title='bbox 3071 2508 3135 2561; x_wconf 86' lang='grc' dir='ltr'><strong>Οἱ</strong></span> <span class='ocrx_word' id='word_1_420' title='bbox 3183 2507 3241 2560; x_wconf 85' lang='grc' dir='ltr'>δὲ</span> <span class='ocrx_word' id='word_1_421' title='bbox 3268 2506 3579 2576; x_wconf 78' lang='grc' dir='ltr'>ἁντίχθονες</span> <span class='ocrx_word' id='word_1_422' title='bbox 3609 2504 3693 2566; x_wconf 74' lang='grc' dir='ltr'><strong>τὰς</strong></span> 
     </span>
    </p>
   </div>
   <div class='ocr_carea' id='block_1_57' title="bbox 2131 2596 3693 2672">
    <p class='ocr_par' dir='ltr' id='par_1_57' title="bbox 2131 2596 3693 2672">
     <span class='ocr_line' id='line_1_57' title="bbox 2131 2596 3693 2672; baseline -0.005 -18"><span class='ocrx_word' id='word_1_423' title='bbox 2131 2601 2335 2664; x_wconf 76' lang='grc' dir='ltr'>νύκτας</span> <span class='ocrx_word' id='word_1_424' title='bbox 2367 2599 2463 2653; x_wconf 77' lang='grc' dir='ltr'><strong>καὶ</strong></span> <span class='ocrx_word' id='word_1_425' title='bbox 2488 2599 2587 2663; x_wconf 88' lang='grc' dir='ltr'>τὰς</span> <span class='ocrx_word' id='word_1_426' title='bbox 2608 2599 2824 2672; x_wconf 81' lang='grc' dir='ltr'>ἡμέρας</span> <span class='ocrx_word' id='word_1_427' title='bbox 2858 2598 3324 2670; x_wconf 78' lang='grc' dir='ltr'>παρηλλαγμένας</span> <span class='ocrx_word' id='word_1_428' title='bbox 3353 2597 3554 2667; x_wconf 76' lang='grc' dir='ltr'>ἔχουσι.</span> <span class='ocrx_word' id='word_1_429' title='bbox 3586 2596 3693 2656; x_wconf 81' lang='grc' dir='ltr'>Τοῖς</span> 
     </span>
    </p>
   </div>
   <div class='ocr_carea' id='block_1_58' title="bbox 2131 2687 3696 2765">
    <p class='ocr_par' dir='ltr' id='par_1_58' title="bbox 2131 2687 3696 2765">
     <span class='ocr_line' id='line_1_58' title="bbox 2131 2687 3696 2765; baseline -0.004 -21"><span class='ocrx_word' id='word_1_430' title='bbox 2131 2692 2239 2765; x_wconf 79' lang='grc' dir='ltr'>γὰρ</span> <span class='ocrx_word' id='word_1_431' title='bbox 2266 2692 2408 2763; x_wconf 80' lang='grc' dir='ltr'>ὑπὲρ</span> <span class='ocrx_word' id='word_1_432' title='bbox 2434 2692 2541 2761; x_wconf 77' lang='grc' dir='ltr'>γῆς</span> <span class='ocrx_word' id='word_1_433' title='bbox 2573 2690 2882 2761; x_wconf 84' lang='grc' dir='ltr'>ἀντίχθοσιν</span> <span class='ocrx_word' id='word_1_434' title='bbox 2928 2689 3237 2744; x_wconf 83' lang='grc' dir='ltr'>ἀνατέλλων</span> <span class='ocrx_word' id='word_1_435' title='bbox 3263 2690 3292 2741; x_wconf 90' lang='lat'><strong>6</strong></span> <span class='ocrx_word' id='word_1_436' title='bbox 3325 2688 3476 2759; x_wconf 73' lang='grc' dir='ltr'>ἥλιος</span> <span class='ocrx_word' id='word_1_437' title='bbox 3504 2687 3696 2758; x_wconf 80' lang='grc' dir='ltr'>ἡμέραν</span> 
     </span>
    </p>
   </div>
   <div class='ocr_carea' id='block_1_59' title="bbox 2133 2778 3695 2853">
    <p class='ocr_par' dir='ltr' id='par_1_59' title="bbox 2133 2778 3695 2853">
     <span class='ocr_line' id='line_1_59' title="bbox 2133 2778 3695 2853; baseline -0.007 -15"><span class='ocrx_word' id='word_1_438' title='bbox 2133 2787 2297 2849; x_wconf 83' lang='grc' dir='ltr'>ποιεῖ,</span> <span class='ocrx_word' id='word_1_439' title='bbox 2329 2785 2441 2847; x_wconf 82' lang='grc' dir='ltr'>τοῖς</span> <span class='ocrx_word' id='word_1_440' title='bbox 2465 2782 2521 2836; x_wconf 82' lang='grc' dir='ltr'><strong>δὲ</strong></span> <span class='ocrx_word' id='word_1_441' title='bbox 2561 2781 2666 2836; x_wconf 80' lang='grc' dir='ltr'>ὑπὸ</span> <span class='ocrx_word' id='word_1_442' title='bbox 2700 2782 2805 2853; x_wconf 84' lang='grc' dir='ltr'><strong>γῆν</strong></span> <span class='ocrx_word' id='word_1_443' title='bbox 2836 2780 3026 2837; x_wconf 81' lang='grc' dir='ltr'>νύκτα.</span> <span class='ocrx_word' id='word_1_444' title='bbox 3059 2780 3171 2835; x_wconf 77' lang='grc' dir='ltr'><strong>Καὶ</strong></span> <span class='ocrx_word' id='word_1_445' title='bbox 3207 2779 3373 2833; x_wconf 77' lang='grc' dir='ltr'>πάλιν</span> <span class='ocrx_word' id='word_1_446' title='bbox 3416 2778 3545 2850; x_wconf 82' lang='grc' dir='ltr'>παρ’</span> <span class='ocrx_word' id='word_1_447' title='bbox 3578 2778 3695 2846; x_wconf 85' lang='grc' dir='ltr'>ἡμῖν</span> 
     </span>
    </p>
   </div>
   <div class='ocr_carea' id='block_1_60' title="bbox 2129 2867 3699 2945">
    <p class='ocr_par' dir='ltr' id='par_1_60' title="bbox 2129 2867 3699 2945">
     <span class='ocr_line' id='line_1_60' title="bbox 2129 2867 3699 2945; baseline -0.006 -17"><span class='ocrx_word' id='word_1_448' title='bbox 2129 2874 2302 2929; x_wconf 83' lang='grc' dir='ltr'>δύνων</span> <span class='ocrx_word' id='word_1_449' title='bbox 2331 2874 2360 2926; x_wconf 89' lang='grc' dir='ltr'>ὀ</span> <span class='ocrx_word' id='word_1_450' title='bbox 2383 2874 2533 2945; x_wconf 76' lang='grc' dir='ltr'>ἥλιος</span> <span class='ocrx_word' id='word_1_451' title='bbox 2570 2872 2946 2927; x_wconf 72' lang='grc' dir='ltr'>νύκταποιεῖο</span> <span class='ocrx_word' id='word_1_452' title='bbox 2979 2869 3128 2944; x_wconf 88' lang='grc' dir='ltr'><strong>παρά</strong></span> <span class='ocrx_word' id='word_1_453' title='bbox 3158 2869 3216 2924; x_wconf 83' lang='grc' dir='ltr'><strong>δὲ</strong></span> <span class='ocrx_word' id='word_1_454' title='bbox 3251 2872 3368 2934; x_wconf 85' lang='grc' dir='ltr'>τοῖς</span> <span class='ocrx_word' id='word_1_455' title='bbox 3400 2870 3551 2923; x_wconf 77' lang='grc' dir='ltr'>κάτω</span> <span class='ocrx_word' id='word_1_456' title='bbox 3584 2867 3699 2929; x_wconf 74' lang='grc' dir='ltr'>ἀνα-</span> 
     </span>
    </p>
   </div>
   <div class='ocr_carea' id='block_1_61' title="bbox 2130 2958 3698 3038">
    <p class='ocr_par' dir='ltr' id='par_1_61' title="bbox 2130 2958 3698 3038">
     <span class='ocr_line' id='line_1_61' title="bbox 2130 2958 3698 3038; baseline -0.005 -18"><span class='ocrx_word' id='word_1_457' title='bbox 2130 2967 2304 3020; x_wconf 71' lang='grc' dir='ltr'>τέλλει</span> <span class='ocrx_word' id='word_1_458' title='bbox 2344 2966 2556 3038; x_wconf 75' lang='grc' dir='ltr'>ἡμέραν</span> <span class='ocrx_word' id='word_1_459' title='bbox 2589 2964 2779 3019; x_wconf 84' lang='grc' dir='ltr'>ποιῶν.</span> <span class='ocrx_word' id='word_1_460' title='bbox 2816 2962 3036 3037; x_wconf 87' lang='grc' dir='ltr'>Τροπάς</span> <span class='ocrx_word' id='word_1_461' title='bbox 3065 2961 3247 3034; x_wconf 82' lang='grc' dir='ltr'>μέντοι</span> <span class='ocrx_word' id='word_1_462' title='bbox 3280 2962 3379 3015; x_wconf 70' lang='grc' dir='ltr'><strong>καὶ</strong></span> <span class='ocrx_word' id='word_1_463' title='bbox 3428 2958 3698 3031; x_wconf 83' lang='grc' dir='ltr'>ἰσημερίας</span> 
     </span>
    </p>
   </div>
   <div class='ocr_carea' id='block_1_62' title="bbox 453 3050 2029 3154">
    <p class='ocr_par' dir='ltr' id='par_1_62' title="bbox 453 3055 2027 3122">
     <span class='ocr_line' id='line_1_62' title="bbox 453 3055 2027 3122; baseline -0.003 -9"><span class='ocrx_word' id='word_1_464' title='bbox 453 3056 657 3113; x_wconf 88' lang='lat' dir='ltr'><strong>omnia.</strong></span> <span class='ocrx_word' id='word_1_465' title='bbox 698 3057 831 3113; x_wconf 81' lang='lat' dir='ltr'><strong>Nam</strong></span> <span class='ocrx_word' id='word_1_466' title='bbox 871 3067 926 3115; x_wconf 91' lang='lat' dir='ltr'><strong>et</strong></span> <span class='ocrx_word' id='word_1_467' title='bbox 962 3073 1088 3114; x_wconf 91' lang='lat' dir='ltr'><strong>cum</strong></span> <span class='ocrx_word' id='word_1_468' title='bbox 1130 3058 1249 3113; x_wconf 89' lang='lat' dir='ltr'><strong>dies</strong></span> <span class='ocrx_word' id='word_1_469' title='bbox 1284 3065 1370 3113; x_wconf 86' lang='lat' dir='ltr'><strong>est</strong></span> <span class='ocrx_word' id='word_1_470' title='bbox 1406 3057 1586 3122; x_wconf 91' lang='lat' dir='ltr'><strong>nobis,</strong></span> <span class='ocrx_word' id='word_1_471' title='bbox 1626 3071 1736 3110; x_wconf 83' lang='lat' dir='ltr'><strong>nox</strong></span> <span class='ocrx_word' id='word_1_472' title='bbox 1777 3055 1888 3111; x_wconf 90' lang='lat' dir='ltr'><strong>illis</strong></span> <span class='ocrx_word' id='word_1_473' title='bbox 1923 3063 2027 3122; x_wconf 89' lang='lat' dir='ltr'><strong>est;</strong></span> 
     </span>
    </p>
   </div>
   <div class='ocr_carea' id='block_1_63' title="bbox 2134 3050 3695 3154">
    <p class='ocr_par' dir='ltr' id='par_1_63' title="bbox 2134 3050 3695 3127">
     <span class='ocr_line' id='line_1_63' title="bbox 2134 3050 3695 3127; baseline -0.007 -15"><span class='ocrx_word' id='word_1_474' title='bbox 2134 3057 2230 3122; x_wconf 88' lang='grc' dir='ltr'><strong>τάς</strong></span> <span class='ocrx_word' id='word_1_475' title='bbox 2264 3057 2436 3120; x_wconf 75' lang='grc' dir='ltr'>αὑτὰς</span> <span class='ocrx_word' id='word_1_476' title='bbox 2459 3056 2673 3127; x_wconf 80' lang='grc' dir='ltr'>ἔχουσιν</span> <span class='ocrx_word' id='word_1_477' title='bbox 2695 3057 2743 3109; x_wconf 91' lang='grc' dir='ltr'><strong>οἰ</strong></span> <span class='ocrx_word' id='word_1_478' title='bbox 2776 3055 2888 3109; x_wconf 83' lang='grc' dir='ltr'>ἄνω</span> <span class='ocrx_word' id='word_1_479' title='bbox 2921 3054 3119 3127; x_wconf 82' lang='grc' dir='ltr'>βόρειοι</span> <span class='ocrx_word' id='word_1_480' title='bbox 3142 3055 3256 3117; x_wconf 89' lang='grc' dir='ltr'>τοῖς</span> <span class='ocrx_word' id='word_1_481' title='bbox 3275 3050 3428 3106; x_wconf 81' lang='grc' dir='ltr'>κάτω</span> <span class='ocrx_word' id='word_1_482' title='bbox 3452 3050 3695 3122; x_wconf 87' lang='grc' dir='ltr'>βορείοις·</span> 
     </span>
    </p>
   </div>
   <div class='ocr_carea' id='block_1_64' title="bbox 454 3143 2029 3227">
    <p class='ocr_par' dir='ltr' id='par_1_64' title="bbox 454 3149 2029 3227">
     <span class='ocr_line' id='line_1_64' title="bbox 454 3149 2029 3227; baseline -0.006 -14"><span class='ocrx_word' id='word_1_483' title='bbox 454 3164 509 3213; x_wconf 88' lang='lat' dir='ltr'><strong>et</strong></span> <span class='ocrx_word' id='word_1_484' title='bbox 556 3170 681 3210; x_wconf 89' lang='lat' dir='ltr'><strong>cum</strong></span> <span class='ocrx_word' id='word_1_485' title='bbox 738 3156 883 3227; x_wconf 87' lang='lat' dir='ltr'><strong>apud</strong></span> <span class='ocrx_word' id='word_1_486' title='bbox 922 3155 1046 3211; x_wconf 91' lang='lat' dir='ltr'><strong>illos</strong></span> <span class='ocrx_word' id='word_1_487' title='bbox 1096 3162 1263 3211; x_wconf 69' lang='lat' dir='ltr'><strong>aestas</strong></span> <span class='ocrx_word' id='word_1_488' title='bbox 1302 3162 1408 3215; x_wconf 88' lang='lat' dir='ltr'><strong>est.</strong></span> <span class='ocrx_word' id='word_1_489' title='bbox 1474 3153 1530 3207; x_wconf 88' lang='lat' dir='ltr'><strong>in</strong></span> <span class='ocrx_word' id='word_1_490' title='bbox 1563 3151 1698 3206; x_wconf 88' lang='lat' dir='ltr'><strong>orbe</strong></span> <span class='ocrx_word' id='word_1_491' title='bbox 1732 3158 1924 3209; x_wconf 87' lang='lat' dir='ltr'><strong>nostro</strong></span> <span class='ocrx_word' id='word_1_492' title='bbox 1971 3149 2029 3203; x_wconf 85' lang='lat' dir='ltr'><strong>ﬁt</strong></span> 
     </span>
    </p>
   </div>
   <div class='ocr_carea' id='block_1_65' title="bbox 2134 3143 3699 3227">
    <p class='ocr_par' dir='ltr' id='par_1_65' title="bbox 2139 3143 3699 3219">
     <span class='ocr_line' id='line_1_65' title="bbox 2139 3143 3699 3219; baseline -0.008 -15"><span class='ocrx_word' id='word_1_493' title='bbox 2139 3149 2416 3204; x_wconf 82' lang='grc' dir='ltr'>τουτέστιν</span> <span class='ocrx_word' id='word_1_494' title='bbox 2446 3150 2494 3202; x_wconf 86' lang='grc' dir='ltr'><strong>οἰ</strong></span> <span class='ocrx_word' id='word_1_495' title='bbox 2525 3147 2856 3219; x_wconf 86' lang='grc' dir='ltr'>ἁντίχθονες.</span> <span class='ocrx_word' id='word_1_496' title='bbox 2877 3147 2941 3200; x_wconf 84' lang='grc' dir='ltr'>Οἰ</span> <span class='ocrx_word' id='word_1_497' title='bbox 2967 3146 3023 3201; x_wconf 79' lang='grc' dir='ltr'><strong>δὲ</strong></span> <span class='ocrx_word' id='word_1_498' title='bbox 3053 3145 3338 3208; x_wconf 85' lang='grc' dir='ltr'>ἀντίποδες</span> <span class='ocrx_word' id='word_1_499' title='bbox 3368 3144 3545 3197; x_wconf 84' lang='grc' dir='ltr'>πάντα</span> <span class='ocrx_word' id='word_1_500' title='bbox 3564 3143 3699 3194; x_wconf 79' lang='grc' dir='ltr'>ἐναν-</span> 
     </span>
    </p>
   </div>
   <div class='ocr_carea' id='block_1_66' title="bbox 455 3232 2029 3311">
    <p class='ocr_par' dir='ltr' id='par_1_66' title="bbox 455 3241 2029 3305">
     <span class='ocr_line' id='line_1_66' title="bbox 455 3241 2029 3305; baseline -0.004 -4"><span class='ocrx_word' id='word_1_501' title='bbox 455 3247 655 3303; x_wconf 89' lang='lat' dir='ltr'><strong>hiems.</strong></span> <span class='ocrx_word' id='word_1_502' title='bbox 682 3246 767 3302; x_wconf 87' lang='lat' dir='ltr'><strong>Ad</strong></span> <span class='ocrx_word' id='word_1_503' title='bbox 801 3262 1073 3305; x_wconf 89' lang='lat' dir='ltr'><strong>summam</strong></span> <span class='ocrx_word' id='word_1_504' title='bbox 1098 3260 1225 3301; x_wconf 90' lang='lat' dir='ltr'><strong>cum</strong></span> <span class='ocrx_word' id='word_1_505' title='bbox 1263 3243 1524 3300; x_wconf 86' lang='lat' dir='ltr'><strong>australis</strong></span> <span class='ocrx_word' id='word_1_506' title='bbox 1550 3257 1702 3297; x_wconf 65' lang='lat' dir='ltr'><strong>zona:</strong></span> <span class='ocrx_word' id='word_1_507' title='bbox 1742 3241 2029 3297; x_wconf 68' lang='lat' dir='ltr'><strong>contrariae</strong></span> 
     </span>
    </p>
   </div>
   <div class='ocr_carea' id='block_1_67' title="bbox 2134 3232 3698 3311">
    <p class='ocr_par' dir='ltr' id='par_1_67' title="bbox 2138 3232 3698 3311">
     <span class='ocr_line' id='line_1_67' title="bbox 2138 3232 3698 3311; baseline -0.006 -16"><span class='ocrx_word' id='word_1_508' title='bbox 2138 3242 2230 3295; x_wconf 84' lang='grc' dir='ltr'><strong>τία</strong></span> <span class='ocrx_word' id='word_1_509' title='bbox 2269 3241 2364 3295; x_wconf 70' lang='grc' dir='ltr'><strong>καὶ</strong></span> <span class='ocrx_word' id='word_1_510' title='bbox 2400 3239 2684 3311; x_wconf 87' lang='grc' dir='ltr'>μαχόμενα</span> <span class='ocrx_word' id='word_1_511' title='bbox 2723 3239 2971 3311; x_wconf 78' lang='grc' dir='ltr'>ἔχουσιν·</span> <span class='ocrx_word' id='word_1_512' title='bbox 3007 3238 3095 3291; x_wconf 80' lang='grc' dir='ltr'>ὅτε</span> <span class='ocrx_word' id='word_1_513' title='bbox 3133 3236 3232 3309; x_wconf 83' lang='grc' dir='ltr'>μὲν</span> <span class='ocrx_word' id='word_1_514' title='bbox 3261 3236 3372 3308; x_wconf 87' lang='grc' dir='ltr'><strong>γὰρ</strong></span> <span class='ocrx_word' id='word_1_515' title='bbox 3408 3234 3544 3307; x_wconf 83' lang='grc' dir='ltr'>πρὸς</span> <span class='ocrx_word' id='word_1_516' title='bbox 3569 3232 3698 3303; x_wconf 74' lang='grc' dir='ltr'>ἡμᾶς</span> 
     </span>
    </p>
   </div>
   <div class='ocr_carea' id='block_1_68' title="bbox 456 3322 2029 3404">
    <p class='ocr_par' dir='ltr' id='par_1_68' title="bbox 456 3333 2029 3404">
     <span class='ocr_line' id='line_1_68' title="bbox 456 3333 2029 3404; baseline -0.004 -10"><span class='ocrx_word' id='word_1_517' title='bbox 456 3339 655 3402; x_wconf 76' lang='lat' dir='ltr'><strong>incolis</strong></span> <span class='ocrx_word' id='word_1_518' title='bbox 693 3340 868 3396; x_wconf 88' lang='lat' dir='ltr'><strong>hiems</strong></span> <span class='ocrx_word' id='word_1_519' title='bbox 907 3346 1003 3395; x_wconf 90' lang='lat' dir='ltr'><strong>aut</strong></span> <span class='ocrx_word' id='word_1_520' title='bbox 1034 3338 1153 3394; x_wconf 89' lang='lat' dir='ltr'><strong>dies</strong></span> <span class='ocrx_word' id='word_1_521' title='bbox 1193 3336 1417 3402; x_wconf 87' lang='lat' dir='ltr'><strong>accidit,</strong></span> <span class='ocrx_word' id='word_1_522' title='bbox 1453 3343 1587 3390; x_wconf 85' lang='lat' dir='ltr'><strong>tunc</strong></span> <span class='ocrx_word' id='word_1_523' title='bbox 1614 3335 1683 3390; x_wconf 91' lang='lat' dir='ltr'><strong>iis</strong></span> <span class='ocrx_word' id='word_1_524' title='bbox 1706 3333 1797 3404; x_wconf 91' lang='lat' dir='ltr'><strong>qui</strong></span> <span class='ocrx_word' id='word_1_525' title='bbox 1838 3333 2029 3389; x_wconf 61' lang='lat' dir='ltr'><strong>borea.</strong></span> 
     </span>
    </p>
   </div>
   <div class='ocr_carea' id='block_1_69' title="bbox 2134 3322 3700 3404">
    <p class='ocr_par' dir='ltr' id='par_1_69' title="bbox 2135 3322 3700 3402">
     <span class='ocr_line' id='line_1_69' title="bbox 2135 3322 3700 3402; baseline -0.009 -16"><span class='ocrx_word' id='word_1_526' title='bbox 2135 3332 2233 3398; x_wconf 82' lang='grc' dir='ltr'>νύξ</span> <span class='ocrx_word' id='word_1_527' title='bbox 2253 3333 2392 3397; x_wconf 80' lang='grc' dir='ltr'>ἐστι,</span> <span class='ocrx_word' id='word_1_528' title='bbox 2424 3331 2555 3402; x_wconf 84' lang='grc' dir='ltr'>παρ’</span> <span class='ocrx_word' id='word_1_529' title='bbox 2579 3329 2809 3393; x_wconf 81' lang='grc' dir='ltr'>ἐκείνοις</span> <span class='ocrx_word' id='word_1_530' title='bbox 2838 3328 3020 3401; x_wconf 82' lang='grc' dir='ltr'>ἡμέρα</span> <span class='ocrx_word' id='word_1_531' title='bbox 3041 3344 3058 3359; x_wconf 79' lang='grc'><em>’</em></span> <span class='ocrx_word' id='word_1_532' title='bbox 3094 3331 3190 3381; x_wconf 74' lang='grc' dir='ltr'><strong>καὶ</strong></span> <span class='ocrx_word' id='word_1_533' title='bbox 3219 3327 3310 3380; x_wconf 80' lang='grc' dir='ltr'>ὅτε</span> <span class='ocrx_word' id='word_1_534' title='bbox 3337 3325 3470 3396; x_wconf 85' lang='grc' dir='ltr'>παρ’</span> <span class='ocrx_word' id='word_1_535' title='bbox 3493 3322 3700 3381; x_wconf 78' lang='grc' dir='ltr'>ἐκείνοις</span> 
     </span>
    </p>
   </div>
   <div class='ocr_carea' id='block_1_70' title="bbox 455 3412 2029 3500">
    <p class='ocr_par' dir='ltr' id='par_1_70' title="bbox 455 3426 2029 3500">
     <span class='ocr_line' id='line_1_70' title="bbox 455 3426 2029 3500; baseline -0.003 -15"><span class='ocrx_word' id='word_1_536' title='bbox 455 3433 563 3488; x_wconf 89' lang='lat' dir='ltr'><strong>lem</strong></span> <span class='ocrx_word' id='word_1_537' title='bbox 618 3431 893 3495; x_wconf 85' lang='lat' dir='ltr'><strong>incolunt,</strong></span> <span class='ocrx_word' id='word_1_538' title='bbox 930 3440 1096 3491; x_wconf 66' lang='lat' dir='ltr'><strong>aestas</strong></span> <span class='ocrx_word' id='word_1_539' title='bbox 1147 3439 1203 3487; x_wconf 93' lang='lat' dir='ltr'><strong>et</strong></span> <span class='ocrx_word' id='word_1_540' title='bbox 1254 3445 1367 3485; x_wconf 78' lang='lat' dir='ltr'><strong>nox</strong></span> <span class='ocrx_word' id='word_1_541' title='bbox 1404 3427 1758 3500; x_wconf 60' lang='lat' dir='ltr'><strong>supervenit-</strong></span> <span class='ocrx_word' id='word_1_542' title='bbox 1800 3426 1881 3481; x_wconf 82' lang='lat' dir='ltr'><strong>Ita</strong></span> <span class='ocrx_word' id='word_1_543' title='bbox 1918 3434 2029 3481; x_wconf 91' lang='lat' dir='ltr'><strong>tam</strong></span> 
     </span>
    </p>
   </div>
   <div class='ocr_carea' id='block_1_71' title="bbox 2134 3412 3697 3500">
    <p class='ocr_par' dir='ltr' id='par_1_71' title="bbox 2137 3412 3697 3498">
     <span class='ocr_line' id='line_1_71' title="bbox 2137 3412 3697 3498; baseline -0.009 -18"><span class='ocrx_word' id='word_1_544' title='bbox 2137 3426 2316 3498; x_wconf 84' lang='grc' dir='ltr'>θέρος,</span> <span class='ocrx_word' id='word_1_545' title='bbox 2347 3426 2405 3477; x_wconf 81' lang='grc' dir='ltr'><strong>ὲν</strong></span> <span class='ocrx_word' id='word_1_546' title='bbox 2430 3426 2497 3496; x_wconf 84' lang='grc' dir='ltr'>τῇ</span> <span class='ocrx_word' id='word_1_547' title='bbox 2534 3423 2656 3478; x_wconf 75' lang='grc' dir='ltr'>καθ’</span> <span class='ocrx_word' id='word_1_548' title='bbox 2686 3424 2833 3495; x_wconf 79' lang='grc' dir='ltr'>ἡμᾶς</span> <span class='ocrx_word' id='word_1_549' title='bbox 2861 3419 3157 3494; x_wconf 80' lang='grc' dir='ltr'>οἰκουμένῃ</span> <span class='ocrx_word' id='word_1_550' title='bbox 3186 3418 3417 3492; x_wconf 84' lang='grc' dir='ltr'>χειμών.</span> <span class='ocrx_word' id='word_1_551' title='bbox 3437 3417 3546 3472; x_wconf 74' lang='grc' dir='ltr'><strong>Καὶ</strong></span> <span class='ocrx_word' id='word_1_552' title='bbox 3578 3412 3697 3468; x_wconf 86' lang='grc' dir='ltr'>καθ-</span> 
     </span>
    </p>
   </div>
   <div class='ocr_carea' id='block_1_72' title="bbox 453 3518 2031 3594">
    <p class='ocr_par' dir='ltr' id='par_1_72' title="bbox 453 3518 2031 3594">
     <span class='ocr_line' id='line_1_72' title="bbox 453 3518 2031 3594; baseline -0.001 -17"><span class='ocrx_word' id='word_1_553' title='bbox 453 3530 648 3578; x_wconf 88' lang='lat' dir='ltr'><strong>noctes</strong></span> <span class='ocrx_word' id='word_1_554' title='bbox 684 3531 739 3578; x_wconf 89' lang='lat' dir='ltr'><strong>et</strong></span> <span class='ocrx_word' id='word_1_555' title='bbox 775 3524 932 3590; x_wconf 88' lang='lat' dir='ltr'><strong>dies,</strong></span> <span class='ocrx_word' id='word_1_556' title='bbox 973 3537 1138 3594; x_wconf 90' lang='lat' dir='ltr'><strong>quam</strong></span> <span class='ocrx_word' id='word_1_557' title='bbox 1186 3522 1453 3589; x_wconf 90' lang='lat' dir='ltr'><strong>solstitia,</strong></span> <span class='ocrx_word' id='word_1_558' title='bbox 1492 3519 1828 3590; x_wconf 67' lang='lat' dir='ltr'><strong>aequinoctia</strong></span> <span class='ocrx_word' id='word_1_559' title='bbox 1872 3518 2031 3575; x_wconf 87' lang='lat' dir='ltr'><strong>babi-</strong></span> 
     </span>
    </p>
   </div>
   <div class='ocr_carea' id='block_1_73' title="bbox 454 3614 1730 3686">
    <p class='ocr_par' dir='ltr' id='par_1_73' title="bbox 454 3614 1730 3686">
     <span class='ocr_line' id='line_1_73' title="bbox 454 3614 1730 3686; baseline 0 -18"><span class='ocrx_word' id='word_1_560' title='bbox 454 3616 802 3686; x_wconf 87' lang='lat' dir='ltr'><strong>tationesque</strong></span> <span class='ocrx_word' id='word_1_561' title='bbox 837 3630 871 3672; x_wconf 91' lang='lat' dir='ltr'><strong>e</strong></span> <span class='ocrx_word' id='word_1_562' title='bbox 905 3615 1181 3671; x_wconf 87' lang='lat' dir='ltr'><strong>contrario</strong></span> <span class='ocrx_word' id='word_1_563' title='bbox 1218 3615 1419 3671; x_wconf 88' lang='lat' dir='ltr'><strong>antoeci</strong></span> <span class='ocrx_word' id='word_1_564' title='bbox 1457 3614 1730 3671; x_wconf 90' lang='lat' dir='ltr'><strong>obtinent.</strong></span> 
     </span>
    </p>
   </div>
   <div class='ocr_carea' id='block_1_74' title="bbox 2132 3507 3693 3587">
    <p class='ocr_par' dir='ltr' id='par_1_74' title="bbox 2132 3507 3693 3587">
     <span class='ocr_line' id='line_1_74' title="bbox 2132 3507 3693 3587; baseline -0.008 -15"><span class='ocrx_word' id='word_1_565' title='bbox 2132 3518 2254 3572; x_wconf 83' lang='grc' dir='ltr'>ὁλου</span> <span class='ocrx_word' id='word_1_566' title='bbox 2286 3520 2375 3571; x_wconf 83' lang='grc' dir='ltr'>ὅτε</span> <span class='ocrx_word' id='word_1_567' title='bbox 2419 3517 2477 3569; x_wconf 80' lang='grc' dir='ltr'>ὲν</span> <span class='ocrx_word' id='word_1_568' title='bbox 2501 3518 2615 3580; x_wconf 88' lang='grc' dir='ltr'>τοῖς</span> <span class='ocrx_word' id='word_1_569' title='bbox 2638 3516 2796 3587; x_wconf 82' lang='grc' dir='ltr'>νοτίῳ</span> <span class='ocrx_word' id='word_1_570' title='bbox 2833 3513 2978 3586; x_wconf 80' lang='grc' dir='ltr'><strong>ζώνῃ</strong></span> <span class='ocrx_word' id='word_1_571' title='bbox 3004 3511 3315 3568; x_wconf 85' lang='grc' dir='ltr'>ἁντοικοῦσι</span> <span class='ocrx_word' id='word_1_572' title='bbox 3353 3507 3558 3582; x_wconf 82' lang='grc' dir='ltr'>χειμών</span> <span class='ocrx_word' id='word_1_573' title='bbox 3579 3507 3693 3559; x_wconf 67' lang='grc' dir='ltr'>ἐστι</span> 
     </span>
    </p>
   </div>
   <div class='ocr_carea' id='block_1_75' title="bbox 2136 3599 3699 3683">
    <p class='ocr_par' dir='ltr' id='par_1_75' title="bbox 2136 3599 3699 3683">
     <span class='ocr_line' id='line_1_75' title="bbox 2136 3599 3699 3683; baseline -0.005 -17"><span class='ocrx_word' id='word_1_574' title='bbox 2136 3613 2231 3666; x_wconf 79' lang='grc' dir='ltr'><strong>καί</strong></span> <span class='ocrx_word' id='word_1_575' title='bbox 2279 3610 2494 3683; x_wconf 78' lang='grc' dir='ltr'>ἡμέρα,</span> <span class='ocrx_word' id='word_1_576' title='bbox 2546 3610 2669 3663; x_wconf 77' lang='grc' dir='ltr'>τότε</span> <span class='ocrx_word' id='word_1_577' title='bbox 2701 3611 2816 3673; x_wconf 87' lang='grc' dir='ltr'>τοῖς</span> <span class='ocrx_word' id='word_1_578' title='bbox 2860 3609 2920 3661; x_wconf 83' lang='grc' dir='ltr'>ὲν</span> <span class='ocrx_word' id='word_1_579' title='bbox 2964 3609 3032 3679; x_wconf 84' lang='grc' dir='ltr'>τῇ</span> <span class='ocrx_word' id='word_1_580' title='bbox 3076 3606 3270 3679; x_wconf 81' lang='grc' dir='ltr'>βορείῳ</span> <span class='ocrx_word' id='word_1_581' title='bbox 3308 3603 3517 3658; x_wconf 83' lang='grc' dir='ltr'>οἰκοῦσι</span> <span class='ocrx_word' id='word_1_582' title='bbox 3560 3599 3699 3670; x_wconf 76' lang='grc' dir='ltr'>θέρος</span> 
     </span>
    </p>
   </div>
   <div class='ocr_carea' id='block_1_76' title="bbox 454 3693 3697 3781">
    <p class='ocr_par' dir='ltr' id='par_1_76' title="bbox 454 3693 3697 3781">
     <span class='ocr_line' id='line_1_76' title="bbox 454 3693 3697 3781; baseline -0.003 -20"><span class='ocrx_word' id='word_1_583' title='bbox 454 3709 572 3762; x_wconf 72' lang='grc' dir='ltr'>ἐστὶ</span> <span class='ocrx_word' id='word_1_584' title='bbox 596 3709 692 3763; x_wconf 75' lang='grc' dir='ltr'>καὶ</span> <span class='ocrx_word' id='word_1_585' title='bbox 719 3707 837 3774; x_wconf 80' lang='grc' dir='ltr'>νύξ.</span> <span class='ocrx_word' id='word_1_586' title='bbox 869 3708 1033 3764; x_wconf 81' lang='grc' dir='ltr'>Ὥστε</span> <span class='ocrx_word' id='word_1_587' title='bbox 1069 3710 1163 3764; x_wconf 81' lang='grc' dir='ltr'><strong>καὶ</strong></span> <span class='ocrx_word' id='word_1_588' title='bbox 1208 3708 1411 3774; x_wconf 80' lang='grc' dir='ltr'>νύκτας</span> <span class='ocrx_word' id='word_1_589' title='bbox 1446 3709 1529 3776; x_wconf 86' lang='grc' dir='ltr'>δὲ,</span> <span class='ocrx_word' id='word_1_590' title='bbox 1568 3707 1664 3763; x_wconf 78' lang='grc' dir='ltr'><strong>καὶ</strong></span> <span class='ocrx_word' id='word_1_591' title='bbox 1710 3707 1944 3781; x_wconf 83' lang='grc' dir='ltr'>ἡμέρας,</span> <span class='ocrx_word' id='word_1_592' title='bbox 2004 3708 2097 3761; x_wconf 82' lang='grc' dir='ltr'><strong>καὶ</strong></span> <span class='ocrx_word' id='word_1_593' title='bbox 2142 3707 2382 3780; x_wconf 85' lang='grc' dir='ltr'>τροπὰς,</span> <span class='ocrx_word' id='word_1_594' title='bbox 2432 3707 2524 3760; x_wconf 79' lang='grc' dir='ltr'><strong>καὶ</strong></span> <span class='ocrx_word' id='word_1_595' title='bbox 2570 3704 2891 3778; x_wconf 83' lang='grc' dir='ltr'>ἰσημερίας,</span> <span class='ocrx_word' id='word_1_596' title='bbox 2936 3703 3032 3758; x_wconf 74' lang='grc' dir='ltr'><strong>καὶ</strong></span> <span class='ocrx_word' id='word_1_597' title='bbox 3086 3702 3328 3773; x_wconf 84' lang='grc' dir='ltr'>οἰκήσεις</span> <span class='ocrx_word' id='word_1_598' title='bbox 3378 3696 3616 3759; x_wconf 77' lang='grc' dir='ltr'>ἐναντίας</span> <span class='ocrx_word' id='word_1_599' title='bbox 3656 3693 3697 3744; x_wconf 88' lang='grc' dir='ltr'>οἱ</span> 
     </span>
    </p>
   </div>
   <div class='ocr_carea' id='block_1_77' title="bbox 457 3805 953 3876">
    <p class='ocr_par' dir='ltr' id='par_1_77' title="bbox 457 3805 953 3876">
     <span class='ocr_line' id='line_1_77' title="bbox 457 3805 953 3876; baseline 0.006 -18"><span class='ocrx_word' id='word_1_600' title='bbox 457 3805 696 3859; x_wconf 86' lang='grc' dir='ltr'>ἄντοικοι</span> <span class='ocrx_word' id='word_1_601' title='bbox 716 3805 953 3876; x_wconf 80' lang='grc' dir='ltr'>ἔχουσιν.</span> 
     </span>
    </p>
   </div>
   <div class='ocr_carea' id='block_1_78' title="bbox 455 3916 2033 3994">
    <p class='ocr_par' dir='ltr' id='par_1_78' title="bbox 455 3916 2033 3994">
     <span class='ocr_line' id='line_1_78' title="bbox 455 3916 2033 3994; baseline 0.001 -23"><span class='ocrx_word' id='word_1_602' title='bbox 455 3916 535 3972; x_wconf 85' lang='lat' dir='ltr'><strong>De</strong></span> <span class='ocrx_word' id='word_1_603' title='bbox 560 3917 870 3994; x_wconf 62' lang='lat' dir='ltr'><strong>umbrarum</strong></span> <span class='ocrx_word' id='word_1_604' title='bbox 903 3921 1223 3994; x_wconf 68' lang='lat' dir='ltr'><strong>differentia,</strong></span> <span class='ocrx_word' id='word_1_605' title='bbox 1259 3937 1379 3994; x_wconf 70' lang='lat' dir='ltr'><strong>qum</strong></span> <span class='ocrx_word' id='word_1_606' title='bbox 1414 3917 1911 3994; x_wconf 59' lang='lat' dir='ltr'><strong>inhabitationibux</strong></span> <span class='ocrx_word' id='word_1_607' title='bbox 1940 3936 2033 3973; x_wconf 76' lang='lat' dir='ltr'><strong>va-</strong></span> 
     </span>
    </p>
   </div>
   <div class='ocr_carea' id='block_1_79' title="bbox 581 3989 1907 4066">
    <p class='ocr_par' dir='ltr' id='par_1_79' title="bbox 581 3989 1907 4066">
     <span class='ocr_line' id='line_1_79' title="bbox 581 3989 1907 4066; baseline 0.001 -24"><span class='ocrx_word' id='word_1_608' title='bbox 581 3989 679 4044; x_wconf 78' lang='lat' dir='ltr'><strong>riis</strong></span> <span class='ocrx_word' id='word_1_609' title='bbox 718 3989 987 4061; x_wconf 59' lang='lat' dir='ltr'><strong>incidunt,</strong></span> <span class='ocrx_word' id='word_1_610' title='bbox 1008 4003 1058 4049; x_wconf 76' lang='lat' dir='ltr'><strong>et</strong></span> <span class='ocrx_word' id='word_1_611' title='bbox 1098 3989 1419 4066; x_wconf 73' lang='lat' dir='ltr'><strong>quibusnam</strong></span> <span class='ocrx_word' id='word_1_612' title='bbox 1447 3991 1640 4062; x_wconf 85' lang='lat' dir='ltr'><strong>degant</strong></span> <span class='ocrx_word' id='word_1_613' title='bbox 1667 3992 1726 4044; x_wconf 78' lang='lat' dir='ltr'><strong>in</strong></span> <span class='ocrx_word' id='word_1_614' title='bbox 1755 3990 1907 4044; x_wconf 75' lang='lat' dir='ltr'><strong>locis.</strong></span> 
     </span>
    </p>
   </div>
   <div class='ocr_carea' id='block_1_80' title="bbox 526 4103 2039 4176">
    <p class='ocr_par' dir='ltr' id='par_1_80' title="bbox 526 4103 2039 4176">
     <span class='ocr_line' id='line_1_80' title="bbox 526 4103 2039 4176; baseline -0.001 -16"><span class='ocrx_word' id='word_1_615' title='bbox 526 4105 618 4160; x_wconf 78' lang='lat'><strong>&#39;51.</strong></span> <span class='ocrx_word' id='word_1_616' title='bbox 658 4104 717 4161; x_wconf 92' lang='lat' dir='ltr'><strong>ln</strong></span> <span class='ocrx_word' id='word_1_617' title='bbox 754 4107 1151 4165; x_wconf 89' lang='lat' dir='ltr'><strong>habitationum</strong></span> <span class='ocrx_word' id='word_1_618' title='bbox 1183 4108 1504 4165; x_wconf 90' lang='lat' dir='ltr'><strong>discrimine</strong></span> <span class='ocrx_word' id='word_1_619' title='bbox 1530 4103 1752 4176; x_wconf 88' lang='lat' dir='ltr'><strong>quidam</strong></span> <span class='ocrx_word' id='word_1_620' title='bbox 1778 4103 2039 4166; x_wconf 86' lang='lat' dir='ltr'><strong>dicuntur</strong></span> 
     </span>
    </p>
   </div>
   <div class='ocr_carea' id='block_1_81' title="bbox 456 4195 2051 4272">
    <p class='ocr_par' dir='ltr' id='par_1_81' title="bbox 456 4195 2051 4272">
     <span class='ocr_line' id='line_1_81' title="bbox 456 4195 2051 4272; baseline -0.003 -17"><span class='ocrx_word' id='word_1_621' title='bbox 456 4196 618 4264; x_wconf 77' lang='lat' dir='ltr'><strong>ascii,</strong></span> <span class='ocrx_word' id='word_1_622' title='bbox 650 4197 743 4253; x_wconf 89' lang='lat' dir='ltr'><strong>alii</strong></span> <span class='ocrx_word' id='word_1_623' title='bbox 764 4198 1096 4272; x_wconf 83' lang='lat' dir='ltr'><strong>brachyscii,</strong></span> <span class='ocrx_word' id='word_1_624' title='bbox 1116 4200 1210 4255; x_wconf 90' lang='lat' dir='ltr'><strong>alii</strong></span> <span class='ocrx_word' id='word_1_625' title='bbox 1238 4197 1552 4261; x_wconf 87' lang='lat' dir='ltr'><strong>macroscii,</strong></span> <span class='ocrx_word' id='word_1_626' title='bbox 1579 4195 1802 4268; x_wconf 88' lang='lat' dir='ltr'><strong>quidam</strong></span> <span class='ocrx_word' id='word_1_627' title='bbox 1828 4195 2051 4251; x_wconf 65' lang='lat' dir='ltr'><strong>hetero~</strong></span> 
     </span>
    </p>
   </div>
   <div class='ocr_carea' id='block_1_82' title="bbox 456 4287 2033 4361">
    <p class='ocr_par' dir='ltr' id='par_1_82' title="bbox 456 4287 2033 4361">
     <span class='ocr_line' id='line_1_82' title="bbox 456 4287 2033 4361; baseline 0.001 -20"><span class='ocrx_word' id='word_1_628' title='bbox 456 4287 580 4353; x_wconf 78' lang='lat' dir='ltr'><strong>scii,</strong></span> <span class='ocrx_word' id='word_1_629' title='bbox 612 4289 706 4344; x_wconf 85' lang='lat' dir='ltr'><strong>alii</strong></span> <span class='ocrx_word' id='word_1_630' title='bbox 743 4292 983 4359; x_wconf 90' lang='lat' dir='ltr'><strong>antiscii,</strong></span> <span class='ocrx_word' id='word_1_631' title='bbox 1013 4292 1108 4347; x_wconf 88' lang='lat' dir='ltr'><strong>alii</strong></span> <span class='ocrx_word' id='word_1_632' title='bbox 1135 4289 1446 4361; x_wconf 87' lang='lat' dir='ltr'><strong>amphiscii.</strong></span> <span class='ocrx_word' id='word_1_633' title='bbox 1520 4287 1670 4347; x_wconf 77' lang='lat' dir='ltr'><strong>Ascii</strong></span> <span class='ocrx_word' id='word_1_634' title='bbox 1703 4297 1854 4355; x_wconf 90' lang='lat' dir='ltr'><strong>sunt,</strong></span> <span class='ocrx_word' id='word_1_635' title='bbox 1886 4304 2033 4359; x_wconf 79' lang='lat' dir='ltr'><strong>quo-.-</strong></span> 
     </span>
    </p>
   </div>
   <div class='ocr_carea' id='block_1_83' title="bbox 2140 3903 3696 3985">
    <p class='ocr_par' dir='ltr' id='par_1_83' title="bbox 2140 3903 3696 3985">
     <span class='ocr_line' id='line_1_83' title="bbox 2140 3903 3696 3985; baseline -0.008 -15"><span class='ocrx_word' id='word_1_636' title='bbox 2140 3913 2280 3985; x_wconf 81' lang='grc' dir='ltr'>Περί</span> <span class='ocrx_word' id='word_1_637' title='bbox 2316 3911 2605 3985; x_wconf 74' lang='grc' dir='ltr'>διαφορᾶς</span> <span class='ocrx_word' id='word_1_638' title='bbox 2640 3909 2759 3985; x_wconf 71' lang='grc' dir='ltr'>τῶν</span> <span class='ocrx_word' id='word_1_639' title='bbox 2785 3912 2856 3965; x_wconf 77' lang='grc' dir='ltr'>ἐν</span> <span class='ocrx_word' id='word_1_640' title='bbox 2884 3909 3015 3985; x_wconf 70' lang='grc' dir='ltr'>ταῖς</span> <span class='ocrx_word' id='word_1_641' title='bbox 3040 3906 3332 3985; x_wconf 62' lang='grc' dir='ltr'>οἰκήσεσι.</span> <span class='ocrx_word' id='word_1_642' title='bbox 3368 3906 3577 3971; x_wconf 77' lang='grc' dir='ltr'>σκιῶν,</span> <span class='ocrx_word' id='word_1_643' title='bbox 3611 3903 3696 3975; x_wconf 68' lang='grc' dir='ltr'><strong>καί</strong></span> 
     </span>
    </p>
   </div>
   <div class='ocr_carea' id='block_1_84' title="bbox 2447 3978 3411 4048">
    <p class='ocr_par' dir='ltr' id='par_1_84' title="bbox 2447 3978 3411 4048">
     <span class='ocr_line' id='line_1_84' title="bbox 2447 3978 3411 4048; baseline -0.007 -11"><span class='ocrx_word' id='word_1_644' title='bbox 2447 3978 2598 4037; x_wconf 73' lang='grc' dir='ltr'>κατὰ</span> <span class='ocrx_word' id='word_1_645' title='bbox 2624 3984 2834 4048; x_wconf 83' lang='grc' dir='ltr'>ποίους</span> <span class='ocrx_word' id='word_1_646' title='bbox 2859 3981 3083 4046; x_wconf 79' lang='grc' dir='ltr'>τόπους</span> <span class='ocrx_word' id='word_1_647' title='bbox 3115 3978 3411 4033; x_wconf 78' lang='grc' dir='ltr'>οἰκοῦσιν.</span> 
     </span>
    </p>
   </div>
   <div class='ocr_carea' id='block_1_85' title="bbox 2206 4089 3691 4164">
    <p class='ocr_par' dir='ltr' id='par_1_85' title="bbox 2206 4089 3691 4164">
     <span class='ocr_line' id='line_1_85' title="bbox 2206 4089 3691 4164; baseline -0.013 -9"><span class='ocrx_word' id='word_1_648' title='bbox 2206 4097 2308 4155; x_wconf 81' lang='grc' dir='ltr'>λα’.</span> <span class='ocrx_word' id='word_1_649' title='bbox 2342 4095 2465 4155; x_wconf 82' lang='grc' dir='ltr'><strong>Τῶν</strong></span> <span class='ocrx_word' id='word_1_650' title='bbox 2492 4094 2550 4149; x_wconf 84' lang='grc' dir='ltr'><strong>δὲ</strong></span> <span class='ocrx_word' id='word_1_651' title='bbox 2582 4095 2641 4148; x_wconf 85' lang='grc' dir='ltr'>ὲν</span> <span class='ocrx_word' id='word_1_652' title='bbox 2674 4095 2795 4158; x_wconf 88' lang='grc' dir='ltr'>ταῖς</span> <span class='ocrx_word' id='word_1_653' title='bbox 2822 4093 3102 4164; x_wconf 83' lang='grc' dir='ltr'>οἰκήσεσιν</span> <span class='ocrx_word' id='word_1_654' title='bbox 3127 4092 3177 4144; x_wconf 91' lang='grc' dir='ltr'><strong>οἰ</strong></span> <span class='ocrx_word' id='word_1_655' title='bbox 3207 4090 3306 4161; x_wconf 81' lang='grc' dir='ltr'>μέν</span> <span class='ocrx_word' id='word_1_656' title='bbox 3335 4091 3477 4143; x_wconf 88' lang='grc' dir='ltr'>εἰσιν</span> <span class='ocrx_word' id='word_1_657' title='bbox 3511 4089 3691 4146; x_wconf 78' lang='grc' dir='ltr'>ἅσκιοι,</span> 
     </span>
    </p>
   </div>
   <div class='ocr_carea' id='block_1_86' title="bbox 2138 4180 3692 4260">
    <p class='ocr_par' dir='ltr' id='par_1_86' title="bbox 2138 4180 3692 4260">
     <span class='ocr_line' id='line_1_86' title="bbox 2138 4180 3692 4260; baseline -0.011 -16"><span class='ocrx_word' id='word_1_658' title='bbox 2138 4191 2186 4244; x_wconf 85' lang='grc' dir='ltr'><strong>οἰ</strong></span> <span class='ocrx_word' id='word_1_659' title='bbox 2207 4189 2265 4243; x_wconf 85' lang='grc' dir='ltr'>δὲ</span> <span class='ocrx_word' id='word_1_660' title='bbox 2294 4187 2638 4260; x_wconf 83' lang='grc' dir='ltr'>βραχύσκιοι,</span> <span class='ocrx_word' id='word_1_661' title='bbox 2666 4187 2716 4239; x_wconf 88' lang='grc' dir='ltr'>οἱ</span> <span class='ocrx_word' id='word_1_662' title='bbox 2739 4185 2797 4239; x_wconf 80' lang='grc' dir='ltr'>δὲ</span> <span class='ocrx_word' id='word_1_663' title='bbox 2834 4183 3182 4256; x_wconf 88' lang='grc' dir='ltr'>μακρόσκιοι,</span> <span class='ocrx_word' id='word_1_664' title='bbox 3206 4184 3257 4235; x_wconf 90' lang='grc' dir='ltr'><strong>οἰ</strong></span> <span class='ocrx_word' id='word_1_665' title='bbox 3291 4180 3351 4234; x_wconf 83' lang='grc' dir='ltr'><strong>δὲ</strong></span> <span class='ocrx_word' id='word_1_666' title='bbox 3387 4180 3692 4252; x_wconf 75' lang='grc' dir='ltr'>ἑτερόσκιοι·</span> 
     </span>
    </p>
   </div>
   <div class='ocr_carea' id='block_1_87' title="bbox 2136 4268 3693 4347">
    <p class='ocr_par' dir='ltr' id='par_1_87' title="bbox 2136 4268 3693 4347">
     <span class='ocr_line' id='line_1_87' title="bbox 2136 4268 3693 4347; baseline -0.011 -11"><span class='ocrx_word' id='word_1_667' title='bbox 2136 4285 2185 4336; x_wconf 93' lang='grc' dir='ltr'><strong>οἰ</strong></span> <span class='ocrx_word' id='word_1_668' title='bbox 2238 4281 2297 4335; x_wconf 84' lang='grc' dir='ltr'><strong>δὲ</strong></span> <span class='ocrx_word' id='word_1_669' title='bbox 2326 4279 2605 4343; x_wconf 82' lang='grc' dir='ltr'>αὐτὸσκιοι</span> <span class='ocrx_word' id='word_1_670' title='bbox 2636 4278 2703 4343; x_wconf 87' lang='grc'>¹⁷,</span> <span class='ocrx_word' id='word_1_671' title='bbox 2726 4279 2791 4343; x_wconf 14' lang='grc' dir='ltr'><strong>,οἰ</strong></span> <span class='ocrx_word' id='word_1_672' title='bbox 2825 4276 2883 4330; x_wconf 83' lang='grc' dir='ltr'><strong>δὲ</strong></span> <span class='ocrx_word' id='word_1_673' title='bbox 2914 4275 3223 4347; x_wconf 85' lang='grc' dir='ltr'>ἀμφίσκιοι.</span> <span class='ocrx_word' id='word_1_674' title='bbox 3272 4274 3488 4326; x_wconf 80' lang='grc' dir='ltr'>Ἀσκιοι</span> <span class='ocrx_word' id='word_1_675' title='bbox 3534 4269 3625 4341; x_wconf 80' lang='grc' dir='ltr'><strong>μὲν</strong></span> <span class='ocrx_word' id='word_1_676' title='bbox 3652 4268 3693 4319; x_wconf 87' lang='grc' dir='ltr'>οἱ</span> 
     </span>
    </p>
   </div>
   <div class='ocr_carea' id='block_1_88' title="bbox 455 4363 2029 4444">
    <p class='ocr_par' dir='ltr' id='par_1_88' title="bbox 455 4378 2029 4439">
     <span class='ocr_line' id='line_1_88' title="bbox 455 4378 2029 4439; baseline 0 -5"><span class='ocrx_word' id='word_1_677' title='bbox 455 4393 578 4434; x_wconf 89' lang='lat' dir='ltr'><strong>rum</strong></span> <span class='ocrx_word' id='word_1_678' title='bbox 601 4382 860 4438; x_wconf 83' lang='lat' dir='ltr'><strong>verticem</strong></span> <span class='ocrx_word' id='word_1_679' title='bbox 892 4384 977 4439; x_wconf 90' lang='lat' dir='ltr'><strong>sol</strong></span> <span class='ocrx_word' id='word_1_680' title='bbox 1015 4382 1244 4438; x_wconf 91' lang='lat' dir='ltr'><strong>incubat</strong></span> <span class='ocrx_word' id='word_1_681' title='bbox 1269 4382 1407 4437; x_wconf 92' lang='lat' dir='ltr'><strong>bora</strong></span> <span class='ocrx_word' id='word_1_682' title='bbox 1444 4381 1553 4437; x_wconf 86' lang='lat' dir='ltr'><strong>diei</strong></span> <span class='ocrx_word' id='word_1_683' title='bbox 1582 4389 1761 4437; x_wconf 77' lang='lat' dir='ltr'><strong>sexta.</strong></span> <span class='ocrx_word' id='word_1_684' title='bbox 1788 4378 1860 4435; x_wconf 88' lang='lat' dir='ltr'><strong>Ut</strong></span> <span class='ocrx_word' id='word_1_685' title='bbox 1887 4380 2029 4435; x_wconf 90' lang='lat' dir='ltr'><strong>enim</strong></span> 
     </span>
    </p>
   </div>
   <div class='ocr_carea' id='block_1_89' title="bbox 2134 4363 3697 4444">
    <p class='ocr_par' dir='ltr' id='par_1_89' title="bbox 2141 4363 3697 4444">
     <span class='ocr_line' id='line_1_89' title="bbox 2141 4363 3697 4444; baseline -0.009 -16"><span class='ocrx_word' id='word_1_686' title='bbox 2141 4373 2286 4429; x_wconf 85' lang='grc' dir='ltr'><strong>κατά</strong></span> <span class='ocrx_word' id='word_1_687' title='bbox 2314 4372 2561 4444; x_wconf 83' lang='grc' dir='ltr'>κορυφὴν</span> <span class='ocrx_word' id='word_1_688' title='bbox 2599 4369 2720 4443; x_wconf 71' lang='grc' dir='ltr'><strong>ὥρᾳ</strong></span> <span class='ocrx_word' id='word_1_689' title='bbox 2759 4369 2894 4440; x_wconf 75' lang='grc' dir='ltr'>ἕκτῃ</span> <span class='ocrx_word' id='word_1_690' title='bbox 2926 4368 3020 4421; x_wconf 86' lang='grc' dir='ltr'><strong>τὸν</strong></span> <span class='ocrx_word' id='word_1_691' title='bbox 3061 4366 3212 4438; x_wconf 73' lang='grc' dir='ltr'>ἥλιον</span> <span class='ocrx_word' id='word_1_692' title='bbox 3240 4365 3476 4434; x_wconf 75' lang='grc' dir='ltr'>ἔχοντες.</span> <span class='ocrx_word' id='word_1_693' title='bbox 3506 4363 3697 4430; x_wconf 77' lang='grc' dir='ltr'>Ὠσπερ</span> 
     </span>
    </p>
   </div>
   <div class='ocr_carea' id='block_1_90' title="bbox 457 4470 2049 4543">
    <p class='ocr_par' dir='ltr' id='par_1_90' title="bbox 457 4470 2049 4543">
     <span class='ocr_line' id='line_1_90' title="bbox 457 4470 2049 4543; baseline -0.002 -16"><span class='ocrx_word' id='word_1_694' title='bbox 457 4473 504 4527; x_wconf 90' lang='lat' dir='ltr'><strong>si</strong></span> <span class='ocrx_word' id='word_1_695' title='bbox 534 4472 659 4543; x_wconf 86' lang='lat' dir='ltr'><strong>quis</strong></span> <span class='ocrx_word' id='word_1_696' title='bbox 687 4489 980 4530; x_wconf 88' lang='lat' dir='ltr'><strong>accensum</strong></span> <span class='ocrx_word' id='word_1_697' title='bbox 1002 4483 1210 4529; x_wconf 87' lang='lat' dir='ltr'><strong>torrem</strong></span> <span class='ocrx_word' id='word_1_698' title='bbox 1227 4480 1447 4528; x_wconf 88' lang='lat' dir='ltr'><strong>.rectum</strong></span> <span class='ocrx_word' id='word_1_699' title='bbox 1477 4479 1708 4539; x_wconf 88' lang='lat' dir='ltr'><strong>statuat,</strong></span> <span class='ocrx_word' id='word_1_700' title='bbox 1733 4471 1857 4541; x_wconf 88' lang='lat' dir='ltr'><strong>ejus</strong></span> <span class='ocrx_word' id='word_1_701' title='bbox 1874 4470 2049 4525; x_wconf 42' lang='lat' dir='ltr'><strong>nulla.</strong></span> 
     </span>
    </p>
   </div>
   <div class='ocr_carea' id='block_1_91' title="bbox 454 4563 2051 4635">
    <p class='ocr_par' dir='ltr' id='par_1_91' title="bbox 454 4563 2051 4635">
     <span class='ocr_line' id='line_1_91' title="bbox 454 4563 2051 4635; baseline -0.003 -19"><span class='ocrx_word' id='word_1_702' title='bbox 454 4563 715 4621; x_wconf 90' lang='lat' dir='ltr'><strong>reddetur</strong></span> <span class='ocrx_word' id='word_1_703' title='bbox 735 4567 960 4635; x_wconf 87' lang='lat' dir='ltr'><strong>umbra;</strong></span> <span class='ocrx_word' id='word_1_704' title='bbox 986 4566 1069 4622; x_wconf 90' lang='lat' dir='ltr'><strong>sic</strong></span> <span class='ocrx_word' id='word_1_705' title='bbox 1089 4564 1297 4620; x_wconf 88' lang='lat' dir='ltr'><strong>nullam</strong></span> <span class='ocrx_word' id='word_1_706' title='bbox 1322 4563 1525 4620; x_wconf 86' lang='lat' dir='ltr'><strong>habent</strong></span> <span class='ocrx_word' id='word_1_707' title='bbox 1545 4563 1609 4630; x_wconf 91' lang='lat' dir='ltr'><strong>ii,</strong></span> <span class='ocrx_word' id='word_1_708' title='bbox 1635 4577 1873 4635; x_wconf 91' lang='lat' dir='ltr'><strong>quorum</strong></span> <span class='ocrx_word' id='word_1_709' title='bbox 1905 4576 2051 4619; x_wconf 81' lang='lat' dir='ltr'><strong>ver--</strong></span> 
     </span>
    </p>
   </div>
   <div class='ocr_carea' id='block_1_92' title="bbox 454 4655 2035 4721">
    <p class='ocr_par' dir='ltr' id='par_1_92' title="bbox 454 4655 2035 4721">
     <span class='ocr_line' id='line_1_92' title="bbox 454 4655 2035 4721; baseline -0.001 -9"><span class='ocrx_word' id='word_1_710' title='bbox 454 4656 546 4712; x_wconf 85' lang='lat' dir='ltr'><strong>tici</strong></span> <span class='ocrx_word' id='word_1_711' title='bbox 568 4657 809 4715; x_wconf 90' lang='lat' dir='ltr'><strong>medium</strong></span> <span class='ocrx_word' id='word_1_712' title='bbox 838 4660 1041 4715; x_wconf 74' lang='lat' dir='ltr'><strong>cmlum</strong></span> <span class='ocrx_word' id='word_1_713' title='bbox 1081 4667 1283 4715; x_wconf 89' lang='lat' dir='ltr'><strong>tenens.</strong></span> <span class='ocrx_word' id='word_1_714' title='bbox 1305 4657 1386 4714; x_wconf 93' lang='lat' dir='ltr'><strong>sol</strong></span> <span class='ocrx_word' id='word_1_715' title='bbox 1415 4656 1685 4721; x_wconf 86' lang='lat' dir='ltr'><strong>imminet.</strong></span> <span class='ocrx_word' id='word_1_716' title='bbox 1717 4655 1881 4713; x_wconf 82' lang='lat' dir='ltr'><strong>Tales</strong></span> <span class='ocrx_word' id='word_1_717' title='bbox 1903 4663 2035 4711; x_wconf 90' lang='lat' dir='ltr'><strong>sunt</strong></span> 
     </span>
    </p>
   </div>
   <div class='ocr_carea' id='block_1_93' title="bbox 454 4747 2035 4824">
    <p class='ocr_par' dir='ltr' id='par_1_93' title="bbox 454 4747 2035 4824">
     <span class='ocr_line' id='line_1_93' title="bbox 454 4747 2035 4824; baseline 0 -20"><span class='ocrx_word' id='word_1_718' title='bbox 454 4750 550 4820; x_wconf 89' lang='lat' dir='ltr'><strong>qui</strong></span> <span class='ocrx_word' id='word_1_719' title='bbox 578 4747 684 4808; x_wconf 88' lang='lat' dir='ltr'><strong>sub</strong></span> <span class='ocrx_word' id='word_1_720' title='bbox 726 4752 1101 4824; x_wconf 67' lang='lat' dir='ltr'><strong>aequinoctiali</strong></span> <span class='ocrx_word' id='word_1_721' title='bbox 1133 4751 1359 4823; x_wconf 77' lang='lat' dir='ltr'><strong>degunt,</strong></span> <span class='ocrx_word' id='word_1_722' title='bbox 1384 4749 1481 4821; x_wconf 90' lang='lat' dir='ltr'><strong>qui</strong></span> <span class='ocrx_word' id='word_1_723' title='bbox 1520 4750 1638 4807; x_wconf 88' lang='lat' dir='ltr'><strong>sole</strong></span> <span class='ocrx_word' id='word_1_724' title='bbox 1666 4750 1910 4806; x_wconf 84' lang='lat' dir='ltr'><strong>Arietem</strong></span> <span class='ocrx_word' id='word_1_725' title='bbox 1944 4749 2035 4805; x_wconf 80' lang='lat' dir='ltr'><strong>vel</strong></span> 
     </span>
    </p>
   </div>
   <div class='ocr_carea' id='block_1_94' title="bbox 452 4840 2035 4914">
    <p class='ocr_par' dir='ltr' id='par_1_94' title="bbox 452 4840 2035 4914">
     <span class='ocr_line' id='line_1_94' title="bbox 452 4840 2035 4914; baseline -0.004 -11"><span class='ocrx_word' id='word_1_726' title='bbox 452 4841 678 4903; x_wconf 85' lang='lat' dir='ltr'><strong>Libram</strong></span> <span class='ocrx_word' id='word_1_727' title='bbox 698 4845 983 4901; x_wconf 88' lang='lat' dir='ltr'><strong>obtinente</strong></span> <span class='ocrx_word' id='word_1_728' title='bbox 1003 4844 1174 4901; x_wconf 91' lang='lat' dir='ltr'><strong>solem</strong></span> <span class='ocrx_word' id='word_1_729' title='bbox 1209 4857 1378 4912; x_wconf 89' lang='lat' dir='ltr'><strong>supra</strong></span> <span class='ocrx_word' id='word_1_730' title='bbox 1415 4852 1582 4913; x_wconf 86' lang='lat' dir='ltr'><strong>caput</strong></span> <span class='ocrx_word' id='word_1_731' title='bbox 1608 4843 1904 4914; x_wconf 88' lang='lat' dir='ltr'><strong>aspiciunt.</strong></span> <span class='ocrx_word' id='word_1_732' title='bbox 1930 4840 2035 4897; x_wconf 88' lang='lat' dir='ltr'><strong>Fe-</strong></span> 
     </span>
    </p>
   </div>
   <div class='ocr_carea' id='block_1_95' title="bbox 451 4932 2035 5009">
    <p class='ocr_par' dir='ltr' id='par_1_95' title="bbox 451 4932 2035 5009">
     <span class='ocr_line' id='line_1_95' title="bbox 451 4932 2035 5009; baseline -0.001 -19"><span class='ocrx_word' id='word_1_733' title='bbox 451 4943 582 4990; x_wconf 89' lang='lat' dir='ltr'><strong>runt</strong></span> <span class='ocrx_word' id='word_1_734' title='bbox 627 4935 772 5007; x_wconf 89' lang='lat' dir='ltr'><strong>apud</strong></span> <span class='ocrx_word' id='word_1_735' title='bbox 811 4935 1027 5009; x_wconf 80' lang='lat' dir='ltr'><strong>Syenen</strong></span> <span class='ocrx_word' id='word_1_736' title='bbox 1069 4943 1123 4991; x_wconf 92' lang='lat' dir='ltr'><strong>et</strong></span> <span class='ocrx_word' id='word_1_737' title='bbox 1162 4932 1562 5005; x_wconf 76' lang='lat' dir='ltr'><strong>Elephantinen</strong></span> <span class='ocrx_word' id='word_1_738' title='bbox 1614 4933 1869 4989; x_wconf 85' lang='lat' dir='ltr'><strong>umbram</strong></span> <span class='ocrx_word' id='word_1_739' title='bbox 1909 4946 2035 4989; x_wconf 84' lang='lat' dir='ltr'><strong>esse</strong></span> 
     </span>
    </p>
   </div>
   <div class='ocr_carea' id='block_1_96' title="bbox 452 5024 2031 5094">
    <p class='ocr_par' dir='ltr' id='par_1_96' title="bbox 452 5024 2031 5094">
     <span class='ocr_line' id='line_1_96' title="bbox 452 5024 2031 5094; baseline -0.001 -13"><span class='ocrx_word' id='word_1_740' title='bbox 452 5026 658 5081; x_wconf 88' lang='lat' dir='ltr'><strong>nullam</strong></span> <span class='ocrx_word' id='word_1_741' title='bbox 687 5026 819 5083; x_wconf 89' lang='lat' dir='ltr'><strong>hora</strong></span> <span class='ocrx_word' id='word_1_742' title='bbox 856 5028 963 5084; x_wconf 90' lang='lat' dir='ltr'><strong>diei</strong></span> <span class='ocrx_word' id='word_1_743' title='bbox 988 5036 1167 5094; x_wconf 78' lang='lat' dir='ltr'><strong>sexta,</strong></span> <span class='ocrx_word' id='word_1_744' title='bbox 1199 5039 1325 5083; x_wconf 92' lang='lat' dir='ltr'><strong>cum</strong></span> <span class='ocrx_word' id='word_1_745' title='bbox 1356 5026 1425 5081; x_wconf 34' lang='lat' dir='ltr'><strong>in.</strong></span> <span class='ocrx_word' id='word_1_746' title='bbox 1444 5025 1670 5083; x_wconf 84' lang='lat' dir='ltr'><strong>Cancro</strong></span> <span class='ocrx_word' id='word_1_747' title='bbox 1687 5026 1773 5082; x_wconf 92' lang='lat' dir='ltr'><strong>sol</strong></span> <span class='ocrx_word' id='word_1_748' title='bbox 1804 5024 2031 5081; x_wconf 85' lang='lat' dir='ltr'><strong>residet.</strong></span> 
     </span>
    </p>
   </div>
   <div class='ocr_carea' id='block_1_97' title="bbox 455 5114 2035 5189">
    <p class='ocr_par' dir='ltr' id='par_1_97' title="bbox 455 5114 2035 5189">
     <span class='ocr_line' id='line_1_97' title="bbox 455 5114 2035 5189; baseline 0.003 -19"><span class='ocrx_word' id='word_1_749' title='bbox 455 5114 793 5189; x_wconf 81' lang='lat' dir='ltr'><strong>Brachyscii,</strong></span> <span class='ocrx_word' id='word_1_750' title='bbox 840 5117 898 5173; x_wconf 92' lang='lat' dir='ltr'><strong>id</strong></span> <span class='ocrx_word' id='word_1_751' title='bbox 946 5126 1035 5174; x_wconf 88' lang='lat' dir='ltr'><strong>est</strong></span> <span class='ocrx_word' id='word_1_752' title='bbox 1069 5135 1089 5171; x_wconf 82' lang='grc' dir='ltr'><strong>ι</strong></span> <span class='ocrx_word' id='word_1_753' title='bbox 1128 5116 1323 5173; x_wconf 76' lang='lat' dir='ltr'><strong>brevis</strong></span> <span class='ocrx_word' id='word_1_754' title='bbox 1350 5117 1577 5185; x_wconf 68' lang='lat' dir='ltr'><strong>umbrae,</strong></span> <span class='ocrx_word' id='word_1_755' title='bbox 1618 5138 1639 5172; x_wconf 77' lang='grc' dir='ltr'><strong>ι</strong></span> <span class='ocrx_word' id='word_1_756' title='bbox 1675 5126 1807 5176; x_wconf 88' lang='lat' dir='ltr'><strong>sunt</strong></span> <span class='ocrx_word' id='word_1_757' title='bbox 1844 5132 1877 5172; x_wconf 92' lang='lat' dir='ltr'><strong>a</strong></span> <span class='ocrx_word' id='word_1_758' title='bbox 1908 5119 2035 5189; x_wconf 82' lang='lat' dir='ltr'><strong>qui-</strong></span> 
     </span>
    </p>
   </div>
   <div class='ocr_carea' id='block_1_98' title="bbox 452 5205 2035 5291">
    <p class='ocr_par' dir='ltr' id='par_1_98' title="bbox 452 5205 2035 5291">
     <span class='ocr_line' id='line_1_98' title="bbox 452 5205 2035 5291; baseline 0.002 -29"><span class='ocrx_word' id='word_1_759' title='bbox 452 5205 559 5263; x_wconf 85' lang='lat' dir='ltr'><strong>bus</strong></span> <span class='ocrx_word' id='word_1_760' title='bbox 588 5222 783 5277; x_wconf 84' lang='lat' dir='ltr'><strong>parum</strong></span> <span class='ocrx_word' id='word_1_761' title='bbox 814 5209 900 5265; x_wconf 88' lang='lat' dir='ltr'><strong>sol</strong></span> <span class='ocrx_word' id='word_1_762' title='bbox 930 5207 1151 5274; x_wconf 86' lang='lat' dir='ltr'><strong>distat;</strong></span> <span class='ocrx_word' id='word_1_763' title='bbox 1192 5209 1509 5278; x_wconf 87' lang='lat' dir='ltr'><strong>macroscii,</strong></span> <span class='ocrx_word' id='word_1_764' title='bbox 1554 5211 1881 5291; x_wconf 34' lang='lat' dir='ltr'><strong>(longioris</strong></span> <span class='ocrx_word' id='word_1_765' title='bbox 1913 5225 2035 5266; x_wconf 85' lang='lat' dir='ltr'><strong>um-</strong></span> 
     </span>
    </p>
   </div>
   <div class='ocr_carea' id='block_1_99' title="bbox 453 5293 2030 5371">
    <p class='ocr_par' dir='ltr' id='par_1_99' title="bbox 453 5293 2030 5371">
     <span class='ocr_line' id='line_1_99' title="bbox 453 5293 2030 5371; baseline 0.002 -20"><span class='ocrx_word' id='word_1_766' title='bbox 453 5293 589 5361; x_wconf 55' lang='lat' dir='ltr'><strong>brae.</strong></span> <span class='ocrx_word' id='word_1_767' title='bbox 628 5316 649 5350; x_wconf 69' lang='grc' dir='ltr'><strong>ι</strong></span> <span class='ocrx_word' id='word_1_768' title='bbox 685 5304 817 5352; x_wconf 88' lang='lat' dir='ltr'><strong>sunt</strong></span> <span class='ocrx_word' id='word_1_769' title='bbox 842 5296 938 5367; x_wconf 89' lang='lat' dir='ltr'><strong>qui</strong></span> <span class='ocrx_word' id='word_1_770' title='bbox 974 5311 1007 5352; x_wconf 87' lang='lat' dir='ltr'><strong>a</strong></span> <span class='ocrx_word' id='word_1_771' title='bbox 1033 5294 1149 5352; x_wconf 87' lang='lat' dir='ltr'><strong>sole</strong></span> <span class='ocrx_word' id='word_1_772' title='bbox 1184 5296 1401 5371; x_wconf 77' lang='lat' dir='ltr'><strong>longius</strong></span> <span class='ocrx_word' id='word_1_773' title='bbox 1439 5299 1679 5367; x_wconf 83' lang='lat' dir='ltr'><strong>distant;</strong></span> <span class='ocrx_word' id='word_1_774' title='bbox 1715 5301 2030 5365; x_wconf 88' lang='lat' dir='ltr'><strong>heteroscii,</strong></span> 
     </span>
    </p>
   </div>
   <div class='ocr_carea' id='block_1_100' title="bbox 454 5388 2031 5463">
    <p class='ocr_par' dir='ltr' id='par_1_100' title="bbox 454 5388 2031 5463">
     <span class='ocr_line' id='line_1_100' title="bbox 454 5388 2031 5463; baseline 0.003 -22"><span class='ocrx_word' id='word_1_775' title='bbox 454 5388 508 5444; x_wconf 94' lang='lat' dir='ltr'><strong>id</strong></span> <span class='ocrx_word' id='word_1_776' title='bbox 536 5399 623 5445; x_wconf 92' lang='lat' dir='ltr'><strong>est</strong></span> <span class='ocrx_word' id='word_1_777' title='bbox 663 5407 684 5442; x_wconf 78' lang='grc' dir='ltr'><strong>ι</strong></span> <span class='ocrx_word' id='word_1_778' title='bbox 713 5390 1029 5450; x_wconf 81' lang='lat' dir='ltr'><strong>uno-latere</strong></span> <span class='ocrx_word' id='word_1_779' title='bbox 1050 5391 1300 5447; x_wconf 89' lang='lat' dir='ltr'><strong>umbram</strong></span> <span class='ocrx_word' id='word_1_780' title='bbox 1328 5391 1617 5461; x_wconf 79' lang='lat' dir='ltr'><strong>iacientes,</strong></span> <span class='ocrx_word' id='word_1_781' title='bbox 1651 5412 1670 5444; x_wconf 74' lang='grc' dir='ltr'><strong>ι</strong></span> <span class='ocrx_word' id='word_1_782' title='bbox 1697 5393 1736 5448; x_wconf 92' lang='lat' dir='ltr'><strong>ii</strong></span> <span class='ocrx_word' id='word_1_783' title='bbox 1752 5401 1902 5461; x_wconf 89' lang='lat' dir='ltr'><strong>sunt,</strong></span> <span class='ocrx_word' id='word_1_784' title='bbox 1935 5391 2031 5463; x_wconf 90' lang='lat' dir='ltr'><strong>qui</strong></span> 
     </span>
    </p>
   </div>
   <div class='ocr_carea' id='block_1_101' title="bbox 454 5478 2030 5541">
    <p class='ocr_par' dir='ltr' id='par_1_101' title="bbox 454 5478 2030 5541">
     <span class='ocr_line' id='line_1_101' title="bbox 454 5478 2030 5541; baseline 0.001 -4"><span class='ocrx_word' id='word_1_785' title='bbox 454 5478 512 5537; x_wconf 83' lang='lat' dir='ltr'><strong>in</strong></span> <span class='ocrx_word' id='word_1_786' title='bbox 546 5488 737 5537; x_wconf 86' lang='lat' dir='ltr'><strong>nostro</strong></span> <span class='ocrx_word' id='word_1_787' title='bbox 774 5480 909 5541; x_wconf 82' lang='lat' dir='ltr'><strong>orbe</strong></span> <span class='ocrx_word' id='word_1_788' title='bbox 926 5491 1244 5541; x_wconf 65' lang='lat' dir='ltr'><strong>~versantur.</strong></span> <span class='ocrx_word' id='word_1_789' title='bbox 1308 5482 1445 5541; x_wconf 88' lang='lat' dir='ltr'><strong>Nam</strong></span> <span class='ocrx_word' id='word_1_790' title='bbox 1484 5484 1555 5538; x_wconf 90' lang='lat' dir='ltr'><strong>ad</strong></span> <span class='ocrx_word' id='word_1_791' title='bbox 1610 5483 1842 5539; x_wconf 88' lang='lat' dir='ltr'><strong>alterum</strong></span> <span class='ocrx_word' id='word_1_792' title='bbox 1885 5483 2030 5538; x_wconf 89' lang='lat' dir='ltr'><strong>latus</strong></span> 
     </span>
    </p>
   </div>
   <div class='ocr_carea' id='block_1_102' title="bbox 2137 4451 3697 4538">
    <p class='ocr_par' dir='ltr' id='par_1_102' title="bbox 2137 4451 3697 4538">
     <span class='ocr_line' id='line_1_102' title="bbox 2137 4451 3697 4538; baseline -0.009 -19"><span class='ocrx_word' id='word_1_793' title='bbox 2137 4465 2270 4538; x_wconf 81' lang='grc' dir='ltr'>γὰρ,</span> <span class='ocrx_word' id='word_1_794' title='bbox 2297 4465 2351 4518; x_wconf 77' lang='grc' dir='ltr'><strong>εἰ</strong></span> <span class='ocrx_word' id='word_1_795' title='bbox 2374 4480 2460 4528; x_wconf 87' lang='grc' dir='ltr'><strong>τις</strong></span> <span class='ocrx_word' id='word_1_796' title='bbox 2490 4462 2647 4517; x_wconf 84' lang='grc' dir='ltr'>δαλὸν</span> <span class='ocrx_word' id='word_1_797' title='bbox 2690 4461 2903 4531; x_wconf 74' lang='grc' dir='ltr'>ἀνάψας</span> <span class='ocrx_word' id='word_1_798' title='bbox 2926 4458 3084 4533; x_wconf 84' lang='grc' dir='ltr'>ὀρθὸν</span> <span class='ocrx_word' id='word_1_799' title='bbox 3121 4459 3364 4525; x_wconf 84' lang='grc' dir='ltr'>στήσειε,</span> <span class='ocrx_word' id='word_1_800' title='bbox 3403 4455 3585 4509; x_wconf 78' lang='grc' dir='ltr'>τούτου</span> <span class='ocrx_word' id='word_1_801' title='bbox 3609 4451 3697 4505; x_wconf 74' lang='grc' dir='ltr'><strong>οὐκ</strong></span> 
     </span>
    </p>
   </div>
   <div class='ocr_carea' id='block_1_103' title="bbox 2137 4543 3694 4627">
    <p class='ocr_par' dir='ltr' id='par_1_103' title="bbox 2137 4543 3694 4627">
     <span class='ocr_line' id='line_1_103' title="bbox 2137 4543 3694 4627; baseline -0.013 -12"><span class='ocrx_word' id='word_1_802' title='bbox 2137 4558 2205 4615; x_wconf 82' lang='grc' dir='ltr'><strong>ἂν</strong></span> <span class='ocrx_word' id='word_1_803' title='bbox 2229 4558 2442 4627; x_wconf 81' lang='grc' dir='ltr'>γένοιτο</span> <span class='ocrx_word' id='word_1_804' title='bbox 2470 4556 2599 4611; x_wconf 87' lang='grc' dir='ltr'><strong>σκιά</strong></span> <span class='ocrx_word' id='word_1_805' title='bbox 2614 4570 2629 4584; x_wconf 81' lang='lat'>&#39;</span> <span class='ocrx_word' id='word_1_806' title='bbox 2663 4554 2838 4617; x_wconf 79' lang='grc' dir='ltr'>οὕτως</span> <span class='ocrx_word' id='word_1_807' title='bbox 2860 4553 2981 4607; x_wconf 78' lang='grc' dir='ltr'>οὐδὲ</span> <span class='ocrx_word' id='word_1_808' title='bbox 2998 4550 3108 4609; x_wconf 83' lang='grc' dir='ltr'><strong>τῶν</strong></span> <span class='ocrx_word' id='word_1_809' title='bbox 3129 4550 3269 4623; x_wconf 82' lang='grc' dir='ltr'>ὑπὲρ</span> <span class='ocrx_word' id='word_1_810' title='bbox 3297 4547 3538 4622; x_wconf 80' lang='grc' dir='ltr'>κορυφῆς</span> <span class='ocrx_word' id='word_1_811' title='bbox 3559 4543 3694 4615; x_wconf 78' lang='grc' dir='ltr'><strong>ἑχόν-</strong></span> 
     </span>
    </p>
   </div>
   <div class='ocr_carea' id='block_1_104' title="bbox 2137 4633 3692 4719">
    <p class='ocr_par' dir='ltr' id='par_1_104' title="bbox 2137 4633 3692 4719">
     <span class='ocr_line' id='line_1_104' title="bbox 2137 4633 3692 4719; baseline -0.011 -16"><span class='ocrx_word' id='word_1_812' title='bbox 2137 4667 2248 4704; x_wconf 86' lang='grc' dir='ltr'>των</span> <span class='ocrx_word' id='word_1_813' title='bbox 2280 4649 2372 4704; x_wconf 85' lang='grc' dir='ltr'><strong>τὺν</strong></span> <span class='ocrx_word' id='word_1_814' title='bbox 2420 4647 2577 4719; x_wconf 75' lang='grc' dir='ltr'>ἥλιον</span> <span class='ocrx_word' id='word_1_815' title='bbox 2631 4644 3069 4718; x_wconf 84' lang='grc' dir='ltr'>μεσουρανοῦντα</span> <span class='ocrx_word' id='word_1_816' title='bbox 3108 4642 3323 4712; x_wconf 82' lang='grc' dir='ltr'>γένοιτο</span> <span class='ocrx_word' id='word_1_817' title='bbox 3367 4640 3453 4695; x_wconf 77' lang='grc' dir='ltr'>ἄν.</span> <span class='ocrx_word' id='word_1_818' title='bbox 3490 4637 3606 4692; x_wconf 76' lang='grc' dir='ltr'>Εἰσὶ</span> <span class='ocrx_word' id='word_1_819' title='bbox 3644 4633 3692 4687; x_wconf 79' lang='grc' dir='ltr'><strong>δὲ</strong></span> 
     </span>
    </p>
   </div>
   <div class='ocr_carea' id='block_1_105' title="bbox 2138 4727 3694 4812">
    <p class='ocr_par' dir='ltr' id='par_1_105' title="bbox 2138 4727 3694 4812">
     <span class='ocr_line' id='line_1_105' title="bbox 2138 4727 3694 4812; baseline -0.013 -16"><span class='ocrx_word' id='word_1_820' title='bbox 2138 4735 2285 4796; x_wconf 71' lang='grc' dir='ltr'>οῦτοι</span> <span class='ocrx_word' id='word_1_821' title='bbox 2326 4741 2376 4794; x_wconf 89' lang='grc' dir='ltr'><strong>οἰ</strong></span> <span class='ocrx_word' id='word_1_822' title='bbox 2388 4736 2494 4794; x_wconf 84' lang='grc' dir='ltr'>’τὸν</span> <span class='ocrx_word' id='word_1_823' title='bbox 2521 4738 2834 4812; x_wconf 82' lang='grc' dir='ltr'>ἰσημερινὸν</span> <span class='ocrx_word' id='word_1_824' title='bbox 2853 4735 3127 4805; x_wconf 72' lang='grc' dir='ltr'>οἰκοῦντες</span> <span class='ocrx_word' id='word_1_825' title='bbox 3148 4750 3164 4765; x_wconf 75' lang='grc' dir='ltr'><strong>ο</strong></span> <span class='ocrx_word' id='word_1_826' title='bbox 3186 4727 3354 4799; x_wconf 76' lang='grc' dir='ltr'>οὗτοι,</span> <span class='ocrx_word' id='word_1_827' title='bbox 3388 4731 3535 4803; x_wconf 83' lang='grc' dir='ltr'>ἡλίου</span> <span class='ocrx_word' id='word_1_828' title='bbox 3562 4741 3694 4796; x_wconf 82' lang='grc' dir='ltr'>γενο-</span> 
     </span>
    </p>
   </div>
   <div class='ocr_carea' id='block_1_106' title="bbox 2148 4817 3691 4908">
    <p class='ocr_par' dir='ltr' id='par_1_106' title="bbox 2148 4817 3691 4908">
     <span class='ocr_line' id='line_1_106' title="bbox 2148 4817 3691 4908; baseline -0.006 -19"><span class='ocrx_word' id='word_1_829' title='bbox 2148 4834 2334 4908; x_wconf 64' lang='grc' dir='ltr'>μένου,</span> <span class='ocrx_word' id='word_1_830' title='bbox 2360 4835 2419 4887; x_wconf 83' lang='grc' dir='ltr'>ὲν</span> <span class='ocrx_word' id='word_1_831' title='bbox 2451 4831 2609 4905; x_wconf 88' lang='grc' dir='ltr'>Κριῷ</span> <span class='ocrx_word' id='word_1_832' title='bbox 2657 4832 2692 4903; x_wconf 79' lang='grc' dir='ltr'>ἢ</span> <span class='ocrx_word' id='word_1_833' title='bbox 2743 4832 2802 4885; x_wconf 82' lang='grc' dir='ltr'>ὲν</span> <span class='ocrx_word' id='word_1_834' title='bbox 2840 4830 3077 4903; x_wconf 88' lang='grc' dir='ltr'>Χηλαῖς,</span> <span class='ocrx_word' id='word_1_835' title='bbox 3106 4828 3228 4882; x_wconf 87' lang='grc' dir='ltr'>τότε</span> <span class='ocrx_word' id='word_1_836' title='bbox 3277 4824 3422 4882; x_wconf 84' lang='grc' dir='ltr'><strong>κατά</strong></span> <span class='ocrx_word' id='word_1_837' title='bbox 3472 4817 3691 4894; x_wconf 75' lang='grc' dir='ltr'>κορυφῆς</span> 
     </span>
    </p>
   </div>
   <div class='ocr_carea' id='block_1_107' title="bbox 2143 4909 3690 4998">
    <p class='ocr_par' dir='ltr' id='par_1_107' title="bbox 2143 4909 3690 4998">
     <span class='ocr_line' id='line_1_107' title="bbox 2143 4909 3690 4998; baseline -0.008 -19"><span class='ocrx_word' id='word_1_838' title='bbox 2143 4925 2328 4998; x_wconf 76' lang='grc' dir='ltr'>έχουσι</span> <span class='ocrx_word' id='word_1_839' title='bbox 2346 4924 2439 4980; x_wconf 82' lang='grc' dir='ltr'><strong>τὸν</strong></span> <span class='ocrx_word' id='word_1_840' title='bbox 2469 4924 2639 4996; x_wconf 75' lang='grc' dir='ltr'>ἥλιον.</span> <span class='ocrx_word' id='word_1_841' title='bbox 2669 4922 2808 4977; x_wconf 78' lang='grc' dir='ltr'>Φασὶ</span> <span class='ocrx_word' id='word_1_842' title='bbox 2829 4920 2891 4990; x_wconf 61' lang='grc' dir='ltr'><strong>δὲ</strong></span> <span class='ocrx_word' id='word_1_843' title='bbox 2920 4922 2979 4975; x_wconf 83' lang='grc' dir='ltr'>ὲν</span> <span class='ocrx_word' id='word_1_844' title='bbox 3015 4920 3196 4991; x_wconf 80' lang='grc' dir='ltr'>Συήνῃ</span> <span class='ocrx_word' id='word_1_845' title='bbox 3235 4917 3332 4973; x_wconf 83' lang='grc' dir='ltr'><strong>καί</strong></span> <span class='ocrx_word' id='word_1_846' title='bbox 3371 4909 3690 4983; x_wconf 81' lang='grc' dir='ltr'>Ἐλεφαντίνῃ</span> 
     </span>
    </p>
   </div>
   <div class='ocr_carea' id='block_1_108' title="bbox 2141 5000 3691 5087">
    <p class='ocr_par' dir='ltr' id='par_1_108' title="bbox 2141 5000 3691 5087">
     <span class='ocr_line' id='line_1_108' title="bbox 2141 5000 3691 5087; baseline -0.014 -11"><span class='ocrx_word' id='word_1_847' title='bbox 2141 5017 2368 5082; x_wconf 82' lang='grc' dir='ltr'>ἀσκίους</span> <span class='ocrx_word' id='word_1_848' title='bbox 2411 5014 2687 5087; x_wconf 83' lang='grc' dir='ltr'>γίνεσθαι,</span> <span class='ocrx_word' id='word_1_849' title='bbox 2727 5015 2818 5068; x_wconf 82' lang='grc' dir='ltr'>ὅτε</span> <span class='ocrx_word' id='word_1_850' title='bbox 2864 5016 2894 5068; x_wconf 90' lang='lat'><strong>6</strong></span> <span class='ocrx_word' id='word_1_851' title='bbox 2921 5012 3072 5084; x_wconf 79' lang='grc' dir='ltr'>ἥλιος</span> <span class='ocrx_word' id='word_1_852' title='bbox 3112 5009 3343 5079; x_wconf 45' lang='grc' dir='ltr'>γίνεται,</span> <span class='ocrx_word' id='word_1_853' title='bbox 3364 5009 3423 5060; x_wconf 83' lang='grc' dir='ltr'>ὲν</span> <span class='ocrx_word' id='word_1_854' title='bbox 3455 5000 3691 5075; x_wconf 81' lang='grc' dir='ltr'>Καρκίνῳ</span> 
     </span>
    </p>
   </div>
   <div class='ocr_carea' id='block_1_109' title="bbox 2141 5093 3690 5182">
    <p class='ocr_par' dir='ltr' id='par_1_109' title="bbox 2141 5093 3690 5182">
     <span class='ocr_line' id='line_1_109' title="bbox 2141 5093 3690 5182; baseline -0.017 -12"><span class='ocrx_word' id='word_1_855' title='bbox 2141 5110 2271 5182; x_wconf 77' lang='grc' dir='ltr'><strong>περί</strong></span> <span class='ocrx_word' id='word_1_856' title='bbox 2304 5107 2455 5181; x_wconf 76' lang='grc' dir='ltr'>ὤραν</span> <span class='ocrx_word' id='word_1_857' title='bbox 2486 5108 2673 5178; x_wconf 74' lang='grc' dir='ltr'>ἕκτην.</span> <span class='ocrx_word' id='word_1_858' title='bbox 2706 5104 3038 5178; x_wconf 83' lang='grc' dir='ltr'>Βραχύσκιοι</span> <span class='ocrx_word' id='word_1_859' title='bbox 3060 5101 3117 5155; x_wconf 78' lang='grc' dir='ltr'><strong>δὲ</strong></span> <span class='ocrx_word' id='word_1_860' title='bbox 3147 5100 3198 5153; x_wconf 89' lang='grc' dir='ltr'><strong>οἰ</strong></span> <span class='ocrx_word' id='word_1_861' title='bbox 3226 5100 3319 5153; x_wconf 73' lang='grc' dir='ltr'>τὸν</span> <span class='ocrx_word' id='word_1_862' title='bbox 3353 5097 3503 5170; x_wconf 73' lang='grc' dir='ltr'>ἥλιον</span> <span class='ocrx_word' id='word_1_863' title='bbox 3537 5093 3690 5161; x_wconf 85' lang='grc' dir='ltr'>ὀλίγον</span> 
     </span>
    </p>
   </div>
   <div class='ocr_carea' id='block_1_110' title="bbox 2142 5181 3689 5272">
    <p class='ocr_par' dir='ltr' id='par_1_110' title="bbox 2142 5181 3689 5272">
     <span class='ocr_line' id='line_1_110' title="bbox 2142 5181 3689 5272; baseline -0.014 -16"><span class='ocrx_word' id='word_1_864' title='bbox 2142 5181 2434 5272; x_wconf 83' lang='grc' dir='ltr'>ἀφεστῶτα</span> <span class='ocrx_word' id='word_1_865' title='bbox 2475 5199 2725 5271; x_wconf 73' lang='grc' dir='ltr'>ἔχοντεςσ</span> <span class='ocrx_word' id='word_1_866' title='bbox 2769 5196 3095 5269; x_wconf 84' lang='grc' dir='ltr'>μακρόσκιοι</span> <span class='ocrx_word' id='word_1_867' title='bbox 3135 5192 3197 5245; x_wconf 78' lang='grc' dir='ltr'><strong>δὲ</strong></span> <span class='ocrx_word' id='word_1_868' title='bbox 3244 5192 3296 5246; x_wconf 85' lang='grc' dir='ltr'><strong>οἰ</strong></span> <span class='ocrx_word' id='word_1_869' title='bbox 3333 5190 3522 5263; x_wconf 75' lang='grc' dir='ltr'>πόρρω</span> <span class='ocrx_word' id='word_1_870' title='bbox 3549 5181 3689 5241; x_wconf 78' lang='grc' dir='ltr'>αὐτὸν</span> 
     </span>
    </p>
   </div>
   <div class='ocr_carea' id='block_1_111' title="bbox 2142 5275 3689 5365">
    <p class='ocr_par' dir='ltr' id='par_1_111' title="bbox 2142 5275 3689 5365">
     <span class='ocr_line' id='line_1_111' title="bbox 2142 5275 3689 5365; baseline -0.009 -18"><span class='ocrx_word' id='word_1_871' title='bbox 2142 5294 2388 5365; x_wconf 77' lang='grc' dir='ltr'>ἔχοντες·</span> <span class='ocrx_word' id='word_1_872' title='bbox 2438 5291 2739 5364; x_wconf 77' lang='grc' dir='ltr'>ἐτερόσκιοι</span> <span class='ocrx_word' id='word_1_873' title='bbox 2788 5288 2849 5343; x_wconf 80' lang='grc' dir='ltr'><strong>δὲ</strong></span> <span class='ocrx_word' id='word_1_874' title='bbox 2896 5290 2947 5342; x_wconf 86' lang='grc' dir='ltr'><strong>οἰ</strong></span> <span class='ocrx_word' id='word_1_875' title='bbox 2995 5287 3055 5342; x_wconf 78' lang='grc' dir='ltr'>ὲν</span> <span class='ocrx_word' id='word_1_876' title='bbox 3104 5283 3279 5355; x_wconf 77' lang='grc' dir='ltr'>ταύτῃ</span> <span class='ocrx_word' id='word_1_877' title='bbox 3307 5286 3375 5355; x_wconf 79' lang='grc' dir='ltr'>τῇ</span> <span class='ocrx_word' id='word_1_878' title='bbox 3425 5275 3689 5349; x_wconf 77' lang='grc' dir='ltr'>οἰκουμένῃ</span> 
     </span>
    </p>
   </div>
   <div class='ocr_carea' id='block_1_112' title="bbox 2140 5366 3687 5455">
    <p class='ocr_par' dir='ltr' id='par_1_112' title="bbox 2140 5366 3687 5455">
     <span class='ocr_line' id='line_1_112' title="bbox 2140 5366 3687 5455; baseline -0.01 -14"><span class='ocrx_word' id='word_1_879' title='bbox 2140 5387 2437 5450; x_wconf 83' lang='grc' dir='ltr'>οἰκοῦντες,</span> <span class='ocrx_word' id='word_1_880' title='bbox 2480 5383 2672 5455; x_wconf 75' lang='grc' dir='ltr'>ἐπειδὴ</span> <span class='ocrx_word' id='word_1_881' title='bbox 2698 5383 2791 5437; x_wconf 74' lang='grc' dir='ltr'><strong>ἐπὶ</strong></span> <span class='ocrx_word' id='word_1_882' title='bbox 2828 5382 2891 5436; x_wconf 79' lang='grc' dir='ltr'>τὸ</span> <span class='ocrx_word' id='word_1_883' title='bbox 2909 5382 3096 5452; x_wconf 75' lang='grc' dir='ltr'>ἕτερον</span> <span class='ocrx_word' id='word_1_884' title='bbox 3132 5378 3300 5450; x_wconf 74' lang='grc' dir='ltr'>μέρος</span> <span class='ocrx_word' id='word_1_885' title='bbox 3334 5377 3364 5448; x_wconf 77' lang='grc' dir='ltr'><strong>ἡ</strong></span> <span class='ocrx_word' id='word_1_886' title='bbox 3395 5374 3521 5430; x_wconf 70' lang='grc' dir='ltr'>σκιὰ</span> <span class='ocrx_word' id='word_1_887' title='bbox 3551 5366 3687 5442; x_wconf 73' lang='grc' dir='ltr'>ἡμῶν</span> 
     </span>
    </p>
   </div>
   <div class='ocr_carea' id='block_1_113' title="bbox 2142 5461 3688 5549">
    <p class='ocr_par' dir='ltr' id='par_1_113' title="bbox 2142 5461 3688 5549">
     <span class='ocr_line' id='line_1_113' title="bbox 2142 5461 3688 5549; baseline -0.006 -18"><span class='ocrx_word' id='word_1_888' title='bbox 2142 5478 2401 5549; x_wconf 85' lang='grc' dir='ltr'>τρέπεται</span> <span class='ocrx_word' id='word_1_889' title='bbox 2420 5495 2434 5508; x_wconf 91' lang='grc'><strong>·</strong></span> <span class='ocrx_word' id='word_1_890' title='bbox 2467 5476 2611 5544; x_wconf 75' lang='grc' dir='ltr'>λέγω</span> <span class='ocrx_word' id='word_1_891' title='bbox 2636 5475 2693 5529; x_wconf 78' lang='grc' dir='ltr'><strong>δὲ</strong></span> <span class='ocrx_word' id='word_1_892' title='bbox 2726 5477 2785 5529; x_wconf 78' lang='grc' dir='ltr'>ὲν</span> <span class='ocrx_word' id='word_1_893' title='bbox 2821 5473 2969 5547; x_wconf 83' lang='grc' dir='ltr'>δεξιᾷ</span> <span class='ocrx_word' id='word_1_894' title='bbox 2999 5473 3092 5527; x_wconf 75' lang='grc' dir='ltr'>ἐπὶ</span> <span class='ocrx_word' id='word_1_895' title='bbox 3128 5470 3193 5526; x_wconf 76' lang='grc' dir='ltr'>τὺ</span> <span class='ocrx_word' id='word_1_896' title='bbox 3224 5469 3454 5541; x_wconf 84' lang='grc' dir='ltr'>βόρειον.</span> <span class='ocrx_word' id='word_1_897' title='bbox 3487 5461 3688 5535; x_wconf 68' lang='grc' dir='ltr'>Ὁμοίως</span> 
     </span>
    </p>
   </div>
   <div class='ocr_carea' id='block_1_114' title="bbox 536 5658 2029 5743">
    <p class='ocr_par' dir='ltr' id='par_1_114' title="bbox 536 5659 2013 5743">
     <span class='ocr_line' id='line_1_114' title="bbox 536 5659 2013 5743; baseline 0.003 -28"><span class='ocrx_word' id='word_1_898' title='bbox 536 5660 581 5694; x_wconf 82' lang='grc'><strong>¹¹</strong></span> <span class='ocrx_word' id='word_1_899' title='bbox 600 5659 756 5716; x_wconf 76' lang='lat' dir='ltr'><strong>Deest</strong></span> <span class='ocrx_word' id='word_1_900' title='bbox 784 5664 1031 5743; x_wconf 78' lang='lat' dir='ltr'><strong>opposita</strong></span> <span class='ocrx_word' id='word_1_901' title='bbox 1066 5680 1195 5742; x_wconf 85' lang='lat' dir='ltr'><strong>pars</strong></span> <span class='ocrx_word' id='word_1_902' title='bbox 1226 5664 1531 5722; x_wconf 74' lang='lat' dir='ltr'><strong>divisionis.</strong></span> <span class='ocrx_word' id='word_1_903' title='bbox 1616 5666 1655 5697; x_wconf 77' lang='lat'><strong>“</strong></span> <span class='ocrx_word' id='word_1_904' title='bbox 1687 5662 1810 5737; x_wconf 78' lang='lat' dir='ltr'><strong>Leg.</strong></span> <span class='ocrx_word' id='word_1_905' title='bbox 1847 5664 2013 5737; x_wconf 81' lang='grc' dir='ltr'>μειοῖ.</span> 
     </span>
    </p>
   </div>
   <div class='ocr_carea' id='block_1_115' title="bbox 2134 5658 2609 5743">
    <p class='ocr_par' dir='ltr' id='par_1_115' title="bbox 2134 5658 2609 5715">
     <span class='ocr_line' id='line_1_115' title="bbox 2134 5658 2609 5715; baseline -0.013 1"><span class='ocrx_word' id='word_1_906' title='bbox 2134 5663 2137 5670; x_wconf 76' lang='grc'><strong><em>⁷</em></strong></span> <span class='ocrx_word' id='word_1_907' title='bbox 2170 5659 2293 5715; x_wconf 87' lang='lat' dir='ltr'><strong>Cor.</strong></span> <span class='ocrx_word' id='word_1_908' title='bbox 2324 5658 2609 5713; x_wconf 86' lang='grc' dir='ltr'>ἀντίσκιοι.</span> 
     </span>
    </p>
   </div>
  </div>
