3816 6316
80 306 162 364 985

787 290 1109 351 ACHILL‘IS
1147 291 1333 348 TATll
1362 289 1643 348 ISAGOGE

1754 291 1788 344 D
1819 288 2028 346 ARATI
2066 284 2538 343 ΒΗᾸΞΝΟΜΕΝᾹ.

3191 284 3295 342 936

80 416 123 472 δὲ
147 416 231 470 καὶ
255 414 306 468 oi.
344 413 585 469 ἄντοικοι
614 408 913 481 ἑτερόσκιοί
950 409 1091 462 εἰσιν
1110 422 1124 436 ⁸
1153 405 1341 477 ἐπειδὴ
1375 407 1472 460 καὶ
1502 405 1627 460 τού-

1754 406 1918 461 Imbra
1950 410 2140 459 nostra
2185 398 2512 471 projicitur:
2550 396 2804 453 videlicet
2826 395 3079 451 dextrum
3115 403 3170 450 et
3204 396 3298 451 bo-

82 506 226 575 τωνὴ
264 504 392 556 σκιὰ
440 501 534 554 ἐπὶ
571 499 633 554 τὸ
675 499 962 571 ἀριστερὸν
1000 497 1167 569 μέρος
1206 497 1270 552 τὸ
1309 495 1624 571 νπιώτερον

81 596 329 669 τρέπεται.
363 592 653 648 Ἀντίσκιοι
693 590 751 644 δὲ
799 592 847 644 οἱ
890 592 947 643 ὲν
980 589 1058 661 τῷ
1098 588 1294 663 βορείῳ
1329 589 1405 621 ¹⁸ο
1438 589 1624 663 ἐπειδὴ

81 686 297 751 ἐναντίας
324 683 425 749 τὰς
450 682 610 750 σκιὰς
636 680 846 754 ἔχουσιν
867 698 881 713 ·
904 682 1087 753 οἱμὲν
1116 682 1197 746 είς
1214 682 1283 737 τά
1307 681 1458 748 δεξιά
1484 682 1624 755 μέρη

81 778 253 844 αὐτῶν,
291 779 340 830 oi
375 776 435 830 δὲ
468 776 549 839 είς
599 774 669 828 τὰ
709 775 998 847 ἀριστερὰ,
1030 774 1119 829 διὰ
1169 773 1232 828 τὺ
1282 775 1448 846 μέσον
1488 770 1628 829 εἶναι

81 868 236 937 αὐτῶν
262 868 352 921 τὸν
380 867 553 939 ἥλιον.
587 866 897 937 Ἀμφίσκιοι
926 865 983 919 δὲ
1028 864 1268 934 γίνονται
1307 865 1381 919 ol‘
1403 865 1501 938 μὲν
1537 866 1627 919 τὸν

84 959 369 1032 ἰσημερινὸν
401 957 600 1013 κύκλον
627 956 922 1021 οἰκοῦντες.
946 958 1009 1011 Οἱ
1037 956 1096 1011 δὲ
1128 956 1283 1011 αὐτοὶ
1306 956 1401 1010 καὶ
1424 956 1623 1010 ἄσκιοι.

83 1051 190 1103 Ὅτε
219 1049 313 1121 μὲν
336 1048 447 1119 γάρ
473 1047 614 1119 ὑπὲρ
645 1047 889 1119 κορυφῆς
917 1045 1097 1100 αὐτῶν
1119 1047 1267 1101 ἐστιν
1306 1049 1335 1100 ὁ
1361 1046 1529 1118 ἥλιος,
1553 1046 1629 1109 ὡς

82 1140 299 1211 εἴπομεν,
331 1139 513 1195 ἄσκιοί
557 1141 721 1192 εἰσινο
762 1139 853 1192 ὅτε
878 1138 936 1191 δὲ
980 1138 1277 1207 ἀφίσταται
1307 1137 1484 1192 αὐτῶν
1522 1136 1630 1192 ἀπὸ

82 1231 229 1303 Κριοῦ
256 1233 333 1295 είς
351 1229 562 1302 Ταῦρον
590 1230 685 1283 καὶ
701 1228 768 1282 τὰ
789 1227 917 1298 ἑξῆς
939 1227 1126 1293 ξώδια,
1142 1228 1242 1299 τὴν
1271 1227 1440 1298 αὐτὴν
1469 1226 1629 1281 σκιὰν

81 1319 266 1389 ἔχουσιν
291 1318 385 1372 ἐπὶ
416 1318 487 1373 τὰ
517 1316 771 1388 εὐώνυμα
797 1315 970 1389 μέρη*
1002 1317 1090 1370 ὅτε
1116 1316 1173 1372 δὲ
1199 1316 1308 1370 ἀπὸ
1342 1316 1633 1388 ἰσημερίας

81 1411 164 1481 τῆς
186 1412 239 1464 ὲν
264 1410 471 1483 Χηλαῖς
509 1411 540 1463 ὁ
573 1409 726 1480 ἥλιος
751 1409 974 1479 γένηται
1018 1409 1076 1463 ὲν
1114 1408 1372 1480 Σκορπίῳ
1402 1407 1494 1461 καὶ
1520 1409 1633 1471 τοῖς

81 1493 190 1567 ἑξῆς
230 1496 459 1563 ζωδίοις,
490 1496 612 1551 τότε
644 1498 679 1569 ή
724 1494 853 1548 σκιά
881 1492 1062 1549 αὐτῶν
1092 1493 1185 1547 ἐπὶ
1217 1492 1286 1546 τά
1313 1491 1462 1557 δεξιὰ
1491 1492 1631 1564 μέρη

82 1588 419 1660 ἐκπέμπεται.
459 1586 619 1644 Ὥστε
665 1584 979 1658 συμϐαίνειν
1018 1585 1144 1648 τοὺς
1183 1583 1309 1656 τῇδε
1352 1582 1633 1647 οἰκοῦντας

82 1682 191 1735 ποτὲ
223 1682 319 1752 μὲν
345 1679 569 1744 ἀσκίους
599 1678 870 1748 γίνεσθαι,
904 1678 1054 1743 ὅταν,
1092 1678 1150 1732 ὲν
1177 1676 1443 1748 Χηλαῖςῆ
1476 1674 1633 1747 Κριῷ

1726 512 1902 553 reum.
1940 494 2032 551 Sic
2058 493 2255 549 antoeci
2301 490 2591 548 heteroscii
2630 496 2807 555 sunt,
2858 488 3058 560 quippe
3080 487 3295 544 illorum

1728 588 1924 644 umbra
1956 587 2245 642 sinistrum
2266 584 2335 640 ad
2357 584 2502 638 latus
2524 589 2580 638 et
2607 580 2850 636 australe
2887 579 3158 651 dirigitur.
3185 578 3298 633 An-

1727 682 1871 738 tiseii
1894 678 2205 735 borealibus
2229 686 2357 732 sunt
2387 674 2681 737 australes,
2709 673 2836 745 quia
2875 675 3181 727 contrarias
3205 672 3300 727 ha-

1727 773 1856 828 bent
1899 769 2166 836 umbras;
2209 768 2288 822 illi
2327 766 2590 822 dextrum
2642 764 2710 819 ad
2758 764 2925 829 latus,
2965 763 3021 817 hi
3053 763 3119 818 ad
3161 763 3301 819 sini-

1729 872 1925 927 strum,
1968 860 2226 932 quoniam
2273 857 2489 913 medius
2525 856 2608 911 sol
2658 855 2925 909 ambobus
2977 855 3301 924 interiectus

1727 963 1830 1010 est.
1892 951 2225 1023 Amphiscii,
2271 948 2326 1006 id
2370 955 2476 1015 est,
2534 946 2606 1002 ad
2649 954 2944 1016 utrumque
2982 946 3126 999 latus
3175 961 3300 998 unt-

1727 1044 1881 1099 bram
1937 1043 2234 1106 habentes,
2279 1045 2407 1095 sunt
2452 1035 2823 1108 aequinoctiali
2873 1034 3080 1090 circulo
3109 1032 3310 1101 subje—.

1728 1134 1823 1189 cti.
1870 1131 2037 1188 Iidem
2082 1139 2136 1187 et
2176 1130 2342 1193 ascii,
2376 1128 2431 1183 id
2462 1135 2547 1184 est
2590 1125 2796 1181 umbra:
2833 1138 3059 1194 prorsus
3101 1136 3301 1191 exper-

1730 1233 1833 1282 tes.
1891 1224 2027 1279 Nam
2073 1239 2198 1279 cum
2256 1236 2420 1293 supra
2465 1219 2722 1276 verticem
2787 1218 3006 1271 illorum
3062 1214 3144 1269 sol
3183 1222 3297 1276 est,

1731 1316 1885 1381 ﬁunt,
1917 1323 1977 1372 ut
2010 1315 2269 1380 diximus,
2301 1312 2474 1381 ascii;
2499 1326 2623 1367 cum
2648 1308 2800 1363 abiis
2835 1305 3145 1368 recesserit,
3172 1313 3298 1373 puta

1732 1409 1800 1463 ab
1837 1408 2020 1462 Ariete
2054 1407 2124 1461 ad
2152 1406 2394 1460 Taurum
2429 1412 2482 1460 et
2530 1399 2922 1471 consequentia
2954 1398 3128 1467 signa,
3149 1410 3302 1450 eam-

1732 1499 1853 1554 dem
1881 1497 2165 1553 nobiscum
2200 1496 2404 1551 habent
2433 1493 2680 1550 umbram
2706 1491 2773 1547 ad
2813 1489 3099 1545 sinistrum
3134 1486 3299 1540 latus.

1736 1588 1840 1645 Sed
1864 1605 1989 1645 cum
2019 1589 2087 1643 ab
2110 1586 2461 1659 aequinoctio,
2512 1583 2658 1656 quod
2710 1582 2765 1637 in
2788 1580 2952 1635 Libra
3007 1577 3086 1641 lit,
3122 1576 3203 1632 sol
3233 1575 3333 1633 ad.

1735 1680 2019 1751 Scorpium
2077 1688 2131 1736 et
2166 1679 2273 1735 alia
2311 1679 2464 1749 signa.
2498 1676 2788 1732 transitum
2828 1672 2977 1735 facit,
3012 1679 3143 1725 tunc
3172 1668 3305 1723 dex-

80 1775 104 1827 ὀ
127 1774 262 1843 ἥλιος
281 1771 377 1839 ὣν,
418 1771 557 1829 κατά
586 1771 831 1842 κορυφῆς
857 1768 1035 1824 αὐτῶν
1174 1768 1307 1822 ποτὲ
1333 1768 1391 1821 δὲ
1425 1768 1484 1821 ἐν
1505 1768 1631 1839 ἀρι-

1754 1788 1977 1828 .rorsum
2013 1773 2228 1827 illorum
2279 1770 2473 1825 umbra
2533 1767 2791 1824 mittitur.
2838 1764 2915 1820 lla
2943 1763 3019 1830 ﬂt,
3060 1770 3117 1816 ut
3158 1761 3333 1829 illius

82 1866 226 1936 περᾷ
249 1863 390 1935 ἔχειν
420 1863 520 1934 τὴν
560 1862 742 1929 σκιὰν,
768 1864 857 1916 ὅτε
886 1862 944 1916 ὲν
968 1857 1222 1931 Σκορπίῳ
1249 1857 1343 1912 καὶ¹
1368 1856 1628 1928 τοῖςέξῆς

84 1958 263 2029 ὁῆλιος
289 1958 521 2027 γίνεται.
553 1955 713 2022 Τινὲς
748 1956 806 2010 δὲ
856 1954 954 2009 καὶ⁹
991 1953 1308 2026 περισκίους
1340 1952 1462 2016 τοὺς
1500 1951 1630 2023 περὶ

83 2050 253 2113 αὐτοὺς
278 2048 462 2120 κύκλῳ
493 2047 715 2119 ἔχοντας
740 2046 839 2119 τὴν
870 2045 1032 2100 σκιὰν
1060 2041 1198 2099 εἶναι
1225 2042 1526 2114 βούλονται.

1732 1863 1972 1931 regionis
2034 1861 2228 1917 incolae
2260 1860 2532 1915 interdum
2575 1858 2711 1914 ascii
2747 1855 2878 1922 sint,
2909 1870 3032 1909 cum
3061 1852 3110 1906 in
3144 1850 3307 1906 Libra

1732 1956 1818 2010 vel
1844 1956 2032 2011 Ariete
2069 1956 2152 2010 sol
2206 1953 2396 2009 vertici
2445 1952 2663 2007 illorum
2712 1949 2961 2004 insidet:
3011 1947 3145 2002 alias
3176 1943 3310 1999 sini-

1736 2054 1849 2103 stra
1896 2048 1965 2103 iis
2012 2047 2205 2102 umbra
2252 2046 2345 2101 ﬂat
2382 2044 2603 2115 quando
2637 2042 2719 2100 sol
2756 2039 3046 2112 Scorpium
3086 2046 3140 2094 et
3178 2051 3310 2092 con-

83 2142 337 2212 sequentia
372 2141 525 2211 signa
561 2148 832 2210 peragrat.
896 2138 1037 2193 Sunt
1075 2138 1168 2209 qui
1201 2136 1468 2208 periscios
1514 2135 1639 2193 illos
1676 2155 1797 2196 esse
1835 2142 2044 2208 dicant,
2076 2155 2311 2211 quorum
2353 2139 2408 2192 in
2467 2138 2655 2193 orbem
2692 2136 3127 2206 circumquaque
3191 2143 3313 2184 um-

82 2237 163 2292 bra
195 2237 414 2307 iacitur.

140 2332 350 2404 Πρῶτος
396 2331 454 2385 δὲ
505 2330 850 2404 Παρμενίδης
894 2328 1023 2401 περὶ
1059 2327 1168 2382 τῶν
1195 2326 1381 2392 ζωνῶν
1417 2326 1637 2398 ἐκίνησε

85 2423 238 2491 λόγον.
270 2425 404 2497 Περὶ
435 2423 493 2476 δὲ
528 2424 623 2477 τοῦ
663 2420 900 2494 ἀριθμοῦ
945 2421 1124 2478 αὐτῶν
1168 2420 1339 2490 πολλὴ
1371 2418 1642 2489 διαφωνία

87 2519 178 2579 τοῖς
203 2518 316 2586 μετ’
351 2518 514 2570 αὑτὸν
538 2515 789 2584 γέγονεν’
818 2514 866 2567 οἱ
904 2514 1002 2584 μὲν
1030 2513 1140 2584 γὰρ
1170 2510 1231 2578 ἒξ
1258 2511 1427 2575 αὐτὰς
1453 2507 1605 2563 εἷπον
1623 2527 1636 2541 ·

89 2607 150 2670 ὡς
179 2608 453 2672 Πολύϐιος,
513 2608 608 2662 καὶ
649 2605 1041 2669 Ποσειδώνιος,
1076 2603 1172 2675 τὴν
1205 2601 1642 2673 διακεκαυμένην

91 2702 155 2762 εἰς
181 2700 267 2754 δύο
308 2698 671 2772 διαιροῦντες⁹
703 2699 753 2749 οἱ
780 2696 836 2749 δὲ
877 2696 1041 2751 πέντε
1076 2692 1381 2766 παρέλαϐον
1401 2710 1414 2722 ·
1450 2691 1640 2761 ὥσπερ

101 2789 467 2862 Ἐρατοσθένης
511 2790 606 2843 καὶ
639 2788 790 2843 ἄλλοι
825 2786 1028 2849 πολλοὶ,
1070 2779 1151 2848 οἷς
1177 2784 1271 2837 καὶ
1300 2784 1457 2854 ἡμεῖς,
1508 2798 1637 2835 κατ⁴

88 2882 531 2954 ηκολουθήσαμεν.
564 2882 701 2952 Περὶ
747 2880 805 2934 δὲ
840 2880 1105 2950 οἰκήσεων
1154 2876 1314 2929 πάλιν
1338 2915 1353 2938 ,
1389 2876 1483 2927 καὶ
1535 2872 1642 2926 τῶν

91 2973 434 3039 ἐνοικούντων,
472 2974 567 3027 καὶ
599 2971 912 3042 ὀνομάτων,
956 2970 1148 3039 γέγονε
1182 2967 1351 3042 πολλὴ
1394 2965 1639 3039 ταραχὴ,

91 3067 172 3118 καὶ
199 3067 319 3138 περὶ
343 3064 676 3137 ἀντιχθὸνων
695 3105 710 3129 ,
738 3064 832 3118 καὶ
864 3062 1184 3118 ἀντιπόδων.

356 3181 499 3252 Περὶ
535 3178 877 3251 μεταρσίων
910 3177 1008 3232 καὶ
1050 3173 1369 3244 μετεάιοων.

148 3294 244 3365 λβ’.
279 3294 535 3366 Διαφέρει
567 3292 875 3365 μεταρσίων
910 3289 1159 3362 μετέωρα
1179 3305 1191 3319 '
1227 3282 1261 3361 ᾖ
1290 3285 1357 3341 τὰ
1386 3284 1485 3356 μὲν
1519 3301 1647 3355 μετ-

94 3384 226 3456 έωρα
275 3389 332 3440 ἐν
368 3384 587 3458 ούρανῷ
636 3384 732 3438 καὶ⁵
778 3383 959 3455 αἰθέρι
1004 3381 1189 3434 ἐστίν⁸
1225 3378 1300 3442 ὼς
1342 3378 1520 3448 ἣλιος,
1559 3376 1652 3429 καὶ

96 3475 156 3528 τὰ
174 3477 349 3541 λοιπὰ,
379 3478 474 3530 καὶ
510 3475 773 3547 οὐρανὸς,
804 3474 899 3527 καὶ
944 3471 1111 3542 αἰθήρ
1135 3488 1148 3500 ·
1189 3470 1454 3547 μετάρσια
1492 3467 1548 3520 δὲ
1582 3466 1652 3519 τὰ

99 3566 280 3636 μεταξῦ
300 3567 392 3621 τοῦ
423 3567 588 3638 ἀέρος
620 3566 715 3619 καὶ
737 3565 837 3635 τῆς
864 3566 967 3634 γῆς
989 3580 1002 3593 ·
1036 3558 1146 3617 οἷον
1181 3561 1390 3632 ἄνεμοι,
1411 3559 1649 3629 νεφέλαι,

94 3655 301 3731 ὕμὸροι,
329 3658 643 3731 ἀστραπαὶ,
679 3656 930 3729 βρονταὶ,
956 3654 1225 3726 κομῆται,
1265 3654 1468 3716 δοκίδες
1493 3693 1507 3717 ,
1539 3669 1653 3705 πω-

95 3751 288 3817 γωνίαι,
317 3750 633 3822 λαμπάδες,
671 3748 856 3821 ἴριδες,
880 3746 1087 3812 ἆλωες,
1113 3746 1435 3818 διᾴττοντες,
1468 3741 1651 3815 ρυμοὶ,

98 3842 297 3909 ῥύακες.
330 3845 564 3898 Λεκτέον
601 3842 659 3896 δὲ
685 3843 812 3912 περὶ
852 3838 1195 3912 μεταρσίων·
1230 3838 1357 3907 περὶ
1397 3835 1505 3908 γὰρ
1538 3850 1655 3905 μετ-

95 3934 263 4008 εώρων
304 3938 649 4011 προείρηται.
697 3934 919 4008 Πρῶτον
961 3934 1019 3988 δὲ
1062 3932 1192 3986 περὶ
1232 3930 1449 3996 ἀνέμων
1494 3929 1657 3982 εἴπω-

102 4043 208 4097 μεν.

98 4137 221 4206 Περὶ
259 4140 514 4211 ἀνέμων,
559 4139 661 4193 καὶ
698 4138 787 4193 ὅτι
823 4137 1087 4207 διαφέρει
1129 4131 1285 4204 αὖρα
1332 4131 1659 4202 ἀναθυμιά-

786 4224 958 4274 σεως.

164 4318 256 4390 λγ.
303 4321 726 4393 Ἀναξίμανδρος
767 4320 945 4374 τοίνυν
976 4321 1131 4392 ῥύσιν
1155 4317 1315 4390 ἀέρος
1343 4315 1434 4370 τὸν
1463 4314 1661 4387 ἄνεμον

100 4406 240 4467 εἷπε·
277 4416 418 4479 τινὲς
457 4416 517 4469 δὲ
555 4414 917 4484 ἀναθυμίασιν
946 4413 1126 4484 ἀέρος.
1163 4411 1346 4464 ’Δλλοι
1378 4408 1436 4463 δὲ
1471 4394 1659 4477 διαφέ-

102 4520 206 4582 ρειν
229 4505 423 4576 ἄνεμον
454 4505 707 4574 λέγουσιν
730 4501 904 4574 αὔρας
925 4520 939 4534 ·
976 4504 1176 4572 ἄνεμον
1203 4500 1312 4572 γὰρ
1344 4493 1481 4553 εἶναι
1507 4495 1662 4567 ῥύσιν

99 4593 247 4665 ἀέρος
266 4611 281 4625 ο
305 4594 480 4664 αὔραν
511 4593 571 4647 δὲ
611 4592 975 4664 ἀναθυμίασιν
998 4592 1123 4663 γῆς,
1160 4590 1272 4645 Καὶ
1308 4590 1435 4652 τοὺς
1465 4588 1563 4660 μὲν
1597 4586 1662 4640 ὲκ

98 4687 262 4755 νεφῶν
285 4688 535 4757 λέγουσιν
566 4683 705 4740 εἶναι
737 4684 992 4756 ἀνέμους,
1029 4684 1125 4737 καί⁵
1143 4679 1424 4736 καλεῖσθαι
1463 4697 1482 4730 ι
1506 4679 1660 4731 ὲκνε-

98 4778 215 4845 φίας
235 4796 251 4810 ⁸
280 4799 298 4833 ι
326 4781 454 4843 τοὺς
475 4778 535 4832 δὲ
558 4777 667 4831 ἀπὸ
694 4777 798 4848 γῆς
826 4775 1160 4847 φερομένους
1184 4772 1475 4842 ἀπογείους
1491 4786 1507 4802 ’
1534 4769 1662 4834 τοὺς

97 4867 146 4922 δὲ
175 4871 279 4925 ἀπὸ
308 4869 572 4942 τωταμῶν
606 4868 856 4941 ὲνυδρίας
880 4884 896 4900 ·
923 4868 1049 4937 τοὺς
1077 4866 1134 4920 δὲ
1162 4865 1270 4920 ἀπὸ
1294 4864 1510 4919 κόλπων
1538 4862 1663 4916 κολ-

100 4964 217 5027 πίας
237 4981 252 4995 ι
285 4964 395 5018 ἀπὸ
420 4963 478 5017 δὲ
511 4961 653 5034 ὀρῶν
685 4960 860 5033 ὁρίας,
882 4959 917 5032 ἢ
940 4959 1220 5031 ὀρεστίαςο
1250 4958 1346 5011 καὶ
1375 4955 1484 5025 γὰρ
1513 4952 1665 5026 παρὰ

112 5057 458 5129 Ἀριστοτέλει
490 5059 552 5112 ἐν
578 5056 658 5128 τῷ
689 5056 830 5126 Περὶ
870 5053 1127 5131 ἀνέμων,
1165 5052 1261 5106 καὶ
1293 5037 1445 5122 παρὰ
1464 5048 1667 5102 Καλλι-

105 5151 249 5222 μάχῳ
298 5151 472 5215 οὕτως
527 5147 901 5219 ὀνομάζονται.
950 5146 1115 5207 fama
1164 5142 1261 5197 καὶ
1316 5139 1425 5194 ἀπὸ
1487 5139 1670 5203 τόπων

100 5241 248 5296 τινῶν
290 5241 423 5314 φασί
466 5257 619 5304 τινας
668 5238 952 5307 λέγεσθαι·
994 5231 1105 5291 οἷον
1162 5231 1398 5288 Καικίαν
1428 5231 1520 5284 τὸν
1563 5230 1672 5283 ἀπὸ

105 5334 259 5400 Κὰῖος
284 5338 327 5370 ⁸⁸
364 5333 619 5405 ποταμοῦ
657 5333 889 5386 πνέοντα
913 5344 930 5361 ⁸
964 5330 1060 5393 καὶ
1101 5327 1382 5399 Σκείρωνα
1421 5324 1517 5378 τὸν
1562 5321 1673 5377 ἀπὸ

105 5422 458 5501 Σκειρωνίδων
485 5424 724 5498 πετρῶν.
759 5423 915 5487 Τινὲς
935 5422 994 5476 δὲ
1021 5419 1131 5475 ἀπὸ
1161 5418 1337 5489 ὁρμῆς
1361 5413 1672 5487 ὠνομάσθη-

106 5532 210 5583 σαν,
232 5519 304 5584 ὡς
336 5515 586 5591 σφοδρῶς
621 5514 835 5588 ῥέοντες
853 5532 868 5546 ο
898 5512 995 5567 καὶ
1020 5512 1068 5564 οἱ
1096 5508 1233 5581 μετά
1260 5505 1476 5577 παλμοῦ
1504 5520 1667 5579 τινος,

171 5698 215 5731 ³³
240 5698 389 5755 Deest
419 5696 649 5763 aliquid,
680 5706 803 5760 nuta
836 5699 945 5760 τοῖς
975 5694 1030 5749 ὲν
1058 5710 1134 5761 τῳ
1158 5688 1337 5759 νοτίῳ.

1809 2323 2029 2377 Primus
2063 2320 2131 2375 de
2162 2320 2320 2374 zonis
2346 2315 2702 2371 Parmenides
2737 2314 2921 2369 dicere
2949 2312 3205 2367 instituit.
3238 2312 3314 2366 De

1740 2428 1971 2482 quarum
2002 2425 2230 2465 numero
2254 2421 2450 2478 magna
2483 2404 2754 2460 dissensio
2778 2411 2881 2459 est.
2921 2401 3056 2456 Nam
3088 2403 3177 2456 alii
3219 2419 3315 2459 sex

1742 2513 2055 2567 numerant,
2116 2511 2176 2555 ut
2223 2499 2482 2572 Polybius
2518 2505 2574 2553 et
2625 2495 2979 2560 Posidonius,
3017 2496 3112 2565 qui
3155 2496 3317 2550 torri-

1741 2599 1865 2654 dam
1899 2598 1953 2651 in
1981 2596 2120 2650 duas
2143 2592 2432 2658 dividunt;
2461 2590 2706 2663 quinque
2737 2587 2947 2642 malunt
2975 2589 3093 2652 alii,
3126 2605 3157 2644 e
3185 2588 3312 2659 qui-
3356 2587 3365 2598 '

1745 2692 1848 2746 bus
1878 2697 1961 2745 est
1982 2686 2390 2748 Eratosthenes,
2415 2693 2467 2738 et
2497 2697 2599 2737 nos
2626 2680 2819 2736 iisdem
2859 2680 3312 2750 subscripsimus.

1747 2781 1837 2836 Sic
1866 2782 1933 2836 de
1965 2776 2420 2838 habitationibus,
2455 2785 2509 2830 et
2543 2788 2731 2829 earum
2770 2773 2985 2835 incolis,
3016 2786 3316 2842 eorumque

1747 2870 2063 2925 nominibus
2102 2867 2247 2924 haud
2294 2864 2428 2921 levis
2467 2862 2755 2919 conﬂictus
2794 2868 2900 2925 εει,
2944 2868 3001 2914 ιιι
3036 2861 3183 2914 etde
3222 2876 3318 2913 an-

1746 2960 2120 3017 tichthonibus
2147 2966 2201 3013 et
2237 2956 2605 3028 antipodibus.

1787 3165 1893 3235 οἱ
1935 3162 2013 3217 De
2057 3163 2122 3216 iis
2155 3176 2271 3231 qua
2310 3156 2581 3230 μετάρσια
2620 3164 2670 3209 et
2719 3154 2973 3226 μετέωρα
3013 3152 3283 3206 dicuntur.

1823 3279 1914 3335 52.
1948 3277 2215 3332 Diﬂ‘erunt
2244 3291 2274 3330 a
2303 3274 2561 3330 meteoris
2589 3286 2710 3342 qua:
2737 3270 3006 3341 μετάρσια
3034 3265 3323 3321 nominans

1754 3383 1843 3427 tur
1875 3392 1887 3426 :
1922 3387 2047 3426 nam
2087 3377 2325 3424 meteora
2360 3367 2417 3421 in
2449 3366 2589 3421 cmlo
2620 3371 2750 3419 sunt
2792 3368 2847 3417 et
2894 3360 3097 3413 aethere
3128 3375 3141 3411 :
3179 3356 3328 3410 velut

1753 3468 1856 3529 sol,
1882 3473 1936 3520 et
1971 3464 2023 3518 id
2054 3477 2225 3534 genus
2255 3469 2469 3523 caetera,
2503 3458 2700 3513 malum
2722 3495 2738 3519 ,
2787 3450 2992 3517 aether;
3028 3449 3280 3504 metarsia
3309 3485 3325 3508 ,

1753 3575 1875 3630 qua:
1900 3573 2079 3612 aerem
2114 3556 2258 3610 inter
2281 3561 2336 3609 et
2372 3561 2573 3607 terram
2599 3547 2853 3603 accidunt
2879 3563 2893 3599 :
2931 3550 2990 3596 ut
3021 3542 3188 3601 venti,
3224 3554 3328 3593 nu-

1754 3629 1873 3713 bes,
1902 3648 2129 3710 imbres,
2164 3646 2381 3716 fulgura
2403 3681 2419 3708 ,
2452 3642 2694 3697 tonitrua
2718 3677 2734 3703 ,
2789 3643 3013 3692 cometa:
3035 3671 3051 3696 ,
3103 3629 3288 3684 trabes
3311 3667 3327 3692 ,

1753 3743 1998 3798 barbatae
2029 3739 2219 3803 stellae,
2251 3737 2422 3798 faces,
2455 3732 2656 3799 irides,
2702 3743 2839 3784 areae
2865 3765 2883 3792 ,
2929 3723 3335 3785 transvolantes

1757 3837 1953 3898 stellre,
1998 3840 2284 3896 temones,
2342 3826 2626 3900 proﬂuvia.
2677 3822 2754 3878 De
2787 3821 2854 3876 iis
2887 3833 3009 3891 quae
3064 3814 3334 3888 μετάρσια

1756 3933 2057 3986 vocantur,
2100 3921 2370 3993 agendum
2424 3915 2584 3973 nobis
2615 3921 2720 3968 est.
2772 3909 2907 3964 Nam
2956 3905 3024 3961 de
3073 3900 3334 3959 meteoris

1753 4017 1866 4088 jam
1901 4013 2158 4069 diximus.
2191 4011 2269 4066 Ac
2296 4008 2448 4079 prius
2473 4006 2542 4061 de
2569 4002 2771 4059 ventis.

1764 4128 1841 4183 De
1881 4127 2081 4191 ventis,
2122 4124 2284 4195 deque
2322 4135 2468 4174 aura:
2501 4126 2552 4172 et
2604 4111 2959 4170 exhalationis
3007 4104 3331 4162 discrimine.

1842 4305 1948 4368 '55.'
1966 4304 2368 4364 Anaximander
2392 4301 2648 4356 ﬂuentem
2682 4308 2866 4351 aerem
2894 4289 3032 4344 dixit
3051 4276 3175 4341 esse
3201 4298 3338 4341 rem

1772 4410 1926 4467 tum;
1962 4398 2053 4452 alii
2083 4392 2479 4452 exhalationem
2512 4386 2675 4442 aeris.
2719 4382 2827 4437 Alii
2852 4386 3073 4433 ventum
3104 4375 3174 4429 ab
3200 4386 3342 4427 aura.

1772 4463 2093 4561 discrepare
2115 4485 2338 4540 volunt:
2369 4481 2569 4551 quippe
2595 4481 2814 4531 ventum
2850 4470 3004 4523 aiunt
3026 4480 3147 4522 esse
3170 4463 3337 4517 ﬂuen-

1772 4588 1877 4634 tem
1929 4554 2145 4639 aerem;
2192 4583 2382 4625 auram
2434 4580 2567 4621 vero
2601 4570 2876 4618 terrenam
2904 4554 3330 4614 exbalationem.

1773 4670 2074 4726 Ventorum
2108 4678 2271 4737 porro
2300 4661 2437 4715 alios
2463 4674 2495 4715 e
2524 4656 2762 4713 nubibus
2801 4649 3019 4722 prodire
3046 4651 3259 4715 putant,
3284 4651 3346 4700 et

1767 4762 1954 4818 vocari
1990 4779 2011 4811 ι
2043 4755 2368 4827 ecnephias;
2410 4770 2429 4804 ι
2466 4750 2603 4804 alios
2637 4763 2669 4802 e
2704 4752 2852 4802 terra
2897 4739 3164 4798 excitatos
3201 4737 3338 4793 διποτ

1768 4854 1988 4923 γεὶουςε
2023 4848 2114 4919 qui
2153 4826 2193 4903 ei
2239 4841 2554 4912 ﬂuminibus
2586 4838 2873 4901 oriuntur,
2908 4830 3209 4904 aquatiles,
3244 4826 3350 4898 qui.

1767 4919 1798 4998 a
1832 4938 2122 4998 maritimis
2165 4931 2665 4998 sinibusmolntac,
2697 4944 2728 4983 a
2762 4925 3038 4982 montibus
3069 4921 3222 4994 ὁρίας
3257 4919 3354 4983 vel:

1771 5036 2058 5110 ὀρεστίας;
2093 5027 2366 5102 quomodo
2405 5026 2475 5081 ab
2503 5020 2793 5080 Aristotele
2820 5022 2877 5074 in
2904 5016 3049 5071 libro
3082 5012 3160 5067 De
3204 5026 3344 5067 uen-~

1772 5104 1860 5197 tis,
1898 5138 1949 5185 et
1982 5123 2317 5183 Callimacho
2343 5119 2713 5176 nominantur.
2776 5112 2868 5169 Sic
2895 5127 2926 5166 a
2954 5110 3091 5165 locis
3120 5104 3343 5177 quidam

1773 5239 1971 5285 nomen
2004 5219 2279 5289 accipiunt
2306 5232 2321 5270 :
2355 5224 2415 5270 ut
2431 5213 2636 5269 Caecias
2667 5225 2697 5265 a
2718 5207 2882 5266 Caico
2898 5202 3062 5261 ﬂuvio
3080 5200 3297 5271 spirans
3324 5214 3342 5263 ;

1772 5329 1827 5372 et
1862 5314 2055 5368 Sciron
2087 5327 2117 5364 a
2149 5306 2447 5364 Scironicis
2494 5303 2756 5375 scopulis.
2801 5295 3087 5354 Nonnullis
3123 5293 3192 5347 ab
3242 5290 3341 5343 im-

1772 5416 1898 5480 petu
1964 5418 2159 5458 nomen
2221 5399 2494 5455 inditum:
2551 5404 2612 5450 ut
2665 5393 2758 5465 qui
2824 5384 3203 5446 vehementius
3255 5380 3344 5433 in-

1774 5470 2006 5571 :gruant;
2061 5501 2113 5551 et
2160 5493 2252 5564 qni
2289 5491 2523 5563 quadam
2578 5501 2702 5543 cum
2742 5480 3046 5549 vibratione
3094 5490 3157 5532 ac
3217 5470 3357 5529 sub-.

1453 5686 1495 5718 ¹⁹
1524 5685 1565 5765 f.
1602 5682 1828 5747 Καΐκου,
