  <div class='ocr_page' id='page_1' title='image "/cluster/home/n/w/nwhite01/storage/ocr_20150623/19/hvd.32044011362951/501.png"; bbox 0 0 3816 6380; ppageno 0'>
   <div class='ocr_carea' id='block_1_1' title="bbox 500 32 1167 55">
    <p class='ocr_par' dir='ltr' id='par_1_1' title="bbox 500 32 1167 55">
     <span class='ocr_line' id='line_1_1' title="bbox 500 32 1167 55; baseline -0.006 0"><span class='ocrx_word' id='word_1_1' title='bbox 500 32 583 55; x_wconf 31' lang='grc' dir='ltr'><strong>-.ν-γ</strong></span> <span class='ocrx_word' id='word_1_2' title='bbox 600 32 621 53; x_wconf 62' lang='grc' dir='ltr'><em>ξ</em></span> <span class='ocrx_word' id='word_1_3' title='bbox 642 32 1167 55; x_wconf 44' lang='grc' dir='ltr'><strong>,ιιι-...ξ-</strong></span> 
     </span>
    </p>
   </div>
   <div class='ocr_carea' id='block_1_2' title="bbox 397 322 504 382">
    <p class='ocr_par' dir='ltr' id='par_1_2' title="bbox 397 322 504 382">
     <span class='ocr_line' id='line_1_2' title="bbox 397 322 504 382; baseline -0.047 0"><span class='ocrx_word' id='word_1_4' title='bbox 397 322 504 382; x_wconf 78' lang='grc'><strong>987</strong></span> 
     </span>
    </p>
   </div>
   <div class='ocr_carea' id='block_1_3' title="bbox 1428 309 2634 371">
    <p class='ocr_par' dir='ltr' id='par_1_3' title="bbox 1428 309 2634 371">
     <span class='ocr_line' id='line_1_3' title="bbox 1428 309 2634 371; baseline 0.001 -1"><span class='ocrx_word' id='word_1_5' title='bbox 1428 315 1516 370; x_wconf 89' lang='lat' dir='ltr'><strong>AD</strong></span> <span class='ocrx_word' id='word_1_6' title='bbox 1547 311 1815 369; x_wconf 83' lang='lat' dir='ltr'><strong>EUSEBII</strong></span> <span class='ocrx_word' id='word_1_7' title='bbox 1841 309 2235 371; x_wconf 77' lang='lat' dir='ltr'><strong>CHRONICON</strong></span> <span class='ocrx_word' id='word_1_8' title='bbox 2270 313 2634 371; x_wconf 80' lang='lat' dir='ltr'><strong>APPENDIX.</strong></span> 
     </span>
    </p>
   </div>
   <div class='ocr_carea' id='block_1_4' title="bbox 403 431 1989 513">
    <p class='ocr_par' dir='ltr' id='par_1_4' title="bbox 403 434 1975 511">
     <span class='ocr_line' id='line_1_4' title="bbox 403 434 1975 511; baseline -0.005 -14"><span class='ocrx_word' id='word_1_9' title='bbox 403 442 554 497; x_wconf 87' lang='lat' dir='ltr'><strong>sultu</strong></span> <span class='ocrx_word' id='word_1_10' title='bbox 590 440 840 497; x_wconf 81' lang='lat' dir='ltr'><strong>feruntur</strong></span> <span class='ocrx_word' id='word_1_11' title='bbox 862 481 878 507; x_wconf 93' lang='lat'><strong>,</strong></span> <span class='ocrx_word' id='word_1_12' title='bbox 928 437 1197 511; x_wconf 65' lang='lat' dir='ltr'><strong>procellae.</strong></span> <span class='ocrx_word' id='word_1_13' title='bbox 1229 435 1336 490; x_wconf 84' lang='lat' dir='ltr'><strong>Alii</strong></span> <span class='ocrx_word' id='word_1_14' title='bbox 1385 450 1416 490; x_wconf 84' lang='lat' dir='ltr'><strong>a</strong></span> <span class='ocrx_word' id='word_1_15' title='bbox 1462 435 1646 506; x_wconf 85' lang='lat' dir='ltr'><strong>specie</strong></span> <span class='ocrx_word' id='word_1_16' title='bbox 1673 434 1975 491; x_wconf 89' lang='lat' dir='ltr'><strong>dicuntur:</strong></span> 
     </span>
    </p>
   </div>
   <div class='ocr_carea' id='block_1_5' title="bbox 2095 431 3658 513">
    <p class='ocr_par' dir='ltr' id='par_1_5' title="bbox 2095 431 3658 513">
     <span class='ocr_line' id='line_1_5' title="bbox 2095 431 3658 513; baseline 0.008 -28"><span class='ocrx_word' id='word_1_17' title='bbox 2095 431 2176 485; x_wconf 74' lang='grc' dir='ltr'><strong>ιαὶ</strong></span> <span class='ocrx_word' id='word_1_18' title='bbox 2210 432 2527 505; x_wconf 78' lang='grc' dir='ltr'><strong>πηδήματος</strong></span> <span class='ocrx_word' id='word_1_19' title='bbox 2565 433 2802 490; x_wconf 82' lang='grc' dir='ltr'><strong>θύελλαι.</strong></span> <span class='ocrx_word' id='word_1_20' title='bbox 2839 437 2902 491; x_wconf 77' lang='lat' dir='ltr'><strong>Ol</strong></span> <span class='ocrx_word' id='word_1_21' title='bbox 2928 437 2985 492; x_wconf 85' lang='grc' dir='ltr'>δὲ</span> <span class='ocrx_word' id='word_1_22' title='bbox 3018 437 3124 493; x_wconf 83' lang='grc' dir='ltr'><strong>ἀπὸ</strong></span> <span class='ocrx_word' id='word_1_23' title='bbox 3158 441 3438 513; x_wconf 89' lang='grc' dir='ltr'>σχήματος</span> <span class='ocrx_word' id='word_1_24' title='bbox 3468 441 3658 512; x_wconf 84' lang='grc' dir='ltr'>λέγον-</span> 
     </span>
    </p>
   </div>
   <div class='ocr_carea' id='block_1_6' title="bbox 404 526 1979 606">
    <p class='ocr_par' dir='ltr' id='par_1_6' title="bbox 404 526 1979 606">
     <span class='ocr_line' id='line_1_6' title="bbox 404 526 1979 606; baseline -0.005 -18"><span class='ocrx_word' id='word_1_25' title='bbox 404 535 555 589; x_wconf 86' lang='lat' dir='ltr'><strong>velut</strong></span> <span class='ocrx_word' id='word_1_26' title='bbox 576 535 669 606; x_wconf 88' lang='lat' dir='ltr'><strong>qui</strong></span> <span class='ocrx_word' id='word_1_27' title='bbox 701 533 935 604; x_wconf 80' lang='lat' dir='ltr'><strong>quadam</strong></span> <span class='ocrx_word' id='word_1_28' title='bbox 971 529 1236 602; x_wconf 78' lang='lat' dir='ltr'><strong>vertigine</strong></span> <span class='ocrx_word' id='word_1_29' title='bbox 1260 528 1576 594; x_wconf 89' lang='lat' dir='ltr'><strong>volvuntur,</strong></span> <span class='ocrx_word' id='word_1_30' title='bbox 1608 526 1979 599; x_wconf 88' lang='lat' dir='ltr'><strong>appellantur-</strong></span> 
     </span>
    </p>
   </div>
   <div class='ocr_carea' id='block_1_7' title="bbox 407 619 1975 696">
    <p class='ocr_par' dir='ltr' id='par_1_7' title="bbox 407 619 1975 696">
     <span class='ocr_line' id='line_1_7' title="bbox 407 619 1975 696; baseline -0.004 -16"><span class='ocrx_word' id='word_1_31' title='bbox 407 641 516 696; x_wconf 85' lang='lat' dir='ltr'><strong>que</strong></span> <span class='ocrx_word' id='word_1_32' title='bbox 550 625 815 681; x_wconf 76' lang='lat' dir='ltr'><strong>turbines.</strong></span> <span class='ocrx_word' id='word_1_33' title='bbox 846 622 980 678; x_wconf 87' lang='lat' dir='ltr'><strong>ltem</strong></span> <span class='ocrx_word' id='word_1_34' title='bbox 1010 622 1104 693; x_wconf 89' lang='lat' dir='ltr'><strong>qui</strong></span> <span class='ocrx_word' id='word_1_35' title='bbox 1151 620 1220 676; x_wconf 89' lang='lat' dir='ltr'><strong>ab</strong></span> <span class='ocrx_word' id='word_1_36' title='bbox 1243 620 1355 675; x_wconf 92' lang='lat' dir='ltr'><strong>imo</strong></span> <span class='ocrx_word' id='word_1_37' title='bbox 1383 634 1605 676; x_wconf 83' lang='lat' dir='ltr'><strong>sursum</strong></span> <span class='ocrx_word' id='word_1_38' title='bbox 1636 619 1975 686; x_wconf 83' lang='lat' dir='ltr'><strong>attolluntur,</strong></span> 
     </span>
    </p>
   </div>
   <div class='ocr_carea' id='block_1_8' title="bbox 408 712 1980 788">
    <p class='ocr_par' dir='ltr' id='par_1_8' title="bbox 408 712 1980 788">
     <span class='ocr_line' id='line_1_8' title="bbox 408 712 1980 788; baseline -0.003 -17"><span class='ocrx_word' id='word_1_39' title='bbox 408 725 702 788; x_wconf 89' lang='lat' dir='ltr'><strong>presteres.</strong></span> <span class='ocrx_word' id='word_1_40' title='bbox 732 715 963 787; x_wconf 84' lang='lat' dir='ltr'><strong>Scripsit</strong></span> <span class='ocrx_word' id='word_1_41' title='bbox 985 715 1054 771; x_wconf 91' lang='lat' dir='ltr'><strong>de</strong></span> <span class='ocrx_word' id='word_1_42' title='bbox 1076 712 1253 770; x_wconf 88' lang='lat' dir='ltr'><strong>ventis</strong></span> <span class='ocrx_word' id='word_1_43' title='bbox 1285 712 1448 768; x_wconf 87' lang='lat' dir='ltr'><strong>etiam</strong></span> <span class='ocrx_word' id='word_1_44' title='bbox 1469 712 1880 770; x_wconf 85' lang='lat' dir='ltr'><strong>Eratosthenes.</strong></span> <span class='ocrx_word' id='word_1_45' title='bbox 1911 712 1980 767; x_wconf 85' lang='lat' dir='ltr'><strong>At</strong></span> 
     </span>
    </p>
   </div>
   <div class='ocr_carea' id='block_1_9' title="bbox 408 804 1979 877">
    <p class='ocr_par' dir='ltr' id='par_1_9' title="bbox 408 804 1979 877">
     <span class='ocr_line' id='line_1_9' title="bbox 408 804 1979 877; baseline -0.003 -14"><span class='ocrx_word' id='word_1_46' title='bbox 408 808 715 865; x_wconf 87' lang='lat' dir='ltr'><strong>cardinales</strong></span> <span class='ocrx_word' id='word_1_47' title='bbox 752 807 898 864; x_wconf 86' lang='lat' dir='ltr'><strong>venti</strong></span> <span class='ocrx_word' id='word_1_48' title='bbox 946 812 1075 862; x_wconf 89' lang='lat' dir='ltr'><strong>sunt</strong></span> <span class='ocrx_word' id='word_1_49' title='bbox 1106 812 1378 877; x_wconf 83' lang='lat' dir='ltr'><strong>quatuor:</strong></span> <span class='ocrx_word' id='word_1_50' title='bbox 1410 820 1442 861; x_wconf 90' lang='lat' dir='ltr'><strong>e</strong></span> <span class='ocrx_word' id='word_1_51' title='bbox 1470 804 1670 876; x_wconf 89' lang='lat' dir='ltr'><strong>quibus</strong></span> <span class='ocrx_word' id='word_1_52' title='bbox 1721 804 1850 870; x_wconf 90' lang='lat' dir='ltr'><strong>ille,</strong></span> <span class='ocrx_word' id='word_1_53' title='bbox 1885 804 1979 877; x_wconf 85' lang='lat' dir='ltr'><strong>qui</strong></span> 
     </span>
    </p>
   </div>
   <div class='ocr_carea' id='block_1_10' title="bbox 411 896 1980 967">
    <p class='ocr_par' dir='ltr' id='par_1_10' title="bbox 411 896 1980 967">
     <span class='ocr_line' id='line_1_10' title="bbox 411 896 1980 967; baseline -0.001 -12"><span class='ocrx_word' id='word_1_54' title='bbox 411 900 482 955; x_wconf 87' lang='lat' dir='ltr'><strong>ab</strong></span> <span class='ocrx_word' id='word_1_55' title='bbox 511 908 634 954; x_wconf 94' lang='lat' dir='ltr'><strong>ortu</strong></span> <span class='ocrx_word' id='word_1_56' title='bbox 664 898 793 963; x_wconf 83' lang='lat' dir='ltr'><strong>ﬁat,</strong></span> <span class='ocrx_word' id='word_1_57' title='bbox 849 898 1182 954; x_wconf 86' lang='lat' dir='ltr'><strong>subsolanus</strong></span> <span class='ocrx_word' id='word_1_58' title='bbox 1233 896 1468 965; x_wconf 87' lang='lat' dir='ltr'><strong>dicitur;</strong></span> <span class='ocrx_word' id='word_1_59' title='bbox 1527 896 1623 967; x_wconf 88' lang='lat' dir='ltr'><strong>qui</strong></span> <span class='ocrx_word' id='word_1_60' title='bbox 1676 896 1746 951; x_wconf 93' lang='lat' dir='ltr'><strong>ab</strong></span> <span class='ocrx_word' id='word_1_61' title='bbox 1778 896 1980 953; x_wconf 90' lang='lat' dir='ltr'><strong>arctico</strong></span> 
     </span>
    </p>
   </div>
   <div class='ocr_carea' id='block_1_11' title="bbox 410 989 1979 1064">
    <p class='ocr_par' dir='ltr' id='par_1_11' title="bbox 410 989 1979 1064">
     <span class='ocr_line' id='line_1_11' title="bbox 410 989 1979 1064; baseline -0.001 -17"><span class='ocrx_word' id='word_1_62' title='bbox 410 993 556 1064; x_wconf 86' lang='lat' dir='ltr'><strong>polo,</strong></span> <span class='ocrx_word' id='word_1_63' title='bbox 582 992 812 1057; x_wconf 86' lang='lat' dir='ltr'><strong>boreas;</strong></span> <span class='ocrx_word' id='word_1_64' title='bbox 846 991 941 1062; x_wconf 90' lang='lat' dir='ltr'><strong>qui</strong></span> <span class='ocrx_word' id='word_1_65' title='bbox 965 991 1034 1046; x_wconf 89' lang='lat' dir='ltr'><strong>ab</strong></span> <span class='ocrx_word' id='word_1_66' title='bbox 1065 991 1388 1058; x_wconf 88' lang='lat' dir='ltr'><strong>antarctico,</strong></span> <span class='ocrx_word' id='word_1_67' title='bbox 1417 999 1630 1059; x_wconf 89' lang='lat' dir='ltr'><strong>auster;</strong></span> <span class='ocrx_word' id='word_1_68' title='bbox 1661 989 1731 1046; x_wconf 90' lang='lat' dir='ltr'><strong>ab</strong></span> <span class='ocrx_word' id='word_1_69' title='bbox 1755 1004 1979 1058; x_wconf 89' lang='lat' dir='ltr'><strong>occasu,</strong></span> 
     </span>
    </p>
   </div>
   <div class='ocr_carea' id='block_1_12' title="bbox 411 1081 1915 1157">
    <p class='ocr_par' dir='ltr' id='par_1_12' title="bbox 411 1081 1915 1157">
     <span class='ocr_line' id='line_1_12' title="bbox 411 1081 1915 1157; baseline -0.002 -16"><span class='ocrx_word' id='word_1_70' title='bbox 411 1084 704 1157; x_wconf 78' lang='lat' dir='ltr'><strong>zephyrus.</strong></span> <span class='ocrx_word' id='word_1_71' title='bbox 738 1081 877 1139; x_wconf 87' lang='lat' dir='ltr'><strong>Nam</strong></span> <span class='ocrx_word' id='word_1_72' title='bbox 907 1082 1072 1153; x_wconf 80' lang='grc' dir='ltr'>ζέφος</span> <span class='ocrx_word' id='word_1_73' title='bbox 1102 1083 1317 1155; x_wconf 86' lang='lat' dir='ltr'><strong>poetice</strong></span> <span class='ocrx_word' id='word_1_74' title='bbox 1340 1098 1599 1141; x_wconf 86' lang='lat' dir='ltr'><strong>occasum</strong></span> <span class='ocrx_word' id='word_1_75' title='bbox 1622 1082 1915 1156; x_wconf 90' lang='lat' dir='ltr'><strong>signiﬁcat.</strong></span> 
     </span>
    </p>
   </div>
   <div class='ocr_carea' id='block_1_13' title="bbox 1023 1267 1375 1324">
    <p class='ocr_par' dir='ltr' id='par_1_13' title="bbox 1023 1267 1375 1324">
     <span class='ocr_line' id='line_1_13' title="bbox 1023 1267 1375 1324; baseline 0.003 -2"><span class='ocrx_word' id='word_1_76' title='bbox 1023 1267 1102 1323; x_wconf 83' lang='lat' dir='ltr'><strong>De</strong></span> <span class='ocrx_word' id='word_1_77' title='bbox 1139 1269 1375 1324; x_wconf 77' lang='lat' dir='ltr'><strong>cometis.</strong></span> 
     </span>
    </p>
   </div>
   <div class='ocr_carea' id='block_1_14' title="bbox 478 1358 1977 1431">
    <p class='ocr_par' dir='ltr' id='par_1_14' title="bbox 478 1358 1977 1431">
     <span class='ocr_line' id='line_1_14' title="bbox 478 1358 1977 1431; baseline -0.001 -15"><span class='ocrx_word' id='word_1_78' title='bbox 478 1360 569 1416; x_wconf 78' lang='grc'><strong>54.</strong></span> <span class='ocrx_word' id='word_1_79' title='bbox 604 1358 683 1415; x_wconf 92' lang='lat' dir='ltr'><strong>De</strong></span> <span class='ocrx_word' id='word_1_80' title='bbox 709 1358 940 1415; x_wconf 87' lang='lat' dir='ltr'><strong>cometis</strong></span> <span class='ocrx_word' id='word_1_81' title='bbox 970 1367 1024 1414; x_wconf 91' lang='lat' dir='ltr'><strong>et</strong></span> <span class='ocrx_word' id='word_1_82' title='bbox 1054 1359 1300 1417; x_wconf 87' lang='lat' dir='ltr'><strong>trabibus</strong></span> <span class='ocrx_word' id='word_1_83' title='bbox 1332 1358 1605 1431; x_wconf 89' lang='lat' dir='ltr'><strong>scripsere</strong></span> <span class='ocrx_word' id='word_1_84' title='bbox 1627 1359 1936 1431; x_wconf 86' lang='lat' dir='ltr'><strong>complures</strong></span> <span class='ocrx_word' id='word_1_85' title='bbox 1965 1378 1977 1415; x_wconf 90' lang='lat'><strong>:</strong></span> 
     </span>
    </p>
   </div>
   <div class='ocr_carea' id='block_1_15' title="bbox 408 1451 1983 1521">
    <p class='ocr_par' dir='ltr' id='par_1_15' title="bbox 408 1451 1983 1521">
     <span class='ocr_line' id='line_1_15' title="bbox 408 1451 1983 1521; baseline 0.001 -13"><span class='ocrx_word' id='word_1_86' title='bbox 408 1454 558 1509; x_wconf 90' lang='lat' dir='ltr'><strong>velut</strong></span> <span class='ocrx_word' id='word_1_87' title='bbox 584 1452 914 1509; x_wconf 90' lang='lat' dir='ltr'><strong>Demetrius.</strong></span> <span class='ocrx_word' id='word_1_88' title='bbox 944 1451 1124 1509; x_wconf 92' lang='lat' dir='ltr'><strong>Locus</strong></span> <span class='ocrx_word' id='word_1_89' title='bbox 1148 1468 1338 1509; x_wconf 88' lang='lat' dir='ltr'><strong>eorum</strong></span> <span class='ocrx_word' id='word_1_90' title='bbox 1374 1463 1460 1510; x_wconf 89' lang='lat' dir='ltr'><strong>est</strong></span> <span class='ocrx_word' id='word_1_91' title='bbox 1505 1454 1563 1509; x_wconf 92' lang='lat' dir='ltr'><strong>in</strong></span> <span class='ocrx_word' id='word_1_92' title='bbox 1601 1469 1745 1521; x_wconf 90' lang='lat' dir='ltr'><strong>aere,</strong></span> <span class='ocrx_word' id='word_1_93' title='bbox 1776 1469 1888 1510; x_wconf 91' lang='lat' dir='ltr'><strong>non</strong></span> <span class='ocrx_word' id='word_1_94' title='bbox 1926 1457 1983 1511; x_wconf 90' lang='lat' dir='ltr'><strong>in</strong></span> 
     </span>
    </p>
   </div>
   <div class='ocr_carea' id='block_1_16' title="bbox 410 1544 1984 1617">
    <p class='ocr_par' dir='ltr' id='par_1_16' title="bbox 410 1544 1984 1617">
     <span class='ocr_line' id='line_1_16' title="bbox 410 1544 1984 1617; baseline 0 -16"><span class='ocrx_word' id='word_1_95' title='bbox 410 1545 569 1601; x_wconf 72' lang='lat' dir='ltr'><strong>cmlo.</strong></span> <span class='ocrx_word' id='word_1_96' title='bbox 603 1544 681 1598; x_wconf 86' lang='lat' dir='ltr'><strong>Ex</strong></span> <span class='ocrx_word' id='word_1_97' title='bbox 714 1545 784 1600; x_wconf 88' lang='lat' dir='ltr'><strong>iis</strong></span> <span class='ocrx_word' id='word_1_98' title='bbox 816 1559 1052 1617; x_wconf 91' lang='lat' dir='ltr'><strong>quorum</strong></span> <span class='ocrx_word' id='word_1_99' title='bbox 1099 1544 1284 1601; x_wconf 89' lang='lat' dir='ltr'><strong>lumen</strong></span> <span class='ocrx_word' id='word_1_100' title='bbox 1328 1544 1589 1601; x_wconf 86' lang='lat' dir='ltr'><strong>deorsum</strong></span> <span class='ocrx_word' id='word_1_101' title='bbox 1630 1546 1891 1617; x_wconf 89' lang='lat' dir='ltr'><strong>respicit,</strong></span> <span class='ocrx_word' id='word_1_102' title='bbox 1924 1554 1984 1601; x_wconf 89' lang='lat' dir='ltr'><strong>ut</strong></span> 
     </span>
    </p>
   </div>
   <div class='ocr_carea' id='block_1_17' title="bbox 410 1636 2057 1728">
    <p class='ocr_par' dir='ltr' id='par_1_17' title="bbox 410 1636 2057 1728">
     <span class='ocr_line' id='line_1_17' title="bbox 410 1636 2057 1728; baseline -0.001 -37"><span class='ocrx_word' id='word_1_103' title='bbox 410 1652 604 1693; x_wconf 88' lang='lat' dir='ltr'><strong>versus</strong></span> <span class='ocrx_word' id='word_1_104' title='bbox 632 1652 752 1693; x_wconf 91' lang='lat' dir='ltr'><strong>eam</strong></span> <span class='ocrx_word' id='word_1_105' title='bbox 774 1643 983 1707; x_wconf 79' lang='lat' dir='ltr'><strong>partem</strong></span> <span class='ocrx_word' id='word_1_106' title='bbox 1000 1651 1292 1694; x_wconf 88' lang='lat' dir='ltr'><strong>coruscare</strong></span> <span class='ocrx_word' id='word_1_107' title='bbox 1306 1636 1595 1692; x_wconf 87' lang='lat' dir='ltr'><strong>videantur</strong></span> <span class='ocrx_word' id='word_1_108' title='bbox 1612 1677 1628 1704; x_wconf 95' lang='lat'><strong>,</strong></span> <span class='ocrx_word' id='word_1_109' title='bbox 1670 1657 1688 1690; x_wconf 88' lang='grc'><strong>‹</strong></span> <span class='ocrx_word' id='word_1_110' title='bbox 1713 1647 1937 1694; x_wconf 75' lang='lat' dir='ltr'><strong>cometae</strong></span> <span class='ocrx_word' id='word_1_111' title='bbox 1958 1656 1978 1690; x_wconf 77' lang='grc' dir='ltr'><strong>ι</strong></span> <span class='ocrx_word' id='word_1_112' title='bbox 2013 1671 2057 1728; x_wconf 74' lang='grc' dir='ltr'><strong>Β</strong></span> 
     </span>
    </p>
   </div>
   <div class='ocr_carea' id='block_1_18' title="bbox 409 1726 1982 1798">
    <p class='ocr_par' dir='ltr' id='par_1_18' title="bbox 409 1726 1982 1798">
     <span class='ocr_line' id='line_1_18' title="bbox 409 1726 1982 1798; baseline -0.001 -16"><span class='ocrx_word' id='word_1_113' title='bbox 409 1726 807 1794; x_wconf 87' lang='lat' dir='ltr'><strong>nominantur;</strong></span> <span class='ocrx_word' id='word_1_114' title='bbox 876 1741 1114 1797; x_wconf 88' lang='lat' dir='ltr'><strong>quorum</strong></span> <span class='ocrx_word' id='word_1_115' title='bbox 1180 1726 1437 1797; x_wconf 84' lang='lat' dir='ltr'><strong>splendor</strong></span> <span class='ocrx_word' id='word_1_116' title='bbox 1492 1742 1711 1784; x_wconf 89' lang='lat' dir='ltr'><strong>sursum</strong></span> <span class='ocrx_word' id='word_1_117' title='bbox 1771 1727 1982 1798; x_wconf 82' lang='lat' dir='ltr'><strong>vergit,</strong></span> 
     </span>
    </p>
   </div>
   <div class='ocr_carea' id='block_1_19' title="bbox 418 1818 1979 1891">
    <p class='ocr_par' dir='ltr' id='par_1_19' title="bbox 418 1818 1979 1891">
     <span class='ocr_line' id='line_1_19' title="bbox 418 1818 1979 1891; baseline 0 -19"><span class='ocrx_word' id='word_1_118' title='bbox 418 1838 438 1872; x_wconf 78' lang='grc' dir='ltr'>ι</span> <span class='ocrx_word' id='word_1_119' title='bbox 473 1818 662 1887; x_wconf 83' lang='lat' dir='ltr'><strong>faces;</strong></span> <span class='ocrx_word' id='word_1_120' title='bbox 702 1837 723 1873; x_wconf 80' lang='grc' dir='ltr'><strong>ι</strong></span> <span class='ocrx_word' id='word_1_121' title='bbox 757 1834 883 1875; x_wconf 92' lang='lat' dir='ltr'><strong>cum</strong></span> <span class='ocrx_word' id='word_1_122' title='bbox 913 1820 1002 1874; x_wconf 86' lang='lat' dir='ltr'><strong>lux</strong></span> <span class='ocrx_word' id='word_1_123' title='bbox 1037 1820 1253 1875; x_wconf 86' lang='lat' dir='ltr'><strong>tractim</strong></span> <span class='ocrx_word' id='word_1_124' title='bbox 1282 1819 1624 1891; x_wconf 84' lang='lat' dir='ltr'><strong>producitur,</strong></span> <span class='ocrx_word' id='word_1_125' title='bbox 1651 1839 1670 1871; x_wconf 73' lang='grc' dir='ltr'><strong>ι</strong></span> <span class='ocrx_word' id='word_1_126' title='bbox 1707 1819 1927 1887; x_wconf 88' lang='lat' dir='ltr'><strong>trabes;</strong></span> <span class='ocrx_word' id='word_1_127' title='bbox 1960 1839 1979 1872; x_wconf 75' lang='grc' dir='ltr'><strong>ι</strong></span> 
     </span>
    </p>
   </div>
   <div class='ocr_carea' id='block_1_20' title="bbox 413 1912 1982 1984">
    <p class='ocr_par' dir='ltr' id='par_1_20' title="bbox 413 1912 1982 1984">
     <span class='ocr_line' id='line_1_20' title="bbox 413 1912 1982 1984; baseline 0.001 -17"><span class='ocrx_word' id='word_1_128' title='bbox 413 1912 635 1983; x_wconf 89' lang='lat' dir='ltr'><strong>quando</strong></span> <span class='ocrx_word' id='word_1_129' title='bbox 675 1912 954 1970; x_wconf 90' lang='lat' dir='ltr'><strong>roscidum</strong></span> <span class='ocrx_word' id='word_1_130' title='bbox 1004 1913 1189 1969; x_wconf 90' lang='lat' dir='ltr'><strong>lumen</strong></span> <span class='ocrx_word' id='word_1_131' title='bbox 1235 1926 1480 1984; x_wconf 88' lang='lat' dir='ltr'><strong>apparet,</strong></span> <span class='ocrx_word' id='word_1_132' title='bbox 1512 1932 1534 1966; x_wconf 77' lang='grc' dir='ltr'><strong>ι</strong></span> <span class='ocrx_word' id='word_1_133' title='bbox 1569 1913 1667 1969; x_wconf 91' lang='lat' dir='ltr'><strong>iris</strong></span> <span class='ocrx_word' id='word_1_134' title='bbox 1706 1932 1724 1967; x_wconf 76' lang='grc' dir='ltr'><strong>ι</strong></span> <span class='ocrx_word' id='word_1_135' title='bbox 1763 1912 1982 1969; x_wconf 90' lang='lat' dir='ltr'><strong>dicitur.</strong></span> 
     </span>
    </p>
   </div>
   <div class='ocr_carea' id='block_1_21' title="bbox 413 2003 1988 2075">
    <p class='ocr_par' dir='ltr' id='par_1_21' title="bbox 413 2003 1988 2075">
     <span class='ocr_line' id='line_1_21' title="bbox 413 2003 1988 2075; baseline -0.001 -17"><span class='ocrx_word' id='word_1_136' title='bbox 413 2003 649 2071; x_wconf 85' lang='lat' dir='ltr'><strong>Quando</strong></span> <span class='ocrx_word' id='word_1_137' title='bbox 682 2004 853 2061; x_wconf 91' lang='lat' dir='ltr'><strong>solem</strong></span> <span class='ocrx_word' id='word_1_138' title='bbox 883 2004 1054 2059; x_wconf 90' lang='lat' dir='ltr'><strong>ambit</strong></span> <span class='ocrx_word' id='word_1_139' title='bbox 1085 2003 1326 2060; x_wconf 91' lang='lat' dir='ltr'><strong>circulus</strong></span> <span class='ocrx_word' id='word_1_140' title='bbox 1356 2023 1369 2059; x_wconf 90' lang='lat'>:</span> <span class='ocrx_word' id='word_1_141' title='bbox 1402 2003 1709 2075; x_wconf 89' lang='lat' dir='ltr'><strong>cujusmodi</strong></span> <span class='ocrx_word' id='word_1_142' title='bbox 1734 2019 1988 2058; x_wconf 90' lang='lat' dir='ltr'><strong>nonnun-</strong></span> 
     </span>
    </p>
   </div>
   <div class='ocr_carea' id='block_1_22' title="bbox 415 2092 1989 2167">
    <p class='ocr_par' dir='ltr' id='par_1_22' title="bbox 415 2092 1989 2167">
     <span class='ocr_line' id='line_1_22' title="bbox 415 2092 1989 2167; baseline -0.003 -16"><span class='ocrx_word' id='word_1_143' title='bbox 415 2111 582 2167; x_wconf 86' lang='lat' dir='ltr'><strong>quam</strong></span> <span class='ocrx_word' id='word_1_144' title='bbox 625 2095 735 2151; x_wconf 94' lang='lat' dir='ltr'><strong>duo</strong></span> <span class='ocrx_word' id='word_1_145' title='bbox 767 2102 951 2152; x_wconf 86' lang='lat' dir='ltr'><strong>tresve</strong></span> <span class='ocrx_word' id='word_1_146' title='bbox 979 2096 1115 2151; x_wconf 88' lang='lat' dir='ltr'><strong>ﬁunt</strong></span> <span class='ocrx_word' id='word_1_147' title='bbox 1141 2115 1153 2151; x_wconf 93' lang='lat'>:</span> <span class='ocrx_word' id='word_1_148' title='bbox 1191 2094 1336 2151; x_wconf 91' lang='lat' dir='ltr'><strong>unde</strong></span> <span class='ocrx_word' id='word_1_149' title='bbox 1361 2105 1415 2151; x_wconf 90' lang='lat' dir='ltr'><strong>et</strong></span> <span class='ocrx_word' id='word_1_150' title='bbox 1442 2095 1643 2149; x_wconf 85' lang='lat' dir='ltr'><strong>Aratus</strong></span> <span class='ocrx_word' id='word_1_151' title='bbox 1669 2093 1807 2149; x_wconf 80' lang='lat' dir='ltr'><strong>dixit</strong></span> <span class='ocrx_word' id='word_1_152' title='bbox 1838 2110 1858 2146; x_wconf 79' lang='grc' dir='ltr'><strong>ι</strong></span> <span class='ocrx_word' id='word_1_153' title='bbox 1889 2092 1989 2149; x_wconf 91' lang='lat' dir='ltr'><strong>tri-</strong></span> 
     </span>
    </p>
   </div>
   <div class='ocr_carea' id='block_1_23' title="bbox 414 2189 1982 2259">
    <p class='ocr_par' dir='ltr' id='par_1_23' title="bbox 414 2189 1982 2259">
     <span class='ocr_line' id='line_1_23' title="bbox 414 2189 1982 2259; baseline -0.003 -16"><span class='ocrx_word' id='word_1_154' title='bbox 414 2190 674 2259; x_wconf 87' lang='lat' dir='ltr'><strong>plicatam</strong></span> <span class='ocrx_word' id='word_1_155' title='bbox 708 2204 911 2255; x_wconf 88' lang='lat' dir='ltr'><strong>aream,</strong></span> <span class='ocrx_word' id='word_1_156' title='bbox 935 2209 977 2250; x_wconf 18' lang='grc' dir='ltr'>γι</span> <span class='ocrx_word' id='word_1_157' title='bbox 1021 2199 1246 2245; x_wconf 87' lang='lat' dir='ltr'><strong>vocatur</strong></span> <span class='ocrx_word' id='word_1_158' title='bbox 1272 2190 1416 2253; x_wconf 82' lang='grc' dir='ltr'>ἆλως</span> <span class='ocrx_word' id='word_1_159' title='bbox 1437 2228 1453 2254; x_wconf 95' lang='grc'><strong>,</strong></span> <span class='ocrx_word' id='word_1_160' title='bbox 1498 2189 1551 2243; x_wconf 93' lang='lat' dir='ltr'><strong>id</strong></span> <span class='ocrx_word' id='word_1_161' title='bbox 1583 2195 1668 2244; x_wconf 87' lang='lat' dir='ltr'><strong>est</strong></span> <span class='ocrx_word' id='word_1_162' title='bbox 1718 2206 1738 2239; x_wconf 78' lang='grc' dir='ltr'>ι</span> <span class='ocrx_word' id='word_1_163' title='bbox 1778 2200 1926 2241; x_wconf 91' lang='lat' dir='ltr'><strong>area.</strong></span> <span class='ocrx_word' id='word_1_164' title='bbox 1962 2204 1982 2238; x_wconf 76' lang='grc' dir='ltr'><strong>ι</strong></span> 
     </span>
    </p>
   </div>
   <div class='ocr_carea' id='block_1_24' title="bbox 418 2281 1989 2353">
    <p class='ocr_par' dir='ltr' id='par_1_24' title="bbox 418 2281 1989 2353">
     <span class='ocr_line' id='line_1_24' title="bbox 418 2281 1989 2353; baseline -0.001 -18"><span class='ocrx_word' id='word_1_165' title='bbox 418 2281 478 2336; x_wconf 90' lang='lat' dir='ltr'><strong>Si</strong></span> <span class='ocrx_word' id='word_1_166' title='bbox 505 2282 575 2338; x_wconf 91' lang='lat' dir='ltr'><strong>ab</strong></span> <span class='ocrx_word' id='word_1_167' title='bbox 605 2281 772 2338; x_wconf 89' lang='lat' dir='ltr'><strong>astris</strong></span> <span class='ocrx_word' id='word_1_168' title='bbox 826 2282 966 2353; x_wconf 86' lang='lat' dir='ltr'><strong>ignis</strong></span> <span class='ocrx_word' id='word_1_169' title='bbox 1011 2282 1079 2337; x_wconf 92' lang='lat' dir='ltr'><strong>ad</strong></span> <span class='ocrx_word' id='word_1_170' title='bbox 1113 2281 1372 2339; x_wconf 77' lang='lat' dir='ltr'><strong>inferiora</strong></span> <span class='ocrx_word' id='word_1_171' title='bbox 1417 2281 1786 2353; x_wconf 82' lang='lat' dir='ltr'><strong>prOpellatur,</strong></span> <span class='ocrx_word' id='word_1_172' title='bbox 1844 2299 1863 2332; x_wconf 76' lang='grc' dir='ltr'><strong>ι</strong></span> <span class='ocrx_word' id='word_1_173' title='bbox 1907 2286 1989 2334; x_wconf 88' lang='lat' dir='ltr'><strong>te-</strong></span> 
     </span>
    </p>
   </div>
   <div class='ocr_carea' id='block_1_25' title="bbox 414 2372 1986 2447">
    <p class='ocr_par' dir='ltr' id='par_1_25' title="bbox 414 2372 1986 2447">
     <span class='ocr_line' id='line_1_25' title="bbox 414 2372 1986 2447; baseline -0.001 -18"><span class='ocrx_word' id='word_1_174' title='bbox 414 2389 627 2442; x_wconf 81' lang='lat' dir='ltr'><strong>mones,</strong></span> <span class='ocrx_word' id='word_1_175' title='bbox 650 2394 669 2428; x_wconf 81' lang='grc'><strong>»</strong></span> <span class='ocrx_word' id='word_1_176' title='bbox 688 2382 742 2431; x_wconf 89' lang='lat' dir='ltr'><strong>et</strong></span> <span class='ocrx_word' id='word_1_177' title='bbox 762 2393 781 2427; x_wconf 79' lang='grc' dir='ltr'><strong>ι</strong></span> <span class='ocrx_word' id='word_1_178' title='bbox 814 2374 1078 2447; x_wconf 84' lang='lat' dir='ltr'><strong>proﬁuvia</strong></span> <span class='ocrx_word' id='word_1_179' title='bbox 1102 2396 1122 2428; x_wconf 79' lang='grc' dir='ltr'><strong>ι</strong></span> <span class='ocrx_word' id='word_1_180' title='bbox 1153 2383 1560 2445; x_wconf 90' lang='lat' dir='ltr'><strong>nuncupantur.</strong></span> <span class='ocrx_word' id='word_1_181' title='bbox 1578 2373 1680 2441; x_wconf 89' lang='lat' dir='ltr'><strong>Qui</strong></span> <span class='ocrx_word' id='word_1_182' title='bbox 1698 2372 1986 2429; x_wconf 89' lang='lat' dir='ltr'><strong>subsultim</strong></span> 
     </span>
    </p>
   </div>
   <div class='ocr_carea' id='block_1_26' title="bbox 415 2464 1991 2540">
    <p class='ocr_par' dir='ltr' id='par_1_26' title="bbox 415 2464 1991 2540">
     <span class='ocr_line' id='line_1_26' title="bbox 415 2464 1991 2540; baseline -0.003 -19"><span class='ocrx_word' id='word_1_183' title='bbox 415 2467 525 2523; x_wconf 93' lang='lat' dir='ltr'><strong>huc</strong></span> <span class='ocrx_word' id='word_1_184' title='bbox 574 2474 630 2524; x_wconf 89' lang='lat' dir='ltr'><strong>et</strong></span> <span class='ocrx_word' id='word_1_185' title='bbox 667 2468 798 2523; x_wconf 91' lang='lat' dir='ltr'><strong>illuc</strong></span> <span class='ocrx_word' id='word_1_186' title='bbox 833 2468 1142 2540; x_wconf 78' lang='lat' dir='ltr'><strong>agitantur,</strong></span> <span class='ocrx_word' id='word_1_187' title='bbox 1203 2486 1221 2520; x_wconf 79' lang='grc' dir='ltr'><strong>ι</strong></span> <span class='ocrx_word' id='word_1_188' title='bbox 1264 2469 1521 2524; x_wconf 87' lang='lat' dir='ltr'><strong>salientes</strong></span> <span class='ocrx_word' id='word_1_189' title='bbox 1561 2486 1581 2519; x_wconf 79' lang='grc' dir='ltr'><strong>ι</strong></span> <span class='ocrx_word' id='word_1_190' title='bbox 1640 2473 1695 2523; x_wconf 90' lang='lat' dir='ltr'><strong>et</strong></span> <span class='ocrx_word' id='word_1_191' title='bbox 1728 2486 1746 2519; x_wconf 78' lang='grc' dir='ltr'>ι</span> <span class='ocrx_word' id='word_1_192' title='bbox 1786 2464 1991 2521; x_wconf 87' lang='lat' dir='ltr'><strong>transi-</strong></span> 
     </span>
    </p>
   </div>
   <div class='ocr_carea' id='block_1_27' title="bbox 416 2558 1990 2633">
    <p class='ocr_par' dir='ltr' id='par_1_27' title="bbox 416 2558 1990 2633">
     <span class='ocr_line' id='line_1_27' title="bbox 416 2558 1990 2633; baseline 0 -20"><span class='ocrx_word' id='word_1_193' title='bbox 416 2560 611 2617; x_wconf 89' lang='lat' dir='ltr'><strong>lientes</strong></span> <span class='ocrx_word' id='word_1_194' title='bbox 641 2580 653 2616; x_wconf 90' lang='lat'><strong>:</strong></span> <span class='ocrx_word' id='word_1_195' title='bbox 684 2561 830 2633; x_wconf 66' lang='lat' dir='ltr'><strong>qusd</strong></span> <span class='ocrx_word' id='word_1_196' title='bbox 863 2562 924 2617; x_wconf 89' lang='lat' dir='ltr'><strong>ﬁt</strong></span> <span class='ocrx_word' id='word_1_197' title='bbox 957 2562 1129 2619; x_wconf 89' lang='lat' dir='ltr'><strong>stellis</strong></span> <span class='ocrx_word' id='word_1_198' title='bbox 1174 2571 1336 2618; x_wconf 88' lang='lat' dir='ltr'><strong>vento</strong></span> <span class='ocrx_word' id='word_1_199' title='bbox 1362 2558 1682 2625; x_wconf 84' lang='lat' dir='ltr'><strong>concussis,</strong></span> <span class='ocrx_word' id='word_1_200' title='bbox 1723 2567 1778 2616; x_wconf 88' lang='lat' dir='ltr'><strong>et</strong></span> <span class='ocrx_word' id='word_1_201' title='bbox 1832 2559 1990 2630; x_wconf 91' lang='lat' dir='ltr'><strong>quasi</strong></span> 
     </span>
    </p>
   </div>
   <div class='ocr_carea' id='block_1_28' title="bbox 415 2651 1991 2722">
    <p class='ocr_par' dir='ltr' id='par_1_28' title="bbox 415 2651 1991 2722">
     <span class='ocr_line' id='line_1_28' title="bbox 415 2651 1991 2722; baseline -0.002 -15"><span class='ocrx_word' id='word_1_202' title='bbox 415 2652 680 2709; x_wconf 88' lang='lat' dir='ltr'><strong>scintillas</strong></span> <span class='ocrx_word' id='word_1_203' title='bbox 713 2654 1111 2711; x_wconf 89' lang='lat' dir='ltr'><strong>emittentibus.</strong></span> <span class='ocrx_word' id='word_1_204' title='bbox 1146 2651 1287 2708; x_wconf 88' lang='lat' dir='ltr'><strong>Hinc</strong></span> <span class='ocrx_word' id='word_1_205' title='bbox 1335 2652 1472 2707; x_wconf 90' lang='lat' dir='ltr'><strong>illud</strong></span> <span class='ocrx_word' id='word_1_206' title='bbox 1522 2659 1810 2708; x_wconf 79' lang='lat' dir='ltr'><strong>ventorum</strong></span> <span class='ocrx_word' id='word_1_207' title='bbox 1851 2666 1991 2722; x_wconf 80' lang='lat' dir='ltr'><strong>prae-</strong></span> 
     </span>
    </p>
   </div>
   <div class='ocr_carea' id='block_1_29' title="bbox 416 2742 1984 2816">
    <p class='ocr_par' dir='ltr' id='par_1_29' title="bbox 416 2742 1984 2816">
     <span class='ocr_line' id='line_1_29' title="bbox 416 2742 1984 2816; baseline -0.003 -17"><span class='ocrx_word' id='word_1_208' title='bbox 416 2745 628 2816; x_wconf 83' lang='lat' dir='ltr'><strong>sagium</strong></span> <span class='ocrx_word' id='word_1_209' title='bbox 681 2743 862 2801; x_wconf 82' lang='lat' dir='ltr'><strong>facere</strong></span> <span class='ocrx_word' id='word_1_210' title='bbox 906 2743 1067 2800; x_wconf 90' lang='lat' dir='ltr'><strong>docet</strong></span> <span class='ocrx_word' id='word_1_211' title='bbox 1112 2744 1336 2799; x_wconf 87' lang='lat' dir='ltr'><strong>Aratus.</strong></span> <span class='ocrx_word' id='word_1_212' title='bbox 1368 2743 1452 2797; x_wconf 81' lang='lat' dir='ltr'><strong>Ad</strong></span> <span class='ocrx_word' id='word_1_213' title='bbox 1485 2742 1600 2797; x_wconf 64' lang='lat' dir='ltr'><strong>hac</strong></span> <span class='ocrx_word' id='word_1_214' title='bbox 1634 2761 1653 2794; x_wconf 77' lang='grc' dir='ltr'><strong>ι</strong></span> <span class='ocrx_word' id='word_1_215' title='bbox 1690 2757 1932 2814; x_wconf 67' lang='lat' dir='ltr'><strong>praesepe</strong></span> <span class='ocrx_word' id='word_1_216' title='bbox 1966 2760 1984 2795; x_wconf 80' lang='grc' dir='ltr'><strong>ι</strong></span> 
     </span>
    </p>
   </div>
   <div class='ocr_carea' id='block_1_30' title="bbox 414 2836 1988 2910">
    <p class='ocr_par' dir='ltr' id='par_1_30' title="bbox 414 2836 1988 2910">
     <span class='ocr_line' id='line_1_30' title="bbox 414 2836 1988 2910; baseline -0.001 -18"><span class='ocrx_word' id='word_1_217' title='bbox 414 2849 610 2894; x_wconf 87' lang='lat' dir='ltr'><strong>vocant</strong></span> <span class='ocrx_word' id='word_1_218' title='bbox 644 2839 844 2898; x_wconf 65' lang='lat' dir='ltr'><strong>nubem</strong></span> <span class='ocrx_word' id='word_1_219' title='bbox 898 2839 1192 2910; x_wconf 82' lang='lat' dir='ltr'><strong>quamdam</strong></span> <span class='ocrx_word' id='word_1_220' title='bbox 1251 2839 1401 2893; x_wconf 85' lang='lat' dir='ltr'><strong>circa</strong></span> <span class='ocrx_word' id='word_1_221' title='bbox 1452 2837 1726 2893; x_wconf 89' lang='lat' dir='ltr'><strong>Cancrum</strong></span> <span class='ocrx_word' id='word_1_222' title='bbox 1762 2836 1988 2907; x_wconf 55' lang='lat' dir='ltr'><strong>congloc</strong></span> 
     </span>
    </p>
   </div>
   <div class='ocr_carea' id='block_1_31' title="bbox 413 2927 1990 3002">
    <p class='ocr_par' dir='ltr' id='par_1_31' title="bbox 413 2927 1990 3002">
     <span class='ocr_line' id='line_1_31' title="bbox 413 2927 1990 3002; baseline -0.003 -16"><span class='ocrx_word' id='word_1_223' title='bbox 413 2929 599 2986; x_wconf 88' lang='lat' dir='ltr'><strong>batam</strong></span> <span class='ocrx_word' id='word_1_224' title='bbox 655 2941 709 2986; x_wconf 91' lang='lat' dir='ltr'><strong>et</strong></span> <span class='ocrx_word' id='word_1_225' title='bbox 756 2931 1127 3001; x_wconf 83' lang='lat' dir='ltr'><strong>splendidam,</strong></span> <span class='ocrx_word' id='word_1_226' title='bbox 1179 2937 1240 2985; x_wconf 91' lang='lat' dir='ltr'><strong>ut</strong></span> <span class='ocrx_word' id='word_1_227' title='bbox 1287 2932 1489 2986; x_wconf 85' lang='lat' dir='ltr'><strong>Aratus</strong></span> <span class='ocrx_word' id='word_1_228' title='bbox 1535 2930 1844 3002; x_wconf 88' lang='lat' dir='ltr'><strong>signiﬁcat:</strong></span> <span class='ocrx_word' id='word_1_229' title='bbox 1901 2927 1990 2983; x_wconf 87' lang='lat' dir='ltr'><strong>cui</strong></span> 
     </span>
    </p>
   </div>
   <div class='ocr_carea' id='block_1_32' title="bbox 2077 522 3657 603">
    <p class='ocr_par' dir='ltr' id='par_1_32' title="bbox 2077 522 3657 603">
     <span class='ocr_line' id='line_1_32' title="bbox 2077 522 3657 603; baseline 0.01 -28"><span class='ocrx_word' id='word_1_230' title='bbox 2077 539 2203 576; x_wconf 90' lang='grc' dir='ltr'>ται·</span> <span class='ocrx_word' id='word_1_231' title='bbox 2228 522 2416 597; x_wconf 83' lang='grc' dir='ltr'>ὥσπερ</span> <span class='ocrx_word' id='word_1_232' title='bbox 2449 526 2498 579; x_wconf 84' lang='grc' dir='ltr'>οἱ</span> <span class='ocrx_word' id='word_1_233' title='bbox 2538 525 2690 596; x_wconf 79' lang='grc' dir='ltr'>μετά“</span> <span class='ocrx_word' id='word_1_234' title='bbox 2721 526 2981 599; x_wconf 85' lang='grc' dir='ltr'><strong>δινήσεως</strong></span> <span class='ocrx_word' id='word_1_235' title='bbox 3015 530 3281 603; x_wconf 79' lang='grc' dir='ltr'>στρόϐιλοι</span> <span class='ocrx_word' id='word_1_236' title='bbox 3300 550 3316 565; x_wconf 88' lang='grc'><strong>·</strong></span> <span class='ocrx_word' id='word_1_237' title='bbox 3345 534 3441 588; x_wconf 82' lang='grc' dir='ltr'>καὶ</span> <span class='ocrx_word' id='word_1_238' title='bbox 3464 535 3514 587; x_wconf 85' lang='grc' dir='ltr'><strong>οἱ</strong></span> <span class='ocrx_word' id='word_1_239' title='bbox 3555 537 3657 590; x_wconf 86' lang='grc' dir='ltr'>κά-</span> 
     </span>
    </p>
   </div>
   <div class='ocr_carea' id='block_1_33' title="bbox 2078 615 3656 698">
    <p class='ocr_par' dir='ltr' id='par_1_33' title="bbox 2078 615 3656 698">
     <span class='ocr_line' id='line_1_33' title="bbox 2078 615 3656 698; baseline 0.01 -31"><span class='ocrx_word' id='word_1_240' title='bbox 2078 615 2248 669; x_wconf 88' lang='grc' dir='ltr'>τωθεν</span> <span class='ocrx_word' id='word_1_241' title='bbox 2273 616 2354 680; x_wconf 83' lang='grc' dir='ltr'><strong>είς</strong></span> <span class='ocrx_word' id='word_1_242' title='bbox 2386 616 2520 687; x_wconf 73' lang='grc' dir='ltr'>ὕψος</span> <span class='ocrx_word' id='word_1_243' title='bbox 2546 618 2834 689; x_wconf 89' lang='grc' dir='ltr'>φερόμενοι</span> <span class='ocrx_word' id='word_1_244' title='bbox 2857 622 3191 693; x_wconf 77' lang='grc' dir='ltr'><strong>πρηστῆρες.</strong></span> <span class='ocrx_word' id='word_1_245' title='bbox 3238 624 3656 698; x_wconf 80' lang='grc' dir='ltr'>Ἐπραγματεύ-</span> 
     </span>
    </p>
   </div>
   <div class='ocr_carea' id='block_1_34' title="bbox 2080 708 3658 789">
    <p class='ocr_par' dir='ltr' id='par_1_34' title="bbox 2080 708 3658 789">
     <span class='ocr_line' id='line_1_34' title="bbox 2080 708 3658 789; baseline 0.01 -29"><span class='ocrx_word' id='word_1_246' title='bbox 2080 725 2211 761; x_wconf 81' lang='grc' dir='ltr'>σατο</span> <span class='ocrx_word' id='word_1_247' title='bbox 2246 708 2305 762; x_wconf 81' lang='grc' dir='ltr'><strong>δὲ</strong></span> <span class='ocrx_word' id='word_1_248' title='bbox 2341 710 2473 781; x_wconf 74' lang='grc' dir='ltr'>περὶ</span> <span class='ocrx_word' id='word_1_249' title='bbox 2498 710 2713 782; x_wconf 87' lang='grc' dir='ltr'>ἀνέμων</span> <span class='ocrx_word' id='word_1_250' title='bbox 2740 712 2833 766; x_wconf 77' lang='grc' dir='ltr'><strong>καὶ</strong></span> <span class='ocrx_word' id='word_1_251' title='bbox 2868 713 3276 788; x_wconf 77' lang='grc' dir='ltr'><strong>Ἐρατοσθένης.</strong></span> <span class='ocrx_word' id='word_1_252' title='bbox 3312 719 3379 771; x_wconf 87' lang='grc' dir='ltr'><strong>Οἱ</strong></span> <span class='ocrx_word' id='word_1_253' title='bbox 3418 720 3476 772; x_wconf 80' lang='grc' dir='ltr'>δὲ</span> <span class='ocrx_word' id='word_1_254' title='bbox 3510 737 3658 789; x_wconf 86' lang='grc' dir='ltr'>γενι-</span> 
     </span>
    </p>
   </div>
   <div class='ocr_carea' id='block_1_35' title="bbox 2079 800 3660 880">
    <p class='ocr_par' dir='ltr' id='par_1_35' title="bbox 2079 800 3660 880">
     <span class='ocr_line' id='line_1_35' title="bbox 2079 800 3660 880; baseline 0.009 -26"><span class='ocrx_word' id='word_1_255' title='bbox 2079 800 2313 858; x_wconf 84' lang='grc' dir='ltr'>κώτατοι</span> <span class='ocrx_word' id='word_1_256' title='bbox 2352 803 2542 875; x_wconf 79' lang='grc' dir='ltr'>ἄνεμοι</span> <span class='ocrx_word' id='word_1_257' title='bbox 2573 803 2840 876; x_wconf 83' lang='grc' dir='ltr'>τέσσαρές</span> <span class='ocrx_word' id='word_1_258' title='bbox 2862 806 3011 859; x_wconf 75' lang='grc' dir='ltr'>ἐίσιο</span> <span class='ocrx_word' id='word_1_259' title='bbox 3047 807 3142 860; x_wconf 73' lang='grc' dir='ltr'><strong>καὶ</strong></span> <span class='ocrx_word' id='word_1_260' title='bbox 3173 811 3202 862; x_wconf 93' lang='grc' dir='ltr'><strong>ὁ</strong></span> <span class='ocrx_word' id='word_1_261' title='bbox 3241 810 3341 880; x_wconf 86' lang='grc' dir='ltr'><strong>μὲν</strong></span> <span class='ocrx_word' id='word_1_262' title='bbox 3388 812 3499 865; x_wconf 82' lang='grc' dir='ltr'><strong>ἀπὸ</strong></span> <span class='ocrx_word' id='word_1_263' title='bbox 3529 814 3660 867; x_wconf 82' lang='grc' dir='ltr'>ἀνα-</span> 
     </span>
    </p>
   </div>
   <div class='ocr_carea' id='block_1_36' title="bbox 2078 882 3658 972">
    <p class='ocr_par' dir='ltr' id='par_1_36' title="bbox 2078 882 3658 972">
     <span class='ocr_line' id='line_1_36' title="bbox 2078 882 3658 972; baseline 0.007 -24"><span class='ocrx_word' id='word_1_264' title='bbox 2078 895 2253 949; x_wconf 88' lang='grc' dir='ltr'>τολῶν</span> <span class='ocrx_word' id='word_1_265' title='bbox 2300 882 2481 950; x_wconf 67' lang='grc' dir='ltr'>πνέων</span> <span class='ocrx_word' id='word_1_266' title='bbox 2540 896 2786 951; x_wconf 81' lang='grc' dir='ltr'>καλεῖται</span> <span class='ocrx_word' id='word_1_267' title='bbox 2831 898 3179 972; x_wconf 85' lang='grc' dir='ltr'><strong>ἀπηλιώτης,</strong></span> <span class='ocrx_word' id='word_1_268' title='bbox 3220 904 3249 956; x_wconf 95' lang='grc' dir='ltr'><strong>ὁ</strong></span> <span class='ocrx_word' id='word_1_269' title='bbox 3296 903 3354 956; x_wconf 87' lang='grc' dir='ltr'><strong>δὲ</strong></span> <span class='ocrx_word' id='word_1_270' title='bbox 3407 904 3515 959; x_wconf 83' lang='grc' dir='ltr'><strong>ἀπὸ</strong></span> <span class='ocrx_word' id='word_1_271' title='bbox 3564 906 3658 959; x_wconf 78' lang='grc' dir='ltr'>τοῦ</span> 
     </span>
    </p>
   </div>
   <div class='ocr_carea' id='block_1_37' title="bbox 2080 989 3658 1069">
    <p class='ocr_par' dir='ltr' id='par_1_37' title="bbox 2080 989 3658 1069">
     <span class='ocr_line' id='line_1_37' title="bbox 2080 989 3658 1069; baseline 0.006 -26"><span class='ocrx_word' id='word_1_272' title='bbox 2080 989 2342 1061; x_wconf 85' lang='grc' dir='ltr'>ἀρκτικοῦ</span> <span class='ocrx_word' id='word_1_273' title='bbox 2388 991 2551 1045; x_wconf 84' lang='grc' dir='ltr'>πόλου</span> <span class='ocrx_word' id='word_1_274' title='bbox 2600 991 2814 1064; x_wconf 85' lang='grc' dir='ltr'>βορέας,</span> <span class='ocrx_word' id='word_1_275' title='bbox 2846 994 2875 1046; x_wconf 86' lang='grc' dir='ltr'><strong>ὁ</strong></span> <span class='ocrx_word' id='word_1_276' title='bbox 2905 993 2961 1047; x_wconf 81' lang='grc' dir='ltr'>δὲ</span> <span class='ocrx_word' id='word_1_277' title='bbox 3004 994 3111 1048; x_wconf 86' lang='grc' dir='ltr'><strong>ἀπὸ</strong></span> <span class='ocrx_word' id='word_1_278' title='bbox 3156 994 3250 1048; x_wconf 80' lang='grc' dir='ltr'>τοῦ</span> <span class='ocrx_word' id='word_1_279' title='bbox 3293 996 3658 1069; x_wconf 83' lang='grc' dir='ltr'>ἀνταρκτικοῦ</span> 
     </span>
    </p>
   </div>
   <div class='ocr_carea' id='block_1_38' title="bbox 2082 1083 3661 1161">
    <p class='ocr_par' dir='ltr' id='par_1_38' title="bbox 2082 1083 3661 1161">
     <span class='ocr_line' id='line_1_38' title="bbox 2082 1083 3661 1161; baseline 0.005 -25"><span class='ocrx_word' id='word_1_280' title='bbox 2082 1083 2253 1149; x_wconf 88' lang='grc' dir='ltr'>νότος,</span> <span class='ocrx_word' id='word_1_281' title='bbox 2283 1085 2312 1137; x_wconf 90' lang='grc' dir='ltr'><strong>ό</strong></span> <span class='ocrx_word' id='word_1_282' title='bbox 2341 1083 2397 1136; x_wconf 85' lang='grc' dir='ltr'>δὲ</span> <span class='ocrx_word' id='word_1_283' title='bbox 2427 1083 2535 1138; x_wconf 80' lang='grc' dir='ltr'><strong>ἀπὸ</strong></span> <span class='ocrx_word' id='word_1_284' title='bbox 2569 1084 2772 1150; x_wconf 89' lang='grc' dir='ltr'>δύσεως</span> <span class='ocrx_word' id='word_1_285' title='bbox 2809 1084 3042 1159; x_wconf 78' lang='grc' dir='ltr'>ζέφυρος</span> <span class='ocrx_word' id='word_1_286' title='bbox 3067 1103 3082 1118; x_wconf 78' lang='grc' dir='ltr'><strong><em>ο</em></strong></span> <span class='ocrx_word' id='word_1_287' title='bbox 3110 1085 3273 1158; x_wconf 70' lang='grc' dir='ltr'>ζόφος</span> <span class='ocrx_word' id='word_1_288' title='bbox 3308 1088 3421 1161; x_wconf 88' lang='grc' dir='ltr'>γὰρ</span> <span class='ocrx_word' id='word_1_289' title='bbox 3449 1091 3486 1161; x_wconf 87' lang='grc' dir='ltr'><strong>ή</strong></span> <span class='ocrx_word' id='word_1_290' title='bbox 3511 1091 3661 1154; x_wconf 83' lang='grc' dir='ltr'>δύσις</span> 
     </span>
    </p>
   </div>
   <div class='ocr_carea' id='block_1_39' title="bbox 2084 1175 2651 1247">
    <p class='ocr_par' dir='ltr' id='par_1_39' title="bbox 2084 1175 2651 1247">
     <span class='ocr_line' id='line_1_39' title="bbox 2084 1175 2651 1247; baseline 0.004 -17"><span class='ocrx_word' id='word_1_291' title='bbox 2084 1175 2225 1231; x_wconf 88' lang='grc' dir='ltr'><strong>κατά</strong></span> <span class='ocrx_word' id='word_1_292' title='bbox 2245 1177 2372 1241; x_wconf 79' lang='grc' dir='ltr'>τοὺς</span> <span class='ocrx_word' id='word_1_293' title='bbox 2406 1177 2651 1247; x_wconf 84' lang='grc' dir='ltr'>ποιητάς.</span> 
     </span>
    </p>
   </div>
   <div class='ocr_carea' id='block_1_40' title="bbox 2639 1270 3099 1341">
    <p class='ocr_par' dir='ltr' id='par_1_40' title="bbox 2639 1270 3099 1341">
     <span class='ocr_line' id='line_1_40' title="bbox 2639 1270 3099 1341; baseline 0.009 -17"><span class='ocrx_word' id='word_1_294' title='bbox 2639 1272 2779 1340; x_wconf 77' lang='grc' dir='ltr'>Περὶ</span> <span class='ocrx_word' id='word_1_295' title='bbox 2807 1270 3099 1341; x_wconf 80' lang='grc' dir='ltr'><strong>κομητῶν.</strong></span> 
     </span>
    </p>
   </div>
   <div class='ocr_carea' id='block_1_41' title="bbox 2152 1359 3663 1438">
    <p class='ocr_par' dir='ltr' id='par_1_41' title="bbox 2152 1359 3663 1438">
     <span class='ocr_line' id='line_1_41' title="bbox 2152 1359 3663 1438; baseline 0.006 -25"><span class='ocrx_word' id='word_1_296' title='bbox 2152 1359 2248 1413; x_wconf 85' lang='grc' dir='ltr'>λδ’.</span> <span class='ocrx_word' id='word_1_297' title='bbox 2268 1360 2406 1433; x_wconf 80' lang='grc' dir='ltr'>Περὶ</span> <span class='ocrx_word' id='word_1_298' title='bbox 2426 1361 2482 1414; x_wconf 82' lang='grc' dir='ltr'>δὲ</span> <span class='ocrx_word' id='word_1_299' title='bbox 2509 1363 2764 1435; x_wconf 85' lang='grc' dir='ltr'>κομητῶν</span> <span class='ocrx_word' id='word_1_300' title='bbox 2780 1364 2874 1417; x_wconf 76' lang='grc' dir='ltr'><strong>καὶ</strong></span> <span class='ocrx_word' id='word_1_301' title='bbox 2893 1364 3116 1418; x_wconf 78' lang='grc' dir='ltr'>δοκίδων</span> <span class='ocrx_word' id='word_1_302' title='bbox 3135 1367 3663 1438; x_wconf 79' lang='grc' dir='ltr'>ἐπραγματεύσαντο</span> 
     </span>
    </p>
   </div>
   <div class='ocr_carea' id='block_1_42' title="bbox 2084 1450 3661 1528">
    <p class='ocr_par' dir='ltr' id='par_1_42' title="bbox 2084 1450 3661 1528">
     <span class='ocr_line' id='line_1_42' title="bbox 2084 1450 3661 1528; baseline 0.007 -25"><span class='ocrx_word' id='word_1_303' title='bbox 2084 1450 2298 1505; x_wconf 68' lang='grc' dir='ltr'><strong>πολλοί⁸</strong></span> <span class='ocrx_word' id='word_1_304' title='bbox 2347 1450 2535 1526; x_wconf 84' lang='grc' dir='ltr'>ὥσπερ</span> <span class='ocrx_word' id='word_1_305' title='bbox 2583 1454 2677 1507; x_wconf 80' lang='grc' dir='ltr'>καὶ</span> <span class='ocrx_word' id='word_1_306' title='bbox 2721 1456 3050 1528; x_wconf 86' lang='grc' dir='ltr'>Δημήτριος.</span> <span class='ocrx_word' id='word_1_307' title='bbox 3089 1458 3211 1512; x_wconf 78' lang='grc' dir='ltr'>Εἰσὶ</span> <span class='ocrx_word' id='word_1_308' title='bbox 3256 1460 3314 1513; x_wconf 92' lang='grc' dir='ltr'>δὲ</span> <span class='ocrx_word' id='word_1_309' title='bbox 3348 1462 3451 1515; x_wconf 83' lang='grc' dir='ltr'><strong>οὐκ</strong></span> <span class='ocrx_word' id='word_1_310' title='bbox 3482 1463 3540 1516; x_wconf 82' lang='grc' dir='ltr'>ὲν</span> <span class='ocrx_word' id='word_1_311' title='bbox 3571 1462 3661 1514; x_wconf 69' lang='lat' dir='ltr'><strong>orb-</strong></span> 
     </span>
    </p>
   </div>
   <div class='ocr_carea' id='block_1_43' title="bbox 2086 1542 3663 1622">
    <p class='ocr_par' dir='ltr' id='par_1_43' title="bbox 2086 1542 3663 1622">
     <span class='ocr_line' id='line_1_43' title="bbox 2086 1542 3663 1622; baseline 0.008 -27"><span class='ocrx_word' id='word_1_312' title='bbox 2086 1542 2255 1615; x_wconf 83' lang='grc' dir='ltr'>ρανῷ,</span> <span class='ocrx_word' id='word_1_313' title='bbox 2306 1543 2421 1597; x_wconf 87' lang='grc' dir='ltr'>ἀλλ’</span> <span class='ocrx_word' id='word_1_314' title='bbox 2472 1546 2532 1599; x_wconf 80' lang='grc' dir='ltr'><strong>ἐν</strong></span> <span class='ocrx_word' id='word_1_315' title='bbox 2579 1544 2658 1617; x_wconf 80' lang='grc' dir='ltr'>τῷ</span> <span class='ocrx_word' id='word_1_316' title='bbox 2689 1547 2830 1619; x_wconf 84' lang='grc' dir='ltr'><strong>ἀέρι.</strong></span> <span class='ocrx_word' id='word_1_317' title='bbox 2861 1548 2924 1602; x_wconf 87' lang='grc' dir='ltr'>Οί</span> <span class='ocrx_word' id='word_1_318' title='bbox 2974 1549 3071 1620; x_wconf 82' lang='grc' dir='ltr'>μὲν</span> <span class='ocrx_word' id='word_1_319' title='bbox 3107 1545 3200 1605; x_wconf 78' lang='grc' dir='ltr'><strong>οὖν</strong></span> <span class='ocrx_word' id='word_1_320' title='bbox 3239 1552 3393 1607; x_wconf 89' lang='grc' dir='ltr'><strong>κάτω</strong></span> <span class='ocrx_word' id='word_1_321' title='bbox 3436 1552 3499 1606; x_wconf 83' lang='grc' dir='ltr'><strong>τὸ</strong></span> <span class='ocrx_word' id='word_1_322' title='bbox 3548 1553 3663 1622; x_wconf 84' lang='grc' dir='ltr'><strong>φῶς</strong></span> 
     </span>
    </p>
   </div>
   <div class='ocr_carea' id='block_1_44' title="bbox 2085 1635 3662 1714">
    <p class='ocr_par' dir='ltr' id='par_1_44' title="bbox 2085 1635 3662 1714">
     <span class='ocr_line' id='line_1_44' title="bbox 2085 1635 3662 1714; baseline 0.008 -25"><span class='ocrx_word' id='word_1_323' title='bbox 2085 1635 2298 1708; x_wconf 82' lang='grc' dir='ltr'>ἔχοντες</span> <span class='ocrx_word' id='word_1_324' title='bbox 2321 1679 2337 1705; x_wconf 94' lang='grc'><strong>,</strong></span> <span class='ocrx_word' id='word_1_325' title='bbox 2372 1640 2467 1693; x_wconf 78' lang='grc' dir='ltr'><strong>καὶ</strong></span> <span class='ocrx_word' id='word_1_326' title='bbox 2511 1638 2612 1703; x_wconf 89' lang='grc' dir='ltr'><strong>τάς</strong></span> <span class='ocrx_word' id='word_1_327' title='bbox 2650 1642 3018 1713; x_wconf 83' lang='grc' dir='ltr'>μαρμαρυγὰς</span> <span class='ocrx_word' id='word_1_328' title='bbox 3050 1644 3200 1699; x_wconf 85' lang='grc' dir='ltr'>κάτω</span> <span class='ocrx_word' id='word_1_329' title='bbox 3241 1645 3535 1714; x_wconf 77' lang='grc' dir='ltr'>νευούσας,</span> <span class='ocrx_word' id='word_1_330' title='bbox 3561 1664 3662 1701; x_wconf 84' lang='grc' dir='ltr'>κα-</span> 
     </span>
    </p>
   </div>
   <div class='ocr_carea' id='block_1_45' title="bbox 2084 1727 3665 1806">
    <p class='ocr_par' dir='ltr' id='par_1_45' title="bbox 2084 1727 3665 1806">
     <span class='ocr_line' id='line_1_45' title="bbox 2084 1727 3665 1806; baseline 0.008 -26"><span class='ocrx_word' id='word_1_331' title='bbox 2084 1727 2298 1782; x_wconf 78' lang='grc' dir='ltr'>λοῦνται</span> <span class='ocrx_word' id='word_1_332' title='bbox 2357 1748 2376 1781; x_wconf 79' lang='grc' dir='ltr'><strong>ι</strong></span> <span class='ocrx_word' id='word_1_333' title='bbox 2419 1730 2690 1802; x_wconf 82' lang='grc' dir='ltr'>κομῆται·</span> <span class='ocrx_word' id='word_1_334' title='bbox 2736 1749 2757 1783; x_wconf 75' lang='grc' dir='ltr'><strong>ι</strong></span> <span class='ocrx_word' id='word_1_335' title='bbox 2805 1732 2856 1785; x_wconf 76' lang='lat' dir='ltr'><strong>oi</strong></span> <span class='ocrx_word' id='word_1_336' title='bbox 2895 1730 2952 1786; x_wconf 84' lang='grc' dir='ltr'>δὲ</span> <span class='ocrx_word' id='word_1_337' title='bbox 2987 1734 3098 1788; x_wconf 83' lang='grc' dir='ltr'><strong>ἀνω</strong></span> <span class='ocrx_word' id='word_1_338' title='bbox 3145 1735 3206 1788; x_wconf 83' lang='grc' dir='ltr'><strong>τὸ</strong></span> <span class='ocrx_word' id='word_1_339' title='bbox 3248 1735 3367 1806; x_wconf 88' lang='grc' dir='ltr'><strong>φῶς</strong></span> <span class='ocrx_word' id='word_1_340' title='bbox 3412 1737 3665 1802; x_wconf 80' lang='grc' dir='ltr'>νενευκὸς</span> 
     </span>
    </p>
   </div>
   <div class='ocr_carea' id='block_1_46' title="bbox 2084 1817 3665 1900">
    <p class='ocr_par' dir='ltr' id='par_1_46' title="bbox 2084 1817 3665 1900">
     <span class='ocr_line' id='line_1_46' title="bbox 2084 1817 3665 1900; baseline 0.008 -30"><span class='ocrx_word' id='word_1_341' title='bbox 2084 1817 2297 1889; x_wconf 76' lang='grc' dir='ltr'>ἔχοντες</span> <span class='ocrx_word' id='word_1_342' title='bbox 2334 1819 2621 1875; x_wconf 77' lang='grc' dir='ltr'>καλοῦνται</span> <span class='ocrx_word' id='word_1_343' title='bbox 2659 1840 2677 1873; x_wconf 76' lang='grc' dir='ltr'><strong>ι</strong></span> <span class='ocrx_word' id='word_1_344' title='bbox 2696 1821 2996 1894; x_wconf 83' lang='grc' dir='ltr'>λαμπάδες.</span> <span class='ocrx_word' id='word_1_345' title='bbox 3029 1844 3048 1877; x_wconf 75' lang='grc' dir='ltr'><strong>ι</strong></span> <span class='ocrx_word' id='word_1_346' title='bbox 3086 1825 3276 1881; x_wconf 86' lang='grc' dir='ltr'>Ὁπότε</span> <span class='ocrx_word' id='word_1_347' title='bbox 3304 1828 3362 1881; x_wconf 82' lang='grc' dir='ltr'>δὲ</span> <span class='ocrx_word' id='word_1_348' title='bbox 3394 1830 3665 1900; x_wconf 73' lang='grc' dir='ltr'>ἐπίμηκες</span> 
     </span>
    </p>
   </div>
   <div class='ocr_carea' id='block_1_47' title="bbox 2086 1909 3663 1993">
    <p class='ocr_par' dir='ltr' id='par_1_47' title="bbox 2086 1909 3663 1993">
     <span class='ocr_line' id='line_1_47' title="bbox 2086 1909 3663 1993; baseline 0.009 -30"><span class='ocrx_word' id='word_1_349' title='bbox 2086 1909 2268 1981; x_wconf 80' lang='grc' dir='ltr'>έχουσι</span> <span class='ocrx_word' id='word_1_350' title='bbox 2298 1910 2359 1965; x_wconf 81' lang='grc' dir='ltr'><strong>τὸ</strong></span> <span class='ocrx_word' id='word_1_351' title='bbox 2392 1912 2528 1983; x_wconf 86' lang='grc' dir='ltr'>φῶς,</span> <span class='ocrx_word' id='word_1_352' title='bbox 2562 1913 2850 1969; x_wconf 77' lang='grc' dir='ltr'>καλοῦνται</span> <span class='ocrx_word' id='word_1_353' title='bbox 2884 1935 2904 1968; x_wconf 77' lang='grc' dir='ltr'><strong>ι</strong></span> <span class='ocrx_word' id='word_1_354' title='bbox 2922 1916 3126 1981; x_wconf 89' lang='grc' dir='ltr'>δοκίδες</span> <span class='ocrx_word' id='word_1_355' title='bbox 3144 1934 3159 1949; x_wconf 79' lang='grc' dir='ltr'><strong>ο</strong></span> <span class='ocrx_word' id='word_1_356' title='bbox 3190 1938 3210 1971; x_wconf 76' lang='grc' dir='ltr'><strong>ι</strong></span> <span class='ocrx_word' id='word_1_357' title='bbox 3240 1919 3401 1974; x_wconf 74' lang='grc' dir='ltr'>ὁπότε</span> <span class='ocrx_word' id='word_1_358' title='bbox 3418 1920 3477 1974; x_wconf 86' lang='grc' dir='ltr'>δὲ</span> <span class='ocrx_word' id='word_1_359' title='bbox 3504 1924 3663 1993; x_wconf 85' lang='grc' dir='ltr'>ίκμα-</span> 
     </span>
    </p>
   </div>
   <div class='ocr_carea' id='block_1_48' title="bbox 2085 2003 3664 2085">
    <p class='ocr_par' dir='ltr' id='par_1_48' title="bbox 2085 2003 3664 2085">
     <span class='ocr_line' id='line_1_48' title="bbox 2085 2003 3664 2085; baseline 0.008 -29"><span class='ocrx_word' id='word_1_360' title='bbox 2085 2003 2251 2069; x_wconf 87' lang='grc' dir='ltr'>τῶδες</span> <span class='ocrx_word' id='word_1_361' title='bbox 2298 2004 2413 2074; x_wconf 90' lang='grc' dir='ltr'><strong>φῶς</strong></span> <span class='ocrx_word' id='word_1_362' title='bbox 2452 2007 2682 2078; x_wconf 84' lang='grc' dir='ltr'>ὁρᾶται,</span> <span class='ocrx_word' id='word_1_363' title='bbox 2718 2008 2962 2063; x_wconf 86' lang='grc' dir='ltr'>καλεῖται</span> <span class='ocrx_word' id='word_1_364' title='bbox 2998 2028 3017 2060; x_wconf 77' lang='grc' dir='ltr'><strong>ι</strong></span> <span class='ocrx_word' id='word_1_365' title='bbox 3045 2010 3184 2081; x_wconf 74' lang='grc' dir='ltr'>ἴριςο</span> <span class='ocrx_word' id='word_1_366' title='bbox 3221 2030 3239 2063; x_wconf 82' lang='grc' dir='ltr'><strong>ι</strong></span> <span class='ocrx_word' id='word_1_367' title='bbox 3276 2014 3407 2066; x_wconf 84' lang='grc' dir='ltr'>ὅταν</span> <span class='ocrx_word' id='word_1_368' title='bbox 3435 2013 3491 2066; x_wconf 85' lang='grc' dir='ltr'>δὲ</span> <span class='ocrx_word' id='word_1_369' title='bbox 3537 2013 3664 2085; x_wconf 76' lang='grc' dir='ltr'>περὶ</span> 
     </span>
    </p>
   </div>
   <div class='ocr_carea' id='block_1_49' title="bbox 2085 2093 3661 2176">
    <p class='ocr_par' dir='ltr' id='par_1_49' title="bbox 2085 2093 3661 2176">
     <span class='ocr_line' id='line_1_49' title="bbox 2085 2093 3661 2176; baseline 0.006 -27"><span class='ocrx_word' id='word_1_370' title='bbox 2085 2097 2177 2150; x_wconf 86' lang='grc' dir='ltr'><strong>τὸν</strong></span> <span class='ocrx_word' id='word_1_371' title='bbox 2201 2096 2351 2168; x_wconf 81' lang='grc' dir='ltr'>ήλιον</span> <span class='ocrx_word' id='word_1_372' title='bbox 2451 2097 2678 2164; x_wconf 87' lang='grc' dir='ltr'>κύκλος·</span> <span class='ocrx_word' id='word_1_373' title='bbox 2712 2099 2881 2154; x_wconf 80' lang='grc' dir='ltr'>ἐνίοτε</span> <span class='ocrx_word' id='word_1_374' title='bbox 2913 2099 3009 2153; x_wconf 75' lang='grc' dir='ltr'><strong>καὶ</strong></span> <span class='ocrx_word' id='word_1_375' title='bbox 3035 2102 3080 2132; x_wconf 75' lang='grc'><strong>’⁸</strong></span> <span class='ocrx_word' id='word_1_376' title='bbox 3120 2101 3233 2165; x_wconf 88' lang='grc' dir='ltr'>δύο,</span> <span class='ocrx_word' id='word_1_377' title='bbox 3270 2104 3364 2157; x_wconf 76' lang='grc' dir='ltr'>καὶ</span> <span class='ocrx_word' id='word_1_378' title='bbox 3404 2107 3553 2176; x_wconf 84' lang='grc' dir='ltr'>τρεῖς</span> <span class='ocrx_word' id='word_1_379' title='bbox 3577 2106 3661 2175; x_wconf 83' lang='grc' dir='ltr'>γί-</span> 
     </span>
    </p>
   </div>
   <div class='ocr_carea' id='block_1_50' title="bbox 2087 2189 3655 2270">
    <p class='ocr_par' dir='ltr' id='par_1_50' title="bbox 2087 2189 3655 2270">
     <span class='ocr_line' id='line_1_50' title="bbox 2087 2189 3655 2270; baseline 0.002 -25"><span class='ocrx_word' id='word_1_380' title='bbox 2087 2207 2295 2245; x_wconf 91' lang='grc' dir='ltr'>νονται·</span> <span class='ocrx_word' id='word_1_381' title='bbox 2338 2190 2461 2245; x_wconf 86' lang='grc' dir='ltr'>ὅθεν</span> <span class='ocrx_word' id='word_1_382' title='bbox 2487 2192 2579 2245; x_wconf 73' lang='grc' dir='ltr'>καὶ</span> <span class='ocrx_word' id='word_1_383' title='bbox 2608 2193 2843 2264; x_wconf 81' lang='grc' dir='ltr'>Ἀρατος</span> <span class='ocrx_word' id='word_1_384' title='bbox 2882 2189 3005 2247; x_wconf 76' lang='grc' dir='ltr'>εἷπε</span> <span class='ocrx_word' id='word_1_385' title='bbox 3052 2213 3073 2246; x_wconf 79' lang='grc' dir='ltr'><strong>ι</strong></span> <span class='ocrx_word' id='word_1_386' title='bbox 3092 2194 3399 2266; x_wconf 86' lang='grc' dir='ltr'>τριέλικτον</span> <span class='ocrx_word' id='word_1_387' title='bbox 3425 2197 3655 2270; x_wconf 75' lang='grc' dir='ltr'>ἀλωήνσι</span> 
     </span>
    </p>
   </div>
   <div class='ocr_carea' id='block_1_51' title="bbox 2094 2279 3664 2358">
    <p class='ocr_par' dir='ltr' id='par_1_51' title="bbox 2094 2279 3664 2358">
     <span class='ocr_line' id='line_1_51' title="bbox 2094 2279 3664 2358; baseline 0.006 -25"><span class='ocrx_word' id='word_1_388' title='bbox 2094 2280 2293 2344; x_wconf 74' lang='grc' dir='ltr'>«ἅλως»</span> <span class='ocrx_word' id='word_1_389' title='bbox 2318 2281 2584 2338; x_wconf 83' lang='grc' dir='ltr'>καλεῖται.</span> <span class='ocrx_word' id='word_1_390' title='bbox 2601 2282 2725 2337; x_wconf 80' lang='grc' dir='ltr'><strong>Ἐὰν</strong></span> <span class='ocrx_word' id='word_1_391' title='bbox 2741 2282 2797 2337; x_wconf 83' lang='grc' dir='ltr'>δὲ</span> <span class='ocrx_word' id='word_1_392' title='bbox 2819 2283 2927 2337; x_wconf 81' lang='grc' dir='ltr'><strong>ἀπὸ</strong></span> <span class='ocrx_word' id='word_1_393' title='bbox 2945 2284 3187 2357; x_wconf 81' lang='grc' dir='ltr'>ἀστέρων</span> <span class='ocrx_word' id='word_1_394' title='bbox 3204 2279 3339 2350; x_wconf 83' lang='grc' dir='ltr'>ῶσις</span> <span class='ocrx_word' id='word_1_395' title='bbox 3367 2286 3462 2341; x_wconf 78' lang='grc' dir='ltr'>τοῦ</span> <span class='ocrx_word' id='word_1_396' title='bbox 3493 2288 3664 2358; x_wconf 76' lang='grc' dir='ltr'>φωτὸς</span> 
     </span>
    </p>
   </div>
   <div class='ocr_carea' id='block_1_52' title="bbox 2088 2373 3663 2451">
    <p class='ocr_par' dir='ltr' id='par_1_52' title="bbox 2088 2373 3663 2451">
     <span class='ocr_line' id='line_1_52' title="bbox 2088 2373 3663 2451; baseline 0.004 -25"><span class='ocrx_word' id='word_1_397' title='bbox 2088 2373 2315 2446; x_wconf 87' lang='grc' dir='ltr'>γένηται</span> <span class='ocrx_word' id='word_1_398' title='bbox 2348 2374 2440 2427; x_wconf 76' lang='grc' dir='ltr'><strong>ἐπὶ</strong></span> <span class='ocrx_word' id='word_1_399' title='bbox 2468 2374 2535 2428; x_wconf 89' lang='grc' dir='ltr'><strong>τά</strong></span> <span class='ocrx_word' id='word_1_400' title='bbox 2563 2374 2734 2441; x_wconf 85' lang='grc' dir='ltr'>κάτω,</span> <span class='ocrx_word' id='word_1_401' title='bbox 2761 2376 3046 2431; x_wconf 82' lang='grc' dir='ltr'>καλοῦνται</span> <span class='ocrx_word' id='word_1_402' title='bbox 3075 2396 3093 2428; x_wconf 75' lang='lat' dir='ltr'><strong>r</strong></span> <span class='ocrx_word' id='word_1_403' title='bbox 3123 2377 3288 2448; x_wconf 70' lang='grc' dir='ltr'>ρυμοὶ</span> <span class='ocrx_word' id='word_1_404' title='bbox 3317 2396 3337 2429; x_wconf 79' lang='grc' dir='ltr'><strong>ι</strong></span> <span class='ocrx_word' id='word_1_405' title='bbox 3375 2379 3472 2432; x_wconf 76' lang='grc' dir='ltr'><strong>καὶ</strong></span> <span class='ocrx_word' id='word_1_406' title='bbox 3502 2379 3663 2451; x_wconf 76' lang='grc' dir='ltr'>«ῥύα-</span> 
     </span>
    </p>
   </div>
   <div class='ocr_carea' id='block_1_53' title="bbox 2089 2460 3673 2540">
    <p class='ocr_par' dir='ltr' id='par_1_53' title="bbox 2089 2460 3673 2540">
     <span class='ocr_line' id='line_1_53' title="bbox 2089 2460 3673 2540; baseline 0.003 -21"><span class='ocrx_word' id='word_1_407' title='bbox 2089 2480 2216 2530; x_wconf 88' lang='grc' dir='ltr'>κες·</span> <span class='ocrx_word' id='word_1_408' title='bbox 2248 2484 2267 2517; x_wconf 79' lang='grc' dir='ltr'><strong>ι</strong></span> <span class='ocrx_word' id='word_1_409' title='bbox 2300 2467 2349 2520; x_wconf 85' lang='grc' dir='ltr'><strong>οἱ</strong></span> <span class='ocrx_word' id='word_1_410' title='bbox 2382 2465 2439 2519; x_wconf 80' lang='grc' dir='ltr'>δὲ</span> <span class='ocrx_word' id='word_1_411' title='bbox 2482 2466 2591 2520; x_wconf 79' lang='grc' dir='ltr'><strong>ἀπὸ</strong></span> <span class='ocrx_word' id='word_1_412' title='bbox 2619 2467 2784 2521; x_wconf 89' lang='grc' dir='ltr'>τόπου</span> <span class='ocrx_word' id='word_1_413' title='bbox 2824 2469 2904 2532; x_wconf 84' lang='grc' dir='ltr'><strong>είς</strong></span> <span class='ocrx_word' id='word_1_414' title='bbox 2934 2467 3097 2521; x_wconf 88' lang='grc' dir='ltr'>τόπον</span> <span class='ocrx_word' id='word_1_415' title='bbox 3141 2469 3531 2540; x_wconf 87' lang='grc' dir='ltr'>μετερχόμενοι</span> <span class='ocrx_word' id='word_1_416' title='bbox 3565 2460 3673 2523; x_wconf 69' lang='grc' dir='ltr'>κα-’</span> 
     </span>
    </p>
   </div>
   <div class='ocr_carea' id='block_1_54' title="bbox 2088 2556 3667 2631">
    <p class='ocr_par' dir='ltr' id='par_1_54' title="bbox 2088 2556 3667 2631">
     <span class='ocr_line' id='line_1_54' title="bbox 2088 2556 3667 2631; baseline 0.003 -20"><span class='ocrx_word' id='word_1_417' title='bbox 2088 2556 2303 2613; x_wconf 82' lang='grc' dir='ltr'>λοῦνται</span> <span class='ocrx_word' id='word_1_418' title='bbox 2352 2578 2370 2611; x_wconf 79' lang='grc' dir='ltr'>ι</span> <span class='ocrx_word' id='word_1_419' title='bbox 2398 2557 2648 2631; x_wconf 81' lang='grc' dir='ltr'>ᾇττοντες</span> <span class='ocrx_word' id='word_1_420' title='bbox 2685 2578 2704 2611; x_wconf 72' lang='grc' dir='ltr'><strong>ι</strong></span> <span class='ocrx_word' id='word_1_421' title='bbox 2751 2560 2845 2613; x_wconf 72' lang='grc' dir='ltr'><strong>καὶ</strong></span> <span class='ocrx_word' id='word_1_422' title='bbox 2891 2579 2910 2612; x_wconf 78' lang='grc' dir='ltr'>ι</span> <span class='ocrx_word' id='word_1_423' title='bbox 2933 2560 3267 2631; x_wconf 80' lang='grc' dir='ltr'>διᾴττοντες·</span> <span class='ocrx_word' id='word_1_424' title='bbox 3300 2579 3319 2611; x_wconf 78' lang='grc' dir='ltr'><strong>ι</strong></span> <span class='ocrx_word' id='word_1_425' title='bbox 3356 2561 3567 2630; x_wconf 88' lang='grc' dir='ltr'>γίνεται</span> <span class='ocrx_word' id='word_1_426' title='bbox 3606 2561 3667 2615; x_wconf 82' lang='grc' dir='ltr'>δὲ</span> 
     </span>
    </p>
   </div>
   <div class='ocr_carea' id='block_1_55' title="bbox 2089 2636 3675 2724">
    <p class='ocr_par' dir='ltr' id='par_1_55' title="bbox 2089 2636 3675 2724">
     <span class='ocr_line' id='line_1_55' title="bbox 2089 2636 3675 2724; baseline 0.002 -21"><span class='ocrx_word' id='word_1_427' title='bbox 2089 2650 2278 2715; x_wconf 80' lang='grc' dir='ltr'>τοῦτο,</span> <span class='ocrx_word' id='word_1_428' title='bbox 2307 2650 2416 2705; x_wconf 87' lang='grc' dir='ltr'><strong>τῶν</strong></span> <span class='ocrx_word' id='word_1_429' title='bbox 2462 2651 2707 2724; x_wconf 81' lang='grc' dir='ltr'>ἀστέρων</span> <span class='ocrx_word' id='word_1_430' title='bbox 2748 2650 2854 2706; x_wconf 81' lang='grc' dir='ltr'><strong>ὑπὸ</strong></span> <span class='ocrx_word' id='word_1_431' title='bbox 2900 2651 3207 2723; x_wconf 88' lang='grc' dir='ltr'>πνεύματος</span> <span class='ocrx_word' id='word_1_432' title='bbox 3240 2636 3675 2724; x_wconf 73' lang='grc' dir='ltr'>τινασσομένων,</span> 
     </span>
    </p>
   </div>
   <div class='ocr_carea' id='block_1_56' title="bbox 2090 2743 3670 2817">
    <p class='ocr_par' dir='ltr' id='par_1_56' title="bbox 2090 2743 3670 2817">
     <span class='ocr_line' id='line_1_56' title="bbox 2090 2743 3670 2817; baseline 0.002 -20"><span class='ocrx_word' id='word_1_433' title='bbox 2090 2743 2186 2797; x_wconf 80' lang='grc' dir='ltr'><strong>καὶ</strong></span> <span class='ocrx_word' id='word_1_434' title='bbox 2220 2743 2382 2799; x_wconf 78' lang='grc' dir='ltr'>οἱονεὶ</span> <span class='ocrx_word' id='word_1_435' title='bbox 2435 2744 2740 2816; x_wconf 81' lang='grc' dir='ltr'>σπινθῆρας</span> <span class='ocrx_word' id='word_1_436' title='bbox 2782 2745 3048 2814; x_wconf 79' lang='grc' dir='ltr'>ἀφιέντων</span> <span class='ocrx_word' id='word_1_437' title='bbox 3072 2761 3087 2775; x_wconf 80' lang='grc'><em>’</em></span> <span class='ocrx_word' id='word_1_438' title='bbox 3131 2745 3212 2799; x_wconf 81' lang='grc' dir='ltr'><strong>διὸ</strong></span> <span class='ocrx_word' id='word_1_439' title='bbox 3260 2744 3409 2800; x_wconf 83' lang='grc' dir='ltr'>κατὰ</span> <span class='ocrx_word' id='word_1_440' title='bbox 3449 2749 3670 2817; x_wconf 68' lang='grc' dir='ltr'>σημεῖδν</span> 
     </span>
    </p>
   </div>
   <div class='ocr_carea' id='block_1_57' title="bbox 2091 2833 3672 2911">
    <p class='ocr_par' dir='ltr' id='par_1_57' title="bbox 2091 2833 3672 2911">
     <span class='ocr_line' id='line_1_57' title="bbox 2091 2833 3672 2911; baseline 0.003 -21"><span class='ocrx_word' id='word_1_441' title='bbox 2091 2836 2306 2908; x_wconf 88' lang='grc' dir='ltr'>ἀνέμων</span> <span class='ocrx_word' id='word_1_442' title='bbox 2344 2833 2497 2892; x_wconf 77' lang='grc' dir='ltr'>εἶπεν</span> <span class='ocrx_word' id='word_1_443' title='bbox 2531 2838 2766 2911; x_wconf 76' lang='grc' dir='ltr'>Ἀρατος</span> <span class='ocrx_word' id='word_1_444' title='bbox 2807 2837 2985 2892; x_wconf 79' lang='grc' dir='ltr'>τοῦτο.</span> <span class='ocrx_word' id='word_1_445' title='bbox 3022 2838 3134 2892; x_wconf 71' lang='grc' dir='ltr'><strong>Καὶ</strong></span> <span class='ocrx_word' id='word_1_446' title='bbox 3161 2839 3371 2910; x_wconf 81' lang='grc' dir='ltr'>φάτνην</span> <span class='ocrx_word' id='word_1_447' title='bbox 3418 2840 3476 2893; x_wconf 88' lang='grc' dir='ltr'>δὲ</span> <span class='ocrx_word' id='word_1_448' title='bbox 3515 2840 3672 2909; x_wconf 81' lang='grc' dir='ltr'>νέφος</span> 
     </span>
    </p>
   </div>
   <div class='ocr_carea' id='block_1_58' title="bbox 2093 2928 3675 3001">
    <p class='ocr_par' dir='ltr' id='par_1_58' title="bbox 2093 2928 3675 3001">
     <span class='ocr_line' id='line_1_58' title="bbox 2093 2928 3675 3001; baseline 0.003 -22"><span class='ocrx_word' id='word_1_449' title='bbox 2093 2928 2503 3000; x_wconf 79' lang='grc' dir='ltr'>πεφωτισμένον</span> <span class='ocrx_word' id='word_1_450' title='bbox 2560 2930 2688 3001; x_wconf 63' lang='grc' dir='ltr'><strong>περ)⁸</strong></span> <span class='ocrx_word' id='word_1_451' title='bbox 2742 2928 2834 2982; x_wconf 84' lang='grc' dir='ltr'><strong>τὸν</strong></span> <span class='ocrx_word' id='word_1_452' title='bbox 2877 2928 3152 2999; x_wconf 79' lang='grc' dir='ltr'>Καρκίνον</span> <span class='ocrx_word' id='word_1_453' title='bbox 3203 2930 3370 2998; x_wconf 90' lang='grc' dir='ltr'>φασίν</span> <span class='ocrx_word' id='word_1_454' title='bbox 3396 2946 3410 2961; x_wconf 76' lang='grc' dir='ltr'><strong><em>ο</em></strong></span> <span class='ocrx_word' id='word_1_455' title='bbox 3454 2929 3531 2990; x_wconf 84' lang='grc' dir='ltr'>ὡς</span> <span class='ocrx_word' id='word_1_456' title='bbox 3578 2946 3675 2983; x_wconf 83' lang='grc' dir='ltr'><strong>και</strong></span> 
     </span>
    </p>
   </div>
   <div class='ocr_carea' id='block_1_59' title="bbox 428 3017 1989 3094">
    <p class='ocr_par' dir='ltr' id='par_1_59' title="bbox 428 3019 1989 3094">
     <span class='ocr_line' id='line_1_59' title="bbox 428 3019 1989 3094; baseline -0.003 -16"><span class='ocrx_word' id='word_1_457' title='bbox 428 3031 858 3079; x_wconf 88' lang='lat' dir='ltr'><strong>consentaneum</strong></span> <span class='ocrx_word' id='word_1_458' title='bbox 889 3032 991 3088; x_wconf 86' lang='lat' dir='ltr'><strong>est,</strong></span> <span class='ocrx_word' id='word_1_459' title='bbox 1008 3023 1151 3094; x_wconf 90' lang='lat' dir='ltr'><strong>quod</strong></span> <span class='ocrx_word' id='word_1_460' title='bbox 1179 3022 1232 3078; x_wconf 92' lang='lat' dir='ltr'><strong>in</strong></span> <span class='ocrx_word' id='word_1_461' title='bbox 1262 3022 1450 3078; x_wconf 88' lang='lat' dir='ltr'><strong>eadem</strong></span> <span class='ocrx_word' id='word_1_462' title='bbox 1472 3029 1627 3092; x_wconf 86' lang='lat' dir='ltr'><strong>parte</strong></span> <span class='ocrx_word' id='word_1_463' title='bbox 1650 3019 1821 3075; x_wconf 82' lang='lat' dir='ltr'><strong>stellae</strong></span> <span class='ocrx_word' id='word_1_464' title='bbox 1844 3033 1989 3089; x_wconf 71' lang='lat' dir='ltr'><strong>qua:-</strong></span> 
     </span>
    </p>
   </div>
   <div class='ocr_carea' id='block_1_60' title="bbox 2095 3017 3674 3094">
    <p class='ocr_par' dir='ltr' id='par_1_60' title="bbox 2098 3017 3674 3091">
     <span class='ocr_line' id='line_1_60' title="bbox 2098 3017 3674 3091; baseline 0.003 -20"><span class='ocrx_word' id='word_1_465' title='bbox 2098 3019 2350 3090; x_wconf 77' lang='grc' dir='ltr'>Ἀρατος.</span> <span class='ocrx_word' id='word_1_466' title='bbox 2392 3019 2723 3084; x_wconf 85' lang='grc' dir='ltr'>Ἀκολούθως</span> <span class='ocrx_word' id='word_1_467' title='bbox 2764 3018 2821 3073; x_wconf 80' lang='grc' dir='ltr'>δὲ</span> <span class='ocrx_word' id='word_1_468' title='bbox 2854 3017 3025 3091; x_wconf 81' lang='grc' dir='ltr'>ταύτῃ</span> <span class='ocrx_word' id='word_1_469' title='bbox 3057 3020 3151 3073; x_wconf 76' lang='grc' dir='ltr'>καὶ</span> <span class='ocrx_word' id='word_1_470' title='bbox 3186 3037 3205 3070; x_wconf 74' lang='grc' dir='ltr'><strong>ι</strong></span> <span class='ocrx_word' id='word_1_471' title='bbox 3229 3020 3385 3085; x_wconf 75' lang='grc' dir='ltr'>ὅνους</span> <span class='ocrx_word' id='word_1_472' title='bbox 3409 3040 3428 3073; x_wconf 77' lang='grc' dir='ltr'><strong>ι</strong></span> <span class='ocrx_word' id='word_1_473' title='bbox 3457 3021 3674 3090; x_wconf 86' lang='grc' dir='ltr'>λέγουσι</span> 
     </span>
    </p>
   </div>
   <div class='ocr_carea' id='block_1_61' title="bbox 417 3111 1992 3184">
    <p class='ocr_par' dir='ltr' id='par_1_61' title="bbox 417 3111 1992 3184">
     <span class='ocr_line' id='line_1_61' title="bbox 417 3111 1992 3184; baseline 0 -19"><span class='ocrx_word' id='word_1_474' title='bbox 417 3115 544 3171; x_wconf 68' lang='lat' dir='ltr'><strong>clam</strong></span> <span class='ocrx_word' id='word_1_475' title='bbox 577 3116 724 3171; x_wconf 91' lang='lat' dir='ltr'><strong>circa</strong></span> <span class='ocrx_word' id='word_1_476' title='bbox 752 3115 1044 3184; x_wconf 88' lang='lat' dir='ltr'><strong>Cancrum,</strong></span> <span class='ocrx_word' id='word_1_477' title='bbox 1078 3135 1097 3168; x_wconf 79' lang='grc' dir='ltr'><strong>ι</strong></span> <span class='ocrx_word' id='word_1_478' title='bbox 1138 3115 1278 3171; x_wconf 88' lang='lat' dir='ltr'><strong>asini</strong></span> <span class='ocrx_word' id='word_1_479' title='bbox 1317 3135 1337 3166; x_wconf 75' lang='grc' dir='ltr'><strong>ι</strong></span> <span class='ocrx_word' id='word_1_480' title='bbox 1373 3114 1654 3169; x_wconf 90' lang='lat' dir='ltr'><strong>dicuntur.</strong></span> <span class='ocrx_word' id='word_1_481' title='bbox 1684 3111 1858 3167; x_wconf 89' lang='lat' dir='ltr'><strong>Porro</strong></span> <span class='ocrx_word' id='word_1_482' title='bbox 1898 3125 1992 3166; x_wconf 89' lang='lat' dir='ltr'><strong>co-</strong></span> 
     </span>
    </p>
   </div>
   <div class='ocr_carea' id='block_1_62' title="bbox 416 3202 1992 3277">
    <p class='ocr_par' dir='ltr' id='par_1_62' title="bbox 416 3202 1992 3277">
     <span class='ocr_line' id='line_1_62' title="bbox 416 3202 1992 3277; baseline -0.003 -14"><span class='ocrx_word' id='word_1_483' title='bbox 416 3216 592 3264; x_wconf 86' lang='lat' dir='ltr'><strong>metas</strong></span> <span class='ocrx_word' id='word_1_484' title='bbox 626 3214 680 3262; x_wconf 90' lang='lat' dir='ltr'><strong>et</strong></span> <span class='ocrx_word' id='word_1_485' title='bbox 709 3207 763 3263; x_wconf 93' lang='lat' dir='ltr'><strong>id</strong></span> <span class='ocrx_word' id='word_1_486' title='bbox 791 3223 964 3277; x_wconf 82' lang='lat' dir='ltr'><strong>genus</strong></span> <span class='ocrx_word' id='word_1_487' title='bbox 1004 3206 1144 3271; x_wconf 87' lang='lat' dir='ltr'><strong>alia,</strong></span> <span class='ocrx_word' id='word_1_488' title='bbox 1191 3206 1413 3276; x_wconf 88' lang='lat' dir='ltr'><strong>quidam</strong></span> <span class='ocrx_word' id='word_1_489' title='bbox 1461 3222 1493 3262; x_wconf 87' lang='lat' dir='ltr'><strong>e</strong></span> <span class='ocrx_word' id='word_1_490' title='bbox 1532 3204 1705 3261; x_wconf 80' lang='lat' dir='ltr'><strong>stellis</strong></span> <span class='ocrx_word' id='word_1_491' title='bbox 1751 3202 1992 3258; x_wconf 83' lang='lat' dir='ltr'><strong>densatis</strong></span> 
     </span>
    </p>
   </div>
   <div class='ocr_carea' id='block_1_63' title="bbox 418 3294 1995 3371">
    <p class='ocr_par' dir='ltr' id='par_1_63' title="bbox 418 3294 1995 3371">
     <span class='ocr_line' id='line_1_63' title="bbox 418 3294 1995 3371; baseline -0.004 -18"><span class='ocrx_word' id='word_1_492' title='bbox 418 3305 473 3353; x_wconf 93' lang='lat' dir='ltr'><strong>et</strong></span> <span class='ocrx_word' id='word_1_493' title='bbox 500 3298 822 3355; x_wconf 90' lang='lat' dir='ltr'><strong>illuminatis</strong></span> <span class='ocrx_word' id='word_1_494' title='bbox 861 3298 995 3353; x_wconf 90' lang='lat' dir='ltr'><strong>oriri</strong></span> <span class='ocrx_word' id='word_1_495' title='bbox 1025 3297 1269 3354; x_wconf 89' lang='lat' dir='ltr'><strong>sentiunt</strong></span> <span class='ocrx_word' id='word_1_496' title='bbox 1299 3316 1311 3351; x_wconf 92' lang='lat'>:</span> <span class='ocrx_word' id='word_1_497' title='bbox 1345 3298 1439 3351; x_wconf 92' lang='lat' dir='ltr'><strong>alii</strong></span> <span class='ocrx_word' id='word_1_498' title='bbox 1467 3312 1536 3352; x_wconf 76' lang='lat' dir='ltr'><strong>ex</strong></span> <span class='ocrx_word' id='word_1_499' title='bbox 1568 3296 1803 3371; x_wconf 87' lang='lat' dir='ltr'><strong>nubibus</strong></span> <span class='ocrx_word' id='word_1_500' title='bbox 1835 3294 1995 3350; x_wconf 91' lang='lat' dir='ltr'><strong>undi-</strong></span> 
     </span>
    </p>
   </div>
   <div class='ocr_carea' id='block_1_64' title="bbox 418 3387 1996 3459">
    <p class='ocr_par' dir='ltr' id='par_1_64' title="bbox 418 3387 1996 3459">
     <span class='ocr_line' id='line_1_64' title="bbox 418 3387 1996 3459; baseline -0.001 -16"><span class='ocrx_word' id='word_1_501' title='bbox 418 3404 526 3459; x_wconf 89' lang='lat' dir='ltr'><strong>que</strong></span> <span class='ocrx_word' id='word_1_502' title='bbox 552 3389 921 3457; x_wconf 89' lang='lat' dir='ltr'><strong>collustratis;</strong></span> <span class='ocrx_word' id='word_1_503' title='bbox 973 3389 1224 3445; x_wconf 91' lang='lat' dir='ltr'><strong>nonnulli</strong></span> <span class='ocrx_word' id='word_1_504' title='bbox 1254 3404 1319 3443; x_wconf 83' lang='lat' dir='ltr'><strong>ex</strong></span> <span class='ocrx_word' id='word_1_505' title='bbox 1362 3387 1578 3443; x_wconf 85' lang='lat' dir='ltr'><strong>aﬁ&#39;rictu</strong></span> <span class='ocrx_word' id='word_1_506' title='bbox 1608 3387 1869 3445; x_wconf 91' lang='lat' dir='ltr'><strong>succendi</strong></span> <span class='ocrx_word' id='word_1_507' title='bbox 1898 3401 1996 3442; x_wconf 88' lang='lat' dir='ltr'><strong>vo-</strong></span> 
     </span>
    </p>
   </div>
   <div class='ocr_carea' id='block_1_65' title="bbox 417 3468 2004 3552">
    <p class='ocr_par' dir='ltr' id='par_1_65' title="bbox 417 3468 2004 3552">
     <span class='ocr_line' id='line_1_65' title="bbox 417 3468 2004 3552; baseline -0.001 -18"><span class='ocrx_word' id='word_1_508' title='bbox 417 3481 557 3536; x_wconf 91' lang='lat' dir='ltr'><strong>lunt.</strong></span> <span class='ocrx_word' id='word_1_509' title='bbox 587 3480 775 3552; x_wconf 84' lang='lat' dir='ltr'><strong>Neque</strong></span> <span class='ocrx_word' id='word_1_510' title='bbox 809 3497 939 3537; x_wconf 88' lang='lat' dir='ltr'><strong>vero</strong></span> <span class='ocrx_word' id='word_1_511' title='bbox 973 3497 1188 3552; x_wconf 88' lang='lat' dir='ltr'><strong>semper</strong></span> <span class='ocrx_word' id='word_1_512' title='bbox 1213 3488 1495 3551; x_wconf 81' lang='lat' dir='ltr'><strong>apparent,</strong></span> <span class='ocrx_word' id='word_1_513' title='bbox 1518 3481 1614 3536; x_wconf 90' lang='lat' dir='ltr'><strong>sed</strong></span> <span class='ocrx_word' id='word_1_514' title='bbox 1637 3480 1801 3535; x_wconf 84' lang='lat' dir='ltr'><strong>certis</strong></span> <span class='ocrx_word' id='word_1_515' title='bbox 1832 3468 2004 3535; x_wconf 47' lang='lat' dir='ltr'><strong>inter!</strong></span> 
     </span>
    </p>
   </div>
   <div class='ocr_carea' id='block_1_66' title="bbox 417 3564 1997 3644">
    <p class='ocr_par' dir='ltr' id='par_1_66' title="bbox 417 3564 1997 3644">
     <span class='ocr_line' id='line_1_66' title="bbox 417 3564 1997 3644; baseline 0.001 -19"><span class='ocrx_word' id='word_1_516' title='bbox 417 3571 580 3626; x_wconf 88' lang='lat' dir='ltr'><strong>vallis</strong></span> <span class='ocrx_word' id='word_1_517' title='bbox 612 3580 939 3644; x_wconf 90' lang='lat' dir='ltr'><strong>temporum.</strong></span> <span class='ocrx_word' id='word_1_518' title='bbox 989 3573 1260 3627; x_wconf 77' lang='lat' dir='ltr'><strong>Caeterum</strong></span> <span class='ocrx_word' id='word_1_519' title='bbox 1302 3572 1480 3628; x_wconf 88' lang='lat' dir='ltr'><strong>nubes</strong></span> <span class='ocrx_word' id='word_1_520' title='bbox 1512 3572 1658 3627; x_wconf 88' lang='lat' dir='ltr'><strong>inter</strong></span> <span class='ocrx_word' id='word_1_521' title='bbox 1694 3586 1755 3625; x_wconf 88' lang='lat' dir='ltr'><strong>se</strong></span> <span class='ocrx_word' id='word_1_522' title='bbox 1792 3564 1997 3626; x_wconf 72' lang='lat' dir='ltr'><strong>collisae</strong></span> 
     </span>
    </p>
   </div>
   <div class='ocr_carea' id='block_1_67' title="bbox 417 3661 1996 3731">
    <p class='ocr_par' dir='ltr' id='par_1_67' title="bbox 417 3661 1996 3731">
     <span class='ocr_line' id='line_1_67' title="bbox 417 3661 1996 3731; baseline -0.001 -14"><span class='ocrx_word' id='word_1_523' title='bbox 417 3664 663 3718; x_wconf 90' lang='lat' dir='ltr'><strong>tonitrua</strong></span> <span class='ocrx_word' id='word_1_524' title='bbox 694 3665 942 3730; x_wconf 79' lang='lat' dir='ltr'><strong>faciunt;</strong></span> <span class='ocrx_word' id='word_1_525' title='bbox 1001 3663 1143 3719; x_wconf 85' lang='lat' dir='ltr'><strong>ﬁssae</strong></span> <span class='ocrx_word' id='word_1_526' title='bbox 1170 3679 1331 3729; x_wconf 90' lang='lat' dir='ltr'><strong>vero,</strong></span> <span class='ocrx_word' id='word_1_527' title='bbox 1373 3671 1427 3718; x_wconf 91' lang='lat' dir='ltr'><strong>et</strong></span> <span class='ocrx_word' id='word_1_528' title='bbox 1482 3678 1609 3718; x_wconf 92' lang='lat' dir='ltr'><strong>cum</strong></span> <span class='ocrx_word' id='word_1_529' title='bbox 1664 3661 1870 3731; x_wconf 89' lang='lat' dir='ltr'><strong>impetu</strong></span> <span class='ocrx_word' id='word_1_530' title='bbox 1930 3675 1996 3716; x_wconf 91' lang='lat' dir='ltr'><strong>ac</strong></span> 
     </span>
    </p>
   </div>
   <div class='ocr_carea' id='block_1_68' title="bbox 420 3750 1998 3821">
    <p class='ocr_par' dir='ltr' id='par_1_68' title="bbox 420 3750 1998 3821">
     <span class='ocr_line' id='line_1_68' title="bbox 420 3750 1998 3821; baseline -0.001 -16"><span class='ocrx_word' id='word_1_531' title='bbox 420 3751 762 3807; x_wconf 89' lang='lat' dir='ltr'><strong>vehementia</strong></span> <span class='ocrx_word' id='word_1_532' title='bbox 795 3751 981 3806; x_wconf 84' lang='lat' dir='ltr'><strong>ﬂatum</strong></span> <span class='ocrx_word' id='word_1_533' title='bbox 1014 3753 1327 3807; x_wconf 89' lang='lat' dir='ltr'><strong>emittentes</strong></span> <span class='ocrx_word' id='word_1_534' title='bbox 1349 3793 1365 3818; x_wconf 93' lang='lat'><strong>,</strong></span> <span class='ocrx_word' id='word_1_535' title='bbox 1427 3751 1692 3807; x_wconf 80' lang='lat' dir='ltr'><strong>fulmina:</strong></span> <span class='ocrx_word' id='word_1_536' title='bbox 1726 3766 1850 3806; x_wconf 89' lang='lat' dir='ltr'><strong>cum</strong></span> <span class='ocrx_word' id='word_1_537' title='bbox 1882 3750 1998 3821; x_wconf 78' lang='lat' dir='ltr'><strong>agi-</strong></span> 
     </span>
    </p>
   </div>
   <div class='ocr_carea' id='block_1_69' title="bbox 420 3843 1996 3916">
    <p class='ocr_par' dir='ltr' id='par_1_69' title="bbox 420 3843 1996 3916">
     <span class='ocr_line' id='line_1_69' title="bbox 420 3843 1996 3916; baseline 0.001 -18"><span class='ocrx_word' id='word_1_538' title='bbox 420 3845 630 3900; x_wconf 87' lang='lat' dir='ltr'><strong>tatione</strong></span> <span class='ocrx_word' id='word_1_539' title='bbox 662 3844 826 3901; x_wconf 84' lang='lat' dir='ltr'><strong>ﬂatus</strong></span> <span class='ocrx_word' id='word_1_540' title='bbox 871 3844 1228 3912; x_wconf 86' lang='lat' dir='ltr'><strong>accenditur;</strong></span> <span class='ocrx_word' id='word_1_541' title='bbox 1282 3843 1499 3916; x_wconf 79' lang='lat' dir='ltr'><strong>fulgura</strong></span> <span class='ocrx_word' id='word_1_542' title='bbox 1550 3843 1638 3899; x_wconf 86' lang='lat' dir='ltr'><strong>vel</strong></span> <span class='ocrx_word' id='word_1_543' title='bbox 1676 3858 1708 3899; x_wconf 92' lang='lat' dir='ltr'><strong>e</strong></span> <span class='ocrx_word' id='word_1_544' title='bbox 1758 3843 1996 3899; x_wconf 87' lang='lat' dir='ltr'><strong>nubibus</strong></span> 
     </span>
    </p>
   </div>
   <div class='ocr_carea' id='block_1_70' title="bbox 421 3935 1997 4008">
    <p class='ocr_par' dir='ltr' id='par_1_70' title="bbox 421 3935 1997 4008">
     <span class='ocr_line' id='line_1_70' title="bbox 421 3935 1997 4008; baseline 0 -18"><span class='ocrx_word' id='word_1_545' title='bbox 421 3936 561 4006; x_wconf 90' lang='lat' dir='ltr'><strong>ipsis</strong></span> <span class='ocrx_word' id='word_1_546' title='bbox 613 3941 905 4002; x_wconf 85' lang='lat' dir='ltr'><strong>oriuntur,</strong></span> <span class='ocrx_word' id='word_1_547' title='bbox 962 3951 1195 3994; x_wconf 79' lang='lat' dir='ltr'><strong>accenso</strong></span> <span class='ocrx_word' id='word_1_548' title='bbox 1246 3937 1371 4008; x_wconf 84' lang='lat' dir='ltr'><strong>igne</strong></span> <span class='ocrx_word' id='word_1_549' title='bbox 1428 3951 1493 3991; x_wconf 91' lang='lat' dir='ltr'><strong>ac</strong></span> <span class='ocrx_word' id='word_1_550' title='bbox 1549 3935 1857 3991; x_wconf 87' lang='lat' dir='ltr'><strong>restincto:</strong></span> <span class='ocrx_word' id='word_1_551' title='bbox 1910 3936 1997 3992; x_wconf 89' lang='lat' dir='ltr'><strong>vel</strong></span> 
     </span>
    </p>
   </div>
   <div class='ocr_carea' id='block_1_71' title="bbox 423 4026 1997 4101">
    <p class='ocr_par' dir='ltr' id='par_1_71' title="bbox 423 4026 1997 4101">
     <span class='ocr_line' id='line_1_71' title="bbox 423 4026 1997 4101; baseline -0.002 -17"><span class='ocrx_word' id='word_1_552' title='bbox 423 4026 683 4097; x_wconf 78' lang='lat' dir='ltr'><strong>Splendor</strong></span> <span class='ocrx_word' id='word_1_553' title='bbox 709 4037 793 4085; x_wconf 90' lang='lat' dir='ltr'><strong>est</strong></span> <span class='ocrx_word' id='word_1_554' title='bbox 823 4045 889 4083; x_wconf 87' lang='lat' dir='ltr'><strong>ex</strong></span> <span class='ocrx_word' id='word_1_555' title='bbox 920 4029 1044 4099; x_wconf 84' lang='lat' dir='ltr'><strong>igne</strong></span> <span class='ocrx_word' id='word_1_556' title='bbox 1073 4042 1394 4085; x_wconf 89' lang='lat' dir='ltr'><strong>coruscans.</strong></span> <span class='ocrx_word' id='word_1_557' title='bbox 1440 4029 1647 4084; x_wconf 86' lang='lat' dir='ltr'><strong>Imbres</strong></span> <span class='ocrx_word' id='word_1_558' title='bbox 1669 4043 1738 4083; x_wconf 80' lang='lat' dir='ltr'><strong>ex</strong></span> <span class='ocrx_word' id='word_1_559' title='bbox 1778 4026 1997 4101; x_wconf 91' lang='lat' dir='ltr'><strong>madido</strong></span> 
     </span>
    </p>
   </div>
   <div class='ocr_carea' id='block_1_72' title="bbox 421 4117 1999 4189">
    <p class='ocr_par' dir='ltr' id='par_1_72' title="bbox 421 4117 1999 4189">
     <span class='ocr_line' id='line_1_72' title="bbox 421 4117 1999 4189; baseline -0.001 -15"><span class='ocrx_word' id='word_1_560' title='bbox 421 4135 646 4189; x_wconf 83' lang='lat' dir='ltr'><strong>vapore,</strong></span> <span class='ocrx_word' id='word_1_561' title='bbox 689 4128 743 4175; x_wconf 90' lang='lat' dir='ltr'><strong>et</strong></span> <span class='ocrx_word' id='word_1_562' title='bbox 795 4120 1035 4176; x_wconf 89' lang='lat' dir='ltr'><strong>humidis</strong></span> <span class='ocrx_word' id='word_1_563' title='bbox 1075 4121 1314 4176; x_wconf 90' lang='lat' dir='ltr'><strong>nubibus</strong></span> <span class='ocrx_word' id='word_1_564' title='bbox 1358 4120 1650 4177; x_wconf 83' lang='lat' dir='ltr'><strong>exsistunt.</strong></span> <span class='ocrx_word' id='word_1_565' title='bbox 1691 4117 1817 4173; x_wconf 68' lang='lat' dir='ltr'><strong>Haac</strong></span> <span class='ocrx_word' id='word_1_566' title='bbox 1847 4133 1999 4174; x_wconf 88' lang='lat' dir='ltr'><strong>sum-</strong></span> 
     </span>
    </p>
   </div>
   <div class='ocr_carea' id='block_1_73' title="bbox 424 4211 1996 4284">
    <p class='ocr_par' dir='ltr' id='par_1_73' title="bbox 424 4211 1996 4284">
     <span class='ocr_line' id='line_1_73' title="bbox 424 4211 1996 4284; baseline 0.001 -21"><span class='ocrx_word' id='word_1_567' title='bbox 424 4212 611 4265; x_wconf 88' lang='lat' dir='ltr'><strong>matim</strong></span> <span class='ocrx_word' id='word_1_568' title='bbox 665 4213 733 4269; x_wconf 90' lang='lat' dir='ltr'><strong>de</strong></span> <span class='ocrx_word' id='word_1_569' title='bbox 781 4213 927 4269; x_wconf 88' lang='lat' dir='ltr'><strong>aeris</strong></span> <span class='ocrx_word' id='word_1_570' title='bbox 958 4212 1333 4270; x_wconf 74' lang='lat' dir='ltr'><strong>aﬁ‘ectionibus</strong></span> <span class='ocrx_word' id='word_1_571' title='bbox 1362 4252 1377 4279; x_wconf 94' lang='lat'><strong>,</strong></span> <span class='ocrx_word' id='word_1_572' title='bbox 1429 4227 1551 4284; x_wconf 75' lang='lat' dir='ltr'><strong>qua:</strong></span> <span class='ocrx_word' id='word_1_573' title='bbox 1604 4211 1867 4283; x_wconf 83' lang='grc' dir='ltr'>μετάρσια</span> <span class='ocrx_word' id='word_1_574' title='bbox 1894 4225 1996 4265; x_wconf 88' lang='lat' dir='ltr'><strong>no-</strong></span> 
     </span>
    </p>
   </div>
   <div class='ocr_carea' id='block_1_74' title="bbox 423 4303 685 4360">
    <p class='ocr_par' dir='ltr' id='par_1_74' title="bbox 423 4303 685 4360">
     <span class='ocr_line' id='line_1_74' title="bbox 423 4303 685 4360; baseline 0.004 -1"><span class='ocrx_word' id='word_1_575' title='bbox 423 4303 657 4360; x_wconf 85' lang='lat' dir='ltr'><strong>minant.</strong></span> <span class='ocrx_word' id='word_1_576' title='bbox 679 4304 685 4310; x_wconf 80' lang='grc'>’</span> 
     </span>
    </p>
   </div>
   <div class='ocr_carea' id='block_1_75' title="bbox 924 4475 1500 4547">
    <p class='ocr_par' dir='ltr' id='par_1_75' title="bbox 924 4475 1500 4547">
     <span class='ocr_line' id='line_1_75' title="bbox 924 4475 1500 4547; baseline 0.007 -17"><span class='ocrx_word' id='word_1_577' title='bbox 924 4475 1002 4532; x_wconf 85' lang='lat' dir='ltr'><strong>De</strong></span> <span class='ocrx_word' id='word_1_578' title='bbox 1035 4477 1211 4547; x_wconf 76' lang='lat' dir='ltr'><strong>positu</strong></span> <span class='ocrx_word' id='word_1_579' title='bbox 1260 4477 1500 4544; x_wconf 64' lang='lat' dir='ltr'><strong>sphaerae.</strong></span> 
     </span>
    </p>
   </div>
   <div class='ocr_carea' id='block_1_76' title="bbox 493 4562 1997 4641">
    <p class='ocr_par' dir='ltr' id='par_1_76' title="bbox 493 4562 1997 4641">
     <span class='ocr_line' id='line_1_76' title="bbox 493 4562 1997 4641; baseline 0.003 -20"><span class='ocrx_word' id='word_1_580' title='bbox 493 4564 584 4621; x_wconf 79' lang='lat'><strong>35.</strong></span> <span class='ocrx_word' id='word_1_581' title='bbox 619 4562 854 4638; x_wconf 62' lang='lat' dir='ltr'><strong>Sphaaraa</strong></span> <span class='ocrx_word' id='word_1_582' title='bbox 883 4570 1060 4638; x_wconf 87' lang='lat' dir='ltr'><strong>situs,</strong></span> <span class='ocrx_word' id='word_1_583' title='bbox 1090 4570 1236 4640; x_wconf 91' lang='lat' dir='ltr'><strong>quod</strong></span> <span class='ocrx_word' id='word_1_584' title='bbox 1284 4572 1539 4641; x_wconf 88' lang='lat' dir='ltr'><strong>ignorare</strong></span> <span class='ocrx_word' id='word_1_585' title='bbox 1591 4584 1703 4625; x_wconf 92' lang='lat' dir='ltr'><strong>non</strong></span> <span class='ocrx_word' id='word_1_586' title='bbox 1753 4575 1997 4640; x_wconf 89' lang='lat' dir='ltr'><strong>oportet,</strong></span> 
     </span>
    </p>
   </div>
   <div class='ocr_carea' id='block_1_77' title="bbox 424 4652 2000 4733">
    <p class='ocr_par' dir='ltr' id='par_1_77' title="bbox 424 4652 2000 4733">
     <span class='ocr_line' id='line_1_77' title="bbox 424 4652 2000 4733; baseline 0.007 -27"><span class='ocrx_word' id='word_1_587' title='bbox 424 4652 570 4708; x_wconf 89' lang='lat' dir='ltr'><strong>haud</strong></span> <span class='ocrx_word' id='word_1_588' title='bbox 599 4657 765 4714; x_wconf 90' lang='lat' dir='ltr'><strong>unius</strong></span> <span class='ocrx_word' id='word_1_589' title='bbox 804 4660 1022 4730; x_wconf 89' lang='lat' dir='ltr'><strong>generis</strong></span> <span class='ocrx_word' id='word_1_590' title='bbox 1068 4668 1191 4726; x_wconf 91' lang='lat' dir='ltr'><strong>est,</strong></span> <span class='ocrx_word' id='word_1_591' title='bbox 1238 4660 1334 4716; x_wconf 90' lang='lat' dir='ltr'><strong>sed</strong></span> <span class='ocrx_word' id='word_1_592' title='bbox 1367 4677 1469 4733; x_wconf 90' lang='lat' dir='ltr'><strong>pro</strong></span> <span class='ocrx_word' id='word_1_593' title='bbox 1495 4668 1657 4717; x_wconf 70' lang='lat' dir='ltr'><strong>terra:</strong></span> <span class='ocrx_word' id='word_1_594' title='bbox 1692 4660 2000 4717; x_wconf 91' lang='lat' dir='ltr'><strong>inclinatio-</strong></span> 
     </span>
    </p>
   </div>
   <div class='ocr_carea' id='block_1_78' title="bbox 424 4745 1998 4823">
    <p class='ocr_par' dir='ltr' id='par_1_78' title="bbox 424 4745 1998 4823">
     <span class='ocr_line' id='line_1_78' title="bbox 424 4745 1998 4823; baseline 0.006 -24"><span class='ocrx_word' id='word_1_595' title='bbox 424 4745 588 4800; x_wconf 85' lang='lat' dir='ltr'><strong>nibus</strong></span> <span class='ocrx_word' id='word_1_596' title='bbox 617 4749 757 4803; x_wconf 91' lang='lat' dir='ltr'><strong>varii</strong></span> <span class='ocrx_word' id='word_1_597' title='bbox 795 4759 925 4806; x_wconf 90' lang='lat' dir='ltr'><strong>sunt</strong></span> <span class='ocrx_word' id='word_1_598' title='bbox 980 4751 1207 4822; x_wconf 60' lang='lat' dir='ltr'><strong>sphaera:</strong></span> <span class='ocrx_word' id='word_1_599' title='bbox 1257 4752 1417 4808; x_wconf 87' lang='lat' dir='ltr'><strong>situs.</strong></span> <span class='ocrx_word' id='word_1_600' title='bbox 1466 4750 1509 4805; x_wconf 90' lang='lat' dir='ltr'>E</span> <span class='ocrx_word' id='word_1_601' title='bbox 1564 4752 1764 4822; x_wconf 86' lang='lat' dir='ltr'><strong>quibus</strong></span> <span class='ocrx_word' id='word_1_602' title='bbox 1792 4766 1998 4823; x_wconf 86' lang='lat' dir='ltr'><strong>paucos</strong></span> 
     </span>
    </p>
   </div>
   <div class='ocr_carea' id='block_1_79' title="bbox 425 4840 2002 4915">
    <p class='ocr_par' dir='ltr' id='par_1_79' title="bbox 425 4840 2002 4915">
     <span class='ocr_line' id='line_1_79' title="bbox 425 4840 2002 4915; baseline 0.005 -24"><span class='ocrx_word' id='word_1_603' title='bbox 425 4840 910 4912; x_wconf 84' lang='lat' dir='ltr'><strong>perstringemus:</strong></span> <span class='ocrx_word' id='word_1_604' title='bbox 970 4852 1027 4899; x_wconf 90' lang='lat' dir='ltr'><strong>et</strong></span> <span class='ocrx_word' id='word_1_605' title='bbox 1079 4844 1147 4899; x_wconf 87' lang='lat' dir='ltr'><strong>ad</strong></span> <span class='ocrx_word' id='word_1_606' title='bbox 1209 4843 1422 4898; x_wconf 66' lang='lat' dir='ltr'><strong>Aratea:</strong></span> <span class='ocrx_word' id='word_1_607' title='bbox 1482 4843 1707 4913; x_wconf 54' lang='lat' dir='ltr'><strong>sphaera).</strong></span> <span class='ocrx_word' id='word_1_608' title='bbox 1761 4844 2002 4915; x_wconf 88' lang='lat' dir='ltr'><strong>positum</strong></span> 
     </span>
    </p>
   </div>
   <div class='ocr_carea' id='block_1_80' title="bbox 425 4934 2004 5007">
    <p class='ocr_par' dir='ltr' id='par_1_80' title="bbox 425 4934 2004 5007">
     <span class='ocr_line' id='line_1_80' title="bbox 425 4934 2004 5007; baseline 0.003 -20"><span class='ocrx_word' id='word_1_609' title='bbox 425 4943 614 5002; x_wconf 88' lang='lat' dir='ltr'><strong>postea</strong></span> <span class='ocrx_word' id='word_1_610' title='bbox 642 4936 945 4993; x_wconf 89' lang='lat' dir='ltr'><strong>veniemus.</strong></span> <span class='ocrx_word' id='word_1_611' title='bbox 995 4934 1096 4990; x_wconf 89' lang='lat' dir='ltr'><strong>Est</strong></span> <span class='ocrx_word' id='word_1_612' title='bbox 1142 4935 1308 5006; x_wconf 89' lang='lat' dir='ltr'><strong>igitur</strong></span> <span class='ocrx_word' id='word_1_613' title='bbox 1333 4935 1474 4991; x_wconf 89' lang='lat' dir='ltr'><strong>situs</strong></span> <span class='ocrx_word' id='word_1_614' title='bbox 1500 4935 1775 5007; x_wconf 85' lang='lat' dir='ltr'><strong>&#39;inprimis</strong></span> <span class='ocrx_word' id='word_1_615' title='bbox 1823 4935 2004 4992; x_wconf 80' lang='lat' dir='ltr'><strong>Helle-</strong></span> 
     </span>
    </p>
   </div>
   <div class='ocr_carea' id='block_1_81' title="bbox 426 5028 2001 5099">
    <p class='ocr_par' dir='ltr' id='par_1_81' title="bbox 426 5028 2001 5099">
     <span class='ocr_line' id='line_1_81' title="bbox 426 5028 2001 5099; baseline 0.002 -19"><span class='ocrx_word' id='word_1_616' title='bbox 426 5028 630 5095; x_wconf 88' lang='lat' dir='ltr'><strong>sponti,</strong></span> <span class='ocrx_word' id='word_1_617' title='bbox 655 5043 719 5084; x_wconf 88' lang='lat' dir='ltr'><strong>ac</strong></span> <span class='ocrx_word' id='word_1_618' title='bbox 747 5028 1077 5086; x_wconf 74' lang='lat' dir='ltr'><strong>Macedonia:</strong></span> <span class='ocrx_word' id='word_1_619' title='bbox 1102 5028 1310 5083; x_wconf 88' lang='lat' dir='ltr'><strong>elimati</strong></span> <span class='ocrx_word' id='word_1_620' title='bbox 1339 5043 1667 5099; x_wconf 80' lang='lat' dir='ltr'><strong>congruens.</strong></span> <span class='ocrx_word' id='word_1_621' title='bbox 1690 5028 1828 5084; x_wconf 89' lang='lat' dir='ltr'><strong>Cum</strong></span> <span class='ocrx_word' id='word_1_622' title='bbox 1852 5028 2001 5084; x_wconf 90' lang='lat' dir='ltr'><strong>enim</strong></span> 
     </span>
    </p>
   </div>
   <div class='ocr_carea' id='block_1_82' title="bbox 427 5117 1996 5192">
    <p class='ocr_par' dir='ltr' id='par_1_82' title="bbox 427 5117 1996 5192">
     <span class='ocr_line' id='line_1_82' title="bbox 427 5117 1996 5192; baseline 0.004 -23"><span class='ocrx_word' id='word_1_623' title='bbox 427 5118 570 5184; x_wconf 86' lang='lat' dir='ltr'><strong>apud</strong></span> <span class='ocrx_word' id='word_1_624' title='bbox 617 5118 950 5192; x_wconf 87' lang='lat' dir='ltr'><strong>Antigonum</strong></span> <span class='ocrx_word' id='word_1_625' title='bbox 992 5117 1324 5173; x_wconf 83' lang='lat' dir='ltr'><strong>Macedoniae</strong></span> <span class='ocrx_word' id='word_1_626' title='bbox 1369 5135 1551 5191; x_wconf 84' lang='lat' dir='ltr'><strong>regem</strong></span> <span class='ocrx_word' id='word_1_627' title='bbox 1583 5127 1729 5177; x_wconf 88' lang='lat' dir='ltr'><strong>esset</strong></span> <span class='ocrx_word' id='word_1_628' title='bbox 1757 5119 1958 5176; x_wconf 86' lang='lat' dir='ltr'><strong>Aratus</strong></span> <span class='ocrx_word' id='word_1_629' title='bbox 1980 5160 1996 5187; x_wconf 91' lang='lat'><strong>,</strong></span> 
     </span>
    </p>
   </div>
   <div class='ocr_carea' id='block_1_83' title="bbox 427 5206 2004 5282">
    <p class='ocr_par' dir='ltr' id='par_1_83' title="bbox 427 5206 2004 5282">
     <span class='ocr_line' id='line_1_83' title="bbox 427 5206 2004 5282; baseline 0.003 -21"><span class='ocrx_word' id='word_1_630' title='bbox 427 5206 495 5262; x_wconf 89' lang='lat' dir='ltr'><strong>ad</strong></span> <span class='ocrx_word' id='word_1_631' title='bbox 526 5206 674 5265; x_wconf 91' lang='lat' dir='ltr'><strong>illius</strong></span> <span class='ocrx_word' id='word_1_632' title='bbox 721 5208 828 5263; x_wconf 91' lang='lat' dir='ltr'><strong>loci</strong></span> <span class='ocrx_word' id='word_1_633' title='bbox 874 5206 1038 5262; x_wconf 89' lang='lat' dir='ltr'><strong>clima</strong></span> <span class='ocrx_word' id='word_1_634' title='bbox 1064 5207 1443 5278; x_wconf 89' lang='lat' dir='ltr'><strong>apparentium</strong></span> <span class='ocrx_word' id='word_1_635' title='bbox 1471 5210 1777 5265; x_wconf 89' lang='lat' dir='ltr'><strong>doctrinam</strong></span> <span class='ocrx_word' id='word_1_636' title='bbox 1824 5209 2004 5282; x_wconf 80' lang='lat' dir='ltr'><strong>exegit</strong></span> 
     </span>
    </p>
   </div>
   <div class='ocr_carea' id='block_1_84' title="bbox 427 5299 1998 5374">
    <p class='ocr_par' dir='ltr' id='par_1_84' title="bbox 427 5299 1998 5374">
     <span class='ocr_line' id='line_1_84' title="bbox 427 5299 1998 5374; baseline 0.001 -19"><span class='ocrx_word' id='word_1_637' title='bbox 427 5315 661 5355; x_wconf 89' lang='lat' dir='ltr'><strong>omnem.</strong></span> <span class='ocrx_word' id='word_1_638' title='bbox 693 5300 868 5358; x_wconf 86' lang='lat' dir='ltr'><strong>Porro</strong></span> <span class='ocrx_word' id='word_1_639' title='bbox 907 5299 1123 5370; x_wconf 86' lang='lat' dir='ltr'><strong>quoties</strong></span> <span class='ocrx_word' id='word_1_640' title='bbox 1149 5300 1259 5371; x_wconf 88' lang='lat' dir='ltr'><strong>poli</strong></span> <span class='ocrx_word' id='word_1_641' title='bbox 1288 5300 1627 5358; x_wconf 88' lang='lat' dir='ltr'><strong>horizontem</strong></span> <span class='ocrx_word' id='word_1_642' title='bbox 1652 5302 1998 5374; x_wconf 88' lang='lat' dir='ltr'><strong>contingunt,</strong></span> 
     </span>
    </p>
   </div>
   <div class='ocr_carea' id='block_1_85' title="bbox 430 5391 2044 5460">
    <p class='ocr_par' dir='ltr' id='par_1_85' title="bbox 430 5391 2044 5460">
     <span class='ocr_line' id='line_1_85' title="bbox 430 5391 2044 5460; baseline 0.002 -12"><span class='ocrx_word' id='word_1_643' title='bbox 430 5392 628 5448; x_wconf 80' lang='lat' dir='ltr'><strong>accidit</strong></span> <span class='ocrx_word' id='word_1_644' title='bbox 654 5400 716 5447; x_wconf 89' lang='lat' dir='ltr'><strong>ut</strong></span> <span class='ocrx_word' id='word_1_645' title='bbox 749 5407 851 5448; x_wconf 83' lang='lat' dir='ltr'><strong>nec</strong></span> <span class='ocrx_word' id='word_1_646' title='bbox 879 5391 1119 5449; x_wconf 89' lang='lat' dir='ltr'><strong>arcticus</strong></span> <span class='ocrx_word' id='word_1_647' title='bbox 1173 5395 1413 5451; x_wconf 90' lang='lat' dir='ltr'><strong>circulus</strong></span> <span class='ocrx_word' id='word_1_648' title='bbox 1435 5435 1452 5460; x_wconf 87' lang='lat'><strong>,</strong></span> <span class='ocrx_word' id='word_1_649' title='bbox 1506 5411 1610 5450; x_wconf 88' lang='lat' dir='ltr'><strong>nec</strong></span> <span class='ocrx_word' id='word_1_650' title='bbox 1661 5396 2000 5452; x_wconf 89' lang='lat' dir='ltr'><strong>antarcticus</strong></span> <span class='ocrx_word' id='word_1_651' title='bbox 2026 5416 2044 5440; x_wconf 81' lang='grc' dir='ltr'><strong>ι</strong></span> 
     </span>
    </p>
   </div>
   <div class='ocr_carea' id='block_1_86' title="bbox 431 5486 2001 5559">
    <p class='ocr_par' dir='ltr' id='par_1_86' title="bbox 431 5486 2001 5559">
     <span class='ocr_line' id='line_1_86' title="bbox 431 5486 2001 5559; baseline 0.003 -20"><span class='ocrx_word' id='word_1_652' title='bbox 431 5497 647 5553; x_wconf 82' lang='lat' dir='ltr'><strong>semper</strong></span> <span class='ocrx_word' id='word_1_653' title='bbox 693 5490 1033 5553; x_wconf 85' lang='lat' dir='ltr'><strong>appareant:</strong></span> <span class='ocrx_word' id='word_1_654' title='bbox 1066 5486 1163 5543; x_wconf 89' lang='lat' dir='ltr'><strong>sed</strong></span> <span class='ocrx_word' id='word_1_655' title='bbox 1214 5487 1658 5559; x_wconf 65' lang='lat' dir='ltr'><strong>hemisphaerium</strong></span> <span class='ocrx_word' id='word_1_656' title='bbox 1707 5495 2001 5558; x_wconf 86' lang='lat' dir='ltr'><strong>utrumque</strong></span> 
     </span>
    </p>
   </div>
   <div class='ocr_carea' id='block_1_87' title="bbox 431 5573 2000 5654">
    <p class='ocr_par' dir='ltr' id='par_1_87' title="bbox 431 5573 2000 5654">
     <span class='ocr_line' id='line_1_87' title="bbox 431 5573 2000 5654; baseline 0.005 -25"><span class='ocrx_word' id='word_1_657' title='bbox 431 5573 643 5629; x_wconf 90' lang='lat' dir='ltr'><strong>oriatur</strong></span> <span class='ocrx_word' id='word_1_658' title='bbox 704 5580 759 5630; x_wconf 88' lang='lat' dir='ltr'><strong>et</strong></span> <span class='ocrx_word' id='word_1_659' title='bbox 816 5575 1048 5634; x_wconf 82' lang='lat' dir='ltr'><strong>occidat.</strong></span> <span class='ocrx_word' id='word_1_660' title='bbox 1136 5580 1231 5635; x_wconf 91' lang='lat' dir='ltr'><strong>Sin</strong></span> <span class='ocrx_word' id='word_1_661' title='bbox 1263 5580 1536 5637; x_wconf 90' lang='lat' dir='ltr'><strong>borealem</strong></span> <span class='ocrx_word' id='word_1_662' title='bbox 1593 5580 1774 5651; x_wconf 90' lang='lat' dir='ltr'><strong>polum</strong></span> <span class='ocrx_word' id='word_1_663' title='bbox 1834 5596 2000 5654; x_wconf 87' lang='lat' dir='ltr'><strong>supra</strong></span> 
     </span>
    </p>
   </div>
   <div class='ocr_carea' id='block_1_88' title="bbox 516 5755 1501 5833">
    <p class='ocr_par' dir='ltr' id='par_1_88' title="bbox 516 5755 1501 5833">
     <span class='ocr_line' id='line_1_88' title="bbox 516 5755 1501 5833; baseline -0.005 -5"><span class='ocrx_word' id='word_1_664' title='bbox 516 5756 564 5793; x_wconf 70' lang='grc'><strong>⁸⁸</strong></span> <span class='ocrx_word' id='word_1_665' title='bbox 591 5755 632 5827; x_wconf 68' lang='grc' dir='ltr'>Ῑι</span> <span class='ocrx_word' id='word_1_666' title='bbox 657 5757 829 5815; x_wconf 63' lang='grc' dir='ltr'>ἐνίοτε</span> <span class='ocrx_word' id='word_1_667' title='bbox 851 5758 927 5817; x_wconf 73' lang='grc' dir='ltr'>δέ·</span> <span class='ocrx_word' id='word_1_668' title='bbox 1006 5763 1069 5798; x_wconf 84' lang='grc'><strong>¹⁹⁶</strong></span> <span class='ocrx_word' id='word_1_669' title='bbox 1096 5765 1137 5833; x_wconf 78' lang='grc' dir='ltr'>Ι.</span> <span class='ocrx_word' id='word_1_670' title='bbox 1158 5765 1316 5822; x_wconf 73' lang='grc' dir='ltr'>κατὰ.</span> <span class='ocrx_word' id='word_1_671' title='bbox 1345 5765 1501 5823; x_wconf 75' lang='lat' dir='ltr'><strong>Enn.</strong></span> 
     </span>
    </p>
   </div>
   <div class='ocr_carea' id='block_1_89' title="bbox 2095 3102 3675 3182">
    <p class='ocr_par' dir='ltr' id='par_1_89' title="bbox 2095 3102 3675 3182">
     <span class='ocr_line' id='line_1_89' title="bbox 2095 3102 3675 3182; baseline -0.001 -18"><span class='ocrx_word' id='word_1_672' title='bbox 2095 3111 2223 3182; x_wconf 78' lang='grc' dir='ltr'>περὶ</span> <span class='ocrx_word' id='word_1_673' title='bbox 2249 3109 2339 3165; x_wconf 84' lang='grc' dir='ltr'><strong>τὸν</strong></span> <span class='ocrx_word' id='word_1_674' title='bbox 2369 3110 2642 3182; x_wconf 86' lang='grc' dir='ltr'>Καρκίνον</span> <span class='ocrx_word' id='word_1_675' title='bbox 2687 3109 2921 3180; x_wconf 85' lang='grc' dir='ltr'>ἀστέρας</span> <span class='ocrx_word' id='word_1_676' title='bbox 2959 3102 3118 3163; x_wconf 79' lang='grc' dir='ltr'>εἶναι.</span> <span class='ocrx_word' id='word_1_677' title='bbox 3149 3109 3289 3172; x_wconf 81' lang='grc' dir='ltr'>Τοὺς</span> <span class='ocrx_word' id='word_1_678' title='bbox 3326 3108 3385 3162; x_wconf 81' lang='grc' dir='ltr'>δὲ</span> <span class='ocrx_word' id='word_1_679' title='bbox 3430 3111 3675 3180; x_wconf 84' lang='grc' dir='ltr'>κομήτας</span> 
     </span>
    </p>
   </div>
   <div class='ocr_carea' id='block_1_90' title="bbox 2095 3199 3676 3272">
    <p class='ocr_par' dir='ltr' id='par_1_90' title="bbox 2095 3199 3676 3272">
     <span class='ocr_line' id='line_1_90' title="bbox 2095 3199 3676 3272; baseline -0.001 -17"><span class='ocrx_word' id='word_1_680' title='bbox 2095 3203 2188 3255; x_wconf 73' lang='grc' dir='ltr'>καὶ</span> <span class='ocrx_word' id='word_1_681' title='bbox 2214 3204 2341 3265; x_wconf 79' lang='grc' dir='ltr'>τοὺς</span> <span class='ocrx_word' id='word_1_682' title='bbox 2368 3201 2647 3265; x_wconf 85' lang='grc' dir='ltr'>τοιούτους</span> <span class='ocrx_word' id='word_1_683' title='bbox 2670 3201 2720 3255; x_wconf 78' lang='lat' dir='ltr'><strong>oi</strong></span> <span class='ocrx_word' id='word_1_684' title='bbox 2759 3202 2856 3272; x_wconf 84' lang='grc' dir='ltr'><strong>μὲν</strong></span> <span class='ocrx_word' id='word_1_685' title='bbox 2886 3202 3134 3270; x_wconf 89' lang='grc' dir='ltr'>λέγουσιν</span> <span class='ocrx_word' id='word_1_686' title='bbox 3177 3199 3237 3265; x_wconf 80' lang='grc' dir='ltr'>ἐξ</span> <span class='ocrx_word' id='word_1_687' title='bbox 3270 3200 3519 3272; x_wconf 82' lang='grc' dir='ltr'>ἀστέρων</span> <span class='ocrx_word' id='word_1_688' title='bbox 3550 3218 3676 3254; x_wconf 86' lang='grc' dir='ltr'>συν-</span> 
     </span>
    </p>
   </div>
   <div class='ocr_carea' id='block_1_91' title="bbox 2085 3280 3677 3366">
    <p class='ocr_par' dir='ltr' id='par_1_91' title="bbox 2085 3280 3677 3366">
     <span class='ocr_line' id='line_1_91' title="bbox 2085 3280 3677 3366; baseline -0.001 -18"><span class='ocrx_word' id='word_1_689' title='bbox 2085 3280 2402 3366; x_wconf 83' lang='grc' dir='ltr'>ερχομένων</span> <span class='ocrx_word' id='word_1_690' title='bbox 2412 3294 2653 3364; x_wconf 86' lang='grc' dir='ltr'>γίνεσθαι</span> <span class='ocrx_word' id='word_1_691' title='bbox 2669 3293 2764 3348; x_wconf 76' lang='grc' dir='ltr'><strong>καὶ</strong></span> <span class='ocrx_word' id='word_1_692' title='bbox 2783 3294 3260 3365; x_wconf 80' lang='grc' dir='ltr'>ὲμφωτιζομένων,</span> <span class='ocrx_word' id='word_1_693' title='bbox 3277 3296 3327 3346; x_wconf 87' lang='grc' dir='ltr'><strong>οί</strong></span> <span class='ocrx_word' id='word_1_694' title='bbox 3350 3293 3409 3347; x_wconf 83' lang='grc' dir='ltr'>δὲ</span> <span class='ocrx_word' id='word_1_695' title='bbox 3425 3296 3489 3346; x_wconf 82' lang='grc' dir='ltr'>ὲκ</span> <span class='ocrx_word' id='word_1_696' title='bbox 3501 3293 3677 3363; x_wconf 80' lang='grc' dir='ltr'>νεφῶν</span> 
     </span>
    </p>
   </div>
   <div class='ocr_carea' id='block_1_92' title="bbox 2096 3384 3678 3460">
    <p class='ocr_par' dir='ltr' id='par_1_92' title="bbox 2096 3384 3678 3460">
     <span class='ocr_line' id='line_1_92' title="bbox 2096 3384 3678 3460; baseline -0.003 -19"><span class='ocrx_word' id='word_1_697' title='bbox 2096 3387 2649 3460; x_wconf 84' lang='grc' dir='ltr'>περιπεφωτισμένων</span> <span class='ocrx_word' id='word_1_698' title='bbox 2668 3404 2681 3417; x_wconf 76' lang='grc' dir='ltr'><strong>ο</strong></span> <span class='ocrx_word' id='word_1_699' title='bbox 2716 3385 2864 3441; x_wconf 80' lang='grc' dir='ltr'>ἄλλοι</span> <span class='ocrx_word' id='word_1_700' title='bbox 2892 3387 2947 3439; x_wconf 82' lang='grc' dir='ltr'>δὲ</span> <span class='ocrx_word' id='word_1_701' title='bbox 2974 3387 3039 3440; x_wconf 84' lang='grc' dir='ltr'>ὲκ</span> <span class='ocrx_word' id='word_1_702' title='bbox 3065 3385 3457 3458; x_wconf 72' lang='grc' dir='ltr'>παρατρίψεως</span> <span class='ocrx_word' id='word_1_703' title='bbox 3483 3384 3678 3447; x_wconf 71' lang='grc' dir='ltr'>αὐτοὺς</span> 
     </span>
    </p>
   </div>
   <div class='ocr_carea' id='block_1_93' title="bbox 2085 3458 3678 3549">
    <p class='ocr_par' dir='ltr' id='par_1_93' title="bbox 2085 3458 3678 3549">
     <span class='ocr_line' id='line_1_93' title="bbox 2085 3458 3678 3549; baseline -0.003 -16"><span class='ocrx_word' id='word_1_704' title='bbox 2085 3458 2423 3549; x_wconf 66' lang='grc' dir='ltr'><strong>ὶφωτίζεσθαι</strong></span> <span class='ocrx_word' id='word_1_705' title='bbox 2445 3477 2713 3547; x_wconf 83' lang='grc' dir='ltr'>λέγουσιν.</span> <span class='ocrx_word' id='word_1_706' title='bbox 2744 3477 2817 3531; x_wconf 85' lang='grc' dir='ltr'><strong>Οὐ</strong></span> <span class='ocrx_word' id='word_1_707' title='bbox 2855 3477 3131 3547; x_wconf 85' lang='grc' dir='ltr'>φαίνονται</span> <span class='ocrx_word' id='word_1_708' title='bbox 3175 3476 3235 3529; x_wconf 83' lang='grc' dir='ltr'><strong>δὲ</strong></span> <span class='ocrx_word' id='word_1_709' title='bbox 3273 3477 3360 3530; x_wconf 85' lang='grc' dir='ltr'><strong>ἀεί</strong></span> <span class='ocrx_word' id='word_1_710' title='bbox 3381 3494 3397 3508; x_wconf 78' lang='grc'><em>’</em></span> <span class='ocrx_word' id='word_1_711' title='bbox 3433 3475 3569 3529; x_wconf 90' lang='grc' dir='ltr'><strong>ἀλλά</strong></span> <span class='ocrx_word' id='word_1_712' title='bbox 3593 3476 3678 3544; x_wconf 82' lang='grc' dir='ltr'>γί-</span> 
     </span>
    </p>
   </div>
   <div class='ocr_carea' id='block_1_94' title="bbox 2097 3563 3676 3642">
    <p class='ocr_par' dir='ltr' id='par_1_94' title="bbox 2097 3563 3676 3642">
     <span class='ocr_line' id='line_1_94' title="bbox 2097 3563 3676 3642; baseline -0.004 -16"><span class='ocrx_word' id='word_1_713' title='bbox 2097 3589 2275 3626; x_wconf 90' lang='grc' dir='ltr'>νονται</span> <span class='ocrx_word' id='word_1_714' title='bbox 2309 3571 2404 3625; x_wconf 67' lang='grc' dir='ltr'>καλ.</span> <span class='ocrx_word' id='word_1_715' title='bbox 2439 3569 2509 3601; x_wconf 70' lang='grc' dir='ltr'><strong>’θ’</strong></span> <span class='ocrx_word' id='word_1_716' title='bbox 2532 3570 2812 3642; x_wconf 83' lang='grc' dir='ltr'>περιόδους</span> <span class='ocrx_word' id='word_1_717' title='bbox 2857 3568 3084 3640; x_wconf 87' lang='grc' dir='ltr'>χρόνων.</span> <span class='ocrx_word' id='word_1_718' title='bbox 3112 3570 3242 3622; x_wconf 89' lang='grc' dir='ltr'>Ὅτε</span> <span class='ocrx_word' id='word_1_719' title='bbox 3280 3569 3379 3640; x_wconf 83' lang='grc' dir='ltr'><strong>μὲν</strong></span> <span class='ocrx_word' id='word_1_720' title='bbox 3417 3563 3511 3622; x_wconf 75' lang='grc' dir='ltr'><strong>οὖν</strong></span> <span class='ocrx_word' id='word_1_721' title='bbox 3544 3566 3676 3635; x_wconf 85' lang='grc' dir='ltr'>συγ-</span> 
     </span>
    </p>
   </div>
   <div class='ocr_carea' id='block_1_95' title="bbox 2086 3658 3674 3735">
    <p class='ocr_par' dir='ltr' id='par_1_95' title="bbox 2086 3658 3674 3735">
     <span class='ocr_line' id='line_1_95' title="bbox 2086 3658 3674 3735; baseline -0.003 -19"><span class='ocrx_word' id='word_1_722' title='bbox 2086 3661 2384 3735; x_wconf 80' lang='grc' dir='ltr'>’κρούονται</span> <span class='ocrx_word' id='word_1_723' title='bbox 2403 3660 2459 3714; x_wconf 86' lang='grc' dir='ltr'><strong>αί</strong></span> <span class='ocrx_word' id='word_1_724' title='bbox 2492 3659 2709 3730; x_wconf 82' lang='grc' dir='ltr'>νεφέλαι</span> <span class='ocrx_word' id='word_1_725' title='bbox 2740 3659 2876 3731; x_wconf 86' lang='grc' dir='ltr'>πρὸς</span> <span class='ocrx_word' id='word_1_726' title='bbox 2898 3659 3155 3730; x_wconf 88' lang='grc' dir='ltr'>ἀλλήλας,</span> <span class='ocrx_word' id='word_1_727' title='bbox 3180 3658 3411 3731; x_wconf 78' lang='grc' dir='ltr'>βροντὰς</span> <span class='ocrx_word' id='word_1_728' title='bbox 3443 3658 3674 3712; x_wconf 82' lang='grc' dir='ltr'>ποιοῦσι·</span> 
     </span>
    </p>
   </div>
   <div class='ocr_carea' id='block_1_96' title="bbox 2099 3748 3677 3824">
    <p class='ocr_par' dir='ltr' id='par_1_96' title="bbox 2099 3748 3677 3824">
     <span class='ocr_line' id='line_1_96' title="bbox 2099 3748 3677 3824; baseline -0.002 -19"><span class='ocrx_word' id='word_1_729' title='bbox 2099 3753 2348 3824; x_wconf 81' lang='grc' dir='ltr'>ραγεῖσαι</span> <span class='ocrx_word' id='word_1_730' title='bbox 2387 3751 2465 3814; x_wconf 81' lang='grc' dir='ltr'>δὲ,</span> <span class='ocrx_word' id='word_1_731' title='bbox 2497 3750 2590 3804; x_wconf 72' lang='grc' dir='ltr'>καὶ</span> <span class='ocrx_word' id='word_1_732' title='bbox 2622 3749 2840 3821; x_wconf 82' lang='grc' dir='ltr'>πνεῦμα</span> <span class='ocrx_word' id='word_1_733' title='bbox 2890 3748 3029 3820; x_wconf 84' lang='grc' dir='ltr'>μετὰ</span> <span class='ocrx_word' id='word_1_734' title='bbox 3082 3749 3262 3821; x_wconf 80' lang='grc' dir='ltr'>ῥύμης</span> <span class='ocrx_word' id='word_1_735' title='bbox 3305 3750 3402 3803; x_wconf 78' lang='grc' dir='ltr'><strong>καὶ</strong></span> <span class='ocrx_word' id='word_1_736' title='bbox 3445 3749 3677 3820; x_wconf 80' lang='grc' dir='ltr'>σφοδρᾶς</span> 
     </span>
    </p>
   </div>
   <div class='ocr_carea' id='block_1_97' title="bbox 2096 3839 3679 3915">
    <p class='ocr_par' dir='ltr' id='par_1_97' title="bbox 2096 3839 3679 3915">
     <span class='ocr_line' id='line_1_97' title="bbox 2096 3839 3679 3915; baseline -0.003 -19"><span class='ocrx_word' id='word_1_737' title='bbox 2096 3844 2273 3914; x_wconf 87' lang='grc' dir='ltr'>ὁρμῆς</span> <span class='ocrx_word' id='word_1_738' title='bbox 2314 3842 2571 3913; x_wconf 85' lang='grc' dir='ltr'>ἀφεῖσαι,</span> <span class='ocrx_word' id='word_1_739' title='bbox 2600 3841 2900 3915; x_wconf 82' lang='grc' dir='ltr'>κεραυνοὺς</span> <span class='ocrx_word' id='word_1_740' title='bbox 2947 3839 3160 3893; x_wconf 81' lang='grc' dir='ltr'>ποιοῦσι</span> <span class='ocrx_word' id='word_1_741' title='bbox 3185 3881 3200 3905; x_wconf 89' lang='grc'><strong>,</strong></span> <span class='ocrx_word' id='word_1_742' title='bbox 3237 3839 3327 3893; x_wconf 81' lang='grc' dir='ltr'><strong>διὰ</strong></span> <span class='ocrx_word' id='word_1_743' title='bbox 3363 3840 3464 3912; x_wconf 87' lang='grc' dir='ltr'><strong>τῆς</strong></span> <span class='ocrx_word' id='word_1_744' title='bbox 3500 3840 3679 3913; x_wconf 77' lang='grc' dir='ltr'>ῥύμης</span> 
     </span>
    </p>
   </div>
   <div class='ocr_carea' id='block_1_98' title="bbox 2097 3930 3677 4004">
    <p class='ocr_par' dir='ltr' id='par_1_98' title="bbox 2097 3930 3677 4004">
     <span class='ocr_line' id='line_1_98' title="bbox 2097 3930 3677 4004; baseline -0.002 -18"><span class='ocrx_word' id='word_1_745' title='bbox 2097 3932 2470 4004; x_wconf 84' lang='grc' dir='ltr'>ἀναπτομένου</span> <span class='ocrx_word' id='word_1_746' title='bbox 2503 3931 2598 3985; x_wconf 85' lang='grc' dir='ltr'>τοῦ</span> <span class='ocrx_word' id='word_1_747' title='bbox 2636 3932 2945 4003; x_wconf 88' lang='grc' dir='ltr'>πνεύματος</span> <span class='ocrx_word' id='word_1_748' title='bbox 2974 3947 2988 3961; x_wconf 84' lang='lat'><strong><em>°</em></strong></span> <span class='ocrx_word' id='word_1_749' title='bbox 3022 3931 3299 4004; x_wconf 73' lang='grc' dir='ltr'>ἀστραπαὶ</span> <span class='ocrx_word' id='word_1_750' title='bbox 3341 3930 3402 3984; x_wconf 85' lang='grc' dir='ltr'>δὲ</span> <span class='ocrx_word' id='word_1_751' title='bbox 3440 3932 3677 4001; x_wconf 84' lang='grc' dir='ltr'>γίνονται</span> 
     </span>
    </p>
   </div>
   <div class='ocr_carea' id='block_1_99' title="bbox 2097 4020 3678 4098">
    <p class='ocr_par' dir='ltr' id='par_1_99' title="bbox 2097 4020 3678 4098">
     <span class='ocr_line' id='line_1_99' title="bbox 2097 4020 3678 4098; baseline 0 -22"><span class='ocrx_word' id='word_1_752' title='bbox 2097 4024 2216 4095; x_wconf 78' lang='grc' dir='ltr'>ἤτοι</span> <span class='ocrx_word' id='word_1_753' title='bbox 2248 4023 2307 4090; x_wconf 73' lang='grc' dir='ltr'>ἐξ</span> <span class='ocrx_word' id='word_1_754' title='bbox 2346 4022 2525 4077; x_wconf 86' lang='grc' dir='ltr'>αὐτῶν</span> <span class='ocrx_word' id='word_1_755' title='bbox 2565 4024 2726 4078; x_wconf 85' lang='grc' dir='ltr'>πάλιν</span> <span class='ocrx_word' id='word_1_756' title='bbox 2764 4024 2871 4077; x_wconf 89' lang='grc' dir='ltr'><strong>τῶν</strong></span> <span class='ocrx_word' id='word_1_757' title='bbox 2904 4023 3114 4093; x_wconf 85' lang='grc' dir='ltr'>νεφῶν,</span> <span class='ocrx_word' id='word_1_758' title='bbox 3142 4022 3321 4098; x_wconf 83' lang='grc' dir='ltr'>φωτὸς</span> <span class='ocrx_word' id='word_1_759' title='bbox 3369 4020 3678 4093; x_wconf 82' lang='grc' dir='ltr'>ἀναπτομέ-</span> 
     </span>
    </p>
   </div>
   <div class='ocr_carea' id='block_1_100' title="bbox 2098 4113 3676 4187">
    <p class='ocr_par' dir='ltr' id='par_1_100' title="bbox 2098 4113 3676 4187">
     <span class='ocr_line' id='line_1_100' title="bbox 2098 4113 3676 4187; baseline -0.002 -20"><span class='ocrx_word' id='word_1_760' title='bbox 2098 4130 2191 4167; x_wconf 91' lang='grc' dir='ltr'><strong>νου</strong></span> <span class='ocrx_word' id='word_1_761' title='bbox 2219 4114 2315 4167; x_wconf 83' lang='grc' dir='ltr'>κα¹ι</span> <span class='ocrx_word' id='word_1_762' title='bbox 2343 4113 2701 4186; x_wconf 79' lang='grc' dir='ltr'>σϐεννυμένου</span> <span class='ocrx_word' id='word_1_763' title='bbox 2728 4132 2741 4145; x_wconf 76' lang='grc' dir='ltr'><strong>ο</strong></span> <span class='ocrx_word' id='word_1_764' title='bbox 2771 4115 2804 4186; x_wconf 82' lang='grc' dir='ltr'><strong>ἦ</strong></span> <span class='ocrx_word' id='word_1_765' title='bbox 2836 4116 2901 4169; x_wconf 80' lang='grc' dir='ltr'>ὲκ</span> <span class='ocrx_word' id='word_1_766' title='bbox 2930 4116 3101 4187; x_wconf 81' lang='grc' dir='ltr'>πυρὸς</span> <span class='ocrx_word' id='word_1_767' title='bbox 3142 4114 3506 4187; x_wconf 88' lang='grc' dir='ltr'>μαρμαρυγαί</span> <span class='ocrx_word' id='word_1_768' title='bbox 3544 4115 3676 4167; x_wconf 71' lang='grc' dir='ltr'>εἰσιν</span> 
     </span>
    </p>
   </div>
   <div class='ocr_carea' id='block_1_101' title="bbox 2099 4196 3677 4276">
    <p class='ocr_par' dir='ltr' id='par_1_101' title="bbox 2099 4196 3677 4276">
     <span class='ocr_line' id='line_1_101' title="bbox 2099 4196 3677 4276; baseline -0.003 -21"><span class='ocrx_word' id='word_1_769' title='bbox 2099 4203 2539 4274; x_wconf 81' lang='grc' dir='ltr'>ὲκπεμπόμεναι.</span> <span class='ocrx_word' id='word_1_770' title='bbox 2582 4204 2817 4276; x_wconf 79' lang='grc' dir='ltr'>Ὀμϐροι</span> <span class='ocrx_word' id='word_1_771' title='bbox 2850 4204 2907 4257; x_wconf 82' lang='grc' dir='ltr'>δὲ</span> <span class='ocrx_word' id='word_1_772' title='bbox 2951 4203 3009 4270; x_wconf 79' lang='grc' dir='ltr'><strong>ἐξ</strong></span> <span class='ocrx_word' id='word_1_773' title='bbox 3050 4204 3225 4274; x_wconf 75' lang='grc' dir='ltr'>ὑγρᾶς</span> <span class='ocrx_word' id='word_1_774' title='bbox 3258 4201 3565 4262; x_wconf 86' lang='grc' dir='ltr'>ἀναδόσεως</span> <span class='ocrx_word' id='word_1_775' title='bbox 3587 4196 3677 4251; x_wconf 71' lang='grc' dir='ltr'><strong>καὶ</strong></span> 
     </span>
    </p>
   </div>
   <div class='ocr_carea' id='block_1_102' title="bbox 2101 4288 3675 4366">
    <p class='ocr_par' dir='ltr' id='par_1_102' title="bbox 2101 4288 3675 4366">
     <span class='ocr_line' id='line_1_102' title="bbox 2101 4288 3675 4366; baseline -0.004 -18"><span class='ocrx_word' id='word_1_776' title='bbox 2101 4294 2338 4364; x_wconf 86' lang='grc' dir='ltr'>νεφελῶν</span> <span class='ocrx_word' id='word_1_777' title='bbox 2371 4294 2554 4366; x_wconf 84' lang='grc' dir='ltr'>ὑγρῶν</span> <span class='ocrx_word' id='word_1_778' title='bbox 2584 4294 2842 4363; x_wconf 86' lang='grc' dir='ltr'>γίνονται.</span> <span class='ocrx_word' id='word_1_779' title='bbox 2873 4294 3057 4348; x_wconf 77' lang='grc' dir='ltr'>Ταῦτα</span> <span class='ocrx_word' id='word_1_780' title='bbox 3090 4294 3188 4365; x_wconf 87' lang='grc' dir='ltr'><strong>μὲν</strong></span> <span class='ocrx_word' id='word_1_781' title='bbox 3214 4288 3307 4348; x_wconf 79' lang='grc' dir='ltr'>οὖν</span> <span class='ocrx_word' id='word_1_782' title='bbox 3331 4293 3410 4356; x_wconf 87' lang='grc' dir='ltr'>ὡς</span> <span class='ocrx_word' id='word_1_783' title='bbox 3434 4291 3493 4345; x_wconf 81' lang='grc' dir='ltr'>ὲν</span> <span class='ocrx_word' id='word_1_784' title='bbox 3515 4288 3675 4359; x_wconf 81' lang='grc' dir='ltr'><strong>ὀλίγῳ</strong></span> 
     </span>
    </p>
   </div>
   <div class='ocr_carea' id='block_1_103' title="bbox 2030 4367 2598 4461">
    <p class='ocr_par' dir='ltr' id='par_1_103' title="bbox 2030 4367 2598 4461">
     <span class='ocr_line' id='line_1_103' title="bbox 2030 4367 2598 4461; baseline 0.004 -22"><span class='ocrx_word' id='word_1_785' title='bbox 2030 4367 2077 4424; x_wconf 85' lang='grc' dir='ltr'><strong>Ῑ)</strong></span> <span class='ocrx_word' id='word_1_786' title='bbox 2105 4387 2233 4461; x_wconf 75' lang='grc' dir='ltr'>περὶ</span> <span class='ocrx_word' id='word_1_787' title='bbox 2267 4386 2598 4458; x_wconf 84' lang='grc' dir='ltr'>μεταρσίων.</span> 
     </span>
    </p>
   </div>
   <div class='ocr_carea' id='block_1_104' title="bbox 2454 4474 3329 4549">
    <p class='ocr_par' dir='ltr' id='par_1_104' title="bbox 2454 4474 3329 4549">
     <span class='ocr_line' id='line_1_104' title="bbox 2454 4474 3329 4549; baseline -0.001 -19"><span class='ocrx_word' id='word_1_788' title='bbox 2454 4476 2595 4545; x_wconf 81' lang='grc' dir='ltr'>Περὶ</span> <span class='ocrx_word' id='word_1_789' title='bbox 2614 4476 2834 4542; x_wconf 83' lang='grc' dir='ltr'>θέσεως</span> <span class='ocrx_word' id='word_1_790' title='bbox 2863 4476 2995 4549; x_wconf 85' lang='grc' dir='ltr'>[τῆς</span> <span class='ocrx_word' id='word_1_791' title='bbox 3021 4474 3329 4547; x_wconf 70' lang='grc' dir='ltr'>σφαίρας].</span> 
     </span>
    </p>
   </div>
   <div class='ocr_carea' id='block_1_105' title="bbox 2176 4561 3677 4640">
    <p class='ocr_par' dir='ltr' id='par_1_105' title="bbox 2176 4561 3677 4640">
     <span class='ocr_line' id='line_1_105' title="bbox 2176 4561 3677 4640; baseline -0.004 -18"><span class='ocrx_word' id='word_1_792' title='bbox 2176 4568 2267 4623; x_wconf 85' lang='grc' dir='ltr'>λε’.</span> <span class='ocrx_word' id='word_1_793' title='bbox 2290 4568 2618 4640; x_wconf 70' lang='grc' dir='ltr'>Είδέναιξχρὴ</span> <span class='ocrx_word' id='word_1_794' title='bbox 2634 4567 2876 4640; x_wconf 78' lang='grc' dir='ltr'>περὶτῆς</span> <span class='ocrx_word' id='word_1_795' title='bbox 2897 4567 3095 4633; x_wconf 82' lang='grc' dir='ltr'>θέσεως</span> <span class='ocrx_word' id='word_1_796' title='bbox 3111 4567 3209 4638; x_wconf 88' lang='grc' dir='ltr'><strong>τῆς</strong></span> <span class='ocrx_word' id='word_1_797' title='bbox 3224 4565 3483 4638; x_wconf 82' lang='grc' dir='ltr'>σφαίρας,</span> <span class='ocrx_word' id='word_1_798' title='bbox 3494 4562 3571 4629; x_wconf 85' lang='grc' dir='ltr'>ὡς</span> <span class='ocrx_word' id='word_1_799' title='bbox 3583 4561 3677 4617; x_wconf 71' lang='grc' dir='ltr'>οὐκ</span> 
     </span>
    </p>
   </div>
   <div class='ocr_carea' id='block_1_106' title="bbox 2104 4654 3677 4731">
    <p class='ocr_par' dir='ltr' id='par_1_106' title="bbox 2104 4654 3677 4731">
     <span class='ocr_line' id='line_1_106' title="bbox 2104 4654 3677 4731; baseline -0.004 -17"><span class='ocrx_word' id='word_1_800' title='bbox 2104 4660 2221 4715; x_wconf 78' lang='grc' dir='ltr'>ἐστι</span> <span class='ocrx_word' id='word_1_801' title='bbox 2256 4661 2373 4731; x_wconf 88' lang='grc' dir='ltr'>μία,</span> <span class='ocrx_word' id='word_1_802' title='bbox 2407 4658 2546 4714; x_wconf 88' lang='grc' dir='ltr'><strong>ἀλλά</strong></span> <span class='ocrx_word' id='word_1_803' title='bbox 2573 4659 2710 4731; x_wconf 81' lang='grc' dir='ltr'>πρὸς</span> <span class='ocrx_word' id='word_1_804' title='bbox 2733 4658 2803 4713; x_wconf 84' lang='grc' dir='ltr'><strong>τὰ</strong></span> <span class='ocrx_word' id='word_1_805' title='bbox 2830 4660 3069 4731; x_wconf 83' lang='grc' dir='ltr'>κλίματα</span> <span class='ocrx_word' id='word_1_806' title='bbox 3109 4659 3210 4730; x_wconf 88' lang='grc' dir='ltr'><strong>τῆς</strong></span> <span class='ocrx_word' id='word_1_807' title='bbox 3236 4657 3341 4728; x_wconf 86' lang='grc' dir='ltr'><strong>γῆς</strong></span> <span class='ocrx_word' id='word_1_808' title='bbox 3378 4657 3476 4711; x_wconf 77' lang='grc' dir='ltr'>καὶ</span> <span class='ocrx_word' id='word_1_809' title='bbox 3506 4655 3564 4709; x_wconf 79' lang='lat' dir='ltr'><strong>al</strong></span> <span class='ocrx_word' id='word_1_810' title='bbox 3595 4654 3677 4708; x_wconf 83' lang='grc' dir='ltr'>θέ·</span> 
     </span>
    </p>
   </div>
   <div class='ocr_carea' id='block_1_107' title="bbox 2105 4747 3673 4824">
    <p class='ocr_par' dir='ltr' id='par_1_107' title="bbox 2105 4747 3673 4824">
     <span class='ocr_line' id='line_1_107' title="bbox 2105 4747 3673 4824; baseline -0.006 -17"><span class='ocrx_word' id='word_1_811' title='bbox 2105 4770 2220 4817; x_wconf 88' lang='grc' dir='ltr'>σεις</span> <span class='ocrx_word' id='word_1_812' title='bbox 2251 4754 2348 4824; x_wconf 90' lang='grc' dir='ltr'><strong>τῆς</strong></span> <span class='ocrx_word' id='word_1_813' title='bbox 2387 4750 2622 4823; x_wconf 87' lang='grc' dir='ltr'>σφαίρας</span> <span class='ocrx_word' id='word_1_814' title='bbox 2660 4750 2921 4821; x_wconf 88' lang='grc' dir='ltr'>γίνονται.</span> <span class='ocrx_word' id='word_1_815' title='bbox 2950 4749 3182 4804; x_wconf 85' lang='grc' dir='ltr'>Λεκτέον</span> <span class='ocrx_word' id='word_1_816' title='bbox 3207 4748 3265 4802; x_wconf 86' lang='grc' dir='ltr'>δὲ</span> <span class='ocrx_word' id='word_1_817' title='bbox 3292 4748 3424 4821; x_wconf 78' lang='grc' dir='ltr'>περὶ</span> <span class='ocrx_word' id='word_1_818' title='bbox 3450 4747 3642 4816; x_wconf 87' lang='grc' dir='ltr'>ὀλίγων</span> <span class='ocrx_word' id='word_1_819' title='bbox 3660 4760 3673 4776; x_wconf 91' lang='grc'><strong>·</strong></span> 
     </span>
    </p>
   </div>
   <div class='ocr_carea' id='block_1_108' title="bbox 2105 4838 3678 4917">
    <p class='ocr_par' dir='ltr' id='par_1_108' title="bbox 2105 4838 3678 4917">
     <span class='ocr_line' id='line_1_108' title="bbox 2105 4838 3678 4917; baseline -0.007 -16"><span class='ocrx_word' id='word_1_820' title='bbox 2105 4846 2200 4901; x_wconf 77' lang='grc' dir='ltr'>καὶ</span> <span class='ocrx_word' id='word_1_821' title='bbox 2230 4845 2354 4898; x_wconf 88' lang='grc' dir='ltr'>τότε</span> <span class='ocrx_word' id='word_1_822' title='bbox 2382 4844 2484 4917; x_wconf 89' lang='grc' dir='ltr'><strong>τῆς</strong></span> <span class='ocrx_word' id='word_1_823' title='bbox 2518 4842 2659 4898; x_wconf 86' lang='grc' dir='ltr'><strong>κατά</strong></span> <span class='ocrx_word' id='word_1_824' title='bbox 2692 4842 2784 4897; x_wconf 82' lang='grc' dir='ltr'><strong>τὸν</strong></span> <span class='ocrx_word' id='word_1_825' title='bbox 2820 4844 3054 4915; x_wconf 72' lang='grc' dir='ltr'>’Ἄρατον</span> <span class='ocrx_word' id='word_1_826' title='bbox 3083 4840 3356 4913; x_wconf 82' lang='grc' dir='ltr'>ἀψόμεθα.</span> <span class='ocrx_word' id='word_1_827' title='bbox 3395 4841 3556 4904; x_wconf 85' lang='grc' dir='ltr'>Θέσις</span> <span class='ocrx_word' id='word_1_828' title='bbox 3600 4838 3678 4901; x_wconf 87' lang='grc' dir='ltr'><strong>τίς</strong></span> 
     </span>
    </p>
   </div>
   <div class='ocr_carea' id='block_1_109' title="bbox 2104 4930 3677 5008">
    <p class='ocr_par' dir='ltr' id='par_1_109' title="bbox 2104 4930 3677 5008">
     <span class='ocr_line' id='line_1_109' title="bbox 2104 4930 3677 5008; baseline -0.005 -16"><span class='ocrx_word' id='word_1_829' title='bbox 2104 4938 2221 4992; x_wconf 75' lang='grc' dir='ltr'>ἔστι</span> <span class='ocrx_word' id='word_1_830' title='bbox 2255 4936 2399 4993; x_wconf 82' lang='grc' dir='ltr'>κατὰ</span> <span class='ocrx_word' id='word_1_831' title='bbox 2444 4935 2507 4990; x_wconf 73' lang='grc' dir='ltr'>τὸ</span> <span class='ocrx_word' id='word_1_832' title='bbox 2548 4935 3035 5008; x_wconf 83' lang='grc' dir='ltr'>Ἐλλησποντιακὸν</span> <span class='ocrx_word' id='word_1_833' title='bbox 3069 4936 3164 4988; x_wconf 77' lang='grc' dir='ltr'>καὶ</span> <span class='ocrx_word' id='word_1_834' title='bbox 3208 4935 3306 5006; x_wconf 85' lang='grc' dir='ltr'><strong>τῆς</strong></span> <span class='ocrx_word' id='word_1_835' title='bbox 3347 4930 3677 4992; x_wconf 83' lang='grc' dir='ltr'>Μακεδονίας</span> 
     </span>
    </p>
   </div>
   <div class='ocr_carea' id='block_1_110' title="bbox 2103 5020 3677 5104">
    <p class='ocr_par' dir='ltr' id='par_1_110' title="bbox 2103 5020 3677 5104">
     <span class='ocr_line' id='line_1_110' title="bbox 2103 5020 3677 5104; baseline -0.007 -18"><span class='ocrx_word' id='word_1_836' title='bbox 2103 5031 2296 5103; x_wconf 89' lang='grc' dir='ltr'>κλίμα.</span> <span class='ocrx_word' id='word_1_837' title='bbox 2328 5030 2488 5104; x_wconf 85' lang='grc' dir='ltr'>Παρὰ</span> <span class='ocrx_word' id='word_1_838' title='bbox 2518 5030 2627 5103; x_wconf 84' lang='grc' dir='ltr'>γὰρ</span> <span class='ocrx_word' id='word_1_839' title='bbox 2664 5029 2950 5101; x_wconf 83' lang='grc' dir='ltr'>Ἀντιγόνῳ</span> <span class='ocrx_word' id='word_1_840' title='bbox 2980 5027 3270 5101; x_wconf 76' lang='grc' dir='ltr'>διατρίϐων</span> <span class='ocrx_word' id='word_1_841' title='bbox 3304 5029 3574 5099; x_wconf 71' lang='grc' dir='ltr'>Ἄρατος,</span> <span class='ocrx_word' id='word_1_842' title='bbox 3605 5020 3677 5091; x_wconf 82' lang='grc' dir='ltr'>τῷ</span> 
     </span>
    </p>
   </div>
   <div class='ocr_carea' id='block_1_111' title="bbox 2102 5113 3676 5200">
    <p class='ocr_par' dir='ltr' id='par_1_111' title="bbox 2102 5113 3676 5200">
     <span class='ocr_line' id='line_1_111' title="bbox 2102 5113 3676 5200; baseline -0.009 -20"><span class='ocrx_word' id='word_1_843' title='bbox 2102 5124 2202 5196; x_wconf 83' lang='grc' dir='ltr'><strong>τῆς</strong></span> <span class='ocrx_word' id='word_1_844' title='bbox 2232 5123 2571 5186; x_wconf 85' lang='grc' dir='ltr'>Μακεδονίας</span> <span class='ocrx_word' id='word_1_845' title='bbox 2616 5121 2855 5200; x_wconf 48' lang='grc' dir='ltr'>βασιλεῖ,</span> <span class='ocrx_word' id='word_1_846' title='bbox 2891 5120 3029 5193; x_wconf 87' lang='grc' dir='ltr'>πρὸς</span> <span class='ocrx_word' id='word_1_847' title='bbox 3061 5119 3124 5172; x_wconf 82' lang='grc' dir='ltr'>τὸ</span> <span class='ocrx_word' id='word_1_848' title='bbox 3153 5117 3340 5172; x_wconf 80' lang='grc' dir='ltr'>αὐτόθι</span> <span class='ocrx_word' id='word_1_849' title='bbox 3380 5118 3550 5188; x_wconf 85' lang='grc' dir='ltr'>κλίμα</span> <span class='ocrx_word' id='word_1_850' title='bbox 3590 5113 3676 5168; x_wconf 78' lang='grc' dir='ltr'><strong>καὶ</strong></span> 
     </span>
    </p>
   </div>
   <div class='ocr_carea' id='block_1_112' title="bbox 2101 5205 3676 5288">
    <p class='ocr_par' dir='ltr' id='par_1_112' title="bbox 2101 5205 3676 5288">
     <span class='ocr_line' id='line_1_112' title="bbox 2101 5205 3676 5288; baseline -0.008 -18"><span class='ocrx_word' id='word_1_851' title='bbox 2101 5215 2202 5288; x_wconf 77' lang='grc' dir='ltr'>τὴν</span> <span class='ocrx_word' id='word_1_852' title='bbox 2249 5214 2598 5270; x_wconf 88' lang='grc' dir='ltr'>διδασκαλίαν</span> <span class='ocrx_word' id='word_1_853' title='bbox 2649 5214 2759 5268; x_wconf 91' lang='grc' dir='ltr'><strong>τῶν</strong></span> <span class='ocrx_word' id='word_1_854' title='bbox 2808 5211 3147 5283; x_wconf 87' lang='grc' dir='ltr'>φαινομένων</span> <span class='ocrx_word' id='word_1_855' title='bbox 3194 5210 3505 5282; x_wconf 87' lang='grc' dir='ltr'>πεποίηται.</span> <span class='ocrx_word' id='word_1_856' title='bbox 3560 5205 3676 5261; x_wconf 78' lang='grc' dir='ltr'><strong>Ἐὰν</strong></span> 
     </span>
    </p>
   </div>
   <div class='ocr_carea' id='block_1_113' title="bbox 2106 5301 3671 5382">
    <p class='ocr_par' dir='ltr' id='par_1_113' title="bbox 2106 5301 3671 5382">
     <span class='ocr_line' id='line_1_113' title="bbox 2106 5301 3671 5382; baseline -0.008 -17"><span class='ocrx_word' id='word_1_857' title='bbox 2106 5310 2205 5382; x_wconf 83' lang='grc' dir='ltr'>μὲν</span> <span class='ocrx_word' id='word_1_858' title='bbox 2232 5304 2325 5364; x_wconf 81' lang='grc' dir='ltr'><strong>οὖν</strong></span> <span class='ocrx_word' id='word_1_859' title='bbox 2349 5312 2398 5363; x_wconf 88' lang='grc' dir='ltr'><strong>οί</strong></span> <span class='ocrx_word' id='word_1_860' title='bbox 2424 5309 2576 5362; x_wconf 84' lang='grc' dir='ltr'>πόλοι</span> <span class='ocrx_word' id='word_1_861' title='bbox 2606 5307 2744 5380; x_wconf 80' lang='grc' dir='ltr'>πρὸς</span> <span class='ocrx_word' id='word_1_862' title='bbox 2775 5306 2855 5377; x_wconf 82' lang='grc' dir='ltr'>τῷ</span> <span class='ocrx_word' id='word_1_863' title='bbox 2880 5306 3115 5378; x_wconf 79' lang='grc' dir='ltr'>ὁρίζοντι</span> <span class='ocrx_word' id='word_1_864' title='bbox 3149 5304 3249 5376; x_wconf 84' lang='grc' dir='ltr'>τὴν</span> <span class='ocrx_word' id='word_1_865' title='bbox 3286 5303 3437 5357; x_wconf 87' lang='grc' dir='ltr'>θέσιν</span> <span class='ocrx_word' id='word_1_866' title='bbox 3468 5301 3671 5373; x_wconf 76' lang='grc' dir='ltr'>ἔχωσιν,</span> 
     </span>
    </p>
   </div>
   <div class='ocr_carea' id='block_1_114' title="bbox 2101 5391 3673 5471">
    <p class='ocr_par' dir='ltr' id='par_1_114' title="bbox 2101 5391 3673 5471">
     <span class='ocr_line' id='line_1_114' title="bbox 2101 5391 3673 5471; baseline -0.008 -16"><span class='ocrx_word' id='word_1_867' title='bbox 2101 5400 2244 5455; x_wconf 84' lang='grc' dir='ltr'>ὥστε</span> <span class='ocrx_word' id='word_1_868' title='bbox 2289 5398 2628 5471; x_wconf 76' lang='grc' dir='ltr'>ἐφάπτεσθαι</span> <span class='ocrx_word' id='word_1_869' title='bbox 2676 5397 2772 5452; x_wconf 82' lang='grc' dir='ltr'>τοῦ</span> <span class='ocrx_word' id='word_1_870' title='bbox 2820 5397 3124 5468; x_wconf 83' lang='grc' dir='ltr'>ὁρίζοντος,</span> <span class='ocrx_word' id='word_1_871' title='bbox 3157 5393 3499 5465; x_wconf 78' lang='grc' dir='ltr'>συμϐήσεται</span> <span class='ocrx_word' id='word_1_872' title='bbox 3548 5391 3673 5461; x_wconf 84' lang='grc' dir='ltr'>μήτε</span> 
     </span>
    </p>
   </div>
   <div class='ocr_carea' id='block_1_115' title="bbox 2101 5479 3672 5565">
    <p class='ocr_par' dir='ltr' id='par_1_115' title="bbox 2101 5479 3672 5565">
     <span class='ocr_line' id='line_1_115' title="bbox 2101 5479 3672 5565; baseline -0.008 -18"><span class='ocrx_word' id='word_1_873' title='bbox 2101 5492 2193 5547; x_wconf 71' lang='grc' dir='ltr'>τὸν</span> <span class='ocrx_word' id='word_1_874' title='bbox 2220 5491 2479 5565; x_wconf 79' lang='grc' dir='ltr'>ἀρκτικὸν</span> <span class='ocrx_word' id='word_1_875' title='bbox 2528 5492 2664 5563; x_wconf 85' lang='grc' dir='ltr'>μήτε</span> <span class='ocrx_word' id='word_1_876' title='bbox 2709 5490 2798 5545; x_wconf 84' lang='grc' dir='ltr'>τὸν</span> <span class='ocrx_word' id='word_1_877' title='bbox 2839 5487 3202 5562; x_wconf 82' lang='grc' dir='ltr'>ἀνταρκτικὸν</span> <span class='ocrx_word' id='word_1_878' title='bbox 3243 5485 3478 5556; x_wconf 85' lang='grc' dir='ltr'>ἀειφανῆ</span> <span class='ocrx_word' id='word_1_879' title='bbox 3521 5479 3672 5541; x_wconf 81' lang='grc' dir='ltr'>εἶναι,</span> 
     </span>
    </p>
   </div>
   <div class='ocr_carea' id='block_1_116' title="bbox 2104 5574 3674 5657">
    <p class='ocr_par' dir='ltr' id='par_1_116' title="bbox 2104 5574 3674 5657">
     <span class='ocr_line' id='line_1_116' title="bbox 2104 5574 3674 5657; baseline -0.007 -18"><span class='ocrx_word' id='word_1_880' title='bbox 2104 5584 2217 5639; x_wconf 86' lang='grc' dir='ltr'>ἀλλ’</span> <span class='ocrx_word' id='word_1_881' title='bbox 2247 5584 2504 5657; x_wconf 79' lang='grc' dir='ltr'>ἑκάτερον</span> <span class='ocrx_word' id='word_1_882' title='bbox 2535 5582 2741 5639; x_wconf 87' lang='grc' dir='ltr'>τούτων</span> <span class='ocrx_word' id='word_1_883' title='bbox 2770 5580 3093 5654; x_wconf 77' lang='grc' dir='ltr'>ἡμικύκλιον</span> <span class='ocrx_word' id='word_1_884' title='bbox 3127 5575 3438 5636; x_wconf 83' lang='grc' dir='ltr'>ἀνατέλλειν</span> <span class='ocrx_word' id='word_1_885' title='bbox 3477 5575 3563 5631; x_wconf 78' lang='grc' dir='ltr'>ἀεὶ</span> <span class='ocrx_word' id='word_1_886' title='bbox 3588 5574 3674 5630; x_wconf 59' lang='grc' dir='ltr'>καὶ</span> 
     </span>
    </p>
   </div>
  </div>
