3816 6372
132 292 243 352 989
886 292 1159 351 ACHILLI
1171 293 1210 350 S
1248 291 1431 350 TATll
1470 294 1696 354 lSAGOt

1811 296 1901 352 AD
1932 292 2142 350 ABATI
2182 292 2655 351 ΡΗᾸΞΝΟΜΕΝΛ.
3282 300 3387 359 990

126 408 324 465 δύνειν.
363 406 496 464 Ἐὰν
525 410 587 464 δὲ
628 409 722 466 τὸν
752 409 958 481 βόρειον
992 412 1155 466 πόλον
1193 411 1523 487 ὑψηλότερον
1567 417 1693 488 ποιή

1823 414 2163 469 horizontem
2189 410 2491 467 attollimus
2516 450 2531 476 ,
2574 425 2673 482 pro
2712 409 3016 467 altitudinis
3039 418 3271 474 ratione.
3298 429 3390 468 va-

129 520 315 575 υωμεν
340 502 436 556 τοῦ
470 502 771 576 ὁρίζοντος,
802 501 939 575 πρὸς
968 505 1030 557 τὸ
1049 505 1328 576 γινόμενον
1360 505 1592 579 ἐξαρμα,
1616 507 1696 561 καλ

1815 508 1898 561 ria
1930 516 2089 562 terra:
2125 503 2438 559 climatibus
2467 503 2677 558 dierum
2708 511 2763 558 et
2790 503 3033 558 noctium
3071 504 3388 573 magnitudo

131 594 268 665 ὖιῖιος
296 594 486 659 αὐτοῦ,
517 597 618 650 καὶ
641 595 712 649 τά
742 595 979 666 κλίματα
1007 597 1107 668 τῆς
1136 598 1239 668 γῆς
1269 597 1380 662 ἕξει
1402 598 1470 652 τὰ
1505 598 1696 669 μεγέθη

1815 597 2108 655 constabit.
2141 595 2439 668 Fingamus
2498 597 2735 666 partium
2792 596 3074 665 sexaginta
3121 595 3386 649 circulum

127 687 241 742 τῶν
259 686 480 758 ἡμερῶν
516 687 614 741 καὶ
639 687 748 741 τῶν
781 685 990 740 νυκτῶν
1019 685 1266 759 διάφορα.
1295 688 1485 760 Δῶμεν
1512 689 1555 756 ξ’
1590 706 1708 760 μοι-

129 778 243 850 ρῶν
280 778 482 832 κύκλον
513 779 781 850 τέμνοντα
806 777 906 850 τὴν
953 780 1187 850 σφαῖραν
1224 778 1313 833 διὰ
1356 779 1464 832 τῶν
1510 780 1707 844 πόλων,

126 867 318 939 ὥσπερ
347 869 476 932 τοὺς
509 867 825 940 κολούρους.
858 867 1025 940 Δῆλον
1061 863 1188 934 οὖν,
1222 869 1303 922 ὅτι
1344 869 1572 923 ἕκαστον
1602 868 1710 925 τῶν
1749 901 1755 907 -

126 960 509 1030 ἡμισφαιρίων
536 959 650 1026 ⁴ἕξει
677 957 781 1013 ἀνά
805 959 848 1012 λ’
867 976 881 990 ο
914 958 1022 1013 τῶν
1049 959 1108 1013 δὲ
1138 960 1179 990 ⁸⁸
1211 960 1347 1033 ὑπὲρ
1378 960 1483 1030 γῆς
1515 960 1710 1032 μοίρας

125 1051 171 1104 λ’
202 1051 311 1105 ἀπὸ
345 1050 441 1104 τοῦ
476 1050 752 1123 ὁρίζοντος
789 1050 950 1123 μέχρι
972 1050 1067 1104 τοῦ
1083 1051 1268 1108 πόλου.
1309 1051 1434 1106 Ἐὰν
1462 1049 1555 1105 οὖν
1584 1067 1710 1123 μετ-

126 1144 347 1214 εωρίσω
414 1143 509 1197 τὸν
561 1142 770 1215 βόρειον
815 1138 978 1197 πόλον
1028 1144 1223 1216 μοίρας
1282 1150 1357 1211 ς’,
1406 1144 1559 1198 ἔσται
1611 1145 1706 1198 τοῦ

138 1233 541 1305 Ἑλλησπόντου
589 1234 650 1288 τὸ
696 1233 867 1307 κλίμα
908 1233 1032 1305 ἔχον
1076 1235 1176 1307 τὴν
1220 1235 1318 1307 μὲν
1361 1236 1573 1308 ἡμέραν
1609 1235 1707 1307 τὴν

130 1328 397 1397 μεγίστην
448 1326 612 1399 ὡρῶν
658 1334 739 1394 ιε’,
790 1328 889 1399 τὴν
939 1328 995 1381 δὲ
1048 1327 1218 1381 νύκτα
1260 1327 1362 1398 τὴν
1420 1327 1707 1399 ἐλαχίστην

124 1421 285 1492 ὡρῶν
318 1421 385 1474 θ’.
429 1421 559 1476 Ἐὰν
592 1421 649 1474 δὲ
692 1421 767 1493 μὴ
805 1420 965 1490 μόνον
1001 1419 1061 1486 ἐξ
1084 1462 1098 1489 ,
1129 1421 1245 1476 ἀλλ’
1280 1423 1437 1475 ἐννέα
1473 1420 1581 1475 άπὸ
1612 1416 1733 1482 τοῖς

123 1512 398 1584 ὁρίζοντος
434 1515 754 1586 μετεωρίσω
790 1513 882 1567 τὸν
920 1513 1128 1586 βόρειον
1154 1513 1349 1579 πόλον,
1395 1513 1708 1585 μακροτέρα

123 1603 277 1658 ἔσται
316 1606 351 1677 ἡ
385 1605 621 1677 μεγίστη
656 1605 839 1678 ἡμέρα
869 1605 1019 1677 παρὰ
1047 1608 1162 1671 τοῖς
1192 1606 1362 1671 οὕτως
1398 1606 1637 1660 οἰκοῦσιν
1670 1606 1704 1677 ἢ

122 1696 239 1759 τοῖς
278 1697 706 1770 προειρημένοις
744 1698 804 1750 ἐν
842 1696 919 1774 τῷ
952 1697 1344 1769 Ἑλλησπόντῳ.
1390 1698 1501 1752 Καὶ
1546 1698 1706 1752 πάλιν

1814 704 1974 754 esse,
2030 687 2124 758 qui
2184 688 2451 758 sphaeram
2499 701 2598 756 per
2636 686 2793 756 polos
2839 686 3113 741 transiens
3147 684 3386 750 dividit,

1812 777 1920 848 92
1952 783 2010 831 ut
2034 776 2208 832 coluri
2240 776 2468 831 faciunt.
2522 774 2694 847 Igitur
2744 776 3123 847 hemisphaeria
3172 777 3386 846 singula

1780 868 2041 923 ’tricenis
2076 868 2339 937 gradibus
2372 869 2725 932 constabunt,
2773 867 3016 938 adeoque
3046 867 3190 937 quod
3222 883 3387 937 supra

1816 968 2015 1015 terram
2043 960 2267 1026 eminet,
2303 961 2506 1031 gradus
2554 960 2798 1016 tricenos
2848 960 3072 1015 habebit
3120 959 3189 1015 ab
3234 960 3389 1015 hori-

1814 1060 1974 1109 zonte
1993 1054 2060 1110 ad
2088 1054 2293 1124 polum.
2321 1052 2502 1119 Quare
2545 1052 2593 1108 si
2624 1052 2689 1107 ad
2717 1060 2901 1122 partes
2924 1066 3020 1107 sex
3062 1053 3247 1121 polum
3286 1066 3384 1106 ex-

1814 1144 2015 1210 tulero,
2035 1144 2094 1199 in
2122 1144 2458 1215 Hellesponti
2482 1145 2700 1199 climate
2726 1143 3077 1214 longissimus
3126 1143 3246 1198 dies
3288 1142 3387 1198 ho-

1814 1251 1999 1292 rarum
2026 1236 2117 1292 ﬁet
2138 1237 2241 1303 l5;
2272 1236 2599 1292 brevissima
2636 1251 2745 1291 nox
2786 1239 3042 1290 horarum
3069 1235 3123 1290 9.
3180 1234 3388 1302 Quodsi

1813 1346 1923 1385 non
1955 1337 2166 1384 tantum
2208 1343 2304 1384 sex
2332 1328 2631 1401 gradibus,
2679 1327 2776 1383 sed
2809 1342 3003 1382 novem
3037 1342 3201 1397 supra
3239 1326 3389 1381 hori-

1774 1438 1777 1441 ·
1814 1429 2026 1476 zontem
2061 1421 2246 1491 polum
2272 1420 2545 1475 borealem
2568 1434 2817 1483 crexero,
2863 1419 3098 1489 longior,
3134 1432 3295 1487 quam
3329 1416 3388 1473 in

1814 1512 2186 1582 Hellesponto,
2217 1511 2309 1567 ﬁet
2342 1512 2491 1577 dies,
2526 1512 2677 1566 illius
2713 1518 2923 1565 tractus
2969 1510 3185 1565 incolis.
3245 1507 3390 1561 Rur—

1814 1620 1909 1660 sus
1936 1619 2065 1660 vero
2110 1605 2157 1660 si
2204 1604 2435 1659 arduum
2462 1604 2668 1674 magis,
2723 1618 2788 1657 ac
2830 1617 2998 1672 supra
3048 1602 3387 1655 horizontem

1814 1697 2143 1752 eminentem
2191 1696 2375 1767 polum
2426 1704 2710 1758 statuero,
2757 1695 2905 1749 horae
2962 1693 3238 1764 longiores
3292 1707 3388 1747 ex-

124 1786 222 1841 ἐὰν
264 1788 599 1860 ὑψηλότερον
642 1789 806 1843 αὐτὸν
845 1791 1083 1861 ποιήσω,
1118 1791 1212 1844 καί
1245 1791 1378 1871 πολὺ
1418 1790 1581 1844 αὐτοῦ
1612 1791 1696 1845 τοῐ

1811 1788 2036 1854 sistent,
2094 1788 2269 1845 donec
2318 1787 2556 1843 borealis
2610 1786 2770 1857 polus
2817 1786 3098 1841 culminet.
3145 1784 3224 1838 Ac
3256 1792 3388 1838 tunc

125 1880 396 1950 ὁρίζοντος
460 1880 765 1952 ἀπέχοντα,
818 1882 1149 1953 μακρότεραι
1204 1882 1589 1954 εὑρεθήσονται
1656 1886 1711 1936 αί

124 1963 263 2039 ὧραι
288 1971 334 2004 ²²
354 2013 369 2038 ,
405 1971 514 2037 ἕως
554 1972 621 2027 ἂν
648 1975 675 2027 ὁ
708 1973 919 2045 βόρειος
967 1974 1348 2047 μσουρανὴσῃ
1391 1972 1553 2036 πόλος
1577 1990 1590 2003 ·
1618 1974 1712 2027 καὶ

126 2062 247 2116 τότε
270 2102 287 2129 ,
315 2063 493 2128 οὕτως
524 2065 789 2136 κειμένης
825 2065 925 2136 τῆς
968 2064 1235 2135 σφαίρας,
1270 2063 1606 2136 συμδήσεται
1654 2063 1713 2128 ἒξ

130 2156 310 2228 μηνῶν
342 2152 487 2212 εἶναι
515 2158 616 2229 τὴν
662 2159 897 2231 ἡμέραν,
933 2158 1027 2212 καὶ
1058 2157 1116 2226 ἒξ
1148 2157 1333 2229 μηνῶν
1364 2156 1462 2231 τὴν
1502 2157 1672 2210 νύκτα
1694 2174 1707 2187 ·

129 2250 593 2321 μεπυρανοῦντος
643 2249 750 2322 γὰρ
797 2248 892 2303 τοῦ
933 2249 1143 2323 βορείου
1182 2250 1346 2303 πόλου
1371 2290 1386 2314 ,
1420 2249 1713 2327 εὑρεθήσε-

124 2351 214 2389 ται
240 2339 270 2390 ὁ
299 2337 568 2401 ζωδιακὸς
602 2337 707 2391 ὑπὸ
737 2336 832 2391 τοῦ
879 2338 1152 2410 ὁρίζοντος
1196 2340 1275 2402 εἰς
1306 2337 1401 2391 δύο
1441 2338 1710 2409 τεμνόμε-

125 2443 213 2490 νος
233 2443 252 2459 ⁶
279 2428 374 2481 καὶ
402 2428 466 2481 τὸ
508 2428 610 2499 μὲν
633 2428 803 2499 ἥμισυ
830 2428 969 2501 ὑπὲρ
997 2429 1121 2500 γῆς,
1150 2429 1211 2482 τὸ
1238 2428 1298 2482 δὲ
1322 2429 1505 2482 λοιπὸν
1537 2429 1707 2500 ἣμισυ

126 2516 227 2571 ὑπὸ
247 2518 349 2590 γῆν
377 2519 467 2571 ἀεὶ
496 2518 658 2590 ἔχων.
687 2518 889 2572 Τούτου
918 2518 975 2572 δὲ
1020 2518 1191 2583 οὕτως
1227 2519 1400 2587 ὄντος,
1425 2519 1602 2594 δῆλον,
1632 2520 1709 2583 ὠς

127 2610 216 2663 καὶ
241 2609 300 2677 ἐξ
324 2611 494 2677 ζώδια
521 2612 664 2684 ὑπὲρ
698 2612 801 2683 γῆς
837 2610 1010 2677 ἔσται,
1036 2611 1208 2667 ταῦτα
1240 2612 1500 2683 δηλονότι,
1543 2614 1601 2667 ἐν
1625 2608 1707 2677 οἷς

124 2703 153 2755 ὁ
169 2702 315 2774 ἥλιος
345 2704 662 2776 γενόμενος,
688 2704 781 2759 καὶ⁸
808 2704 926 2758 καθ’
942 2705 1171 2759 ἕκαστον
1199 2705 1244 2758 λ’
1271 2704 1486 2777 ἡμέρας
1511 2705 1702 2772 ποιῶν,

128 2798 338 2869 ποιήσει
365 2796 465 2869 τὴν
497 2798 713 2869 ἡμέραν
746 2799 930 2869 μηνῶν
966 2804 1018 2862 ς’
1044 2816 1059 2830 ’
1093 2797 1162 2851 τὰ
1193 2797 1249 2851 δὲ
1284 2797 1420 2853 ἄλλα
1454 2805 1509 2864 ς’
1537 2797 1706 2862 ζώδια

126 2887 208 2940 ἀεὶ
234 2887 440 2959 ἀφανῆ,
475 2889 571 2942 καὶ
595 2888 699 2942 ὑπὸ
734 2889 837 2960 γῆν
882 2888 1032 2942 ἔσται
1056 2929 1071 2954 ,
1098 2890 1157 2943 ὲν
1187 2884 1270 2952 οἷς
1306 2893 1335 2943 ὁ
1373 2889 1524 2960 ἥλιος
1552 2891 1705 2959 γενό-

131 2994 280 3047 μενος
312 2979 533 3051 ποιὴσει
562 2978 663 3051 τὴν
685 2979 856 3033 νύκτα
896 2980 1079 3050 μηνῶν
1115 2987 1189 3045 ς’,
1234 2980 1325 3034 διὰ
1357 2980 1419 3034 τὸ
1457 2981 1531 3051 μὴ
1570 2982 1703 3034 ἀνα-

1815 1879 2099 1935 semestris
2138 1880 2256 1936 dies
2293 1880 2400 1935 erit
2433 1878 2824 1947 semestrisque
2852 1892 2980 1932 nox.
3031 1874 3167 1930 Nam
3203 1876 3249 1930 si
3291 1875 3389 1930 bo-

1813 1971 1978 2026 realis
2010 1971 2169 2041 polus
2220 1972 2279 2026 in
2327 1970 2534 2027 vertice
2583 1970 2687 2038 sit,
2724 1968 2982 2024 zodiacus
3011 1968 3080 2023 ab
3109 1967 3390 2022 horizonte

1813 2060 2070 2131 bipertito
2098 2061 2411 2130 secabitur;
2442 2060 2672 2132 ejusque
2718 2075 2847 2130 pars
2874 2058 3098 2114 dimidia
3128 2067 3391 2129 perpetuo

1812 2168 1979 2223 supra
2018 2164 2222 2209 terram
2247 2154 2501 2219 exstabit,
2529 2154 2699 2208 altera
2732 2153 2837 2209 sub
2868 2159 3072 2208 terram
3097 2151 3388 2208 condetur.

1812 2243 1927 2300 Hoc
1970 2261 2100 2301 vero
2149 2246 2365 2317 posito,
2422 2245 2775 2316 perspicuum
2809 2252 2895 2300 est
2941 2260 3039 2300 sex
3082 2243 3197 2299 fore
3238 2244 3391 2315 signa

1810 2352 1977 2407 supra
1998 2344 2203 2392 terram
2231 2355 2249 2392 :
2290 2337 2347 2391 in
2386 2337 2588 2407 quibus
2618 2336 2831 2391 scilicet
2862 2336 3077 2406 positus
3110 2337 3217 2399 sol,
3250 2345 3304 2391 et
3336 2337 3392 2390 in

1810 2444 2143 2500 moquoque
2170 2428 2393 2500 triginta
2422 2428 2539 2484 dies
2564 2444 2937 2495 commorans,
2972 2436 3290 2483 semestrem
3313 2426 3392 2482 ef-

1808 2523 1952 2580 ﬁciet
1985 2523 2161 2589 diem;
2190 2522 2403 2591 reliqua
2432 2538 2528 2579 sex
2546 2522 2705 2593 signa
2732 2536 2948 2590 semper
2969 2521 3185 2575 occulta
3206 2527 3389 2584 erunt,

1806 2622 1861 2671 et
1888 2613 1992 2670 sub
2015 2623 2162 2670 terra
2199 2612 2459 2668 condita:
2494 2628 2615 2685 qua:
2644 2629 2771 2668 cum
2812 2613 2894 2668 sol
2928 2612 3261 2683 peragrabit,
3296 2627 3390 2667 sex

1806 2707 2081 2764 mensium
2112 2714 2329 2763 noctem
2356 2705 2543 2769 faciet,
2572 2721 2638 2761 eo
2660 2705 2806 2776 quod
2834 2707 2892 2760 in
2920 2705 3031 2759 illis
3072 2706 3214 2761 situs
3242 2719 3391 2758 nun-

1805 2816 1968 2871 quam
1993 2799 2186 2855 oritur.
2228 2797 2355 2854 Haec
2400 2798 2468 2853 ad
2500 2799 2713 2854 dierum
2771 2810 2825 2854 et
2868 2797 3113 2852 noctium
3146 2797 3390 2866 inaequa-

1804 2892 2013 2948 litatem
2041 2890 2418 2963 explicandam
2451 2890 2872 2959 assumpsimus.
2928 2887 3004 2943 De
3047 2887 3252 2957 quibus
3308 2887 3393 2941 sic

1802 2984 2113 3041 habendum
2139 2990 2258 3051 est;
2295 2983 2540 3047 ratione,
2590 2998 2654 3037 ac
2695 2980 3157 3044 consideratione,
3193 2993 3393 3034 conse-

126 3070 321 3124 στέλλειν
350 3073 408 3125 ἐν
434 3074 553 3135 τοῖς
577 3078 632 3136 ς’
665 3072 875 3137 τούτοις
900 3072 1190 3144 γενόμενον
1219 3073 1401 3126 αὐτόν.
1435 3071 1619 3127 Ταῦτα
1641 3072 1696 3126 δὲ

1811 3085 2140 3147 quenterque
2168 3076 2237 3133 iis
2266 3092 2390 3147 qua:
2441 3081 2743 3146 apparent,
2800 3073 2919 3129 haec
2970 3088 3001 3126 a
3044 3071 3209 3127 nobis
3265 3084 3392 3126 esse

126 3163 252 3233 ἡμῖν
286 3164 534 3235 είλὴφθω
576 3165 677 3236 τῆς
718 3138 1042 3235 ἀνωμαλίας,
1081 3164 1190 3218 τῶν
1239 3164 1462 3237 ἡμερῶν
1502 3182 1561 3218 τε
1607 3164 1696 3218 καὶ

1811 3168 2072 3233 collecta;
2105 3182 2232 3222 cum
2269 3168 2381 3223 sint
2410 3167 2626 3223 occulta
2658 3180 2907 3236 prorsus.
2934 3163 3054 3219 Non
3087 3164 3234 3219 enim
3276 3163 3389 3219 ulla

127 3254 326 3309 νυκτῶν
361 3256 547 3327 χάριν.
592 3255 712 3328 Χρὴ
741 3255 798 3308 δέ
829 3257 1045 3320 εἰδέναι,
1078 3257 1160 3310 ὁτι
1199 3257 1343 3329 λόγῳ
1376 3258 1470 3310 καὶ
1501 3256 1705 3330 θεωρίᾳ

126 3346 288 3401 ταῦτα
337 3350 458 3402 κατ’
516 3348 839 3403 ἀκολουθίαν
886 3350 952 3403 ἐκ
1010 3348 1119 3403 τῶν
1166 3349 1416 3421 φανερῶν
1462 3349 1697 3421 ἐδείχθη,

128 3439 297 3510 ἀφανῆ
324 3440 474 3494 ὄντα.
513 3441 590 3494 Ού
618 3439 728 3513 γάρ
776 3441 969 3513 ἔχομεν
1010 3441 1118 3495 ἀπὸ
1156 3442 1445 3513 ἐμπειρίας
1482 3441 1542 3506 ἒξ
1595 3458 1700 3512 μη-

127 3530 224 3584 νῶν
249 3531 346 3603 τὴν
372 3532 612 3605 ἡμέραν,
648 3534 741 3586 καί
760 3534 859 3605 τὴν
891 3534 1059 3587 νύκτα
1087 3533 1355 3587 τοσούτων
1384 3533 1571 3601 δεῖξαι.
1600 3534 1697 3586 Τι-

128 3622 207 3685 νές
243 3622 300 3677 δὲ
334 3623 646 3696 ἱστοροῦσιν
676 3631 725 3697 η’
760 3624 983 3696 ἡμερῶν
1027 3624 1247 3679 ἔκτασιν
1296 3627 1427 3697 μιᾶς
1465 3625 1695 3697 ἡμέρας,

130 3712 266 3766 ἄλλοι
288 3714 345 3768 δὲ
365 3723 420 3768 π’
442 3715 672 3787 ἡμερῶν
694 3732 708 3746 ο
743 3716 847 3770 είσὶ
880 3717 937 3770 δὲ
962 3713 1103 3772 οὗτοι
1134 3718 1185 3771 οἱ
1207 3718 1348 3789 ὑπὲρ
1373 3717 1579 3790 Θούλην
1601 3717 1699 3788 τὴν

130 3802 279 3873 νῆσον
308 3804 595 3876 λεγόμενοι
629 3800 787 3862 εἶναι.
827 3808 889 3860 Ἦ
922 3808 1021 3878 μὲν
1057 3803 1149 3861 οὖν
1191 3808 1333 3862 κατα
1365 3808 1433 3861 τὰ
1462 3793 1700 3879 κλίματα

129 3892 347 3969 διαφορὰ
374 3897 486 3952 τῶν
514 3898 741 3969 ἡμερῶν
780 3916 842 3952 τε
887 3901 982 3954 καὶ
1017 3901 1227 3955 νυκτῶν
1262 3901 1700 3973 παραδείγματος

128 3985 273 4055 χάριν
302 3987 493 4040 τοῦτον
521 3986 613 4042 τὸν
645 3987 845 4059 τρόπον
876 3993 1008 4062 ἡμῖν
1044 3990 1286 4063 εἴρηται·
1314 3994 1347 4063 ἡ
1378 3993 1435 4046 δὲ
1464 3991 1605 4046 κατὰ
1632 3991 1701 4045 τὰ

131 4079 456 4148 Φαινόμενα
499 4080 730 4151 ’Δράτου
755 4082 853 4153 τῆς
887 4082 1121 4154 σφαίρας
1153 4083 1304 4147 θέσις
1329 4084 1532 4152 ὀφείλει
1556 4083 1700 4155 ἔχειν

130 4167 211 4221 τὸν
237 4170 498 4241 ἀρκτικὸν
526 4171 725 4226 κύκλον
761 4173 854 4226 τοῦ
879 4174 1147 4243 ὁρίζοντος
1176 4175 1568 4245 ἐφαπτόμενον,
1598 4176 1700 4246 τήν

1803 3258 1965 3314 nobis
1993 3259 2329 3328 experientia
2360 3267 2680 3316 semestrem
2724 3256 2868 3312 diem
2907 3263 3238 3325 noctemque
3291 3269 3391 3324 pa-

1801 3351 2007 3406 tefecit.
2059 3350 2183 3406 Sint
2213 3352 2307 3423 qui
2339 3352 2538 3407 alicubi
2572 3351 2785 3406 dierum
2836 3356 2962 3405 octo
3007 3363 3132 3404 esse
3172 3348 3389 3416 lucem;

1802 3444 1895 3497 alii
1923 3445 2200 3514 octoginta
2248 3443 2489 3499 referant
2520 3462 2533 3497 :
2567 3442 2715 3513 quod
2746 3441 2815 3497 iis
2847 3440 3047 3495 accidit
3081 3439 3176 3510 qui
3206 3452 3393 3508 supra

1801 3533 2011 3590 Thulen
2059 3535 2294 3590 insulam
2330 3535 2603 3590 habitant.
2651 3534 2736 3589 Ad
2772 3550 2898 3590 eum
2949 3534 3135 3604 itaque
3163 3534 3391 3589 modum

1799 3627 2011 3683 dierum
2057 3629 2412 3701 noctiumque
2464 3644 2563 3699 pro
2591 3629 2871 3684 climatum
2924 3627 3139 3683 ratione
3187 3626 3390 3682 discri-

1799 3736 1926 3775 men
1980 3735 2011 3775 a
2074 3722 2237 3778 nobis
2291 3722 2618 3792 explicatum
2669 3729 2776 3777 est.
2827 3720 3031 3775 Verum
3087 3720 3231 3776 situs
3288 3719 3384 3776 ille

1796 3812 2044 3883 sphrerte,
2074 3814 2168 3883 qui
2203 3814 2272 3868 ad
2310 3814 2466 3867 Arati
2500 3814 2855 3868 Phwnomena
2884 3812 3180 3878 convenit,
3237 3810 3388 3881 ejus-

1799 3902 1945 3957 modi
1968 3918 2091 3959 esse
2113 3903 2295 3970 debet,
2320 3913 2381 3959 ut
2406 3905 2464 3959 in
2484 3921 2567 3973 _eo
2598 3905 2841 3959 circulus
2871 3904 3113 3960 arcticus
3167 3904 3389 3959 contin-

1808 4001 1900 4062 gat
1935 3994 2299 4060 horizontem,
2330 4012 2566 4069 eumque
2593 3998 2863 4051 circulum
2896 4004 3085 4067 tangat
3121 3994 3387 4051 Draconis

1806 4095 1971 4155 caput
1998 4105 2012 4140 :
2045 4088 2125 4142 sic
2156 4094 2217 4140 ut
2249 4090 2489 4145 arcticus
2518 4090 2608 4144 ille
2628 4090 2882 4159 attingat,
2901 4104 2965 4144 ac
2981 4087 3386 4161 quodammodo

1805 4179 1961 4232 radat
1990 4177 2352 4234 horizontem.
2384 4180 2525 4236 Hinc
2558 4182 2761 4235 Aratus
2789 4200 2801 4235 :

126 4279 180 4317 τε
207 4267 297 4320 τοῦ
332 4268 641 4358 Δράκοντος
681 4269 918 4339 κεφαλὴν
962 4271 1343 4342 ἐφαπτομένην
1381 4270 1474 4324 τοῦ
1528 4272 1790 4341 ἀρκτικοῦ
1857 4273 2056 4328 κύκλου
2078 4317 2094 4344 ,
2126 4277 2293 4331 αὐτοῦ
2333 4278 2391 4331 δὲ
2426 4277 2520 4332 τοῦ
2571 4278 2834 4351 ἁρκτικοῦ
2877 4280 3254 4351 ἐφαπτομένου
3290 4278 3391 4336 τοῦ.

127 4361 387 4432 ὁρίζοντος
412 4407 428 4430 ,
453 4365 551 4418 καὶ
581 4363 771 4437 ὥσπερ
801 4364 942 4432 ξέειν
973 4366 1154 4421 αὐτόν.
1197 4367 1290 4420 Διὸ
1329 4367 1423 4420 καὶ
1466 4368 1702 4439 Ἀρατός
1734 4386 1867 4440 φησι
1886 4387 1899 4402 ο

129 4479 293 4555 {Isim
326 4494 447 4534 που
474 4480 712 4555 {asseruit
735 4480 808 4549 τῇ
833 4483 1109 4555 νίσσεται
1136 4484 1204 4555 ’_’,
1236 4478 1341 4555 ᾗχί
1378 4497 1488 4553 περ
1519 4485 1695 4554 ἄκραι
1728 4491 1775 4550 ι)

126 4549 443 4618 Mirm-artat
470 4549 682 4618 δύσιές
708 4569 770 4605 τε
798 4553 895 4606 καὶ
929 4553 1178 4607 ἀντολαὶ
1207 4549 1537 4625 ἀλλήλῃσι.

190 4660 287 4713 Τὸν
319 4661 432 4733 γὰρ
463 4661 716 4733 ὁρίζοντα
760 4662 962 4732 μεταξὺ
1002 4663 1097 4717 τοῦ
1143 4667 1282 4737 ὑπὲρ
1308 4665 1413 4735 γῆς
1457 4667 1551 4720 καὶ
1592 4665 1698 4718 ὑπὸ

125 4747 220 4817 γῆν
242 4752 607 4823 ἡμισφαιρίου
639 4746 781 4807 εἶναι
819 4754 1154 4831 συμϐέρηκε.
1200 4758 1357 4822 Τινὲς
1384 4759 1441 4812 δὲ
1470 4760 1570 4816 οὐκ
1603 4760 1697 4813 ἐπὶ

124 4839 212 4892 τού
230 4844 502 4914 ὁρίζοντος
529 4844 841 4913 ἀκούουσιν,
857 4847 971 4900 ἁλλ’
998 4848 1093 4902 ἐπὶ
1120 4849 1213 4903 τοῦ
1234 4853 1607 4925 μεσημϐριωῦ
1634 4854 1697 4907 τὸ

126 4932 224 4986 ὑπὸ
245 4934 337 4988 τοῦ
376 4936 607 5007 Ἀράτου
631 4937 843 5008 λεχθέν·
866 4938 1000 4992 διότι
1026 4941 1122 4995 τοῦ
1152 4943 1293 5014 ὑπὲρ
1308 4945 1411 5015 γῆς
1430 4947 1696 5017 ἡμισφαιτ

129 5023 235 5093 ρίου
265 5028 603 5099 τεμνομένου
642 5028 747 5087 ὑπὸ
782 5029 878 5083 τοῦ
920 5032 1294 5104 μεσημϐρινοῦ
1332 5035 1394 5095 τὸ
1432 5037 1530 5106 μὲν
1575 5037 1693 5095 ἔστι

124 5117 253 5199 πρὸς
291 5122 359 5190 τῇ
398 5120 659 5191 ἀνατολῇ,
682 5122 742 5174 τὸ
782 5122 841 5175 δὲ
874 5123 1010 5195 πρὸς
1042 5128 1106 5196 τῇ
1137 5126 1306 5184 δύσει.
1349 5129 1503 5198 Ἐμοὶ
1534 5129 1591 5182 δὲ
1629 5130 1691 5183 ού

124 5207 254 5259 πάνυ
286 5226 338 5274 τι
368 5210 521 5264 δοκεῖ
554 5210 713 5265 τοῦτο
755 5211 934 5282 λέγειν
973 5216 1236 5286 Ἄρατος·
1279 5220 1328 5270 εί
1360 5220 1434 5290 μὴ
1478 5219 1586 5292 ἄρα
1613 5239 1698 5286 τις

125 5295 255 5351 οὕτω
282 5300 433 5370 λέγοι
469 5300 571 5374 τὴν
609 5302 851 5374 κεφαλὴν
878 5303 971 5356 τοῦ
1003 5305 1307 5376 Δράκοντος
1338 5308 1688 5384 πορεύεσθαι,

126 5478 440 5551 Maeror-tat
475 5483 688 5550 δύσιές
723 5502 787 5539 τε
815 5410 1191 5541 κάϊίιίέίνοῗίῗῧ
1210 5417 1527 5558 mlum
1546 5510 1559 5523 ο

125 5571 250 5627 ιιιθὸ
274 5574 370 5629 τοῦ
405 5576 687 5651 ὁρίζοντος
729 5578 1082 5652 ἐφαπτομένη
1113 5580 1259 5634 ἐστὶν
1290 5582 1323 5652 ἡ
1354 5583 1563 5657 κεφαλὴ
1594 5586 1687 5640 τοῦ

191 5729 228 5762 ιι
250 5730 291 5801 [ο
315 5734 476 5806 τδδή.
554 5735 604 5769 ιι
638 5733 679 5803 f,
704 5733 925 5805 ἡμέραι.
994 5737 1040 5769 ³³
1074 5754 1161 5806 γρ.
1194 5737 1431 5807 ψέγεται.

2020 4486 2167 4540 Illud
2205 4496 2363 4556 caput
2397 4503 2456 4542 eo
2492 4488 2742 4556 pervenit,
2770 4488 2859 4540 ubi
2891 4487 3114 4540 extremi

2030 4556 2325 4612 Miscentur
2358 4575 2599 4623 occasus,
2634 4567 2684 4611 et
2714 4567 2861 4612 ortus
2895 4558 3130 4611 invicem.

1871 4669 2006 4725 Nam
2060 4672 2291 4727 horizon
2360 4672 2505 4728 inter
2569 4671 3012 4739 hemisphaarium
3089 4676 3385 4739 utrumque

1802 4763 2058 4833 superius
2115 4770 2170 4818 et
2221 4762 2452 4819 inferius
2508 4763 2832 4833 interjectus
2873 4771 2974 4816 cst.
3028 4758 3147 4813 Non
3183 4758 3381 4816 desunt

1803 4863 2006 4918 tamen,
2031 4855 2124 4923 qui
2147 4854 2303 4910 Arati
2326 4857 2492 4911 verba
2528 4856 2620 4910 illa
2656 4869 2767 4909 non
2795 4853 2863 4907 ad
2891 4853 3252 4915 horizontem,
3282 4849 3379 4904 sed

1802 4947 1870 5002 ad
1903 4946 2270 5001 meridianum
2321 4946 2898 5017 referantzquoniam
2953 4959 3078 4999 cum
3127 4941 3386 5012 superius

1800 5038 2244 5109 hemisphaerium
2278 5055 2309 5094 a
2338 5040 2642 5096 meridiano
2672 5039 2881 5094 circulo
2928 5036 3220 5100 dividitur,
3257 5033 3382 5102 ejus

1800 5130 1971 5184 altera
2011 5145 2141 5201 pars
2164 5130 2232 5185 ad
2262 5141 2443 5187 ortum
2466 5173 2483 5198 ,
2515 5133 2686 5186 altera
2718 5130 2787 5184 ad
2833 5144 3090 5185 occasum
3120 5125 3375 5197 pertinet.

1804 5221 1933 5276 Mihi
1960 5238 2092 5278 vero
2140 5239 2252 5278 non
2301 5224 2409 5280 hoc
2439 5224 2578 5279 velle
2606 5223 2710 5278 sibi
2756 5222 2974 5278 videtur
3002 5220 3236 5285 Aratus,
3272 5217 3376 5272 nisi

1798 5313 1921 5382 quis
1942 5310 2178 5371 fortasse
2199 5313 2401 5371 dixerit
2426 5314 2692 5371 Draconis
2723 5321 2889 5384 caput
2913 5327 2979 5368 eo
3007 5310 3171 5377 ferri,

2107 5464 2124 5476 .
2203 5465 2219 5482 .
2389 5473 2406 5487 .
2516 5462 2537 5485 .
2574 5429 2666 5481 ubi
2697 5426 2921 5481 extremi

2018 5494 2314 5551 Miscentur
2325 5514 2567 5564 occasus,
2590 5508 2639 5552 et
2667 5507 2816 5551 ortus
2837 5496 3095 5559 invicem;

1797 5589 1888 5646 ubi
1925 5590 2194 5663 contingit
2235 5591 2573 5652 horizontem
2609 5589 2878 5645 Draconis
2906 5592 3071 5659 caput
3115 5583 3183 5641 ad
3213 5581 3369 5637 meri-
