3816 6306
73 304 152 371 ’95
783 294 1100 353 ACHILLIS
1138 293 1324 350 TATII
1359 289 1659 350 [SAGOGE
1695 289 1786 345 AD
1822 287 2037 343 ARATI
2075 283 2550 342 PIUENOMENA.

1662 412 1710 468 Α

204 417 348 489 Περὶ
380 415 624 487 ἄστρων
648 413 880 479 δύσεως
914 427 980 466 τε
1011 410 1110 465 καί
1144 406 1466 478 ἀνατολῆς.

119 534 214 601 λζ’.
248 532 375 587 Τῶν
406 532 627 604 ἄστρων
649 528 719 584 τὰ
746 527 844 601 μὲν
872 526 1018 581 ἔστιν
1048 524 1304 596 ἀειφανῆ,
1335 521 1473 578 τὰδὲ
1497 522 1628 577 ποτὲ

74 628 152 699 μὲν
190 624 521 696 φαινόμενα,
572 620 703 676 ποτὲ
749 620 808 675 δὲ
854 618 1035 690 ἀφανῆ
1059 616 1335 688 γινόμενα.
1374 613 1626 684 Ἀειφανῆ

75 720 154 791 μὶν
174 711 264 772 οὗν
293 718 417 770 ἐστι
441 714 514 769 τὰ
538 712 689 778 ἐντὸς
710 711 802 766 τοῦ
828 708 1089 785 ἀρκτικοῦ
1113 707 1313 762 κύκλου
1331 723 1345 737 ·
1376 705 1630 759 οὐδέποτε

71 810 160 881 γὰρ
207 806 539 864 καταδύεται
596 803 803 859 ταῦτα’
859 801 1047 874 ἐπειδὴ
1098 798 1234 872 μηδὲ
1278 800 1308 852 6
1363 794 1629 867 περιέχων

71 902 191 957 ιύτά
214 898 450 965 κύκλος’
485 898 603 954 ἀλλ’
631 897 779 951 ἐστιν
819 896 907 953 ἀεὶ¹
949 898 1008 950 ὲν
1050 892 1130 965 τῷ
1175 891 1317 964 ὑπὲρ
1360 890 1462 962 γῆς
1502 890 1631 961 ἡμι·

74 991 287 1064 σφαιρίῳ
340 988 608 1061 ἀειφανὴς
661 986 801 1060 μετά
847 985 940 1060 καὶ⁹
976 984 1084 1039 τῶν
1112 986 1170 1038 ὲν
1206 980 1352 1053 αὐτῷ
1382 981 1626 1052 ἄστρωνο

71 1083 231 1153 ἀφανῆ
255 1082 315 1136 δὲ
345 1082 416 1137 τὰ
445 1080 595 1144 ἐντὸς
636 1078 732 1133 :06
771 1075 1130 1150 ἀνταρκτικοῦ
1167 1074 1367 1129 κύκλου
1388 1090 1402 1104 ·
1448 1071 1631 1144 ἐπειδὴ

72 1175 148 1229 καὶ
183 1174 344 1238 αὐτὸς
380 1174 471 1228 ἀεὶ
519 1172 731 1243 ἀφανής
767 1173 901 1226 ἐστι.
950 1168 1071 1225 Τῶν
1104 1169 1161 1224 δὲ
1188 1167 1389 1222 λοιπῶν
1419 1168 1633 1239 ἄστρων

72 1268 243 1340 τὰμὲν
280 1266 418 1322 ποτὲ
468 1266 568 1339 μὲν
610 1261 908 1328 ἀνατέλλει,
944 1262 1072 1318 ποτὲ
1112 1263 1170 1317 δὲ
1213 1260 1394 1316 δύνει·
1449 1259 1519 1314 τά
1576 1258 1634 1313 δὲ

73 1358 149 1411 ἐπὶ
177 1357 276 1429 τῆς
303 1354 479 1426 αὐτῆς
506 1354 700 1418 νυκτὸς
732 1354 825 1410 καὶ
857 1352 1135 1409 ἀνατέλλει
1165 1353 1260 1407 καλ⁸
1299 1350 1465 1406 δύνει.
1508 1342 1635 1404 Οἷον

72 1446 195 1502 ιστω
227 1448 256 1499 6
295 1446 451 1517 ἥλιος
484 1446 543 1498 ὲν
580 1444 767 1517 Κριῷ·
815 1444 1003 1498 τούτου
1063 1440 1462 1506 ἀνατέλλοντος,
1500 1458 1635 1513 προ-

72 1534 332 1591 ανατέλλει
362 1534 596 1598 Ἱππος’
642 1533 702 1587 ὲν
750 1532 956 1604 Χηλαῖς
1000 1530 1057 1584 δὲ
1112 1530 1264 1594 ὄντος
1314 1528 1409 1583 τοῦ
1458 1528 1634 1601 ἡλίου,

73 1629 153 1684 καὶ
188 1626 571 1691 ἀνατέλλοντος
591 1664 606 1691 ,
643 1624 861 1679 δέδυκεν
910 1624 1013 1696 ήδη
1048 1624 1264 1687 Ἵππος.
1302 1623 1464 1675 Ὥστε
1505 1620 1635 1675 ποτὲ

77 1723 160 1793 μὲν
188 1720 440 1792 φαίνεται
473 1719 774 1775 ἀνατέλλων
810 1718 839 1770 6
872 1718 1066 1780 Ἵππος
1088 1758 1104 1783 ,
1147 1716 1276 1771 ποτὲ
1323 1715 1382 1770 δὲ
1432 1715 1633 1769 δύνωψ

1132 1769 1344 1882 θερινοῦ
1377 1805 1637 1881 τροπικοῦ
1667 1769 1712 1824 Β

77 1908 222 1979 μέχρι
249 1906 345 1962 τοῦ
376 1904 714 1979 χειμερινοῦ.
750 1904 830 1959 Τά
858 1903 968 1975 γὰρ
1013 1905 1071 1958 ὲν
1103 1901 1179 1974 τῷ
1202 1900 1543 1975 ἀνταρκτικῷ
1562 1899 1640 1971 τῷ

76 2002 197 2074 πρὸς
217 2002 355 2074 νότῳ
375 2001 508 2056 ὄντα
530 1999 744 2073 βράδιον
768 1998 1125 2053 ἀνατέλλοντα
1138 1995 1281 2051 δύνει
1308 1996 1536 2067 ταχέως,
1552 1992 1642 2048 διά

83 2093 134 2147 τὺ
158 2094 335 2147 πλεῖον
362 2089 505 2146 εἶναι
540 2091 702 2164 μέρος
735 2090 835 2161 τῆς
864 2090 1096 2161 σφαίρας
1132 2087 1235 2141 61:6
1266 2086 1369 2157 γῆν
1406 2087 1543 2159 πρὸς
1564 2084 1642 2157 τῷ

83 2183 234 2253 νότῳ·
266 2180 539 2235 ἀνάπαλιν
570 2181 627 2234 δὲ
649 2181 718 2233 τά
743 2180 1074 2252 βορειότερα,
1101 2180 1193 2233 καὶ
1232 2177 1430 2251 μεταξὺ
1456 2177 1642 2248 ἀρκτι-

78 2273 160 2326 κοῦ
198 2273 399 2327 κύκλου
449 2272 546 2327 καὶ
602 2270 952 2343 ίσημερινοῦ,
1010 2270 1219 2342 ταχέως
1265 2269 1639 2331 ἀνατέλλοντα,

79 2362 302 2435 βραδέως
326 2363 496 2430 δύνει,
533 2363 621 2417 διὰ
656 2364 716 2417 τὸ
762 2364 945 2417 πλεῖον
978 2362 1121 2435 ἔχειν
1158 2363 1321 2434 μέρος
1372 2362 1512 2433 ὑπὲρ
1541 2361 1643 2431 γῆν

76 2453 162 2519 τὴν
197 2455 431 2525 σφαῖραν
478 2453 615 2525 πρὸς
661 2452 737 2524 τῷ
779 2453 963 2525 βορέᾳ.
998 2453 1340 2524 Συμϐήσεται
1385 2448 1477 2507 οὖν
1522 2469 1644 2505 τινα

78 2546 171 2600 τῶν
207 2546 443 2601 ἐνταῦθα
476 2546 743 2618 κειμένων
785 2546 1000 2618 ἄστρων
1046 2547 1151 2600 61:6
1190 2545 1292 2616 τῆς
1337 2546 1506 2616 αὐτῆς
1549 2562 1644 2598 νυ-

81 2637 193 2701 κτὸς
225 2636 535 2691 ἀνατέλλειν
579 2636 674 2690 καὶ
719 2636 926 2701 δύνειν,
963 2634 999 2690 ἀ
1039 2634 1283 2689 καλεῖται
1336 2632 1641 2704 ἀμφιφανῆ.

79 2729 514 2802 Παραδείγματος
556 2729 614 2783 δὲ
647 2730 809 2800 χάριν
852 2727 1208 2801 παρειλήφθω
1254 2727 1284 2778 6
1328 2727 1385 2779 ὲν
1433 2724 1643 2795 γόνασι,

78 2822 165 2875 καὶ
205 2822 342 2876 ἔστω
384 2824 415 2875 6
460 2820 609 2893 ἡλιος
644 2822 704 2874 ὲν
752 2820 990 2894 Τοξότῃ,
1038 2820 1131 2873 καὶ
1175 2818 1454 2873 ἀνατέλλει
1500 2818 1546 2851 ³³
1588 2820 1647 2871 ὲν

82 2910 235 2982 αὐτῷ.
264 2912 436 2966 Πάλιν
464 2910 639 2969 δυέτω
671 2909 916 2975 δύνοντος
948 2910 1097 2981 ἡλίου
1116 2927 1130 2941 ⁸
1159 2909 1364 2981 ἑσπέρα
1405 2906 1521 2961 ἐστὶ
1555 2908 1649 2961 καὶ

79 3004 198 3069 νύξ·
225 3006 254 3057 6
279 3004 336 3059 δὲ
365 3006 424 3059 ὲν
450 3003 669 3074 γόνασιν
696 3002 904 3058 οὐδέπω
931 3003 1149 3056 δέδυκεν
1167 3018 1180 3032 ·
1216 3001 1328 3055 ἀλλ’
1362 2999 1650 3072 ἐπιμείνας

81 3097 134 3147 ἐν
172 3095 248 3167 τῷ
285 3096 428 3167 ὑπὲρ
473 3099 578 3167 γῆς
610 3095 968 3167 ἡμισφαιρίῳ,
1005 3094 1138 3165 πρὸς
1181 3096 1246 3165 τῇ
1271 3093 1417 3146 δύσει
1455 3091 1645 3156 δύνων,
1676 3109 1717 3169 C

83 3187 297 3260 ὕστερον
328 3190 424 3242 ἐπὶ
458 3188 557 3257 τῆς
595 3187 765 3257 αὐτῆς
790 3187 983 3250 νυκτὸς
1028 3185 1397 3258 προλαμϐάνει
1429 3183 1527 3255 τὴν
1554 3181 1648 3237 :06

83 3280 222 3350 ἡλίου
268 3280 531 3353 ἀνατολὴν
570 3281 662 3333 καὶ
692 3280 785 3333 τοῦ
816 3278 1067 3344 Τοξότου,
1108 3276 1521 3352 προανατέλλων
1554 3276 1651 3329 αύ-

82 3370 205 3434 τῶν,
252 3374 346 3426 καὶ
403 3371 629 3444 ὕστερον
675 3370 853 3425 αὐτῶν
905 3370 1097 3425 δύνων.
1132 3368 1293 3441 Δηλοί
1331 3367 1461 3437 γοῦν
1494 3366 1651 3421 τοῦτο

88 3464 307 3534 Ἄρατος
343 3465 522 3535 λέγων
539 3482 554 3495 ·

88 3553 313 3609 Ὀντινα
373 3556 592 3610 τοῦτον
642 3556 854 3609 ἀὶοτον
905 3554 1008 3610 ὑπ’
1057 3555 1352 3623 οὐρανίων
1394 3553 1653 3608 εἰδώλων

98 3624 445 3695 Ἀμςαότερον
476 3624 757 3688 δύνοντα,
790 3626 889 3679 καὶ
920 3626 991 3691 ἐξ
1022 3626 1230 3694 ἑτέρης
1258 3625 1502 3679 ἀνιόντα

88 3695 378 3762 Πολλάκις
406 3696 697 3764 αὐτονυχὶ
726 3698 1037 3765 θηεύμεθα.

341 3809 468 3862 Ὀτι
490 3807 698 3873 δύσεις
720 3806 927 3872 διτταὶ,
953 3807 1052 3861 καὶ
1082 3808 1390 3864 ἀνατολαὶ.

152 3898 249 3970 λη’.
281 3899 445 3963 Δύσις
468 3898 524 3952 δὲ
554 3900 768 3970 ἄστρων
798 3900 915 3952 ἐστὶ
945 3898 1116 3970 διττὴ,
1142 3900 1235 3952 καὶ
1266 3898 1496 3970 ἀνατολή
1514 3916 1529 3930 ο
1561 3901 1656 3952 καὶ

89 3996 121 4056 η
147 3990 241 4059 μὲν
266 3989 374 4060 ἑῴα
404 3989 647 4058 λέγεται,
670 3991 704 4060 ἡ
731 3990 787 4043 δὲ
818 3990 1067 4061 ἑσπερία.
1107 3988 1247 4062 Ἐῲα
1275 3991 1373 4061 μὲν
1402 3990 1653 4061 ἀνατολὴ,

88 4079 209 4133 ὅταν
236 4080 599 4152 συνανατέλλῃ
630 4079 707 4152 τῷ
740 4080 873 4151 ἡλίῳ
912 4081 1036 4153 [ὡς]
1068 4081 1264 4154 ἄστρα,
1297 4082 1390 4135 καὶ
1427 4081 1501 4153 μὴ
1539 4083 1657 4153 μετ’

90 4171 248 4226 αὑτοῦ
287 4174 367 4206 ³⁸⁸
405 4173 638 4245 ἑσπερία
681 4173 757 4236 δὲ,
805 4175 954 4241 ὅταν,
1001 4174 1247 4238 δύνοντος
1294 4174 1481 4246 ἡλίου,
1525 4175 1657 4227 ἀνα-

89 4263 242 4336 τέλλῃ
272 4265 394 4319 τινά
443 4264 553 4318 τῶν
582 4264 818 4336 ἄστρων.
864 4266 1024 4329 Δύσις
1056 4265 1112 4319 δὲ
1149 4264 1259 4336 ἑῷα
1296 4266 1464 4330 ἐστὶν,
1508 4265 1655 4326 ὅταν,

90 4354 237 4422 ἡλίου
281 4355 681 4419 ἀνατέλλοντος,
724 4355 856 4431 δύνῃ
906 4356 977 4409 τὰ
1020 4357 1195 4428 ἄστρα
1251 4357 1374 4411 τάδε
1417 4356 1654 4427 ἢ”τάδε⁴

93 4444 314 4517 Empta
336 4446 418 4510 δὲ,
447 4445 576 4500 ὅταν
605 4445 951 4517 συγκαταδύῃ
990 4444 1157 4517 αὐτῷ.

348 4559 481 4613 Ὀτι
508 4558 774 4629 διαφέρει
803 4559 1070 4629 ἀνατολὴ
1098 4559 1404 4630 ὲπιτολῆς.

159 4647 257 4704 λθ’.
277 4649 534 4721 Διαφέρει
550 4649 606 4703 δὲ
623 4648 855 4720 ἀνατολὴ
875 4649 1148 4719 ὲπιτολῆς.
1178 4647 1435 4719 Ἀνατολὴ
1450 4646 1667 4720 μὲνγὰρ

91 4755 239 4792 εστιν
273 4743 306 4811 ἡ
344 4741 465 4812 ἄμα
493 4739 571 4812 τῷ
594 4740 733 4812 ἡλίῳ
767 4739 906 4812 ὑπὲρ
948 4739 1040 4795 τὸν
1088 4741 1337 4813 ὁρίζοντα
1382 4737 1661 4810 ἀναφορά’

3191 282 3299 341 934

2125 400 2201 455 De
2229 400 2462 456 siderum
2484 413 2673 453 occasu
2699 378 2749 452 et
2767 407 2906 454 ortu.

1796 514 1886 571 37.
1917 513 2169 571 Siderum
2191 514 2298 569 alia
2323 527 2539 583 semper
2562 518 2855 583 apparent;
2906 511 3014 566 alia
3044 510 3297 567 videntur

1733 608 2005 666 interdum
2030 649 2045 674 ,
2099 609 2237 665 alias
2279 608 2495 664 occulta
2524 615 2671 662 sunt.
2709 606 2985 676 Apparent
3012 613 3293 675 perpetuo,

1732 713 1854 769 quae
1876 697 2415 768 comprehenduntur
2455 697 2662 751 arctico
2705 695 2915 751 circulo
2961 712 2974 749 :
3014 708 3298 763 nunquam

1740 790 1885 844 enim
1915 790 2208 859 occidunt;
2239 790 2316 843 uti
2342 804 2518 860 neque
2547 788 2863 857 complexus
2910 786 3001 841 illa
3031 786 3298 851 circulus,

1729 881 1824 951 qui
1852 879 1908 934 in
1941 882 2221 950 superiore
2253 887 2437 934 manet
2490 877 2872 949 hemisphaerio
2914 891 3129 947 semper
3172 891 3296 931 cum

1731 972 1905 1029 stellis
1936 973 2053 1027 suis
2088 987 2376 1043 apparens.
2422 968 2709 1041 Nunquam
2765 976 3027 1040 apparent
3074 984 3139 1023 ea
3179 983 3299 1038 quae

1735 1064 2039 1118 antarctico
2067 1061 2276 1117 circulo
2321 1061 2693 1126 continentur,
2758 1060 3018 1130 quoniam
3073 1067 3127 1114 et
3185 1060 3298 1129 ipse

1733 1169 1950 1225 semper
1971 1154 2221 1209 occultus
2248 1162 2352 1209 est.
2384 1152 2742 1224 Reliquorum
2787 1154 3028 1233 siderum
3079 1150 3184 1204 alia
3219 1151 3296 1204 in-

1732 1247 1947 1302 terdum
1999 1246 2253 1301 oriuntur

1733 1334 1923 1390 eadem
1951 1335 2006 1390 in
2033 1344 2190 1391 nocte
2247 1336 2503 1390 oriuntur
2527 1343 2582 1391 et
2609 1335 2888 1389 occidunt.
2954 1333 3038 1388 Sit
3067 1332 3302 1402 exempli

1735 1441 1901 1483 causa
1932 1429 2014 1483 sol
2039 1428 2093 1482 in
2114 1428 2301 1483 Ariete
2332 1447 2344 1482 :
2373 1436 2499 1484 ante
2528 1428 2673 1499 b’unc
2705 1428 2881 1481 oritur
2913 1426 3117 1495 Equus.
3156 1423 3301 1479 Idem

1736 1519 1851 1575 sole
1878 1519 1933 1573 in
1966 1518 2130 1576 Libra
2188 1522 2491 1575 constituto
2530 1526 2657 1575 ante
2699 1518 2847 1573 hunc
2900 1517 3129 1572 occidet.
3164 1514 3304 1571 Hinc

1736 1611 2031 1687 aliquando
2082 1613 2328 1668 cernitur
2375 1611 2562 1683 Equus
2590 1611 2798 1675 oriens.
2836 1609 2973 1666 alias
2996 1610 3253 1664 occidens
3286 1594 3329 1662 ς’

2313 1264 2327 1301 :
2373 1245 2647 1301 interdum
2703 1245 2993 1308 occidunt;
3053 1243 3299 1315 quaedam
3380 1290 3391 1299 .

1739 1703 1821 1760 sic
1869 1714 2016 1759 astra
2073 1704 2281 1775 reliqua
2321 1705 2391 1759 ab
2425 1704 2616 1759 aestivo
2642 1703 2854 1773 tropico
2887 1701 2954 1756 ad
2990 1701 3300 1756 hibernum.

1739 1793 1873 1849 Nam
1896 1812 2017 1866 quae
2050 1796 2105 1849 in
2146 1795 2447 1851 antarctico
2479 1803 2608 1849 sunt
2662 1794 2730 1849 ad
2781 1802 3050 1857 austrum,
3096 1791 3306 1845 tardius

1740 1882 1970 1937 orientia
2012 1883 2176 1939 citius
2224 1883 2488 1939 occidunt
2541 1884 2733 1954 :quod
2787 1883 2982 1953 majori
3029 1897 3092 1936 ex
3152 1886 3307 1951 parte

1742 1974 1954 2044 spbaara
1983 1976 2123 2030 infra
2151 1983 2355 2031 terram
2388 1975 2607 2031 condita
2638 1977 2710 2029 sit
2737 1976 2801 2029 ad
2838 1974 3150 2040 meridiem;
3176 1988 3309 2028 con-

1741 2073 1825 2119 tra
1859 2079 1980 2136 quae
2007 2065 2243 2119 borealia
2269 2076 2395 2121 sunt
2425 2066 2566 2120 inter
2622 2067 2885 2120 arcticum
2943 2065 3209 2119 circulum
3256 2071 3312 2117 et

1741 2155 2175 2227 aequinoctialem
2211 2157 2410 2228 posita,
2439 2158 2605 2212 citius
2635 2167 2815 2212 ortum
2843 2156 3075 2220 faciunt,
3105 2156 3313 2209 tardius

1742 2261 2000 2303 occasum
2037 2264 2050 2299 :
2085 2257 2368 2319 propterea
2395 2246 2539 2318 quod
2565 2248 2756 2316 majori
2795 2256 2947 2317 parte
2982 2249 3067 2302 sui
3099 2248 3312 2318 spbaara

1744 2353 1910 2407 supra
1939 2345 2140 2392 terram
2202 2339 2429 2408 emergit
2476 2341 2541 2392 ad
2589 2340 3034 2409 septentrionem.
3092 2340 3315 2393 Accitlet

1743 2444 1874 2500 ergo
1906 2428 2151 2498 quadam
2192 2440 2249 2483 ut
2278 2430 2351 2482 ibi
2383 2429 2650 2483 collocata
2705 2426 2883 2483 sidera
2928 2428 3117 2484 eadem
3153 2440 3314 2483 noete

1744 2517 1993 2573 oriantur
2011 2523 2065 2572 et
2096 2516 2348 2571 occidant
2376 2532 2389 2567 :
2422 2533 2543 2587 qua:
2560 2518 2846 2589 ἀμφιφανῆ
2865 2527 3082 2584 vocant.
3115 2517 3280 2572 Exem
3303 2549 3313 2558 -

1744 2609 1818 2678 pli
1850 2609 2024 2681 gratia
2055 2609 2125 2663 sit
2156 2607 2526 2679 lngeniculus,
2559 2609 2739 2678 sitque
2771 2609 2855 2661 sol
2903 2611 2958 2663 in
2990 2607 3314 2677 Sagittario;

1745 2700 1801 2754 in
1827 2715 1893 2757 eo
1914 2701 2068 2757 sidus
2100 2700 2234 2754 illud
2256 2700 2484 2755 orietur.
2506 2698 2719 2755 Rursus
2758 2700 2973 2755 occidat
3005 2701 3109 2755 sub
3155 2715 3317 2755 occa-

1746 2806 1870 2847 sum
1910 2792 2066 2855 solis,
2091 2807 2319 2862 vespera
2341 2793 2467 2857 erit,
2493 2800 2548 2847 et
2573 2807 2679 2846 nox
2705 2809 2720 2846 :
2765 2793 2996 2847 necdum
3030 2790 3318 2863 lngenicuo

1748 2882 1834 2936 lus
1853 2880 2116 2936 occiderit
2142 2898 2155 2935 :
2184 2880 2279 2935 sed
2311 2882 2362 2934 in
2394 2881 2774 2951 hemisphaerio
2804 2884 3087 2951 superiore
3131 2884 3317 2937 consi-

1749 2981 1901 3029 stens
1922 2974 2121 3037 adhuc,
2144 2987 2208 3027 ac
2238 2974 2342 3028 sub
2370 2988 2623 3028 occasum
2670 2972 2949 3034 occidens,
2977 2982 3163 3043 postea
3225 2988 3320 3043 per

1749 3066 1994 3120 eamdem
2024 3074 2239 3120 noctem
2270 3066 2402 3121 solis
2419 3075 2471 3120 et
2501 3066 2778 3138 Sagittarii
2805 3077 3087 3135 praevertet
3111 3073 3314 3130 ortum,

1751 3165 1877 3213 ante
1899 3157 2047 3227 ipsos
2080 3158 2287 3222 oriens.
2316 3167 2369 3212 et
2402 3168 2525 3227 post
2554 3175 2648 3215 eos
2675 3159 2949 3214 occidens.
2988 3158 3145 3225 Quod
3175 3159 3313 3213 Ara-

1748 3258 1838 3304 tus
1870 3248 1954 3305 bis
1980 3249 2158 3304 verbis
2171 3249 2424 3320 exprimit
2462 3268 2475 3303 :

1824 3533 1990 3608 Quem
2019 3535 2225 3605 quidem
2251 3537 2484 3606 ignotum
2511 3539 2647 3593 inter
2674 3539 2902 3592 calcate;
2929 3538 3182 3608 imagines

1822 3604 2040 3659 Pariter
2074 3604 2415 3669 occideritem,
2449 3618 2498 3662 et
2529 3610 2745 3663 aliunde
2772 3612 3022 3663 orientem

1826 3674 1978 3746 Smpe
2002 3677 2182 3731 eadem
2207 3688 2355 3733 nocte
2391 3681 2678 3733 cernimus.

1990 3789 2137 3847 Duos
2170 3809 2388 3848 occasus
2409 3809 2547 3858 esse,
2579 3805 2826 3867 ortusque
2850 3795 3087 3852 totidem.

1822 3883 1913 3938 '58.
1952 3883 2205 3942 Siderum
2226 3902 2461 3943 occasus
2492 3898 2762 3959 ortusque
2786 3890 2986 3960 duplex
3010 3897 3095 3946 est
3127 3908 3140 3942 :
3193 3890 3331 3943 alter

1755 3975 2057 4030 matutinus
2085 4013 2101 4040 ,
2148 3978 2519 4047 vespertinus
2554 3982 2693 4035 alter
2740 3981 2961 4035 dicitur.
3034 3980 3331 4035 Matutinus

1756 4073 1911 4121 ortus
1944 4065 2021 4131 ﬁt,
2055 4083 2179 4122 cum
2205 4069 2414 4124 oriente
2442 4073 2557 4126 sole
2584 4072 2839 4127 oriuntur
2864 4087 2987 4126 cum
3032 4087 3098 4127 eo
3128 4072 3330 4135 sidera,

1757 4173 1869 4213 non
1900 4166 2023 4227 post
2047 4157 2248 4227 ipsum.
2297 4159 2679 4230 vespertinus,
2714 4178 2841 4216 cum
2889 4163 3175 4219 occidente
3217 4164 3334 4217 sole

1758 4249 1938 4304 sidera
1997 4247 2245 4318 quaedam
2303 4252 2576 4305 oriuntur.
2613 4250 2911 4309 Matutinus
2972 4267 3203 4308 occasus
3251 4259 3335 4307 est

1758 4356 1883 4395 cum
1915 4342 2125 4395 oriente
2150 4342 2267 4396 sole
2303 4342 2562 4397 occidunt
2593 4343 2707 4397 haec
2735 4344 2819 4398 vel
2852 4345 2945 4397 illa
2988 4344 3204 4411 sidera;
3240 4357 3334 4398 ve-

1687 4453 1732 4507 ι)
1760 4434 2035 4505 spertinus
2066 4449 2191 4488 cum
2217 4450 2325 4489 una
2353 4449 2478 4489 cum
2514 4437 2630 4490 sole
2662 4435 2943 4491 conditur.

1848 4632 1853 4637 θ
1971 4548 2111 4615 Quid
2143 4547 2410 4615 ἀνατολὴ
2440 4560 2493 4603 et
2525 4549 2776 4619 ἐπιτολή
2814 4548 3091 4619 diﬂ'erant.

1826 4644 1918 4699 39.
1952 4642 2141 4698 Diﬂert
2180 4651 2359 4699 autem
2401 4643 2631 4715 ἀνατολή
2661 4652 2716 4700 et
2742 4645 2986 4716 ἐπιτολή.
3018 4643 3153 4697 Nam
3206 4644 3313 4697 ἀνα

1760 4736 1891 4809 τολή
1909 4744 1993 4792 est
2018 4738 2343 4792 conscensio
2380 4752 2506 4792 cum
2546 4738 2663 4794 sole
2688 4753 2855 4809 supra
2879 4738 3187 4803 ﬁnitor-em;
3216 4737 3338 4788 ἑπι-

91 4830 313 4903 ἑπιτολὴ
343 4832 421 4896 δὲ,
454 4832 584 4886 ὅταν
611 4832 717 4905 1:96
755 4833 909 4905 ἡλίου
940 4832 1045 4886 61:6
1083 4832 1180 4903 τὴν
1223 4831 1365 4903 ἑῴαν
1413 4829 1646 4902 ἀνατείλῃ

1764 4829 1894 4902 τολή
1951 4845 2076 4884 cum
2121 4839 2251 4885 ante
2281 4830 2450 4886 solem
2507 4832 2685 4900 primo
2727 4845 2890 4885 mane
2937 4831 3115 4884 oritur
3146 4830 3337 4891 stella;

93 4916 309 4990 ἄστρον,
342 4916 464 4974 εἶτα
500 4920 587 4975 ἐπ’
615 4920 764 4993 αὐτῷ
808 4923 838 4975 6
878 4921 1025 4992 ἥλιος
1057 4921 1319 4994 ὲπιτείλῃ.
1354 4922 1455 4974 As!
1486 4919 1544 4975 δὲ
1580 4921 1660 4973 εί-

94 5009 262 5075 δέναι,
291 5012 398 5078 ὅτι,
430 5013 611 5085 πάσης
640 5012 790 5086 ὥρας
827 5013 1279 5086 περιφερομένης,
1318 5012 1411 5067 καὶ
1457 5011 1664 5084 περιδι-

88 5102 360 5176 .νουμένης
398 5104 500 5175 τῆς
536 5104 789 5177 σφαίρας,
838 5106 1051 5176 ἀνάγκη
1084 5105 1211 5158 οὲστὶ
1240 5104 1335 5158 καὶ
1377 5104 1448 5158 τὰΔ
1489 5104 1666 5175 ἄστρα

96 5196 261 5249 παντὶ
310 5196 509 5269 καιρῷ,
562 5198 656 5253 καὶ
689 5198 746 5251 ὲν
778 5197 960 5270 ἡμέρᾳ
997 5198 1091 5252 κα)⁵
1137 5199 1196 5251 ὲν
1235 5196 1390 5250 νυκτὶ
1422 5189 1560 5250 εἶναι
1605 5197 1665 5249 ὲν

98 5287 309 5360 οὖρανῷ
338 5289 865 5361 συμπεριδινούμενα
884 5305 897 5320 ⁶
924 5289 997 5361 μὴ
1020 5287 1301 5358 φαίνεσθαι
1322 5287 1376 5340 δὲ
1405 5289 1462 5341 ὲν
1484 5286 1669 5359 ἡμέρᾳ

98 5381 166 5451 τῇ
196 5381 465 5453 ὑπερϐολῇ
505 5380 604 5451 τῆς
646 5380 1026 5453 λαμπρότητος
1070 5379 1164 5432 τοῦ
1203 5378 1353 5449 ἡλίου
1394 5377 1667 5432 καλυπτό-

104 5485 262 5540 μενα.
300 5471 584 5542 Ἀνατολὴν
630 5472 686 5525 δὲ
716 5471 777 5525 06
806 5471 1023 5525 λεκτέον
1063 5471 1281 5542 ἄστρου,
1316 5470 1410 5524 ὲάν
1440 5469 1669 5542 δευτέρᾳ

100 5559 274 5635 ὥρᾳὴ
301 5563 459 5637 τρίτῃ
480 5562 812 5636 ἀναφέρηται
841 5563 982 5628 ὑπὲρ
1010 5563 1113 5635 γῆς
1133 5579 1147 5593 ·
1180 5560 1312 5616 ἀλλά
1339 5562 1457 5615 τότε
1484 5563 1666 5634 μόνον,

174 5719 222 5785 L
254 5722 302 5754 "
332 5720 615 5794 ἀνατέλλῃ.
689 5721 736 5753 ⁸⁸
766 5721 810 5791 ί.
849 5721 1031 5775 αὐτόν.

1764 4934 1930 4993 quam
1963 4922 2098 4977 solis
2126 4930 2279 4977 ortus
2300 4923 2570 4993 sequitur.
2597 4922 2707 4995 94
2746 4922 2857 4979 Nec
2895 4922 3028 4977 illud
3080 4922 3341 4993 ignoran-

1767 5016 1896 5070 dum
1920 5023 2039 5077 est;
2066 5014 2199 5069 hora
2235 5015 2497 5084 qualibet.
2540 5016 2872 5070 circumacta
2909 5023 2965 5071 et
3002 5014 3253 5070 volvente
3282 5026 3342 5065 se

1769 5107 2005 5178 Sphazra,
2046 5107 2230 5163 sidera
2284 5108 2401 5177 ipsa
2455 5109 2766 5168 necessario
2798 5124 2895 5180 per
2924 5122 3085 5162 omne
3129 5116 3345 5174 tempus

1771 5206 1934 5254 nocte
1959 5213 2023 5252 ac
2051 5198 2140 5253 die
2164 5214 2287 5253 cum
2312 5200 2452 5255 C(BIO
2483 5200 2825 5255 circumferri
2864 5218 2876 5253 :
2913 5215 3022 5253 non
3058 5208 3237 5252 tamen
3262 5196 3315 5249 in

1772 5286 1955 5341 terdin
1998 5286 2193 5351 videri,
2235 5288 2641 5344 vehementiori
2665 5288 2955 5359 splendore
2983 5288 3117 5343 solis
3144 5284 3339 5339 oﬂ‘usa.

1772 5379 2044 5434 Caeterum
2104 5389 2257 5435 ortus
2316 5381 2487 5436 stella:
2540 5382 2725 5436 vocari
2756 5394 2865 5435 non
2893 5380 3075 5443 debet,
3123 5376 3359 5448 quando.-

1770 5471 2015 5527 secunda
2042 5472 2267 5528 tertiave
2290 5481 2410 5544 post
2450 5474 2583 5529 liora
2612 5474 2934 5529 conscendit
2963 5472 3342 5537 horizontem;

1775 5563 1869 5621 sed
1900 5575 2028 5620 tunc
2062 5565 2278 5633 solum,
2309 5582 2434 5624 cum
2461 5583 2570 5623 una
2593 5584 2717 5624 cum
2759 5552 2875 5625 sble
2901 5568 3099 5624 oritur.
3153 5563 3245 5620 Sic
3294 5572 3365 5618 er
