3816 6306
102 319 199 382 90'!

836 280 1151 376 Acmms
1190 316 1379 374 TATll
1421 312 1668 371 ISAGOG

1786 312 1838 365 .D
1871 308 2084 366 ARATI
2122 304 2597 363 ΡΗΑΞΝΟΜΕΝΑ.

3231 301 3340 360 998

100 438 313 507 δειγμα.
353 435 470 490 Kal
496 433 606 507 γὰρ
626 431 916 511 φακοειδής
954 436 1099 487 ἐστιν
1122 435 1156 503 ἠ
1184 433 1259 502 γῆ
1280 448 1294 462 ο
1329 434 1393 485 ὲκ
1423 432 1519 502 μὲν
1544 430 1669 482 ἐκα-
1697 436 1741 489 Α
1766 427 1795 478 ό
1822 423 2138 487 διδάσκαλός
2159 439 2261 493 μου
2312 418 2673 511 Ἰσιδωριανδς
2702 416 2979 511 διαφέρειν
3017 416 3252 511 σφαίρας
3280 416 3343 474 rb

102 525 268 597 τέρων
297 523 411 576 τῶν
452 522 633 595 μερῶν
665 520 762 575 τοῦ
790 539 848 575 τε
875 522 1006 587 ἀνω,
1047 523 1143 578 καὶ
1178 523 1328 575 κάτω
1372 521 1509 592 πρὸς
1542 520 1673 590 ὕψος

100 614 409 686 οἰκουμένη,
439 613 578 686 πρός
615 614 672 667 δὲ
712 614 785 667 τά
822 617 1031 685 πέρατα
1061 616 1141 677 εἰς
1169 614 1469 683 λεπτότητα
1496 630 1675 666 στενο-

101 705 440 778 Ιωρουμένη.
480 706 570 767 Ὠς
611 699 705 757 οὖν
741 703 1060 775 ὑποστάθμη
1090 701 1238 757 ὀὖσα
1270 702 1356 756 διά
1387 702 1449 756 rb
1488 702 1700 774 βάρος’.

101 800 285 871 πρώτη
339 798 480 870 μετά
522 798 584 850 rb
626 796 759 867 χάος
815 797 1052 866 πέπηγε.
1102 795 1201 850 Διά
1248 811 1329 848 τοι
1375 794 1533 848 τοῦτο
1582 796 1674 847 καὶ

111 892 367 956 Ἡσίοδος,
395 890 542 944 τοῦτ’
573 889 751 955 εἰδὼς,
778 886 940 960 φησίν
958 903 972 917 ·

103 1008 259 1087 31:9:
440 1002 741 1072 πρώτιστα
769 1000 916 1087 χάος
942 998 1361 1087 γένετ’,,.αὺτὰρ
1391 998 1594 1087 ἔπειτα

100 1074 223 1129 Γαῖ’
245 1069 671 1144 εἰφύστερνος,
699 1069 942 1125 πάντων
971 1069 1105 1136 ἕδος
1130 1069 1403 1137 ἀσφαλὲς
1433 1071 1565 1121 αἰεί.

98 1165 200 1236 95
229 1167 355 1219 Ὅτι
386 1164 444 1216 δὲ
462 1164 557 1217 καὶ
589 1164 729 1235 μέση
748 1164 782 1233 ἡ
798 1162 890 1232 γῆ,
916 1162 1180 1233 μαρτυρεῖ
1200 1161 1451 1230 Ἄρατος,
1467 1158 1637 1228 λέγων
1654 1176 1669 1190 ο

103 1278 295 1341 Ἀξων
331 1277 468 1331 αἰὲν
510 1275 753 1345 ἄρηρεν.
790 1274 950 1344 Ἔχει
981 1273 1035 1327 δ’
1073 1273 1411 1328 ἀτάλαντον
1436 1272 1672 1343 ἁπάντη

100 1352 307 1415 Meam;
316 1348 429 1417 γὺς
459 1346 653 1417 γαῖαν.
1440 1356 1449 1362 ·

99 1460 168 1512 Tb
203 1459 315 1530 γάρ
367 1458 666 1511 ἀτάλαντον
706 1456 828 1511 ἀντὶ
875 1454 968 1509 τοῦ
1000 1452 1274 1526 ἀκίνητον.
1309 1454 1444 1528 Περὶ
1486 1454 1542 1507 δὲ
1576 1453 1673 1525 τὴν

100 1551 199 1620 γῆν
230 1549 510 1614 κυκλικῶς
540 1549 673 1619 άλλη
720 1547 870 1601 ἐστὶν
903 1547 1087 1601 ἐπάνω
1120 1550 1322 1619 σφαῖρα
1355 1549 1389 1617 ὴ
1422 1545 1515 1599 τοῦ
1550 1544 1674 1598 ὓδα-

99 1659 208 1707 τος,
240 1641 448 1712 μείζων
482 1640 582 1711 τῆς
625 1640 749 1711 γῆς.
787 1637 860 1691 Τὸ
892 1640 999 1710 γάρ
1027 1638 1277 1710 περιέχον
1305 1638 1399 1691 τοῦ
1430 1654 1676 1708 περιεχο-

103 1736 262 1804 μένου
319 1733 508 1804 μεῖζον
557 1727 696 1786 εἶναι
739 1731 835 1784 δεῖ.
889 1732 1042 1785 Μετά
1078 1730 1133 1782 δὲ
1176 1729 1273 1801 τὴν
1322 1729 1416 1782 τοῦ
1460 1729 1673 1795 ὕδατος,

104 1826 262 1891 εὐθὺς
296 1827 331 1897 ἡ
371 1824 466 1878 τοῦ
497 1824 677 1897 ἀέρος,
716 1823 812 1877 καὶ
840 1822 977 1894 αὑτὴ
1019 1821 1201 1891 κύκλῳ
1233 1820 1294 1872 rb
1336 1819 1478 1892 ὕδωρ
1523 1837 1679 1891 περι-

101 1916 318 1987 έχουσα.
341 1914 573 1970 Μετάδὲ
600 1915 697 1986 τὴν
719 1914 814 1968 τοῦ
842 1914 1055 1987 ἀέροςή
1086 1913 1178 1966 τοῦ
1214 1911 1448 1985 αἰθέρος.
1466 1913 1557 1965 Διὸ
1585 1912 1679 1966 καὶ

105 2011 350 2082 Ὅμηρός
380 2027 486 2062 που
514 2009 660 2077 λέγει
680 2025 694 2037 ·

103 2125 201 2188 εἰς
228 2122 457 2190 ἐλάτην
480 2122 707 2187 ἀναϐὰς
733 2120 1146 2190 περιμήκετον,
1175 2120 1213 2187 ἢ
1247 2121 1363 2173 τότ’
1384 2121 1454 2173 ἐν
1480 2119 1608 2190 Ἴδῃ

103 2193 461 2262 Μακροτάτη
490 2191 774 2262 πεφυυῖα,
804 2192 877 2245 δι’
910 2191 1081 2259 ἠέρος
1115 2191 1295 2258 αἰθέρ’
1329 2192 1549 2243 ἵκανεν.

109 2307 258 2362 Εἰσὶν
282 2301 379 2361 οὖν
412 2306 676 2377 τέσσαρες
710 2307 966 2376 σφαῖραι·
1010 2302 1047 2357 θ.
1082 2305 1316 2373 στοιχεῖα
1344 2302 1598 2357 καλοῦσιν
1629 2303 1678 2355 οι

107 2399 346 2462 παλαιοὶ,
372 2397 464 2451 διά
489 2396 552 2449 rb
575 2396 770 2467 στοίχῳ
795 2396 890 2449 καὶ
920 2394 1313 2461 τάξειὲκαστον
1348 2393 1526 2447 αὐτῶν
1550 2394 1681 2445 ὑπο-

107 2490 318 2543 κεῖσθαι
336 2505 350 2519 ο
377 2487 456 2552 ῶς
472 2505 576 2540 που
592 2486 687 2541 καὶ
720 2485 959 2557 Ἀλκμὰν
978 2484 1322 2556 όμοστοίχους
1345 2483 1568 2536 ἐκάλεσε
1583 2482 1681 2545 τὰς

109 2585 164 2637 ἐν
194 2584 348 2650 τάξει
385 2581 720 2654 χορευούσας
760 2579 1081 2652 παρθένους.
1111 2579 1212 2632 Kal
1235 2582 1292 2632 ὲν
1324 2581 1679 2650 γραμματικῇ

109 2680 341 2747 στοιχεῖα
383 2677 483 2746 μὲν
532 2673 688 2728 καλεῖ
728 2673 771 2704 ³ι
802 2675 872 2727 τὰ
901 2672 1221 2745 γράμματα,
1261 2671 1348 2725 διὰ
1382 2671 1444 2724 τό
1478 2671 1676 2742 στοίχῳ

106 2768 195 2819 καὶ
221 2766 375 2832 τάξει
410 2764 512 2829 τάς
541 2765 628 2818 ἐπ’
657 2764 835 2818 αὐτῶν
867 2764 1163 2818 πλέκεσθαι
1202 2764 1487 2827 συλλαϐάς.
1522 2763 1680 2816 Μέσα

104 2854 197 2910 οὖν
225 2859 342 2910 ἐστι
374 2856 447 2909 τὰ
483 2854 654 2926 βαρέα
689 2858 946 2925 στοιχεῖα.
999 2854 1336 2924 Θαυμαστῶς
1359 2854 1467 2925 γάρ
1504 2854 1683 2907 πάντα

107 2948 398 3013 κατέταξεν
420 2951 450 3001 ό
482 2946 841 3019 Δημιουργός.
874 2948 931 2999 '0
955 2946 1063 3017 γὰρ
1093 2945 1254 3017 αἰθὴρ
1283 2945 1377 2998 καὶ
1391 2945 1451 2996 rb
1468 2943 1683 3014 πνεῦμα

108 3042 285 3096 πάντα
326 3042 407 3103 εἰς
461 3038 632 3092 ἑαυτά
678 3037 876 3102 ἔξωθεν
921 3039 1117 3091 ἐπαι...
1152 3038 1246 3092 καὶ
1274 3035 1395 3089 οὔτε
1436 3036 1515 3106 τῷ
1559 3036 1682 3107 ἀέρι

108 3134 303 3202 πτῆναι
328 3133 627 3204 συγχωρεῖ,
659 3129 783 3183 οὔτε
817 3129 895 3201 τῷ
921 3130 1071 3183 ὕδατι
1101 3130 1327 3201 χυθῆναι
1350 3145 1365 3160 ’
1397 3129 1511 3182 ἀλλ’
1556 3130 1683 3184 ἑκά-
1708 3134 1750 3192 C

111 3239 239 3293 στην
274 3222 505 3292 μόνιμον
530 3218 625 3273 τοῦ
667 3220 832 3273 τόπου
887 3224 1045 3290 τηρεῖ
1067 3222 1165 3291 τὴν
1196 3220 1401 3283 στάσιν,
1440 3220 1579 3273 κατὰ
1619 3218 1681 3272 rb

109 3316 201 3367 ἐπὶ
235 3315 330 3367 τοῦ
368 3315 568 3383 λύχνου
592 3312 915 3383 ὑπόδειγμα,
933 3312 1028 3366 καὶ
1042 3312 1140 3383 τῆς
1163 3313 1313 3378 παρά
1339 3315 1450 3375 τοῖς
1481 3314 1681 3381 ἰατροῖς

112 3406 319 3469 σικύας,
371 3407 407 3477 ἢ
458 3405 539 3477 τῷ
567 3404 700 3475 πυρί
739 3404 876 3475 πρὸς
918 3405 1113 3475 ἑαυτὴν
1146 3405 1300 3473 ἄγχει
1327 3404 1426 3467 τὰς
1458 3404 1681 3472 φλέϐας.

124 3499 179 3552 '0
206 3501 303 3570 μὲν
332 3496 429 3552 οῦν
453 3498 564 3568 ἀὴρ
594 3496 700 3550 ὑπὸ
731 3496 824 3549 τοῦ
866 3497 1035 3567 πυρὸς
1063 3496 1341 3566 συνέχεται
1364 3512 1377 3526 ·
1402 3496 1462 3550 rb
1485 3496 1541 3549 δὲ
1574 3495 1684 3566 πῦρ

117 3591 246 3660 μετά
272 3588 367 3642 τοῦ
399 3588 568 3658 ἀέρος
588 3586 657 3640 τά
688 3586 885 3640 πάντα.
916 3587 1015 3640 Διά
1045 3585 1220 3651 τοῦτο,
1243 3585 1398 3654 ὕδωρ
1427 3586 1523 3640 καὶ
1549 3584 1686 3655 γαῖα

113 3681 404 3751 γένοισθε,
446 3680 549 3750 οὐχ
602 3678 678 3742 ὣς
715 3695 859 3743 τινες
894 3678 1139 3749 κατάραν
1187 3680 1297 3741 τοῖς
1331 3676 1685 3749 στρατιώταις

114 3772 457 3844 κατηράσατο
479 3788 494 3800 ·
525 3770 661 3824 ἀλλά
707 3770 800 3823 τὸν
824 3769 979 3824 ὄκνον
1010 3768 1167 3833 εἰδὼς
1199 3770 1264 3822 ὲκ
1307 3770 1416 3823 τῶν
1447 3768 1685 3840 βαρυτά-

114 3881 214 3917 των
231 3866 361 3918 ὂντα
382 3862 686 3934 στοιχείων,
729 3862 827 3935 τὴν
864 3862 1138 3933 βαρύτητα
1166 3863 1346 3925 αὐτοῖς
1394 3861 1683 3929 ὠνείδισεν,

115 3953 280 4007 εἰπών
297 3974 313 3988 ο

126 4071 272 4125 Ἀλλ’
295 4074 472 4141 ὐμεις
509 4084 627 4141 μεν
658 4082 879 4136 παντες
912 4068 1069 4141 ὕδωρ
1090 4069 1187 4122 καὶ
1226 4068 1362 4138 γαῖα
1389 4068 1686 4139 γένοισθε.

442 4144 512 4194 Εἰ
542 4140 854 4208 ἕστηκενή
894 4139 993 4209 γῆ,
1017 4142 1056 4207 ἢ
1092 4142 1376 4193 κινεῖται..

182 4253 255 4323 γ’.
296 4255 477 4318 Τινὲς
511 4252 608 4307 καί¹
634 4252 803 4325 αὐτὴν
840 4250 1500 4324 συμπεριστρέφεσθαιτῷ
1528 4249 1691 4305 παντί

117 4362 295 4413 φασιν.
334 4343 706 4415 ’Λναισθήτως
732 4343 789 4397 δὲ
820 4345 966 4415 ἡμᾶς
1001 4345 1126 4407 τοὺς
1157 4342 1496 4406 ἐνοικοῦντας
1525 4340 1689 4413 ἔχειν,

114 4436 200 4489 διά
223 4437 283 4490 rb
312 4439 374 4490 ἐν
405 4434 592 4507 μικρῷ
620 4433 753 4505 όρίῳ
796 4434 896 4504 τῆς
927 4435 1030 4505 γῆς
1055 4437 1347 4491 κατοικεῖν.
1382 4434 1596 4488 Βέλτιον
1633 4433 1691 4487 δὲ

117 4527 281 4599 αὐτὴν
296 4528 563 4596 ἀκίνητον
579 4525 744 4596 ἔχειν,
771 4526 1103 4596 πανταχόθεν
1117 4526 1221 4580 ὑπὸ
1241 4524 1348 4578 τῶν
1370 4526 1498 4597 περὶ
1521 4525 1692 4597 αὐτὴν

122 4620 393 4690 στοιχείων
416 4618 882 4689 περιωθουμένην.
905 4618 1086 4671 Δῶκεν
1106 4606 1150 4650 ³³
1178 4618 1234 4672 δὲ
1257 4619 1349 4672 καὶ
1370 4618 1688 4689 ὑπόδειγμα.

126 4711 184 4764 '0
213 4713 356 4777 ἄξων
382 4711 495 4764 ἀπὸ
530 4709 794 4781 ἀρκτικοῦ
824 4710 985 4763 πόλου
1012 4712 1172 4781 μέχρι
1204 4709 1298 4763 τοῦ
1333 4709 1690 4781 ἀνταρκτικοῦ

118 4802 311 4871 διήκει,
355 4802 449 4856 διὰ
493 4800 588 4853 τοῦ
646 4800 880 4870 αἰθέρος,
925 4800 1020 4855 καὶ
1064 4800 1174 4854 τῶν
1211 4801 1384 4855 ἄλλων
1419 4799 1694 4870 στοιχείων

123 4892 459 4964 ἱκνούμενος.
497 4891 565 4944 Ἦ
598 4892 670 4959 γῆ
691 4886 782 4944 οῦν
799 4891 1074 4963 βαρυτάτη
1097 4887 1230 4944 οὖσα
1248 4892 1481 4943 ὲνεῖκται
1511 4890 1576 4955 ³³,
1596 4890 1692 4943 καὶ

121 4985 564 5056 ὲμπεπερόνηται
592 4983 1092 5055 ἐμπεριειλημμένη
1115 4983 1219 5036 ὑπὸ
1245 4982 1338 5035 τοῦ
1359 4983 1544 5048 ἄξονος
1563 4999 1577 5014 ’
1618 4984 1695 5047 ὠς

127 5076 470 5147 μὴδύνασθαι
483 5074 853 5127 κινεῖσθαι.Τά
872 5074 929 5127 δὲ
944 5074 1077 5127 ἄλλα
1093 5074 1389 5144 χαυνότερα
1400 5073 1528 5127 ὄντα
1542 5073 1703 5129 τόπον

125 5166 308 5237 ἔχοντα
359 5167 692 5238 στρέφεται·
728 5165 915 5237 ὥσπερ
943 5165 1007 5218 ἂν
1038 5166 1092 5218 εἰ¹
1130 5181 1214 5227 τις
1253 5164 1514 5234 όὸελίσκῳ
1546 5163 1701 5229 ξύλον

126 5258 394 5330 ἀκινήτως
432 5256 805 5328 ἐμπερονήσῃ,
840 5254 1158 5325 ὲμπεριθεὶς
1185 5252 1262 5324 τῷ
1312 5253 1454 5324 ξύλῳ
1472 5255 1699 5325 τροχοὺς

129 5350 491 5420 κυκλοτερῶς.
537 5346 827 5418 Συμόαίνει
852 5346 961 5419 γάρ
985 5347 1111 5408 τοὺς
1154 5346 1251 5417 μὲν
1283 5346 1511 5416 τροχοὺς
1534 5349 1701 5399 κινεῖ-

132 5440 271 5506 σθαι,
300 5441 361 5494 rb
386 5440 448 5494 δὲ
481 5438 637 5504 ξύλον
665 5440 939 5510 ἀκινητεῖν
969 5437 1073 5491 ὑπὸ
1094 5436 1188 5489 τοῦ
1222 5434 1551 5507 κρατοῦντος
1581 5453 1701 5490 στε-

131 5532 558 5605 νοχωρούμενοι).
590 5531 726 5583 Φασὶ
744 5531 801 5584 δὲ
841 5530 1120 5600 Διόδωρος,
1156 5530 1249 5584 καὶ
1283 5530 1573 5601 Κοδρᾶτος,
1605 5531 1701 5583 καὶ

1774 514 2105 587 σφαιροειδὲς
2123 514 2295 588 ταύτῃ
2314 557 2331 582 ,
2424 514 2459 583 ἡ
2478 511 2577 582 μὲν
2602 512 2808 581 σφαῖρα
2834 509 3177 581 κυκλοτερῶς
3203 524 3341 563 παν-

1770 607 1994 678 ταχόθεν
2029 608 2108 669 εἰς
2135 606 2383 675 λειότητα
2414 604 2773 675 ἀπήρτισταιο
2814 602 2876 656 rb
2913 601 3247 673 σφαιροειδὲς
3285 599 3343 653 δὲ

1772 700 1990 763 κύκλος,
2015 699 2077 752 οὐ
2106 698 2209 769 μὴν
2236 697 2369 763 ἶσος,
2412 696 2527 750 ἀλλ’
2568 695 2706 766 ἔχων
2739 693 2957 765 εἰσοχάς
2996 695 3090 748 καὶ
3130 691 3342 763 ἐξοχάς.

1776 792 1962 843 Ἔστιν
1980 785 2071 843 οὖν
2103 791 2137 860 ἠ
2175 789 2246 860 γῆ
2276 787 2619 859 σφαιροειδὴς
2642 788 2700 840 ὲν
2735 784 3010 857 κοιλότησί
3050 802 3111 839 τε
3156 802 3349 839 ταπει·

1773 881 2027 952 νουμένη,
2079 880 2174 933 καὶ
2220 880 2281 933 ὲν
2336 880 2717 949 ἀναστήμασιν
2771 876 3071 949 ὑψουμένη.
3111 878 3215 929 Ἦν
3254 872 3348 929 οὖν

1772 971 2024 1042 οἰκοῦμεν
2042 973 2202 1042 ἡμεῖς
2228 970 2350 1041 γῆν,
2377 969 2580 1040 μαστός
2601 970 2749 1022 ἐστιν
2764 967 2974 1039 ὥσπερ,
3002 967 3098 1021 καὶ
3134 966 3347 1039 κορυφὴ

1772 1059 1871 1130 τῆς
1920 1060 2125 1130 πάσης’
2178 1057 2429 1129 καθάπερ
2471 1057 2565 1111 καὶ
2599 1055 2700 1121 τάς
2732 1057 2928 1128 νήσους
2984 1056 3042 1109 ὲν
3077 1055 3225 1126 μέσῳ
3268 1054 3347 1123 τῷ

1773 1151 1998 1219 πελάγει
2027 1150 2375 1213 έπαναϐάσας
2397 1148 2474 1215 τῷ
2506 1148 2659 1202 ὕδατι
2682 1147 2916 1219 ὁρῶμεν.
2952 1146 3109 1201 Οὕτω
3136 1146 3230 1200 καὶ
3249 1145 3348 1215 τὴν

1773 1243 1952 1297 πᾶσαν
1995 1241 2320 1312 οἰκουμένην
2374 1240 2667 1311 γενήσουσι
2695 1239 2895 1308 τρόπον
2941 1238 3129 1309 ἐπέχει
3186 1237 3233 1269 ³⁸
3269 1236 3349 1307 τῷ

1772 1332 1919 1404 ὄγκῳ
1941 1332 2033 1387 τοῦ
2082 1334 2463 1404 ἀναστήματος
2493 1333 3003 1387 ὲπανακύπτουσαν.
3057 1331 3349 1402 Συμόαίνει

1773 1422 1882 1494 γὰρ
1906 1424 1966 1477 rb
1996 1423 2139 1495 ὕδωρ
2171 1425 2313 1478 κατά
2341 1442 2463 1478 τινα
2495 1424 2635 1496 μέρη
2667 1424 2767 1495 τῆς
2789 1425 2912 1495 γῆς,
2940 1422 3006 1477 ἂν
3034 1422 3194 1495 τύχῃ,
3219 1421 3348 1475 ποτὲ

1778 1514 1875 1584 μὲν
1907 1514 2239 1580 πλεονάζειν,
2269 1514 2398 1568 ποτὲ
2419 1516 2474 1568 δὲ
2505 1515 2691 1587 λήγειν
2711 1513 2904 1580 οὕτως,
2929 1514 3070 1567 ὥστε
3095 1516 3345 1583 ὲπινηχο-

1777 1605 1945 1677 μένην
1991 1605 2193 1658 οἴεσθαι
2249 1604 2346 1676 τὴν
2391 1605 2515 1676 γῆν.
2579 1604 2689 1658 Kal
2731 1604 2795 1657 rb
2838 1603 3009 1668 πάθος
3037 1603 3096 1656 οὐ
3130 1603 3258 1674 περὶ
3284 1602 3349 1654 rb

1776 1698 2005 1768 πάσχον,
2053 1697 2190 1751 ἀλλά
2233 1698 2361 1770 περὶ
2384 1698 2444 1751 rb
2466 1697 2757 1766 βαστάζον,
2796 1696 3046 1768 καθάπερ
3075 1697 3168 1751 καὶ
3194 1697 3252 1749 ὲν
3280 1698 3347 1768 τῇ

1709 1797 1751 1853 Β
1781 1789 2022 1861 θαλάσσῃ
2061 1790 2303 1858 γίνεταν
2345 1790 2408 1843 rb
2453 1789 2597 1861 ὓδωρ
2628 1789 2731 1843 ὑπὸ
2768 1789 2876 1845 τῶν
2910 1790 3125 1861 ἀνέμων
3168 1789 3348 1842 κινού-

1782 1898 1941 1952 μενον
1979 1881 2263 1952 ἀνώμαλον
2302 1881 2542 1935 δείκνυσι
2572 1883 2672 1953 τὴν
2707 1882 3058 1951 ὲπιφάνειανυ
3088 1882 3216 1935 ποτὲ
3253 1881 3352 1953 μὲν

1778 1972 2159 2043 κυρτουμένων
2208 1972 2467 2043 κυμάτων
2523 1971 2611 2025 διά
2639 1972 2739 2044 τὴν
2769 1972 2861 2025 τοῦ
2890 1972 3201 2043 πνεύματος
3222 1989 3350 2041 σφο-
3425 1962 3437 1976 ’

1777 2064 2029 2136 δρότητα,
2058 2061 2154 2117 εἷθ’
2190 2065 2295 2118 ὑπὸ
2322 2064 2423 2134 τῆς
2458 2064 2693 2135 φυσικῆς
2724 2065 2967 2137 ἀνάγκης
2999 2067 3079 2129 εἰς
3102 2065 3348 2137 λειότητα

1778 2157 2160 2228 διαχεομένων.
2192 2158 2257 2210 Εἰ
2300 2153 2393 2210 οῦν
2424 2156 2665 2228 συμϐαίη
2699 2155 2849 2228 κῦμα
2881 2156 3082 2228 ὑψηλὸν
3128 2158 3354 2229 ὑποδρα-

1782 2251 1900 2319 μεῖν
1926 2246 2077 2312 ναῦν,
2100 2248 2418 2319 ὲπαιωρίζει
2463 2248 2562 2317 μὲν
2590 2248 2760 2318 αὐτὴν
2800 2249 2881 2311 εἰς
2915 2248 3069 2317 ὕψος,
3100 2249 3354 2321 διαχυθὲν

1778 2338 1833 2391 δὲ
1851 2341 2211 2411 συγκατασπᾷ
2258 2340 2352 2392 καὶ
2401 2339 2500 2411 τὴν
2524 2338 2677 2393 ναῦν.
2713 2338 2824 2391 Kal
2854 2340 2887 2410 ἡ
2917 2340 3130 2411 κίνησις
3161 2342 3221 2394 οὐ
3253 2340 3363 2410 τῆς¹

1779 2431 1925 2502 νηὸς,
1955 2431 2088 2484 ἀλλά
2109 2430 2200 2484 τοῦ
2224 2430 2412 2494 ὓδατος
2439 2430 2668 2499 γίνεται.
2697 2432 2789 2483 Δεῖ
2801 2432 2856 2485 δὲ
2880 2432 3099 2494 εἰδέναι,
3131 2432 3213 2485 ὅτι
3245 2431 3355 2483 τῶν

1782 2522 2058 2592 στοιχείων
2109 2522 2338 2577 ἕκαστον
2381 2522 2442 2576 ού
2475 2522 2574 2594 τὴν
2604 2522 2797 2577 ἑαυτοῦ
2824 2522 2992 2595 μόνην
3026 2523 3139 2593 ἔχει
3170 2523 3353 2592 φύσιν,

1780 2613 1895 2667 ἀλλ’
1959 2615 2202 2669 ἑκάστων
2261 2615 2369 2669 τῶν
2406 2615 2628 2680 λοιπῶν,
2669 2616 2765 2670 καὶ
2793 2616 2945 2670 οὐδὲν
2988 2617 3212 2687 ἄμοιρον
3258 2618 3359 2685 τῆς

1779 2705 1889 2760 τῶν
1941 2706 2142 2761 λοιπῶν
2202 2710 2511 2779 μετουσίας.
2555 2708 2681 2761 Ἐπὶ
2730 2706 2941 2771 τούτοις
2970 2707 3035 2778 δὴ
3071 2711 3183 2771 τοῖς
3221 2724 3359 2762 στοιι

1781 2797 1948 2868 χείοις
1974 2798 2170 2863 ἔξωθέν
2195 2800 2312 2852 ἐστι
2338 2800 2516 2853 πάντα
2543 2798 2809 2871 περιέχων
2836 2799 2865 2851 ό
2900 2797 3124 2869 οὐρανὸς
3155 2800 3359 2870 σφαῖρα

1782 2890 2028 2960 πέμπτη,
2051 2887 2172 2942 οὗτε
2206 2888 2394 2961 βαρὺς,
2421 2889 2545 2943 οὔτε
2572 2890 2773 2959 κοῦφος
2796 2906 2812 2922 ο
2843 2888 3358 2961 ἀλλάτμεμιγμένην

1782 2981 1848 3034 ἐκ
1878 2980 2093 3035 πάντων
2126 2981 2237 3051 ἔχει
2263 2983 2359 3053 τὴν
2384 2984 2580 3053 κρᾶσιν
2609 2996 2623 3010 ⁶
2653 2980 2734 3034 διὸ
2769 2980 2862 3034 καὶ
2888 2980 2986 3052 τὴν
3014 2980 3268 3033 σύστασιν
3296 2981 3361 3033 ὲκ

1782 3071 1883 3143 τῆς
1911 3072 2158 3144 κράσεως
2203 3072 2426 3142 βεόαἰαν
2477 3073 2609 3143 ἔχει.
2639 3072 2748 3125 Kal
2772 3072 3085 3143 ὠνόμασται
3121 3072 3271 3141 παρὰ
3302 3072 3363 3125 rb

1782 3163 2013 3235 όρούειν,
2040 3165 2069 3217 ὅ
2098 3166 2244 3217 ἐστιν
2260 3165 2435 3235 όρμᾷν
2453 3178 2468 3194 ⁸
2502 3163 2833 3237 προώρμησε
2856 3166 2964 3236 γὰρ
3001 3165 3229 3237 οὐρανὸς
3252 3165 3363 3218 τῶν

1781 3254 1954 3309 ἄλλων
1975 3256 2275 3325 στοιχείων.
2289 3257 2374 3337 ,Εἰ
2394 3257 2450 3309 δέ
2472 3256 2588 3309 έστί
2611 3275 2664 3310 τι
2686 3257 2842 3310 κενὸν
2866 3256 3062 3323 ἔξωθεν
3088 3257 3183 3309 τοῦ
3200 3256 3364 3328 οὖρα-

1781 3345 1897 3411 νοῦ,
1923 3348 1984 3400 ού
2016 3348 2306 3419 περίεργος
2340 3350 2471 3419 ἡμῖν
2511 3351 2545 3419 ή
2585 3349 2831 3420 ζήτησις.
2862 3348 3010 3418 Πλὴν
3050 3349 3099 3401 οἰ
3136 3347 3366 3401 Στωϊκοὶ

1781 3438 2029 3507 λέγουσιν
2051 3433 2190 3492 εἶναι
2211 3457 2224 3469 °
2253 3440 2426 3512 ταύτῃ
2455 3439 2739 3511 γάρδιαφέ
2750 3458 2862 3513 ρειν
2882 3441 2943 3493 τὸ
2959 3440 3078 3494 ὅλον
3104 3441 3199 3494 τοῦ
3226 3458 3364 3493 παν-

1780 3530 1894 3595 τός.
1930 3530 2068 3584 Ἀλλ’
2087 3532 2188 3586 οὐκ
2211 3523 2550 3605 ἀπειρον,ὼς
2582 3534 2924 3604 Ἐπίκουρος.
2961 3534 3057 3586 καὶ
3089 3536 3137 3586 οἰ
3164 3532 3362 3585 λοιποί.

1796 3621 1949 3675 Ἐπεὶ
1978 3623 2035 3676 δὲ
2074 3626 2448 3696 ωμμεμίχθαι
2480 3624 2557 3695 τῷ
2587 3624 2735 3678 ὕδατι
2773 3625 2869 3696 τὴν
2900 3624 3005 3695 γῆν
3038 3641 3239 3693 φαμεν,
3269 3639 3365 3674 τυ-

1784 3713 1896 3785 χὼν
1935 3716 1981 3747 ³³
2013 3717 2337 3789 ἀμφοτέρων
2366 3718 2575 3789 ποίημα
2603 3714 2672 3789 ἦν
2706 3719 2734 3770 ὁ
2756 3716 3073 3789 ἄνθρωπος,
3105 3714 3364 3778 Ἠσίοδος

1786 3806 1977 3860 Γαῖαν
1995 3807 2123 3862 ὕδει
2146 3811 2377 3879 φύρειν,
2403 3810 2473 3863 ὲν
2500 3792 2553 3863 δῖ
2583 3808 2894 3879 ἀνθρώπου
2935 3806 3113 3879 θέμεν
3149 3806 3365 3873 αὐδήπ

1787 3897 2068 3952 Καὶτοῦτό
2098 3900 2247 3955 ἐστιν
2278 3903 2306 3954 ὁ
2341 3900 2509 3972 μῦθος
2532 3902 2561 3954 ό
2596 3901 2949 3973 Προμηθέως.

2210 4015 2282 4066 Εἰ
2308 4010 2419 4073 ζῶα
2454 4012 2654 4083 τρέφει
2692 4016 2726 4067 ό
2751 4012 2945 4081 αἰθήρ.

1858 4120 1921 4174 δ’.
1960 4120 2019 4174 ὐ
2046 4122 2146 4193 μὲν
2188 4126 2419 4195 ποιητής
2467 4142 2568 4178 που
2598 4123 2745 4192 λέγει
2774 4123 2847 4176 δι’
2877 4121 3107 4190 αἰθέρος
3130 4120 3372 4192 ἀτρυγέ-

1790 4229 1934 4269 τοιο.
1968 4214 2195 4282 ’Λγονον
2222 4216 2318 4268 καί⁵
2370 4216 2639 4286 ἄκαρπον,
2684 4215 2759 4278 ὥς
2798 4231 2942 4277 τινες
2991 4214 3153 4267 αὑτὸν
3206 4216 3372 4267 αἰνιτ-

1792 4306 2036 4376 τόμενοι*
2073 4305 2120 4337 ³⁸
2166 4305 2237 4378 ἧς
2268 4305 2492 4377 γνώμης
2533 4305 2830 4359 κινδυνεύει
2881 4305 2973 4358 καὶ
3025 4308 3053 4359 ό
3109 4306 3372 4378 Πίνδαρος

1796 4392 1958 4463 εἶναι,
2006 4396 2214 4467 λέγων’
2261 4397 2483 4468 ἐρήμας
2516 4397 2589 4450 δι’
2638 4396 2892 4465 αἰθέρος.
2940 4396 3280 4469 Εὑρίσκομεν
3315 4397 3373 4450 δὲ

1721 4476 1769 4535 υ
1797 4488 1959 4542 αὐτὸν
2010 4487 2396 4557 ζωογονοῦντα,
2448 4489 2543 4542 καὶ
2596 4487 2711 4552 ζῶα
2737 4488 2947 4559 ἔχοντα,
2975 4488 3210 4559 μάλιστα
3249 4490 3375 4553 τοὺς

1800 4579 2097 4649 πλάνητας,
2131 4580 2219 4635 διά
2237 4581 2298 4633 rb
2323 4580 2696 4652 αὐτοκίνητον.
2731 4582 2842 4634 Kal
2868 4580 3137 4652 Ὄμηρος,

1812 4692 2054 4759 Ἠέλιος,
2108 4692 2177 4759 ὃς
2219 4693 2392 4748 πάντ’
2430 4692 2670 4765 ἐφορᾷς,
2697 4693 2795 4748 καί
2828 4693 3001 4747 πάντ’
3039 4693 3375 4760 ἐπακούεις,

1800 4805 1940 4871 ζῶον
1983 4805 2152 4860 εἰπὼν
2205 4807 2373 4874 ἔδειξε
2413 4807 2504 4860 τὸν
2533 4806 2703 4878 ἣλιον·
2743 4806 2808 4859 Τί
2833 4800 2926 4859 οῦν
2952 4804 3182 4876 λέγομεν
3210 4804 3378 4876 ἀτρύ-

1799 4913 1985 4967 γετον;
2018 4898 2078 4950 ού
2116 4897 2178 4950 rb
2220 4897 2489 4969 ἄκαρπον.
2523 4898 2634 4951 Kal
2671 4895 2780 4967 γάρ
2816 4895 2987 4965 γῆν...
3037 4894 3180 4947 ἔοικε
3208 4893 3381 4947 δὲκαὶ

1799 4991 1887 5044 διὰ
1938 4989 2034 5061 τὴν
2077 4988 2230 5055 τάξιν
2270 4987 2364 5042 τοῦ
2414 4987 2613 5051 παντὸς
2645 4987 2742 5040 καὶ
2780 4987 2879 5057 τὴν
2917 4983 3098 5054 φύσιν.
3133 4983 3380 5053 Ὅμηρος

1807 5076 1900 5134 οὖν
1955 5080 2294 5150 καταμιγνὺς
2351 5078 2414 5132 rb
2468 5077 2714 5148 μυθῶδες
2763 5075 2843 5147 τῷ
2898 5071 3113 5145 φυσικῷ
3140 5089 3156 5103 ·
3209 5074 3238 5126 ό
3271 5072 3381 5143 γὰρ

1805 5169 1960 5231 Ζεὺς,
2003 5168 2062 5220 ὃν
2116 5184 2294 5238 φαμεν
2327 5162 2466 5220 εἶναι
2494 5167 2589 5220 τοῦ
2624 5165 2824 5230 παντὸς
2858 5161 3208 5236 δημιουργὸν,
3243 5162 3382 5233 πρὸς

1806 5259 1897 5312 τὸν
1924 5258 2062 5329 ἀέρα
2089 5257 2188 5328 τὴν
2210 5258 2389 5328 ’Ἥραν
2422 5257 2603 5326 λέγει’

1810 5353 1882 5404 Ἦ
1904 5353 1975 5404 οὐ
2006 5349 2224 5420 μέμνῃ,
2251 5350 2349 5404 ὅτε
2371 5352 2419 5403 τ’
2442 5350 2665 5420 ἐκρέμω
2687 5350 2939 5420 ὑψόθεν,
2962 5348 3036 5420 ᾼὲκ
3063 5347 3133 5420 δέ
3149 5345 3387 5420 ποδοῖιν

1812 5416 2102 5489 Ἀκμοναξ·
2129 5416 2247 5491 ἧκα
2282 5421 2423 5489 δύω,
2463 5416 2597 5489 περὶ
2624 5416 2798 5489 χερσί
2841 5420 2910 5473 δὲ
2946 5418 3174 5488 δεσμὸν
3206 5416 3384 5484 (nia;

1808 5530 1921 5583 ἔστι
1959 5530 2058 5601 μὲν
2078 5530 2183 5603 γὰρ
2205 5532 2234 5584 ό
2261 5531 2605 5603 κρεμάμενος
2640 5530 2748 5602 ἀὴρ
2776 5532 2926 5604 Ἦρα
2944 5547 2958 5561 ·
2984 5530 3035 5584 οἱ
3054 5529 3120 5583 δὲ
3150 5528 3386 5599 ἄκμονες

200 5653 243 5727 ’ξ
272 5652 621 5727 [ηκαλεῖται.
697 5652 741 5684 ³³
774 5650 894 5723 Leg.
933 5654 1127 5725 δῶμεν.
1206 5653 1249 5685 ³³
1280 5652 1320 5723 Ῑ.
1351 5653 1606 5723 ὲνεῖρται.
1686 5654 1730 5686 ³⁸
1831 5654 1936 5727 γῆν
1958 5656 2123 5721 νήστη
2151 5664 2203 5705 οι.
2236 5655 2469 5725 ἐπέχειν.
2509 5655 2552 5687 ³⁸
2584 5653 2626 5722 f.
2658 5652 2845 5723 τυχόν,
2874 5668 3001 5710 mox
3020 5650 3096 5715 ὥς
3125 5648 3384 5711 Ἡσίοδος.

136 5720 181 5753 ⁸⁸
272 5720 676 5792 αἰνιττόμενος.
