3816 6314
508 308 629 367 ’909

1482 307 1574 362 AD
1612 306 1881 363 EUSEBII
1909 306 2303 365 CHRONICON
2343 305 2705 362 APPENDIX.

3646 311 3774 370 {000

520 428 631 480 τῶν
656 424 934 496 στοιχείων
982 423 1053 478 τά
1100 422 1395 497 βαρύτατα,
1424 421 1519 477 τοῦ
1573 424 1734 495 ἀέρος
1773 424 2092 495 ἠρτημένα·
2126 435 2168 488 Α
2198 423 2440 494 ἀλλήλων
2475 422 2722 492 κείμενα,
2751 419 3027 492 Καρκίνος
3058 419 3365 493 Ᾱίγόκερῳ,
3398 421 3579 492 Χηλαὶ
3607 423 3768 496 Κριῷ.

518 518 552 570 6
579 515 634 569 δὲ
658 513 858 588 χρυσὸς
885 513 928 546 ³⁷
961 514 1160 585 δεσμὸς
1188 513 1298 568 τῶν
1328 512 1528 585 χειρῶν
1548 514 1609 568 τὸ
1635 514 1767 585 πῦρ.
1788 514 2099 569 Συνδέδεται

520 608 632 680 γὰρ
681 607 761 679 τῷ
811 606 989 680 αἰθέρι
1030 608 1093 660 τὸ
1130 608 1257 662 πᾶν.
1292 608 1416 662 Ζῶα
1444 607 1501 661 δὲ
1525 608 1622 661 τοῦ
1650 610 1814 681 ἀέρος
1843 607 1911 662 τὰ
1935 611 1993 662 ὲν
2023 610 2100 680 τῷ

521 699 645 773 ἀέρι
671 700 949 772 φερόμενα
980 700 1425 772 αὐτομολήσαντα
1458 702 1595 774 πρὸς
1621 701 1682 755 τὸ
1708 704 1905 773 φυσᾷν.

1103 812 1243 883 Περί
1266 814 1526 869 κύκλων.

521 927 534 962 ⁸
594 932 657 981 ε’.
689 926 895 981 Κύκλοι
922 927 979 981 δέ
1007 928 1112 981 εἰσι
1144 928 1236 982 τὸν
1256 926 1486 999 ἀριθμὸν
1521 934 1617 981 ια’·
1644 927 1936 999 ἀρκτικὸς,
1976 929 2100 982 ἀντ-

522 1019 802 1092 αρκτικὸς,
846 1022 1096 1093 τροπικοὶ
1119 1020 1234 1083 δύο,
1268 1020 1603 1093 ἰσημερινὸς,
1632 1019 1848 1092 ὁρίζων,
1882 1037 2099 1093 μεσημ-

522 1112 727 1185 ϐρινὸς,
782 1112 1065 1179 ζωδιακὸς,
1095 1112 1380 1182 γαλαξίας,
1427 1112 1674 1185 κόλουροι
1720 1112 1832 1167 δύο.
1870 1114 2097 1185 Μνημο-

520 1203 691 1259 νεύων
713 1204 769 1259 δὲ
793 1204 973 1259 αὐτῶν
996 1206 1250 1276 Ἄρατος,
1279 1202 1579 1274 ούθετέρως
1616 1204 1813 1269 αὐτοὺς
1851 1205 2024 1259 καλεῖ·

770 1378 785 1392 .
877 1376 893 1391 .
971 1376 989 1392 .
1060 1373 1077 1389 .
1150 1336 1357 1404 ἄρκιος
1383 1336 1520 1403 εἵην

535 1406 869 1464 Ἅπλανέων
880 1407 956 1461 τά
972 1423 1034 1460 τε
1052 1403 1250 1461 κύκλα
1277 1406 1351 1461 τά
1366 1407 1413 1460 τ’
1423 1405 1552 1475 ἠέρι
1565 1404 1781 1476 σήματ’
1801 1403 2094 1460 ἐνισπεῖν.

534 1519 800 1574 Ἑπαινῶν
827 1519 884 1574 δὲ
907 1518 1086 1574 αὐτῶν
1115 1518 1214 1591 τὴν
1247 1519 1470 1591 ἰσότητα
1498 1519 1598 1592 τῆς
1629 1517 1989 1591 δημιουργίας
2007 1534 2025 1553 ·

522 1636 648 1707 ρὺκ
677 1633 754 1688 ἂν
783 1634 1101 1707 Ἀθηναίης
1130 1634 1307 1707 (φησι)
1330 1630 1547 1703 χειρῶν
1560 1630 1926 1702 δεδαημένος
1942 1630 2096 1699 ἀνὴρ

523 1702 708 1774 "Allia
747 1703 1133 1774 κοσμήσειεν.
1165 1702 1182 1759 ζ
1213 1702 1240 1759 ’.

517 1817 643 1870 Εἰσὶ
658 1817 715 1871 δὲ
739 1812 883 1872 οὗτοι
901 1834 914 1848 ·
938 1819 1216 1890 ἀρκτικὸς,
1235 1818 1445 1892 θερινὸς
1468 1818 1744 1891 τροπικὸς,
1765 1821 1984 1889 ἰσημερι

519 1908 831 1979 χειμερινὸς
887 1910 1165 1978 τροπικὸς,
1208 1911 1588 1982 ἀνταρκτικός.
1634 1904 1793 1963 Οὗτοι
1835 1909 1886 1960 οἰ
1938 1907 2096 1960 πέντε

521 2000 854 2072 παράλληλοι
923 2001 1211 2055 καλοῦνται
1243 2002 1330 2056 διὰ
1382 2002 1481 2073 τὴν
1518 2002 1669 2067 τάξιν
1713 2001 1812 2071 τῆς
1858 2000 2092 2063 θέσεως·

522 2095 731 2145 κεῖνται
748 2092 857 2163 γὰρ
889 2094 1248 2166 παραλλήλως
1272 2093 1490 2165 ἑφεξῆς.
1522 2095 1579 2148 Ὀ
1606 2094 1703 2165 μὲν
1720 2088 1812 2146 οὖν
1840 2090 2098 2163 ἀρκτικὸς

519 2187 550 2238 6
579 2184 692 2238 ἄνω
726 2184 860 2257 πρὸς
890 2185 967 2255 τῷ
999 2186 1155 2259 ἄκρῳ
1186 2185 1279 2240 τοῦ
1312 2185 1498 2252 ἄξονος
1528 2185 1605 2257 τῷ
1639 2184 1828 2256 ὑψηλῷ
1856 2184 2097 2237 καλεῖται

521 2277 663 2330 κατά
693 2294 865 2343 τινας,
913 2278 996 2330 ὃτι
1025 2279 1242 2349 πρῶτος
1276 2277 1536 2349 ἄρχεται·
1581 2276 1641 2329 τὸ
1680 2276 1726 2329 δ’
1761 2273 1978 2345 ἀληθὲς,
2016 2274 2097 2327 ὅτι

519 2368 579 2420 ὲν
628 2367 777 2440 αὐτῷ
810 2367 909 2433 τὰς
953 2368 1292 2440 καλουμένας
1318 2370 1586 2439 Ἀρκτους
1620 2366 1754 2439 ἔχει.
1818 2364 2096 2419 Ἐντεῦθεν

522 2458 865 2531 μανθάνομεν
896 2459 956 2514 τὸ
989 2461 1138 2533 παρὰ
1166 2460 1245 2532 τῷ
1278 2463 1512 2532 ποιητῇ·

520 2550 771 2632 Ἀρκτοις
790 2552 877 2632 θ’,
898 2548 979 2618 ἢν
1001 2550 1099 2632 καί
1127 2550 1749 2632 Ἀμαξαηέπίκέησιν
1770 2545 2097 2632 καλέουσιν

520 2617 595 2672 Ἦ
626 2619 674 2672 τ’
696 2620 881 2675 αὐτοῦ
929 2617 1274 2688 στρέφεται,
1307 2621 1408 2673 καί
1453 2622 1502 2673 τ’
1564 2620 1806 2687 Ὠρίωνα
1839 2617 2091 2671 δοκεύει.

513 2689 628 2757 οἵη
657 2689 709 2742 δ’
734 2690 998 2760 ἄμμορός
1017 2692 1147 2744 ἐστι
1164 2689 1427 2759 λοετρῶν
1472 2688 1793 2743 Ὠκεανοῖο.

512 2775 667 2835 υῦσα
694 2781 801 2853 γὰρ
826 2782 883 2834 ἐν
912 2781 990 2852 τῷ
1015 2781 1280 2854 ἁρκτικῷ,
1298 2782 1373 2845 ὼς
1404 2780 1721 2852 ὁρῷμεν,οὑ
1745 2777 2090 2833 καταδύεται.

529 2871 619 2936 Ὠς
668 2874 726 2927 δὲ
782 2876 815 2945 ἡ
860 2874 1021 2946 χάρις
1064 2874 1229 2944 φησὶν
1278 2876 1310 2945 ή
1346 2874 1624 2945 ποιητικὴ,
1663 2876 1720 2927 ὲν
1764 2871 2002 2942 Ὠκεανῷ
2033 2874 2093 2925 ού

514 2955 749 3010 λούεται.
804 2958 1087 3030 Ζητοῦμεν
1144 2955 1236 3013 οὖν
1280 2959 1399 3023 πῶς
1435 2961 1602 3030 μόνην
1647 2958 1815 3029 αὐτὴν
1846 2954 1967 3011 εἷπε
2019 2959 2092 3029 μὴ

515 3047 786 3114 λούεσθαι,
813 3050 1060 3104 τουτέστι
1091 3050 1477 3113 καταδύεσθαι,
1524 3053 1619 3105 καὶ
1650 3051 1744 3105 τοῦ
1768 3051 2090 3121 Δράκοντος,

2212 516 2269 568 '0
2295 515 2349 568 δὲ
2377 514 2572 586 ὁρίζων
2591 514 2805 582 λέγεται
2829 513 3150 585 μὲν,ὲπειδὴ
3164 513 3390 584 διορίζει
3415 514 3561 570 κατὰ
3586 514 3771 581 πλάτος

2197 608 2266 661 τὰ
2295 606 2387 659 δύο
2407 605 2760 677 ἡμισφαίρια,
2794 602 3080 673 διάζωσμα
3103 603 3179 658 ὢν
3202 604 3297 679 τού
3313 605 3551 677 ούρανοῦ
3572 622 3586 637 ·
3608 608 3768 660 κεῖται

2197 698 2253 751 δὲ
2278 697 2383 765 ἔξω
2396 699 2495 767 τῆς
2518 698 2755 769 σφαίρας
2772 713 2785 727 ·
2804 697 2883 760 ὼς
2904 697 3043 769 πρὸς
3073 697 3174 769 τὴν
3216 698 3498 770 ἡμετέραν
3522 698 3661 769 δψιν.
3704 702 3769 753 Τὸ

2197 789 2241 843 δ’
2268 789 2486 863 ἀληθὲς,
2510 789 2589 862 τῷ
2618 790 2695 862 νῷ
2716 790 2874 845 αὑτὸν
2903 789 3011 844 ἔσω
3027 790 3111 844 δεῖ
3140 789 3481 858 παραλαϐεῖν
3507 791 3764 862 κείμενον.

2198 882 2260 935 Οἰ
2283 881 2341 935 δὲ
2370 876 2590 952 ποιηταὶ
2630 880 2880 936 Ὠκεανὸν
2894 881 3055 936 αὑτὸν
3076 880 3331 937 καλοῦσιν
3352 898 3368 912 ·
3400 881 3432 934 6
3452 880 3587 951 γοῦν
3605 883 3765 951 Εὐφο-

2201 973 2331 1045 ρίων
2360 974 2522 1044 φησίν
2543 991 2556 1005 ·

2210 1109 2507 1176 Ὠκεανὸς,
2546 1109 2627 1175 τῷ
2664 1108 2831 1164 πᾶσα
2884 1109 3234 1178 περίρρυτος
3268 1107 3575 1162 ἐνδέδεται
3597 1107 3757 1177 χθών.

2210 1221 2268 1273 '0
2295 1218 2354 1272 δὲ
2395 1218 2767 1292 μεσημϐρινὸς
2819 1218 3062 1273 καλεῖται
3123 1218 3221 1289 μὲν
3248 1216 3448 1283 οὕτως,
3487 1218 3571 1271 ὅτι
3606 1216 3758 1287 ἥλιος,

2197 1315 2256 1368 ὲν
2279 1312 2353 1384 τῷ
2376 1310 2625 1384 ζωδιακῷ
2653 1312 2837 1384 κύκλῳ
2864 1312 3182 1385 φερόμενος,
3211 1311 3342 1365 ὅταν
3374 1309 3603 1380 γένηται
3633 1310 3761 1363 κατὰ

2200 1403 2565 1476 μεσημϐρίαν,
2586 1404 2774 1457 τούτου
2787 1403 3037 1457 ἆπτεται·
3059 1401 3310 1456 τοσοῦτον
3329 1401 3441 1473 γὰρ
3456 1402 3646 1472 ἀπέχει
3670 1401 3759 1471 τῆς

2198 1494 2512 1559 ἀναϐάσεως
2526 1495 2649 1548 ὅσον
2666 1494 2766 1565 τῆς
2791 1492 3161 1557 καταϐάσεως.
3172 1492 3330 1545 Ἔστι
3344 1492 3403 1546 δὲ
3419 1493 3449 1545 6
3471 1492 3664 1563 χαλκὸς
3678 1493 3705 1544 ὁ
3720 1491 3761 1523 ⁸⁸

2196 1586 2379 1658 κύκλῳ
2399 1586 2457 1641 ὲν
2474 1588 2543 1658 τῇ
2564 1585 2768 1657 σφαίρᾳ
2784 1584 3159 1657 περικείμενος
3177 1583 3264 1637 διὰ
3282 1584 3377 1637 τοῦ
3393 1583 3583 1650 ἄξονος
3599 1584 3758 1654 ὲμπέυ

2195 1696 2391 1750 πηγεν.
2421 1679 2478 1732 Ὀ
2495 1678 2551 1731 δὲ
2577 1677 2838 1743 ζωδιακὸς
2859 1676 3101 1730 καλεῖται
3122 1677 3241 1747 μὲν,
3258 1675 3450 1747 ἐπειδὴ
3472 1678 3532 1729 ὲν
3547 1675 3688 1729 αὑτῶ
3700 1677 3760 1727 τὰ.

1986 1816 2093 1879 νὸς,
2128 1791 2170 1847 Β
2201 1767 2266 1839 ιβ’
2284 1767 2446 1833 ζὼδια
2462 1767 2595 1840 ἔχει·
2612 1768 2722 1838 ἔχει
2736 1767 2792 1820 δὲ
2809 1766 3127 1879 ἐγχαράξρις
3138 1770 3304 1839 τρεῖς,
3323 1767 3391 1831 ἀς
3404 1766 3618 1879 οἱμαθη
3627 1785 3759 1837 ματι-

2196 1864 2282 1917 κοί
2294 1862 2503 1926 ταινίας
2520 1860 2764 1914 καλοῦσι.
2779 1859 2993 1923 Πλατὺς
3004 1858 3061 1911 δέ
3073 1860 3239 1912 ἐστιν·
3258 1860 3316 1913 ὲν
3334 1858 3484 1929 αὐτῷ
3498 1858 3605 1929 γὰρ
3621 1859 3757 1931 ρε-

2196 1954 2323 2007 ταιό
2344 1953 2493 2023 ἣλιος
2508 1950 2731 2013 πλατύς.
2766 1950 2860 2015 Ὧς
2887 1966 3018 2019 φασι
3034 1950 3090 2003 δὲ
3117 1951 3167 2001 οἱ
3188 1950 3530 2021 ἀστρολόγοι,
3564 1952 3612 2002 εἰ
3640 1965 3754 2002 ποτε
3779 1969 3791 1991 ι

2198 2046 2489 2116 παραρρυῇ
2518 2060 2572 2096 τι
2613 2042 2722 2095 τῶν
2751 2041 2971 2096 ταινιῶν
3019 2043 3052 2112 ἡ
3082 2040 3175 2095 τοῦ
3211 2041 3365 2112 ἡλίου
3410 2041 3573 2114 φορὰ,
3609 2042 3754 2112 τέρας

2196 2132 2335 2190 εἶναι
2365 2135 2485 2188 τότε
2516 2135 2577 2187 τὸ
2608 2132 2965 2204 γεννώμενον.
2998 2134 3154 2187 Ἐστι
3181 2132 3239 2186 δὲ
3270 2135 3301 2187 6
3334 2135 3754 2204 κατακεχρισμὲ-

2195 2245 2283 2292 νος
2312 2230 2369 2281 ἐν
2429 2229 2494 2297 τῇ
2545 2226 2751 2296 σφαίρᾳ
2778 2223 2933 2296 κηρῷ
2977 2224 3391 2295 μεμιλτωμένῳ.
3434 2226 3494 2277 '0
3521 2224 3577 2277 δὲ
3605 2224 3755 2292 γαλα-

2198 2319 2316 2384 ξίας
2340 2317 2582 2372 καλεῖται
2620 2319 2738 2389 μὲν,
2773 2316 2849 2379 ὡς
2876 2317 2927 2368 οί
2955 2314 3114 2387 μῦθοί
3135 2332 3299 2385 φασιν
3321 2331 3334 2344 °
3377 2318 3427 2370 οἰ
3463 2317 3561 2386 μὲν
3600 2316 3752 2387 Ἦρα-

2195 2411 2351 2477 κλέα,
2380 2413 2429 2464 οί
2490 2411 2548 2465 δὲ
2608 2409 2839 2482 Ἑρμῆν,
2873 2408 2961 2462 ὅτε
3012 2408 3315 2480 προσετέθη
3361 2407 3442 2479 τῷ
3490 2408 3640 2480 μαζῷ
3668 2410 3753 2478 τῆς

2197 2506 2376 2578 Ἥρας
2404 2504 2510 2557 ὑπὸ
2534 2502 2628 2557 τοῦ
2666 2503 2806 2569 Διὸς,
2834 2502 2921 2555 ἴνα
2940 2501 3183 2571 κλέψειεν
3210 2501 3240 2554 6
3272 2500 3409 2565 Θεὸς
3431 2505 3545 2566 τοῖς
3567 2501 3753 2563 τέκνοις

2195 2596 2493 2660 ἀθανασίας
2518 2597 2756 2669 τροφήν·
2787 2597 2821 2667 ἡ
2857 2594 2934 2660 δὲ,
2959 2595 3081 2647 ἐπεὶ
3113 2592 3396 2665 ἐξανέστη,
3426 2593 3751 2669 ἠγανάκτησε

2196 2690 2332 2761 πρὸς
2390 2689 2489 2761 τὴν
2543 2668 2785 2759 κλοπὴν,
2847 2689 2942 2742 καὶ
2996 2687 3095 2760 τὴν
3146 2686 3313 2759 θηλὴν
3357 2686 3457 2742 τοῦ
3506 2668 3751 2759 στόματος

2194 2782 2481 2835 ἀπέσπασε
2523 2780 2634 2852 βία,
2666 2779 3011 2851 ὲκμυζῶντος
3038 2779 3228 2834 ἕτιτοῦ
3256 2780 3474 2835 παιδίου
3497 2796 3512 2812 ο
3542 2780 3615 2843 ὼς
3645 2778 3749 2832 τότε

2194 2873 2259 2942 τῇ
2287 2870 2423 2942 θηλῇ
2452 2871 2573 2942 ῥέον
2599 2869 2677 2939 τῷ
2699 2869 2910 2941 οὐρανῷ
2931 2869 3116 2941 κύκλῳ
3141 2870 3440 2942 περιχυθὲν
3460 2869 3749 2924 ἐκτυπῶσαι

2193 2964 2254 3016 τὸ
2283 2963 2469 3035 σχῆμα
2507 2962 2620 3032 τῆς·
2637 2964 2834 3035 ἐκροῆς
2853 2980 2866 2995 ·
2897 2962 2957 3016 τὸ
2984 2962 3042 3015 δὲ
3083 2962 3299 3035 ἀληθὲς,
3335 2962 3429 3016 διὰ
3458 2963 3555 3036 τὴν
3586 2961 3754 3016 λευκό-

2193 3072 2332 3125 τητα
2386 3055 2706 3125 φερωνύμου
2766 3055 3135 3128 προσηγορίας
3189 3054 3399 3125 ἔτυχεν.
3438 3057 3592 3109 Ἔστι
3630 3054 3684 3108 δὲ
3728 3056 3752 3106 ὁ

513 3141 826 3213 καὶμέρους
856 3141 949 3195 τοῦ
980 3143 1214 3213 Κηφέως
1242 3144 1315 3215 μὴ
1344 3144 1767 3215 καταδυομένου.
1791 3142 2093 3215 Λυθήσεται
2120 3152 2162 3206 C
2194 3146 2696 3217 κατακεχρισμένος
2750 3148 2808 3201 ὲν
2860 3150 2925 3217 τῇ
2962 3146 3167 3218 σφαίρᾳ
3206 3146 3364 3218 κηρῷ
3386 3146 3584 3217 λευκῷ,
3620 3147 3679 3200 Οἰ
3704 3146 3750 3198 δὲ

508 3229 606 3287 οὖν
632 3236 691 3286 τὸ
718 3232 1047 3305 ζητούμενον
1080 3236 1137 3287 ἐν
1167 3235 1246 3305 τῷ
1276 3235 1405 3305 περὶ
1432 3234 1696 3307 ἀρκτικοῦ
1730 3234 1893 3305 λόγῳ,
1930 3234 2091 3298 εὐθὺς

515 3323 654 3395 μετά
676 3324 864 3380 τοῦτον
893 3314 1294 3380 καταϐαίνοντι.
1319 3326 1506 3379 Ἔστιν
1539 3329 1567 3379 6
1588 3325 1918 3395 καλούμενος
1943 3324 2090 3397 θερι-

511 3414 601 3478 νὸς
620 3416 900 3488 τροπικὸς,
941 3418 1045 3479 ὅτι,
1092 3417 1383 3487 γενόμενος
1440 3416 1590 3486 ἥλιος
1634 3417 1691 3468 ἐν
1723 3416 2000 3487 Καρκίνῳ,
2032 3415 2091 3478 ὃς

511 3507 688 3558 κεῖται
716 3508 774 3558 ἐν
800 3504 968 3576 αὑτῷ,
1009 3505 1225 3577 θερινὰς
1251 3506 1458 3577 τροπὰς
1489 3510 1752 3559 ποιεῖται·
1789 3505 1930 3559 κατά
1972 3508 2091 3560 Μα-

511 3593 733 3657 κεδόνας
786 3595 883 3665 μὲν
931 3596 1209 3665 Παναίμου
1274 3594 1449 3647 εἰκάδι
1518 3595 1772 3666 τετάρτῃ,
1843 3595 1985 3649 κατά
2030 3594 2086 3647 δὲ

522 3684 907 3758 Ἀλεξανδρέας
963 3687 1150 3755 Ἐπιφὶ
1196 3689 1435 3759 τετάρτῃ
1476 3686 1669 3740 εἰκάδι.
1721 3685 1855 3756 Περὶ
1898 3684 2086 3738 τούτου

508 3779 675 3847 φησὶν
703 3779 934 3849 ¹Ἄρατος
949 3794 967 3810 ο

506 3887 624 3958 96
654 3889 760 3943 τοῦ
778 3888 896 3958 μέν
927 3906 992 3943 τε
1019 3889 1093 3943 δι’
1111 3888 1263 3943 ὀκτὼ
1288 3890 1683 3958 μετρηθέντος

512 3964 698 4012 Πέντε
719 3961 837 4029 μὲν
860 3959 1027 4013 ἐνὸια
1053 3963 1369 4029 στρέφεται
1400 3960 1801 4028 καθινπέρτερα
1821 3960 2015 4028 γαίης,

517 4028 595 4082 Τὰ
621 4028 753 4097 τρία
774 4029 827 4082 δ’
847 4030 918 4083 ἐν
936 4030 1183 4100 περάτῃ.
1204 4028 1427 4098 ίΘέρεος
1456 4030 1523 4083 δέ
1549 4032 1602 4083 οἱ
1623 4031 1903 4097 ἐντροπαί
1914 4033 2052 4083 εἰσι.

507 4143 664 4197 Μετὰ
708 4140 898 4196 τοῦτον
939 4140 1343 4196 ὑποκαταϐάντι
1381 4141 1526 4193 ἐστὶν
1563 4142 1592 4192 ὁ
1636 4139 1967 4210 καλούμενος
2009 4141 2088 4191 ἱσ-

505 4234 796 4307 ημερινὸς’
818 4236 900 4290 ὅτι
922 4237 950 4289 6
969 4235 1139 4307 ἥλιος,
1164 4237 1220 4288 ὲν
1247 4233 1327 4307 τῷ
1354 4232 1603 4304 ζωδιακῷ
1635 4232 1820 4304 κύκλῳ
1853 4234 2086 4305 φερόμε-

505 4344 616 4391 νος,
638 4328 766 4380 ὃταν
809 4328 949 4381 κατὰ
1005 4328 1177 4399 Κριὸν
1205 4327 1455 4398 γένηται,
1488 4327 1522 4397 ἢ
1566 4325 1708 4381 κατά
1740 4324 1947 4397 Χηλὰς,
1986 4325 2087 4389 τὰς

500 4419 843 4490 καλουμένας
872 4420 964 4473 ὑπ’
1000 4420 1313 4489 Αἰγυπτίων
1348 4419 1549 4487 Ζυγὸν,
1586 4419 1875 4489 ἰσημερίαν
1903 4420 2081 4471 ποιεῖ’

2194 3239 2438 3311 κόλουροι
2489 3238 2738 3306 λέγονται
2800 3238 2918 3309 μὲν,
2956 3239 3037 3291 ὅτι
3068 3238 3131 3291 τὸ
3168 3238 3466 3293 καταδύνον
3486 3238 3657 3292 αὐτῶν
3685 3240 3751 3297 εἰς

2191 3325 2281 3377 τὸν
2314 3325 2675 3395 ἀνταρκτικὸν
2719 3325 2922 3395 ἀφανὲς
2954 3325 3034 3389 ὃν,
3068 3324 3362 3397 ὁλόκληρον
3407 3326 3566 3398 ἡμῶν
3614 3327 3747 3396 γενέ-

2193 3410 2314 3463 σθαι
2359 3409 2570 3463 κολούει
2608 3412 2676 3442 ⁸⁸·
2697 3412 2793 3482 τὴν
2834 3410 2990 3464 θέαν·
3042 3413 3089 3465 εἰ
3124 3413 3181 3466 δὲ
3217 3408 3358 3483 ἦσαν
3386 3416 3663 3485 τέσσαρες,
3688 3412 3749 3471 ὥς

2191 3502 2323 3571 φασί
2347 3518 2510 3565 τινες,
2541 3503 2709 3574 μέχρι
2732 3502 2823 3556 τοῦ
2857 3502 3144 3573 βλέποντος
3190 3504 3633 3577 ἁπαρτιζόμενοι,
3668 3505 3749 3555 οὐκ

2189 3594 2254 3648 ἂν
2279 3590 2418 3666 ἦσαν
2447 3595 2715 3666 κόλουροι.
2752 3596 2815 3649 Ei
2840 3596 2897 3649 δέ
2924 3613 3009 3659 τις
3030 3595 3200 3665 λέγοι,
3217 3598 3311 3650 καί⁸
3332 3597 3444 3669 γὰρ
3461 3597 3568 3651 τῶν
3596 3597 3751 3650 ἄλλων

2187 3686 2401 3739 κύκλων
2439 3685 2511 3739 τὰ
2538 3686 2643 3739 ὑπὸ
2669 3687 2771 3759 γῆν
2794 3688 2855 3740 οὑ
2879 3687 3161 3757 φαίνονται
3184 3705 3199 3720 ·
3231 3687 3375 3743 ὥστε
3407 3691 3644 3743 κάκεῖνοι
3670 3687 3748 3741 κό-

2186 3778 2367 3850 λουροι
2391 3794 2406 3808 ⁶
2440 3780 2592 3845 ῐστω,
2627 3781 2731 3844 ὅτι,
2762 3779 2871 3834 τῶν
2896 3781 2994 3852 μὲν
3048 3781 3143 3835 τοῦ
3182 3782 3348 3837 πόλου
3377 3782 3746 3855 στρεφομένου,

2188 3869 2370 3924 καὶτὰ
2404 3872 2510 3924 ὑπὸ
2540 3872 2642 3942 γῆν
2683 3870 3013 3943 ὀφθήσεται,
3047 3873 3155 3926 τῶν
3183 3873 3240 3927 δὲ
3273 3873 3548 3946 κολούρων
3580 3871 3668 3925 καὶ
3698 3874 3746 3920 ἐν

2186 3966 2307 4027 ταῖς
2358 3962 2452 4016 τοῦ
2508 3963 2671 4016 πόλου
2713 3967 2975 4035 στροφαῖς
3034 3965 3105 4019 τὰ
3156 3966 3214 4019 ὲν
3244 3965 3322 4037 τῷ
3357 3968 3554 4035 ἀφανεῖ
3586 3965 3742 4030 πάντη

2188 4055 2535 4109 καταδέδυκε.
2572 4054 2788 4110 Τούτων
2816 4056 2927 4110 τῶν
2952 4062 3019 4111 ια’
3034 4057 3155 4129 διχῇ
3177 4056 3445 4127 τέμνουσι
3475 4057 3571 4128 τὴν
3608 4056 3741 4124 σφαί-

2190 4166 2288 4220 ραν
2324 4148 2463 4201 οἵδε·
2492 4148 2708 4220 ὁρίζων,
2743 4150 3134 4221 μεσημϐρινὸς,
3166 4147 3451 4217 ζωδιακὸς,
3484 4147 3737 4218 γαλαξίας.

2190 4240 2524 4311 ἰσημερινὸς,
2559 4242 2608 4293 οἰ
2653 4239 2748 4294 δύο
2788 4241 3180 4314 κόλουροι,καί
3209 4243 3239 4295 6
3264 4242 3596 4313 ίσημερινὸς.
3622 4240 3740 4293 καὶὸ

2185 4330 2408 4405 ὁρίζων,
2455 4332 2548 4386 καὶ
2600 4332 2972 4404 μεσημϐρινὸς
3004 4331 3188 4404 κύκλῳ
3236 4332 3515 4404 φέρονται,
3538 4332 3625 4386 καὶ
3646 4331 3739 4383 ἴσον

2185 4423 2251 4491 τῇ
2291 4422 2572 4493 μεταφορᾷ
2600 4420 2693 4474 τὸν
2724 4420 2923 4475 κύκλον
2967 4422 3181 4493 ἔχουσιν
3201 4438 3217 4452 ’
3255 4420 3375 4476 ἀλλ’
3404 4423 3481 4487 ὡς
3504 4421 3632 4494 πρὸς
3656 4420 3738 4487 τὴν

502 4511 652 4579 ἅπαξ
686 4512 784 4583 μὲν
840 4511 1102 4583 Φαμενὼθ
1161 4510 1335 4565 εἰκάδι
1373 4510 1610 4584 τετάρτη
1631 4531 1643 4542 ·
1674 4509 1921 4563 τουτέστι
1952 4509 2086 4580 Γορ-
2116 4499 2161 4555 Ῑ)
2188 4511 2338 4565 θέσιν
2362 4512 2465 4583 τῆς
2500 4513 2737 4586 σφαίρας
2771 4514 2878 4567 εἰσὶ
2918 4513 3082 4579 λοξοί.
3125 4515 3183 4567 '0
3211 4514 3345 4582 γοῦν
3372 4513 3626 4579 ζωδιακὸς
3657 4510 3735 4564 καὶ

503 4602 712 4657 πιαίου.
759 4602 873 4656 Καὶ
919 4604 977 4656 ὲν
1010 4602 1167 4674 Κριῷ
1199 4602 1296 4674 μὲν
1326 4602 1551 4673 ὲαρινὰς
1585 4604 1730 4655 ποιεῖ
1765 4600 1993 4672 τροπὰς,
2026 4601 2083 4654 ὲν

494 4692 557 4747 δὲ
594 4693 821 4764 Χηλαῖς,
852 4693 972 4765 ἤτοι
1018 4690 1195 4762 Ζυγῷ,
1236 4691 1659 4763 φθινοπωρινάς.
1697 4689 1855 4744 Μετά
1890 4691 2082 4742 τοῦτον

501 4785 619 4836 κατ’
670 4783 918 4836 ἐναντίαν
947 4783 1095 4836 ἐστὶν
1153 4782 1183 4833 6
1221 4781 1556 4851 καλούμενος
1583 4770 1944 4853 ἀνταρκτικὸς
1971 4796 2075 4851 χειο

502 4872 722 4943 μερικὸς
773 4870 1067 4943 τροπικός·
1095 4869 1281 4941 ἐπειδὴ
1316 4870 1468 4941 ἥλιος
1502 4872 1559 4924 ὲν
1609 4872 1891 4945 Αἰγόκερῳ
1920 4872 2079 4941 γενό-

501 4979 683 5031 μενος,
715 4963 775 5025 ὃς
828 4966 1004 5016 κεῖται
1036 4964 1093 5016 ἐν
1119 4962 1291 5032 αὐτῷ,
1320 4964 1636 5035 χειμερινὰς
1673 4969 1815 5018 ποιεῖ
1850 4966 2077 5038 τροπάς.

500 5054 657 5107 Μετά
681 5053 868 5106 τοῦτόν
889 5055 1035 5105 ἐστιν
1065 5054 1096 5105 ὁ
1129 5053 1456 5124 καλούμενος
1489 5056 1925 5127 ἀνταρκτικόςσῆ
1956 5060 2080 5111 ἐπεὶ

499 5145 818 5207 ἀντίκειται,
850 5145 885 5215 ἢ
918 5146 1039 5197 ἐπεὶ
1089 5145 1202 5207 ἴσος
1253 5147 1370 5199 ἐστὶ
1401 5147 1479 5217 τῷ
1530 5148 1796 5220 ἀρκτικῷ.
1824 5149 1979 5202 Ἔστι
2021 5149 2080 5202 δὲ

504 5233 617 5298 ίσος
658 5239 687 5288 6
726 5235 985 5306 ἀρκτικὸς
1015 5234 1093 5306 τῷ
1147 5236 1510 5308 ἀνταρκτικῷ,
1535 5241 1563 5292 ὁ
1595 5239 1901 5310 χειμερινὸς
1942 5256 2076 5309 τροο

499 5326 663 5389 πικὸς
714 5325 793 5396 τῷ
841 5324 1035 5399 θερινῷ
1083 5327 1347 5399 τροπικῷ.
1388 5331 1445 5383 '0
1476 5330 1531 5382 δὲ
1569 5330 1786 5383 πάντων
1822 5329 2023 5401 μείζων
2049 5332 2078 5382 6

2185 4600 2368 4666 λοξίας
2398 4602 2503 4657 ὑπό
2544 4621 2708 4657 τινων
2762 4604 3040 4659 καλεῖται·
3090 4604 3279 4675 ἐπειδὴ
3302 4605 3457 4676 ἥλιος
3481 4604 3573 4668 τὰς
3607 4602 3735 4661 ὁδοὺς

2175 4695 2245 4747 -ὲν
2271 4693 2421 4765 αύτῷ
2454 4696 2743 4765 πορεύεται
2790 4696 2961 4764 λοξός.
3010 4696 3098 4750 Ἐν
3130 4696 3188 4749 δὲ
3215 4695 3295 4766 τῷ
3319 4695 3458 4767 ἡλίῳ
3493 4697 3521 4748 6
3570 4692 3734 4747 Ἀπόλ-

2185 4787 2314 4851 λων,
2343 4787 2402 4852 ὃς
2436 4790 2681 4846 καλεῖται
2711 4789 2907 4856 Λοξίας
2928 4792 3033 4845 ὑπὸ
3053 4791 3168 4845 ’τῶν
3211 4792 3477 4864 ποιητῶν,
3507 4786 3634 4844 εἶναι
3665 4802 3732 4836 m-

2189 4878 2459 4934 στεύεται.
2516 4881 2777 4951 ’Δρχεται
2824 4880 2882 4934 δὲ
2911 4883 2939 4934 6
2967 4879 3232 4945 ζωδιακὸς
3268 4881 3477 4937 ἄνωθεν
3516 4879 3616 4934 ἀπὸ
3650 4874 3731 4928 τοῦ

2187 4967 2400 5040 θερινοῦ
2431 4972 2691 5043 τροπικοῦ
2714 4990 2729 5003 ·
2773 4972 2902 5029 ἔνθα
2933 4974 3145 5044 συνέχει
3174 4974 3267 5030 τὸν
3299 4975 3569 5049 Καρκίνον
3596 4971 3622 5023 6
3648 4968 3731 5022 κύ-

2183 5058 2331 5122 κλος.
2397 5061 2732 5117 Καταϐαίνει
2780 5064 2839 5118 δὲ
2870 5064 3212 5137 λοξούμέενος,
3240 5066 3319 5131 ὡς
3347 5067 3483 5140 πρὸς
3516 5064 3581 5119 τὰ
3602 5059 3728 5116 κάτω
3776 5122 3779 5127 .

2187 5150 2349 5222 μέχρι
2377 5152 2472 5206 τοῦ
2493 5154 2707 5225 θερινοῦ
2738 5158 3021 5229 τροπικοῦ,
3043 5159 3179 5211 ὅπου
3207 5158 3303 5214 τὸν
3331 5159 3525 5215 κύκλον
3546 5152 3725 5221 συνέχει

2182 5241 2515 5312 Λίγόκερως.
2549 5244 2751 5300 Τοῦτον
2772 5247 2864 5300 τὸν
2898 5247 3099 5318 τρόπον
3140 5250 3172 5302 6
3210 5248 3387 5319 ἣλιος,
3416 5250 3490 5313 ὡς
3525 5246 3719 5314 ἔφαμεν,

2182 5330 2409 5401 βαδίζων
2436 5334 2564 5387 δντα
2608 5334 2781 5403 λοξὸν,
2817 5337 2895 5408 πῆ
2920 5339 3015 5409 μὲν
3032 5339 3370 5410 ὑπερπετεῖς
3392 5341 3485 5394 καὶ
3501 5331 3720 5391 πλατείας

503 5417 817 5490 ἰσημερινός
853 5417 967 5470 ἐστι
996 5417 1157 5491 μέσος
1171 5418 1266 5484 ὣν,
1289 5420 1608 5492 ἰσομεγέθης
1635 5420 1710 5474 ὢν
1725 5420 1801 5492 τῷ
1823 5420 2074 5491 ζωδιακῷ
2177 5423 2332 5487 ὁδοὺς
2362 5424 2586 5495 βαδίζει,
2610 5429 2715 5495 τὰς
2746 5431 2878 5495 ἄνω,
2913 5430 3042 5486 ὅταν
3131 5434 3190 5486 ὲν
3216 5435 3497 5507 Καρκίνῳ,
3518 5431 3586 5493 ὡς
3606 5424 3718 5495 πρὸς

500 5510 596 5564 καὶ
632 5509 711 5581 τῷ
768 5508 1021 5581 γαλαξίᾳ.
1071 5512 1228 5564 Ἔστι
1263 5510 1321 5563 δὲ
1364 5510 1532 5576 ζὼδια
1574 5512 1640 5566 τὰ
1669 5512 1808 5566 κατὰ
1840 5511 2070 5566 κάθετον
2176 5511 2239 5566 τὸ
2266 5514 2533 5589 ἡμέτερον
2555 5519 2724 5593 κλίμα
2753 5523 2809 5575 ὲν
2837 5520 3026 5593 ὑψηλῷ
3042 5524 3302 5593 κειμένου
3334 5525 3376 5557 δ’
3395 5538 3412 5555 ·
3443 5521 3517 5591 πῆ
3543 5518 3593 5572 δὲ
3619 5526 3719 5567 στιο

566 5694 612 5729 ⁸⁷
640 5695 683 5763 Ῑ.
710 5695 956 5768 χρυσοῦς.
1045 5697 1089 5729 ³⁸
1122 5698 1162 5767 f.
1194 5699 1271 5761 ὃς.

1352 5698 1414 5730 ³⁸·
1449 5698 1491 5767 Ῐ.
1530 5698 1744 5753 κωλύει.
1784 5698 1940 5753 Εοιτ.
2004 5698 2064 5771 η³⁹
2098 5695 2139 5754 f.
2172 5695 2441 5761 κείμενον.
