3816 6338
453 270 594 331 1003

1432 271 1520 327 AD
1550 266 1818 347 EUSEBII
1856 267 2275 341 CIIRONICO'N~
2291 269 2654 331 APPENDIX.

3539 272 3660 332 ιθοι

451 387 544 444 dio
573 397 626 443 te
654 403 782 461 erga
814 389 1132 467 disciplinas
1158 404 1221 444 ac
1250 389 1524 444 voluntate
1563 403 1687 444 esse
1714 387 2003 444 constanti.

2113 385 2377 459 λομαθίαν
2403 389 2742 453 οίκειώσεως.
2778 388 2858 443 Τά
2873 404 2931 441 τε
2959 386 3066 458 γὰρ
3084 386 3290 459 φυσικά
3304 384 3413 442 τῶν
3430 384 3662 459 ὲπιζητη-

451 479 664 537 Etenim
698 496 819 553 quae
855 481 923 537 de
960 480 1299 538 naturalibus
1327 481 1526 544 rebus,
1558 478 1732 550 deque
1779 478 1847 535 iis
1895 493 2016 548 quae

450 573 521 628 ab
551 573 719 628 Arato
763 573 965 645 scripta
995 580 1122 629 sunt
1151 571 1207 627 in
1240 569 1543 635 coortibus,
1577 584 1608 624 a
1652 584 1737 625 me
1765 567 2017 623 sciscita-

447 665 563 729 ris,
602 681 928 738 propensum
973 664 1027 721 in
1060 665 1231 720 bonas
1261 671 1408 719 artes
1456 663 1698 717 animum
1741 668 1897 715 tuum
1940 657 2015 715 si-

420 740 421 745 γ
448 758 741 832 gniﬁcant;
773 765 934 829 atque
956 758 1058 813 hoc
1084 766 1237 813 tanto
1263 756 1488 828 majoris
1522 771 1550 810 a
1580 771 1666 811 me
1698 753 1776 819 ﬁt,
1810 750 2015 826 quanto

341 903 351 912 .
421 834 515 908 ‘ex
562 851 992 907 clarissimorum
1038 849 1271 906 fratrum
1315 860 1630 906 nostrorum
1677 849 1850 912 obitu,
1906 847 2014 902 fre.

447 944 823 1016 quentioribus
850 943 974 999 vitae
995 941 1159 1014 hujus
1188 944 1420 1016 negotiis
1449 943 1758 1013 implicatus
1787 940 2011 996 teneris.

446 1034 525 1091 Ac
559 1034 626 1091 de
656 1035 866 1090 caeteris
892 1033 1113 1106 quidem
1162 1033 1293 1106 quid
1336 1035 1564 1091 sentiam
1599 1042 1789 1104 postea
1829 1031 2011 1087 decla-

445 1128 607 1185 rabo:
635 1141 783 1181 nunc
808 1126 876 1182 de
904 1125 970 1181 iis
993 1141 1113 1196 quae
1135 1126 1189 1181 in
1222 1124 1582 1181 Pha’nomenis
1606 1123 1820 1196 prodita
1850 1131 2016 1179 suunt

445 1218 517 1272 ab
546 1216 734 1283 Arato,
778 1216 992 1272 institui
1013 1217 1093 1272 .ad
1131 1227 1184 1271 te
1213 1216 1475 1282 scribere,
1508 1227 1566 1271 ut
1599 1216 1850 1271 universe
1883 1214 2013 1285 quid

443 1315 591 1363 recte
622 1315 717 1362 aut
759 1322 921 1364 secus
967 1308 1022 1362 in
1064 1308 1173 1363 illis
1212 1308 1472 1379 scriptum
1513 1308 1585 1363 sit
1630 1307 1909 1377 aperiam:
1947 1322 2010 1361 ex

438 1399 644 1471 quibus
690 1414 815 1454 cum
867 1398 1158 1470 perspicua
1209 1399 1307 1453 tibi
1350 1407 1513 1454 erunt
1551 1399 1756 1462 omnia,
1791 1407 1905 1452 tum
1947 1413 2013 1453 ea

441 1492 698 1557 maxime,
729 1507 850 1563 qua
889 1492 944 1546 in
976 1499 1070 1546 tua
1113 1493 1519 1564 percontatione
1548 1490 1800 1562 posuisti.

511 1587 689 1653 Atque
721 1583 874 1637 Arati
916 1584 1136 1653 quidem
1172 1582 1525 1638 Phamomena
1574 1597 1696 1638 cum
1742 1582 1834 1636 alii
1864 1596 2015 1635 com-

439 1677 626 1749 plures
658 1676 1001 1748 interpretati
1028 1682 1199 1733 sunt:
1244 1684 1361 1730 tum
1413 1675 1508 1731 ille
1542 1675 1678 1745 ipse,
1723 1674 1818 1745 qui
1853 1681 2012 1729 aetate

439 1774 629 1824 nostra
657 1767 812 1832 vixit,
836 1767 1256 1823 mathematicus
1284 1768 1527 1822 omnium
1551 1766 1765 1822 videtur
1790 1782 2013 1823 accura-

440 1858 653 1914 tissime
679 1857 1204 1928 diligentissimeque
1237 1856 1547 1927 seripsisse.
1570 1855 1773 1925 Verum
1813 1857 2014 1912 carmi-

441 1965 573 2004 num
600 1950 761 2006 istius
799 1956 970 2020 poeta
996 1949 1297 2004 sententias
1342 1948 1639 2019 explicare,
1674 1964 1761 2004 res
1788 1959 1874 2005 est
1900 1965 2012 2004 non

440 2056 658 2113 magna,
694 2056 815 2097 meo
845 2040 1061 2113 quidem
1082 2040 1313 2111 judicio,
1347 2055 1479 2095 cura
1508 2048 1562 2096 et
1600 2042 1898 2096 attentione
1927 2040 2012 2095 di-

440 2149 567 2205 gna.
598 2133 695 2190 Est
720 2135 864 2189 enim
888 2134 1115 2205 simplex
1166 2141 1221 2189 et
1252 2134 1510 2190 concisus
1542 2132 1632 2189 hic
1667 2141 1824 2204 poeta
1850 2150 1864 2186 :
1893 2142 2009 2189 tum

438 2228 526 2282 vel
570 2227 829 2283 mediocri
871 2242 1053 2283 rerum
1107 2225 1459 2296 intelligentia
1501 2225 1741 2296 praeditis
1786 2226 2009 2298 cognitu

438 2319 621 2386 facilis
656 2339 671 2375 :
713 2335 836 2391 qua:
883 2332 1062 2375 autem
1112 2319 1430 2375 coelestibus
1471 2318 1539 2374 de
1590 2318 1754 2374 rebus
1797 2319 1865 2374 ab
1915 2320 2010 2374 illo

436 2412 639 2483 scripta
673 2420 823 2475 sunt,
871 2411 1053 2466 animo
1085 2426 1299 2482 capere,
1335 2426 1400 2467 ac
1452 2412 1583 2483 quid
1631 2412 2007 2482 apparentium

435 2518 618 2559 rerum
662 2503 1050 2575 experimentis
1095 2511 1494 2570 consentanec,
1551 2504 1683 2575 quid
1734 2504 2009 2561 contrarie

433 2593 638 2651 dictum
669 2596 761 2661 sit,
793 2611 1132 2667 agnoscere;
1162 2596 1266 2652 hoc
1291 2604 1346 2651 et
1371 2596 1529 2667 longe
1565 2596 1809 2652 omnium
1837 2597 2010 2654 utilis-

434 2684 655 2750 simum,
689 2696 743 2743 et
791 2686 1066 2759 imprimis
1103 2686 1486 2741 mathematica
1515 2685 1745 2742 scientia
1785 2687 2008 2759 dignum

432 2779 667 2851 videtur.
708 2777 1072 2845 Quamobrem
1119 2794 1242 2835 cum
1280 2777 1336 2833 in
1376 2779 1673 2850 plerisque,
1718 2788 1773 2835 et
1817 2781 2010 2852 praeci-

433 2872 562 2945 puis
591 2873 817 2928 Aratum
856 2888 1138 2929 cernerem
1179 2871 1248 2928 ab
1280 2873 1670 2943 apparentibus
1700 2872 2009 2943 cujusmodi

432 2966 614 3039 reipsa
641 2968 964 3037 contingunt
992 2965 1251 3021 aberrare
1277 2984 1290 3020 :
1321 2975 1375 3021 et
1406 2969 1460 3020 in
1490 2966 1680 3023 iisdem
1726 2983 1863 3037 pene
1891 2982 2010 3022 om-

2117 478 2318 536 θέντων
2332 482 2436 536 ὐπὸ
2451 482 2543 536 σοῦ
2570 483 2664 538 καὶ
2696 480 2763 536 τά
2784 480 3032 554 περὶτῶν
3055 480 3206 552 παρά
3234 481 3444 552 Ἀράτῳ
3463 478 3664 552 λεγομέ-

2116 588 2220 625 νων
2242 584 2301 626 εν
2312 577 2434 637 ταῖς
2462 573 2842 637 συνανατολαῖς
2870 572 3203 643 ἱκανωτέραν
3228 570 3475 641 ἐνέφαινὲ
3497 589 3572 642 μοι
3588 590 3664 640 ct-

2115 662 2392 736 λοτεχνίαν
2408 681 2423 695 ·
2445 668 2537 719 καὶ⁵
2566 664 2745 736 πολλῷ
2764 682 2826 734 γε
2859 663 3075 736 μᾶλλον,
3096 664 3206 734 ὅσῳ
3232 663 3595 726 πεπλεόνακας
3617 665 3665 717 ὲν

2114 757 2234 819 ταῖς
2262 754 2539 825 βιωτικαῖς
2576 755 2851 827 ἀσχολίαις
2880 754 2968 809 διὰ
2995 754 3093 827 τὴν
3114 754 3222 809 τῶν
3246 753 3666 824 ἀξιολογωτάτων

2115 845 2358 917 ἀδελφῶν
2403 847 2560 919 ἡμῶν
2589 847 2867 918 τελευτήν.
2919 847 3056 919 Περὶ
3103 845 3201 917 μὲν
3233 840 3328 899 οὖν
3360 843 3472 897 τῶν
3514 843 3666 898 ἄλλων

2117 939 2256 1010 μετά
2279 938 2452 994 ταῦτά
2476 956 2557 993 σοι
2586 939 2684 1011 τὴν
2715 939 2850 993 ίδίαν
2871 939 3053 1011 κρίσιν
3073 938 3395 1009 διασαφήσω
3413 953 3428 966 ’
3464 937 3581 1008 περὶ
3616 936 3666 988 δὲ

2112 1030 2222 1085 τῶν
2242 1032 2348 1085 ὐπὸ
2383 1030 2609 1104 Ἀράτου
2638 1031 2945 1102 λεγομένων
2965 1032 3021 1084 ὲν
3042 1033 3155 1094 τοῖς
3174 1027 3554 1099 Φαινομένοις
3584 1026 3666 1081 νῦν

2114 1123 2472 1195 προτεθειμαί
2513 1141 2596 1177 σοι
2650 1124 2892 1196 γράψαι,
2947 1125 3056 1179 πᾶν
3106 1122 3333 1177 καθόλου
3397 1122 3463 1175 τὸ
3504 1120 3665 1185 καλῶς

2113 1218 2146 1291 ἢ
2205 1218 2391 1283 κακῶς
2446 1218 2736 1290 λεγόμενον
2808 1219 2992 1283 αὐτοῖς
3036 1217 3436 1273 ὑποδεικνύωνο
3493 1217 3548 1281 ἐξ
3599 1208 3664 1272 ὧν

2112 1311 2265 1365 ἔσται
2299 1329 2383 1366 σοι
2411 1312 2621 1384 φανερά
2653 1312 2850 1380 πάντα,
2881 1313 2977 1367 καὶ
3011 1311 3080 1366 τά
3119 1309 3271 1385 παρά
3300 1310 3396 1365 σοῦ
3426 1310 3666 1381 διαπορη-

2114 1401 2296 1459 θέντα.

2184 1587 2418 1659 Ζήτησιν
2442 1584 2484 1617 ⁸⁷
2514 1583 2612 1658 μὲν
2626 1579 2718 1639 οὖν
2744 1583 2854 1638 τῶν
2894 1583 3121 1665 ξΑράτου
3154 1581 3551 1653 Φαινομένων,
3584 1581 3669 1636 καὶ

2111 1678 2259 1734 ἄλλοι
2289 1678 2510 1742 πλέονες
2542 1678 2928 1751 συντετάχασιν
2948 1695 2962 1709 ·
3007 1677 3413 1755 ἐπιμελέστατα
3453 1676 3509 1730 δὲ
3538 1675 3671 1728 δοκεῖ

2044 1735 2084 1790 Β
2113 1771 2329 1826 πάντων
2356 1735 2518 1834 αὐτὸς
2558 1770 2603 1803 ⁸⁸
2636 1773 2665 1826 ό
2696 1735 2819 1824 καθ’
2848 1770 2995 1842 ἡμᾶς
3026 1735 3406 1842 μαθηματικὸς
3434 1767 3520 1820 τὸν
3553 1768 3670 1838 περὶ

2111 1862 2291 1917 αὐτῶν
2316 1861 2645 1933 πεποιῆσθαι
2671 1862 2847 1931 λόγον.
2891 1860 3049 1915 Ἀλλά
3075 1860 3136 1914 τὸ
3169 1861 3268 1933 μὲν
3310 1858 3668 1930 ἐξηγήσασθαι

2108 1954 2208 2025 τὴν
2231 1955 2288 2007 ὲν
2312 1954 2426 2017 τοῖς
2483 1955 2749 2026 ποιήμασι
2773 1952 3011 2007 διάνοιαν
3041 1952 3100 2005 οὐ
3123 1950 3387 2022 ⁸μεγάλης
3430 1949 3669 2020 ὲπιστροὲ

2111 2047 2217 2117 φῆς
2251 2044 2594 2117 προσδεῖσθαι
2633 2043 2870 2115 νομίζω’
2903 2043 3105 2108 ἁπλοῦς
3138 2061 3196 2097 τε
3219 2043 3327 2115 γὰρ
3370 2041 3466 2095 καὶ
3496 2041 3669 2094 σύντο-

2112 2136 2213 2207 μός
2256 2138 2371 2190 ὲστι
2402 2137 2661 2209 ποιητής·
2712 2134 2880 2189 ἔτιδὲ
2930 2134 3103 2207 σαφὴς
3147 2137 3260 2199 τοῖς
3304 2135 3415 2187 καῖ’
3446 2132 3667 2205 μετρίως

2083 2227 2615 2300 ’παρηκολουθηκόσι
2634 2245 2647 2257 ·
2684 2227 2745 2282 τὸ
2774 2227 2831 2281 δὲ
2862 2229 3098 2280 συνεῖναι
3139 2226 3210 2279 τὰ
3242 2224 3513 2295 λεγόμενα
3552 2222 3670 2294 περὶ

2106 2317 2216 2371 τῶν
2265 2319 2530 2391 οὐρανίων
2584 2320 2674 2373 ὐπ’
2718 2318 2902 2385 αὐτοῦ,
2950 2319 3071 2372 τίνα
3111 2334 3172 2370 τε
3233 2315 3537 2388 συμφώνως
3568 2317 3673 2379 τοῖς

2107 2413 2451 2484 φαινομένοις
2473 2394 2903 2486 ἀναγέγραπται,
2933 2412 3028 2465 καὶ
3048 2411 3168 2465 τίνα
3201 2408 3669 2481 διημαρτημένως,

2104 2503 2250 2558 τοῦτ’
2275 2504 2695 2581 ὠφελιμώτατον
2727 2506 2975 2577 ἡγήσαιτ’
3006 2505 3070 2559 ἀν
3105 2520 3209 2569 τις,
3244 2503 3339 2556 καὶ
3370 2501 3672 2574 μαθηματι-

2107 2597 2209 2669 κῆς
2259 2597 2390 2652 ἴδιον
2429 2598 2740 2671 ἐμπειρίας.
2775 2594 3007 2669 Θεωρῶν
3038 2596 3083 2648 δ’
3128 2591 3222 2649 οὖν
3263 2596 3377 2657 τοῖς
3411 2593 3674 2654 πλείστοις

2107 2688 2200 2742 καὶ
2239 2691 2675 2760 χρησιμωτάτοις
2712 2686 3083 2759 διαφωνοῦντα
3126 2686 3219 2741 τὸν
3255 2687 3496 2758 ¹Ἄρατον
3548 2683 3674 2756 πρὸς

2106 2779 2175 2835 τὰ
2201 2782 2521 2853 φαινόμενα,
2567 2781 2660 2835 καὶ
2685 2781 2943 2853 γινόμενα
2986 2781 3127 2835 κατά
3166 2779 3448 2849 ἀλήθειαν,
3476 2778 3677 2839 τούτοις

2106 2871 2164 2926 δὲ
2193 2873 2364 2928 ἀπασι
2398 2872 2582 2944 σχεδὸν
2610 2874 2669 2926 οὐ
2708 2874 2866 2945 μόνον
2895 2873 3020 2938 τούς
3047 2872 3259 2937 ἄλλους,
3302 2869 3442 2926 ἀλλά
3470 2868 3562 2924 καὶ
3592 2866 3677 2921 τὸν

2112 2967 2376 3021 ’Ἄτταλον
2408 2966 2943 3039 συνεπιγραφόμενον
2965 2983 2978 2997 ’
3014 2966 3204 3038 ἔκρινα
3234 2962 3337 3033 τῆς
3381 2962 3481 3033 σῆς
3523 2960 3678 3014 ἕνεκα

433 3059 597 3116 nibus
631 3059 908 3115 erroribus
939 3073 1050 3114 non
1085 3058 1262 3115 solum
1296 3056 1560 3127 reliquos,
1596 3057 1691 3113 sed
1726 3059 1891 3113 etiam
1916 3058 2003 3113 At-

2110 3059 2433 3131 φιλομαθίας
2466 3058 2686 3129 καὶτῆς
2724 3057 2914 3128 κοινῆς
2947 3055 3211 3125 ὠφελείας
3256 3050 3573 3124 ἀναγράψαι
3616 3048 3677 3103 τά

433 3153 601 3209 talum
633 3151 811 3223 ipsum
840 3167 964 3208 esse
988 3159 1285 3215 versatum,
1317 3148 1493 3205 visum
1539 3149 1674 3203 mibi
1717 3156 1822 3214 est,
1853 3158 1913 3205 ut
1951 3160 2005 3207 et

430 3241 615 3299 studio
641 3231 770 3314 erga
800 3243 1012 3299 litteras
1044 3250 1160 3307 tuo,
1188 3247 1242 3296 et
1284 3239 1562 3295 communi
1606 3240 1827 3295 utilitati
1872 3257 2004 3297 con-

429 3333 696 3397 sulerem,
727 3348 793 3388 ea
821 3332 1082 3389 mandare
1112 3332 1242 3386 huic
1264 3332 1424 3396 libro,
1451 3331 1507 3385 in
1539 3333 1739 3402 quibus
1761 3342 2003 3389 erratum

430 3423 501 3480 ab
523 3422 634 3480 illis
660 3438 783 3480 esse
808 3424 1080 3494 perspexi.
1114 3422 1271 3491 Quod
1298 3422 1411 3494 98
1429 3438 1538 3478 non
1570 3437 1635 3478 eo
1661 3424 1925 3495 suscipio,
1943 3432 2005 3480 ut

429 3529 499 3572 ex
526 3515 763 3572 aliorum
787 3514 1216 3586 reprehensione
1237 3514 1415 3570 inanis
1428 3514 1711 3583 cujusdam
1729 3516 2004 3585 opinionis

430 3606 669 3663 fructum
702 3606 989 3677 colligam;
1018 3605 1073 3661 id
1095 3608 1241 3663 enim
1264 3620 1486 3671 vanum,
1511 3614 1566 3661 et
1592 3607 1855 3663 illiberale
1879 3622 2005 3664 esse

429 3696 648 3769 judico;
695 3696 805 3752 imo
842 3711 970 3752 vero
1009 3696 1078 3750 iis
1115 3696 1373 3751 omnibus
1417 3711 1449 3752 e
1485 3698 1762 3752 contrario
1800 3700 2001 3770 gratias

429 3788 711 3845 habendas
760 3802 983 3854 censeo,
1010 3787 1122 3858 Iqui
1171 3787 1481 3845 communis
1524 3790 1779 3846 utilitatis
1828 3792 2001 3864 gratia

430 3877 685 3950 privatim
716 3877 999 3933 elaborare
1028 3878 1355 3944 voluerunt;
1383 3878 1478 3934 sed
1506 3887 1566 3934 ut
1590 3895 1767 3952 neque
1794 3890 1876 3947 tu,
1908 3899 2002 3940 ne-

429 3984 539 4041 que
577 3968 808 4024 studiosi
851 3968 1032 4024 carteri
1083 3969 1139 4024 in
1189 3968 1494 4025 caelestium
1544 3973 2001 4044 contemplatione

430 4076 614 4116 rerum
642 4075 672 4116 a
704 4060 932 4118 veritate
960 4061 1174 4133 longius
1212 4061 1584 4132 abhorreatls;
1615 4064 1763 4135 quod
1802 4069 1999 4124 merito
2034 4086 2045 4093 ‘

430 4151 703 4223 plerisque
743 4148 962 4208 accidit.
995 4151 1132 4208 Nam
1172 4152 1420 4223 poeticus
1462 4154 1614 4225 lepor
1643 4155 1732 4225 iis,
1762 4173 1884 4230 qua:
1912 4160 1999 4216 di-

428 4250 649 4308 cuntur,
683 4243 869 4298 nescio
897 4256 1059 4313 quam
1117 4241 1277 4298 ﬁdem
1311 4253 1366 4299 et
1393 4244 1776 4302 auctoritatem
1810 4250 2000 4304 conci-

427 4333 552 4397 liat;
578 4349 644 4389 ac
668 4334 1058 4405 propemodum
1078 4349 1289 4398 omnes,
1317 4334 1411 4406 qui
1436 4342 1653 4408 poetam
1678 4337 1823 4394 hunc
1846 4354 1999 4396 com-

2108 3151 2369 3206 δοκοῦντά
2395 3167 2486 3221 μοι
2538 3149 2962 3222 διημαρτῆσθαι.
2997 3146 3167 3201 Τοῦτο
3197 3145 3256 3200 δὲ
3290 3144 3516 3216 ποιῆσαι
3554 3158 3681 3213 πρε-

2109 3243 2310 3316 εθὲμην
2342 3243 2441 3297 οὐκ
2471 3245 2536 3297 ὲκ
2577 3242 2670 3298 τοῦ
2715 3243 2841 3306 τοὺς
2886 3240 3076 3305 ἄλλους
3122 3239 3368 3310 ἐλέγχειν
3388 3236 3679 3307 φαντασίαν

2108 3332 2513 3403 ἀπενέγκασθαι
2546 3330 2971 3403 προαιρούμενος
2993 3347 3005 3357 ·
3038 3328 3191 3384 κενὸν
3220 3327 3332 3399 γὰρ
3364 3328 3459 3380 καὶ
3492 3322 3679 3397 μικρό-

2107 3423 2276 3495 ψυχον
2308 3423 2619 3487 παντελῶςο
2672 3421 2981 3477 τούναντίον
3029 3420 3088 3475 δὲ
3138 3420 3249 3474 δεῖν
3279 3419 3465 3489 οἴομαι
3524 3418 3682 3469 πᾶσιν

2106 3519 2256 3589 ἡμᾶς
2282 3516 2644 3588 εὐχαριστεῖν,
2678 3515 2795 3568 ὅσοι
2829 3514 2928 3584 τῆς
2958 3512 3142 3584 κοινῆς
3187 3512 3375 3566 ἕνεκεν
3418 3507 3682 3579 ὡφελείας

2109 3606 2216 3661 ῐδια
2249 3607 2293 3639 ⁸³
2325 3607 2506 3662 πονεῖν
2540 3604 2924 3675 ἀναδεχόμενοι
2952 3602 3311 3673 τυγχάνουσιν
3331 3616 3345 3628 ·
3375 3598 3490 3652 ἀλλ’
3522 3596 3678 3650 ἕνεκα

2106 3701 2199 3755 τοῦ
2232 3702 2366 3773 μήτε
2393 3700 2476 3766 σὲ,
2508 3701 2646 3771 μήτε
2676 3699 2802 3761 τοὺς
2831 3696 3049 3758 λοιποὺς
3077 3693 3184 3747 τῶν
3208 3691 3528 3763 φιλομαθῶν
3554 3692 3680 3743 ἀπο-

2106 3792 2410 3848 πλανᾶσθαι
2438 3792 2538 3864 τῆς
2571 3789 2700 3863 περὶ
2728 3789 2797 3844 τά
2838 3788 3137 3859 φαινόμενα
3171 3786 3315 3839 κατά
3358 3784 3451 3837 τὸν
3483 3783 3677 3852 κόσμον

2107 3884 2373 3958 θεωρίαςο
2422 3885 2560 3956 ὅπερ
2589 3883 2823 3952 εὐλόγως
2860 3880 3044 3935 πολλοὶ
3073 3877 3431 3933 πεπόνθασιν.
3472 3876 3537 3928 Ἡ
3576 3874 3677 3944 γὰρ

2103 3978 2213 4032 τῶν
2249 3977 2570 4049 ποιημάτων
2596 3974 2758 4048 χάρις
2785 3973 3125 4040 ἀξιοπιστίαν
3161 3971 3285 4025 τινὰ
3317 3973 3429 4032 τοῖς
3457 3965 3676 4036 λεγομέ-

2104 4086 2217 4133 νοις
2243 4066 2589 4141 περιτίθησιο
2638 4068 2735 4121 καὶ
2779 4067 2979 4130 πάντες
3024 4064 3210 4136 σχεδὸν
3250 4064 3302 4116 οἱ
3335 4063 3426 4115 τὸν
3457 4058 3674 4128 ποιητὴν

2104 4160 2292 4215 τοῦτον
2338 4159 2690 4231 ὲξηγούμενοι
2726 4158 3104 4230 προστίθενται
3132 4157 3246 4218 τοῖς
3276 4155 3370 4207 ὐπ’
3400 4150 3566 4205 αὐτοῦ
3591 4148 3674 4200 λε-

2105 4252 2375 4323 γομένοις.
2435 4249 2855 4322 Ἐμπειρότερον
2892 4249 2951 4303 δὲ
2990 4247 3218 4313 Εὔδοξος
3264 4246 3366 4316 τὴν
3403 4243 3573 4312 αὐτὴν
3602 4237 3673 4308 τῷ

2116 4344 2328 4416 Ἀράτῳ
2373 4343 2501 4414 περὶ
2544 4342 2653 4396 τῶν
2683 4340 3022 4413 φαινομένων
3066 4336 3318 4402 σύνταξιν
3366 4333 3666 4403 ἀναγέγρα-

427 4423 710 4480 mentariis
760 4423 878 4479 suis
922 4424 1286 4490 illustrarunt,
1333 4424 1403 4480 iis
1456 4440 1579 4496 qua;
1635 4427 1704 4482 ab
1753 4443 1822 4485 eo
1868 4443 1998 4488 sunt

2110 4452 2219 4505 pev.
2250 4434 2498 4504 Εὐλόγως
2519 4429 2612 4489 οὖν
2640 4434 2734 4488 καὶ
2756 4435 2822 4488 ὲκ
2847 4433 2947 4503 τῆς
2990 4431 3098 4486 τῶν
3121 4428 3396 4483 τοσούτων
3433 4426 3530 4481 καὶ
3578 4437 3671 4493 τη·

495 4597 540 4632 δ’
577 4597 618 4655 θ.
639 4597 918 4670 ιξήγησιν.
995 4598 1043 4632 ⁸⁸
1069 4599 1111 4668 ι’.
1149 4597 1428 4663 ιἌτταλος.
1505 4602 1551 4633 ⁸⁸
1585 4600 1627 4670 f.
1662 4599 1790 4671 ἰδίᾳ.

425 4777 622 4852 nomiae
645 4785 815 4852 totam
835 4792 954 4834 eam
978 4788 1184 4852 partem
1206 4778 1425 4852 duobus
1447 4778 1607 4835 libris
1635 4779 1988 4852 comprehen-

425 4847 601 4918 derat.
642 4848 846 4918 Aratus
872 4847 1013 4918 vero
1033 4848 1246 4918 poetico
1302 4850 1489 4918 lepore
1539 4847 1819 4905 conditam
1862 4865 1990 4905 cum

424 4917 619 4989 iisdem
636 4917 784 4989 vitiis
818 4917 1176 4989 periculosius
1204 4917 1370 4989 etiam
1423 4918 1493 4989 ad
1515 4928 1767 4989 posteros
1813 4928 1997 4975 trans-

431 4988 686 5058 miserat.
716 4988 1062 5058 __Ac0essit_et
1092 4988 1286 5058 tertius
1318 4988 1501 5041 Aratei
1526 4988 1806 5058 poematis
1830 4990 1995 5045 inter-

467 5070 575 5120 res,
598 5056 692 5127 qui
716 5053 1031 5130 Hipparchi,
1063 5063 1125 5110 ut
1158 5057 1373 5130 opinor,
1407 5053 1628 5120 saeculo,
1672 5060 1992 5130 pauloraute

453 5124 632 5199 psum,
665 5124 1098 5199 commentarios
1117 5124 1369 5199 ad'illum
1409 5124 1691 5199 auctiorem—
1746 5129 1990 5199 scripse-

426 5192 775 5268 rat,Attalus_
813 5194 1238 5268 gramm_aticus._
1272 5195 1475 5251 Contra
1528 5198 1630 5254 bos
1681 5206 1796 5254 tres
1851 5192 1991 5268 opus

428 5262 958 5334 lstudelucnbr’avitA
989 5262 1352 5334 Hipparchus,
1383 5279 1448 5320 ac
1487 5274 1660 5322 totum
1706 5262 1991 5324 distribuit

425 5334 484 5389 in
532 5332 883 5408 lib_ros_tres.
932 5332 1150 5408 Primus
1201 5334 1357 5389 initio
1407 5337 1737 5408 testimoniis
1782 5339 1991 5408 aliquot

428 5402 686 5478 ostendit,
704 5404 926 5478 Aratum
939 5404 1008 5458 ab
1027 5403 1442 5478 Eudoxotnutuo
1452 5407 1634 5478 omnia
1651 5402 1986 5478 sumpsisse;

428 5474 509 5550 sic
544 5480 603 5526 ut
633 5475 689 5550 in
733 5472 918 5529 multis
943 5475 1317 5550 tantummodo
1355 5476 1750 5550 parapheasten
1779 5472 1984 5550 'egerit.

426 5541 558 5597 Post
579 5542 876 5616 amborum
908 5553 1085 5616 errata
1120 5553 1273 5599 notat
1300 5541 1371 5601 in'
1392 5541 1569 5602 stellis
1597 5562 1693 5616 per
1738 5541 1881 5611 sese,
1932 5556 1988 5602 et

424 5627 614 5691 earum
643 5615 773 5674 situs.
799 5613 883 5691 vel
900 5614 1291 5691 descriptione,
1353 5631 1456 5671 nec
1490 5613 1614 5670 non'
1644 5617 1834 5691 Attali,
1885 5618 1985 5687 qui

427 5684 715 5753 utriusque
737 5683 961 5754 vestigia
993 5683 1316 5756 persecutus
1345 5694 1455 5752 est,
1516 5687 1748 5743 maxime
1798 5683 1982 5745 autem

2090 4779 2149 4835 in
2193 4778 2534 4834 delineandis
2557 4778 2853 4848 parallelis,
2880 4777 3113 4849 aliisque
3138 4777 3372 4836 circulis
3401 4778 3675 4834 aberrasse

2095 4849 2374 4905 convincit
2393 4863 2608 4904 omnes.

2167 4916 2455 4975 Secundus
2477 4919 2616 4974 liber
2644 4917 2900 4973 bifariam
2949 4927 3135 4988 sectus
3166 4923 3274 4972 est.
3312 4915 3497 4973 Prima
3555 4926 3673 4988 pars

2093 4990 2260 5044 trium
2292 4989 2510 5044 illorum
2560 4999 2786 5058 peccata
2830 4989 3070 5058 castigat
3118 4987 3175 5041 in
3222 4995 3502 5044 astrorum
3551 4987 3671 5039 συν-

2093 5061 2399 5123 ανατολαῖς,
2426 5058 2521 5113 καὶ
2552 5056 3010 5127 συγκαταδύσεσι,
3038 5073 3182 5128 quos
3200 5069 3443 5123 coortus,
3466 5068 3672 5112 etcooc-

2092 5146 2247 5211 casus
2268 5129 2544 5211 appellare
2573 5129 2739 5211 licet;
2789 5127 3066 5198 posterior
3123 5127 3196 5211 de
3229 5129 3578 5211 iisdem_agit
3606 5138 3669 5211 ex

2090 5200 2170 5254 rei
2199 5195 2449 5263 veritate,
2470 5211 2525 5253 et
2557 5195 2817 5269 opinione
2840 5212 2941 5253 sua
2981 5200 3305 5253 constitutis
3348 5199 3402 5252 in
3439 5195 3668 5253 boreali-

2091 5269 2196 5325 bus
2226 5269 2551 5324 asterismis.

2160 5338 2379 5395 Tertius
2410 5338 2731 5393 australium
2789 5338 3205 5392 asterismorum
3244 5345 3404 5393 ortus
3432 5344 3488 5393 et
3520 5348 3672 5391 occa—

2089 5423 2187 5480 sus
2219 5409 2489 5480 explicat;
2525 5409 2721 5463 deinde
2740 5408 3030 5480 duodecim
3064 5408 3371 5480 imaginum
3395 5415 3549 5463 ortus
3586 5405 3669 5460 ἰύ-

2089 5477 2211 5533 dem
2250 5477 2555 5557 et'occasus
2575 5496 2590 5543 ;
2612 5486 2898 5557 postremo
2925 5478 2993 5533 de
3019 5478 3326 5557 intervallis
3350 5480 3667 5557 asterisgnoj

2089 5564 2211 5602 rum
2240 5548 2479 5612 disserit,
2533 5550 2734 5618 quibus
2786 5549 3048 5604 horarum
3095 5555 3340 5618 quatuor
3366 5557 3425 5607 et
3452 5548 3663 5620 viginti

2089 5620 2265 5690 spatia
2291 5621 2655 5689 complentur.
