3816 6306
76 329 77 332 η
126 301 248 356 1005

1094 295 1456 354 HIPPARCHI
1496 299 1585 352 AD
1623 296 2066 353 ΡΠᾹΞΝΟΜΕΝΑ
2090 297 2215 353 LIB.
2258 299 2295 353 l.

3210 306 3350 372 mos

122 416 378 471 λικούτων
427 413 824 486 μαθηματικῶν
877 415 1192 484 συμφωνίας
1271 413 1576 479 ἀξιόπιστος
1651 416 1682 485 ἡ

1789 413 1930 466 dicta
1969 399 2335 466 consentiunt.
2371 411 2629 468 Eudoxus
2661 422 2841 470 autem
2870 415 2935 470 ad
2975 418 3240 483 eamdem,
3293 423 3346 477 in

123 511 330 579 ποίησις
380 505 546 560 αὐτοῦ
588 505 1024 576 διαλαμϐάνεται.
1084 507 1337 575 Καίτοιγε
1380 505 1473 558 τοῦ
1525 505 1685 576 Ἀρά-

118 621 203 656 του
242 601 342 672 μὲν
405 599 537 660 ἴσως
589 599 688 651 οὐκ
740 597 886 663 ἀξιον
935 597 1292 665 ἐφάπτεσθαι,
1339 597 1430 648 καὶ
1477 595 1571 648 ἐὰν
1627 595 1684 648 ἑν

120 708 218 744 τισι
253 688 565 743 διαπίπτων
609 689 846 758 τυγχάνῃ
871 704 884 717 ·
923 689 988 757 τῇ
1029 686 1138 758 γάρ
1179 685 1406 750 Εὐδόξου
1438 685 1682 749 συντάξει

121 784 594 855 κατακολουθήσας
637 782 710 834 τά
763 780 1057 850 φαινόμενα
1099 780 1407 851 γέγραφεν·
1455 777 1568 832 ἀλλ’
1622 779 1683 830 οὐ

119 876 360 936 κατιδίαν
430 874 862 945 παρατηρήσας,
935 873 966 942 ἢ
1041 870 1426 942 μαθηματικὴν
1503 870 1683 942 κρίσιν

119 963 601 1034 ἐπαγγελλομένων
650 965 708 1015 ἐν
766 964 876 1024 τοῖς
937 960 1205 1031 οὐρανίοις
1261 959 1680 1031 προσφέρεσθαι,

119 1058 206 1110 καὶ
235 1054 717 1127 διαμαρτανόντων
744 1052 851 1105 τῶν
872 1053 930 1104 ἐν
953 1053 1134 1115 αὐτοῖς
1159 1051 1226 1106 ³⁸.

1785 519 1947 574 quam
1993 507 2190 559 Aratus
2230 504 2506 570 incubuit,
2553 509 2927 577 apparentium
2967 512 3348 568 tractationem

1787 595 1959 648 multo
1987 595 2246 664 majorem
2290 611 2448 650 usum
2491 612 2553 650 ac
2594 599 2842 667 peritiam
2885 602 3135 656 contulit.
3178 601 3352 659 Habet

1785 685 1952 754 igitur
1978 702 2043 740 ex
2071 694 2152 741 tot
2179 695 2566 759 tantorumque
2599 690 3105 748 mathematicorum
3153 695 3351 750 suﬂ'ra-

1786 779 1873 848 gio
1903 780 2149 834 veritatis
2195 781 2505 850 opinionem
2558 798 2695 853 opus
2727 784 2858 840 illud
2896 787 3188 854 poeticum.
3243 785 3350 840 Sel

1788 887 1895 925 non
1923 882 2006 927 est
2033 872 2284 938 fortasse,
2315 873 2459 944 quod
2497 875 2721 930 Aratum
2761 892 3101 942 accusemus,
3142 880 3189 934 si
3220 879 3349 948 quid

1788 964 1836 1018 ei
1894 967 2098 1022 erroris
2141 967 2378 1022 oblatum
2425 969 2530 1034 sit;
2573 971 2770 1041 quippe
2809 971 2899 1040 qui
2949 970 3156 1026 Eudoxi
3201 987 3323 1025 com

1790 1057 2114 1110 mentarium
2148 1065 2388 1121 secutus,
2431 1074 2540 1113 non
2573 1061 2948 1116 observatione
2982 1061 3198 1131 propria
3245 1060 3352 1113 fre-

118 1163 222 1217 tus,
297 1154 655 1223 phaznomena
715 1149 1062 1218 conscripsit.
1105 1147 1211 1202 Sed
1275 1148 1352 1201 illi
1405 1147 1584 1217 potius
1647 1149 2005 1219 castigatione
2041 1153 2191 1224 digni
2247 1164 2393 1219 sunt,
2442 1156 2535 1226 qui
2581 1157 2966 1212 matbematico
3019 1157 3237 1228 dignam
3283 1155 3352 1211 de

116 1250 181 1305 iis
218 1246 508 1318 judicandi
550 1245 800 1316 peritiam
842 1243 1097 1314 professi,
1144 1244 1200 1298 in
1256 1243 1446 1298 iisdem
1495 1252 1677 1298 tamen
1715 1245 1990 1302 aberrant.

180 1363 362 1434 Χωρὶς
387 1362 445 1415 δὲ
471 1360 582 1413 τῶν
609 1359 960 1430 ἠγνοημένων
991 1361 1048 1412 ἑν
1072 1360 1184 1420 τοῖς
1215 1357 1556 1428 φαινομένοις
1578 1357 1683 1412 ὑπό

1855 1362 1968 1434 Ego
1995 1379 2126 1419 vero
2148 1373 2344 1435 praeter
2371 1365 2579 1421 Eudoxi
2606 1375 2660 1422 et
2683 1367 2834 1421 Arati
2867 1374 2921 1421 et
2953 1366 3073 1436 ejus
3100 1365 3193 1436 qui
3236 1380 3354 1420 am-

114 1475 169 1511 τε
199 1456 432 1522 Εὐδόξου
473 1454 569 1507 καὶ
610 1451 704 1506 τοῦ
751 1453 1000 1524 ’Δράτου,
1035 1453 1129 1506 καὶ
1170 1450 1260 1505 τοῦ
1289 1468 1682 1522 συνεπιγράφο-

1786 1454 1975 1509 borum
2007 1456 2336 1526 apparentiis
2366 1457 2689 1528 astipulator
2722 1457 2902 1520 venit,
2932 1457 2986 1510 in
3039 1456 3352 1526 phaznome-

117 1549 274 1620 μένου
306 1549 428 1610 ταῖς
458 1545 688 1614 φάσεσιν
716 1545 916 1608 αὐτῶν,
947 1543 1305 1613 ἀναγέγραφά
1344 1561 1424 1596 σοι
1459 1543 1554 1596 καὶ
1583 1543 1682 1607 τὰς

1786 1547 1871 1602 nis
1899 1555 2100 1610 errata,
2134 1547 2362 1602 lixarum
2397 1563 2616 1618 quoque
2659 1548 2938 1602 stellarum
2973 1547 3216 1600 omnium
3254 1561 3349 1600 ve-

115 1639 228 1690 κατ’
291 1634 554 1706 ἀλήθειαν
609 1633 897 1704 γινομένας
962 1634 1191 1687 ἑκάστου
1252 1632 1362 1685 τῶν
1431 1632 1682 1686 ἀπλανῶν

1786 1651 1877 1692 ros
1901 1653 2024 1692 cum
2057 1637 2342 1693 duodecim
2372 1639 2603 1694 stellatis
2635 1639 2807 1709 signis
2835 1643 2989 1692 ortus
3012 1650 3353 1706 occasusque

115 1728 321 1798 ἄστρων
355 1728 455 1779 σὺν
485 1727 666 1788 αὐτοῖς
688 1728 797 1789 τοῖς
830 1723 1345 1796 κατηστερισμένοις
1379 1722 1443 1793 ιβ’
1473 1721 1680 1787 ζωδίοις

1786 1731 2076 1801 perscripsi
2103 1731 2235 1796 tibi;
2272 1737 2354 1797 ut,
2394 1739 2649 1786 accurate
2679 1730 2946 1798 perceptis
2971 1719 3220 1799 singulis,
3248 1720 3354 1782 εω-

117 1817 471 1881 συνανατολάς
504 1818 599 1870 καὶ
628 1816 1052 1885 συγκαταδύσεις
1071 1833 1085 1846 ·
1124 1816 1228 1878 ῐνα,
1260 1813 1680 1884 παρακολουθῶν

1786 1833 2021 1878 terorum
2074 1822 2129 1877 in
2169 1823 2291 1878 istis
2339 1824 2559 1878 decreta
2605 1820 2909 1890 cujusmodi
2961 1821 3070 1875 sint
3121 1819 3350 1890 probare

115 1912 357 1973 ἑκάστοις
382 1908 648 1984 ἀκριϐῶς,
677 1911 770 1963 καὶ
799 1909 895 1971 τὰς
916 1908 1025 1961 τῶν
1051 1907 1226 1962 ἄλλων
1257 1907 1514 1961 ἁπάντων
1547 1907 1682 1958 ἀπο-

1786 1914 1979 1984 possis.
2008 1913 2195 1984 Neque
2230 1930 2358 1970 vero
2400 1921 2611 1968 tantum
2650 1915 2774 1970 illos
2809 1912 3090 1968 stellarum
3117 1925 3241 1965 cum
3271 1910 3319 1965 si

115 2003 298 2071 φάσεις
332 2005 391 2056 ὲν
418 2001 631 2065 τούτοις
673 2001 990 2074 δοκιμάζῃς.
1043 1999 1152 2052 Καὶ
1190 1997 1438 2068 διασαφῶ
1472 1996 1572 2068 μὲν
1617 1997 1679 2049 οὑ

1786 2007 1902 2077 gnis
1926 2014 2080 2062 ortus
2126 2021 2466 2078 occasusque
2511 2021 2846 2076 persequar:
2895 2003 2991 2062 sed
3036 2003 3200 2059 etiam
3233 2017 3355 2073 qua

117 2095 270 2164 μόνον
295 2095 396 2166 τὴν
426 2092 808 2164 συνανατολὴν,
853 2093 885 2162 ἢ
931 2090 1328 2160 συγκατάδυσιν
1347 2107 1362 2122 ’
1399 2090 1479 2142 ἑτι
1509 2090 1564 2142 δὲ
1591 2089 1683 2142 καὶ

115 2187 250 2250 τίνες
281 2185 511 2258 ἀστέρες
543 2185 772 2238 ἑκάστου
811 2185 916 2236 τῶν
967 2183 1180 2254 ἄστρων
1232 2181 1439 2255 πρῶτοί
1484 2198 1540 2234 τε
1591 2180 1683 2233 καὶ

115 2280 325 2349 ἔσχατοι
380 2277 779 2340 ἀνατέλλουσιν,
823 2275 856 2347 ἢ
901 2275 1181 2328 δύνουσιν·
1239 2275 1334 2328 καὶ
1375 2275 1521 2337 τίνες
1573 2273 1682 2326 τῶν

115 2369 283 2422 ἄλλων
343 2367 594 2439 ἀστέρων
648 2366 1106 2438 μεσουρανοῦσιν⁶
1164 2365 1395 2420 ἕκαστόν
1458 2382 1518 2418 τε
1573 2363 1683 2417 τῶν

115 2458 366 2512 ἀπλανῶν
419 2458 638 2528 ἄστρων
687 2458 782 2511 σὺν
827 2457 1009 2520 αὐτοῖς
1056 2459 1167 2522 τοῖς
1225 2457 1292 2526 ιβ’
1350 2456 1559 2520 ζωδίοις
1623 2457 1682 2510 ἑν

117 2552 306 2613 πόσαις
339 2551 682 2620 ἱσημεριναῖς
729 2548 900 2620 ῶραις
929 2546 1225 2605 ἀνατέλλει.
1262 2547 1294 2618 ἢ
1344 2547 1508 2602 δύνει.
1558 2545 1683 2598 Ἐπὶ

117 2643 245 2694 πᾶσι
305 2641 363 2694 δὲ
417 2638 664 2708 δ.ασαφῶ
715 2639 806 2692 καὶ
871 2637 1015 2701 τίνες
1077 2638 1304 2709 ἀστέρες
1363 2635 1682 2708 ἀφορίζουσι

117 2735 289 2788 πάντα
338 2734 407 2788 τά
454 2732 863 2801 εἰκοσιτέσσαρα
909 2730 1106 2802 ὼριαῖα
1148 2731 1506 2800 διαστήματα.
1538 2728 1682 2781 Διότι

118 2826 219 2896 γὰρ
249 2820 717 2877 ἑκαστον’τούτων
753 2822 1008 2876 συντείνει
1049 2821 1184 2892 πρὸς
1229 2820 1396 2874 πολλὰ
1429 2819 1524 2874 καὶ
1550 2821 1684 2891 χρή-

121 2935 248 2987 σιμα
296 2917 404 2969 τῶν
448 2917 506 2968 ἑν
553 2917 665 2977 τοῖς
700 2914 984 2984 μαθήμασι
1023 2913 1414 2985 θεωρημάτων,
1455 2911 1684 2965 εὐκατα-

118 3009 300 3080 νόητον
331 3003 472 3087 εἶναι
506 3008 601 3059 καὶ
635 3006 716 3058 σοὶ
747 3006 970 3075 νομίζω.

1781 2097 2118 2168 singulorum
2146 2099 2560 2154 asterismorum
2589 2099 2758 2155 stella
2779 2097 2989 2167 primae,
3021 2111 3143 2166 qua:
3171 2094 3356 2149 novis-

1780 2187 1930 2242 sima:
1959 2189 2227 2253 oriantur,
2246 2196 2339 2244 aut
2367 2190 2639 2254 occidant,
2665 2204 2852 2259 quaeve
2876 2189 3105 2243 aliarum
3138 2186 3352 2241 culmen

1779 2287 2030 2346 teneant;
2081 2287 2196 2334 tum
2252 2295 2589 2350 unaquaeque
2648 2281 2930 2334 stellarum
2995 2279 3352 2334 inerrantium

1781 2378 1913 2441 quot
1950 2371 2420 2441 aequinoctialibus
2449 2371 2600 2426 horis
2631 2386 2755 2426 cum
2784 2369 3070 2425 duodecim
3106 2368 3242 2438 ipsis
3276 2368 3353 2422 si-

1780 2463 1906 2533 gnis
1948 2470 2126 2516 ortum
2173 2478 2536 2532 occasumque
2583 2460 2768 2514 faciat.
2815 2459 3098 2515 Postremo
3130 2467 3184 2513 et
3221 2457 3354 2512 illud

1780 2567 2072 2625 exponam,
2100 2553 2428 2623 quibusnam
2462 2553 2634 2607 stellis
2665 2553 2874 2623 singula
2906 2550 3094 2620 viginti
3121 2558 3354 2620 quatuor

1781 2645 2002 2700 lioraria
2045 2649 2220 2715 spatia
2271 2645 2649 2699 terminentur.
2683 2642 2816 2697 Nam
2851 2644 3042 2703 horum
3076 2641 3354 2711 quollibet

1783 2734 1851 2788 ad
1875 2736 2072 2790 multas
2102 2743 2154 2790 et
2187 2734 2488 2805 pmcipuas
2522 2742 2702 2804 partes
2730 2733 3231 2787 mathematicarnm
3262 2746 3351 2785 ar-

1783 2827 1921 2881 tium
1967 2826 2426 2898 opportunitatem
2473 2827 2668 2881 alIerre
2713 2839 3008 2884 summam,
3056 2822 3213 2878 facile
3255 2822 3353 2876 tibi

1782 2928 2126 2991 perspectum
2163 2933 2284 2974 esse
2311 2917 2547 2973 conﬁdo.

183 3117 257 3171 B'.
297 3119 419 3172 Ὀτι
456 3116 556 3187 μὲν
587 3112 679 3169 οὖν
711 3117 776 3185 τῇ
800 3114 1026 3180 Εὐδόξου
1053 3115 1180 3184 περὶ
1212 3113 1318 3168 τῶν
1345 3113 1682 3184 φαινομένων

1856 3123 1923 3180 II.
1955 3123 2180 3178 Aratum
2218 3123 2383 3194 igitur
2428 3121 2638 3178 Eudoxi
2680 3122 2747 3177 de
2794 3119 3166 3192 pliaanomenis
3208 3133 3358 3175 com-

119 3211 397 3282 άναγραφῇ
433 3208 908 3280 κατηκολούθηκεν
938 3210 966 3260 ό
1001 3207 1256 3278 Ἄρατος,
1297 3205 1457 3276 μάθοι
1490 3206 1588 3276 μὲν
1617 3206 1686 3258 ἄν

119 3321 199 3367 τις
227 3305 312 3357 διὰ
343 3304 626 3366 πλειόνων,
674 3299 992 3372 παρατιθεὶς
1035 3301 1146 3363 τοῖς
1192 3299 1484 3369 ποιήμασιν
1517 3297 1680 3350 αὐτοῦ

119 3400 242 3465 περὶ
298 3400 527 3452 ἑκάστου
599 3394 707 3448 τῶν
769 3392 1072 3463 λεγομένων
1130 3391 1229 3454 τὰς
1297 3389 1390 3442 τοῦ
1455 3388 1681 3454 Εὐδόξου

119 3490 284 3555 λέξεις
304 3509 316 3522 ο
345 3493 447 3545 οὐκ
480 3493 750 3562 ἄχρηστον
781 3489 839 3542 δὲ
871 3487 962 3540 καὶ
991 3485 1082 3538 νῦν
1111 3485 1178 3537 δι’
1216 3483 1409 3553 ὀλίγων
1436 3482 1684 3553 ὑπομνῆ-

119 3582 339 3645 σαι,διά
385 3581 448 3634 τὸ
498 3577 845 3643 διστάζεσθαι
886 3574 1044 3628 τοῦτο
1091 3573 1242 3646 παρά
1283 3577 1394 3638 τοῖς
1445 3572 1678 3636 πολλοῖς.

128 3670 478 3742 ⁹Δναφέρεται
523 3670 581 3722 δὲ
614 3670 692 3732 είς
726 3669 816 3721 τὸν
849 3666 1071 3730 Εὔδοξον
1106 3665 1148 3736 β’
1181 3664 1358 3734 βιϐλία
1403 3663 1528 3735 περὶ
1575 3663 1680 3717 τῶν

119 3760 475 3831 Φαινομένων,
512 3760 776 3830 σύμφωνα
805 3757 948 3811 κατά
976 3757 1152 3810 πάντα
1197 3756 1379 3826 σχεδὸν
1416 3754 1680 3825 ἀλλήλοις,

119 3851 251 3920 πλὴν
298 3852 492 3920 ὀλίγων
527 3850 749 3920 σφόδρα.
782 3850 856 3902 Τὸ
891 3851 989 3920 μὲν
1032 3845 1124 3902 οὖν
1151 3847 1208 3899 ἓν
1241 3847 1417 3901 αὐτῶν
1456 3848 1684 3918 ἐπιγρά-

121 3957 274 4007 estut
305 3942 659 4008 Ἕνοπτρον,
709 3939 771 3993 τὸ
809 3939 864 3992 δὲ
915 3940 1101 4010 ’έτερον
1153 3939 1507 4006 Φαινόμενα.
1542 3937 1683 4008 Πρὸς

120 4031 182 4083 τά
224 4035 557 4102 (ῥαινόμενα
598 4033 656 4085 δὲ
702 4033 798 4104 τὴν
852 4033 1069 4102 ποίησιν
1110 4031 1447 4099 συντέταχεν.
1498 4030 1584 4082 Ἐν
1617 4029 1683 4100 δὴ

120 4122 286 4193 τούτῳ
326 4123 403 4193 τῷ
456 4124 790 4193 συντάγματι
839 4121 1064 4186 Εὓδοξος
1107 4122 1232 4192 περὶ
1279 4120 1376 4190 μὲν
1414 4118 1509 4172 τοῦ
1544 4119 1685 4188 Δρά-

121 4227 302 4275 κοντος
354 4213 527 4276 οὖτως
580 4214 810 4284 γράψει’
861 4233 878 4264 ι
917 4212 1133 4278 Μεταξὺ
1181 4212 1237 4264 δὲ
1281 4211 1388 4264 τῶν
1431 4211 1682 4282 ’Λρκτων

121 4302 262 4356 ἐστὶν
304 4306 336 4375 ἡ
383 4304 477 4358 τοῦ
514 4307 730 4374 Ὄφεως
757 4305 911 4375 οὐρὰ,
945 4305 1035 4357 τὸν
1069 4303 1262 4374 μικρὸν
1294 4301 1497 4372 ἀστέρα
1542 4301 1682 4371 ὑπὲρ

119 4394 213 4462 τῆς
242 4396 492 4466 κεφαλῆς
520 4397 715 4467 ἔχουσα
752 4397 852 4466 τῆς
885 4397 1122 4467 μεγάλης
1161 4397 1426 4465 Ἀρκτουο
1460 4392 1683 4464 καμπὴν

1784 3217 2110 3271 mentarium
2155 3231 2279 3271 esse
2321 3225 2592 3278 secutum,
2647 3224 2770 3268 eum
2817 3229 2882 3268 ex
2927 3213 3176 3282 pluribus
3221 3227 3355 3266 con-

1783 3317 1932 3363 stare
1968 3315 2165 3376 potest,
2200 3306 2246 3361 si
2277 3307 2403 3377 quis
2442 3322 2567 3360 cum
2604 3305 2750 3361 illius
2797 3320 2960 3374 opere
3000 3304 3211 3374 poetico
3261 3317 3358 3373 per

1783 3398 1965 3469 capita
2015 3399 2246 3469 singula,
2297 3398 2464 3453 verba
2517 3397 2729 3452 Eudoxi
2783 3395 3035 3450 conferre
3088 3394 3354 3450 voluerit:

1782 3500 1900 3545 tum
1933 3491 2035 3545 hoc
2076 3491 2196 3544 loco
2223 3504 2653 3544 commemorare
2699 3488 2956 3552 breviter,
2993 3484 3137 3540 haud
3166 3485 3358 3539 inutile

1782 3583 2026 3649 videtur;
2057 3583 2202 3653 quod
2232 3598 2295 3637 ea
2318 3597 2407 3637 res
2433 3597 2462 3635 a
2488 3581 2763 3635 nonnullis
2788 3588 3011 3634 vocetur
3034 3579 3087 3632 in
3109 3577 3354 3632 dubium.

1782 3669 1899 3724 Duo
1941 3679 2069 3726 sunt
2121 3672 2189 3727 de
2238 3671 2606 3742 phtenomenis
2644 3671 2788 3736 libri,
2844 3668 2938 3740 qui
2988 3667 3212 3721 Eudoxo
3259 3668 3360 3720 tri-

1783 3761 2058 3830 buuntur;
2093 3777 2230 3833 pene
2264 3763 2318 3816 in
2357 3762 2612 3817 omnibus
2648 3761 3055 3815 consentientes
3100 3757 3356 3816 invicem.

1784 3863 1981 3925 praeter
2007 3854 2340 3924 paucissima
2368 3853 2637 3922 quadam.
2661 3850 2868 3906 [lorum
2896 3849 3033 3903 alter
3062 3847 3362 3915 inscriptus

1783 3955 1868 4003 est
1899 3946 2216 4016 Speculum,
2251 3946 2408 4012 alter,
2456 3944 2826 3999 Phwnomena.
2863 3942 2944 3996 Ad
2985 3941 3133 3994 hunc
3180 3944 3362 4007 poste-

1785 4041 1984 4094 riorem
2025 4054 2163 4108 opus
2206 4053 2364 4094 suum
2409 4037 2608 4090 Aratus
2655 4035 2852 4104 exegit.
2894 4031 2953 4086 In
2987 4031 3090 4085 hoc
3132 4043 3262 4084 vero
3291 4025 3360 4081 de

1785 4130 2032 4186 Dracone
2076 4131 2152 4184 ita
2185 4129 2378 4186 scribit
2421 4126 2717 4181 Eudoxus:
2771 4143 2789 4176 ι
2824 4123 2970 4177 Inter
3013 4119 3181 4175 Ursas
3210 4124 3358 4172 vero

1788 4221 2070 4291 Serpentis
2097 4228 2181 4276 est
2227 4219 2402 4275 cauda
2438 4234 2451 4270 :
2500 4233 2624 4288 quae
2672 4216 2819 4268 illam
2863 4213 3114 4282 exiguam
3144 4207 3359 4264 stellam

1787 4327 1954 4382 supra
2001 4318 2164 4382 caput
2203 4309 2402 4364 attollit
2444 4306 2668 4374 majoris
2712 4303 2893 4370 Ursa};
2933 4300 3129 4355 ﬂexum
3178 4303 3358 4350 autem

1789 4403 1856 4457 ad
1892 4404 2120 4458 minoris
2152 4401 2304 4457 Ursa:
2339 4406 2506 4468 caput
2540 4397 2728 4457 habet;
2757 4406 2810 4450 et
2844 4394 2946 4449 sub
2985 4389 3152 4461 pedes
3182 4385 3359 4457 porri-

119 4485 170 4538 εὲ
197 4487 308 4558 ἔχει
337 4490 490 4560 παρά
519 4466 618 4559 τὴν
650 4489 888 4561 κεφαλὴν
918 4489 1013 4560 τῆς
1055 4466 1256 4558 μικρᾶς
1300 4487 1558 4556 Ἀρκτου,
1591 4485 1682 4537 καὶ

1793 4498 1957 4568 gitur,
1985 4496 2056 4551 ibi
2083 4495 2309 4550 alterum
2342 4491 2544 4545 faciens
2572 4490 2805 4553 ﬂexum;
2838 4500 2901 4540 ac
2929 4497 3120 4539 rursus
3147 4479 3360 4548 erigens

120 4581 488 4650 παρατέταται
520 4581 623 4633 ὑπὸ
654 4582 779 4639 τοὺς
811 4579 974 4642 πόδας
994 4595 1007 4608 ο
1049 4578 1240 4648 ἑτέραν
1263 4576 1320 4630 δὲ
1347 4575 1573 4647 καμπὴν
1602 4577 1686 4628 ἐν·

121 4671 286 4724 ταῦθα
311 4672 696 4743 ποιησάμενος,
733 4671 892 4725 πάλιν
923 4670 1194 4724 ἀνανεύων
1225 4668 1533 4740 ἔμπροσθεν
1573 4666 1685 4736 ἔχει

125 4763 211 4832 τὴν
242 4765 484 4835 κεφαλήν
511 4781 523 4793 ο
569 4786 586 4814 ι
636 4767 664 4817 ὁ
698 4764 756 4817 δὲ
802 4765 1054 4835 Ἄρατος,
1089 4763 1164 4826 ὡς
1194 4761 1259 4815 ἂν
1303 4758 1683 4832 παραγράφων

123 4852 302 4920 ταῦτα,
337 4855 504 4927 φησίν
525 4873 539 4887 ’

125 4991 311 5060 Αὐτὰρ
352 4993 439 5060 ὅγ’
475 4991 674 5056 ἀλλην
715 4990 832 5060 μὲν
871 4989 1053 5060 νεάτῃ
1093 4987 1442 5060 ἐπιτείνει-αι
1498 4983 1645 5060 οὐρῇ
1673 5002 1685 5015 ·

126 5012 311 5060 αυταρ
352 5012 382 5044 0
475 5012 674 5056 ανινιην
715 5012 832 5060 μεν
871 5012 1053 5058 reatu
1093 5012 1442 5042 επιτεινετιιι
1498 5012 1567 5038 υυ
1611 5012 1643 5052 η
1674 5012 1684 5015 -

126 5059 358 5128 Ἀλλην
381 5012 450 5114 de
489 5062 708 5127 σπείρῃ
733 5059 1153 5129 περιτέμνεται.
1200 5057 1262 5110 Ἠ
1291 5056 1406 5129 μέν
1445 5060 1497 5110 οἱ

127 5126 447 5200 οὐρὴ-πάρ
499 5126 774 5200 κεφαλὴν
803 5126 1072 5197 "Eat—lum;
1117 5127 1498 5200 ἀπολιταύιεταΖ
1547 5126 1684 5192 Ἀρ-

127 5268 336 5338 Σπείρῃ
375 5268 442 5340 δ’,
481 5267 553 5323 ἐν
583 5268 938 5338 Κυνόσουρα
977 5268 1126 5336 κάρη
1157 5265 1304 5335 ἔχει.
1352 5263 1424 5319 Ἦ

129 5408 374 5478 Εἱλεῖται
402 5405 706 5478 κεφαλὴν,
733 5409 831 5462 καί
875 5411 928 5463 οὶ
955 5406 1138 5472 ποδὸς
1157 5405 1392 5478 ἔρχεται
1419 5331 1670 5472 ὥῗξψ

138 5475 234 5531 Ἐκ
273 5478 322 5530 δ’
354 5475 524 5544 αὖτίς
555 5479 924 5546 παλίνορσος
955 5475 1281 5546 ἀνατρέχει.

1793 4606 1936 4654 sese.
1984 4591 2040 4644 in
2088 4586 2361 4642 anteriora
2391 4590 2553 4653 caput
2591 4580 2850 4636 extendit.
2894 4595 2914 4629 ›
2963 4575 3164 4629 Aratus
3195 4581 3360 4640 porro

1792 4679 1940 4734 velut
1965 4679 2068 4733 ista
2094 4675 2432 4738 describens,
2466 4673 2547 4728 sic
2583 4670 2861 4741 loquitur:

1790 4985 1892 5041 Sed
1923 4985 2003 5038 hic
2032 4984 2256 5037 alteram
2288 4981 2494 5051 quidem
2530 4988 2761 5051 extrema
2786 4965 3256 5051 emetitur-cauda:

1789 5040 2028 5109 Alteram
2060 5070 2175 5108 vero
2201 5040 2346 5120 spira
2388 5044 2889 5120 arcumscribit._Ei
2917 5040 3124 5113 quidem
3157 5048 3362 5092 summa

1791 5127 1978 5182 Cauda
2007 5123 2075 5177 ad
2104 5114 2258 5190 caput
2295 5122 2501 5176 Helices
2534 5118 2753 5190 quiescit
2797 5114 2968 5170 Urse.

1792 5255 1861 5311 1η
1883 5257 2027 5326 spira
2053 5269 2172 5308 vero
2195 5251 2470 5324 Cynosura
2491 5258 2648 5321 caput
2669 5248 2842 5302 habet.
2867 5242 3006 5300 Haec
3023 5236 3362 5330 autemfirca

1792 5397 2022 5470 Qgratur
2051 5403 2232 5470 caput,
2257 5394 2406 5470 eique
2433 5391 2501 5447 ad
2528 5385 2954 5470 pedem-pervenit
2974 5321 3292 5454 usqulgmm

1795 5459 1992 5520 Rursus
2013 5459 2130 5520 vero
2157 5459 2486 5520 fetroéedem
2515 5459 2758 5517 recurrit.

190 5661 236 5692 ⁸⁸
261 5661 380 5732 Reg.
412 5659 876 5734 ἐπαγγελλόμενος
909 5663 964 5715 ὲν
990 5664 1100 5726 τοῖς
1119 5662 1235 5733 οὺρ.
1270 5675 1427 5728 προσ.
1461 5658 1552 5712 καὶ
1588 5653 1969 5726 διαμαρτάνων
2000 5646 2109 5701 τῶν
2133 5647 2192 5700 ἑν
2222 5646 2309 5700 αὖ.
