3816 6346
128 383 246 438 10ιό

1100 387 1463 444 lllPPARClll
1508 390 1597 443 AD
1636 387 2082 445 ΡΗᾸΞΝΟΜΕΝΑ
2124 391 2248 448 LlB.
2278 393 2318 447 1.

3206 401 3340 459 1016

127 495 193 561 τῷ
213 494 642 566 ἐπιγραφομένῳ
678 497 969 567 Ἑνόπτρφ
995 500 1086 554 τὸν
1107 502 1362 573 τροπικὸν
1391 501 1682 572 τέμνεσθαί

1808 518 1944 571 [uem
1999 505 2332 575 Ἕνοπτρον
2375 506 2685 578 inscripsit,
2737 511 3004 580 trepicum
3052 513 3124 566 ita
3167 519 3339 570 secari

129 605 272 660 φησιν
292 587 496 651 οὕτως,
527 587 667 642 ὥστε
695 589 850 659 λόγον
878 591 1019 663 ἔχειν
1043 593 1110 646 τὰ
1137 598 1394 666 τμήματα
1430 596 1562 668 πρὸς
1591 597 1682 650 ἁλ-

128 681 246 751 ληλα
271 682 364 735 τὸν
389 683 579 746 αὐτὸν,
611 679 722 736 οἷον
749 681 861 754 ἔχει
894 684 962 738 τὰ
999 693 1038 739 ε’
1071 686 1206 758 πρὸς
1235 688 1302 740 τὰ
1335 694 1403 756 γ’.

188 799 258 851 Δ’.
292 799 417 850 Ὀτι
457 798 556 869 μὲν
586 793 678 853 οῦν
701 799 913 871 Εὐδόξῳ
939 801 1379 872 ἐπακολουθήσας
1399 803 1428 854 ὁ
1451 804 1684 874 Ἄρατος

131 890 410 960 συντέταχε
445 890 514 943 τὰ
542 893 889 961 Φαινόμενα,
915 893 1111 956 ἱκανῶς
1141 890 1290 964 οἶμαι
1309 894 1576 948 δεικνύναι
1598 895 1686 949 διὰ

127 980 222 1035 τῶν
247 983 664 1054 προειρημένων
683 1000 696 1013 ·
731 986 788 1038 ἐν
816 980 898 1049 οἷς
932 985 989 1038 δὲ
1034 986 1411 1040 διαπίπτουσιν
1440 982 1584 1042 οὗτοι
1623 1004 1682 1040 τε

129 1075 276 1127 κιὶοὶ
301 1077 833 1148 συνεπιγραφόμενοι
860 1080 1062 1143 αὐτοῖς,
1082 1073 1156 1134 ὧν
1178 1082 1292 1134 ἐστι
1319 1081 1412 1135 καὶ
1440 1083 1468 1135 ό
1491 1083 1707 1136 "Arta--

129 1165 227 1228 λος,
257 1165 352 1219 νῦν
382 1167 738 1239 ὐποδείξομεν
763 1186 778 1202 ⁶
811 1170 1157 1242 ἐκθησόμεθα
1189 1172 1245 1226 δὲ
1267 1172 1468 1237 εὐθέως
1504 1175 1598 1228 καὶ
1629 1177 1686 1229 ὲν

127 1250 199 1319 οἷς
225 1257 328 1329 ἰδίᾳ
351 1259 583 1321 ἕκαστος
612 1260 789 1313 αὐτῶν
821 1261 1196 1334 διαμαρτάνει.
1227 1265 1570 1335 Προληπτέον
1605 1267 1684 1330 δὲ,

127 1348 250 1403 διότι
295 1351 563 1414 Ἀτταλος
613 1354 744 1406 πᾶσι
793 1355 976 1424 σχεδὸν
1015 1358 1127 1419 τοῖς
1169 1357 1272 1409 ὑπὸ
1320 1357 1414 1410 τοῦ
1459 1358 1686 1429 Ἀράτου

127 1440 434 1512 λεγομένοις
470 1444 597 1513 περὶ
633 1443 740 1498 τῶν
781 1447 1044 1516 οὐρανίων
1086 1451 1572 1520 συνεπιγράφεται,
1612 1451 1687 1514 ὼς

130 1535 427 1604 συμφώνως
475 1539 588 1599 τοῖς
633 1537 974 1608 φαινομένοις
1009 1539 1101 1591 ὐπ’
1143 1540 1306 1596 αὐτοῦ
1353 1540 1684 1612 λεγομένοις,

131 1626 260 1697 πλὴν
294 1628 379 1696 ἐφ’
413 1628 532 1691 ἐνὸς
569 1629 662 1684 καὶ
707 1630 988 1702 δευτέρουο
1025 1632 1061 1686 ἃ
1104 1633 1166 1705 δὴ
1206 1634 1300 1686 καὶ
1339 1634 1687 1705 ὐποδείξομεν

130 1718 182 1770 ἐν
221 1721 334 1782 τοῖς
379 1720 598 1791 ἐφεξῆς.
661 1722 822 1790 Λέγει
856 1724 985 1792 γοῦν
1051 1725 1107 1778 ἐν
1151 1725 1226 1796 τῷ
1290 1726 1556 1797 προοιμίῳ
1599 1726 1688 1779 τὸν

128 1813 319 1882 τρόπον
353 1812 582 1868 τοῦτον·
629 1834 648 1866 ι
674 1816 763 1869 Διὸ
804 1817 868 1888 δὴ
909 1820 1027 1872 τότε
1080 1819 1172 1872 τοῦ
1211 1819 1434 1890 Ἀράτου
1488 1820 1688 1890 βιϐλίον
1718 1846 1762 1906 Β

127 1903 604 1975 ὲξαπεστάλκαμέν
631 1924 711 1961 σοι
738 1908 1111 1980 διωρθωμένον
1141 1911 1231 1980 ὑφ’
1259 1913 1293 1982 ἡ
1303 1910 1438 1982 μῶν,
1468 1912 1561 1964 καὶ
1589 1913 1688 1982 τὴν

129 1995 386 2068 ἐξήγησιν
437 1999 637 2063 αὐτοῦ,
665 2004 773 2064 τοῖς
816 2020 874 2054 τε
911 2003 1253 2073 φαινομένοις
1298 2003 1502 2059 ἕκαστα
1549 2005 1687 2075 σύμ-

131 2107 274 2158 φωνα
313 2093 641 2162 ποιήσαντες
666 2095 759 2147 καὶ
786 2099 896 2158 τοῖς
927 2096 1031 2149 ὐπὸ
1062 2096 1155 2150 τοῦ
1192 2095 1413 2168 ποιητοῦ
1446 2114 1692 2168 γεγραμ-

131 2181 307 2251 μένοις
335 2183 604 2238 ἀκόλουθα
651 2205 666 2235 ι
703 2187 811 2240 Καὶ
850 2187 1008 2241 πάλιν
1041 2188 1166 2258 ἑξῆς
1213 2205 1376 2258 φησιο
1412 2208 1429 2240 ι
1453 2188 1604 2259 Τάχα
1631 2189 1689 2242 δέ

128 2287 265 2335 τινες
291 2273 611 2343 ἐπιζητοῦσι
635 2276 735 2329 τίνι
759 2277 901 2347 λόγῳ
932 2279 1239 2341 πεισθέντες
1270 2280 1446 2350 φαμὲν
1472 2278 1693 2333 ἀκολού-

129 2361 233 2426 θως
259 2367 324 2434 τῇ
371 2364 469 2417 τοῦ
515 2367 740 2437 ποιητοῦ
781 2370 1091 2440 προαιρέσει
1133 2370 1230 2441 τὴν
1275 2369 1555 2440 διόρθωσιν
1597 2370 1690 2424 τοῦ

132 2453 334 2523 βιϐλίου
367 2458 722 2528 πεποιῆσθαι.
757 2460 943 2530 Ἡμεῖς
969 2461 1025 2514 δὲ
1057 2463 1489 2534 ἀναγκαιοτάτην
1514 2463 1692 2517 αἰτίαν

130 2547 447 2619 ἀποδίδομεν
478 2549 576 2621 τὴν
604 2551 695 2603 τοῦ
742 2553 963 2622 ποιητοῦ
1008 2553 1342 2623 συμφωνίαν.
1380 2573 1397 2605 t
1426 2555 1693 2626 Τοιαύτην

130 2633 216 2690 οῦν
242 2639 458 2710 ἔχοντος
482 2641 577 2694 τοῦ
614 2645 866 2698 Ἀττάλου
896 2646 993 2718 τὴν
1025 2646 1292 2717 διάληψιν,
1328 2649 1430 2701 ὅσα
1467 2647 1532 2701 ἂν
1559 2649 1693 2700 ἀπο-

129 2728 458 2803 δεικνύωμεν
487 2733 597 2787 τῶν
621 2735 724 2787 ὐπὸ
742 2735 835 2788 τοῦ
874 2738 1099 2811 ’Δράτου
1127 2739 1215 2791 καὶ
1247 2739 1476 2806 Εὐδόξου
1504 2739 1694 2803 κοινῶς

130 2819 433 2891 λεγομένων
460 2824 836 2892 διαφωνοῦντα
863 2829 998 2898 πρὸς
1028 2828 1096 2881 τὰ
1127 2829 1446 2899 φαινόμενα,
1485 2829 1565 2882 δεῖ
1590 2829 1697 2882 δια-

131 2910 425 2981 λαμϐάνειν
448 2917 545 2968 καὶ
574 2917 660 2968 τὸν
688 2917 946 2970 Ἀτταλον
980 2919 1108 2990 περὶ
1137 2919 1246 2974 τῶν
1271 2919 1447 2973 αὐτῶν
1467 2922 1697 2992 διημαρ-

131 3004 370 3075 τημένως
405 3008 958 3079 συναποφαινόμενον.

1783 595 1963 660 docet,
2003 605 2060 650 ut
2096 613 2156 651 ea
2195 599 2264 651 sit
2299 599 2439 653 ratio
2473 607 2876 670 segmentorum
2923 605 3066 658 inter
3105 619 3185 670 se,
3223 623 3344 664 qua:

1782 697 1864 742 est
1887 689 1920 742 5
1944 689 2008 743 ad
2041 690 2093 745 '5.

1859 803 2008 872 101
2044 805 2126 859 IV.
2148 805 2368 859 Aratum
2389 806 2553 876 igitur
2570 807 2863 886 Eudoxo‘in
2880 810 3133 866 omnibus
3153 826 3342 867 assen~

1787 894 2005 950 tientem
2061 895 2413 952 Plawnomena
2463 913 2560 954 sua
2615 901 3030 969 conscripsisse,
3080 902 3216 956 satis
3259 919 3346 958 me

1789 987 2024 1042 arbitror
2049 989 2313 1046 hactenus
2340 989 2664 1046 ostendisse.
2723 991 2880 1047 Nunc
2910 1001 2977 1048 cat
2993 993 3346 1049 demonstra-

1784 1079 1985 1146 bimus,
2039 1082 2094 1136 in
2151 1083 2351 1153 quibus
2405 1093 2514 1138 tam
2579 1084 2898 1141 aberrarunt
2947 1085 3107 1140 iidem
3162 1087 3342 1148 ambo,

1785 1187 1951 1242 quam
1986 1172 2078 1242 qui
2106 1173 2214 1228 illis
2252 1173 2698 1245 subscripserunt
2732 1194 2744 1228 :
2785 1191 2815 1230 e
2843 1176 3041 1246 quibus
3075 1183 3155 1230 est
3188 1174 3344 1227 Atta-

1788 1260 1893 1315 lus.
1928 1262 2137 1327 Quibus
2175 1277 2240 1317 ca
2280 1263 2534 1336 deinceps
2572 1265 2911 1335 adjiciemus,
2947 1281 3067 1336 qua!
3098 1265 3344 1338 privatim

1789 1352 1855 1406 ab
1891 1368 2218 1424 unoquoque
2245 1364 2466 1425 peccata
2512 1365 2660 1412 sunt.
2702 1357 2808 1412 Sed
2847 1358 2976 1412 illud
3015 1365 3170 1412 antea
3199 1359 3347 1428 cogi-

1787 1445 2012 1498 tandum
2059 1454 2140 1500 est
2173 1465 2186 1500 :
2221 1446 2454 1501 Attalum
2487 1448 2740 1504 omnibus
2773 1447 2908 1514 fere,
2944 1465 3063 1520 qua:
3089 1449 3156 1504 ab
3181 1448 3348 1504 Arato

1789 1536 2104 1592 cmlestibus
2146 1537 2214 1592 de
2260 1538 2424 1593 rebus
2459 1539 2673 1609 prodita
2717 1547 2867 1604 sunt,
2910 1540 3188 1602 assentiri,
3228 1548 3349 1594 tan-

1790 1642 1952 1696 quam
2007 1633 2154 1682 recte
2201 1637 2255 1681 et
2311 1636 2675 1699 congruenter
2737 1630 2828 1693 iis,
2883 1645 3004 1700 qua:
3065 1636 3346 1702 apparent,

1789 1719 2060 1789 explicata
2109 1717 2348 1787 fuerint;
2395 1721 2441 1775 si
2485 1736 2653 1775 unum
2703 1721 2787 1776 vel
2833 1722 3057 1776 alterum
3084 1720 3347 1791 excipias.

1790 1812 1857 1867 de
1900 1813 2101 1882 quibus
2150 1824 2334 1882 postea
2385 1812 2614 1868 dicetur.
2653 1813 2745 1868 Sic
2782 1813 2945 1884 igitur
2985 1814 3039 1867 in
3088 1811 3351 1884 prooemio

1795 1905 2035 1975 loquitur
2073 1904 2286 1961 Attalus
2345 1925 2357 1962 :
2413 1923 2433 1958 ι
2484 1905 2774 1977 Pr0pterea
2814 1920 2917 1960 nos
2962 1905 3110 1958 Arati
3153 1904 3351 1958 librum

1791 1997 1857 2051 ad
1901 2006 1953 2052 te
1986 1997 2233 2054 misimus
2263 1997 2606 2053 emendatum
2635 2012 2666 2051 a
2695 1998 2873 2062 nobis,
2906 2012 3012 2051 una
3051 2011 3173 2052 cum
3207 1995 3354 2052 illius

1794 2089 2258 2162 interpretatione,
2315 2089 2450 2146 adeo
2503 2099 2564 2144 ut
2615 2098 2670 2146 et
2726 2089 3062 2161 apparentiis
3121 2103 3356 2144 consen-

1794 2188 1954 2236 tanea
2001 2188 2054 2236 et
2112 2197 2236 2236 cum
2275 2189 2447 2251 poeta:
2489 2181 2805 2237 narratione
2853 2180 3210 2251 congruentia
3243 2179 3357 2234 sin-

1794 2275 1920 2345 gula
1966 2273 2290 2330 faceremus.
2333 2291 2353 2326 ι
2393 2272 2538 2329 Idem
2581 2273 2839 2343 deinceps
2872 2272 2939 2328 ad
2980 2287 3104 2328 eum
3135 2271 3356 2326 modum

1795 2365 1983 2422 scribit
2044 2381 2057 2416 :
2107 2383 2125 2416 ι
2187 2364 2442 2431 Quaerent
2490 2366 2658 2435 aliqui
2707 2363 2938 2418 fortasse
2987 2376 3096 2432 qua
3147 2361 3360 2415 ratione

1795 2458 1922 2515 freti
1967 2458 2288 2523 dixerimus,
2319 2466 2685 2514 consentanee
2725 2464 2896 2526 poetae
2927 2455 3204 2526 proposito
3234 2453 3358 2507 libri

1797 2568 1899 2609 nos
1945 2553 2094 2608 illius
2141 2551 2576 2606 emendationem
2630 2549 2955 2605 instituisse.
3006 2547 3181 2617 Hujus
3230 2560 3359 2600 vero

1800 2659 2023 2702 causam
2045 2660 2146 2700 nos
2181 2643 2509 2715 praecipuam
2551 2641 2892 2705 adducimus,
2925 2647 3097 2710 poetae
3128 2653 3362 2693 consen-

1801 2739 2032 2794 sionem.
2104 2756 2125 2790 ι
2169 2737 2304 2794 Cum
2370 2738 2485 2792 haec
2543 2737 2705 2790 Attali
2755 2734 3020 2790 sententia
3071 2732 3163 2796 sit,
3222 2745 3361 2800 quae-

1802 2847 2017 2901 cunque
2059 2831 2128 2887 ab
2178 2830 2364 2895 Arato,
2407 2831 2490 2885 vel
2547 2829 2770 2884 Eudoxo
2818 2825 3177 2882 communiter
3215 2823 3360 2878 dicta

1802 2922 2028 2978 minime
2084 2938 2206 2978 cum
2265 2921 2594 2992 apparentiis
2656 2919 2948 2974 convenire
3023 2917 3362 2970 demonstra-

1806 3015 2008 3080 bimus,
2040 3014 2230 3070 eadem
2264 3015 2331 3069 ab
2365 3012 2546 3068 Attalo
2573 3027 2788 3083 quoque
2822 3008 3120 3080 putandum
3159 3007 3362 3075 scripta

1802 3125 1924 3165 esse
1954 3107 2234 3164 mendose.

199 3202 270 3255 E’.
306 3203 536 3274 Πρῶτον
576 3204 674 3275 μὲν
708 3201 800 3258 οὖν
838 3208 866 3259 ό
911 3207 1144 3276 Ἄρατος
1181 3207 1390 3275 ἀγνοεῖν
1426 3224 1515 3277 μοι
1557 3206 1700 3258 δοκεῖ

1879 3218 1945 3273 ν.
1981 3217 2223 3274 Primum
2251 3219 2414 3289 igitur
2429 3217 2628 3270 Aratus
2654 3215 2706 3270 in
2730 3212 2918 3269 mundi
2953 3211 3059 3267 situ
3081 3210 3364 3264 aberrasse

133 3293 191 3345 t3
238 3293 476 3366 ἓγκλιμα
504 3295 601 3348 τοῦ
648 3297 872 3368 κόσμου,
920 3298 1153 3368 νομίζων
1183 3302 1240 3352 ὲν
1272 3301 1384 3362 τοῖς
1428 3299 1555 3370 περὶ
1606 3298 1700 3370 τὴν

143 3383 368 3441 Ἐλλάδα
400 3389 592 3450 τόποις
639 3389 876 3442 τοιοῦτον
923 3386 1078 3457 εἶναι,
1115 3391 1254 3445 ὥστε
1288 3392 1384 3454 τὴν
1443 3392 1701 3463 μεγίστην

134 3476 341 3549 ἡμέραν
394 3479 556 3548 λόγον
590 3479 732 3550 ἔχειν
771 3482 907 3552 πρὸς
937 3482 1035 3554 τὴν
1067 3483 1353 3554 ἐλαχίστην
1396 3484 1486 3536 τὸν
1520 3483 1699 3546 αὐτὸν,

133 3571 190 3623 ὃν
214 3573 322 3643 ἔχει
351 3574 424 3627 τὰ
450 3581 492 3628 ε’
535 3575 672 3644 πρὸς
710 3575 779 3628 τὰ
809 3583 876 3642 γ’.
911 3579 1072 3647 Λέγει
1102 3579 1208 3650 γὰρ
1237 3578 1329 3633 ἐπὶ
1368 3577 1462 3631 τοῦ
1493 3576 1702 3650 θερινοῦ

135 3666 394 3734 τροπικοῦ
420 3682 435 3697 °

143 3825 249 3894 Τοῦ
281 3825 401 3893 μὲν
431 3825 587 3878 ὅσον
615 3843 678 3878 τε
702 3827 967 3894 μάλιστα
998 3827 1070 3880 δι’
1097 3826 1248 3880 ὀκτὼ
1277 3828 1669 3894 μετρηθένντος

137 3891 319 3966 Πέντε
342 3895 462 3966 μὲν
493 3896 664 3948 ἑτι-δια
689 3891 1024 3965 eme-(petat,
1049 3899 1146 3951 καὶ
1179 3891 1468 3965 ὑπέρτερα
1500 3897 1704 3966 ’ποίης’

143 3964 216 4016 Τὰ
254 3969 388 4033 τρία
421 3965 480 4018 '6’
510 3965 582 4019 ἐν
609 3964 854 4036 περάτῃζ

206 4119 278 4170 Συ
287 4123 594 4190 μφωνεῖται
621 4119 704 4189 δὴ,
721 4121 854 4174 διότι
886 4122 943 4174 ὲν
970 4122 1066 4192 μὲν
1084 4125 1196 4186 τοῖς
1217 4122 1345 4195 περὶ
1367 4122 1466 4193 τὴν
1490 4121 1711 4176 Ἐλλάδα

139 4208 324 4273 τόποις
363 4213 391 4262 ὁ
437 4209 679 4280 γνώμων
721 4210 877 4278 λόγον
927 4210 1040 4281 ἔχει
1076 4212 1212 4282 πρὸς
1248 4211 1347 4282 τὴν
1395 4213 1712 4283 ίσημερινὴν

143 4302 322 4367 σκιάν,
364 4302 424 4356 ὃν
459 4302 576 4372 ἔχει
608 4302 676 4356 τά
706 4303 946 4374 τέσσαρα
990 4304 1126 4376 πρὸς
1163 4305 1232 4358 τὰ
1270 4305 1417 4376 τρία.
1470 4305 1615 4358 Ἐκεῖ
1649 4305 1714 4377 δὴ

139 4395 317 4448 τοίνυν
347 4397 381 4466 ἡ
417 4395 654 4465 μεγίστη
690 4395 870 4465 ἡμέρα
912 4396 1059 4449 ἐστὶν
1095 4395 1252 4467 ὡρῶν
1294 4396 1622 4470 ίσημερινῶν
1655 4396 1712 4450 ιδ’

1802 3313 2023 3367 videtur
2061 3331 2074 3366 :
2113 3311 2204 3381 qui
2234 3310 2498 3380 ejusmodi
2537 3310 2687 3364 illum
2721 3322 2846 3363 esse
2881 3313 3033 3376 putat
3056 3304 3111 3357 in
3133 3299 3362 3364 Graecia,

1811 3412 1871 3458 ut
1894 3405 2129 3458 maxima
2158 3403 2276 3459 dies
2294 3417 2411 3457 eam
2445 3401 2512 3455 ad
2540 3400 2818 3455 minimam
2851 3396 3114 3452 rationem
3147 3392 3362 3459 habeat,

1805 3509 1968 3564 quam
2008 3497 2248 3566 quinque
2280 3495 2479 3550 habent
2510 3491 2578 3547 ad
2609 3492 2731 3548 tria.
2763 3489 2897 3543 Nam
2938 3487 3006 3543 de
3045 3484 3232 3542 estivo
3260 3490 3368 3538 tro-

1803 3590 1925 3658 pico
1954 3588 2032 3644 sic
2056 3587 2295 3659 loquitur
2324 3606 2338 3641 :

1815 3832 1928 3886 Hoc
1956 3849 2104 3896 sane,
2133 3841 2360 3900 quantus
2381 3839 2607 3900 quantus
2635 3838 2735 3892 est,
2766 3828 2820 3880 in
2847 3834 2960 3879 acto
2987 3830 3160 3892 partes
3181 3819 3368 3885 diuiso,

1813 3903 2050 3973 Quinque
2079 3902 2284 3972 quidem
2310 3905 2584 3954 volvuntur
2605 3913 2765 3967 supra
2801 3906 2992 3951 terram
3021 3910 3040 3958 ;

1813 3973 1940 4027 Tres
1969 3983 2142 4026 autem
2174 3974 2337 4042 infra.

1884 4129 1982 4186 Est
2021 4137 2200 4184 autem
2249 4127 2390 4198 apud
2439 4142 2629 4183 omnes
2668 4127 2724 4181 in
2761 4123 3037 4186 confesso,
3071 4120 3126 4176 in
3154 4118 3374 4174 Graeciae

1815 4227 1994 4275 tractu
2026 4233 2349 4290 gnomonem
2399 4217 2542 4270 hanc
2573 4217 2639 4269 ad
2665 4211 3095 4284 aequinoctialem
3129 4209 3374 4262 umbram

1817 4309 2223 4381 proportionem
2262 4307 2493 4370 habere,
2545 4320 2668 4375 quae
2715 4311 2801 4358 est
2839 4307 3073 4371 quatuor
3122 4295 3190 4350 ad
3247 4295 3373 4348 tria.

1817 4401 1996 4467 Quare
2052 4399 2248 4455 ibidem
2308 4397 2545 4452 maxima
2599 4395 2716 4450 dies
2770 4394 3028 4446 horarutn
3078 4396 3159 4445 est
3209 4385 3377 4463 aequi-

141 4489 235 4538 καὶ
279 4493 328 4554 γ’
371 4488 604 4554 ἔγγιστα
656 4485 1107 4555 πεμπτημορίων.
1143 4484 1215 4537 Τὸ
1264 4485 1318 4538 δὲ
1366 4485 1576 4557 ἐξαρμα
1618 4487 1702 4541 τοί

1823 4493 2138 4548 noctialium
2169 4492 2234 4545 M
2275 4498 2329 4545 et
2378 4487 2460 4542 ὅδ’
2491 4487 2729 4541 circiter.
2763 4483 2879 4539 Poli
2927 4488 3104 4536 autem
3148 4477 3377 4584 altitude

142 4580 308 4632 πόλου
347 4577 562 4650 μοιρῶν
605 4577 682 4642 λζ’
711 4577 786 4640 ὡς
831 4576 1078 4646 ἔγγιστα.
1123 4580 1296 4632 Ὅπου
1333 4579 1447 4649 δὲή
1484 4582 1711 4652 μεγίστη

141 4672 328 4743 ἡμέρα
369 4672 533 4740 λόγον
582 4670 695 4740 ἔχει
741 4672 876 4742 πρὸς
917 4672 1014 4743 τὴν
1045 4673 1356 4744 ἐλαχίστην,
1393 4674 1451 4727 ὃν
1498 4674 1610 4745 ἔχει
1650 4676 1719 4729 τὰ

144 4769 182 4814 ε’
212 4765 352 4834 πρὸς
383 4764 453 4816 τὰ
482 4769 555 4831 γ’,
576 4763 693 4814 ἐκεῖ
721 4765 754 4833 ὴ
789 4764 886 4833 μὲν
918 4765 1150 4835 μεγίστη
1183 4766 1362 4837 ἡμέρα
1394 4767 1538 4819 ἐστὶν
1561 4766 1718 4837 ὡρῶν

148 4860 207 4906 ιε’
227 4871 240 4883 ο
272 4853 334 4906 τὸ
357 4853 416 4906 δὲ
446 4853 666 4923 ἕξαρμα
698 4853 806 4905 τοῦ.
829 4853 991 4906 πόλου
1020 4854 1221 4924 μοιρῶν
1245 4862 1332 4926 μα’
1364 4855 1438 4918 ὡς
1473 4855 1718 4924 ἔγγιστα.

148 4944 316 5012 Δῆλον
341 4944 552 5006 τοίνυν,
571 4942 653 4994 ὅτι
675 4943 736 4994 οὐ
761 4941 982 4995 δυνατὸν
1006 4944 1064 4995 ὲν
1091 4945 1203 5005 τοῖς
1229 4945 1356 5014 περὶ
1377 4943 1476 5015 τὴν
1499 4942 1723 4998 Ἐλλάδα

148 5033 241 5086 τὸν
273 5031 681 5103 προειρημένον
714 5027 853 5084 εἶναι
887 5031 1042 5099 λόγον
1078 5032 1180 5101 τῆς
1217 5032 1479 5103 μεγίστης
1512 5033 1724 5106 ἡμέρας

153 5125 290 5196 πρὸς
317 5126 422 5197 τὴν
472 5122 786 5194 ἐλαχίστην,
817 5123 954 5177 ἀλλὰ
989 5124 1186 5194 μᾶλλον
1212 5127 1270 5176 ὲν
1321 5127 1432 5186 τοῖς
1463 5125 1592 5198 περὶ
1633 5125 1724 5177 τὸν

167 5217 570 5288 Ἑλλήσποντον
614 5216 820 5278 τόποις.
858 5215 1115 5283 Καίτοιγε
1157 5218 1185 5268 ό
1221 5216 1317 5286 μὲν
1345 5216 1598 5286 Ἀρατος,
1627 5216 1727 5268 οὐκ

161 5308 250 5377 ἀφ’
277 5311 478 5364 ἑαυτοῦ
506 5307 690 5377 κρίσιν
721 5308 848 5378 περὶ
876 5309 983 5360 τῶν
1014 5307 1268 5360 τοιούτων
1302 5308 1726 5379 προφερόμενος,

163 5400 440 5472 γέγραφεν
469 5443 484 5465 ,
524 5398 664 5452 ἀλλὰ
707 5400 785 5469 τῷ
813 5400 1029 5471 Εὐδόξῳ
1060 5400 1154 5453 καὶ
1201 5400 1328 5470 περὶ
1373 5399 1560 5452 τούτου
1595 5417 1728 5452 κατ-

163 5497 535 5567 ακολουθήσας
555 5510 570 5522 ’
611 5494 658 5545 εἰ
683 5493 739 5546 δὲ
765 5495 858 5548 καὶ
887 5495 977 5563 ἀφ’
1011 5492 1202 5546 ἑαυτοῦ
1224 5493 1518 5564 γέγραφεν,
1537 5494 1596 5546 οὐ
1619 5495 1732 5546 δια-

170 5595 420 5660 σαφήσας
459 5590 518 5640 ὲν
541 5586 714 5650 ποίοις
735 5588 882 5641 ἐστὶν
908 5591 940 5660 ἡ
968 5587 1333 5660 προειρημένη
1375 5587 1612 5656 ἔγκλισις
1636 5586 1730 5642 τοῦ

170 5684 410 5753 κόσμου,
467 5682 614 5751 τάχα
673 5679 739 5733 ἂν
792 5681 932 5736 κατά
977 5697 1040 5750 γε
1085 5679 1244 5734 τοῦτο
1289 5680 1622 5751 διακρούοιτο
1671 5679 1732 5733 τὸ

173 5772 440 5847 ιγκλημα.
530 5773 590 5825 '0
653 5770 896 5842 μέντοιγε
961 5772 1221 5837 Ἀτταλος
1295 5771 1733 5844 ὁμολογουμένως

1820 4585 2054 4654 partium
2085 4594 2169 4637 est
2199 4580 2308 4637 fere
2343 4579 2431 4634 57.
2470 4577 2541 4631 At
2586 4577 2677 4632 ubi
2715 4575 2964 4630 maxima:
3010 4571 3116 4626 diei
3152 4569 3289 4623 ratio
3311 4567 3378 4622 ad

1822 4674 2200 4729 brevissimam
2239 4669 2508 4736 eiusmodi
2539 4676 2644 4732 est,
2679 4665 2857 4737 qualis
2883 4659 3192 4721 estFadZ,
3224 4658 3297 4712 ibi
3325 4663 3380 4711 et

1823 4765 1940 4821 dies
1982 4764 2218 4818 maxima
2266 4761 2525 4816 horarum
2567 4769 2652 4813 est
2694 4757 2781 4821 l5,
2834 4763 2887 4810 et
2928 4754 3085 4825 polus
3124 4748 3380 4821 gradibus

1819 4857 1882 4910 41
1919 4856 2138 4910 circiter
2168 4854 2452 4908 attollitur.
2488 4851 2726 4921 Apparet
2742 4862 2882 4918 ergo
2915 4844 3030 4899 fieri
3055 4858 3164 4897 non
3197 4853 3378 4909 posse,

1825 4957 1886 5002 ut
1925 4949 1978 5001 in
2019 4943 2224 5000 Grazcia
2263 4944 2403 4999 ratio
2442 4943 2533 4997 illa
2575 4943 2647 4996 sit
2683 4939 2934 4994 maximae
2971 4937 3075 4992 diei
3121 4933 3187 4988 ad
3229 4932 3384 4987 mini-

1823 5054 1967 5092 mam
1995 5080 2010 5105 ,
2069 5036 2165 5093 sed
2216 5037 2396 5107 potius
2443 5036 2496 5091 id
2549 5036 2603 5090 in
2650 5029 2982 5102 Hellesponti
3022 5034 3199 5083 tractu
3252 5040 3377 5080 con-

1824 5130 2051 5200 tingere.
2107 5126 2428 5196 Quanquam
2470 5141 2578 5181 non
2614 5141 2682 5180 ex
2725 5129 2917 5191 suopte
2947 5118 3155 5189 judicio
3203 5117 3270 5172 iis
3319 5120 3386 5171 de

1825 5223 1990 5277 rebus
2023 5220 2384 5290 pronuntians
2431 5218 2536 5274 ista
2565 5215 2786 5284 scripsit
2812 5213 3043 5277 Aratus;
3074 5209 3165 5265 sed
3195 5208 3248 5261 in
3279 5206 3388 5261 illis

1828 5316 1990 5371 etiam
2034 5313 2277 5368 imitatus
2324 5311 2628 5366 Eudoxum.
2676 5305 2829 5374 Quod
2877 5305 2922 5358 si
2972 5301 3236 5374 judicium
3274 5298 3390 5367 ipse

1831 5422 1992 5462 suum
2037 5404 2448 5475 interposuerit,
2513 5410 2693 5456 tamen
2745 5415 2867 5454 cum
2914 5397 2967 5452 id
3009 5411 3118 5450 non
3167 5407 3389 5462 expres-

1832 5499 1999 5563 serit,
2044 5498 2374 5568 quibusnam
2430 5492 2742 5565 regionibus
2784 5489 2944 5544 talem
2990 5485 3111 5541 εαξιί
3157 5486 3389 5553 positum

1832 5591 2176 5653 attribuerit,
2246 5590 2352 5645 hac
2395 5589 2606 5643 ratione
2665 5583 2878 5653 culpam
2925 5595 2956 5633 a
3008 5593 3067 5633 se
3113 5573 3392 5646 deprecari

1833 5684 2068 5739 videtur.
2103 5681 2317 5737 Attalus
2356 5695 2486 5736 vero
2533 5677 2668 5732 citra
2702 5668 3127 5728 controversiam
3159 5664 3386 5730 castiga-

1841 5776 1992 5834 tione
2037 5774 2234 5845 dignus
2287 5778 2389 5837 est,
2443 5770 2536 5842 qui
2593 5767 2792 5824 diserte
2847 5761 3037 5850 scribit
3087 5759 3140 5813 in
3190 5753 3397 5812 Graecia“
