3816 6312
475 351 614 422 ιοεδ

1461 338 1551 394 AD
1591 339 1866 396 EUSEBI!
1903 334 2297 394 CHRONICON
2333 331 2701 391 APPENHIX.

3587 328 3706 386 ωει

471 471 684 536 Quibus
713 468 928 524 Attalus
967 466 1258 537 caeterique
1311 464 1667 522 subscribunt
1708 474 1918 517 omnes.
1981 458 2019 512 ll

2143 448 2237 517 Οἷς
2267 455 2295 507 ὅ
2324 469 2385 506 τε
2422 450 2689 513 ’Ἄτταλος
2746 446 2839 502 καὶ
2891 449 2940 500 οἱ
2994 446 3166 500 λοιποὶ
3231 447 3434 511 πάντες
3504 465 3704 502 συνεπι-

472 561 577 614 hoc
608 573 738 614 vero
768 558 902 623 falli,
944 573 1011 613 ex
1036 571 1104 612 eo
1140 553 1489 612 manifestum
1511 561 1614 609 est.
1648 550 1782 605 Nam
1811 547 2037 618 majoris

472 648 630 705 Ursa;
661 657 828 720 caput
858 665 926 704 ex
949 649 1194 713 illorum,
1219 663 1360 718 quos
1389 646 1525 710 dixi,
1549 645 1842 710 sententia,
1881 641 2037 698 stella

468 747 556 794 est
581 741 855 794 borealior
882 740 1117 794 duarum
1149 737 1587 794 antecedentium
1621 738 1676 791 in
1720 735 1987 790 laterculo
2019 749 2034 786 ;

470 838 528 884 at
560 831 616 886 in
653 832 883 902 pedibus
908 832 1273 888 anterioribus
1303 831 1406 886 sita
1447 828 1873 885 est'earumdem
1905 828 2031 883 stel-

469 923 647 977 larum
679 924 994 978 australior.
1040 922 1194 989 Quod
1239 923 1382 978 enim
1423 921 1635 977 stellam
1669 923 1826 976 istam
1865 921 1919 974 in
1946 935 2038 976 ca-

470 1014 584 1084 pite
611 1015 903 1080 collocent,
941 1017 1076 1070 satis
1110 1029 1176 1070 eo
1208 1015 1604 1077 demonstrant,
1633 1017 1776 1084 quod
1823 1013 2036 1069 stellam

468 1105 525 1159 in
551 1115 793 1161 extrema
825 1106 1089 1163 Draconis
1112 1108 1285 1162 cauda
1315 1107 1572 1177 positam,
1601 1106 1656 1160 in
1676 1107 1831 1162 Ursae
1857 1107 2037 1176 capite

467 1194 824 1249 constitutam
854 1211 976 1250 esse
1025 1197 1227 1251 dicant.
1262 1195 1426 1266 Atqui
1450 1196 1600 1250 nulla
1629 1204 1714 1250 est
1741 1197 1844 1250 alia
1879 1197 2036 1251 stella

463 1283 623 1352 juxta
649 1302 766 1341 eam
789 1327 804 1351 ,
840 1304 962 1358 qua:
1000 1298 1094 1344 est.
1129 1289 1184 1343 in
1239 1297 1482 1345 extrema
1525 1287 1700 1344 cauda
1746 1288 2032 1353 Draconis,

467 1380 831 1448 p'raaterquam
877 1380 1150 1435 borealior
1189 1381 1628 1436 antecedentium
1658 1380 1713 1435 in
1744 1381 2030 1436 laterculo.

469 1463 750 1536 Siquidem
783 1471 939 1524 stella
976 1472 1080 1526 ista
1113 1488 1236 1543 quae
1259 1481 1341 1528 est
1377 1473 1434 1527 in
1477 1473 1822 1529 extremitate
1847 1472 2035 1528 cauda?

468 1553 754 1620 Draconis,
785 1560 992 1615 obtinet
1027 1563 1080 1616 in
1125 1563 1386 1633 parallelo
1435 1565 1644 1618 circulo
1683 1563 1880 1620 Leonis
1912 1580 2035 1634 par-

466 1652 577 1701 tem
608 1649 857 1715 tertiam;
891 1652 1048 1705 stella
1077 1667 1239 1720 vero,
1267 1653 1334 1707 de
1359 1668 1466 1722 qua
1494 1653 1753 1719 diximus,
1785 1655 1843 1708 in
1872 1655 2033 1710 later-

466 1737 594 1792 culo
626 1739 754 1803 sita,
784 1741 948 1809 paulo
1003 1742 1188 1797 minus
1249 1743 1408 1798 tertia
1440 1753 1594 1814 parte
1617 1745 1737 1814 ejus
1779 1755 2028 1816 occupat.

2146 545 2467 617 γράφονται.
2495 544 2617 596 Ὀτι
2653 539 2709 594 δὲ
2743 533 3044 607 ἀγνοοῦσιν,
3077 539 3138 592 ἐκ
3166 538 3368 593 τούτων
3402 539 3522 592 ἐστὶ
3561 556 3703 609 φανε-

2149 637 2258 708 ρόν.
2305 635 2370 688 Ἦ
2400 634 2497 706 μὲν
2521 632 2632 704 γὰρ
2675 630 2882 702 κεφαλὴ
2911 631 3008 701 τῆς
3038 630 3280 700 μεγάλης
3315 631 3554 701 Ἀρκτου
3583 631 3703 683 κατὰ

2146 729 2275 789 τοὺς
2301 724 2734 796 προειρημένους
2759 720 2956 794 ἄνδρας
2979 721 3122 774 ἐστὶν
3139 722 3166 772 6
3194 719 3531 792 βορειότερος
3550 721 3704 793 ἀστὴρ

2144 817 2250 870 τῶν
2268 816 2312 888 β’
2331 815 2437 869 τῶν
2457 815 2770 887 ἡγουμένων
2789 814 2846 866 ὲν
2861 811 2937 883 τῷ
2954 812 3104 865 πλινθ
3115 812 3195 880 io)-
3216 811 3306 864 ἐπὶ
3329 812 3387 864 δὲ
3403 811 3513 864 τῶν
3525 813 3703 883 ἐμπρο-

2146 907 2309 961 σθίων
2340 907 2513 961 ποδῶν
2543 909 2716 960 κεῖται
2744 908 2773 958 6
2798 904 3110 976 νοτιὼτερος
3127 903 3234 957 τῶν
3257 903 3437 957 αὐτῶν
3453 904 3700 975 ἀστέρων.

2145 999 2268 1052 Ὅτι
2305 1000 2401 1070 μὲν
2427 998 2536 1069 γὰρ
2563 1000 2592 1050 6
2621 996 3016 1068 προειρημένος
3045 995 3215 1067 ἀστὴρ
3250 995 3370 1048 κατ’
3404 995 3602 1059 αὐτοὺς
3625 996 3704 1047 ἐπὶ

2141 1094 2239 1162 τῆς
2289 1093 2532 1162 κεφαλῆς
2564 1094 2760 1156 κεῖται,
2807 1091 3040 1161 φανερὸν
3097 1089 3252 1142 τοῦτο
3282 1088 3530 1143 ποιοῦσιν
3565 1088 3625 1141 ἐκ
3651 1105 3701 1141 τε

2142 1183 2234 1237 τοῦ
2255 1184 2431 1253 λέγειν
2453 1185 2543 1237 τὸν
2561 1186 2618 1236 ὲν
2645 1183 2788 1253 ἄκρᾳ
2815 1185 2878 1252 τῇ
2911 1183 3046 1253 οὐρᾷ.
3063 1181 3155 1234 τοῦ
3181 1181 3488 1252 Δράκοντος
3515 1181 3702 1250 ἀστέρα

2143 1275 2352 1329 κεῖσθαι
2379 1275 2519 1330 κατὰ
2545 1274 2642 1346 τὴν
2684 1272 2923 1344 κεφαλὴν
2951 1273 3050 1343 τῆς
3085 1274 3345 1344 Ἀρκτου.
3395 1272 3513 1325 Οὐκ
3561 1271 3702 1336 ἄλλος

2141 1366 2248 1438 γὰρ
2300 1370 2477 1421 κεῖται
2527 1365 2701 1436 ἀστὴρ
2755 1363 2896 1417 κατὰ
2942 1365 3035 1418 τὸν
3069 1367 3125 1418 ὲν
3167 1364 3313 1436 ἄκρα
3343 1367 3410 1436 τῇ
3444 1365 3582 1436 οὐρᾷ
3618 1364 3699 1417 τού

2140 1457 2460 1528 Δράκοντος,
2493 1456 2603 1509 ἀλλ’
2633 1457 2661 1508 6
2691 1455 3026 1528 βορειότερος
3057 1455 3165 1509 τῶν
3198 1456 3520 1528 ἡγουμένων
3555 1456 3610 1508 ἐν
3634 1454 3701 1525 τῷ

2141 1548 2386 1620 πλινθίῳ·
2424 1550 2453 1601 6
2485 1549 2582 1620 μὲν
2637 1549 2744 1621 γὰρ
2777 1551 2833 1602 ὲν
2860 1549 3005 1621 ἄκρᾳ
3035 1552 3100 1620 τῇ
3127 1549 3264 1621 οὐρᾷ
3291 1548 3385 1602 τοῦ
3414 1549 3700 1620 Δράκοντος

2139 1639 2348 1710 ἐπέχει,
2396 1639 2472 1702 ὡς
2516 1639 2657 1693 κατὰ
2698 1639 3036 1711 παράλληλον
3093 1637 3310 1703 κύκλον,
3361 1638 3458 1691 τοῦ
3490 1639 3699 1700 Λέοντος

2143 1729 2253 1801 μοί.
2286 1739 2334 1800 γ’
2353 1749 2367 1761 ⁸
2397 1733 2425 1784 6
2451 1731 2507 1784 δὲ
2545 1731 2831 1804 εἰρημένος
2869 1731 3042 1802 ἀστὴρ
3077 1733 3134 1784 ἐν
3163 1730 3240 1802 τῷ
3275 1730 3504 1800 πλινθίῳ
3528 1731 3698 1799 ἐπέχει

466 1827 603 1883 Nam
640 1830 785 1900 quod
822 1832 877 1886 in
906 1836 1276 1890 anterioribus
1306 1837 1535 1906 pedibus
1557 1839 1851 1893 australior
1880 1846 2019 1895 ante-

2134 1818 2225 1872 τοῦ
2242 1819 2464 1884 Λέοντος
2483 1819 2664 1892 μικρῴ
2700 1819 2922 1874 ἔλασσον
2942 1819 3049 1873 τῶν
3073 1826 3122 1888 γ’
3142 1818 3365 1891 μοιρῶν.
3398 1820 3521 1872 Ὅτι
3545 1817 3599 1870 δὲ
3619 1817 3697 1870 ἐπὶ

466 1919 779 1974 cedentium
820 1923 874 1976 in
917 1924 1180 1981 laterculo
1201 1927 1308 1982 sita
1338 1929 1429 1994 sit,
1459 1929 1616 1983 docet
1652 1928 1906 1986 Eudoxus
1951 1930 2036 1986 bis

468 2011 700 2068 verbis:
745 2033 764 2065 ‹
809 2015 951 2070 Ante
989 2017 1157 2087 pedes
1217 2020 1521 2077 anteriores
1550 2019 1703 2078 Ursae
1753 2023 1908 2078 stella
1951 2032 2035 2079 est

468 2100 674 2156 lucida.
716 2122 735 2154 ι
765 2102 901 2159 Tum
929 2106 1167 2164 Aratus:

469 2276 660 2401 Sutilis
693 2280 742 2364 ei
776 2292 896 2338 ante
927 2285 1080 2352 pedes
1113 2286 1281 2356 fertur
1307 2287 1553 2359 claraque
1587 2306 1911 2401 magnaque,

522 2364 593 2401 na
619 2351 830 2401 auidem
867 2355 962 2401 sub
991 2357 1244 2401 humeris-
1274 2375 1379 2401 nnn
1415 2376 1533 2401 1mm
1565 2360 1668 2401 lum
1711 2377 1739 2401 η
1769 2372 1911 2401 loris“

522 2364 593 2402 na
619 2351 830 2418 quidem
867 2351 962 2408 sub
991 2351 1246 2424 humeris,
1274 2375 1379 2413 una
1415 2351 1533 2414 vero
1564 2351 1739 2413 lumbo
1769 2351 1915 2414 tenus
1943 2361 2036 2415 de-

1625 2429 2030 2502 [scendautibua

533 2528 670 2586 Nam
722 2537 1101 2594 australiorem
1155 2541 1594 2599 antecedentium
1651 2545 1707 2600 in
1767 2546 2032 2602 laterculo

465 2623 723 2692 praecedit
748 2642 856 2681 una
881 2632 1257 2688 tantummodo
1277 2633 1456 2689 lucida
1491 2637 1682 2704 stella;
1707 2653 1829 2708 quae
1856 2640 1910 2693 in
1934 2654 2036 2694 an-

463 2715 758 2774 terioribus
786 2723 1038 2780 cruribus
1062 2724 1330 2798 hodieque
1359 2737 1716 2787 monstratur.

531 2809 728 2879 Atque,
749 2821 807 2866 ut
834 2816 1086 2873 universe
1106 2818 1360 2887 dixerim,
1385 2827 1597 2879 veteres
1615 2839 1805 2880 omnes
1822 2833 2029 2894 septem

461 2899 595 2955 solis
633 2903 806 2959 stellis
855 2905 1051 2963 Ursam
1093 2909 1437 2982 conﬁgurare
1479 2914 1746 2969 solebant.
1797 2914 1883 2970 Fit
1927 2932 2028 2970 au-

460 2999 589 3056 tem,
619 2995 764 3063 quod
793 3011 823 3050 a
859 2998 1017 3054 nobis
1042 3001 1250 3058 dictum
1284 3013 1388 3074 est,
1420 3005 1475 3060 in
1499 3006 1708 3062 minore
1742 3006 1879 3063 Ursa
1915 3025 2028 3064 ma-

460 3081 737 3141 nifestius.
768 3085 999 3146 Constat
1027 3092 1172 3148 enim
1205 3104 1370 3166 caput
1405 3095 1526 3165 ejus
1554 3112 1618 3151 ac
1652 3097 1817 3167 pedes
1857 3099 1910 3154 in
1957 3101 2026 3156 iis

458 3181 697 3240 quatuor
718 3179 978 3236 collocari
1000 3185 1197 3249 stellis,
1235 3163 1356 3258 qua:
1382 3163 1709 3244 laterculuin
1746 3191 2022 3246 ambiunt:
2053 3163 2095 3221 Ο

457 3265 657 3335 quippe
708 3271 872 3326 nulla:
913 3273 1048 3344 ipsis
1089 3277 1339 3346 adjacent
1366 3279 1486 3334 alia:
1523 3280 1839 3350 splendidze,
1882 3284 2027 3337 velut

457 3357 651 3424 majori
701 3361 999 3432 laterculo;
1036 3377 1095 3421 ut
1127 3368 1275 3425 illius
1323 3379 1488 3441 caput
1531 3387 1595 3426 ac
1639 3373 1805 3442 pedes
1845 3373 2028 3428 defor-

455 3456 626 3515 ment,
655 3468 776 3522 quae
805 3454 1064 3514 Draconis
1110 3462 1260 3530 spira
1302 3462 1634 3529 circumdat,
1664 3471 1724 3518 ut
1767 3463 1910 3521 idem
1938 3481 2026 3522 as-

455 3541 591 3594 serit
624 3558 637 3593 :

460 3738 524 3794 In
548 3744 694 3810 spira
725 3760 841 3799 vero
868 3744 1146 3816 Cynosura
1179 3762 1336 3820 caput
1362 3753 1535 3808 habet.
1569 3753 1694 3809 Haec
1719 3766 1891 3812 autem
1922 3762 2026 3813 cir-

471 3879 710 3936 Volvilur
736 3895 926 3954 caput,
960 3887 1106 3960 eique
1134 3891 1202 3944 ad
1225 3891 1406 3965 pedem
1435 3823 1914 3965 ιιδᾳυὶοἴνέξνυὲξιδίῗη

529 3991 659 4057 Quae
682 4009 805 4050 cum
832 3997 908 4051 ita
939 4015 999 4055 se
1029 4000 1286 4070 habeant,
1319 4003 1412 4076 qui
1457 4005 1574 4061 ﬁeri
1605 4015 1804 4076 potest,
1830 4017 1888 4062 ut
1920 4004 2022 4066 sub

460 4081 596 4139 Ursa
625 4083 839 4142 Gemini
893 4104 958 4145 ac
988 4090 1196 4149 Cancer
1217 4095 1468 4165 jaceant,
1500 4101 1546 4154 si
1584 4099 1802 4168 quidem
1859 4111 2024 4172 caput

455 4176 868 4249 anterioresque
894 4183 1058 4252 pedes
1083 4186 1138 4239 in
1166 4185 1365 4242 Leonis
1387 4198 1541 4258 parte
1571 4191 1730 4246 tertia
1747 4193 2020 4248 collocen-

452 4269 584 4320 tur?
631 4270 902 4335 Quocirca
945 4275 1096 4332 solus
1145 4279 1248 4334 sub
1280 4277 1419 4334 Ursa
1468 4278 1578 4335 Leo
1602 4283 2020 4338 constituendus

451 4367 556 4414 est.
593 4359 726 4416 Nam
745 4379 868 4433 qua:
897 4365 950 4420 in
985 4369 1380 4437 posterioribus
1407 4371 1548 4426 inest
1575 4371 1726 4429 Ursae
1762 4374 2016 4444 pedibus,

454 4451 509 4504 in
534 4452 734 4520 quibus
763 4457 1064 4512 australior
1096 4462 1507 4517 succedentium
1540 4462 1594 4517 in
1625 4463 1889 4520 laterculo
1911 4465 2017 4520 sita
2046 4500 2095 4560 ι)

449 4550 555 4608 est,
589 4541 785 4599 Leonis
828 4548 1010 4603 minus
1041 4549 1252 4606 obtinet
1282 4562 1435 4622 parte
1459 4553 1550 4607 25.
1581 4553 1818 4610 Omnino
1863 4571 2014 4621 vero,

449 4631 496 4685 si
552 4635 892 4702 propositum
943 4637 1046 4692 hoc
1091 4650 1256 4706 esset,
1299 4657 1394 4710 per
1439 4650 1604 4696 totam
1643 4642 1837 4699 Ursam
1868 4653 2015 4700 aste-

449 4719 650 4777 rismos
703 4723 846 4779 ullos
875 4725 1199 4797 designare;
1237 4731 1340 4783 sub
1364 4746 1426 4785 ea
1455 4730 1732 4803 Virginem
1755 4731 2014 4791 ‘maxime

446 4825 648 4881 ponere
680 4816 966 4882 oportuit:
1003 4817 1112 4871 imo
1149 4818 1441 4874 Chelarum
1491 4821 1736 4892 profecto
1778 4832 2008 4893 partem.

445 4901 660 4956 Etenim
684 4919 807 4973 quae
833 4913 917 4961 est
940 4907 994 4960 in
1019 4917 1263 4964 extrema
1281 4910 1433 4967 Ursa:
1460 4913 1654 4978 cauda,
1686 4913 1754 4969 de
1779 4923 2008 4986 septem,

441 5007 564 5061 qua:
593 5003 724 5050 sunt
769 4995 837 5050 ad
863 4997 1152 5081 orientem,
1183 5002 1373 5056 ultima
1394 5041 1409 5067 ,
1443 5005 1742 5059 secundum
1773 5009 2009 5076 paralle-

441 5083 553 5136 lnm
584 5084 951 5154 aequinoctiali
983 5090 1250 5146 circulum
1281 5101 1488 5163 partem
1528 5096 1817 5153 Chelarum
1854 5098 2010 5171 105

438 5171 651 5227 obtinet
670 5184 923 5244 quartam
947 5196 961 5245 ;
981 5181 1126 5249 quod
1146 5183 1226 5236 sic
1258 5183 1484 5256 intelligi
1513 5187 1658 5251 volo,
1688 5195 1747 5242 ut
1776 5191 2006 5258 tropica,

437 5269 492 5315 et
523 5266 932 5334 aequinoctialia
970 5282 1169 5340 puncta
1210 5275 1264 5329 in
1297 5275 1577 5348 signorum
1607 5279 1893 5350 principiis
1924 5281 2008 5335 lo-

438 5363 658 5413 centur.
692 5356 789 5413 Sin
818 5375 881 5414 ea
931 5377 1056 5418 cum
1087 5363 1311 5422 Eudoxo
1341 5368 1538 5424 mediis
1591 5369 1762 5440 signis
1813 5370 2010 5426 inseri-

508 5513 553 5542 “’
587 5514 626 5581 ί.
662 5517 691 5568 6
719 5516 844 5587 γάρ.

510 5664 621 5742 (ξδ’)
651 5671 718 5720 El
734 5671 1007 5742 μέντοιγε
1046 5673 1117 5726 τὰ
1145 5671 1444 5740 εἰρημένα.
1482 5670 1616 5726 Vide
1647 5689 1765 5741 qua:
1794 5675 1861 5730 de
1895 5675 1988 5729 Eu-

441 5731 568 5790 doxi
601 5731 892 5806 Sententia,
943 5731 996 5796 et
1041 5731 1209 5797 mira-
1238 5731 1536 5813 Hipparchi
1585 5731 2004 5801 hallucinatione

2137 1911 2245 1963 τῶν
2297 1910 2647 1982 ἐμπροσθίων
2701 1910 2878 1964 ποδῶν
2926 1913 3099 1965 κεῖται
3137 1913 3165 1965 6
3225 1909 3548 1980 νοτιώτερος
3602 1906 3698 1960 τῶν

2137 2003 2455 2073 ἡγουμένων
2502 2005 2559 2056 ὲν
2596 2003 2675 2074 τῷ
2704 2002 2949 2074 πλινθίῳ,
2978 2003 3208 2074 φανερὸν
3239 2005 3385 2056 ποιεῖ
3413 2004 3442 2054 6
3473 2002 3570 2074 μὲν
3607 1999 3698 2054 Εὖ-

2135 2091 2285 2156 δοξος
2319 2091 2490 2161 λέγων
2519 2091 2691 2156 οὕτως
2711 2109 2724 2123 '
2760 2111 2779 2144 ‹
2804 2093 2917 2164 Πρὸ
2936 2092 2992 2146 δὲ
3010 2092 3118 2145 τῶν
3148 2091 3498 2163 ἐμπροσθίων
3538 2089 3697 2144 ποδῶν

2132 2178 2234 2248 τῆς
2267 2179 2504 2250 Ἀρκτου
2541 2179 2714 2251 ἀστήρ
2741 2180 2856 2233 ὲστι
2881 2179 3164 2251 λαμπρός⁹
3199 2200 3216 2232 ι
3236 2183 3264 2234 6
3295 2179 3354 2232 δὲ
3382 2181 3635 2251 Ἀρατοςο

2129 2287 2266 2364 Οζός
2299 2295 2353 2364 ot
2381 2292 2498 2364 πρὸ
2528 2293 2730 2364 ποδῶν
2759 2294 2994 2364 φέρεται
3025 2296 3211 2362 καλός
3239 2312 3300 2349 τε
3329 2295 3523 2364 μέγας
3550 2311 3612 2348 τε

2125 2357 2252 2429 Εἷς-⁷
2259 2363 2377 2432 μὲν
2403 2357 2503 2418 ὑπ’
2531 2357 2790 2434 ὠμαίωνῖ
2817 2357 2904 2431 εἷς
2929 2364 2981 2418 δ’
3013 2357 3252 2429 ιξυόθέν
3274 2357 3614 2419 κὰτιόνὲων.

2205 2539 2312 2595 Τοῦ
2343 2541 2451 2612 γὰρ
2467 2542 2785 2615 νοτιωτέρου
2811 2542 2920 2597 τῶν
2945 2541 3259 2615 ἡγουμένων
3292 2543 3351 2595 έν
3379 2541 3458 2612 τῷ
3485 2540 3692 2612 πλινθίῳ

2131 2628 2212 2698 εἷς
2259 2634 2418 2705 μόνος
2465 2639 2787 2708 προηγεῖται
2816 2636 3066 2707 λαμπρὸς
3090 2634 3282 2706 ἀστὴρ,
3317 2635 3347 2687 6
3381 2635 3478 2688 νῦν
3509 2635 3567 2688 έν
3592 2636 3692 2696 τοῖς

2130 2727 2484 2799 ἐμπροσθίοις
2515 2729 2730 2782 σκέλεσι
2757 2726 3121 2798 δεικνύμενος.

2202 2817 2448 2873 Καθόλου
2475 2837 2534 2872 τε
2563 2822 2611 2873 οί
2636 2821 2849 2890 ἀρχαῖοι
2881 2819 3078 2883 πάντες
3105 2819 3204 2890 τὴν
3231 2819 3468 2889 Ἀρκτον
3498 2819 3561 2871 ἐκ
3594 2816 3695 2869 τῶν

2128 2912 2172 2976 ζ’
2204 2911 2379 2980 μόνων
2406 2912 2649 2982 ἀστέρων
2665 2909 2967 2965 διετύπουν.
2994 2911 3228 2982 Φανερὸν
3249 2910 3305 2963 δὲ
3333 2910 3534 2982 μᾶλλον
3562 2908 3695 2978 γίνε-

2127 3021 2214 3056 ται
2245 3003 2306 3056 τὸ
2329 3003 2616 3074 λεγόμενον
2647 3003 2736 3074 ὐφ’
2775 3003 2930 3074 ἡμῶν
2966 3003 3058 3056 ἐπὶ
3083 3002 3183 3072 τῆς
3208 3003 3414 3074 μικρᾶς
3447 3004 3690 3074 Ἄρκτου.

2141 3093 2617 3166 Ὀμολογουμένως
2663 3094 2772 3166 γὰρ
2825 3095 2912 3148 ἐπ’
2955 3095 3170 3166 ἐκείνης
3203 3094 3238 3164 ἦ
3275 3111 3338 3147 τε
3371 3093 3581 3164 κεφαλὴ
3609 3092 3693 3144 καὶ

2129 3184 2179 3236 οἱ
2219 3183 2375 3246 πόδες
2407 3185 2464 3238 ἐν
2496 3186 2608 3247 τοῖς
2639 3183 2933 3255 τέσσαρσιν
2962 3184 3051 3236 ὑπ’
3080 3182 3260 3235 αὐτῶν
3303 3182 3560 3244 τίθενται,
3589 3181 3692 3242 τοῖς

2127 3275 2188 3328 τὸ
2216 3274 2454 3328 πλινθίον
2481 3275 2850 3346 περιέχουσιν
2885 3273 3034 3329 ἄλλοι
3082 3272 3189 3344 γάρ
3229 3273 3416 3336 αὐτοῖς
3450 3273 3691 3341 ἐκφανεῖς

2127 3367 2187 3420 οὐ
2232 3365 2609 3437 παράκεινται,
2632 3365 2880 3434 καθάπερ
2908 3363 2986 3435 τῷ
3019 3363 3238 3433 μεγάλῳ
3266 3361 3522 3432 πλινθίῳ⁸
3560 3359 3690 3413 ὥστε

2129 3459 2533 3530 συσχηματίσαι
2565 3458 2665 3528 τὴν
2698 3456 2938 3526 κεφαλὴν
2975 3455 3143 3524 αὐτῆς
3197 3454 3291 3507 καὶ
3341 3455 3464 3518 τούς
3513 3452 3690 3516 πόδας,

2127 3548 2698 3620 περιλαμϐανομένους
2737 3546 2841 3601 ὐπὸ
2868 3546 2966 3619 τῆς
2999 3545 3227 3616 σπείρας
3254 3544 3348 3598 τοῦ
3377 3545 3687 3617 Δράκοντοςο

2125 3639 2200 3703 ῶς
2233 3655 2364 3711 φησι
2385 3656 2399 3669 ο

2127 3753 2347 3822 Σπείρῃ
2390 3751 2441 3804 δ’
2493 3752 2562 3805 ἐν
2620 3753 2974 3816 Κυνόσουρα
3022 3748 3170 3817 κάρη
3209 3749 3368 3817 ἔχει’
3402 3749 3441 3837 ᾗ
3474 3747 3690 3837 δὲμαΐ

2123 3884 2381 3940 Εἰλεῖται
2408 3884 2704 3954 κεφαλὴν,
2731 3886 2832 3939 καί
2861 3890 2914 3941 οἱ
2937 3885 3124 3952 ποδὸς
3149 3816 3613 3956 ἔρχεται

2194 3996 2395 4050 Τούτου
2426 3997 2473 4049 δ’
2501 3995 2672 4059 οὕτως
2697 3996 2930 4066 ἔχοντος,
2953 3997 3070 4062 πῶς
3094 4000 3208 4052 ἐστι
3226 3997 3452 4052 δυνατὸν
3472 3997 3574 4050 ὑπὸ
3596 3996 3686 4065 τὴν

2129 4091 2359 4160 ’Ἄρκτον
2385 4088 2599 4151 τούςθτε
2623 4088 2888 4159 Διδύμους
2917 4090 3011 4144 καὶ
3039 4090 3130 4143 τὸν
3161 4089 3438 4160 Καρκίνον
3465 4087 3682 4151 κεῖσθαι,

2123 4178 2280 4249 εἴπερ
2304 4178 2338 4248 ἦ
2368 4195 2426 4229 τε
2455 4176 2796 4249 κεφαλὴ,καὶ
2830 4179 2879 4231 οἱ
2905 4178 3221 4251 ὲμπρὸσθιοι
3246 4179 3404 4243 πόδες
3429 4177 3568 4233 κατὰ
3597 4176 3683 4246 τὴν

2122 4277 2170 4338 γ’
2203 4270 2296 4325 τοῦ
2322 4270 2548 4334 Λέοντος
2589 4273 2795 4324 κεῖνται
2826 4274 3052 4342 μοῖραν;
3084 4273 3175 4324 Δεῖ
3195 4268 3287 4325 οὖν
3313 4271 3420 4326 ὑπὸ
3459 4271 3554 4342 μὲν
3594 4268 3682 4341 τὴν

2127 4362 2359 4432 ’Ἄρκτον
2387 4361 2477 4414 τὸν
2492 4362 2697 4415 Λέοντα
2739 4361 2897 4430 μόνον
2922 4361 3197 4431 τετάχθαι.
3230 4363 3294 4415 Οί
3314 4360 3480 4433 γάρ⁶²
3496 4363 3552 4414 έν
3580 4361 3681 4422 τοῖς

2121 4452 2386 4515 ὀπισθίοις
2411 4451 2579 4522 αὐτῆς
2606 4453 2786 4514 ποσὶν,
2808 4453 2891 4521 ἐφ’
2913 4445 2988 4505 ὧν
3022 4455 3168 4506 ἐστιν
3187 4454 3216 4506 6
3243 4452 3559 4525 νοτιώτερος
3580 4450 3681 4503 τῶν

2125 4542 2405 4612 ἑπομένων
2431 4545 2488 4595 ἐν
2520 4542 2597 4613 τῷ
2619 4543 2865 4615 πλινθίῳ,
2890 4544 2982 4597 τοῦ
3009 4543 3235 4606 Λέοντος
3261 4544 3447 4615 ἐπέχει
3473 4544 3680 4596 ἔλασσον

2121 4633 2230 4688 τῶν
2248 4639 2322 4686 κε’
2344 4632 2568 4703 μοιρῶν.
2597 4634 2719 4696 Τοῖς
2745 4633 2788 4686 δ’
2803 4634 2963 4698 ὅλοις,
2981 4634 3138 4704 εἴπερ
3155 4627 3442 4704 προέκειτο
3459 4631 3678 4705 σημῆναι

2119 4744 2239 4780 τινα
2262 4726 2427 4791 ζώδια
2443 4725 2564 4779 καθ’
2582 4726 2708 4797 ὅλην
2740 4727 2838 4796 τὴν
2875 4726 3128 4798 Ἀρκτον,
3157 4725 3262 4779 ἔδει
3290 4726 3389 4797 τὴν
3421 4725 3678 4797 Παρθένον

2121 4820 2212 4872 ὑπ’
2242 4817 2412 4886 αὐτὴν
2449 4815 2628 4881 τάξαι,
2659 4818 2752 4870 καὶ
2786 4818 2850 4889 νὴ
2898 4817 2995 4872 Δία
3039 4818 3202 4888 μέρος
3236 4817 3348 4871 τῶν
3388 4817 3591 4887 Χηλῶν.
3621 4815 3677 4868 '0

2119 4909 2227 4983 γὰρ
2254 4909 2314 4963 ὲν
2340 4910 2488 4982 ἄκρα
2522 4911 2586 4980 τῇ
2613 4909 2749 4980 οὐρᾷ
2778 4910 2876 4978 τῆς
2912 4909 2974 4960 ’A
2986 4925 3167 4978 ρκτου,
3193 4909 3252 4972 ὃς
3291 4910 3439 4963 ἐστιν
3471 4908 3676 4979 ἔσχατος

2116 5002 2223 5056 τῶν
2253 5001 2387 5074 πρὸς
2421 5002 2682 5065 ἀνατολὰς
2700 5001 2807 5054 τῶν
2833 5000 2875 5064 ζ’
2919 5000 3058 5054 κατὰ
3096 5001 3443 5078 παράλληλον
3469 5001 3540 5071 τῷ
3569 5001 3675 5067 ἰση-

2120 5092 2322 5164 μερινῷ
2368 5093 2570 5163 κύκλῳ,
2603 5093 2787 5162 ἐπέχει
2836 5092 3030 5164 Χηλῶν
3073 5094 3181 5162 μοῖ.
3209 5093 3282 5146 δ”
3347 5092 3488 5160 λέγω
3523 5091 3573 5144 δὲ
3602 5089 3674 5152 ὡς

2115 5185 2224 5239 τῶν
2271 5186 2548 5258 τροπικῶν
2576 5186 2670 5238 καὶ
2713 5184 3038 5257 ίσημερινῶν
3073 5184 3317 5255 σημείων
3351 5186 3409 5238 ὲν
3443 5186 3553 5246 ταῖς
3579 5183 3673 5253 ἀρ·

2116 5282 2235 5353 χαῖς
2273 5278 2380 5333 τῶν
2425 5279 2631 5344 ζῳδίων
2653 5277 3026 5348 ὑπαρχόντων.
3050 5277 3114 5329 Et
3144 5277 3328 5346 μέντοι
3354 5295 3418 5345 γε
3450 5274 3514 5329 τὰ
3535 5275 3672 5343 5191;-

2120 5372 2255 5443 μένα
2291 5371 2404 5443 (55)
2435 5369 2577 5424 κατὰ
2627 5369 2767 5440 μέσα
2805 5368 2872 5421 τὰ
2907 5366 3069 5432 ζῴδια
3095 5370 3296 5430 κεῖται.
3335 5367 3411 5432 ὼς
3464 5362 3672 5427 Εὔδοξός

2108 5677 2448 5745 disputamus
2473 5678 2633 5738 infra,
2663 5679 2773 5733 col.
2798 5678 2949 5732 ιδει.
2972 5677 3269 5746 Depravata
3289 5688 3416 5734 sunt
3444 5691 3554 5747 quae
3580 5689 3668 5747 ser

2111 5743 2372 5817 quuntur.
2417 5749 2727 5822 Legendum
2784 5764 2969 5809 aSSero
3017 5743 3163 5804 nono
3208 5750 3335 5807 inde
3387 5743 3536 5806 versu
3575 5743 3667 5802 τὸν
