3816 6314
159 273 287 330 1025

1185 275 1552 334 HIPPARCHI
1594 279 1686 332 AD
1722 279 2170 336 ΡΗᾹΞΝΟΜΕΝΑ
2209 282 2338 340 LIB.
2375 283 2412 341 Ι.

3273 293 3415 350 i026

154 412 342 466 φησιν,
377 395 486 449 ὑπὸ
515 396 616 468 μὲν
659 399 786 461 τοὺς
830 397 1107 462 ὀπισθίούς
1141 399 1306 464 πόδας
1337 401 1437 472 τῆς
1489 403 1688 476 Ἀρκτο

1799 405 2047 472 λικιπιυε,
2087 406 2191 462 sub
2221 407 2374 463 Ursa:
2417 415 2818 479 posterioribus
2861 408 3096 481 pedibus
3134 427 3244 467 non
3276 409 3414 470 Leo-

152 487 208 538 ού
233 484 320 539 τὸν
357 487 570 541 Λέοντα
615 488 721 541 ἔδει
755 489 976 554 τιθέναι,
1005 489 1139 543 ἀλλὰ
1186 491 1284 562 τὴν
1334 493 1628 565 Παρθένον.
1670 495 1728 549 '0

153 578 246 645 μὲν
290 578 401 649 γὰρ
446 579 763 652 νοτιώτερος
817 581 924 634 τῶν
976 581 1255 653 ἑπομένων
1301 585 1359 636 ὲν
1393 583 1471 656 τῷ
1502 585 1728 658 πλινθίῳ

149 668 328 738 ἐπέχει
385 671 534 724 κατὰ
577 671 675 742 τὴν
728 674 1130 746 προειρημένην
1171 675 1434 746 διαίρεσιν
1472 675 1566 729 τοῦ
1623 676 1727 741 ζω-

147 759 326 814 διακοῦ
404 762 508 832 τῆς
569 762 845 834 Παρθένου
901 765 1010 835 μοί.
1081 771 1146 817 ι’·
1200 768 1229 819 6
1272 765 1330 820 δὲ
1391 765 1726 839 βορειότερος

144 855 237 922 τῆς
292 853 576 924 Παρθένου
628 855 757 928 περὶ
807 856 917 926 μοί.
971 863 1065 922 ις’.
1103 858 1261 912 Κατὰ
1298 859 1354 912 δὲ
1398 860 1499 930 τὴν
1556 877 1724 930 κεφα-

143 941 234 1014 λὴν
273 944 370 996 καὶ
404 945 533 1008 τοὺς
563 945 927 1018 ἐμπροσθίους
955 948 1122 1012 πόδας
1153 948 1258 1002 ἔδει
1294 949 1598 1003 τεθεικέναι
1630 950 1722 1004 τὸν

142 1034 412 1105 Καρκίνον
431 1037 497 1090 ⁷⁰.
531 1039 592 1090 UE
620 1036 729 1109 γὰρ
777 1038 1069 1110 ἡγούμενοι
1124 1039 1232 1094 τῶν
1279 1042 1335 1094 ἐν
1381 1041 1458 1113 τῷ
1494 1041 1722 1113 πλινθίῳ

139 1126 384 1196 ὲφέξουσι
426 1128 568 1182 κατὰ
594 1129 692 1200 τὴν
727 1131 1128 1203 προειρημένην
1155 1132 1415 1204 διαίρεσιν
1445 1134 1720 1205 Καρκίνου

140 1221 244 1289 μοί.
275 1227 368 1291 ιη’.
407 1221 578 1290 Δῆλον
629 1222 686 1274 δὲ
735 1223 829 1275 καὶ
869 1225 933 1276 ἐκ
969 1223 1077 1276 τῶν
1111 1225 1438 1296 εἰρημένων,
1463 1227 1556 1278 καὶ
1586 1226 1719 1279 διότι

137 1313 219 1380 639'
256 1313 388 1382 ὃλην
416 1312 523 1384 ’τὴν
552 1314 808 1383 Ἀρκτον,
841 1314 983 1368 κατὰ
1015 1315 1106 1368 τὸν
1128 1315 1373 1383 Εὔδοξον,
1398 1317 1479 1370 δεῖ
1505 1317 1717 1371 κεῖσθαι

133 1400 218 1456 τὸν
243 1403 546 1476 Καρκίνον,
566 1405 660 1458 καὶ
679 1405 770 1459 τὸν
805 1406 1027 1473 Λέοντα,
1052 1407 1148 1460 καὶ
1176 1407 1274 1479 τὴν
1305 1408 1600 1480 Παρθένον,
1623 1409 1716 1462 καὶ

132 1495 221 1560 τὰς
237 1496 446 1568 Χηλὰς.
464 1498 525 1549 '0
539 1497 646 1568 γὰρ
665 1499 722 1550 ὲν
741 1498 885 1570 ἄκρᾳ
899 1502 964 1570 τῇ
983 1501 1120 1572 οὐρᾷ
1139 1501 1237 1572 τῆς
1254 1502 1488 1570 ’Ἄρκτου
1505 1502 1713 1571 ἐπέχει,

130 1586 264 1639 κατὰ
294 1585 395 1657 τὴν
429 1586 600 1658 αὐτὴν
627 1586 892 1658 διαίρεσιν
921 1587 1014 1641 τοῦ
1047 1589 1336 1654 ζωδιακοῦ,
1367 1589 1560 1660 Χηλῶν
1587 1593 1714 1663 περὶ

131 1679 236 1749 μοί.
279 1679 370 1732 ιθ’.

1835 513 1982 561 nem,
2023 499 2118 552 sed
2148 497 2425 570 Virginem
2457 507 2698 556 statuere
2723 503 3001 559 convenit.
3038 503 3172 558 Nam
3198 515 3413 562 austra-

1836 591 1940 644 lior
1993 592 2404 647 succedentium
2446 592 2500 646 in
2551 593 2839 658 laterculo,
2879 611 2948 650 ex
2991 611 3055 652 ea
3086 613 3250 667 quam
3297 598 3412 652 dixi

1834 682 2130 752 partitione
2157 685 2392 749 zodiaci,
2421 685 2694 740 decimam
2724 695 2935 757 partem
2960 686 3206 758 Virginis
3237 697 3408 754 tenet;

1834 773 2109 830 borealior
2141 786 2351 840 autem,
2380 776 2623 849 Virginis
2669 780 2892 834 circiter
2916 781 3003 835 16.
3038 781 3209 836 Porro
3258 782 3409 836 circa

1831 873 1995 936 caput
2024 875 2078 923 et
2107 870 2408 924 anteriores
2435 868 2601 939 pedes
2629 871 2986 927 collocandus
3018 881 3138 927 erat
3172 872 3405 927 Cancer.

1829 961 2042 1032 Quippe
2075 963 2446 1034 prascedentes
2478 981 2666 1020 earum
2696 983 2818 1038 quae
2847 977 2976 1022 sunt
3010 968 3066 1022 in
3115 969 3403 1032 laterculo.

1828 1075 1894 1114 ex
1927 1061 2018 1114 illa
2045 1061 2258 1116 zodiaci
2294 1062 2568 1118 divisione
2592 1071 2802 1134 partem
2836 1063 3034 1118 Cancri
3077 1063 3144 1118 18
3189 1065 3406 1120 obtine-

1826 1149 1983 1206 bunt.
2019 1151 2097 1206 Ex
2125 1153 2289 1208 dictis
2331 1164 2511 1210 autem
2543 1155 2766 1210 evidens
2795 1163 2900 1221 est,
2943 1157 3046 1212 sub
3078 1155 3218 1211 Ursa
3263 1166 3398 1218 tota.

1825 1242 2128 1297 secundum
2158 1243 2469 1312 Eudoxum,
2497 1245 3066 1310 Cancrum,Leonem.
3097 1248 3396 1318 Virginem,

1823 1341 1878 1388 et
1905 1334 2104 1392 Chelas
2134 1336 2393 1391 collocari
2419 1338 2638 1393 debere.
2659 1337 2791 1392 Nam
2821 1354 2943 1410 quae
2957 1347 3041 1394 est
3069 1341 3125 1393 in
3152 1347 3401 1395 extrema

1823 1425 1981 1481 Ursze
2009 1428 2204 1492 cauda,
2229 1443 2295 1484 ex
2333 1429 2521 1484 eadem
2550 1429 2642 1484 illa
2685 1429 2958 1486 divisione
2990 1431 3222 1499 zodiaci,
3253 1432 3397 1486 Che-

1823 1516 1998 1574 larum
2031 1529 2242 1590 partem
2283 1522 2492 1576 obtinet
2519 1522 2631 1578 fere
2655 1523 2738 1579 19.\

192 1774 296 1825 lA'.
325 1772 496 1826 Πάλιν
523 1771 570 1825 δ’
600 1773 628 1825 6
661 1772 895 1842 Ἀρατος
928 1771 1055 1844 περὶ
1089 1771 1184 1827 τοῦ
1225 1771 1470 1845 Ἠνιὸχου
1511 1774 1685 1845 λέγων

1881 1761 1973 1818 XI.
2002 1761 2217 1819 Rursus
2268 1763 2471 1821 Aratus
2516 1763 2583 1820 de
2617 1764 2820 1836 Auriga
2856 1765 3086 1836 loquens
3119 1764 3224 1820 ista
3253 1765 3384 1821 sub-

125 1867 379 1937 ὲπιφὲρει
410 1865 568 1919 ταυτί
595 1883 608 1894 ·

136 1973 288 2046 Ἀλλ’
317 1971 434 2046 αἰεὶ
469 1972 831 2046 Ταῦροςλῦϐ)
859 1970 1332 2044 προφερέστερος
1369 1976 1655 2046 Ἠνιόχοιο

122 2046 222 2109 Εις
243 2044 463 2113 ἑτέρην
492 2043 840 2112 καταϐῆναι,
873 2043 1180 2113 ὁμηλυσίῃ
1217 2043 1329 2114 περ
1357 2043 1648 2102 ἀνελθών.

186 2135 497 2203 Διαφωνείν
521 2128 614 2187 οὖν
641 2151 733 2204 μοι
757 2133 905 2186 δοκεῖ
944 2134 1082 2206 πρὸς
1101 2135 1167 2187 τὰ
1199 2137 1498 2207 φαινόμενα
1527 2139 1620 2191 καὶ
1647 2139 1706 2192 ὲν

119 2225 348 2288 τούτοις.
377 2225 486 2278 Τοῦ
522 2223 631 2296 γὰρ
675 2225 919 2296 Ἦνιόχου
963 2226 1012 2278 oi
1058 2224 1219 2288 πόδες
1266 2225 1427 2296 μόνον
1474 2228 1589 2299 ἅμα
1626 2229 1705 2300 τῷ

119 2319 319 2391 Ταύρῳ
350 2317 869 2387 συναναφαίνονται·
914 2317 974 2370 τὸ
1017 2317 1075 2371 δὲ
1109 2316 1293 2370 λοιπὸν
1336 2319 1500 2372 αὑτοῦ
1544 2319 1703 2392 σῶμα

116 2416 224 2477 τοῖς
268 2411 471 2483 Ἰχθύσι
505 2413 600 2465 καὶ
628 2411 704 2482 τῷ
738 2409 892 2483 Κριῷ
937 2410 1336 2464 συνανατέλλει.
1384 2413 1496 2466 Καὶ
1541 2412 1703 2478 αὐτὸς

113 2503 170 2556 δὲ
199 2505 259 2557 ἐν
290 2507 404 2567 τοῖς
438 2503 568 2572 ἑξῆς
602 2520 766 2574 φησιν
789 2520 802 2533 ·

127 2636 280 2690 Ἀλλ’
327 2638 579 2705 Ἐριεροι,
609 2636 786 2691 ,λαιοῦ
826 2653 890 2691 τε
936 2635 1116 2706 θέναρ
1161 2636 1346 2704 ποδὸς
1365 2677 1379 2702 ,
1420 2639 1551 2726 Ατιγξ
1578 2638 1700 2720 03‘»-

1564 2727 1594 2762 τ

120 2778 317 2846 Ταύρῳ
345 2775 813 2846 συμφορέονται.
1458 2710 1636 2781 [αυτιι

123 2933 262 2986 Ἀλλ’
289 2935 391 2988 ὅσα
413 2933 564 3002 λέγει
593 2933 791 3005 Ταύρῳ
822 2933 1220 3006 συμφέρεσθαι,
1245 2935 1420 2989 ταῦτα
1449 2939 1568 2988 κατ’
1599 2953 1698 2990 au-

112 3027 198 3079 τὸν
229 3027 345 3097 ἅμα
381 3026 463 3096 τῷ
494 3024 651 3096 Κριῷ
680 3025 994 3078 ἀνατέλλειο
1032 3027 1125 3081 ἐπὶ
1167 3027 1385 3081 πάντων
1431 3027 1540 3099 γὰρ
1587 3027 1695 3080 τῶν

1806 1854 1960 1925 jicit:

1810 1971 1913 2026 Sed
1941 1986 2142 2041 semper
2170 1971 2378 2024 Taurus
2399 1971 2614 2040 pronior
2648 1971 2846 2041 Auriga

1809 2041 1876 2096 In
1889 2058 2135 2096 occasum
2148 2043 2527 2104 descendendo,
2538 2043 2656 2110 pari
2671 2057 2887 2094 ascensu
2903 2041 3138 2111 alioquin
3150 2051 3383 2096 exortus.

1877 2132 1937 2188 ln
1967 2134 2166 2204 quibus
2196 2135 2266 2189 ab
2300 2134 2636 2204 apparentiis
2678 2134 2814 2203 ipsis
2857 2133 3124 2188 dissidere
3153 2133 3285 2187 mihi
3314 2132 3390 2185 vi-

1805 2224 1986 2281 detur.
2021 2224 2237 2280 Etenim
2276 2223 2494 2295 Auriga:
2539 2223 2808 2278 duntaxat
2838 2223 3005 2294 pedes
3031 2238 3155 2277 cum
3201 2221 3387 2275 Tauro

1805 2317 1966 2371 simul
1989 2324 2310 2387 emergunt;
2348 2317 2619 2386 reliquum
2653 2330 2855 2385 corpus
2890 2331 3016 2368 cum
3047 2313 3299 2370 Piscibus
3326 2319 3387 2368 et

1803 2409 1988 2464 Ariete
2049 2409 2393 2465 conscendit.
2447 2408 2588 2474 Quin
2642 2406 2783 2462 idem
2844 2408 2963 2477 ipse
3010 2406 3271 2475 deinceps
3308 2405 3384 2458 ita

1803 2499 1995 2555 scribit
2023 2518 2036 2554 :

1801 2631 1905 2688 Sed
1936 2632 2118 2694 Πίναξ,
2137 2633 2445 2700 sinistrique
2475 2632 2592 2686 vola
2620 2629 2764 2695 pedis
2791 2629 2967 2700 Capra
2994 2647 3112 2684 cum
3141 2632 3259 2700 ipsa

1801 2764 1933 2822 Cum
1977 2765 2154 2820 Tauro
2193 2766 2456 2836 feruntur.

1867 2927 1936 2982 At
1962 2940 2304 2998 quaecunque
2337 2923 2466 2978 ferri
2493 2939 2616 2978 cum
2664 2922 2846 2978 Tauro
2885 2923 3105 2987 asserit,
3147 2937 3210 2978 ea
3252 2938 3377 2978 cum

1796 3021 1980 3077 Ariete
2023 3034 2264 3090 quoque,
2316 3026 2376 3071 ut
2427 3017 2566 3072 idem
2617 3017 2802 3079 sentit,
2845 3023 3092 3071 exortum
3125 3015 3376 3070 faciunt:

109 3120 322 3190 ἄστρων
365 3118 468 3183 τὰς
518 3117 882 3182 συνανατολὰς
934 3117 1076 3171 οὕτω
1121 3119 1404 3190 σημαίνει·
1440 3115 1552 3173 οἷον
1600 3121 1688 3192 τῆς

1799 3113 2056 3184 quoniam
2091 3111 2146 3164 in
2178 3107 2689 3165 constellationibus
2722 3107 2977 3161 omnibus
3006 3113 3230 3160 coortus
3273 3105 3378 3159 hoc

110 3211 283 3282 ἀρχῆς
309 3210 400 3269 τοῦ
431 3210 625 3274 ζωδίου
651 3210 742 3263 ὲπὶ
764 3209 864 3279 τῆς
900 3209 1162 3282 ἀνατολῆς
1196 3210 1384 3283 οὔσης,
1419 3212 1539 3265 τίνα
1565 3213 1696 3266 ἀνα-

109 3302 409 3357 τεταλκότα
459 3303 628 3370 ἐγγὺς
669 3301 763 3354 τοῦ
806 3301 1078 3372 ὁρίζοντος
1127 3303 1398 3371 φαίνεται.
1443 3301 1550 3356 Τοῦ
1595 3303 1695 3373 μὲν

105 3377 398 3466 ἂριστεροῦ
442 3394 603 3458 ποδὸς
641 3392 774 3447 πολὺ
822 3393 1209 3466 προανατέλλει
1248 3397 1276 3448 6
1324 3393 1497 3461 δεξιὸς
1524 3388 1694 3466 ὦμος,

109 3489 198 3542 καὶ
228 3489 262 3559 ἡ
301 3487 456 3552 δεξιὰ
496 3487 636 3558 χείρ.
689 3486 958 3559 Πρόδηλον
991 3483 1083 3540 οὖν
1115 3487 1196 3540 ὅτι
1233 3487 1326 3539 καὶ
1370 3489 1492 3540 κατ’
1535 3487 1697 3542 αὐτὸν

107 3579 194 3634 τὸν
227 3581 293 3633 'A
304 3597 468 3651 ρατον
495 3579 568 3632 τὰ
597 3578 730 3650 πρὸς
759 3580 871 3642 τοῖς
895 3579 1021 3631 ποσὶ
1053 3578 1211 3648 μόνον
1239 3577 1316 3649 τῷ
1344 3578 1544 3650 Ταύρῳ
1572 3595 1697 3632 συν-

108 3669 382 3722 ανατέλλει
405 3685 420 3698 ·
451 3669 512 3722 τὸ
553 3667 610 3720 δὲ
638 3667 823 3721 λοιπὸν
857 3668 1046 3739 σῶμα,
1080 3668 1175 3721 καὶ
1219 3668 1380 3732 αὐτὸς
1411 3668 1698 3740 ἀριστερὸς

105 3883 310 3941 Λέοντα
329 3900 429 3958 pro
443 3885 536 3938 τὸν
559 3884 858 3958 Καρκίνον,
889 3893 1099 3958 et__mox
1147 3883 1375 3958 Λέοντος
1427 3885 1538 3958 μοί.
1563 3956 1571 3958 _
1593 3892 1685 3957 ιη’,

107 3970 204 4026 pro
218 3954 524 4026 Καρκίνου.
542 3954 902 4026 Asterismum
928 3954 1081 4010 Ursae
1115 3956 1342 4023 majoris
1363 3954 1598 4026 antiqui,
1630 3954 1691 4011 ut

106 4025 270 4081 refert
292 4025 663 4096 Hipparchus,
695 4034 899 4095 septem
929 4041 1035 4080 non
1071 4027 1306 4096 amplius
1338 4025 1690 4081 circumscri-

105 4111 262 4164 psere
292 4099 495 4160 stellis,
531 4111 653 4164 quae
685 4104 1020 4165 componunt
1052 4095 1451 4166 τὴνἊμαξαν.
1492 4098 1570 4150 Ex
1600 4097 1686 4152 his

103 4167 494 4222 antecedentes
542 4167 663 4221 duae
709 4167 762 4219 in
812 4166 1106 4231 laterculo;
1159 4181 1391 4236 quarum
1435 4167 1686 4236 superior

104 4237 299 4308 capitis
322 4238 446 4291 loco
480 4237 844 4308 censebatur;
894 4236 1160 4308 inferior,
1200 4237 1396 4306 pedum
1444 4239 1684 4308 anterio-

105 4305 251 4373 ruin;
274 4309 326 4361 in
356 4306 532 4377 gradu
553 4305 750 4360 Leonis
785 4306 944 4361 tertio
971 4305 1336 4368 collocantur,
1381 4307 1680 4361 secundum

103 4393 224 4447 eam
250 4377 470 4447 zodiaci,
499 4378 867 4447 partitionem.
907 4391 1028 4446 qua:
1068 4377 1367 4430 cardinalia
1391 4379 1546 4447 signa
1571 4377 1681 4429 τῶν

103 4445 306 4511 ζωδίων
348 4446 530 4501 initiis
561 4446 827 4508 ascribit;
893 4445 949 4499 at
977 4448 1310 4515 posteriores
1337 4445 1527 4516 pedes;
1560 4462 1683 4516 quae

101 4527 230 4571 sunt
280 4517 540 4587 laterculi
580 4517 909 4586 posteriores
969 4519 1112 4587 duae,
1144 4519 1199 4572 iu
1251 4517 1421 4587 gradu
1478 4517 1678 4572 Leonis

101 4591 290 4656 quinto
321 4595 380 4642 et
409 4585 677 4658 vicesimo
704 4597 1002 4658 ponuntur.
1018 4586 1145 4658 iam
1180 4587 1228 4642 si
1258 4585 1679 4658 aequinoctialia

103 4666 155 4710 et
183 4657 504 4713 solstitialia
537 4665 734 4725 puncta
773 4656 966 4711 mediis
1015 4656 1068 4710 in
1123 4658 1297 4725 signis
1339 4656 1672 4721 constituas,

103 4728 200 4782 hoc
226 4735 318 4783 est
352 4728 401 4782 si
429 4726 743 4796 quindecim
770 4726 1055 4797 gradibus,
1109 4726 1196 4783 vel
1236 4727 1466 4782 dimidio
1507 4727 1679 4782 dede-

102 4798 409 4853 catemorio
469 4803 776 4867 antevertas
840 4798 1180 4867 singulorum
1241 4798 1418 4864 initia,
1453 4813 1678 4852 necesse

101 4877 178 4922 est
211 4869 295 4922 uti
326 4866 714 4921 australiorem
733 4866 1141 4922 succedentium
1168 4868 1221 4920 in
1253 4868 1536 4932 laterculo,
1587 4869 1673 4922 cui

102 4940 447 5005 posteriores
491 4936 658 5008 pedes
683 4936 1032 5008 ailinguntur,
1056 4937 1402 5008 adVirginisi
1444 4937 1673 5008 gradum

101 5008 378 5062 decimum
399 5021 431 5060 a
458 5021 566 5075 xxv
597 5006 793 5060 Leonis
822 5024 835 5059 :
869 5007 948 5062 sic
973 5006 1275 5061 anteriores
1307 5006 1470 5075 pedes
1498 5023 1527 5059 a
1562 5015 1674 5062 ter-

101 5078 172 5132 tio
197 5076 434 5146 Leonis,
465 5074 859 5146 adgrdecimum
896 5083 1146 5130 octavum
1174 5074 1393 5146 utique
1444 5077 1672 5131 descen-

99 5147 242 5202 dere.
273 5145 523 5200 Proinde
545 5145 748 5214 liquido
765 5154 978 5200 constat
996 5144 1394 5200 emendandum
1420 5147 1500 5201 sic
1523 5162 1668 5208 esse,

99 5226 153 5270 ut
182 5217 288 5272 Leo
316 5231 423 5287 pro
442 5215 658 5287 Cancro
691 5217 979 5286 utrobique
1007 5223 1324 5287 reponatur.
1356 5215 1472 5287 Nisi
1530 5216 1671 5287 forte

98 5285 406 5360 παρόραμα
439 5285 493 5338 id
521 5285 969 5360 sc_ript_oris,non
996 5285 1303 5360 ἁμάρτημα
1361 5286 1483 5339 fuit.
1539 5285 1670 5360 Ilip-

98 5355 341 5426 parchus
373 5363 430 5410 et
466 5355 687 5426 antiqui
708 5355 1075 5426 longitudines
1104 5357 1380 5426 stellarum
1413 5360 1465 5410 in
1494 5358 1669 5426 aaqui-

97 5424 344 5490 noctiali,
395 5424 482 5478 vel
539 5424 600 5495 ei
653 5427 913 5495 parallelo
965 5425 1174 5479 circulo
1227 5424 1664 5495 computabant:

95 5513 253 5568 quem
287 5499 461 5551 etiam
485 5493 788 5568 zodiacum,
817 5495 1046 5568 ejusque
1077 5505 1258 5568 partes
1287 5493 1451 5568 ςώδια
1484 5497 1664 5568 uomi-

96 5563 323 5627 nahant.
350 5565 501 5635 quod
531 5565 686 5618 valde
701 5566 900 5635 miror.
930 5563 1032 5635 Sic,
1053 5563 1108 5618 et
1139 5565 1193 5619 in
1218 5567 1368 5621 calce
1400 5567 1527 5621 libri
1563 5567 1666 5620 hu-

91 5638 177 5703 jus
202 5634 401 5700 ζὼδιον
435 5635 668 5706 appellat
693 5634 1174 5706 δωδεκατημοριον.

161 5709 276 5779 (56)
333 5703 1089 5774 Ἀλλναιεὶ-Ταῦροςᾙιίἱα
1131 5704 1382 5778 equidem
1437 5705 1666 5775 φιλονει-

1801 3205 1964 3260 modo
1995 3203 2304 3273 signiﬁcat;
2332 3202 2480 3257 velut
2501 3201 2656 3255 initio
2673 3200 2812 3270 signi
2844 3200 2899 3254 in
2930 3199 3214 3253 horizonte
3240 3213 3377 3270 con-

1801 3299 2018 3359 stituto,
2058 3310 2309 3365 quamam
2342 3301 2532 3350 exorta
2565 3292 2811 3363 proxime
2841 3291 3180 3347 horizontem
3212 3305 3378 3362 appa-

1802 3399 1974 3447 reant.
2008 3388 2181 3444 Porro
2203 3389 2360 3459 longe
2388 3394 2513 3443 ante
2535 3385 2820 3442 sinistrum
2847 3383 3038 3454 pedem
3061 3383 3252 3438 dexter
3272 3383 3378 3435 hu-

1802 3496 2008 3547 merus,
2050 3479 2350 3549 dextraque
2407 3492 2604 3532 manus
2657 3475 2852 3530 oritur.
2899 3473 2977 3527 Ex
3015 3489 3122 3544 quo
3171 3472 3376 3543 liquido

1795 3581 2032 3637 constat,
2081 3571 2382 3628 secundum
2425 3569 2653 3624 Aratum
2697 3567 2896 3638 ipsum,
2932 3581 2996 3622 ea
3037 3565 3213 3622 solum
3255 3580 3376 3635 qua:

1793 3665 1860 3720 ad
1895 3665 2060 3738 pedes
2090 3671 2240 3726 sunt.
2262 3661 2396 3719 oriri
2429 3677 2556 3722 cum
2597 3659 2810 3729 Tauro;
2846 3658 3115 3730 reliquum
3148 3672 3374 3728 corpus,

1794 3883 1938 3958 uiam
1974 3881 2270 3958 Hipparchi
2332 3883 2558 3958 .audare
2607 3899 2717 3940 non
2739 3899 3004 3958 possum,
3037 3886 3131 3957 qui
3166 3893 3367 3958 prater

1791 3955 1883 4024 jus
1913 3952 2139 4030 Aratum
2169 3955 2475 4030 redarguit.
2510 3952 2630 4030 Non
2661 3952 2808 4010 eniin
2864 3952 3071 4030 totum-
3101 3952 3366 4030 Aurigam

1793 4023 1918 4078 cum
1949 4023 2132 4098 Tango
2164 4025 2240 4078 ait
2265 4023 2515 4098 exortum
2550 4023 2753 4098 facere,
2781 4026 3037 4098 sed‘cum
3075 4023 3368 4098 pedes'ille

1794 4110 1925 4168 suos
1953 4095 2018 4148 ad
2048 4093 2286 4168 Taurum
2308 4095 2541 4168 habeat,
2591 4094 2658 4168 de
2681 4095 2767 4149 his
2802 4093 3114 4168 ipsis_loqui
3165 4110 3368 4168 putan-

1791 4165 1895 4220 dus
1922 4175 2024 4228 est,
2054 4172 2111 4217 ut
2145 4164 2568 4240 hicseiisltssit,
2601 4165 2898 4240 interprete
2921 4164 3182 4231 Theone,
3214 4186 3365 4240 qua:-

1791 4251 2008 4304 cunque
2037 4242 2217 4302 partes
2241 4232 2506 4288 Heniochi
2546 4249 2670 4304 cum
2732 4235 2915 4289 Tauro
2959 4232 3360 4301 conscendunt,

1789 4320 1884 4360 eas
1922 4303 2100 4376 simul
2119 4319 2231 4358 non
2260 4305 2550 4376 occidere.
2586 4303 2749 4376 _Nam
2789 4320 2856 4358 ex
2903 4307 2992 4368 iis,
3041 4324 3162 4376 qua:
3195 4311 3361 4364 simul

1789 4374 2418 4446 oriuntur,_bore_aliora,
2457 4372 2604 4446 quod
2635 4375 2898 4446 majorem
2933 4372 3123 4431 arcu-In
3175 4382 3359 4446 paral-

1789 4445 1875 4500 leli
1913 4447 1995 4500 sui
2031 4444 2225 4498 circuli
2257 4459 2422 4512 supra
2462 4443 2730 4496 linitorem
2763 4443 3017 4510 habeant,
3068 4443 3268 4504 lentius
3300 4450 3357 4505 in

1785 4531 2045 4570 occasum
2078 4517 2418 4584 praecipitant
2446 4529 2460 4578 ;
2494 4514 2823 4568 australiora
2858 4530 2988 4569 vero
3011 4517 3176 4572 citius
3207 4521 3358 4574 occi-

1784 4586 1941 4657 dunt.
1992 4585 2210 4657 Atenim
2251 4593 2442 4657 contra
2469 4584 2634 4657 hanc
2695 4584 3133 4657 expositionemw
3161 4588 3356 4657 objicit

1791 4655 2154 4726 Hipparchus,
2208 4655 2380 4726 etiam
2421 4669 2542 4726 (Luat:
2570 4651 2638 4726 ad
2693 4651 2856 4726 pedes
2909 4666 3038 4710 sunt
3090 4651 3350 4712 Heniochi

1781 4722 2244 4796 respondentibus
2282 4724 2395 4796 sibi
2439 4722 2617 4796 Tauri
2656 4725 2917 4796 partibus
2968 4735 3022 4780 et
3075 4729 3354 4796 posterius

1779 4792 2005 4860 oriri,et
2043 4796 2196 4865 prius
2244 4795 2519 4849 occidere.
2585 4792 2831 4865 Sednon
2868 4795 2920 4848 id
2945 4792 3132 4850 verum
3171 4806 3256 4852 est
3295 4799 3350 4852 in

1778 4864 2057 4920 omnibus.
2090 4865 2346 4930 Qumdam
2371 4865 2514 4919 enim
2541 4864 2829 4933 utrobique
2880 4866 3044 4920 simul
3090 4872 3352 4921 exoriun-

1779 4943 1887 4990 tur.
1919 4935 1981 4988 Et
2017 4935 2262 5004 profecto
2286 4935 2456 4990 falsus
2495 4945 2575 4990 est
2604 4933 2981 5004 Hipparchus;
3029 4937 3188 5004 cujus
3242 4937 3349 4992 hoc

1776 5006 1950 5078 oratio
1980 5003 2285 5078 signiﬁcat,
2319 5007 2523 5078 nullam
2548 5003 2711 5059 Tauri
2745 5012 2951 5078 partem
3008 5003 3132 5060 cum
3191 5016 3348 5078 parte

1737 5113 1754 5124 .
1775 5075 1972 5145 pedum
2006 5076 2266 5131 Heniochi
2303 5076 2468 5130 simul
2500 5077 2817 5130 ascendere.
2849 5075 2965 5129 Non
2999 5075 3207 5132 minus'
3238 5078 3344 5132 fal-

1776 5162 1896 5216 sum
1930 5156 2016 5200 cst
2053 5148 2197 5216 quod
2239 5147 2315 5199 ait
2342 5147 2506 5216 pedes
2536 5145 2800 5216 Heniochi
2826 5153 2969 5200 totos
3000 5148 3153 5216 prius
3196 5148 3346 5204 occi-

1773 5215 1923 5276 dere,
1960 5215 2124 5285 quain
2151 5215 2414 5270 Taurum.
2457 5215 2572 5269 Hoc
2602 5218 2682 5268 vel
2716 5215 3011 5286 Hipparchi
3042 5219 3216 5285 ipsius
3246 5235 3344 5272 au-

1772 5287 2024 5341 ctoritate
2071 5287 2437 5349 convincitur,
2487 5287 2578 5356 qui
2609 5287 2700 5340 lib.
2735 5303 2818 5347 m,
2845 5302 2995 5340 num.
3025 5287 3143 5352 XV,
3198 5287 3344 5342 Tau-

1772 5371 1891 5429 rum
1915 5357 1989 5429 ait
2009 5358 2258 5429 occidere
2283 5371 2407 5410 cum
2443 5356 2648 5429 zodiaci
2675 5365 2982 5426 parte,qu:e
3009 5367 3093 5412 est
3116 5375 3145 5412 a
3169 5359 3339 5429 gradu

1769 5425 1970 5480 Arietis
2001 5443 2088 5490 xx,
2119 5427 2184 5480 ad
2217 5425 2380 5479 Tauri
2409 5441 2558 5489 xxvr,
2585 5428 2830 5479 ultimam
2858 5425 3034 5480 autem
3063 5425 3335 5492 occidere,

1770 5511 1890 5561 qius
1922 5505 2004 5552 est
2033 5498 2085 5550 in
2117 5498 2456 5551 extremitate
2487 5497 2694 5550 sinistri
2723 5511 2912 5549 cornu.
2952 5500 3022 5549 At
3049 5500 3189 5554 idem
3233 5498 3338 5554 hoc

1769 5566 1910 5619 libro
1946 5567 2119 5636 primo
2135 5575 2188 5620 et
2217 5581 2442 5636 numero
2472 5565 2539 5619 XI
2574 5573 2648 5618 ait
2680 5565 2928 5620 dextrum
2979 5569 3167 5636 pedem
3228 5568 3335 5624 He-

1769 5635 1960 5690 niochi
1981 5652 2104 5691 cum
2112 5639 2303 5761 'lgradu
2330 5635 2499 5690 Tauri
2549 5650 2700 5690 xxvu
2759 5635 3112 5695 descendere.
3167 5638 3338 5710 Igitur

1769 5708 1918 5761 prius
1939 5713 2084 5761 totus
2160 5723 2326 5761 aurus
2356 5705 2558 5761 occidit
2589 5721 2752 5761 uuam
2787 5708 2952 5761 pedes
2980 5707 3262 5761 Heniochi.

1769 5708 1918 5775 prius
1939 5713 2084 5762 totus
2112 5705 2326 5763 Taurus
2356 5705 2558 5763 occidit
2589 5721 2752 5776 quam
2787 5708 2952 5777 pedes
2980 5705 3262 5766 Heniochi.
