3816 6312
81 262 202 321 1029

83 375 214 430 Τοῖοί
243 374 297 427 ol
329 368 571 441 κεφαλῇ
599 367 986 441 ὑποκείμενρι
1011 363 1222 441 ἀγλαοὶ
1251 357 1392 441 ὦμοι

78 445 331 498 Εἶδονται
353 458 367 470 ⁸
402 431 590 494 ken-51
614 456 680 507 γε
707 431 906 490 καῖἂν
929 434 1208 504 διχόμηνι
1236 431 1470 501 σελήνῃ

78 514 316 570 Εἱσωποὶ
350 511 668 566 τελέθοιεν.

140 625 321 697 Σχεδὸν
353 625 413 677 δὲ
453 624 548 678 καὶ
586 621 694 676 τῶν
728 623 784 674 ὲν
810 623 874 691 τῇ
921 619 1244 691 Ἀνδρομέδα
1274 617 1638 690 λαμπρότεροί

75 724 180 782 εἱσι,
209 719 346 789 πλὴν
372 719 481 770 τῶν
514 719 570 769 ὲν
601 719 666 787 τῇ
699 715 937 785 κεφαλῇ,
975 713 1068 766 καὶ
1102 713 1194 766 τοῦ
1237 713 1502 782 ἑπομένου
1530 711 1638 764 τῶν

75 817 121 866 ὲν
142 816 202 883 τῇ
230 811 400 882 ζώνῃ,
428 809 556 880 περὶ
586 805 653 880 ἦς
690 824 854 878 φησιν
877 823 890 836 ο

839 1009 920 1063 Οὔ
944 1026 1016 1064 σε
1039 1006 1178 1078 μάλ’
1208 1007 1311 1060 οἴω

71 1087 255 1140 Νύκτα
288 1082 772 1152 περισκέψασθαι
798 1099 825 1152 ’ί
846 1082 922 1152 ἶν’
950 1075 1164 1134 αὐτίκα
1182 1078 1423 1152 μᾶλλον
1452 1075 1633 1144 ἴδηαι.

79 1159 198 1223 Τοιή
228 1159 281 1210 οἱ
314 1149 593 1223 κεφαλήν
625 1153 771 1206 τοῖοι
803 1151 869 1205 δέ
896 1155 948 1205 ol
981 1149 1393 1223 ἀμφοτέρωθεν

70 1217 222 1295 Ὤμοι
242 1267 257 1290 ,
283 1217 597 1290 real-addet;
623 1224 958 1292 ἀκρότατοι,
993 1217 1089 1275 καὶ
1129 1219 1354 1290 ζώματα
1383 1217 1598 1271 πάντα.

132 1342 296 1396 Πάλιν
330 1340 388 1394 δὲ
419 1342 570 1410 παρά
611 1337 690 1408 τῷ
723 1335 934 1407 Εὐδόξῳ
968 1333 1364 1406 ἀναστρέφεται
1401 1331 1638 1404 διημαρ-

1053 245 1422 306 IIIPPARCI'II
1462 244 1552 299 AD
1585 241 2032 297 PIIASNOMENA
2073 241 2202 298 LIB.
2245 242 2289 298 I.

3178 242 3320 303 1050

1667 358 1710 414 Α
1778 355 1930 408 Tales
1963 359 2010 411 ei
2039 357 2198 424 capiti
2225 354 2554 423 subjacentes
2583 354 2716 408 clari
2737 352 2940 408 ltumeri

1779 430 2041 494 Apparent
2077 444 2094 480 :
2129 428 2209 480 illi
2238 426 2447 496 quidem
2482 427 2639 478 etiam
2665 429 2820 493 plena
2851 427 2979 480 luna

1774 498 2057 566 (ἐνηερὲσυὶ
2084 507 2275 552 essent.

1772 629 1777 636 ·
1810 610 1923 665 lmo
1956 627 2085 667 vero
2113 609 2506 682 propemodum
2533 611 2699 664 etiam
2722 610 2811 672 iis,
2848 626 2968 680 quia:
3001 611 3054 664 in
3107 610 3318 666 Andro-

1739 705 1895 759 meda
1927 714 2080 769 sunt,
2131 704 2531 775 splendidiores
2580 704 2854 768 videntur,
2911 705 3158 774 exceptis
3209 705 3318 768 his,

1738 813 1860 867 qua:
1888 799 1943 852 in
1973 797 2152 867 capite
2187 809 2334 859 sunt,
2368 807 2422 852 et
2454 797 2786 852 succedente
2807 813 3018 866 earum,
3046 815 3166 870 qua:
3192 807 3315 855 sunt

1739 889 1793 943 in
1825 904 2000 956 zona;
2038 890 2105 944 de
2134 904 2240 960 qua
2278 890 2416 944 idem
2453 908 2467 944 :

2315 1047 2326 1058 .
2356 1047 2368 1059 .
2401 1047 2413 1059 .
2436 1007 2595 1060 Haud
2631 1016 2677 1060 te
2712 1007 2932 1061 multum
2958 1024 3075 1062 reor

1778 1073 1998 1148 1_\'oclem
2028 1075 2318 1145 disquirere
2344 1093 2362 1130 :
2392 1087 2447 1129 ut
2480 1079 2702 1132 subinde
2747 1080 2917 1148 magis
2953 1080 3211 1132 intueare.

1779 1145 1908 1220 tam
1937 1147 2140 1199 clarum
2169 1148 2225 1220 ei
2238 1157 2393 1216 caput
2425 1157 2504 1201 est
2535 1163 2552 1200 :
2581 1160 2686 1202 tam
2713 1145 2849 1202 clari
2871 1151 2991 1202 item
3016 1150 3319 1220 eiutrinquc

1776 1215 2017 1282 Humeri,
2045 1227 2094 1271 et
2128 1218 2282 1286 pedes
2306 1215 2557 1284 extremi,
2587 1230 2636 1274 et
2662 1219 2875 1291 cingula
2907 1221 3105 1274 omnia.

1812 1329 2076 1386 Praeterea
2090 1333 2232 1403 apud
2254 1333 2535 1389 Eudoxum
2558 1351 2840 1406 perperam
2859 1343 3023 1405 caput
3045 1335 3192 1390 Ursa!
3211 1351 3316 1390 ma-

70 1434 304 1505 τημένως
331 1433 579 1503 περὶτῆς
605 1430 848 1500 κεφαλῆς
881 1429 981 1500 τῆς
1014 1427 1253 1499 μεγάλης
1283 1428 1520 1500 Ἀρκτου
1541 1443 1554 1454 ·
1581 1427 1632 1480 ἐν

1763 1425 1874 1479 oris
1905 1425 2228 1495 explicatur.
2253 1425 2386 1480 Nam
2409 1429 2462 1482 in
2485 1443 2648 1497 opere
2685 1429 2797 1490 illo,
2824 1429 2966 1497 quod
2999 1429 3322 1498 inscriptum

73 1529 164 1598 μὲν
187 1526 264 1597 τῷ
310 1526 392 1580 ἑνὶ
426 1526 795 1594 συντάγματι.
829 1523 856 1574 ὃ
888 1523 1252 1595 ἐπιγράφεται
1282 1521 1636 1590 Φαινόμενα,

73 1617 150 1669 τὸν
177 1616 377 1687 τρόπον
416 1613 603 1668 τοῦτον
635 1631 647 1644 ο
686 1632 704 1664 ι
741 1612 877 1665 Ὑπὸ
919 1612 976 1665 δὲ
1023 1611 1114 1664 τὸν
1154 1612 1367 1682 Περσέα
1414 1611 1508 1664 καὶ
1538 1611 1638 1680 τὴν

1738 1525 1821 1570 εει
1856 1516 2228 1583 Phwnomena,
2258 1520 2361 1573 hoc
2391 1521 2552 1574 modo
2577 1521 2820 1590 loquitur
2857 1540 2868 1575 :
2912 1539 2930 1571 ι
2967 1520 3082 1575 Sub
3122 1519 3322 1576 Perseo

1739 1616 1794 1663 et
1818 1605 2110 1678 Cassiepea
2137 1626 2244 1665 non
2276 1612 2432 1666 valde
2451 1613 2660 1667 distans
2683 1621 2764 1667 est
2797 1613 3021 1680 majoris
3055 1610 3204 1667 Ursae
3233 1627 3320 1666 εσυ

73 1707 433 1762 Κασσιέπειαν
459 1707 518 1760 οὐ
561 1705 694 1759 πολὺ
732 1704 984 1776 διέχουσά
1021 1707 1168 1758 ἐστιν
1216 1706 1250 1775 ἡ
1294 1703 1502 1774 κεφαλὴ
1541 1704 1632 1774 τῆς

1758 1713 1861 1774 put.
1888 1705 2192 1774 Interjecta:
2229 1721 2360 1760 vero
2406 1707 2576 1760 stellae
2613 1714 2741 1760 sunt
2780 1708 3049 1761 obscura.
3080 1727 3098 1758 ι
3149 1706 3216 1760 At
3268 1707 3322 1761 in

75 1801 301 1870 μεγάλης
344 1801 601 1870 Ἀρκτου.
638 1800 701 1851 Oi
728 1797 784 1851 δὲ
823 1795 1026 1868 μεταξῦ
1065 1795 1266 1849 τούτων
1309 1795 1537 1867 ἀστέρες
1568 1795 1644 1846 εἰ·

74 1895 146 1945 σὶν
188 1893 464 1963 ἀμαυροὶ·
491 1909 510 1942 ι
557 1892 614 1945 έν
655 1891 712 1944 δὲ
761 1889 839 1962 τῷ
885 1888 1310 1959 ἐπιγραφομένῳ
1352 1888 1644 1955 Ἐνόπτρφ

70 1985 230 2048 οὕτως
254 2001 268 2014 °
288 2005 307 2036 ι
323 1983 587 2038 Ὀπισθεν
609 1983 666 2038 δὲ
689 1982 781 2036 τοῦ
812 1981 1066 2054 Περσέως
1098 1979 1192 2034 καὶ
1221 1979 1372 2052 παρὰ
1404 1978 1470 2032 τὰ
1498 1979 1642 2048 ἰσχία

71 2078 158 2147 τῆς
187 2075 560 2138 Κασσιεπείας
584 2076 643 2129 οὺ
678 2075 808 2128 πολὺ
850 2073 1196 2127 διαλείπουσα
1229 2075 1262 2144 ἠ
1299 2071 1506 2143 κεφαλὴ
1544 2071 1642 2142 τῆς

75 2169 306 2238 μεγάλης
331 2168 572 2239 ¹Ἀρκτου
602 2170 798 2220 κεῖται.
823 2165 887 2221 Οἱ
918 2166 974 2219 δὲ
1013 2165 1213 2236 μεταξὺ
1243 2165 1472 2237 ἀστέρες
1504 2164 1642 2216 εἰσιν

73 2260 318 2331 ἀμαυροῖ,
361 2279 380 2310 ›
433 2257 570 2311 Οὔτε
596 2257 704 2329 γάρ
733 2257 875 2311 κατά
903 2257 997 2329 τὴν
1025 2257 1392 2313 Κασσιέπειαν
1425 2258 1517 2310 καὶ
1553 2258 1642 2311 τὸν

76 2353 280 2423 Περσέα
312 2355 489 2406 κεῖται
514 2353 548 2422 ἡ
579 2351 788 2421 κεφαλὴ
816 2351 915 2420 τῆς
950 2350 1190 2421 μεγάλης
1223 2351 1460 2420 Ἀρκτου
1480 2365 1492 2380 '
1520 2348 1642 2402 οὕτε

78 2445 261 2515 μικρὸν
295 2443 478 2498 αότῶν
514 2444 727 2514 ἀπέχει.
771 2443 837 2496 Ἠ
873 2443 971 2513 μὲν
1006 2443 1113 2513 γὰρ
1153 2441 1491 2496 Κασσιέπειά
1527 2445 1642 2495 ἐστι

75 2535 205 2587 κατὰ
251 2535 349 2605 τὴν
395 2533 505 2586 τῶν
548 2524 766 2602 Ἰχθύων
795 2535 906 2603 μοῖ.
947 2531 1042 2585 ιϐ’·
1080 2532 1186 2584 est
1224 2532 1464 2602 Περσεὺς
1504 2530 1644 2584 κατά

71 2627 153 2677 τὸν
185 2626 350 2698 Κριόν
375 2643 388 2655 °
427 2627 462 2696 ἡ
490 2625 547 2677 δὲ
577 2624 718 2678 κατὰ
762 2623 852 2676 τὸν
898 2622 1124 2689 Εὗδοξον
1157 2621 1266 2690 (58)
1299 2620 1509 2690 κεφαλὴ
1543 2619 1642 2690 τῆς

74 2717 305 2790 μεγάλης
339 2719 576 2788 ’Δρκτου
611 2715 749 2769 κατά
807 2715 906 2787 τὴν
963 2716 1028 2767 t6'
1060 2717 1168 2784 μοῖ.
1198 2715 1242 2745 ⁶³
1272 2712 1362 2766 τοῦ
1395 2712 1638 2775 Λέοντος.

75 2812 286 2879 Ἐγγιον
317 2806 411 2863 οὖν
440 2811 614 2862 εἰπεῖν
647 2808 738 2861 τὸν
769 2808 985 2879 Περσέα
1017 2807 1112 2860 καὶ
1141 2806 1237 2878 τὴν
1269 2805 1642 2858 Κασσιέπειαν

72 2903 274 2956 κεῖσθαι
303 2902 444 2957 κατὰ
484 2903 660 2972 ἄκραν
691 2900 788 2973 τὴν
818 2899 983 2970 οὐρὰν
1012 2899 1112 2970 τῆς
1151 2900 1352 2970 μικρᾶς
1383 2899 1637 2969 Ἄρκτου.

73 2994 278 3066 Ταύτης
320 2995 430 3068 γάρ
463 2997 492 3048 ὁ
525 2993 749 3063 ἔσχατος
779 2993 872 3046 καὶ
915 2991 1295 3062 λαμπρότατος
1328 2988 1501 3060 ἀστὴρ
1531 2990 1642 3041 κεῖ-

71 3104 160 3141 ται
185 3088 320 3141 κατά
363 3089 466 3158 τὴν
499 3092 568 3156 ιη’
604 3088 713 3156 μοῖ.
742 3083 851 3138 τῶν
886 3083 1128 3154 Ἰχθύων.
1169 3083 1226 3135 Ὀ
1255 3083 1310 3136 δὲ
1342 3081 1569 3146 Εὔδοξος
1598 3081 1643 3112 ⁵⁸

71 3181 258 3252 διαιρεί
299 3181 390 3234 τὸν
435 3179 700 3245 ζωδιακὸν
739 3177 937 3232 κύκλον
983 3175 1124 3230 κατά
1167 3175 1265 3247 τὴν
1300 3181 1348 3244 γ’
1391 3177 1499 3246 μοῖ.
1547 3173 1641 3226 τοῦ

76 3274 258 3345 Κριοῦ.

144 3365 232 3419 1Γ’.
280 3363 402 3417 Ἐπὶ
432 3363 491 3417 δὲ
535 3361 630 3415 τοῦ
662 3359 831 3432 Κριοῦ
858 3363 886 3414 ὁ
918 3361 1152 3431 Ἀρατος
1195 3361 1408 3428 ἀγνοεῖν
1451 3376 1538 3430 μοι
1563 3359 1647 3412 δο-

76 3459 172 3520 κεῖ,
202 3458 370 3526 λέγων
407 3457 573 3510 αὑτὸν
610 3455 788 3525 ἀφανῆ
836 3453 1082 3523 γίνεσθαι
1125 3455 1183 3505 ὲν
1216 3454 1283 3524 τῇ
1328 3452 1646 3524 πανσελήνῳ

75 3546 157 3598 διὰ
184 3547 274 3618 την
303 3548 611 3619 μικρότητα
633 3545 740 3598 τῶν
765 3545 1008 3615 ἀστέρων
1037 3561 1051 3574 ο
1082 3545 1191 3598 δεῖν
1213 3544 1268 3596 δὲ
1291 3543 1647 3616 σημειοῦσθαι

75 3638 165 3708 τὴν
192 3639 334 3692 θέσιν
366 3637 536 3691 αὐτοῦ
571 3637 634 3690 ἐκ
661 3655 720 3690 τε
742 3637 849 3689 τῶν
874 3639 932 3688 ὲν
965 3639 1030 3708 τῇ
1059 3636 1204 3710 ζώνῃ
1225 3637 1322 3708 τῆς
1361 3638 1648 3708 Ἀνδρομέ-

75 3729 164 3792 δας
204 3731 450 3801 ἀστέρων
505 3729 601 3782 καὶ
653 3730 716 3781 ἐκ
770 3726 862 3780 τοῦ
908 3728 1312 3798 παρακειμένου
1359 3727 1509 3800 αὐτῷ
1553 3729 1649 3782 ἀπ’

81 3821 302 3891 Ἄρκτου
333 3817 628 3892 τριγώνου.
656 3818 816 3888 Λέγει
839 3817 949 3888 γὰρ
974 3817 1146 3882 οὕτως
1182 3817 1310 3893 περι
1339 3818 1502 3872 αὐτοῦ
1527 3833 1539 3847 ⁸

156 4027 341 4081 Αὑτοῦ
367 4025 469 4079 καὶ
498 4022 698 4092 Κριοῖο
721 4021 1004 4076 θοώταται
1031 4023 1147 4075 εὶσι
1183 4019 1476 4076 κέλευθοι.

78 4139 180 4193 Καὶ
213 4141 328 4212 μετ’
356 4139 538 4208 ὀλίγον
577 4137 830 4208 ἐπιφέρει
856 4153 870 4167 ο

78 4257 256 4319 Αὐτὸς
278 4253 398 4324 μὲν
421 4250 620 4324 reduc
651 4248 1132 4324 σςςιὶ-ἀνξὶστερρςς
1164 4265 1260 4303 οια
1293 4248 1527 4324 σελήνῃ

75 4319 447 4394 Σιέψαᾶθαιο
479 4321 627 4390 ζώνη
662 4320 714 4374 δ’
748 4319 825 4374 ἂν
849 4320 1004 4389 ὅμως
1032 4319 1448 4390 ἐπιτεκμήραιο

1745 1797 1939 1863 altero,
1957 1798 2101 1868 quod
2117 1801 2470 1867 Ἕνοπτρον,
2496 1799 2549 1853 id
2566 1807 2648 1854 est
2663 1797 2961 1868 Speculum,
2976 1799 3322 1854 inscribitur:

1749 1907 1768 1940 ι
1805 1887 1952 1944 Ροηε
1979 1906 2110 1944 vero
2138 1890 2396 1946 Perseum
2431 1902 2486 1946 et
2511 1893 2579 1946 ad
2611 1892 2916 1963 Cassiepeze
2949 1909 3136 1957 coxas,
3179 1893 3324 1948 haud

1744 1979 1904 2051 longo
1935 1983 2220 2052 interjecto
2249 1985 2424 2054 spatio
2468 1986 2633 2040 situm
2665 1993 2751 2039 est
2796 1987 3020 2056 majoris
3052 1985 3204 2043 Ursae
3231 2003 3324 2043 ca-

1744 2083 1876 2143 put;
1915 2076 2088 2130 stella:
2116 2086 2298 2131 autem
2350 2077 2689 2148 interposita:
2715 2089 2845 2132 sunt
2868 2081 3141 2134 obscurae.
3176 2101 3193 2132 ι
3224 2079 3324 2135 Ve-

1745 2181 1867 2218 rum
1905 2183 2004 2222 nec
2031 2169 2095 2222 ad
2129 2168 2480 2239 Cassiepeam
2519 2185 2582 2223 ac
2609 2168 2869 2225 Perseum
2901 2171 3065 2225 situm
3089 2180 3173 2226 est
3221 2186 3324 2226 ma-

1740 2257 1876 2327 joris
1903 2257 2055 2315 Ursa:
2085 2270 2247 2331 caput
2277 2281 2289 2316 :
2334 2278 2434 2316 nec
2467 2263 2536 2316 ab
2561 2263 2669 2317 illis
2698 2262 2896 2332 exiguo
2924 2264 3210 2318 intervallo
3245 2281 3325 2320 τεο

1745 2361 2012 2408 movetur.
2047 2353 2143 2409 Est
2171 2355 2316 2409 enim
2351 2356 2641 2424 Cassiepea
2688 2357 2834 2410 circa
2854 2366 3061 2426 partem
3092 2356 3327 2412 Piscium

1747 2443 1849 2511 £2;
1883 2443 2118 2501 Perseus
2151 2448 2299 2501 circa
2330 2446 2597 2513 Arielem;
2625 2455 2679 2502 at
2705 2449 2930 2517 majoris
2979 2448 3132 2504 Ursae
3165 2456 3325 2519 caput

1745 2537 1815 2590 ab
1862 2536 2086 2592 Eudoxo
2129 2538 2327 2594 Leonis
2384 2538 2825 2594 dodecatemorio
2877 2539 3157 2593 tribuitur.
3181 2537 3326 2608 ,Pro-

1746 2631 1868 2699 pius
1901 2629 2067 2701 igitur
2104 2630 2171 2684 ad
2205 2631 2485 2686 veritatem
2542 2631 2785 2694 accedet,
2841 2632 2933 2702 qui
2971 2630 3230 2686 Perseum
3276 2638 3326 2685 et

1743 2721 2094 2792 Cassiepeam
2137 2722 2203 2776 ad
2245 2731 2543 2777 extremam
2577 2723 2810 2777 caudam
2865 2723 3060 2776 locarit
3100 2721 3328 2777 minoris

1746 2811 1918 2870 Ursae.
1957 2812 2091 2866 Nam
2131 2822 2404 2884 postrema
2443 2814 2630 2884 hujus,
2677 2823 2732 2869 et
2784 2815 3123 2869 lucidissima
3173 2814 3328 2870 stella

1746 2905 1849 2960 sita
1872 2913 1957 2961 est
1987 2907 2055 2960 ad
2082 2904 2323 2962 Piscium
2352 2916 2559 2976 partem
2598 2907 2664 2959 18
2692 2927 2703 2961 :
2737 2915 2795 2960 ut
2837 2914 3020 2962 autem
3070 2905 3327 2962 Eudoxus

1746 3000 2030 3056 zodiacum
2078 2999 2348 3054 circulum
2398 2998 2613 3063 dividit,
2662 3002 2810 3054 circa
2869 3008 3082 3070 partem
3129 2997 3328 3056 Arietis

1747 3094 1987 3147 tertiam.

1829 3360 1968 3415 XIII.
2002 3361 2058 3413 In
2089 3360 2272 3415 Ariete
2302 3375 2519 3429 quoque
2584 3359 2714 3412 mihi
2746 3357 2962 3413 videtur
3001 3354 3215 3412 inscitia
3256 3354 3326 3409 la-

1751 3470 1880 3525 psus
1914 3454 2138 3516 Aratus,
2173 3453 2300 3507 dum
2341 3454 2536 3507 asserit
2578 3453 2779 3522 ipsum,
2821 3465 2916 3520 per
2951 3447 3330 3520 plenilunium,

1748 3550 1819 3603 ob
1852 3549 2131 3603 stellarum
2158 3546 2480 3617 parvitatem
2510 3561 2618 3599 non
2647 3559 2806 3609 posse
2837 3541 3082 3611 conspici
3115 3559 3126 3596 :
3161 3554 3330 3611 quare

1750 3641 1916 3695 situm
1943 3639 2110 3705 illius,
2136 3640 2330 3709 partim
2359 3654 2423 3692 ex
2451 3639 2518 3692 iis
2547 3639 2720 3693 stellis
2741 3653 2860 3707 quae
2887 3642 3016 3690 sunt
3038 3635 3091 3688 in
3121 3633 3327 3688 Andro-

1749 3733 2082 3788 medae'zona
2100 3773 2114 3796 ,
2139 3733 2338 3802 partim
2363 3747 2430 3787 ex
2455 3730 2740 3800 adiacente
2764 3728 2866 3798 ipsi
2893 3743 2922 3780 ει
2959 3725 3331 3796 septentrione

1749 3825 2027 3893 triangulo
2053 3823 2451 3895 designandum
2482 3836 2626 3877 esse.
2657 3818 2791 3873 Nam
2836 3819 2952 3872 hinc
2986 3817 3135 3871 illius
3167 3814 3332 3870 verba

1750 3925 1880 3972 εωιι
1915 3935 1927 3970 2

1825 4008 2030 4063 Ibidem
2062 4018 2112 4063 et
2141 4008 2336 4062 Arietis
2358 4007 2644 4061 celerrimae
2676 4013 2798 4058 sunt
2827 4003 2943 4057 vite.

1751 4124 1829 4178 Ac
1862 4124 2024 4195 paulo
2054 4131 2178 4192 post
2213 4141 2226 4177 :

1756 4237 1877 4306 Ipse
1896 4238 2102 4310 quidem
2129 4235 2434 4310 languidus,
2464 4244 2512 4289 et
2537 4235 2795 4310 obscurus
2813 4253 2825 4290 :
2846 4240 3025 4310 utpote
3043 4245 3136 4310 per
3153 4229 3332 4310 lunam

1757 4300 2188 4366 Obseruantibus.
2220 4300 2596 4364 Verumtamen
2621 4320 2712 4373 per
2747 4305 3014 4443 cingulliém
3053 4300 3333 4422 deplzlien-

2967 4387 3136 4438 erepo
3219 4385 3262 4422 is

2967 4387 3052 4424 ere
3071 4385 3262 4438 poteris

89 4454 470 4526 Ἀνδρομέδης
495 4471 508 4483 ⁸
538 4453 748 4522 ὀλίγον
781 4452 891 4521 γὰρ
919 4453 1020 4507 ὑπ’
1045 4451 1239 4522 αὐτὴν
1266 4452 1606 4540 ἐστήρικται

1758 4449 2142 4508 Andromedae:
2171 4449 2314 4504 haud
2344 4449 2495 4518 longe
2524 4447 2660 4502 enim
2685 4443 2779 4500 sub

75 4571 166 4622 καὶ
192 4571 354 4625 πάλιν
379 4587 394 4601 ⁶

79 4688 235 4741 Ἐστι
257 4687 327 4740 δέ
353 4704 446 4740 τοι
467 4685 565 4739 καὶ
587 4685 669 4739 ἐτ’
695 4684 850 4740 ἄλλο
873 4683 1234 4754 τετυγμένον
1259 4683 1460 4754 ἐγγύθι
1484 4683 1652 4754 σῆμα

73 4760 394 4820 delenitor,
434 4754 776 4823 πλευρῇσιν
810 4755 1225 4823 ὶσαιομένῃσιν
1251 4755 1448 4821 ἐοικὸς

1753 4560 1884 4616 Item
1910 4580 1927 4616 ι

1756 4675 1852 4730 Est
1883 4693 1999 4732 vero
2026 4685 2074 4730 et
2106 4675 2254 4729 aliud
2281 4675 2596 4745 dispositum
2633 4689 2797 4745 prope
2823 4672 3031 4742 signum

1755 4746 2023 4813 Deltoton,
2050 4747 2302 4800 lateribus
2324 4744 2616 4816 (equalibus
2655 4744 2828 4798 simile

86 4806 768 4898 εῇςξδέέρἀιξῖῆτέπάδ
813 4806 1068 4893 ξιηέέέη
1087 4806 1112 4890 ;·
1131 4806 1331 4894 ’μᾶλά
1363 4806 1438 4876 ίδσ
1460 4825 1632 4898 Δἐστι,

1758 4806 2058 4885 Ambobus;
2086 4818 2299 4873 tertium
2321 4806 2438 4872 vero
2453 4834 2554 4871 non
2581 4827 2807 4871 tantum.
2835 4815 2876 4870 Τ
2881 4827 3035 4898 autern
3049 4806 3334 4898 admodum

1445 4895 1649 4965 ἑτοίμη

74 4967 366 5038 ερρέσθιιι
391 4984 407 4997 ο
439 4967 571 5036 περὶ
604 4965 714 5038 τὰρ
740 4964 978 5038 πολέων
999 4967 1326 5038 είταστερός
1345 4967 1540 5038 ἐστιν.

80 5033 195 5091 Τῶν
221 5033 433 5109 ὀλίγον
465 5033 648 5105 κριοῦ
679 5033 1009 5108 νοτιώτεροι
1037 5035 1288 5103 ἀστέρες
1309 5037 1489 5094 εἰσίν.

85 5150 217 5205 Ἀλλ’
250 5154 312 5206 οὐ
339 5152 502 5224 χρεία
535 5151 890 5223 σημειοῦσθαι
923 5151 1016 5204 τὸν
1049 5152 1218 5224 Κριὸν
1242 5153 1306 5205 ὲκ
1330 5152 1553 5205 τούτων.
1590 5154 1651 5206 υἱ

73 5242 176 5314 γὰρ
208 5248 264 5298 ἐν
295 5248 364 5316 τῇ
402 5242 613 5314 κεφαλῇ
657 5242 820 5296 αὑτοῦ
871 5243 1112 5313 κείμενοι
1152 5242 1381 5313 ἀστέρες
1423 5250 1471 5310 γ’
1516 5242 1653 5315 λαμ-

155 5424 188 5453 ”
209 5425 250 5494 Ῑ.
289 5425 352 5478 τὸ
379 5422 445 5493 ιβ’
483 5421 690 5493 μόριον.
761 5420 805 5452 ⁸⁸
835 5420 877 5490 f.
907 5420 980 5482 ὡς
1012 5419 1068 5474 δὲ
1090 5417 1333 5484 Εὔδοξος.

143 5582 250 5649 (58)
297 5581 369 5636 Ἠ
393 5581 463 5634 δὲ
501 5580 650 5634 κατὰ
682 5579 787 5633 τὸν
812 5577 1106 5641 Εὔδοξον.
1141 5573 1306 5630 Recte
1334 5575 1633 5649 castigavit

2983 4879 3165 4954 [tacile
3184 4885 3256 4932 est

1761 4960 2002 5026 lnventu,
2028 4977 2138 5029 prie
2168 4961 2349 5017 multis
2373 4959 2511 5013 enim
2544 4956 2807 5029 fulgidum
2844 4963 2942 5007 est.

1760 5035 1963 5101 Quibus
1992 5020 2271 5102 paululum
2295 5031 2494 5084 Arietis
2528 5020 2876 5082 auslraliores
2904 5020 3074 5077 stella:
3106 5027 3249 5074 sunt.

1835 5151 1990 5221 107
2017 5151 2195 5220 Atque
2228 5148 2366 5203 nihil
2400 5147 2640 5201 Arietem
2674 5158 2736 5200 ex
2763 5141 2870 5200 illis
2893 5138 3073 5194 notari
3106 5147 3336 5190 necesse

1759 5252 1862 5298 est.
1901 5242 2033 5296 Nam
2071 5257 2191 5312 quae
2217 5229 2346 5297 sunt
2384 5240 2440 5296 in
2474 5239 2596 5309 ejus
2629 5235 2809 5307 capite
2843 5241 2977 5298 tres,
3000 5227 3335 5302 Splendidio-

1741 5574 1904 5646 paulo
1929 5572 2109 5646 minus
2140 5579 2293 5646 parte
2327 5568 2512 5626 tertia.
2542 5566 2682 5646 Vide
2696 5565 2858 5646 ἰρι-ἰ
2879 5562 3049 5635 hujus
3075 5573 3228 5620 num.
3265 5556 3339 5625 Χ,

76 5635 281 5706 musiu
311 5635 775 5718 nota'marginali.
801 5652 931 5702 Nam
967 5635 1222 5702 Eudoxus
1243 5662 1309 5701 ex
1334 5635 1634 5718 Hipparchi
1740 5635 1794 5702 ct
1811 5661 1934 5716 qua:
1962 5642 2104 5699 inira
2133 5635 2485 5714 disputamus
2519 5638 2628 5694 col.
2663 5635 2824 5693 13H.

77 5722 528 5794 interpretatione
576 5717 736 5791 eaput
793 5718 944 5776 Ursa:
989 5718 1294 5775 collocabat
1346 5717 1403 5774 in
1434 5717 1632 5773 Leonis
