3816 6356
511 308 646 368 1051
1534 309 1624 364 AD
1659 303 1932 366 EUSEBII
1971 306 2370 366 CHRONICON
2409 309 2772 368 APPENDIX.
3604 320 3710 377 {052

507 442 600 484 res
635 435 765 484 sunt
793 426 860 484 iis
885 441 1006 499 quae
1041 437 1168 484 sunt
1199 426 1254 481 in
1309 423 1666 482 Andromedae
1697 427 1918 499 cingulo
1962 444 1976 481 :

2204 429 2441 502 τρότεροί
2475 433 2577 486 εἰσι
2615 431 2724 485 τῶν
2753 432 2810 484 ὲν
2838 433 2903 502 τῇ
2936 430 3081 504 ζώνῃ
3111 432 3209 503 τῆς
3241 432 3612 505 Ἀνδρομέδαςο
3645 439 3711 506 ἐγ-

507 519 759 591 proxime
788 519 855 573 ad
882 534 973 574 eas
999 518 1264 573 accedunt
1297 532 1419 587 quae
1475 519 1530 572 in
1575 518 1852 590 triangulo
1895 531 2014 576 sunl

2205 536 2353 587 rma
2376 521 2432 574 δὲ
2453 522 2547 574 καὶ¹
2579 521 2686 575 τῶν
2723 525 2780 575 ὲν
2805 521 2882 593 τῷ
2906 522 3156 596 τριγώνῳ
3206 525 3268 577 οὐ
3297 525 3431 579 πολὺ
3458 525 3712 599 λειπόμενοι

509 617 572 665 ut
600 610 670 665 ab
695 609 775 664 eis
803 625 914 664 non
941 609 1171 663 multum
1196 615 1556 678 superentur;
1591 608 1686 663 sed
1721 617 1776 664 et
1831 609 1922 663 illa
1971 624 2016 680 p1

2205 611 2390 665 ιύτῶν.
2441 612 2635 676 Καλῶς
2673 613 2729 666 δέ
2774 615 2922 667 ἐστιν
2965 614 3204 688 ἐκφανὴς
3231 617 3324 670 καὶ
3361 619 3390 671 6
3437 620 3494 672 ὲν
3530 623 3623 682 τοῖς
3639 623 3712 690 ηὲμ-

508 703 723 758 cazteris
756 701 1050 771 conSpieua
1086 708 1193 766 est,
1243 714 1365 770 quae
1419 699 1476 754 in
1536 700 1905 758 anterioribus
1938 701 2015 756 illi

2208 705 2468 776 τροσθίοις
2499 704 2662 759 αὐτοῦ
2706 707 2831 759 ποσὶ
2871 707 3138 778 κείμενος.
3177 709 3402 774 Ψευδῶς
3454 710 3507 764 δὲ
3545 711 3715 781 λέγεται

507 795 739 866 pedibus
767 801 851 849 est
871 793 1068 864 posita.
1098 791 1262 848 Falso
1299 793 1526 862 insuper
1554 799 1610 848 et
1651 792 1786 848 illud
1811 793 1880 849 ab
1917 793 2014 848 Ara

1554 799 1610 848 et
1651 792 1786 848 illud
1811 793 1880 849 ab
1917 793 2087 848 Arato
2188 795 2284 850 καὶ
2310 797 2480 850 ταῦτα
2505 797 2610 851 ὑπὸ
2631 797 2724 850 τού
2770 797 3000 870 Ἀράτου
3025 816 3037 829 ·

505 889 713 942 dictum
739 895 823 943 est
849 903 862 938 :

510 999 634 1053 Illa:
658 1014 774 1053 vero
797 996 967 1052 adhuc
993 997 1262 1065 anterius;
1290 1007 1545 1068 praeterea
1570 1005 1744 1140 auten;
1771 997 1826 1050 in
1859 1012 2017 1078 proca

1667 1084 1711 1121 δι
1749 1084 1809 1122 us
1836 1077 2010 1123 austri

2210 1003 2256 1055 Di
2287 999 2340 1053 δ’
2373 997 2463 1067 ἄρ’
2491 1000 2575 1054 ἔτι
2599 998 2886 1068 προτέρω·
2920 1000 3007 1054 ἔτι
3033 1001 3084 1054 δ’
3112 1001 3182 1055 ἐν
3207 999 3535 1072 προϐολνῇσι
3561 1004 3717 1058 νότοιο

1667 1084 1809 1122 swus
1836 1084 2010 1123 austri

506 1138 763 1194 Pisces...
1645 1131 1666 1140 “

1645 1131 1666 1140 ’
2200 1131 2438 1204 Ἰχθύος.
2451 1179 2462 1191 .
2473 1175 2508 1188 ..

574 1230 713 1286 Nam
742 1247 1088 1303 nequaquam
1136 1232 1296 1287 ambo
1324 1239 1454 1288 sunt
1480 1231 1668 1287 Pisces
1721 1230 2081 1287 australiores

2257 1230 2330 1284 Ού
2362 1228 2470 1300 γὰρ
2489 1229 2784 1301 ἀμφότεροι
2798 1228 3105 1298 νοτιώτεροί
3132 1229 3235 1281 είσι
3253 1226 3346 1281 τοῦ
3370 1226 3556 1299 Κριοῦ,
3587 1228 3721 1282 ἀλλ’ό

502 1323 729 1390 Ariete,
759 1325 854 1380 sed
909 1340 1052 1380 unus
1095 1325 1363 1380 duntaxat
1398 1325 1640 1382 illorum.
1701 1323 1916 1378 Etenim
1963 1339 2009 1394 qi

2215 1317 2266 1387 ἴς
2298 1323 2496 1376 αὐτῶν.
2534 1321 2640 1375 Τοῦ
2686 1321 2794 1393 γὰρ
2823 1321 3160 1393 βορειοτέρου
3197 1320 3399 1391 Ἰχθύος
3437 1319 3486 1373 οἱ
3532 1319 3618 1391 μὲν
3652 1320 3721 1372 ἐπὶ

504 1423 634 1468 sunt
669 1415 725 1469 in
750 1426 932 1470 rostro
964 1415 1290 1471 borealioris
1313 1415 1576 1480 Piscium,
1612 1414 1776 1484 paulo
1809 1429 1934 1468 cum
1971 1413 2011 1469 si

2213 1414 2278 1467 0'5
2320 1415 2573 1486 ῥύγχους,
2622 1414 2803 1486 μικρῷ
2847 1412 3154 1485 νοτιὼτεροι
3185 1415 3336 1476 ὄντες
3367 1413 3460 1466 τοῦ
3499 1411 3720 1482 ἑπομένου

503 1507 862 1563 australiores
886 1507 1216 1564 succedente
1247 1521 1435 1562 carum
1460 1522 1581 1577 quae
1612 1507 1668 1561 in
1722 1505 2010 1561 Andromei

2218 1506 2291 1559 ὧν
2331 1509 2387 1560 ἐν
2423 1504 2489 1578 τῇ
2535 1506 2679 1578 ζώνῃ
2710 1507 2810 1577 τῆς
2847 1506 3223 1578 Ἀνδρομέδας,
3265 1505 3375 1560 ἀπὸ
3409 1503 3503 1558 τοῦ
3551 1504 3722 1576 βορείου

503 1599 724 1670 cingulo
745 1614 774 1653 a
804 1587 1217 1669 septentrionali
1254 1599 1380 1670 polo
1407 1599 1615 1654 distant
1671 1599 1922 1669 partibus
1967 1598 2010 1651 71

2215 1599 2350 1652 πόλου
2392 1599 2653 1670 ἀπέχουσι
2709 1597 2816 1670 μοι.
2853 1599 2915 1651 ο’δ
2950 1601 2978 1652 6
3021 1599 3076 1651 δὲ
3118 1597 3423 1668 ἡγούμενος
3466 1596 3567 1650 τῶν
3605 1598 3722 1666 ὲντῇ

503 1679 838 1745 antecedens
862 1706 991 1745 vero
1014 1705 1203 1745 earum
1236 1705 1357 1761 qua:
1378 1697 1508 1745 sunt
1540 1690 1594 1742 in
1630 1688 1803 1742 cauda
1835 1689 2005 1744 distat

2217 1693 2320 1766 ὺρᾷ
2343 1693 2534 1762 ἀπέχει
2559 1691 2652 1744 τοῦ
2684 1690 2894 1762 βορείου
2922 1689 3085 1743 πόλου
3113 1689 3224 1761 μοί.
3244 1693 3326 1758 οη’
3343 1700 3356 1718 δ
3385 1686 3495 1742 τῶν
3521 1687 3574 1740 δὲ
3598 1688 3646 1740 ὲν
3666 1686 3724 1755 τῷ

502 1784 631 1854 polo
651 1784 858 1839 bnreali
887 1784 1138 1855 partibus
1165 1784 1265 1850 78;
1293 1783 1578 1838 stellarum
1610 1798 1774 1855 porro
1804 1798 1925 1854 qua:
1956 1797 2009 1837 su

2219 1784 2339 1857 ἰριῷ
2356 1785 2602 1856 ἀστέρων
2618 1785 2645 1836 ό
2678 1783 2774 1854 μὲν
2799 1781 3136 1855 βορειότερος
3160 1782 3254 1837 καὶ
3277 1781 3370 1834 ἐπὶ
3407 1779 3500 1835 τοῦ
3533 1779 3726 1851 ῥύγχους

505 1875 562 1930 in
591 1876 774 1932 Ariete
803 1876 1077 1930 borealior
1102 1879 1157 1929 in
1192 1883 1374 1930 rostro
1412 1876 1518 1930 sita
1569 1875 1725 1930 abest
1753 1889 1783 1928 a
1813 1875 1939 1945 polo
1963 1888 2012 1943 p:

2216 1877 2438 1948 εείμενος
2485 1877 2676 1948 ἀπέχει
2722 1877 2919 1948 μοίρας
2966 1875 3147 1947 μικρῷ
3188 1875 3481 1939 λειπούσας
3507 1874 3606 1928 τῶν
3632 1881 3723 1943 οη’·

503 1966 653 2022 tibus
680 1967 841 2037 paulo
885 1967 1067 2022 minus
1104 1960 1170 2021 78
1225 1985 1240 2021 :
1278 1967 1358 2021 sic
1403 1967 1564 2021 etiam
1594 1981 1653 2022 se
1695 1967 1857 2021 habet
1894 1981 2010 2022 earl

2222 1969 2388 2039 μοίως
2413 1966 2468 2022 δὲ
2497 1969 2672 2040 τούτῳ
2713 1969 2808 2021 καὶ
2840 1971 2869 2023 6
2903 1969 3237 2041 βορειότερος
3270 1969 3378 2023 τῶν
3409 1970 3464 2022 ὲν
3493 1971 3556 2039 τῇ
3600 1968 3724 2039 ούρᾷ.

506 2075 628 2129 quae
663 2066 792 2114 sunt
829 2058 886 2112 in
942 2059 1116 2114 cauda
1150 2059 1445 2115 borealior.
1492 2060 1560 2114 At
1588 2073 1709 2129 quae
1762 2073 1859 2128 per
1910 2064 2013 2112 toti

2221 2062 2249 2112 li
2277 2059 2333 2112 δὲ
2372 2057 2429 2112 ὲν
2455 2059 2561 2130 ὅλῳ
2601 2059 2680 2130 τῷ
2707 2059 2919 2130 σώματι
2965 2061 3207 2131 κείμενοι
3235 2059 3330 2113 τοῦ
3357 2059 3530 2130 Κριοῦ
3566 2058 3728 2119 πάντες

505 2165 707 2221 corpus
729 2151 934 2206 Arietis
964 2151 1149 2205 insunt
1180 2151 1369 2214 stellae,
1407 2165 1597 2205 omnes
1650 2150 1760 2205 illis
1795 2149 2012 2204 australi

2223 2152 2296 2206 ίσὶ
2340 2149 2646 2226 νοτιώτεροι
2688 2149 2914 2207 τούτων.
2947 2153 3115 2224 Δῆλον
3162 2149 3255 2206 οὖν
3305 2153 3387 2204 ὅτι
3431 2149 3728 2222 βορειότερός

505 2259 594 2298 res
632 2249 778 2297 sunt.
810 2241 992 2307 Quare
1018 2258 1126 2297 non
1157 2242 1383 2297 dubium
1403 2249 1486 2297 est
1514 2243 1645 2313 quin
1676 2235 1917 2298 Piscium
1952 2241 2012 2295 all

1724 2242 1917 2298 iscium
1952 2241 2087 2296 alter
2186 2243 2335 2296 ἐστιν
2364 2245 2393 2296 6
2415 2239 2494 2307 εἷς
2518 2244 2626 2296 τῶν
2667 2243 2889 2315 Ἰχθύων
2921 2242 3015 2296 τοῦ
3043 2242 3231 2316 Κριοῦ.

505 2334 578 2391 sit
600 2333 784 2390 Ariete
807 2334 1100 2389 borealior.

574 2425 775 2484 Verum
826 2425 972 2496 quod
1008 2425 1074 2480 ad
1105 2421 1345 2480 Arietem
1395 2423 1638 2496 spectat,’
1678 2419 1735 2479 in
1789 2424 1875 2478 liis
1906 2421 2081 2479 Attali

2269 2423 2358 2477 Ἑν
2381 2422 2438 2476 δὲ
2466 2425 2579 2486 τοῖς
2605 2423 2733 2494 περὶ
2757 2423 2846 2479 τὸν
2881 2423 3050 2496 Κριὸν
3077 2427 3172 2478 καὶ⁵
3199 2427 3226 2478 ὁ
3264 2428 3529 2491 ’Ἄτταλος
3559 2429 3728 2496 ἀγνοεῖ,

501 2521 686 2577 verbis
714 2521 885 2575 altera
909 2519 1132 2591 insuper
1161 2518 1384 2574 inscitia
1410 2525 1516 2574 est.
1547 2536 1567 2569 ι
1604 2517 1740 2572 Cum
1773 2518 1921 2573 enim
1963 2533 2008 2571 ai

2222 2513 2359 2584 έγων
2387 2509 2560 2579 οὕτως
2580 2532 2594 2545 ·
2631 2534 2650 2566 ι
2683 2517 2980 2570 Κατανοῶν
3005 2517 3061 2570 δὲ
3087 2513 3178 2571 τὸν
3219 2520 3392 2590 Κριὸν
3447 2517 3568 2573 οὔτε
3604 2521 3729 2589 ἀκρι-

505 2610 873 2666 madverteret
898 2609 1138 2665 Arietem
1160 2623 1338 2679 neque
1366 2609 1500 2664 satis
1521 2623 1784 2680 expresse
1838 2607 2012 2663 deline

2223 2605 2297 2669 ῶς
2321 2605 2810 2678 διατετυπωμένον,
2841 2607 2964 2661 οὔτε
2985 2608 3270 2681 λαμπροὺς
3289 2612 3529 2681 ἀστέρας
3554 2611 3727 2682 ἔχοντα,

503 2711 642 2767 tum,
674 2716 849 2771 neque
879 2699 1081 2755 lucidis
1125 2695 1303 2755 stellis
1340 2715 1465 2755 esse
1495 2699 1780 2770 praeditum
1802 2740 1819 2766 ,
1853 2698 2010 2770 quael

2220 2693 2514 2770 υναμένους
2558 2699 2615 2754 δὲ
2660 2701 2755 2755 καὶ
2784 2703 2842 2756 ὲν
2875 2701 3072 2776 σελήνῃ
3117 2701 3388 2774 λαμπρῶς
3427 2703 3727 2775 θεωρεῖσθαι,

499 2800 659 2849 cente
684 2793 811 2847 luna
836 2792 1052 2862 plenam
1072 2791 1292 2846 videndi
1319 2791 1404 2846 sui
1439 2793 1650 2862 copiam
1683 2790 1889 2846 faciant
1915 2809 1929 2857 ;
1957 2806 2006 2846 CI

2223 2791 2272 2844 ιά
2297 2808 2358 2844 τε
2384 2791 2494 2846 τῶν
2510 2793 2930 2864 παρακειμένων
2963 2789 3204 2864 ἀστέρων
3222 2798 3482 2867 πειρᾶται
3505 2797 3599 2866 τὴν
3613 2795 3730 2848 θέσιν

499 2885 988 2958 propinquioribus
1019 2883 1250 2940 estellis
1300 2883 1466 2939 situm
1533 2882 1750 2938 illarum
1804 2885 2006 2955 explica

2224 2873 2361 2936 ύτῶν
2376 2883 2659 2954 διασαφεῖν
2679 2923 2696 2949 ,
2725 2885 2818 2938 καὶ
2841 2883 2928 2937 διὰ
2945 2884 3051 2937 τῶν
3084 2880 3173 2937 τὸν
3193 2885 3356 2939 αὐτὸν
3389 2886 3538 2958 αὐτῷ
3565 2884 3731 2940 κύκλον

500 2979 723 3047 nititur,
765 2987 880 3033 tum
911 2995 979 3034 ex
1012 2979 1078 3033 iis
1112 2992 1234 3049 quae
1265 2979 1321 3031 in
1353 2976 1546 3032 eodem
1573 2993 1699 3032 cum
1729 2977 1918 3033 Ariete
1972 2993 2002 3033 c

2227 2975 2521 3048 ερομένων.
2554 2995 2574 3029 ι
2619 2977 2803 3050 Χωρὶς
2839 2977 2948 3048 γὰρ
2985 2977 3079 3031 τοῦ
3117 2978 3409 3050 λαμπροὺς
3431 2978 3590 3032 αὑτὸν
3619 2977 3732 3048 ἔχειν

498 3069 626 3124 culo
661 3074 974 3123 moventur.
1011 3087 1030 3120 ι
1072 3065 1180 3122 Sed
1212 3075 1272 3121 ut
1294 3066 1542 3120 omittam
1572 3065 1785 3120 lucidas
1815 3065 1871 3120 in
1897 3065 2005 3120 Arii

2225 3065 2441 3136 στέρας,
2466 3067 2594 3130 τοὺς
2623 3067 2680 3121 ὲν
2706 3069 2774 3138 τῇ
2805 3068 3035 3139 κεφαλῇ,
3062 3067 3138 3132 ὡς
3173 3068 3406 3140 ἔφαμεν,
3441 3072 3533 3122 καὶ
3557 3069 3670 3131 τοὺς
3690 3069 3732 3118 ἐν

499 3156 690 3213 stellas
717 3171 862 3222 esse,
885 3171 1006 3227 quae
1034 3163 1184 3222 sunt,
1239 3164 1299 3210 ut
1331 3155 1593 3220 diximus,
1622 3155 1675 3208 in
1705 3155 1919 3226 capite,
1981 3171 2006 3210 n

2223 3159 2296 3221 οῖς
2338 3158 2690 3230 ἐμπροσθίοις
2731 3161 2876 3223 ποσὶ,
2908 3160 3002 3214 καὶ
3035 3160 3435 3232 ἀπεκδέχεσθαί
3481 3179 3566 3232 μοι
3593 3161 3730 3220 δοκεῖ,

498 3262 612 3303 non
639 3248 696 3303 in
721 3249 1092 3305 anterioribus
1126 3248 1359 3319 pedibus
1397 3266 1410 3302 :
1448 3248 1582 3302 illud
1605 3247 1768 3304 etiam
1794 3262 2005 3319 perper:

2224 3251 2583 3323 πολαμόἀνων
2616 3252 2896 3323 διασαφεῖν
2939 3249 3103 3307 αύτδν
3141 3254 3240 3325 τὴν
3275 3252 3426 3307 θέσιν
3460 3253 3551 3307 τοῦ
3588 3249 3731 3322 Κριοῦ

496 3339 778 3410 accepisse
815 3339 1053 3405 videtur,
1091 3340 1412 3395 existimans
1460 3339 1626 3396 situm
1659 3339 1864 3396 Arietis
1896 3339 1997 3394 dec

2226 3345 2424 3416 ανεράν
2452 3344 2670 3400 ἔσεσθαι
2702 3344 2790 3398 διὰ
2823 3344 2931 3398 τῶν
2963 3345 3052 3399 τὸν
3077 3344 3241 3399 αὐτὸν
3281 3345 3482 3400 κύκλον
3509 3345 3582 3416 τῷ
3607 3342 3733 3414 Κριῴ

496 3445 652 3487 rasse
673 3443 888 3502 poetam
920 3431 1272 3502 perspicuum
1314 3431 1432 3487 fore
1475 3432 1543 3487 iis
1573 3448 1603 3486 e
1631 3433 1808 3488 stellis
1857 3445 1979 3503 quae

2225 3436 2499 3508 ερομένων
2523 3453 2536 3467 °
2568 3437 2662 3490 καὶ
2700 3435 2888 3490 τούτου
2913 3437 3074 3508 χάριν
3115 3439 3562 3509 ἐπισημαίνεται.
3599 3434 3730 3488 Ἀλλὰ

497 3524 689 3579 eodem
721 3539 847 3579 cum
877 3524 996 3595 ipso
1016 3525 1224 3580 circulo
1255 3524 1508 3580 feruntur
1535 3544 1547 3578 :
1581 3524 1742 3595 cujus
1780 3525 1862 3579 rei
1903 3539 1998 3594 gra

2224 3530 2242 3580 5
2315 3528 2699 3601 παρεπόμενον
2751 3529 2828 3602 τῷ
2901 3528 3057 3601 Κριῷ
3123 3529 3444 3601 διασαφῶν,
3522 3527 3731 3595 ἐπιλέγει

497 3614 632 3670 illud
664 3615 939 3672 Observat.
975 3614 1178 3671 Verum
1231 3617 1381 3687 quod
1428 3617 1670 3671 Arietem
1719 3616 2080 3686 consequitur
2180 3621 2386 3686 οὕτως’

495 3723 798 3781 exponens,
825 3709 930 3764 ista
950 3708 1175 3779 subjicit
1211 3728 1224 3764 :

571 3820 640 3893 [τι
667 3820 838 3893 medio
867 3838 985 3876 vero
1022 3823 1141 3876 terit
1171 3825 1350 3893 ingens
1377 3822 1565 3893 cretum
1591 3837 1608 3876 :
1641 3822 1732 3876 ubi
1759 3831 2009 3876 extrema:

2225 3824 2447 3877 Γεσσόθι
2483 3822 2553 3893 δὲ
2583 3823 2763 3893 τρίϐει
2790 3820 2983 3892 μέγαν
3007 3821 3286 3890 οὐρανὸν,
3312 3815 3420 3892 ᾗχί
3445 3837 3554 3890 περ
3587 3819 3732 3886 ἄκραι

573 3890 768 3956 ϐΙιεΙιε,
795 3901 844 3948 et
878 3893 1145 3964 cingulum
1179 3890 1350 3947 oritur
1386 3891 1628 3949 Orionis.

2177 3893 2368 3962 Χηλαὶ
2399 3893 2497 3948 καὶ
2533 3890 2682 3962 ζώνη
2718 3890 3128 3961 περιτέλλεται
3179 3890 3479 3960 Ὠρίὼνος.

567 4006 707 4065 XIV.
731 4007 789 4064 In
825 4011 1181 4082 sequentibus
1218 4023 1348 4065 vero
1381 4008 1526 4064 alius
1583 4022 1741 4063 error
1779 4013 1867 4064 est
1896 4005 2073 4074 Arati,

2248 4005 2345 4059 lA'.
2387 4006 2474 4059 Ἐν
2509 4007 2564 4060 δὲ
2596 4008 2710 4070 τοῖς
2739 4004 2866 4077 ἑξῆς
2885 4006 3070 4074 ἀγνοεί
3096 4007 3125 4058 6
3153 4006 3410 4076 Ἀρατος,
3440 4005 3610 4074 λέγων
3631 3999 3730 4070 περὶ

496 4117 623 4158 cum
648 4101 716 4158 de
748 4101 948 4159 Perseo
971 4105 1051 4158 sic
1075 4103 1316 4173 loquitur
1351 4119 1366 4155 :

1075 4103 1316 4173 loquitur
1351 4119 1366 4155 :
2176 4095 2269 4149 τοῦ
2297 4097 2551 4168 Περσέως
2569 4110 2582 4125 ·

567 4215 817 4271 Proxime
846 4233 964 4271 vero
990 4217 1268 4271 sinistrum
1300 4231 1434 4286 genu
1467 4213 1535 4269 ad
1547 4213 1760 4269 modum
1783 4231 1960 4271 omnes

2249 4212 2509 4286 'Arx¢_¢_3é
2535 4215 2589 4266 οἱ
2617 4211 2837 4286 σκᾳιῆς
2868 4208 3250 4280 ἐπιγουνίδος
3287 4209 3470 4278 ἤλιθα
3502 4205 3677 4262 πᾶσαι

573 4287 815 4358 Vergilio:
844 4287 1112 4358 feruntur.
1300 4282 1318 4286 ⁷

2245 4287 2374 4350 Πλη
2382 4282 2542 4350 τάδες
2572 4283 2902 4352 φορέονται.

561 4378 698 4434 Νιιιη
748 4380 908 4451 longe
952 4379 1105 4434 abest
1145 4393 1175 4432 a
1229 4377 1487 4449 Vergiliis
1551 4377 1838 4433 sinistrum
1883 4375 2068 4431 Persei

2245 4374 2386 4428 Πολὺ
2428 4373 2537 4445 γάρ
2580 4374 2775 4443 ἀπέχει
2807 4374 2868 4426 τὸ
2901 4372 3185 4444 ἀριστερὸν
3213 4370 3344 4440 γόνυ
3384 4367 3480 4423 τοῦ
3508 4364 3729 4438 Περσέως

492 4488 652 4544 genu.
684 4473 901 4528 Attalus
945 4488 1079 4528 vero
1137 4472 1303 4528 etiam
1359 4471 1686 4543 particulam
1728 4471 1858 4540 ἄγχι
1905 4484 1999 4539 nea

2221 4465 2282 4518 ηδ
2305 4464 2412 4518 τῶν
2443 4464 2748 4535 Πληῖάδων.
2803 4465 2860 4518 '0
2884 4465 2941 4518 δὲ
2969 4463 3234 4527 -Ατταλός
3278 4480 3412 4534 φησι
3447 4461 3578 4535 μηδὲ
3611 4455 3728 4546 ένδέζ

492 4543 748 4635 usurpari
770 4578 872 4634 pro
904 4578 970 4620 eo
985 4563 1142 4634 ,quod
1180 4573 1262 4619 est
1294 4579 1484 4634 prope;
1529 4562 1628 4618 sed
1659 4562 1802 4616 idem
1842 4575 1966 4616 esse

2218 4556 2364 4611 εσθαι
2429 4556 2489 4609 τὸ
2535 4555 2677 4625 ἄγχι
2726 4555 2847 4610 ἀντὶ
2879 4553 2973 4610 τοῦ
3037 4555 3252 4626 ἐγγὺς,
3314 4554 3430 4608 ἀλλ’
3484 4552 3602 4606 ἀντὶ
3654 4543 3725 4599 τοῦ

489 4656 747 4724 proxime.
789 4654 953 4710 Putat
1025 4655 1172 4710 enim
1233 4653 1490 4726 Vergiliis
1536 4652 1996 4724 propinquissimt

2219 4645 2493 4716 Γγυτὰτω.
2544 4645 2800 4700 Βούλεται
2852 4645 2963 4717 γὰρ
3007 4645 3220 4714 λέγειν,
3283 4646 3473 4715 φησὶν,
3523 4637 3726 4712 ὲγγυτά·

489 4747 737 4802 omnium
758 4747 1036 4803 stellarum
1054 4762 1176 4803 esse
1205 4762 1346 4817 genu
1362 4745 1668 4800 sinistrum.
1689 4741 1851 4799 Falso
1872 4743 1924 4797 id
1955 4760 1996 4814 q‘

2219 4757 2247 4791 υ
2271 4738 2379 4792 τῶν
2418 4738 2702 4810 Πληϊάδων
2739 4738 2954 4793 κεῖσθαι
2979 4738 3040 4791 τὸ
3084 4737 3380 4809 ἀριστερὸν
3426 4737 3554 4806 γόνυ
3603 4728 3726 4799 παρὰ

489 4839 636 4896 dem.
656 4838 869 4894 Etenim
895 4839 1244 4904 duaelucidae,
1266 4853 1388 4908 quae
1406 4847 1535 4893 sunt
1552 4838 1606 4891 in
1628 4837 1855 4892 sinistro
1878 4835 1996 4891 Peri

2218 4831 2297 4892 ὡς
2318 4827 2540 4893 λοιποὺς
2570 4829 2829 4902 ἀστέρας.
2855 4831 2970 4883 Οὐκ
3001 4825 3058 4882 εὖ
3084 4829 3139 4882 δὲ
3178 4828 3327 4898 λέγει
3361 4828 3538 4882 τοῦτο.
3565 4827 3622 4879 Οἱ
3642 4821 3725 4891 γὰρ

491 4928 649 4997 pede,
683 4935 800 4982 tum
831 4943 954 4997 quae
1006 4928 1062 4981 in
1120 4927 1344 4983 sinistra
1408 4927 1561 4990 tibia,
1612 4928 1900 4999 propiores
1939 4943 1998 4984 su

2220 4938 2228 4968 ο
2261 4919 2338 4992 τῷ
2383 4921 2657 4992 ἀριστερῷ
2689 4921 2811 4976 ποδὶ
2852 4920 2948 4974 τοῦ
2988 4919 3242 4990 Περσέως
3279 4918 3324 4988 β’
3363 4917 3623 4989 λαμπροὶ,
3654 4910 3727 4999 καὶ

491 5017 748 5092 Vergiliis
769 5034 932 5090 quam
951 5035 1093 5091 genu
1118 5019 1404 5074 sinistrum
1418 5058 1433 5073 .

2219 5029 2249 5064 τι
2275 5013 2332 5064 ὲν
2369 5013 2436 5083 τῇ
2480 5011 2744 5082 ἀριστερᾷ
2781 5011 2987 5083 κνήμῃ,
3017 5007 3196 5079 πολλῷ
3221 5007 3471 5076 ὲγγίονές
3511 5005 3612 5057 εἰσι
3640 4997 3726 5050 τῶν

2169 5103 2452 5175 Πληῖάδων
2474 5105 2618 5176 ἥπερ
2641 5105 2704 5157 τὸ
2731 5103 3015 5175 ἀριστερὸν
3040 5101 3195 5171 γόνυ.

560 5195 657 5250 Est
691 5193 748 5249 id
774 5194 939 5250 etiam
965 5194 1120 5249 Arati
1146 5195 1366 5262 falsum,
1383 5195 1660 5268 Vergilias
1693 5212 1790 5253 sex
1817 5205 2066 5253 tantum-

2239 5195 2466 5260 Ψευδῶς
2502 5196 2560 5250 δὲ
2601 5195 2822 5264 λέγεται
2869 5195 2974 5248 ὑπὸ
3007 5193 3101 5247 τοῦ
3146 5194 3379 5265 Ἀράτου
3427 5192 3520 5246 καὶ
3553 5187 3612 5241 τὸ
3649 5181 3723 5239 τὰς

489 5285 655 5342 modo
681 5292 934 5342 constare
965 5286 1160 5354 stellis,
1183 5288 1385 5362 quippe

2167 5287 2442 5360 Πληϊάδας
2467 5286 2525 5353 ἓξ
2559 5287 2718 5359 μόνον
2747 5286 2982 5357 ἀστέρας
3017 5285 3327 5357 περιέχειν’

561 5437 624 5471 .3.
656 5403 872 5471 septem,
901 5397 1097 5471 inquit,
1123 5401 1232 5456 ξιιιε
1261 5412 1434 5471 aperte
1466 5411 1741 5470 vocantur,

2219 5400 2411 5471 ..ὲπζὰ
2435 5401 2564 5470 γὰρ,
2596 5401 2780 5470 φησὶν,
2805 5398 3027 5453 ἐκεῖναι
3055 5396 3386 5467 ἐπιρῤήδην
3413 5393 3720 5451 καλέονται,

557 5469 665 5525 Sea:
695 5465 825 5521 solae
844 5465 1360 5538 quamvisexsistdnt
1391 5475 1689 5544 conspicua:
1718 5465 1911 5532 oculis.

1674 5490 1689 5527 ξ
1718 5465 1911 5532 oculis.
2173 5471 2282 5536 Ἓξ
2315 5465 2578 5538 οἷαίπερ
2604 5465 2819 5525 ἐοῦσαι
2846 5465 3181 5537 siadd-£01....

550 5580 658 5639 Sed
681 5581 787 5635 hoc
818 5580 969 5637 illum
995 5583 1144 5656 fugit.
1179 5585 1313 5643 Nam
1359 5591 1403 5646 si
1443 5591 1568 5662 quis
1598 5603 1792 5671 serena
1824 5598 1877 5644 et
1907 5587 2057 5655 illuni

2216 5585 2503 5668 'Aavea'tvst
2519 5584 2574 5638 δὲ
2598 5583 2780 5638 αὐτόν.
2806 5581 2896 5652 Τῷ
2914 5580 3023 5652 γὰρ
3040 5579 3346 5634 ἀτενίσαντι
3365 5580 3422 5633 ἐν
3439 5573 3638 5646 ,αἰθρίῳ
3649 5565 3718 5620 καὶ

483 5680 648 5729 nocte
693 5671 940 5735 intendat
978 5677 1186 5744 oculos,
1243 5691 1447 5749 septem
1505 5681 1562 5734 in
1613 5670 1706 5735 illa
1773 5679 1990 5735 constel‘

2209 5677 2411 5750 σελήνῳ
2457 5678 2614 5732 νυκτὶ
2652 5676 2949 5746 φαίνονται·
2968 5673 3198 5745 ἀστέρες
3240 5671 3284 5737 ζ’
3320 5675 3379 5726 ἐν
3423 5670 3553 5725 αὐτῇ
3589 5676 3716 5722 περι-

481 5764 632 5822 tione
660 5760 832 5819 stellae
887 5765 1148 5824 contineri
1197 5769 1468 5829 videntur.
1507 5769 1663 5829 Unde
1713 5771 1864 5830 subit
1916 5770 1988 5829 illi

2209 5769 2431 5841 (άμενοι.
2491 5771 2626 5825 ϋθεν
2661 5766 2757 5823 καὶ
2787 5765 3168 5837 διαπορήσειεν
3205 5762 3273 5818 ἄν
3299 5778 3385 5825 τις
3419 5759 3533 5822 πῶς
3561 5768 3589 5809 ο
3611 5752 3716 5806 Ἀτ-
