3816 6302
135 271 257 329 1051

1148 264 1511 322 HIPPARCHI
1552 264 1641 319 AD
1679 260 2124 319 ΡΗᾸΞΝΟΜΕΝΑ
2160 263 2287 319 LIB.
2313 265 2353 318 I.

3226 263 3364 318 1042

131 390 322 460 Πέτρα
346 404 414 443 τε
448 397 546 443 καὶ
577 386 749 457 χροιή
772 402 784 415 ·
818 386 1037 453 πάντες
1079 402 1144 439 τε
1164 386 1283 455 μὲν
1308 384 1691 455 ἁμφιέλικτοι.

1806 382 2316 455 Hagnitudinesque,
2350 390 2400 435 et
2439 390 2614 446 color,-
2652 395 2830 439 omnes
2864 379 3042 448 utique
3062 378 3365 460 flii-eumve-

135 525 215 592 Τῷ
239 525 339 579 καὶ
382 523 709 593 ὁμηγερέας
738 526 792 576 ol
815 523 1051 577 ἐείσατο
1081 521 1449 587 ποιήσασθαι

140 590 443 664 Ἀστέραςί,
477 590 604 663 ὄφρ’
646 593 874 657 ἑπιτὰξ,
912 593 1079 659 ἄλλῳ
1122 594 1560 664 παρακείμενος
1595 590 1701 644 άλ-

130 735 305 790 Εἷδεα
332 732 897 803 σημαίνοιεν,νᾶφαρ
915 732 967 785 δ’
999 704 1302 800 ὀνομαστὰ
1329 660 1696 803 ’γένοινίέοῶ

132 809 361 873 Ἄστρα
380 820 395 834 ·
434 801 534 855 καὶ
563 804 673 856 οὑκ
703 802 792 857 ἔτι
837 802 954 856 νῦν
992 802 1061 855 ἐν
1107 801 1357 871 θαύματι
1403 801 1699 883 defluxerat

141 929 303 998 ’ω’
329 946 388 997 οἱ
411 940 529 1012 μὲν
559 940 835 1012 καθαροῖς
864 939 1218 1012 ἐναρηρότες
1248 870 1694 1012 είδώλοὲἓῗῖηρ⁸

128 1009 444 1067 ’μαίνονται
462 1028 476 1041 ·
522 1011 595 1064 τὰ
624 1009 676 1063 δ’
703 1010 914 1078 ἔνερθε
941 1010 1318 1079 διωκομένοιο
1353 1010 1596 1079 Λαγωοῦ

129 1082 330 1139 Πάντα
384 1080 526 1152 μάλ’
563 1080 845 1149 ἠερόεντα
865 1119 880 1144 ,
929 1080 1029 1138 καὶ
1079 1083 1190 1134 οὐκ
1240 1081 1544 1221 όνομασῶὰ
1592 1079 1697 1148 φέ-

1510 1166 1696 1203 artat.

133 1260 317 1319 Ταῦτα
371 1259 430 1313 δὲ
490 1242 957 1331 προενεγκάμενος
1006 1262 1035 1312 6
1089 1257 1349 1323 Ἄτταλος
1407 1256 1655 1327 ἐπιφέρει
1680 1272 1696 1287 ⁸

133 1371 156 1405 ι
206 1354 294 1406 Ἐν
332 1354 393 1406 δὲ
428 1351 639 1415 τούτοις
684 1351 1084 1423 ἀδυνατώτερον
1124 1353 1154 1405 6
1181 1349 1407 1421 ποιητὴς
1438 1349 1701 1419 ἀνέστρα-

132 1463 278 1512 πται,
304 1444 567 1506 πολλάκις
595 1443 687 1496 ἐπὶ
708 1442 804 1514 τὴν
832 1443 997 1514 αὐτὴν
1021 1441 1256 1495 διάνοιαν
1286 1439 1697 1511 ἐπιφερόμενος,

129 1536 221 1591 καὶ
272 1537 336 1589 οὐ
411 1534 708 1604 δυνάμενος
762 1534 854 1586 τὸν
909 1532 1065 1602 λόγον
1129 1531 1549 1604 εὐπεριγράφως
1616 1529 1701 1594 ἐξ·

130 1631 393 1697 ενεγκεῖν.
422 1627 679 1682 Βούλεται
715 1625 822 1697 γάρ
853 1625 1114 1697 δηλῶσαι,
1136 1625 1267 1678 διότι
1299 1624 1347 1676 oi
1379 1622 1578 1695 μεταξὺ
1605 1620 1698 1675 τοῦ

3062 446 3290 520 [lubiles.

1803 522 1981 588 Quare
2007 533 2056 577 et
2080 523 2241 577 simul
2268 520 2513 574 collectas
2536 519 2700 573 visum
2739 530 2816 573 est
2846 519 2894 572 ei
2914 518 3084 588 facere

1801 593 2021 658 Stellas,
2055 603 2113 646 ut
2135 592 2420 647 ordinatim
2449 591 2546 644 alii
2578 589 2828 659 adjacens
2867 589 2977 642 alia

1804 726 2069 799 imagines
2088 728 2393 799 eﬁigiarent,
2421 742 2642 799 moxque
2662 724 3001 799 appellabilia
3020 725 3202 799 ﬁerent

1803 795 2027 862 Sidera;
2066 795 2220 869 atque
2247 796 2390 851 haud
2433 798 2659 866 amplius
2694 795 2811 851 eum
2849 795 3362 937 adﬁirat‘ior‘reununc

2973 881 3064 918 uce
3115 881 3139 917 s
3165 880 3193 918 e
3237 881 3289 919 a.

1804 936 1909 993 Sed
1941 937 2022 992 lue
2047 937 2253 1009 quidem
2284 937 2869 1009 conspicuisginsignita:
2894 933 3210 1005 iniaginibus

1803 1004 2099 1078 Apparent;
2133 1009 2260 1078 alite
2284 1004 2464 1061 subter
2488 1004 2769 1078 fugientem
2796 1004 3048 1078 Leporem

1806 1074 1996 1133 Omnes
2027 1078 2182 1147 plane
2211 1076 2466 1142 obscura,
2488 1074 2537 1131 et
2550 1074 2676 1131 'sine
2703 1077 2910 1132 nomine
2931 1074 3188 1149 feruntur.

1869 1255 1966 1312 His
2012 1258 2067 1311 in
2113 1257 2350 1312 modium
2395 1257 2595 1320 allatis,
2627 1257 2842 1315 Attalus
2887 1256 3088 1315 infert:
3119 1256 3222 1310 iln
3270 1254 3360 1309 his

1798 1348 1962 1417 paulo
1996 1346 2269 1404 infelicius
2296 1357 2453 1419 poeta
2481 1347 2847 1415 conﬂictatur,
2877 1349 2933 1403 in
2960 1347 3205 1404 eamdem
3236 1361 3363 1401 sen-

1799 1439 2024 1493 tentiam
2075 1440 2364 1496 incurrens
2405 1440 2842 1511 saepius;ncque
2891 1440 3072 1511 plane,
3125 1453 3188 1493 ac
3220 1438 3360 1492 citra

1801 1528 2057 1599 ambages
2079 1529 2378 1584 orationem
2406 1530 2708 1600 explicans.
2740 1529 2855 1584 Hoc
2874 1530 3019 1585 enim
3046 1527 3361 1604 signiﬁcare

1802 1619 1947 1686 vult;
1982 1620 2166 1675 stellas
2210 1620 2351 1679 inter
2386 1618 2579 1675 Cetum
2628 1628 2682 1674 et
2715 1618 3156 1675 Gubernaculum
3198 1619 3357 1685 sitas,

132 1724 342 1793 Κήτους
391 1719 488 1774 καὶ
532 1717 625 1774 τοῦ
666 1716 932 1789 Πηδαλίου
974 1716 1296 1785 τεταγμένοι
1324 1714 1579 1768 ὑποκάτω
1604 1712 1691 1766 τοῦ

1802 1723 1865 1763 ac
1902 1708 2097 1780 chori
2143 1710 2421 1781 subjectae
2468 1710 2615 1764 nulla
2658 1711 3072 1767 constellatione
3111 1712 3358 1780 censeri;

131 1810 377 1880 Δαγωοῦ,
402 1812 465 1865 ὲν
489 1810 662 1863 οὐδενὶ
691 1809 873 1879 ἄστρῳ
899 1807 1375 1879 καταριθμοῦνται,
1405 1805 1519 1859 ἀλλ’
1559 1804 1699 1860 εἰσὶν

130 1902 421 1974 ἀνώνυμοι.
466 1899 683 1955 Πολλῶν
737 1899 844 1971 γὰρ
882 1898 1231 1970 ὑπαρχόντων
1290 1894 1556 1967 ἀστέρων,
1604 1892 1699 1947 καὶ

131 1994 282 2048 ἐνίων
312 1993 383 2047 τά
414 1992 618 2064 μεγέθη
658 1992 754 2045 καὶ
775 1991 843 2045 τά
876 1988 1143 2062 χρώματα
1183 1990 1346 2059 ὃμοια
1389 1987 1640 2057 ἐχόντων,
1671 1986 1700 2038 ό

131 2086 342 2158 πρῶτος
389 2083 646 2150 διατάξας
694 2081 762 2137 τὰ
817 2082 1022 2154 ἄστρα,
1074 2083 1167 2136 καὶ
1220 2081 1362 2135 κατά
1415 2079 1699 2143 συστάσεις

130 2180 376 2243 ἑκάστοις
402 2179 575 2250 ϐνομα
614 2176 879 2249 περιθεὶς,
913 2178 1014 2230 οὒκ
1044 2176 1111 2231 ἄν
1140 2174 1391 2246 ἐδυνήθη,
1426 2172 1698 2245 σποράδην

130 2271 616 2342 αὐτῶν-κειμένων,
648 2269 745 2340 τὴν
775 2268 1067 2338 ἐπίγνωσιν
1090 2268 1267 2322 αὐτῶν
1305 2266 1624 2338 λαμϐάνειν,
1649 2266 1698 2318 εί

134 2360 205 2428 μὴ
243 2356 423 2411 λαϐὼν
468 2356 528 2421 ἐξ
575 2356 754 2410 αὐτῶν
790 2358 915 2419 τοὺς
949 2356 1280 2427 δυναμένους
1313 2358 1430 2427 μετ’
1459 2355 1699 2427 ἀλλήλων

130 2447 501 2518 διασημαίνειν
548 2463 603 2499 τι
652 2444 761 2499 τῶν
806 2446 1042 2517 ἄστρων,
1088 2444 1260 2508 οὕτως
1314 2444 1699 2515 κατωνόμασεν

130 2540 283 2593 αὐτάξ
321 2560 342 2592 ι
374 2542 536 2593 Δοκεῖ
564 2538 622 2593 δέ
670 2555 759 2609 μοι
787 2540 895 2592 πᾶν
918 2538 1227 2592 τούναντίον
1248 2540 1278 2591 ό
1307 2539 1405 2608 μὲν
1441 2537 1698 2601 ’Ἄτταλος

135 2631 204 2702 μὴ
235 2632 641 2703 κεκρατηκέναι
682 2631 780 2702 τῆς
806 2630 898 2684 τοῦ
932 2629 1157 2700 ποιητοῦ
1191 2629 1462 2694 διανοίας·
1496 2630 1591 2683 καὶ
1636 2630 1697 2682 οὐ

136 2724 286 2793 μόνον
331 2723 514 2784 τοῦτο.
564 2722 699 2776 ἀλλὰ
742 2723 837 2776 καὶ
877 2722 944 2793 ἢν
996 2720 1256 2795 προέθετο
1298 2721 1538 2776 διάνοιαν
1591 2720 1700 2775 τῶν

135 2814 323 2885 στίχων
365 2812 682 2877 ἀποδοῦναι,
718 2812 852 2884 μηδὲ
880 2811 1081 2883 ταύτην
1111 2810 1296 2881 σαφῶς
1320 2852 1334 2876 ,
1377 2811 1491 2865 ἀλλ’
1533 2811 1699 2864 ἀσυνο

131 2904 261 2969 έτως
295 2903 675 2975 ἐξενηνοχέναι
696 2920 712 2937 ο
743 2907 772 2958 6
794 2904 974 2975 μέντοι
996 2921 1059 2973 γε
1092 2906 1322 2977 Ἀρατος
1354 2902 1698 2976 κεκρατημέ-

130 3013 230 3060 νως
287 2992 709 3049 ἀποδεδωκέναι.
761 2995 1018 3050 Βούλεται
1068 2995 1175 3067 γὰρ
1220 2996 1419 3065 λέγειν,
1474 2997 1554 3049 ὅτι
1603 3014 1698 3067 με-

128 3088 253 3154 ταξὺ
283 3088 380 3142 τοῦ
408 3087 675 3160 Πηδαλίου
713 3088 809 3141 καὶ
840 3088 932 3142 τοῦ
973 3089 1186 3159 Κήτους
1218 3089 1323 3141 ὑπὸ
1354 3088 1444 3142 τὸν
1473 3087 1695 3157 Λαγωὸν

129 3184 326 3234 κεῖνται
356 3179 588 3251 ἀστέρες
620 3178 909 3251 ἀνώνυμοι,
946 3180 1114 3248 ὀλίγοι
1150 3180 1229 3251 τῷ
1273 3179 1465 3251 πλήθει
1499 3181 1591 3234 καί⁸
1618 3180 1697 3252 τῷ

131 3273 367 3342 μεγέθει.
400 3273 477 3326 Οὐ
506 3273 614 3344 γάρ
645 3270 817 3335 οὕτως
844 3273 1071 3335 κεῖνται,
1103 3270 1243 3324 ὥστε
1279 3272 1342 3323 ἐκ
1369 3271 1468 3341 τῆς
1497 3270 1697 3335 θέσεως

127 3365 299 3417 αὐτῶν
322 3364 532 3436 ὁμοίως
552 3363 997 3435 διαμορφωθῆναι
1027 3362 1163 3427 ζῶα,
1203 3363 1236 3433 ἢ
1268 3360 1698 3433 κατασκεύασμᾶ

125 3474 193 3521 τι,
222 3452 311 3511 οἷά
352 3459 473 3509 ἐστι
518 3454 591 3508 τά
632 3454 794 3507 λοιπά
826 3455 1019 3525 ἄστρα,
1062 3453 1096 3507 ἃ
1125 3452 1424 3507 διετύπωσέ
1467 3469 1550 3516 τις
1587 3451 1696 3505 τῶν

126 3549 362 3619 ἀρχαίων
382 3565 398 3579 ⁸
427 3550 531 3602 οὐκ
561 3547 642 3600 ἔτι
667 3547 724 3601 δὲ
753 3546 1046 3603 ἐπεϐάλετο
1093 3546 1269 3599 πάντα
1296 3544 1695 3616 διαμορφῶσαι.

127 3637 337 3690 Πολλῶν
363 3637 475 3709 γάρ
508 3637 677 3690 όντων
723 3636 965 3707 ἀστέρων
997 3636 1104 3689 τῶν
1139 3637 1257 3690 κατ’
1293 3635 1427 3688 ἰδίαν
1450 3635 1697 3706 διερριμ-

129 3725 323 3794 μένων,
352 3727 457 3780 οὺκ
486 3725 554 3780 ἂν
588 3725 814 3797 ἐδυνήθη
851 3725 930 3778 ἐνὶ
982 3726 1223 3795 σχήματι
1283 3722 1606 3794 μεταλαϐεῖν
1648 3724 1694 3754 ⁷⁸

123 3817 317 3881 αὐτοὺς
345 3817 533 3886 ἤλιθα
560 3816 885 3885 μορφώσας
904 3833 916 3847 ·
954 3815 1020 3869 δι’
1050 3817 1115 3887 ἢν
1142 3815 1318 3869 αἰτίαν
1345 3814 1517 3879 ἔδοξεν
1550 3812 1694 3884 αὐτῷ

125 3910 246 3972 τοὺς
293 3908 736 3979 παρακειμένους
791 3925 907 3971 πως
965 3906 1215 3977 ἀλλήλοις
1268 3908 1502 3977 ἀστέρας
1526 3947 1541 3973 ,
1600 3907 1695 3960 καὶ

125 3999 434 4068 όμηγερέας
515 3997 595 4067 τῷ
643 3997 865 4068 ὀνόματι
919 3996 1244 4060 διαπλάσαι,
1302 3996 1393 4048 καὶ¹
1436 3996 1695 4066 ὀνοματο-

127 4105 369 4158 ποιησαι.

194 4204 288 4258 [Θν.
307 4204 468 4274 Ἑξῆς
482 4203 541 4256 δέ
558 4219 716 4272 φησιν
732 4205 760 4256 ό
780 4203 842 4254 Ἀ
853 4219 1009 4274 ρατος
1036 4204 1165 4275 περὶ
1181 4202 1274 4258 τοῦ
1290 4204 1535 4275 Θυμιατη
1544 4206 1657 4276 ρίου
1679 4224 1692 4237 ·

129 4317 315 4385 Αὐτὰρ
353 4318 462 4371 ὑπ’
496 4315 784 4387 αἰθομένῳ
819 4315 1045 4387 κέντρῳ
1067 4316 1274 4385 τέραος
1298 4318 1579 4387 μεγάλοιο

130 4388 443 4457 Σκορπίου,
476 4386 616 4457 ἄγχι
646 4388 864 4457 νότοιο,
895 4386 1182 4457 Θυτήριον
1212 4386 1520 4455 αἰωρεῖται·

135 4455 342 4526 Τοῦήδή
378 4474 472 4510 τοι
502 4456 709 4524 ὀλίγον
735 4456 851 4525 μὲν
890 4455 989 4507 ἐπὶ
1020 4458 1243 4525 χρόνον
1282 4461 1455 4528 ὑψόθ’
1488 4461 1694 4524 ἐόντος

126 4595 418 4666 Πεύσεαι’
461 4594 818 4666 ἀντιπέρην
841 4595 951 4666 γὰρ
997 4597 1249 4660 ἀείρεται
1304 4597 1690 4665 Ἀρκτούροιο.

126 4665 226 4742 {iui
252 4664 520 4742 nuper
539 4663 722 4742 ,ιιιίᾳαΔ
739 4663 942 4742 πάγαι)
968 4663 1395 4742 μετήοροίλεισι
1423 4663 1693 4742 deﬂendo:

134 4734 497 4802 Ἀρκτούρου
523 4748 538 4762 ·
586 4734 651 4787 τὸ
688 4734 757 4788 δὲ
803 4734 1037 4790 θᾶσσον
1083 4734 1182 4806 ὑφ’
1238 4737 1525 4875 ἑσπερίην
1557 4736 1695 4817 ’ἅλα

1486 4824 1690 4860 νειται.

1486 4824 1690 4860 νειται.

200 4916 290 4971 Ἑν
317 4916 377 4969 δὲ
404 4912 619 4979 τούτοις
664 4916 808 4971 δοκεί
837 4934 926 4988 μοι
965 4919 1176 4986 ἀγνοεῖν
1204 4920 1233 4973 6
1260 4920 1511 4991 Ἀρατος,
1559 4921 1693 4972 ὐπο-

122 5005 415 5078 λαμϐάνων
464 5008 590 5061 ὅσον
636 5008 829 5080 ἀπέχει
861 5009 890 5061 6
936 5010 1260 5082 Ἀρκτοῦρος
1308 5010 1416 5065 ἀπὸ
1462 5009 1556 5064 τοῦ
1607 5010 1695 5063 ἀεὶ

125 5097 356 5169 φανεροῦ
397 5096 591 5162 πόλου,
638 5099 886 5152 τοσοῦτον
928 5101 1150 5172 ἀπέχειν
1191 5101 1286 5154 καὶ
1320 5101 1381 5153 τὸ
1419 5100 1694 5172 Θυμιατή-

123 5206 232 5258 ριον
262 5189 377 5243 ἀπὸ
407 5186 505 5241 τοῦ
552 5189 725 5241 νοτίου
756 5189 918 5244 πόλου
939 5209 956 5224 ·
986 5193 1185 5262 ὁμοίως
1219 5192 1276 5244 δὲ
1304 5191 1397 5245 καὶ
1430 5193 1460 5243 6
1500 5193 1694 5245 Ἀττα-

122 5282 208 5345 λος
231 5321 247 5346 ,
300 5283 388 5345 ὡς
432 5280 501 5334 ἂν
554 5284 1079 5354 συναποφαινόμενος
1123 5284 1290 5355 αὐτῷ,
1326 5286 1524 5353 ἀγνοεῖ.
1580 5286 1694 5351 Ἐξ-

121 5373 433 5445 ηγούμενος
460 5370 573 5443 γὰρ
599 5373 697 5443 τὴν
726 5375 961 5429 διάνοιαν
997 5376 1104 5430 τῶν
1129 5377 1426 5447 εἰρημένων
1475 5378 1689 5449 στίχων,

122 5460 260 5531 λέγει
292 5462 511 5524 οὕτως·
551 5479 570 5513 ι
608 5463 743 5535 Περὶ
768 5464 822 5518 δὲ
860 5466 951 5520 τοῦ
979 5467 1343 5538 Θυμιατηρίου
1380 5468 1693 5540 ποιούμενος

196 5666 243 5697 ⁷⁶
273 5665 406 5733 Reg.
448 5664 791 5732 μεταϐαλεῖν.

1800 1799 1896 1856 sed
1925 1801 2291 1870 appellatione
2322 1817 2532 1857 carere.
2573 1801 2709 1857 Cum
2739 1803 2886 1857 enim
2916 1804 3084 1858 stella:
3114 1804 3361 1872 complu-

1796 1908 1887 1949 res
1920 1900 2123 1961 essent,
2158 1902 2212 1949 et
2243 1910 2310 1949 ex.
2335 1894 2402 1948 iis
2432 1895 2639 1965 aliquot
2670 1893 3060 1966 magnitudine,
3093 1909 3156 1950 ac
3177 1895 3363 1950 colore

1798 1986 2046 2054 similes;
2082 1987 2173 2057 qui
2205 1988 2415 2058 primus
2445 1986 2625 2043 sidera
2655 1987 2907 2058 digessit,
2932 1995 2986 2043 et
3008 2002 3105 2058 per
3131 1988 3361 2043 constel-

1797 2077 2030 2133 lationes
2075 2077 2386 2133 distributis
2425 2079 2659 2148 singulis
2708 2079 3100 2149 appellationes
3142 2079 3359 2142 indidit,

1800 2185 1906 2224 non
1954 2169 2222 2242 potuisset
2263 2170 2497 2240 sparsim
2543 2185 2639 2224 eas
2685 2171 2981 2226 collocatas
3014 2170 3359 2242 dignoscere,

1796 2262 1906 2318 nisi
1930 2262 2082 2334 prius
2111 2277 2206 2318 eas
2226 2278 2257 2317 e
2289 2262 2448 2316 turba
2473 2262 2776 2333 selegisset,
2808 2278 2930 2333 qua:
2966 2263 3021 2317 in
3052 2278 3217 2317 unum
3241 2263 3359 2317 col-

1798 2355 1951 2411 lectae
1993 2362 2194 2411 certam
2237 2356 2577 2428 conﬁgurare
2620 2363 2841 2428 possent
2887 2355 3148 2426 elligiem;
3200 2363 3363 2425 atque

1798 2446 1872 2502 ita
1935 2447 2050 2505 suis
2105 2449 2386 2504 vocabulis
2435 2449 2688 2504 alliceret.
2727 2468 2746 2501 3
2798 2447 2962 2517 Atqui
3023 2448 3358 2502 contrarium

1797 2549 2026 2605 prorsus
2063 2536 2561 2607 existimozneque
2610 2536 2852 2590 Attalum
2897 2544 3072 2605 poetae
3121 2544 3359 2593 mentem

1798 2635 2109 2682 assecutum
2147 2626 2348 2695 fuisse;
2382 2635 2437 2684 et
2478 2643 2642 2698 quam
2680 2643 2937 2683 versuum
2970 2628 3188 2683 illorum
3231 2644 3360 2684 sen-

1799 2717 2022 2773 tentiam
2070 2720 2342 2790 explicare
2390 2719 2683 2783 cupiebat,
2735 2719 2970 2776 obscure
3005 2719 3362 2791 imperitequo

1797 2808 2108 2867 declarasse
2135 2829 2150 2865 :
2174 2810 2401 2867 Aratum
2426 2811 2657 2883 denique
2685 2811 2737 2867 id
2768 2812 2915 2883 quod
2948 2826 3039 2867 res
3068 2819 3152 2867 est
3182 2810 3363 2882 perle-

1800 2912 1885 2956 cte
1913 2902 2273 2973 signiﬁcasse.
2323 2903 2421 2959 llic
2461 2905 2605 2959 enim
2634 2904 2806 2959 voluit
2833 2905 2975 2959 inter
3006 2901 3359 2959 Gubernacu-

1799 2994 1910 3048 lum
1932 3003 1987 3050 et
2014 2995 2201 3051 Cetum
2231 2996 2335 3051 sub
2361 2996 2569 3067 Lepore
2597 2997 2733 3051 sitas
2755 3011 2877 3051 esse
2906 3004 3156 3053 carentes
3183 2996 3360 3048 nomi~

1802 3085 1965 3140 nibus
2008 3086 2215 3149 stellas,
2243 3101 2471 3141 numero
2506 3094 2561 3141 et
2606 3085 2981 3156 magnitudine
3015 3087 3217 3157 pariter
3244 3086 3361 3140 cxi-

1798 3191 1956 3246 guas.
2002 3176 2120 3231 Non
2152 3177 2297 3232 enim
2330 3178 2404 3232 ita
2441 3178 2739 3232 collocatas
2777 3193 2921 3238 esse.
2953 3186 3012 3231 ut
3059 3192 3125 3233 ex
3167 3192 3357 3231 earum

1799 3264 1907 3319 situ
1943 3267 2165 3335 perinde
2199 3266 2530 3322 conformari
2563 3276 2767 3339 queant
2803 3269 3079 3334 animalia,
3115 3269 3199 3323 vel
3228 3282 3362 3322 con-

1798 3357 2125 3414 stellationis
2168 3360 2405 3429 aliquid;
2439 3360 2749 3431 cuiusmodi
2786 3368 2914 3416 sunt
2942 3368 3089 3415 astra
3126 3360 3358 3431 reliqua,

1798 3462 1919 3519 quae
1952 3459 2193 3503 veterum
2225 3449 2426 3520 aliquis
2456 3450 2511 3506 in
2551 3450 2757 3507 formas
2800 3451 3006 3522 redegit
3036 3471 3049 3505 :
3075 3452 3148 3506 ita
3179 3461 3359 3507 tamen

1800 3545 1858 3591 ut
1893 3537 2012 3592 non
2054 3538 2311 3594 omnibus
2358 3539 2585 3611 ﬁguram
2638 3541 2861 3596 auderet
2906 3539 3179 3611 allingere.
3223 3537 3358 3592 Nam

1804 3644 1930 3683 cum
1967 3631 2155 3700 plures
2179 3638 2365 3687 essent
2400 3632 2588 3696 stella,
2629 3633 3055 3705 singillatimque
3078 3631 3356 3702 dispersae,

1798 3736 2077 3791 nunquam
2117 3738 2211 3778 eas
2242 3723 2510 3793 potuisset
2541 3738 2651 3778 una
2693 3725 2944 3795 quapiam
2996 3723 3166 3794 elligie
3210 3737 3359 3777 com-

1798 3812 1989 3882 plecti,
2026 3833 2046 3865 ι
2076 3814 2364 3870 confertim
2391 3802 2652 3886 elligians.
2683 3836 2701 3868 ι
2737 3817 2909 3883 Quam
2939 3817 3007 3871 ob
3028 3830 3248 3871 causam
3279 3815 3361 3868 vi-

1799 3919 1920 3959 sum
1945 3913 2027 3961 est
2053 3906 2128 3959 illi
2158 3906 2369 3961 vicinas
2396 3907 2626 3963 invicem
2659 3909 2864 3974 stellas,
2895 3917 2948 3963 et
2974 3908 3028 3962 in
3060 3922 3224 3961 unum
3247 3904 3360 3966 col-

1798 3994 1970 4050 lectas
2001 3998 2168 4053 certis
2196 3998 2677 4069 comprehendere,
2724 4016 2785 4053 ac
2821 3998 3166 4053 conformare
3194 4011 3387 4051 voca-Ar

1796 4087 1961 4144 bulis.

1868 4200 2007 4256 XIX.
2056 4200 2186 4257 Post
2214 4202 2327 4257 haec
2352 4202 2553 4258 Aratus
2589 4204 2657 4258 de
2686 4202 2792 4256 Ara
2826 4204 2899 4257 ita
2930 4202 3120 4257 scribit
3147 4221 3161 4255 :

1798 4315 1869 4369 At
1890 4314 1985 4368 sub
2016 4315 2275 4384 ﬂagrante
2297 4314 2477 4368 aculeo
2505 4316 2727 4368 monstri
2754 4315 2974 4384 ingentis

1804 4384 2032 4454 Scorpii,
2067 4400 2224 4454 prope
2246 4394 2510 4449 austrum,
2541 4385 2651 4437 Ara
2680 4385 2902 4454 pendet:

1804 4453 1978 4522 Quam
2025 4453 2160 4509 certe
2208 4454 2469 4507 modicum
2523 4453 2732 4524 quidem
2777 4453 2846 4507 ad
2899 4462 3098 4524 tempus
3146 4469 3355 4505 sursum

2935 4521 3284 4594 [exsistentem

1797 4593 1998 4650 Senties
2019 4610 2040 4649 :
2065 4612 2092 4649 e
2122 4595 2329 4650 reaione
2358 4594 2496 4648 enim
2518 4594 2782 4648 attollitur
2804 4593 3040 4648 Arcturi.

1796 4666 1863 4717 At
1886 4665 2043 4734 hujus
2063 4662 2273 4735 quidem
2303 4663 2593 4735 admodum
2608 4664 2831 4735 multum
2853 4663 3100 4718 sublimes
3122 4672 3241 4735 sunt
3262 4662 3357 4718 vita

1798 4732 2047 4790 Arcturi:
2065 4732 2163 4789 illa
2184 4751 2301 4789 vero
2329 4735 2484 4788 citius
2509 4732 2604 4789 sub
2629 4734 2899 4795 occiduum
2926 4750 3071 4788 mare
3098 4734 3248 4789 redit.

1867 4912 1926 4966 In
1969 4913 2057 4969 his
2094 4912 2461 4968 ballucinatus
2488 4911 2620 4967 mihi
2667 4911 2881 4966 videtur
2919 4909 3138 4972 Aratus,
3166 4908 3358 4963 existi-

1795 5019 1952 5059 mans
1982 5012 2248 5074 quantum
2279 5003 2349 5058 ab
2384 5007 2679 5073 apparentia
2709 5016 2935 5071 semper.
2959 5000 3170 5055 circulo
3192 4998 3358 5054 distat

1792 5097 2083 5163 Arcturus,
2108 5103 2320 5161 tantum
2366 5095 2436 5150 ab
2481 5093 2708 5149 australi
2736 5093 2862 5163 polo
2906 5090 3069 5145 Aram
3102 5104 3225 5145 esse
3270 5104 3360 5144 re-

1794 5197 1993 5243 motam
2021 5205 2036 5253 ;
2067 5195 2183 5248 tum
2217 5189 2378 5244 etiam
2404 5188 2618 5245 Attalus
2643 5187 2819 5243 eidem
2848 5200 3108 5242 assensus
3131 5183 3354 5240 erravit.

1795 5279 1928 5332 Nam
1968 5294 2157 5339 eorum
2200 5295 2483 5344 versuum,
2514 5294 2653 5349 quos
2694 5277 2997 5342 attulimus,
3030 5274 3381 5349 sententiam:

1798 5371 1885 5426 his
1910 5370 2094 5427 verbis
2113 5371 2351 5439 explicat
2376 5389 2388 5425 :
2428 5389 2446 5420 ι
2570 5370 2678 5424 Ara
2702 5383 3008 5424 sermonem
3040 5342 3382 5425 instituens,‘

1804 5462 1881 5519 ait
1902 5461 2079 5530 ipsam
2108 5461 2173 5517 ad
2208 5474 2486 5532 nunquam
2513 5468 2859 5531 apparentem
2894 5458 3162 5516 circulum
3196 5454 3361 5508 sitam
