3816 6322
464 324 597 380 10ιῖ

1440 319 1532 375 ΔΙ)
1570 314 1841 375 EUSEBII
1872 310 2266 370 CBRONICON
2303 310 2669 368 APPENDIX.

3557 299 3682 356 {0‘8

462 439 557 495 sed
598 436 920 509 obscuriori]
939 452 1004 493 ac
1044 436 1334 508 perexiguo
1380 436 1718 493 discrimine.
1749 454 1768 485 ι
1816 431 2018 486 Verum

2138 432 2149 482 ὃ
2177 428 2328 500 ἥλιος
2358 427 2676 499 ποιούμενος
2694 441 2710 456 ο
2741 423 3073 496 ἀδηλοτέραν
3110 421 3168 475 δὲ
3199 417 3402 489 πολλῷ,
3435 415 3535 470 καὶ
3563 434 3687 471 παν-

461 528 567 581 hac
598 527 654 580 in
689 542 746 582 re
792 525 1065 581 inscitiam
1099 541 1252 579 suam
1298 525 1604 595 prodidisse
1635 523 1766 579 mihi
1814 521 2026 577 videtur

461 617 700 681 Attalus,
733 632 856 671 cum
900 616 1176 673 exiStimat
1208 616 1376 671 solem
1418 615 1690 671 interdum
1730 615 2025 669 australiu-

466 725 591 772 res,
643 709 915 764 interdum
960 708 1290 763 borealiores
1346 707 1548 762 habere
1598 711 2024 765 conversiones:

463 800 696 870 ideoque
723 800 863 854 latos
887 798 1014 868 ﬁngi
1048 798 1288 853 circulus
1308 783 1584 868 oportere.
1603 797 1817 853 Etenim
1846 799 1892 853 si
1916 814 2027 853 non

465 905 565 959 per
594 890 831 944 medium
849 890 1129 958 signorum
1151 889 1418 943 circulum
1442 889 1524 944 sol
1547 896 1816 953 movetur,
1844 888 1939 945 sed
1959 889 2028 942 ab

461 995 529 1039 eo
554 979 789 1041 declinat
821 980 875 1034 in
908 981 1330 1051 septentrionem
1373 981 1459 1035 vel
1498 980 1804 1046 meridiem,
1832 996 2026 1051 quem-

468 1071 756 1127 admodum
799 1073 972 1127 luna:
1003 1087 1345 1142 consequens
1374 1081 1459 1127 est
1507 1072 1782 1137 umbram,
1833 1087 1954 1143 qua:
1996 1087 2028 1126 a

467 1175 612 1225 terra
640 1164 911 1235 provenit,
942 1164 1130 1221 eodem
1175 1164 1335 1219 modo
1375 1166 1596 1220 variari.
1654 1164 1776 1232 Quo
1828 1166 2025 1235 posito,

468 1255 611 1309 lunai
658 1254 896 1324 deliquia
944 1254 1237 1325 plurimum
1289 1255 1358 1309 ab
1404 1257 1799 1327 astrologorum
1835 1256 2031 1325 praedi-

464 1343 744 1399 ctionibus
780 1344 1098 1413 discrepare
1137 1359 1361 1405 necesse
1388 1346 1479 1409 sit,
1532 1362 1657 1401 cum
1690 1347 1794 1402 hoc
1821 1347 1898 1401 illi
1935 1362 2030 1402 su-

462 1441 617 1485 mant
652 1432 706 1485 in
738 1432 887 1487 omni
921 1433 1238 1503 operatione
1275 1449 1375 1488 sua
1403 1451 1420 1501 ;
1454 1434 1691 1490 medium
1736 1435 1943 1492 umbrae
1973 1436 2029 1489 in

464 1528 783 1585 transeunte
810 1537 906 1592 per
931 1520 1110 1576 media
1147 1523 1304 1594 signa
1337 1524 1547 1579 circulo
1592 1526 1820 1579 moveri.
1864 1527 2027 1595 Atqui

462 1628 574 1665 non
600 1612 723 1681 plus
754 1610 939 1682 digitis
970 1610 1190 1667 duobus
1211 1612 1483 1667 interdum
1515 1654 1531 1679 ,
1564 1613 1727 1684 idque
1765 1629 2028 1685 perraro;

470 1704 542 1769 ab
564 1702 1017 1775 exquisitissimis
1039 1703 1348 1759 ratiociniis
1365 1702 1651 1760 diﬂ‘erunt.
1681 1705 1877 1761 Dicere
1903 1721 2031 1761 vero

463 1800 671 1847 tantam
717 1793 946 1848 circulis
993 1794 1117 1850 istis
1164 1794 1349 1849 inesse
1393 1794 1758 1864 latitudinem,
1808 1796 2034 1867 perinde
2062 1778 2107 1834 Β

462 1892 549 1949 est
589 1899 655 1939 ac
697 1884 1000 1943 latitudinis
1043 1892 1296 1955 expertes
1346 1883 1526 1942 facere
1559 1903 1574 1939 :
1606 1894 1667 1942 ut
1717 1887 1852 1941 illud
1881 1888 2036 1941 omit-

466 1981 601 2039 tam,
635 1988 743 2029 non
778 1974 912 2035 satis
939 1982 1211 2042 constare,
1243 1983 1425 2031 utrum
1441 1993 1507 2031 ex
1531 1977 1667 2033 solis
1702 1992 1773 2032 an
1796 1993 1864 2033 ex
1894 1978 2035 2033 luna:

468 2071 622 2119 motu
646 2065 948 2136 contingat,
998 2066 1148 2125 utin
1190 2067 1475 2123 lunaribus
1521 2069 1775 2140 deliquiis
1826 2078 2032 2125 tantum

467 2155 750 2219 varietatis
776 2155 1002 2212 incidat.
1032 2158 1114 2227 Ad
1142 2158 1259 2219 haec
1287 2161 1525 2230 tropicos
1565 2160 1829 2216 duntaxat
1858 2162 2037 2217 circu-

468 2247 553 2302 los
583 2262 648 2303 ea
674 2247 741 2303 de
760 2263 926 2304 causa
944 2249 1285 2305 latitudinem
1306 2251 1507 2306 habere
1523 2258 1633 2305 tam
1649 2253 1851 2316 Aratus
1870 2267 2035 2322 quam

467 2336 835 2397 mathematici
863 2336 1171 2405 ﬁnxerunt;
1208 2340 1645 2411 aequinoctialem
1667 2357 1800 2397 vero
1828 2357 2037 2412 nequa-

470 2443 654 2499 quam.
684 2427 790 2485 Sed
814 2438 872 2485 ut
906 2432 1159 2491 universe
1190 2431 1406 2504 loquar,
1450 2435 1868 2492 mathematicos
1899 2435 2037 2492 istos

470 2535 681 2588 omnes,
727 2537 865 2592 quos
913 2521 1048 2585 dixi,
1085 2525 1322 2579 arbitror
1347 2525 1554 2579 nullam
1595 2526 1820 2596 tropicis
1853 2527 2035 2582 circu-

472 2614 560 2678 lis,
606 2625 702 2671 aut
746 2616 1151 2687 aequinoctiali,
1201 2625 1295 2672 aut
1345 2635 1563 2690 semper
1594 2623 1901 2691 apparenti,
1951 2624 2037 2679 vel

472 2720 685 2775 semper
710 2707 947 2772 occulto,
979 2707 1319 2765 latitudinem
1355 2711 1635 2767 tribuisse.
1688 2710 1824 2766 Nam
1856 2728 1925 2768 ne
1951 2728 2040 2767 co-

471 2796 694 2866 gitando
722 2797 941 2867 quidem
976 2797 1104 2869 ﬁngi
1147 2808 1346 2870 potest,
1382 2801 1548 2855 ullam
1601 2801 1751 2872 ipsos
1795 2802 2040 2858 latitudi-

470 2904 594 2944 nem
623 2890 841 2951 habere.
896 2889 975 2945 lta
1024 2892 1225 2964 quippe
1271 2895 1517 2965 singulos
1566 2894 1864 2951 informare
1907 2911 2038 2951 con-

472 2982 782 3051 templando
811 2984 1071 3052 solemus,
1093 2995 1154 3042 ut
1189 2986 1518 3057 cogitatione
1554 2996 1892 3045 constantem
1922 2989 2039 3043 sola

472 3070 696 3137 lineam,
736 3088 837 3127 nec
873 3073 1161 3129 latitudine
1199 3074 1478 3143 praeditam
1512 3076 1770 3131 habeant.
1816 3075 2040 3131 Praeter-

472 3177 539 3218 ea
584 3178 706 3218 cum
758 3172 1013 3221 asserunt
1082 3165 1516 3235 aequinoctialem
1572 3174 1629 3222 et
1687 3165 1969 3222 zodiacum
2008 3183 2040 3223 e

473 3256 724 3312 maximis
754 3257 810 3312 in
858 3258 1069 3329 sphaera
1120 3259 1348 3314 circulis
1393 3274 1538 3323 esse,
1603 3259 1759 3318 etab
1807 3267 2040 3330 utroque

473 3346 720 3417 bipertiri
752 3349 1019 3420 spheram
1056 3370 1071 3406 :
1101 3360 1215 3405 tum
1252 3351 1485 3414 zodiaci,
1523 3351 1839 3421 aequatoris,
1893 3351 2041 3406 hori-

473 3433 650 3498 zontis
676 3443 732 3489 et
763 3437 1051 3492 meridiani
1084 3438 1227 3494 idem
1256 3454 1379 3495 esse
1410 3447 1657 3494 centrum
1689 3458 1705 3505 ;
1756 3440 2038 3495 zodiacum

473 3523 695 3594 insuper
726 3526 782 3581 in
838 3543 949 3583 uno
988 3539 1193 3599 puncto
1243 3530 1483 3599 tropicos
1534 3531 1891 3601 contingere;
1941 3546 2042 3586 nec

473 3627 585 3681 non
619 3613 892 3683 ejusmodi
940 3618 1045 3670 alia
1098 3619 1356 3689 pleraque
1390 3635 1407 3672 :
1440 3619 1575 3675 satis
1605 3620 1862 3674 omnibus
1910 3620 2043 3676 iisce

473 3706 851 3765 demonstrant
895 3708 1131 3763 circulos
1162 3709 1283 3764 illos
1329 3709 1631 3766 latitudinis
1669 3726 1790 3766 esse
1818 3726 2043 3781 prorsus

473 3805 746 3866 expertes.
792 3796 935 3851 Nihil
970 3799 1115 3853 enim
1156 3815 1223 3854 ex
1255 3799 1324 3853 iis
1366 3800 1621 3856 omnibus
1664 3807 1812 3856 recte
1859 3810 2043 3870 posset

474 3888 753 3958 usurpari.
782 3890 828 3943 si
859 3889 951 3942 lati
980 3899 1163 3945 essent
1194 3890 1356 3946 iidem
1404 3892 1637 3959 circuli;
1691 3908 1791 3948 nec
1839 3894 1895 3948 in
1936 3909 2042 3948 una

477 3986 687 4033 tantum
711 3978 819 4045 die,
845 3979 938 4034 sed
967 3980 1215 4050 pluribus
1236 3983 1625 4051 aequinoctium
1651 3982 2045 4054 ﬁeret.Quippe

477 4070 560 4123 sol
594 4070 829 4139 plurium
876 4073 930 4128 in
973 4074 1335 4143 aequinoctiali
1363 4075 1571 4130 circulo
1601 4074 1810 4130 dierum
1836 4090 2041 4130 moram

480 4159 701 4229 faceret,
737 4163 786 4218 si
821 4164 871 4219 is
893 4164 1179 4228 latitudine
1206 4174 1505 4231 constaret.
1555 4166 1693 4221 Tum
1726 4167 1779 4220 in
1817 4181 2045 4236 gnomo-

478 4253 619 4306 nicis
660 4254 917 4310 omnibus
960 4258 1315 4321 conﬁciendis
1353 4258 1662 4313 rationibus
1708 4257 1813 4317 hoc
1847 4255 2045 4323 funda-

476 4346 643 4398 menti
669 4346 842 4401 instar
881 4347 1207 4425 adhibetur;
1252 4350 1419 4404 latum
1451 4349 1678 4405 istorum
1709 4348 2042 4403 circulorum

2130 519 2298 583 τελῶς
2334 520 2542 591 ὀλίγην.
2576 537 2596 569 ι
2647 519 2804 570 Δοκεῖ
2832 516 2897 586 δή
2934 531 3025 585 μοι
3062 512 3158 566 καὶ
3184 513 3242 565 ἐν
3270 511 3484 572 τούτοις
3508 510 3539 561 ὑ
3566 510 3685 561 Ἀτ-

2128 612 2286 675 ταλος
2314 613 2545 679 ἀγνοεῖν,
2583 607 2980 679 ὑπολαμϐάνων
3019 605 3110 658 τὸν
3131 604 3283 675 ήλιον
3312 602 3445 654 ποτὲ
3477 600 3575 671 μὲν
3613 617 3686 652 νο-

2129 709 2411 779 τιωτέρας,
2434 706 2563 759 ποτὲ
2590 705 2648 759 δὲ
2678 704 3017 775 βορειοτέρας
3043 698 3308 753 ποιεῖσθαι
3337 696 3438 761 τάς
3462 695 3684 767 τροπάςο

2130 799 2224 852 καὶ
2251 799 2338 852 διὰ
2358 798 2514 851 τοῦτο
2533 797 2642 850 δεῖν
2666 797 2793 860 τοὺς
2817 794 3051 858 κύκλους
3078 792 3297 854 πλατεῖς
3322 788 3683 843 ὑποτίθεσθαι.

2130 889 2195 941 Ei
2222 887 2332 960 γάρ
2367 888 2440 958 μὴ
2468 886 2562 940 τὸν
2592 886 2682 940 διά
2723 886 2902 957 μέσων
2943 883 3052 938 τῶν
3090 881 3293 947 ζωδίων
3326 881 3555 951 φέρεται
3597 881 3685 933 κύ-

2131 982 2258 1034 κλον
2285 983 2314 1034 ὁ
2342 980 2513 1049 ἥλιος,
2542 977 2677 1032 ἀλλά
2701 975 3072 1049 παραλλάσσει
3091 972 3281 1027 τούτου
3306 971 3446 1045 πρὸς
3466 971 3685 1042 ἀρκτους

2131 1070 2226 1124 καί⁵
2260 1069 2397 1140 πρὸς
2429 1065 2796 1138 μεσημϐρίαν,
2830 1063 2907 1127 ὡς
2936 1063 3031 1116 καὶ
3055 1063 3090 1133 ή
3138 1060 3334 1129 σελήνη
3358 1072 3373 1086 ’
3406 1055 3584 1126 δῆλον,
3615 1055 3685 1108 δτι

2130 1163 2225 1216 καὶ⁸
2252 1163 2286 1231 ἠ
2318 1160 2426 1213 ἀπὸ
2454 1159 2555 1229 τῆς
2593 1158 2698 1228 γῆς
2725 1155 2853 1210 σκιά
2877 1154 3077 1226 ὁμοίως
3101 1153 3285 1214 αὐτοῖς
3305 1147 3683 1221 παραλλάσσει.

2130 1252 2331 1307 Τούτου
2365 1252 2424 1306 δὲ
2448 1250 2756 1321 γινομένου,
2779 1247 2885 1301 ἔδει
2910 1247 3011 1310 τάς
3045 1245 3144 1316 τῆς
3173 1242 3404 1314 σελήνης
3423 1238 3687 1320 ἐκλείψεις

2130 1345 2266 1399 πολὺ
2318 1345 2606 1414 διαφωνεῖν
2658 1341 2795 1412 πρὸς
2834 1339 2935 1403 τὰς
2979 1335 3421 1405 συντασσομένας
3460 1332 3566 1385 ὑπὸ
3593 1329 3689 1383 τῶν

2130 1437 2470 1510 ἀστρολόγων
2494 1434 2825 1506 προρρήσεις
2846 1449 2861 1464 ⁸
2895 1428 3300 1500 ὑποτιθεμένων
3328 1425 3395 1496 δὴ
3426 1424 3606 1478 αὑτῶν
3639 1423 3691 1473 ἐν

2129 1533 2250 1594 ταῖς
2274 1527 2679 1601 πραγματείαις
2707 1524 2768 1579 τὸ
2801 1523 2962 1595 μέσον
2992 1520 3095 1591 τῆς
3124 1520 3282 1581 σκιᾶς
3313 1513 3577 1588 φέρεσθαι
3610 1513 3691 1566 ἐπὶ

2130 1619 2224 1681 τοῦ
2250 1618 2339 1673 διά
2370 1618 2549 1690 μέσων
2576 1616 2685 1671 τῶν
2709 1614 2914 1679 ζωδίων
2940 1612 3160 1667 κύκλου.
3186 1610 3263 1662 (ιὺ
3289 1604 3617 1675 διαφωνοῦσι
3642 1604 3693 1656 δὲ

2134 1710 2293 1765 πλέον
2324 1711 2358 1784 ἢ
2391 1708 2672 1771 δακτύλοις
2713 1706 2854 1771 δυσὶ,
2909 1702 3149 1765 σπανίως
3192 1699 3249 1752 δὲ
3294 1698 3506 1769 σφόδρα
3550 1695 3691 1759 ποτὲ,

2137 1804 2275 1875 πρὸς
2312 1802 2409 1866 τάς
2442 1801 2775 1873 χαριέστατα
2818 1793 3249 1864 συντεταγμένας
3298 1787 3691 1863 πραγματείας.

2138 1895 2212 1947 Τό
2237 1911 2303 1962 γε
2341 1891 2445 1963 μὴν
2471 1890 2648 1959 λέγειν
2679 1886 2995 1959 τηλικοῦτον
3024 1884 3225 1948 πλάτος
3264 1883 3411 1954 ἔχειν
3444 1878 3542 1934 καὶ
3578 1877 3694 1938 τοὺς

2138 1982 2368 2045 κύκλους
2401 1980 2514 2033 ῐσον
2541 1980 2660 2032 ἐστὶ
2685 1977 2765 2047 τῷ
2792 1973 3051 2037 ἀπλατεῖς
3087 1973 3283 2036 αὐτοὺς
3315 1964 3658 2024 ὑποτίθεσθαι
3675 1981 3689 1994 '

2138 2075 2305 2145 χωρὶς
2333 2072 2427 2125 τοῦ
2456 2071 2548 2124 καὶ
2568 2068 2700 2123 αὑτὸ
2720 2064 2878 2120 τοῦτο
2897 2064 3088 2135 ἀδηλον
3110 2058 3270 2128 εἶναι,
3300 2061 3529 2128 πότερον
3557 2054 3694 2125 παρὰ

2137 2166 2238 2235 τὴν
2274 2163 2369 2217 τοῦ
2398 2162 2553 2234 ἡλίου
2602 2160 2817 2229 κίνησιν
2847 2157 2881 2228 ἢ
2916 2154 3069 2227 παρά
3106 2156 3205 2226 τὴν
3236 2153 3338 2224 τῆς
3380 2151 3610 2220 σελήνης
3632 2146 3697 2199 τὰ

2143 2255 2343 2327 μεγέθη
2371 2253 2477 2307 τῶν
2502 2252 2602 2321 τῆς
2630 2250 2858 2319 σελήνης
2882 2245 3172 2316 ἐκλείψεων
3201 2245 3295 2298 ἐπὶ
3318 2241 3573 2296 τοσοῦτον
3595 2239 3696 2292 δια-

2141 2348 2323 2418 φωνεῖ.
2352 2345 2579 2398 Ἐπειτα
2609 2341 2736 2404 τοὺς
2762 2341 3052 2411 τροπικοὺς
3084 2338 3242 2408 μόνον
3268 2333 3357 2388 διά
3382 2333 3544 2387 τοῦτο
3574 2332 3696 2384 πλα-

2138 2440 2251 2502 τεῖς
2278 2438 2307 2490 ὃ
2342 2453 2403 2489 τε
2435 2436 2667 2506 ¹Ἄρατος
2708 2431 2859 2501 ἔλεγε
2905 2430 3000 2484 καὶ
3036 2428 3087 2481 οἱ
3120 2424 3491 2498 μαθηματικοὶ
3532 2419 3697 2476 ὑπετί-

2142 2528 2322 2583 θεντοο
2350 2527 2443 2581 τδν
2469 2526 2526 2580 δὲ
2559 2522 2867 2596 ἰσημερινὸν
2910 2520 3010 2574 ούκ
3041 2518 3140 2572 ἑτι.
3174 2514 3417 2570 Καθόλου
3456 2530 3518 2566 τε
3556 2508 3693 2581 οἶμαι

2139 2615 2264 2677 τοὺς
2295 2612 2708 2684 μαθηματικοὺς
2740 2611 2984 2672 ἃπαντας
3014 2608 3139 2670 τοὺς
3164 2604 3491 2677 εἰρημένους
3534 2599 3693 2655 ἀπλαο

2139 2707 2253 2769 τεῖς
2279 2703 2624 2766 ὑποτίθεσθαι
2649 2702 2774 2766 τοὺς
2802 2700 3114 2773 τροπικοὺς,
3138 2697 3232 2752 καὶ
3246 2696 3347 2750 ’τὸν
3375 2689 3693 2766 ἰσημερινδν.

2141 2797 2351 2852 καὶτὸν
2395 2797 2482 2849 ἀεὶ
2511 2795 2762 2867 φανερὸν,
2800 2793 2892 2845 καὶ
2931 2792 3023 2845 τὸν
3059 2789 3146 2842 ἀεὶ
3174 2786 3379 2858 ἀφανῆ.
3427 2785 3563 2840 οὐδὲ
3599 2783 3695 2853 γάρ

2141 2889 2425 2959 ἐπινοῆσαι
2454 2888 2674 2943 δυνατόν
2713 2888 2830 2939 ἐστι
2868 2883 3088 2945 τούτους
3129 2882 3334 2943 πλάτος
3361 2879 3600 2950 ἔχοντας.
3632 2875 3695 2928 Τδ

2140 2982 2249 3053 γὰρ
2282 2980 2410 3045 ίδιον
2445 2980 2674 3034 ἑκάστου
2699 2974 3022 3050 περινοητὴν
3054 2974 3100 3005 ⁸⁸
3139 2971 3235 3025 καὶ
3279 2969 3499 3039 ἀπλατῆ
3532 2984 3694 3039 γραμ-

2146 3073 2252 3145 μὴν
2283 3072 2405 3143 ἔχον
2447 3069 2766 3144 θεωρεῖσθαι
2804 3065 3171 3137 συμϐέϐηκεν.
3198 3063 3319 3116 Ἔτι
3360 3061 3419 3114 δὲ
3453 3059 3548 3114 καὶ
3579 3060 3695 3111 ὅταν

2140 3162 2337 3231 λέγωσι
2383 3160 2473 3214 τὸν
2507 3156 2940 3231 ίοημερινδν,καὶ
2980 3155 3072 3208 τὸν
3100 3152 3364 3218 ζωδιακὸν
3401 3150 3514 3204 τῶν
3558 3146 3695 3220 μεγίο

2142 3269 2280 3306 στων
2304 3245 2442 3304 εἶναι
2471 3253 2530 3304 ὲν
2563 3253 2631 3321 τῇ
2664 3248 2868 3320 σφαίρᾳ
2907 3246 3142 3311 κύκλων,
3185 3244 3280 3298 καὶ
3309 3239 3694 3313 διχοτομεῖσθαι

2138 3344 2238 3417 τὴν
2272 3345 2504 3415 σφαῖραν
2536 3341 2627 3409 ὑφ’
2663 3337 2928 3409 ἑκατέρου
2955 3336 3154 3400 αὐτῶν,
3187 3339 3281 3388 καὶ
3312 3333 3373 3387 τδ
3416 3331 3550 3386 αὑτὸ
3584 3330 3694 3385 κέν-

2140 3454 2266 3509 τρον
2291 3433 2386 3488 τοῦ
2420 3429 2709 3499 ζωδιακοῦ,
2735 3429 2833 3484 καὶ⁸
2858 3428 2954 3482 τοῦ
2986 3424 3324 3499 ίσημερινοῦ,
3356 3423 3453 3477 καὶ
3480 3420 3573 3475 τοῦ
3595 3420 3697 3491 ὁρί-

2141 3528 2343 3593 ζοντος,
2372 3527 2465 3579 καὶ
2509 3522 2603 3577 τοῦ
2640 3519 3034 3594 μεσημϐρινοῦ,
3059 3518 3155 3572 καὶ
3176 3516 3268 3570 τὸν
3292 3513 3557 3579 ζωδιακὸν
3577 3510 3696 3581 ὲφά-

2142 3620 2371 3675 πτεσθαι
2417 3617 2525 3671 τῶν
2570 3615 2846 3689 τροπικῶν
2888 3614 3011 3668 καθ’
3048 3611 3106 3665 ἓν
3149 3611 3372 3682 σημεῖον
3393 3625 3409 3640 ο
3446 3606 3540 3661 καὶ
3578 3603 3695 3660 ἀλλα

2144 3713 2358 3769 πλείονα
2403 3707 2654 3785 τοιαῦτα⁹
2686 3708 2943 3770 ἀπλατεῖς
2996 3704 3190 3767 αὐτοὺς
3232 3703 3327 3756 καὶ
3372 3700 3466 3754 διά
3507 3697 3697 3752 τούτων

2145 3803 2515 3876 σημαίνουσιν.
2549 3800 2711 3854 Οὐδὲν
2744 3798 2852 3871 γάρ
2874 3796 2982 3850 τῶν
3011 3792 3424 3867 προειρημένων
3448 3789 3614 3859 ὑγιῶς
3639 3786 3698 3839 ἂν

2142 3896 2368 3964 λέγοιτο,
2396 3893 2456 3947 τὺ
2482 3891 2682 3953 πλάτος
2709 3888 2887 3944 αὐτῶν
2907 3887 3136 3958 ἑχόντων
3160 3901 3175 3915 ο
3205 3882 3497 3955 ίσημερίαν
3521 3897 3581 3934 τε
3610 3878 3696 3932 ούκ

2144 3987 2211 4042 ἀν
2243 3990 2301 4041 ὲν
2333 3986 2431 4057 μιᾷ
2462 3983 2642 4056 ἡμέρᾳ
2673 3978 2827 4053 ἦγεν,
2861 3980 2974 4034 ἀλλ’
3008 3981 3066 4034 ὲν
3096 3977 3329 4031 πλείοσι.
3372 3976 3487 4029 Καὶ
3530 3972 3633 4043 γάρ
3672 3971 3696 4021 ὁ

2141 4079 2292 4151 ἥλιος
2314 4076 2560 4139 πλείονας
2591 4074 2657 4128 ἂν
2679 4074 2779 4144 τῆς
2808 4074 2938 4145 μιᾶς
2972 4070 3184 4141 ἡμέρας
3209 4070 3268 4121 ἐν
3297 4066 3377 4137 τῷ
3416 4058 3695 4137 ἰσημερινῷ

2144 4172 2396 4233 ἐποιεῖτο,
2431 4167 2631 4230 πλάτος
2665 4183 2727 4234 γε
2751 4165 2817 4237 δὴ
2847 4164 3059 4234 ἔχοντος
3088 4160 3276 4215 αὑτοῦ.
3308 4160 3393 4214 Τά
3413 4176 3476 4211 τε
3503 4170 3694 4227 γνωμο-

2143 4259 2268 4315 νικά
2295 4257 2624 4328 θεωρήματα
2653 4255 2830 4308 πάντα
2856 4254 3175 4325 γράφωσιν,
3205 4249 3467 4311 ἀπλατεῖς
3507 4247 3692 4305 πάντας

2143 4354 2268 4413 τοὺς
2292 4348 2523 4410 κύκλους
2564 4344 2971 4416 ὑποτιθέμενον
3005 4344 3082 4407 ὡς
3112 4342 3180 4396 ἂν
3210 4340 3322 4394 τῶν
3352 4340 3454 4410 μὲν
3486 4337 3587 4392 ὑπὸ
3609 4332 3688 4387 τοῦ

475 4448 599 4499 esse
621 4436 850 4502 nullum,
882 4452 1005 4492 cum
1035 4441 1233 4508 partim
1265 4441 1334 4497 ab
1357 4439 1478 4512 ipso
1501 4449 1693 4496 centro
1721 4439 1876 4513 solis,
1914 4454 2036 4509 par-

2145 4442 2366 4512 κέντρου
2388 4436 2481 4493 τοῦ
2503 4437 2652 4508 ἡλίου
2678 4435 3059 4508 γραφομένων.
3089 4431 3199 4486 τῶν
3232 4431 3289 4485 δὲ
3319 4430 3426 4484 ὑπδ
3453 4429 3551 4501 τῆς
3568 4429 3687 4498 ἡμε-

476 4525 572 4588 tim
616 4526 685 4579 ab
726 4529 887 4583 oculo
924 4528 1328 4593 describantur.
1366 4532 1594 4585 Aratum
1621 4546 1772 4595 vero,
1815 4529 2049 4601 perinde.

472 4633 541 4673 ac
564 4619 997 4684 mathematicos,
1031 4622 1168 4676 citra
1213 4623 1554 4678 latitudinem
1598 4622 1765 4676 ullam
1805 4621 2041 4676 circulos

476 4711 613 4775 istos
652 4712 957 4782 concipere,
1017 4729 1081 4783 ex
1127 4729 1193 4769 eo
1244 4714 1422 4791 quivis
1466 4713 1746 4784 intelliget,
1786 4712 1931 4783 quod
1973 4711 2041 4767 de

470 4809 747 4870 aequato“:
779 4803 1000 4874 scripsit
1034 4825 1047 4860 :

514 4934 580 5005 In
615 4952 675 4989 ea
712 4953 830 4994 vero
853 4936 963 4991 dies
985 4937 1225 4991 noctibus
1257 4935 1483 5005 (equales
1511 4945 1629 4997 sunt
1658 4933 1891 5003 utrisque

512 5004 792 5076 ρεεῖηεηῑε
821 5016 1003 5077 testate
1021 5046 1037 5073 ,
1065 5007 1143 5061 vel
1165 5004 1373 5059 ineunte
1399 5021 1531 5058 vere.

541 5137 678 5198 Nam
712 5140 911 5209 alioqui
945 5156 1052 5194 non
1098 5139 1154 5192 in
1196 5155 1364 5193 unum
1400 5138 1666 5205 duntaxat
1707 5136 1849 5211 diem
1890 5152 2036 5197 vere.

472 5236 866 5298 autunmoque,
897 5229 997 5283 sed
1032 5230 1086 5280 in
1119 5228 1303 5297 plures
1330 5231 1718 5297 arquinoctium
1769 5228 2037 5293 redderet,

474 5320 523 5373 si
564 5319 905 5373 latitudinem
944 5316 1184 5371 haberet.
1220 5319 1446 5375 Constat
1478 5321 1605 5376 item
1628 5336 1696 5376 ex
1724 5319 1791 5375 iis
1826 5333 1948 5389 quae
1976 5317 2044 5383 de

476 5410 686 5478 tropico
714 5408 862 5477 canit
892 5426 905 5459 :
974 5402 977 5405 “

564 5623 611 5703 _‘°
649 5621 770 5691 Reg.
823 5626 1219 5701 περινοητικήν.
1292 5628 1332 5660 ⁸¹
1370 5645 1459 5697 π).
1497 5624 1589 5679 τοῦ
1612 5642 1663 5677 τ.

2146 4536 2309 4606 τέρας
2338 4532 2531 4604 ὅψεως.
2560 4533 2680 4583 Ὅτι
2703 4529 2759 4582 δὲ
2785 4529 2880 4583 καὶ
2908 4529 3138 4599 ’Ἄρατος
3168 4526 3282 4588 τοῖς
3316 4518 3687 4594 μαθηματικοῖς

2146 4625 2450 4697 ἀκολούθως
2482 4623 2740 4685 ἀπλατεῖς
2786 4620 2981 4687 αὐτοὺς
3011 4619 3122 4671 νοεῖ
3154 4617 3513 4686 ὑπάρχοντας,
3549 4608 3685 4683 μάθοι

2146 4720 2211 4781 ἀν
2238 4734 2320 4781 τις
2344 4715 2411 4794 ἐκ
2431 4734 2488 4770 τε
2512 4714 2606 4775 τοῦ
2635 4712 2763 4789 περ).
2793 4710 2892 4776 τοῦ,
2921 4707 3233 4782 ίσημερινοῦ
3262 4706 3470 4775 λέγειν·

2157 4936 2258 5005 ’Εῂ
2284 4931 2354 4985 δέ
2380 4932 2432 4983 οἱ
2462 4929 2659 5005 ἤματα
2686 4925 2865 5005 νυξξν
2890 4926 3179 5005 Ignis-agat
3200 4920 3599 5005 ἀμφοτέρῃσιν

2145 5002 2465 5067 Φοίνοντος
2485 4990 2723 5073 γθέρεος,
2750 4990 2881 5067 τότε
2903 4996 2947 5033 ⁸*
2973 4996 3025 5048 δ’
3055 4990 3255 5062 εἴαρος
3276 4990 3619 5061 ζσταμένοιο.

2146 5136 2220 5188 Ού
2262 5135 2373 5206 γὰρ
2403 5134 2496 5188 ἐπὶ
2542 5134 2667 5203 μίαν
2702 5132 2861 5201 μόνον
2900 5130 3113 5204 ἡμέραν
3167 5128 3455 5200 ίσημερίαν
3487 5122 3605 5196 ἦγεν
3632 5121 3676 5174 ἓν

2145 5242 2205 5278 τε
2244 5224 2321 5296 τῷ
2370 5225 2490 5297 ἔαρι
2531 5226 2624 5278 καὶ
2667 5223 2745 5294 τῷ
2784 5219 3130 5292 φθινοπώρῳ,
3178 5219 3313 5273 ἀλλά
3356 5218 3608 5281 πλείονας,
3636 5212 3675 5265 εί

2146 5317 2347 5380 πλάτος
2394 5313 2525 5388 εἶχε.
2575 5316 2685 5371 Καὶ
2732 5315 2893 5369 πάλιν
2938 5316 3003 5366 ὲκ
3043 5310 3137 5364 τοῦ
3186 5311 3281 5364 ἐπὶ
3322 5309 3416 5365 τοῦ
3451 5302 3672 5382 τροπικοῦ

2146 5408 2324 5477 λέγειν
2350 5426 2364 5439 ο
