3816 6306
122 293 242 349 1049

1107 288 1472 345 HIPPARCHI
1511 288 1603 343 AD
1640 284 2082 342 ΡΗΑΞΝΟΜΕΝΑ
2121 285 2251 340 LIB.
2291 286 2328 339 Ι.

3205 285 3342 341 1050

126 411 223 466 Τοῦ
247 407 366 479 μὲν
399 407 565 479 door,
598 423 663 461 τε
707 405 973 479 μάλιστα
1003 407 1078 460 δι’
1103 406 1264 479 Δὀκτὼ
1282 404 1670 479 μετρηθέιξτος

1793 399 1899 479 Hoc
1927 399 2135 479 quidem
2147 401 2216 479 _i_n
2244 409 2411 479 totum
2434 415 2526 479 per
2552 409 2666 479 octo
2695 410 2871 479 partes
2900 399 3133 455 dimenso

118 474 288 536 Héﬁs
314 479 438 549 μὲν
467 477 640 532 ἐνδια
663 474 975 544 στρέφεται
1020 477 1118 530 καὶ
1150 474 1443 545 ὑπέρτερα
1479 476 1669 546 γαίης,

127 610 193 666 Τὰ
215 611 346 680 τρία
376 609 429 662 δ’
454 610 525 661 ἐν
552 605 799 675 περάτῃ.

121 724 309 787 Πλάτος
338 722 449 793 γὰρ
470 722 683 792 ἔχοντος
706 719 887 782 αὐτοῦ,
912 720 1003 773 καὶ
1029 717 1383 790 διαιρεθέντος
1407 719 1485 781 εἰς
1510 717 1672 781 ὀκτὼ,

119 815 322 868 δυνατὸν
352 813 493 868 εἶναι
525 814 621 867 ὅλα
648 814 911 883 τμήματα
931 812 1040 866 ἄνω
1063 828 1122 864 τε
1144 810 1239 864 καὶ
1264 809 1413 863 κάτω
1440 809 1677 879 ἐγκεκλι-

123 906 269 977 μένου
295 904 393 958 τοῦ
421 905 652 975 κόσμου.
694 902 850 955 Ἀλλὰ
878 901 982 973 μὴν
1011 902 1106 954 καὶ
1136 901 1263 971 περὶ
1288 899 1382 952 τοῦ
1413 897 1673 962 ζωδιακοῦ

117 996 277 1067 λέγων
307 997 397 1050 ὁτὲ
434 996 533 1068 μὲν
561 993 733 1058 οὔτως
756 1012 771 1026 ·

122 1115 335 1181 Ὄσσον
360 1111 416 1181 δξ
441 1109 767 1181 ὀφθαλμοῖο
790 1107 1005 1181 ,βολῆς
1015 1105 1385 1181 ἀποτείνεται
1416 1105 1477 1181 “_
1496 1102 1673 1181 αύγὴ,

130 1178 360 1248 Ἐξάκις
389 1172 698 1247 ἂν⁷τόσση
725 1195 831 1248 μιν
857 1172 1212 1267 ὑετοδράμοιο
1246 1174 1430 1242 αὐτὰρ
1453 1172 1675 1240 ἑκάστη

123 1319 236 1384 Ἰση
251 1314 618 1386 μετρηθεῗσα
642 1313 764 1369 δύω
778 1311 1191 1384 ’περιτέμνεται
1217 1310 1408 1380 ἀστρα
1430 1327 1444 1342 ο

118 1429 198 1483 ὁτὲ
224 1430 281 1483 δὲ
304 1426 505 1491 οὕτως’

126 1542 223 1596 Τοῦ
250 1540 303 1594 δ’
335 1540 535 1595 ὅσσον
563 1539 791 1593 κοίλοιο
822 1539 950 1593 κατ’
984 1536 1277 1592 Ὠκεανοῖο
1308 1535 1538 1606 δύηται,

125 1678 349 1732 Τόσσον
374 1677 530 1746 ὑπὲρ
559 1678 733 1747 γαίης
758 1675 1011 1747 φέρεται·
1042 1675 1208 1746 πάσῃ
1235 1675 1286 1729 δ’
1312 1675 1409 1730 ἐπὶ
1437 1672 1610 1731 νυκτί

126 1809 218 1874 Ἓξ
238 1809 352 1863 alet
377 1808 634 1863 δύνουσι
662 1807 1030 1874 δυωεκάδες
1054 1808 1319 1863 κύκλοιο·

127 1879 334 1933 Τόσσαι
354 1878 407 1932 δ’
427 1878 814 1933 ἀντέλλουσι·
843 1880 1027 1933 τόσον
1046 1878 1097 1932 δ’
1124 1879 1219 1933 ἐπὶ
1236 1877 1433 1948 μῆκος
1453 1876 1678 1947 ἑκάστη

120 2016 237 2082 Νὺξ
265 2018 383 2071 alet
417 2016 796 2079 τετάνυσται,
831 2016 982 2070 ὅσον
1005 2015 1070 2071 τέ
1099 2028 1209 2085 περ
1238 2016 1424 2086 ἣμισυ
1452 2018 1679 2072 κύκλου

133 2087 477 2157 Ἀρχομένης
498 2086 617 2141 ἀπὸ
648 2086 865 2153 νυκτὸς
897 2087 1150 2154 ἀείρεται
1183 2087 1364 2155 ὑψόθι
1396 2088 1587 2156 ταίηςο

118 2200 174 2252 ού
195 2197 394 2262 πλάτος
415 2199 626 2269 ἔχοντα,
643 2197 777 2252 ἀλλὰ
802 2199 1109 2252 τούναντίον
1123 2198 1336 2268 ἀπλατῆ
1354 2197 1681 2269 διειληφέναι

124 2307 203 2360 μοι
225 2289 392 2344 δοκεῖ.
424 2291 498 2343 ’Ἢ
534 2307 592 2343 τε
618 2290 726 2362 γὰρ
756 2289 882 2362 βολὴ
911 2290 1006 2344 τοῦ
1034 2289 1309 2362 ὀφθαλμοῦ
1333 2291 1516 2345 εύθείἀ
1541 2294 1677 2355 ἐστι,

121 2380 207 2434 καὶ
235 2381 373 2451 αὑτὴ
394 2379 582 2445 ἑξάκις
608 2382 940 2451 καταμετρεῖ
953 2380 1044 2433 τὸν
1073 2379 1323 2450 μέγιστον
1345 2380 1440 2433 καὶ
1465 2378 1679 2448 ἀπλατῆ

121 2469 328 2535 κύκλον,
365 2469 482 2523 ἀλλ’
510 2470 632 2539 οὐχὶ
655 2470 746 2522 τὸν
769 2468 968 2532 πλάτος
991 2468 1198 2539 ἔχοντα·
1221 2466 1313 2520 τοῦ
1335 2485 1392 2520 τε
1415 2465 1679 2531 ζωδιακοῦ

122 2560 232 2613 καθ’
256 2560 498 2631 ἑκάστην
525 2560 739 2632 ἡμέραν
768 2561 861 2614 καὶ
908 2558 1077 2613 νύκτα
1107 2557 1432 2630 ἡμικύκλιον
1460 2558 1682 2612 ἀνατέλ-

120 2650 213 2711 λει,
251 2651 349 2706 καὶ
382 2650 551 2714 δύνει,
581 2649 676 2703 τοῦ
712 2649 863 2721 ἡλίου
908 2649 1001 2703 ἐπὶ
1037 2648 1131 2702 τοῦ
1163 2647 1434 2713 ἀπλατοῦς
1465 2648 1560 2701 καὶ
1594 2647 1680 2701 διὰ

124 2742 293 2812 μέσων
324 2743 440 2797 τῶν
474 2742 684 2807 ζωδίων
727 2741 1048 2813 φερομένων
1089 2740 1182 2794 ἐπὶ
1216 2739 1326 2812 γὰρ
1356 2740 1450 2794 τοῦ
1481 2739 1681 2803 πλάτος

120 2834 320 2904 ἔχοντος
356 2835 422 2889 ού
463 2832 685 2887 δυνατὸν
712 2832 869 2885 τοῦτο
907 2829 1242 2901 συμϐαίνειν.
1279 2831 1389 2885 Καὶ
1419 2830 1480 2895 ἐξ
1509 2829 1680 2883 ἄλλων

120 2924 170 2976 δὲ
198 2926 460 2979 πλειόνων
499 2922 730 2994 ῳανερός
772 2923 920 2975 ἐστιν
943 2924 972 2975 ὁ
1006 2924 1238 2994 ’Ἄρατος
1268 2920 1526 2983 ἀπλατεῖς
1558 2921 1683 2982 τοὺς

120 3015 340 3081 κύκλους
374 3013 765 3083 ὑποτιθέμενος
788 3010 1095 3076 ἀκολούθως
1116 3014 1229 3077 τοῖς
1257 3011 1677 3083 μαθηματικοῖς.

179 3290 301 3346 KB'.
358 3290 452 3343 Ἐν
476 3288 535 3343 δὲ
564 3292 677 3352 τοῖς
708 3289 835 3360 ἑξῆς
866 3290 994 3361 περὶ
1019 3290 1112 3345 τοῦ
1170 3290 1422 3360 γαλαξίου
1480 3289 1678 3344 κύκλου

117 3377 294 3442 εἰπὼν,
328 3378 587 3449 ἐπιφέρει
606 3418 621 3442 ,
653 3380 734 3432 ὅτι
787 3380 892 3434 τῶν
923 3381 965 3435 δ’
994 3381 1205 3435 κύκλων
1235 3381 1328 3435 δύο
1350 3381 1554 3436 τούτων
1577 3382 1681 3437 ἴσοι

116 3468 258 3521 εἰσίν·
285 3471 336 3523 οἱ
362 3470 423 3522 δὲ
454 3469 548 3523 δύο
581 3469 757 3543 πολλῷ
791 3472 1093 3538 ἐλάσσονες,
1125 3472 1295 3542 λέγων
1321 3473 1512 3537 οὕτως’

122 3578 200 3646 Τῷ
231 3582 305 3650 δή
334 3599 429 3637 τοι
466 3582 683 3652 χροιὴν
706 3585 825 3654 μὲν
854 3584 1123 3655 ἀλίγκιος
1151 3589 1263 3641 οὐκ
1299 3586 1389 3641 ἔτι
1419 3588 1646 3653 κύκλος

116 3716 376 3793 ῥιγεῖται·
400 3718 475 3793 ad
576 3718 763 3787 μέτρα
781 3722 968 3793 τόσοι,
991 3722 1261 3788 πισύρων
1280 3725 1416 3793 παρ’
1436 3724 1677 3790 ἐόντων,

116 3790 174 3841 οἱ
196 3787 324 3843 δύου
352 3787 445 3842 τοι
474 3786 545 3841 δέ
572 3786 775 3857 σφεων
790 3790 943 3860 μέτα
962 3786 1197 3861 μείονες
1223 3786 1615 3849 εἱλίσσονται.

176 3904 285 3956 Ούκ
310 3897 373 3957 εὖ
409 3903 469 3957 δέ
495 3920 588 3973 μοι
614 3903 763 3957 δοκεῖ
786 3903 1036 3973 λέγεσθαι
1064 3907 1184 3961 ούδὲ
1204 3907 1379 3973 τοῦτο,
1403 3908 1484 3963 ὅτι
1505 3910 1681 3981 πολλῷ

115 3992 402 4059 ἐλάσσονές
446 3996 587 4047 εἶσιν
620 3995 671 4047 οἱ
701 3996 951 4067 τροπικοὶ
981 3998 1076 4051 τοῦ
1114 4001 1429 4071 ἰσημερινοῦ
1463 4002 1556 4054 καὶ
1587 4002 1680 4054 τοῦ

115 4084 394 4149 ζωδιακοῦ·
424 4087 649 4140 ἔλασσον
678 4088 783 4159 γὰρ
812 4088 845 4159 ἢ
875 4089 952 4159 τῷ
983 4097 1049 4143 ια’
1075 4091 1209 4163 (65’)
1229 4093 1383 4164 μέρει
1409 4092 1681 4148 λείπονται

113 4178 300 4243 αὐτῶν.

173 4271 306 4343 Περὶ
337 4272 403 4326 δὲ
431 4270 547 4324 τῶν
569 4271 835 4343 ἀστέρων,
865 4272 913 4326 οἳ
943 4276 1148 4327 κεῖνται
1182 4275 1265 4345 ἐφ’
1291 4275 1549 4346 ἑκατέρου
1575 4277 1682 4331 τῶν

112 4363 378 4432 τροπικῶν
408 4362 506 4417 καὶ
538 4363 630 4415 ἐπὶ
667 4361 759 4416 τοῦ
794 4365 1128 4436 ἰσημερινοῦ,
1154 4365 1356 4437 γράφει
1388 4369 1417 4420 ὁ
1451 4368 1682 4437 Ἄρατος

112 4451 287 4522 τοῦτον
314 4452 412 4507 τὸν
443 4451 666 4524 τρόπον·

115 4586 234 4660 Τῶν
258 4593 306 4660 7όῄ
327 4588 459 4660 μὲν
484 4576 734 4657 ἐγγύθεν
766 4589 897 4643 ἐστὶ
929 4591 1363 4660 κατερχομένου
1386 4592 1644 4660 ,Βορέοιοο

124 4655 217 4731 ξΕν
328 4655 404 4731 bl
429 4655 755 4731 ἀμφότεραι
782 4660 1032 4731 κεφαλαὶ
1060 4655 1323 4730 Διδύμων
1350 4655 1679 4731 φορέονται·

123 4725 217 4781 Ἐγ
241 4728 313 4782 δὲ
341 4727 418 4781 τὰ
451 4725 715 4797 γούνατα
746 4725 932 4784 κεῖται
959 4725 1248 4798 ἀρηρότος
1289 4725 1596 4803 Ἠκιόχοιο.

110 4860 172 4913 Αἱ
200 4862 300 4934 μὲν
331 4856 431 4918 οὖν
464 4862 701 4931 κεφαλαὶ
729 4865 838 4917 τῶν
875 4866 1120 4938 Διδύμων
1148 4869 1209 4920 ού
1239 4870 1444 4921 κεῖνται
1472 4868 1566 4920 ἐπὶ
1591 4866 1682 4920 τοῦ

112 4948 318 5025 θερινοῦ
362 4954 656 5026 τροπικοῦ.
686 4956 742 5009 Ὀ
782 4957 881 5026 μὲν
915 4957 1025 5028 γὰρ
1056 4958 1267 5028 θερινὸς
1297 4958 1556 5030 τροπικὺς
1591 4958 1685 5011 τοῦ

117 5042 431 5118 ἰσημερινοῦ
446 5043 785 5115 βορειότερός
800 5046 914 5098 ἐστι
930 5046 1041 5116 μοί.
1055 5046 1130 5109 ὼς
1147 5047 1373 5115 ἔγγιστα
1388 5046 1485 5100 κδ’*
1506 5048 1614 5100 τῶν
1630 5047 1686 5100 δὲ

114 5133 354 5205 Διδύμων
386 5136 424 5202 ἡ
460 5135 561 5206 μὲν
589 5134 827 5207 ἑπομένη
866 5136 1074 5206 κεφαλὴ
1106 5135 1415 5208 βορειοτέρα
1452 5138 1569 5191 ἐστὶ
1593 5138 1687 5190 τοῦ

118 5223 432 5299 ἰσημερινοῦ
462 5225 574 5296 μοί.
602 5223 646 5278 λ’
665 5240 680 5254 ⁸
706 5229 740 5298 η
769 5226 825 5279 δὲ
853 5228 1133 5298 ἡγουμένη
1175 5230 1284 5298 μοι.
1313 5228 1394 5297 λγ¹
1417 5227 1501 5282 S".
1528 5230 1690 5282 Ὥστε

170 5381 214 5413 ⁸¹
234 5399 326 5449 πρ.
354 5378 745 5449 ἀποτέμνεται.

181 5534 314 5607 (65‘)
354 5537 680 5590 Ἔλασσον
698 5534 807 5604 γὰρ
828 5535 873 5607 ἣν
900 5535 980 5602 τῷ
1002 5541 1095 5588 ια’.
1124 5531 1411 5607 Manifesta
1429 5533 1567 5587 ratio
1582 5545 1686 5607 est,

118 5619 271 5671 quam
296 5605 599 5674 attigimus
625 5621 810 5673 supra.
836 5606 933 5661 Est
975 5607 1120 5658 enim
1160 5605 1347 5658 eadem
1404 5605 1686 5673 proportio

119 5678 332 5732 maximi
382 5673 581 5731 circuli
628 5674 694 5737 ad
728 5678 1032 5737 trooicum.
1077 5673 1337 5737 gradibus
1368 5683 1604 5738 quatuor
1634 5684 1687 5730 et

1782 470 2021 539 Quinque
2053 470 2117 523 de
2138 471 2219 524 Itis
2250 470 2305 523 in
2332 470 2589 538 superiori
2613 480 2761 536 parte
2784 470 3074 532 volvuntur,
3099 487 3161 523 ac
3180 488 3341 538 supra

3001 539 3221 612 [terram
3248 557 3268 607 ;

1777 608 1904 663 Tres
1933 617 2109 663 autent
2143 610 2198 662 in
2230 609 2435 677 inﬁma.

1845 720 2000 785 Quod
2046 719 2090 775 si
2140 718 2370 773 latitudo
2418 718 2565 772 illius
2604 725 2750 774 esset
2792 719 2923 784 ulla,
2954 727 3010 774 et
3055 721 3111 774 in
3159 728 3342 792 partes

1775 820 1899 864 octo
1939 810 2287 873 tribueretur,
2345 810 2459 864 ﬁeri
2511 816 2717 879 posset,
2777 819 2835 863 ut
2886 818 2998 865 tota
3066 820 3344 882 segmenta

1777 900 1953 956 forent
1976 917 2210 971 superne
2237 901 2572 971 inferneqne,
2600 903 2899 958 inclinante
2923 902 3145 957 mundo.
3174 903 3343 969 Quin-

1775 993 1936 1049 etiam
1953 993 2020 1048 de
2043 993 2267 1048 zodiaca
2289 993 2538 1064 loquens.
2553 1008 2677 1048 cum
2695 993 2966 1048 interdum
2983 993 3097 1048 haec
3111 993 3302 1049 scribit
3321 1011 3338 1048 :

1778 1106 2045 1170 Quantum
2083 1115 2257 1160 autem
2293 1106 2525 1160 ocularis
2553 1108 2694 1161 risus
2724 1106 3023 1161 extenditur
3048 1106 3256 1171 radius,

1777 1178 1955 1231 Sexies
1988 1177 2309 1230 tantumdem
2328 1176 2685 1246 subleripsum
2712 1176 3170 1258 meatverit.'lforro
3199 1193 3343 1258 qum—

2538 1245 2543 1246 “
2964 1245 3072 1318 {eis
3098 1245 3269 1316 portio

1777 1318 1861 1370 Ea:
1887 1330 2034 1386 aqua
2059 1314 2294 1369 dimensa
2327 1315 2432 1369 duo
2467 1314 2729 1370 abscindit
2761 1324 3022 1371 astra.....

1783 1429 1937 1500 113
1964 1437 2018 1485 et
2044 1431 2181 1486 alias
2209 1432 2283 1486 ita
2316 1430 2555 1502 loquitur
2580 1445 2597 1484 :

1781 1539 1959 1611 Hujus
1985 1551 2161 1597 autem
2203 1552 2460 1615 quantum
2491 1558 2774 1596 concavum
2823 1542 2918 1597 sub
2948 1541 3211 1615 Oceanum
3259 1563 3348 1601 oc-

3018 1612 3038 1684 [
3054 1615 3239 1669 ciderit
3257 1657 3273 1682 ,

2827 1697 2919 1749 per
2974 1700 3174 1738 omnem
3228 1703 3346 1740 vero

1782 1819 1887 1884 Sea:
1918 1836 2117 1890 semper
2145 1819 2386 1875 occidunt
2417 1818 2741 1874 duodecima:
2772 1818 2958 1890 circuli
2984 1834 3003 1873 ε
3033 1752 3272 1824 [noctem

1783 1890 2022 1947 Totidem
2052 1892 2297 1945 oriuntur
2322 1906 2341 1945 :
2397 1899 2600 1943 tantam
2651 1902 2825 1943 autem
2855 1889 2922 1942 ad
2970 1890 3347 1976 longitudinem

1783 2026 1909 2098 Nox
1936 2045 2137 2097 semper
2161 2028 2479 2087 extenditur.
2508 2038 2761 2098 quantum
2789 1979 3279 2087 dimidiunltfi‘zztlsi

1782 2097 2003 2156 Ineunte
2028 2099 2093 2153 ab
2125 2109 2275 2154 nocte
2308 2097 2574 2153 attollitur
2603 2114 2763 2167 supra
2803 2109 3112 2157 terram.....

1783 1682 2011 1738 Tantum
2064 1697 2225 1750 supra
2277 1690 2473 1736 terram
2534 1680 2703 1750 fertur
2751 1694 2771 1732 :

1783 2212 1837 2267 in
1871 2212 1979 2277 his,
2015 2212 2262 2281 inquam,
2325 2212 2582 2267 omnibus
2650 2213 2803 2268 nulla
2847 2222 3192 2269 constantem
3224 2214 3350 2269 lati-

1780 2303 1990 2367 tudine,
2013 2303 2109 2357 sed
2141 2302 2262 2371 ejus
2297 2310 2490 2356 contra
2522 2303 2742 2371 penitus
2765 2312 3047 2373 expertem
3075 2304 3352 2360 delineare

1780 2394 2044 2449 circulum
2100 2393 2233 2447 mihi
2264 2394 2483 2465 quidem
2512 2396 2729 2451 videtur
2778 2412 2793 2450 :
2841 2396 3111 2465 siquidem
3165 2395 3354 2467 conje—

1702 2539 1707 2545 ,
1780 2492 1903 2539 ctus
1930 2484 2074 2539 oculi
2109 2495 2295 2539 rectus
2326 2494 2449 2541 est:
2498 2486 2752 2556 idemque
2806 2491 2985 2541 sexies
3019 2486 3347 2551 maximum,

1780 2582 1832 2629 et
1870 2572 2156 2628 latitudine
2184 2582 2458 2629 carentem
2480 2614 2494 2638 ,
2527 2589 2636 2628 non
2678 2590 2742 2629 ea
2773 2575 3057 2645 praeditum
3083 2575 3347 2630 circulum

1781 2666 2039 2722 metitur:
2073 2665 2281 2722 zodiaci
2325 2683 2540 2737 quoque
2584 2668 2816 2739 singulis
2865 2668 3094 2733 diebus,
3149 2683 3213 2724 ac
3246 2684 3348 2723 no—

1781 2758 1960 2814 ctibus
1986 2757 2362 2813 semicirculus
2408 2758 2585 2813 oritur
2634 2769 2688 2814 et
2730 2758 2953 2824 occidit,
2988 2775 3114 2814 cum
3165 2760 3245 2816 sol
3286 2762 3347 2815 in

1782 2848 1991 2902 circulo
2022 2863 2198 2918 neque
2245 2849 2354 2903 lato
2401 2860 2455 2904 et
2497 2849 2674 2904 media
2703 2851 2858 2921 signa
2902 2860 3213 2920 permeante
3241 2851 3351 2906 fer-

1784 2946 1873 2992 tur
1902 2959 1915 2994 :
1950 2940 2095 3009 quod
2132 2940 2246 2996 ﬁeri
2276 2956 2389 2997 non
2418 2950 2628 3011 posset,
2652 2941 2699 2997 si
2723 2942 3027 2999 latitudinis
3066 2941 3115 2997 ei
3141 2941 3351 2997 circulo

1786 3027 1990 3097 aliquid
2022 3028 2247 3085 inesset.
2298 3028 2484 3085 Potest
2517 3041 2570 3085 et
2608 3031 2731 3086 aliis
2761 3032 3138 3101 compluribus
3189 3046 3352 3101 argu-

1787 3119 1984 3173 mentis
2008 3120 2261 3187 ostendi;
2298 3136 2406 3175 non
2457 3120 2617 3176 aliter
2652 3135 2716 3175 ac
2745 3121 3111 3180 mathematici
3141 3120 3352 3175 faciunt

1785 3209 2069 3265 latitudine
2097 3221 2346 3267 carentes
2376 3212 2614 3267 circulos
2632 3212 2700 3268 ab
2727 3211 2896 3268 Arato
2928 3213 3208 3269 constitui.

1858 3300 2024 3355 XXII.
2045 3300 2117 3357 De
2132 3303 2306 3357 lacteo
2324 3318 2451 3357 vero
2467 3302 2673 3358 circulo
2690 3303 2943 3374 deinceps
2960 3318 3125 3374 agens
3139 3302 3349 3367 scribit,

1785 3410 1816 3449 e
1842 3394 2065 3449 circulis
2083 3403 2318 3464 quatuor
2347 3395 2485 3451 duos
2509 3396 2744 3466 :cquales
2769 3411 2922 3461 esse;
2954 3398 3189 3467 reliquos
3211 3394 3350 3452 duos

1784 3485 1929 3540 haud
1959 3486 2120 3557 paulo
2152 3488 2412 3552 minores,
2444 3487 2529 3542 his
2560 3487 2808 3541 versibus
2844 3505 2857 3540 :

1790 3596 1930 3652 Huic
1979 3614 2133 3667 porro
2181 3599 2352 3653 colore
2389 3597 2597 3669 quidem
2642 3585 2831 3651 similis
2880 3596 3055 3738 nulluls
3098 3604 3351 3719 prwlterea

3060 3682 3198 3720 circa
3226 3684 3286 3720 us

3060 3682 3286 3720 czrcutus

1798 3737 2085 3810 Yersatur:
2106 3740 2195 3792 sed
2214 3738 2573 3810 magnitudine
2593 3738 2726 3792 tanti
2747 3746 2973 3808 quatuor
2992 3737 3353 3791 eisistentium

1788 3807 1941 3872 Duo;
1968 3810 2072 3862 duo
2098 3825 2215 3863 vero
2243 3807 2372 3879 ipsis
2406 3810 2553 3879 longe
2584 3807 2808 3863 minores
2831 3809 3124 3862 volvuntur.

1862 3923 2018 3989 Quod
2070 3924 2247 3994 ipsum
2297 3938 2366 3979 ne
2412 3937 2598 3978 carere
2658 3923 2874 3994 quidem
2931 3919 3356 3992 reprehensione

1790 4013 1922 4066 mihi
1962 4012 2179 4068 videtur
2230 4011 2300 4066 ab
2349 4026 2415 4066 eo
2449 4010 2684 4074 dictum,
2738 4011 2911 4065 multo
2960 4010 3201 4065 minores
3233 4022 3356 4063 esse

1790 4101 2029 4171 tropicos
2093 4100 2460 4170 aequinoctiali
2526 4114 2589 4154 ac
2660 4100 2920 4165 zodiaco;
2979 4098 3163 4153 mintts
3209 4096 3354 4151 enim

1790 4192 2077 4249 undecima
2108 4200 2263 4263 parte
2297 4192 2365 4246 ab
2389 4191 2477 4248 his
2506 4191 2584 4244 illi
2618 4198 2967 4260 superantur.

1860 4282 1935 4338 De
1959 4283 2160 4344 stellis,
2204 4297 2325 4352 quae
2382 4283 2435 4335 in
2469 4288 2702 4351 utroque
2758 4282 2991 4351 tropico,
3027 4287 3080 4334 et
3112 4278 3353 4348 aequino-

1791 4375 1939 4431 ctiali
1971 4375 2090 4431 sita:
2120 4381 2270 4437 sunt,
2305 4374 2452 4426 hunc
2482 4372 2537 4426 in
2567 4371 2787 4425 modum
2821 4370 3013 4426 scribit
3042 4369 3241 4424 Aratus
3267 4388 3282 4425 :

1797 4597 1997 4650 Horum
2031 4595 2165 4648 alter
2195 4593 2399 4663 quidem
2426 4607 2584 4662 prope
2607 4602 2684 4663 est
2712 4587 3099 4663 descendentem
3124 4589 3243 4641 bore
3256 4603 3352 4640 tm.

1792 4666 1857 4720 In
1889 4683 1948 4720 eo
1980 4681 2099 4720 vero
2131 4658 2407 4733 utrumque
2426 4658 2592 4730 caput
2630 4660 2967 4733 Geminorum
3005 4658 3173 4727 fertur
3196 4671 3217 4709 :

1789 4735 2092 4805 Ibidemque
2121 4750 2289 4804 genua
2318 4728 2441 4787 sunt
2466 4728 2632 4801 aptati
2662 4728 2935 4784 Heniochi.

1861 4868 2022 4939 Atqui
2084 4867 2437 4923 Geminorum
2485 4866 2665 4935 capita
2719 4879 2828 4919 non
2881 4871 3006 4918 sunt
3060 4861 3117 4914 in
3164 4859 3355 4914 aestivo

1791 4960 2021 5029 tropico.
2067 4955 2348 5026 Siquidem
2416 4956 2664 5026 tropicus
2719 4954 2940 5007 aestivus
2991 4949 3353 5021 aequinoctiali

1793 5050 2000 5105 circulo
2025 5048 2299 5103 borealior
2327 5055 2411 5103 est
2455 5045 2703 5117 partibus
2724 5042 2942 5098 circiter
2966 5040 3066 5107 ‘24;
3100 5038 3356 5095 Gemino-

1795 5155 1914 5193 rum
1942 5153 2074 5193 vero
2120 5137 2423 5193 succedens
2461 5143 2625 5206 caput
2664 5132 2938 5189 borealius
2988 5139 3073 5187 est
3115 5130 3357 5199 aequino-

1797 5229 1944 5284 ctiali
1977 5227 2225 5298 partibus
2256 5227 2358 5292 30;
2384 5227 2713 5282 antecedens
2746 5224 2994 5297 partibus
3023 5223 3093 5278 55
3126 5222 3249 5293 1/2.
3280 5220 3357 5276 Ita

1787 5533 1975 5603 viginti
2010 5534 2079 5586 ab
2107 5548 2173 5603 eo
2201 5530 2570 5597 recedentem,
2619 5541 2853 5603 quaeest
2880 5528 3173 5603 1,009,000
3203 5529 3358 5603 sinus

1789 5598 1982 5667 totius,
2013 5603 2080 5657 ad
2109 5602 2168 5657 9|
2187 5604 2312 5667 ,555
2340 5604 2520 5659 sinum
2540 5598 2691 5672 grad.
2724 5601 2813 5661 66,
2859 5598 3239 5723 complementi
3272 5599 3359 5651 di-

1789 5673 1999 5723 stantia:
2029 5673 2249 5723 tronici.
2284 5675 2385 5723 hoc
2409 5682 2493 5723 est
2549 5680 2608 5723 ut
2646 5672 2709 5723 ll
2741 5668 2808 5723 ad
2845 5671 2909 5723 10
2949 5669 2980 5723 6
3018 5667 3356 5723 οδίίουοθο.

1786 5673 1999 5728 stantia:
2029 5673 2249 5742 tropici,
2284 5675 2385 5730 hoc
2409 5682 2493 5729 est
2542 5667 2608 5726 ἶιι
2646 5672 2709 5726 ιι
2741 5668 2808 5725 ad
2845 5671 2909 5724 10
2949 5667 3356 5737 6905/l00000.
