  <div class='ocr_page' id='page_1' title='image "/cluster/home/n/w/nwhite01/storage/ocr_20150623/19/hvd.32044011362951/533.png"; bbox 0 0 3816 6326; ppageno 0'>
   <div class='ocr_carea' id='block_1_1' title="bbox 478 311 605 366">
    <p class='ocr_par' dir='ltr' id='par_1_1' title="bbox 478 311 605 366">
     <span class='ocr_line' id='line_1_1' title="bbox 478 311 605 366; baseline 0.008 -1"><span class='ocrx_word' id='word_1_1' title='bbox 478 311 605 366; x_wconf 76' lang='grc'><strong>1051</strong></span> 
     </span>
    </p>
   </div>
   <div class='ocr_carea' id='block_1_2' title="bbox 1509 290 2728 355">
    <p class='ocr_par' dir='ltr' id='par_1_2' title="bbox 1509 290 2728 355">
     <span class='ocr_line' id='line_1_2' title="bbox 1509 290 2728 355; baseline -0.009 1"><span class='ocrx_word' id='word_1_2' title='bbox 1509 301 1599 355; x_wconf 77' lang='lat' dir='ltr'><strong>AD</strong></span> <span class='ocrx_word' id='word_1_3' title='bbox 1630 296 1901 354; x_wconf 81' lang='lat' dir='ltr'><strong>EUSEBII</strong></span> <span class='ocrx_word' id='word_1_4' title='bbox 1934 293 2326 351; x_wconf 76' lang='lat' dir='ltr'><strong>CHRONICON</strong></span> <span class='ocrx_word' id='word_1_5' title='bbox 2364 290 2728 348; x_wconf 69' lang='lat' dir='ltr'><strong>APPENDIX.</strong></span> 
     </span>
    </p>
   </div>
   <div class='ocr_carea' id='block_1_3' title="bbox 3584 284 3707 340">
    <p class='ocr_par' dir='ltr' id='par_1_3' title="bbox 3584 284 3707 340">
     <span class='ocr_line' id='line_1_3' title="bbox 3584 284 3707 340; baseline 0 -1"><span class='ocrx_word' id='word_1_6' title='bbox 3584 284 3707 340; x_wconf 65' lang='lat'><strong>£033</strong></span> 
     </span>
    </p>
   </div>
   <div class='ocr_carea' id='block_1_4' title="bbox 472 404 2035 499">
    <p class='ocr_par' dir='ltr' id='par_1_4' title="bbox 472 419 2035 499">
     <span class='ocr_line' id='line_1_4' title="bbox 472 419 2035 499; baseline -0.01 -13"><span class='ocrx_word' id='word_1_7' title='bbox 472 434 709 486; x_wconf 73' lang='lat' dir='ltr'><strong>alterum</strong></span> <span class='ocrx_word' id='word_1_8' title='bbox 766 435 923 499; x_wconf 83' lang='lat' dir='ltr'><strong>parte</strong></span> <span class='ocrx_word' id='word_1_9' title='bbox 977 427 1167 497; x_wconf 85' lang='lat' dir='ltr'><strong>quinta</strong></span> <span class='ocrx_word' id='word_1_10' title='bbox 1222 423 1413 478; x_wconf 70' lang='lat' dir='ltr'><strong>unius</strong></span> <span class='ocrx_word' id='word_1_11' title='bbox 1445 422 1585 492; x_wconf 88' lang='lat' dir='ltr'><strong>signi</strong></span> <span class='ocrx_word' id='word_1_12' title='bbox 1641 419 1917 475; x_wconf 89' lang='lat' dir='ltr'><strong>borealius</strong></span> <span class='ocrx_word' id='word_1_13' title='bbox 1959 424 2035 473; x_wconf 87' lang='lat' dir='ltr'><strong>est</strong></span> 
     </span>
    </p>
   </div>
   <div class='ocr_carea' id='block_1_5' title="bbox 2149 404 3705 499">
    <p class='ocr_par' dir='ltr' id='par_1_5' title="bbox 2149 404 3705 487">
     <span class='ocr_line' id='line_1_5' title="bbox 2149 404 3705 487; baseline -0.001 -19"><span class='ocrx_word' id='word_1_14' title='bbox 2149 414 2243 487; x_wconf 78' lang='grc' dir='ltr'><strong>τὴν</strong></span> <span class='ocrx_word' id='word_1_15' title='bbox 2286 414 2385 487; x_wconf 78' lang='grc' dir='ltr'><strong>μὲν</strong></span> <span class='ocrx_word' id='word_1_16' title='bbox 2421 421 2463 468; x_wconf 86' lang='grc' dir='ltr'><strong>ε’</strong></span> <span class='ocrx_word' id='word_1_17' title='bbox 2505 414 2660 485; x_wconf 81' lang='grc' dir='ltr'><strong>μέρει</strong></span> <span class='ocrx_word' id='word_1_18' title='bbox 2688 412 2807 476; x_wconf 81' lang='grc' dir='ltr'><strong>ὲνδς</strong></span> <span class='ocrx_word' id='word_1_19' title='bbox 2839 410 3030 476; x_wconf 81' lang='grc' dir='ltr'><strong>ζωδίου</strong></span> <span class='ocrx_word' id='word_1_20' title='bbox 3064 410 3406 483; x_wconf 79' lang='grc' dir='ltr'><strong>βορειοτέραν</strong></span> <span class='ocrx_word' id='word_1_21' title='bbox 3449 404 3590 465; x_wconf 73' lang='grc' dir='ltr'><strong>εἶναι</strong></span> <span class='ocrx_word' id='word_1_22' title='bbox 3623 410 3705 467; x_wconf 79' lang='grc' dir='ltr'><strong>τοῦ</strong></span> 
     </span>
    </p>
   </div>
   <div class='ocr_carea' id='block_1_6' title="bbox 473 512 1551 590">
    <p class='ocr_par' dir='ltr' id='par_1_6' title="bbox 473 512 1551 590">
     <span class='ocr_line' id='line_1_6' title="bbox 473 512 1551 590; baseline -0.01 -14"><span class='ocrx_word' id='word_1_23' title='bbox 473 521 662 577; x_wconf 68' lang='lat' dir='ltr'><strong>aestivo</strong></span> <span class='ocrx_word' id='word_1_24' title='bbox 687 518 930 590; x_wconf 84' lang='lat' dir='ltr'><strong>tropico;</strong></span> <span class='ocrx_word' id='word_1_25' title='bbox 970 518 1197 571; x_wconf 85' lang='lat' dir='ltr'><strong>alterum</strong></span> <span class='ocrx_word' id='word_1_26' title='bbox 1231 514 1341 569; x_wconf 81' lang='lat' dir='ltr'><strong>fere</strong></span> <span class='ocrx_word' id='word_1_27' title='bbox 1370 512 1551 567; x_wconf 88' lang='lat' dir='ltr'><strong>tertia.</strong></span> 
     </span>
    </p>
   </div>
   <div class='ocr_carea' id='block_1_7' title="bbox 542 602 2047 674">
    <p class='ocr_par' dir='ltr' id='par_1_7' title="bbox 542 602 2047 674">
     <span class='ocr_line' id='line_1_7' title="bbox 542 602 2047 674; baseline -0.008 -6"><span class='ocrx_word' id='word_1_28' title='bbox 542 610 812 668; x_wconf 67' lang='lat' dir='ltr'><strong>Caeterum</strong></span> <span class='ocrx_word' id='word_1_29' title='bbox 845 607 1155 664; x_wconf 76' lang='lat' dir='ltr'><strong>Heniochus</strong></span> <span class='ocrx_word' id='word_1_30' title='bbox 1177 606 1356 660; x_wconf 91' lang='lat' dir='ltr'><strong>nullas</strong></span> <span class='ocrx_word' id='word_1_31' title='bbox 1390 604 1444 659; x_wconf 94' lang='lat' dir='ltr'><strong>in</strong></span> <span class='ocrx_word' id='word_1_32' title='bbox 1475 603 1706 674; x_wconf 76' lang='lat' dir='ltr'><strong>genibus</strong></span> <span class='ocrx_word' id='word_1_33' title='bbox 1730 602 1920 660; x_wconf 77' lang='lat' dir='ltr'><strong>stellas</strong></span> <span class='ocrx_word' id='word_1_34' title='bbox 1947 602 2047 657; x_wconf 84' lang='lat' dir='ltr'><strong>ha-</strong></span> 
     </span>
    </p>
   </div>
   <div class='ocr_carea' id='block_1_8' title="bbox 476 694 2046 770">
    <p class='ocr_par' dir='ltr' id='par_1_8' title="bbox 476 694 2046 770">
     <span class='ocr_line' id='line_1_8' title="bbox 476 694 2046 770; baseline -0.006 -12"><span class='ocrx_word' id='word_1_35' title='bbox 476 704 588 758; x_wconf 87' lang='lat' dir='ltr'><strong>bet.</strong></span> <span class='ocrx_word' id='word_1_36' title='bbox 620 701 776 769; x_wconf 83' lang='lat' dir='ltr'><strong>Quod</strong></span> <span class='ocrx_word' id='word_1_37' title='bbox 823 700 870 755; x_wconf 89' lang='lat' dir='ltr'><strong>si</strong></span> <span class='ocrx_word' id='word_1_38' title='bbox 911 700 1036 770; x_wconf 88' lang='lat' dir='ltr'><strong>quis</strong></span> <span class='ocrx_word' id='word_1_39' title='bbox 1064 698 1383 768; x_wconf 77' lang='lat' dir='ltr'><strong>exiguarum</strong></span> <span class='ocrx_word' id='word_1_40' title='bbox 1413 697 1679 752; x_wconf 87' lang='lat' dir='ltr'><strong>obscuras</strong></span> <span class='ocrx_word' id='word_1_41' title='bbox 1707 696 1913 766; x_wconf 86' lang='lat' dir='ltr'><strong>aliquot</strong></span> <span class='ocrx_word' id='word_1_42' title='bbox 1943 694 2046 750; x_wconf 57' lang='lat' dir='ltr'><strong>ibi.</strong></span> 
     </span>
    </p>
   </div>
   <div class='ocr_carea' id='block_1_9' title="bbox 476 785 2046 859">
    <p class='ocr_par' dir='ltr' id='par_1_9' title="bbox 476 785 2046 859">
     <span class='ocr_line' id='line_1_9' title="bbox 476 785 2046 859; baseline -0.006 -11"><span class='ocrx_word' id='word_1_43' title='bbox 476 791 598 848; x_wconf 87' lang='lat' dir='ltr'><strong>dem</strong></span> <span class='ocrx_word' id='word_1_44' title='bbox 628 792 887 853; x_wconf 75' lang='lat' dir='ltr'><strong>collocat,</strong></span> <span class='ocrx_word' id='word_1_45' title='bbox 922 787 1172 859; x_wconf 88' lang='lat' dir='ltr'><strong>imperite</strong></span> <span class='ocrx_word' id='word_1_46' title='bbox 1217 786 1367 843; x_wconf 81' lang='lat' dir='ltr'><strong>facit.</strong></span> <span class='ocrx_word' id='word_1_47' title='bbox 1402 785 1537 840; x_wconf 86' lang='lat' dir='ltr'><strong>Nam</strong></span> <span class='ocrx_word' id='word_1_48' title='bbox 1588 786 1835 857; x_wconf 73' lang='lat' dir='ltr'><strong>proxime</strong></span> <span class='ocrx_word' id='word_1_49' title='bbox 1873 786 2046 855; x_wconf 88' lang='lat' dir='ltr'><strong>tropi-</strong></span> 
     </span>
    </p>
   </div>
   <div class='ocr_carea' id='block_1_10' title="bbox 474 881 2046 952">
    <p class='ocr_par' dir='ltr' id='par_1_10' title="bbox 474 881 2046 952">
     <span class='ocr_line' id='line_1_10' title="bbox 474 881 2046 952; baseline -0.002 -12"><span class='ocrx_word' id='word_1_50' title='bbox 474 899 599 940; x_wconf 92' lang='lat' dir='ltr'><strong>cum</strong></span> <span class='ocrx_word' id='word_1_51' title='bbox 627 884 891 940; x_wconf 88' lang='lat' dir='ltr'><strong>circulum</strong></span> <span class='ocrx_word' id='word_1_52' title='bbox 924 884 1073 937; x_wconf 92' lang='lat' dir='ltr'><strong>illius</strong></span> <span class='ocrx_word' id='word_1_53' title='bbox 1117 889 1248 936; x_wconf 91' lang='lat' dir='ltr'><strong>sunt</strong></span> <span class='ocrx_word' id='word_1_54' title='bbox 1284 882 1470 952; x_wconf 85' lang='lat' dir='ltr'><strong>pedes.</strong></span> <span class='ocrx_word' id='word_1_55' title='bbox 1524 881 1654 949; x_wconf 70' lang='lat' dir='ltr'><strong>Qua:</strong></span> <span class='ocrx_word' id='word_1_56' title='bbox 1686 885 1831 937; x_wconf 90' lang='lat' dir='ltr'><strong>enim</strong></span> <span class='ocrx_word' id='word_1_57' title='bbox 1862 893 1947 938; x_wconf 84' lang='lat' dir='ltr'><strong>est</strong></span> <span class='ocrx_word' id='word_1_58' title='bbox 1992 883 2046 937; x_wconf 90' lang='lat' dir='ltr'><strong>in</strong></span> 
     </span>
    </p>
   </div>
   <div class='ocr_carea' id='block_1_11' title="bbox 473 975 2046 1045">
    <p class='ocr_par' dir='ltr' id='par_1_11' title="bbox 473 975 2046 1045">
     <span class='ocr_line' id='line_1_11' title="bbox 473 975 2046 1045; baseline -0.001 -15"><span class='ocrx_word' id='word_1_59' title='bbox 473 976 735 1041; x_wconf 87' lang='lat' dir='ltr'><strong>sinistro,</strong></span> <span class='ocrx_word' id='word_1_60' title='bbox 793 975 1068 1031; x_wconf 88' lang='lat' dir='ltr'><strong>borcalior</strong></span> <span class='ocrx_word' id='word_1_61' title='bbox 1117 982 1203 1030; x_wconf 90' lang='lat' dir='ltr'><strong>est</strong></span> <span class='ocrx_word' id='word_1_62' title='bbox 1252 975 1619 1045; x_wconf 67' lang='lat' dir='ltr'><strong>aequinoctiali</strong></span> <span class='ocrx_word' id='word_1_63' title='bbox 1656 975 1903 1045; x_wconf 89' lang='lat' dir='ltr'><strong>partibus</strong></span> <span class='ocrx_word' id='word_1_64' title='bbox 1944 975 2046 1042; x_wconf 81' lang='lat'><strong>27;</strong></span> 
     </span>
    </p>
   </div>
   <div class='ocr_carea' id='block_1_12' title="bbox 472 1066 2047 1137">
    <p class='ocr_par' dir='ltr' id='par_1_12' title="bbox 472 1066 2047 1137">
     <span class='ocr_line' id='line_1_12' title="bbox 472 1066 2047 1137; baseline 0.001 -17"><span class='ocrx_word' id='word_1_65' title='bbox 472 1081 594 1137; x_wconf 70' lang='lat' dir='ltr'><strong>qua:</strong></span> <span class='ocrx_word' id='word_1_66' title='bbox 618 1068 670 1120; x_wconf 92' lang='lat' dir='ltr'><strong>iu</strong></span> <span class='ocrx_word' id='word_1_67' title='bbox 693 1067 907 1129; x_wconf 77' lang='lat' dir='ltr'><strong>dextro,</strong></span> <span class='ocrx_word' id='word_1_68' title='bbox 932 1068 1202 1137; x_wconf 88' lang='lat' dir='ltr'><strong>partibus.</strong></span> <span class='ocrx_word' id='word_1_69' title='bbox 1248 1108 1263 1123; x_wconf 95' lang='lat'><strong>.</strong></span> <span class='ocrx_word' id='word_1_70' title='bbox 1307 1109 1323 1124; x_wconf 94' lang='lat'><strong>.</strong></span> <span class='ocrx_word' id='word_1_71' title='bbox 1368 1108 1382 1123; x_wconf 94' lang='lat'><strong>.</strong></span> <span class='ocrx_word' id='word_1_72' title='bbox 1415 1066 1603 1137; x_wconf 78' lang='lat' dir='ltr'><strong>Neque</strong></span> <span class='ocrx_word' id='word_1_73' title='bbox 1626 1083 1756 1123; x_wconf 82' lang='lat' dir='ltr'><strong>vero</strong></span> <span class='ocrx_word' id='word_1_74' title='bbox 1780 1068 1887 1122; x_wconf 91' lang='lat' dir='ltr'><strong>dici</strong></span> <span class='ocrx_word' id='word_1_75' title='bbox 1912 1068 2047 1122; x_wconf 91' lang='lat' dir='ltr'><strong>illud</strong></span> 
     </span>
    </p>
   </div>
   <div class='ocr_carea' id='block_1_13' title="bbox 473 1160 2051 1233">
    <p class='ocr_par' dir='ltr' id='par_1_13' title="bbox 473 1160 2051 1233">
     <span class='ocr_line' id='line_1_13' title="bbox 473 1160 2051 1233; baseline 0.002 -20"><span class='ocrx_word' id='word_1_76' title='bbox 473 1168 669 1230; x_wconf 80' lang='lat' dir='ltr'><strong>potest,</strong></span> <span class='ocrx_word' id='word_1_77' title='bbox 691 1174 829 1229; x_wconf 86' lang='lat' dir='ltr'><strong>quas</strong></span> <span class='ocrx_word' id='word_1_78' title='bbox 855 1161 909 1213; x_wconf 93' lang='lat' dir='ltr'><strong>in</strong></span> <span class='ocrx_word' id='word_1_79' title='bbox 959 1160 1189 1230; x_wconf 89' lang='lat' dir='ltr'><strong>pedibus</strong></span> <span class='ocrx_word' id='word_1_80' title='bbox 1220 1162 1410 1217; x_wconf 86' lang='lat' dir='ltr'><strong>stellas</strong></span> <span class='ocrx_word' id='word_1_81' title='bbox 1441 1162 1715 1231; x_wconf 88' lang='lat' dir='ltr'><strong>ponimus,</strong></span> <span class='ocrx_word' id='word_1_82' title='bbox 1743 1177 1838 1217; x_wconf 91' lang='lat' dir='ltr'><strong>eas</strong></span> <span class='ocrx_word' id='word_1_83' title='bbox 1872 1162 1926 1215; x_wconf 91' lang='lat' dir='ltr'><strong>in</strong></span> <span class='ocrx_word' id='word_1_84' title='bbox 1958 1177 2051 1233; x_wconf 86' lang='lat' dir='ltr'><strong>ge-</strong></span> 
     </span>
    </p>
   </div>
   <div class='ocr_carea' id='block_1_14' title="bbox 472 1252 2047 1324">
    <p class='ocr_par' dir='ltr' id='par_1_14' title="bbox 472 1252 2047 1324">
     <span class='ocr_line' id='line_1_14' title="bbox 472 1252 2047 1324; baseline 0.002 -19"><span class='ocrx_word' id='word_1_85' title='bbox 472 1252 637 1306; x_wconf 85' lang='lat' dir='ltr'><strong>nibus</strong></span> <span class='ocrx_word' id='word_1_86' title='bbox 687 1252 756 1306; x_wconf 86' lang='lat' dir='ltr'><strong>ab</strong></span> <span class='ocrx_word' id='word_1_87' title='bbox 811 1252 904 1306; x_wconf 92' lang='lat' dir='ltr'><strong>illo</strong></span> <span class='ocrx_word' id='word_1_88' title='bbox 942 1252 1273 1307; x_wconf 89' lang='lat' dir='ltr'><strong>constitutas</strong></span> <span class='ocrx_word' id='word_1_89' title='bbox 1321 1267 1466 1308; x_wconf 85' lang='lat' dir='ltr'><strong>esse.</strong></span> <span class='ocrx_word' id='word_1_90' title='bbox 1536 1252 1749 1308; x_wconf 81' lang='lat' dir='ltr'><strong>Etenim</strong></span> <span class='ocrx_word' id='word_1_91' title='bbox 1798 1254 1941 1324; x_wconf 87' lang='lat' dir='ltr'><strong>quod</strong></span> <span class='ocrx_word' id='word_1_92' title='bbox 1991 1255 2047 1308; x_wconf 92' lang='lat' dir='ltr'><strong>in</strong></span> 
     </span>
    </p>
   </div>
   <div class='ocr_carea' id='block_1_15' title="bbox 471 1342 2048 1416">
    <p class='ocr_par' dir='ltr' id='par_1_15' title="bbox 471 1342 2048 1416">
     <span class='ocr_line' id='line_1_15' title="bbox 471 1342 2048 1416; baseline 0.003 -20"><span class='ocrx_word' id='word_1_93' title='bbox 471 1343 665 1398; x_wconf 80' lang='lat' dir='ltr'><strong>dextro</strong></span> <span class='ocrx_word' id='word_1_94' title='bbox 690 1342 826 1413; x_wconf 88' lang='lat' dir='ltr'><strong>pede</strong></span> <span class='ocrx_word' id='word_1_95' title='bbox 855 1359 959 1399; x_wconf 89' lang='lat' dir='ltr'><strong>nos</strong></span> <span class='ocrx_word' id='word_1_96' title='bbox 993 1360 1118 1400; x_wconf 80' lang='lat' dir='ltr'><strong>esse</strong></span> <span class='ocrx_word' id='word_1_97' title='bbox 1148 1343 1627 1407; x_wconf 86' lang='lat' dir='ltr'><strong>dicimus.&#39;ibidem</strong></span> <span class='ocrx_word' id='word_1_98' title='bbox 1661 1361 1879 1416; x_wconf 86' lang='lat' dir='ltr'><strong>quoque</strong></span> <span class='ocrx_word' id='word_1_99' title='bbox 1912 1346 2048 1401; x_wconf 91' lang='lat' dir='ltr'><strong>illud</strong></span> 
     </span>
    </p>
   </div>
   <div class='ocr_carea' id='block_1_16' title="bbox 469 1434 1234 1494">
    <p class='ocr_par' dir='ltr' id='par_1_16' title="bbox 469 1434 1234 1494">
     <span class='ocr_line' id='line_1_16' title="bbox 469 1434 1234 1494; baseline 0.005 -5"><span class='ocrx_word' id='word_1_100' title='bbox 469 1448 594 1491; x_wconf 84' lang='lat' dir='ltr'><strong>esse</strong></span> <span class='ocrx_word' id='word_1_101' title='bbox 629 1434 789 1491; x_wconf 87' lang='lat' dir='ltr'><strong>docet</strong></span> <span class='ocrx_word' id='word_1_102' title='bbox 823 1436 909 1492; x_wconf 89' lang='lat' dir='ltr'><strong>his</strong></span> <span class='ocrx_word' id='word_1_103' title='bbox 942 1438 1234 1494; x_wconf 82' lang='lat' dir='ltr'><strong>versibus:</strong></span> 
     </span>
    </p>
   </div>
   <div class='ocr_carea' id='block_1_17' title="bbox 636 1549 1729 1608">
    <p class='ocr_par' dir='ltr' id='par_1_17' title="bbox 636 1549 1729 1608">
     <span class='ocr_line' id='line_1_17' title="bbox 636 1549 1729 1608; baseline 0.005 -5"><span class='ocrx_word' id='word_1_104' title='bbox 636 1586 655 1603; x_wconf 90' lang='lat'><strong>.</strong></span> <span class='ocrx_word' id='word_1_105' title='bbox 729 1591 745 1605; x_wconf 95' lang='lat'><strong>.</strong></span> <span class='ocrx_word' id='word_1_106' title='bbox 787 1549 1008 1606; x_wconf 87' lang='lat' dir='ltr'><strong>Sinistri</strong></span> <span class='ocrx_word' id='word_1_107' title='bbox 1035 1568 1150 1607; x_wconf 71' lang='lat' dir='ltr'><strong>vero</strong></span> <span class='ocrx_word' id='word_1_108' title='bbox 1179 1567 1343 1605; x_wconf 82' lang='lat' dir='ltr'><strong>cornu</strong></span> <span class='ocrx_word' id='word_1_109' title='bbox 1376 1555 1729 1608; x_wconf 76' lang='lat' dir='ltr'><strong>summitatem</strong></span> 
     </span>
    </p>
   </div>
   <div class='ocr_carea' id='block_1_18' title="bbox 541 1586 1635 1695">
    <p class='ocr_par' dir='ltr' id='par_1_18' title="bbox 541 1586 1635 1695">
     <span class='ocr_line' id='line_1_18' title="bbox 541 1586 1635 1695; baseline 0.006 -24"><span class='ocrx_word' id='word_1_110' title='bbox 541 1586 612 1695; x_wconf 56' lang='grc' dir='ltr'><strong>ξι</strong></span> <span class='ocrx_word' id='word_1_111' title='bbox 636 1586 1635 1695; x_wconf 60' lang='grc' dir='ltr'><strong>ἱκαὶηῖίᾶἐὲἵνέιῧῖ’ἔνὲἓέἷῖἕιιῗίἕίὲἓξὲ</strong></span> 
     </span>
    </p>
   </div>
   <div class='ocr_carea' id='block_1_19' title="bbox 543 1684 1114 1747">
    <p class='ocr_par' dir='ltr' id='par_1_19' title="bbox 543 1684 1114 1747">
     <span class='ocr_line' id='line_1_19' title="bbox 543 1684 1114 1747; baseline 0.007 -5"><span class='ocrx_word' id='word_1_112' title='bbox 543 1684 662 1743; x_wconf 79' lang='grc' dir='ltr'><strong>ι]ηά</strong></span> <span class='ocrx_word' id='word_1_113' title='bbox 708 1691 868 1745; x_wconf 79' lang='lat' dir='ltr'><strong>stella</strong></span> <span class='ocrx_word' id='word_1_114' title='bbox 894 1684 1114 1747; x_wconf 67' lang='lat' dir='ltr'><strong>obtinet.</strong></span> 
     </span>
    </p>
   </div>
   <div class='ocr_carea' id='block_1_20' title="bbox 471 1818 1127 1896">
    <p class='ocr_par' dir='ltr' id='par_1_20' title="bbox 471 1818 1127 1896">
     <span class='ocr_line' id='line_1_20' title="bbox 471 1818 1127 1896; baseline 0.02 -22"><span class='ocrx_word' id='word_1_115' title='bbox 471 1818 609 1875; x_wconf 82' lang='lat' dir='ltr'><strong>Tum</strong></span> <span class='ocrx_word' id='word_1_116' title='bbox 643 1822 698 1878; x_wconf 92' lang='lat' dir='ltr'><strong>in</strong></span> <span class='ocrx_word' id='word_1_117' title='bbox 732 1828 1127 1896; x_wconf 89' lang='lat' dir='ltr'><strong>sequentibus:</strong></span> 
     </span>
    </p>
   </div>
   <div class='ocr_carea' id='block_1_21' title="bbox 540 1933 1902 2060">
    <p class='ocr_par' dir='ltr' id='par_1_21' title="bbox 540 1933 1902 2060">
     <span class='ocr_line' id='line_1_21' title="bbox 540 1933 1902 2060; baseline 0.012 -72"><span class='ocrx_word' id='word_1_118' title='bbox 540 1933 752 2060; x_wconf 46' lang='lat' dir='ltr'><strong>[genum</strong></span> <span class='ocrx_word' id='word_1_119' title='bbox 778 1955 896 1994; x_wconf 82' lang='lat' dir='ltr'><strong>vero</strong></span> <span class='ocrx_word' id='word_1_120' title='bbox 926 1957 1050 1996; x_wconf 85' lang='lat' dir='ltr'><strong>crus</strong></span> <span class='ocrx_word' id='word_1_121' title='bbox 1068 1983 1084 2008; x_wconf 94' lang='lat'><strong>,</strong></span> <span class='ocrx_word' id='word_1_122' title='bbox 1121 1954 1172 1999; x_wconf 87' lang='lat' dir='ltr'><strong>et</strong></span> <span class='ocrx_word' id='word_1_123' title='bbox 1196 1947 1413 2002; x_wconf 75' lang='lat' dir='ltr'><strong>sinister</strong></span> <span class='ocrx_word' id='word_1_124' title='bbox 1434 1948 1677 2003; x_wconf 83' lang='lat' dir='ltr'><strong>humerus</strong></span> <span class='ocrx_word' id='word_1_125' title='bbox 1710 1950 1764 2004; x_wconf 72' lang='lat' dir='ltr'><strong>in</strong></span> <span class='ocrx_word' id='word_1_126' title='bbox 1788 1950 1902 2020; x_wconf 87' lang='lat' dir='ltr'><strong>ipso</strong></span> 
     </span>
     <span class='ocr_line' id='line_1_22' title="bbox 540 2021 747 2060; baseline 0.005 -1"><span class='ocrx_word' id='word_1_127' title='bbox 540 2021 543 2029; x_wconf 56' lang='grc' dir='ltr'><em>ν</em></span> <span class='ocrx_word' id='word_1_128' title='bbox 591 2023 747 2060; x_wconf 76' lang='lat' dir='ltr'><strong>erset.</strong></span> 
     </span>
    </p>
   </div>
   <div class='ocr_carea' id='block_1_22' title="bbox 539 2021 747 2063">
    <p class='ocr_par' dir='ltr' id='par_1_22' title="bbox 539 2021 747 2063">
     <span class='ocr_line' id='line_1_23' title="bbox 539 2021 747 2063; baseline 0.01 -3"><span class='ocrx_word' id='word_1_129' title='bbox 539 2021 747 2063; x_wconf 63' lang='lat' dir='ltr'><strong>Persei.</strong></span> 
     </span>
    </p>
   </div>
   <div class='ocr_carea' id='block_1_23' title="bbox 473 2117 2040 2194">
    <p class='ocr_par' dir='ltr' id='par_1_23' title="bbox 473 2117 2040 2194">
     <span class='ocr_line' id='line_1_24' title="bbox 473 2117 2040 2194; baseline 0.011 -22"><span class='ocrx_word' id='word_1_130' title='bbox 473 2117 532 2173; x_wconf 93' lang='lat' dir='ltr'><strong>In</strong></span> <span class='ocrx_word' id='word_1_131' title='bbox 560 2119 762 2189; x_wconf 74' lang='lat' dir='ltr'><strong>quibus</strong></span> <span class='ocrx_word' id='word_1_132' title='bbox 794 2122 961 2178; x_wconf 87' lang='lat' dir='ltr'><strong>etiam</strong></span> <span class='ocrx_word' id='word_1_133' title='bbox 1012 2125 1309 2194; x_wconf 86' lang='lat' dir='ltr'><strong>plurimum</strong></span> <span class='ocrx_word' id='word_1_134' title='bbox 1368 2129 1602 2186; x_wconf 88' lang='lat' dir='ltr'><strong>dissidet</strong></span> <span class='ocrx_word' id='word_1_135' title='bbox 1649 2147 1681 2186; x_wconf 89' lang='lat' dir='ltr'><strong>a</strong></span> <span class='ocrx_word' id='word_1_136' title='bbox 1722 2148 1871 2188; x_wconf 85' lang='lat' dir='ltr'><strong>vero.</strong></span> <span class='ocrx_word' id='word_1_137' title='bbox 1904 2132 2040 2190; x_wconf 83' lang='lat' dir='ltr'><strong>Nam</strong></span> 
     </span>
    </p>
   </div>
   <div class='ocr_carea' id='block_1_24' title="bbox 473 2210 2042 2299">
    <p class='ocr_par' dir='ltr' id='par_1_24' title="bbox 473 2210 2042 2299">
     <span class='ocr_line' id='line_1_25' title="bbox 473 2210 2042 2299; baseline 0.011 -35"><span class='ocrx_word' id='word_1_138' title='bbox 473 2210 650 2265; x_wconf 90' lang='lat' dir='ltr'><strong>lucida</strong></span> <span class='ocrx_word' id='word_1_139' title='bbox 684 2214 864 2270; x_wconf 91' lang='lat' dir='ltr'><strong>medio</strong></span> <span class='ocrx_word' id='word_1_140' title='bbox 897 2216 953 2272; x_wconf 88' lang='lat' dir='ltr'><strong>in</strong></span> <span class='ocrx_word' id='word_1_141' title='bbox 991 2216 1173 2275; x_wconf 88' lang='lat' dir='ltr'><strong>Persei</strong></span> <span class='ocrx_word' id='word_1_142' title='bbox 1209 2236 1439 2293; x_wconf 87' lang='lat' dir='ltr'><strong>corpore</strong></span> <span class='ocrx_word' id='word_1_143' title='bbox 1461 2224 1742 2280; x_wconf 75' lang='lat' dir='ltr'><strong>borealior</strong></span> <span class='ocrx_word' id='word_1_144' title='bbox 1766 2234 1850 2282; x_wconf 87' lang='lat' dir='ltr'><strong>est</strong></span> <span class='ocrx_word' id='word_1_145' title='bbox 1871 2229 2042 2299; x_wconf 65' lang='lat' dir='ltr'><strong>aequi-</strong></span> 
     </span>
    </p>
   </div>
   <div class='ocr_carea' id='block_1_25' title="bbox 474 2304 2045 2387">
    <p class='ocr_par' dir='ltr' id='par_1_25' title="bbox 474 2304 2045 2387">
     <span class='ocr_line' id='line_1_26' title="bbox 474 2304 2045 2387; baseline 0.012 -31"><span class='ocrx_word' id='word_1_146' title='bbox 474 2304 695 2358; x_wconf 89' lang='lat' dir='ltr'><strong>noctiali</strong></span> <span class='ocrx_word' id='word_1_147' title='bbox 730 2306 977 2375; x_wconf 88' lang='lat' dir='ltr'><strong>partibus</strong></span> <span class='ocrx_word' id='word_1_148' title='bbox 1005 2309 1096 2364; x_wconf 77' lang='grc'><strong>40.</strong></span> <span class='ocrx_word' id='word_1_149' title='bbox 1127 2310 1363 2383; x_wconf 87' lang='lat' dir='ltr'><strong>Tropico</strong></span> <span class='ocrx_word' id='word_1_150' title='bbox 1399 2317 1586 2387; x_wconf 84' lang='lat' dir='ltr'><strong>itaque</strong></span> <span class='ocrx_word' id='word_1_151' title='bbox 1616 2318 1888 2374; x_wconf 86' lang='lat' dir='ltr'><strong>borealior</strong></span> <span class='ocrx_word' id='word_1_152' title='bbox 1938 2319 2045 2375; x_wconf 88' lang='lat' dir='ltr'><strong>erit</strong></span> 
     </span>
    </p>
   </div>
   <div class='ocr_carea' id='block_1_26' title="bbox 424 2397 2041 2481">
    <p class='ocr_par' dir='ltr' id='par_1_26' title="bbox 424 2397 2041 2481">
     <span class='ocr_line' id='line_1_27' title="bbox 424 2397 2041 2481; baseline 0.014 -34"><span class='ocrx_word' id='word_1_153' title='bbox 424 2440 439 2455; x_wconf 87' lang='grc'><strong>,</strong></span> <span class='ocrx_word' id='word_1_154' title='bbox 473 2397 721 2465; x_wconf 89' lang='lat' dir='ltr'><strong>partibus</strong></span> <span class='ocrx_word' id='word_1_155' title='bbox 746 2397 833 2454; x_wconf 75' lang='grc'><strong>16.</strong></span> <span class='ocrx_word' id='word_1_156' title='bbox 870 2398 1024 2466; x_wconf 86' lang='lat' dir='ltr'><strong>Quod</strong></span> <span class='ocrx_word' id='word_1_157' title='bbox 1059 2403 1282 2459; x_wconf 89' lang='lat' dir='ltr'><strong>dimidia</strong></span> <span class='ocrx_word' id='word_1_158' title='bbox 1313 2408 1449 2479; x_wconf 91' lang='lat' dir='ltr'><strong>signi</strong></span> <span class='ocrx_word' id='word_1_159' title='bbox 1490 2417 1645 2479; x_wconf 88' lang='lat' dir='ltr'><strong>parte</strong></span> <span class='ocrx_word' id='word_1_160' title='bbox 1670 2412 1905 2481; x_wconf 84' lang='lat' dir='ltr'><strong>amplius</strong></span> <span class='ocrx_word' id='word_1_161' title='bbox 1934 2422 2041 2469; x_wconf 86' lang='lat' dir='ltr'><strong>est.</strong></span> 
     </span>
    </p>
   </div>
   <div class='ocr_carea' id='block_1_27' title="bbox 472 2483 2040 2565">
    <p class='ocr_par' dir='ltr' id='par_1_27' title="bbox 472 2483 2040 2565">
     <span class='ocr_line' id='line_1_28' title="bbox 472 2483 2040 2565; baseline 0.013 -26"><span class='ocrx_word' id='word_1_162' title='bbox 472 2483 836 2553; x_wconf 84' lang='lat' dir='ltr'><strong>Quamobrem</strong></span> <span class='ocrx_word' id='word_1_163' title='bbox 858 2490 1046 2546; x_wconf 89' lang='lat' dir='ltr'><strong>eodem</strong></span> <span class='ocrx_word' id='word_1_164' title='bbox 1081 2495 1294 2565; x_wconf 90' lang='lat' dir='ltr'><strong>tropico</strong></span> <span class='ocrx_word' id='word_1_165' title='bbox 1323 2504 1496 2554; x_wconf 81' lang='lat' dir='ltr'><strong>ll‘llllIO</strong></span> <span class='ocrx_word' id='word_1_166' title='bbox 1524 2501 1798 2557; x_wconf 88' lang='lat' dir='ltr'><strong>borealior</strong></span> <span class='ocrx_word' id='word_1_167' title='bbox 1828 2513 1913 2558; x_wconf 87' lang='lat' dir='ltr'><strong>est</strong></span> <span class='ocrx_word' id='word_1_168' title='bbox 1941 2504 2040 2558; x_wconf 83' lang='lat' dir='ltr'><strong>hu-</strong></span> 
     </span>
    </p>
   </div>
   <div class='ocr_carea' id='block_1_28' title="bbox 472 2578 2041 2665">
    <p class='ocr_par' dir='ltr' id='par_1_28' title="bbox 472 2578 2041 2665">
     <span class='ocr_line' id='line_1_29' title="bbox 472 2578 2041 2665; baseline 0.013 -34"><span class='ocrx_word' id='word_1_169' title='bbox 472 2592 656 2635; x_wconf 84' lang='lat' dir='ltr'><strong>merus</strong></span> <span class='ocrx_word' id='word_1_170' title='bbox 681 2578 924 2637; x_wconf 83' lang='lat' dir='ltr'><strong>sinister.</strong></span> <span class='ocrx_word' id='word_1_171' title='bbox 969 2584 1183 2640; x_wconf 78' lang='lat' dir='ltr'><strong>Etenim</strong></span> <span class='ocrx_word' id='word_1_172' title='bbox 1214 2586 1394 2645; x_wconf 85' lang='lat' dir='ltr'><strong>Persei</strong></span> <span class='ocrx_word' id='word_1_173' title='bbox 1427 2592 1568 2649; x_wconf 90' lang='lat' dir='ltr'><strong>situs</strong></span> <span class='ocrx_word' id='word_1_174' title='bbox 1598 2602 1683 2648; x_wconf 79' lang='lat' dir='ltr'><strong>est</strong></span> <span class='ocrx_word' id='word_1_175' title='bbox 1729 2594 1997 2665; x_wconf 84' lang='lat' dir='ltr'><strong>ejusmodi</strong></span> <span class='ocrx_word' id='word_1_176' title='bbox 2023 2637 2041 2661; x_wconf 88' lang='lat'><strong>,</strong></span> 
     </span>
    </p>
   </div>
   <div class='ocr_carea' id='block_1_29' title="bbox 473 2672 2043 2751">
    <p class='ocr_par' dir='ltr' id='par_1_29' title="bbox 473 2672 2043 2751">
     <span class='ocr_line' id='line_1_30' title="bbox 473 2672 2043 2751; baseline 0.015 -31"><span class='ocrx_word' id='word_1_177' title='bbox 473 2673 533 2720; x_wconf 92' lang='lat' dir='ltr'><strong>ut</strong></span> <span class='ocrx_word' id='word_1_178' title='bbox 580 2678 761 2738; x_wconf 84' lang='lat' dir='ltr'><strong>partes</strong></span> <span class='ocrx_word' id='word_1_179' title='bbox 789 2672 936 2727; x_wconf 89' lang='lat' dir='ltr'><strong>illius</strong></span> <span class='ocrx_word' id='word_1_180' title='bbox 966 2673 1033 2728; x_wconf 89' lang='lat' dir='ltr'><strong>ad</strong></span> <span class='ocrx_word' id='word_1_181' title='bbox 1079 2686 1241 2747; x_wconf 90' lang='lat' dir='ltr'><strong>caput</strong></span> <span class='ocrx_word' id='word_1_182' title='bbox 1295 2681 1485 2749; x_wconf 70' lang='lat' dir='ltr'><strong>positae</strong></span> <span class='ocrx_word' id='word_1_183' title='bbox 1531 2682 1599 2737; x_wconf 93' lang='lat' dir='ltr'><strong>ad</strong></span> <span class='ocrx_word' id='word_1_184' title='bbox 1635 2683 2043 2751; x_wconf 86' lang='lat' dir='ltr'><strong>Septentriones</strong></span> 
     </span>
    </p>
   </div>
   <div class='ocr_carea' id='block_1_30' title="bbox 470 2758 2042 2841">
    <p class='ocr_par' dir='ltr' id='par_1_30' title="bbox 470 2758 2042 2841">
     <span class='ocr_line' id='line_1_31' title="bbox 470 2758 2042 2841; baseline 0.012 -28"><span class='ocrx_word' id='word_1_185' title='bbox 470 2758 815 2829; x_wconf 86' lang='lat' dir='ltr'><strong>pertineant:</strong></span> <span class='ocrx_word' id='word_1_186' title='bbox 850 2765 1011 2835; x_wconf 86' lang='lat' dir='ltr'><strong>pedes</strong></span> <span class='ocrx_word' id='word_1_187' title='bbox 1033 2779 1213 2825; x_wconf 88' lang='lat' dir='ltr'><strong>autem</strong></span> <span class='ocrx_word' id='word_1_188' title='bbox 1241 2773 1309 2826; x_wconf 88' lang='lat' dir='ltr'><strong>ad</strong></span> <span class='ocrx_word' id='word_1_189' title='bbox 1333 2774 1649 2841; x_wconf 88' lang='lat' dir='ltr'><strong>meridiem;</strong></span> <span class='ocrx_word' id='word_1_190' title='bbox 1681 2776 1747 2830; x_wconf 89' lang='lat' dir='ltr'><strong>ad</strong></span> <span class='ocrx_word' id='word_1_191' title='bbox 1778 2778 2042 2833; x_wconf 85' lang='lat' dir='ltr'><strong>orientem</strong></span> 
     </span>
    </p>
   </div>
   <div class='ocr_carea' id='block_1_31' title="bbox 472 2851 1314 2933">
    <p class='ocr_par' dir='ltr' id='par_1_31' title="bbox 472 2851 1314 2933">
     <span class='ocr_line' id='line_1_32' title="bbox 472 2851 1314 2933; baseline 0.018 -28"><span class='ocrx_word' id='word_1_192' title='bbox 472 2851 753 2921; x_wconf 89' lang='lat' dir='ltr'><strong>paululum</strong></span> <span class='ocrx_word' id='word_1_193' title='bbox 784 2854 1093 2915; x_wconf 87' lang='lat' dir='ltr'><strong>declinante</strong></span> <span class='ocrx_word' id='word_1_194' title='bbox 1116 2863 1314 2933; x_wconf 85' lang='lat' dir='ltr'><strong>capite.</strong></span> 
     </span>
    </p>
   </div>
   <div class='ocr_carea' id='block_1_32' title="bbox 545 3027 1700 3103">
    <p class='ocr_par' dir='ltr' id='par_1_32' title="bbox 545 3027 1700 3103">
     <span class='ocr_line' id='line_1_33' title="bbox 545 3027 1700 3103; baseline 0.014 -18"><span class='ocrx_word' id='word_1_195' title='bbox 545 3027 737 3090; x_wconf 79' lang='lat' dir='ltr'><strong>XXIII.</strong></span> <span class='ocrx_word' id='word_1_196' title='bbox 765 3033 841 3092; x_wconf 89' lang='lat' dir='ltr'><strong>De</strong></span> <span class='ocrx_word' id='word_1_197' title='bbox 870 3037 1219 3097; x_wconf 83' lang='lat' dir='ltr'><strong>Andromeda</strong></span> <span class='ocrx_word' id='word_1_198' title='bbox 1240 3045 1431 3100; x_wconf 86' lang='lat' dir='ltr'><strong>scribit</strong></span> <span class='ocrx_word' id='word_1_199' title='bbox 1458 3045 1660 3103; x_wconf 83' lang='lat' dir='ltr'><strong>Aratus</strong></span> <span class='ocrx_word' id='word_1_200' title='bbox 1685 3066 1700 3101; x_wconf 89' lang='lat'>:</span> 
     </span>
    </p>
   </div>
   <div class='ocr_carea' id='block_1_33' title="bbox 540 3149 1830 3230">
    <p class='ocr_par' dir='ltr' id='par_1_33' title="bbox 540 3149 1830 3230">
     <span class='ocr_line' id='line_1_34' title="bbox 540 3149 1830 3230; baseline 0.013 -29"><span class='ocrx_word' id='word_1_201' title='bbox 540 3183 586 3230; x_wconf 41' lang='grc' dir='ltr'>λ</span> <span class='ocrx_word' id='word_1_202' title='bbox 635 3187 673 3230; x_wconf 81' lang='lat'><strong>._</strong></span> <span class='ocrx_word' id='word_1_203' title='bbox 708 3188 723 3202; x_wconf 93' lang='lat'><strong>.</strong></span> <span class='ocrx_word' id='word_1_204' title='bbox 764 3149 1115 3230; x_wconf 72' lang='lat' dir='ltr'><strong>Andromer</strong></span> <span class='ocrx_word' id='word_1_205' title='bbox 1147 3157 1375 3213; x_wconf 82' lang='lat' dir='ltr'><strong>mediam</strong></span> <span class='ocrx_word' id='word_1_206' title='bbox 1408 3177 1570 3230; x_wconf 82' lang='lat' dir='ltr'><strong>supra</strong></span> <span class='ocrx_word' id='word_1_207' title='bbox 1595 3162 1830 3218; x_wconf 83' lang='lat' dir='ltr'><strong>cubitum</strong></span> 
     </span>
    </p>
   </div>
   <div class='ocr_carea' id='block_1_34' title="bbox 537 3213 1067 3281">
    <p class='ocr_par' dir='ltr' id='par_1_34' title="bbox 537 3213 1067 3281">
     <span class='ocr_line' id='line_1_35' title="bbox 537 3213 1067 3281; baseline 0.021 -12"><span class='ocrx_word' id='word_1_208' title='bbox 537 3213 792 3275; x_wconf 70' lang='lat' dir='ltr'><strong>Dextram</strong></span> <span class='ocrx_word' id='word_1_209' title='bbox 818 3223 1067 3281; x_wconf 80' lang='lat' dir='ltr'><strong>continet.</strong></span> 
     </span>
    </p>
   </div>
   <div class='ocr_carea' id='block_1_35' title="bbox 541 3324 2041 3408">
    <p class='ocr_par' dir='ltr' id='par_1_35' title="bbox 541 3324 2041 3408">
     <span class='ocr_line' id='line_1_36' title="bbox 541 3324 2041 3408; baseline 0.012 -24"><span class='ocrx_word' id='word_1_210' title='bbox 541 3324 702 3401; x_wconf 64' lang='grc'><strong>114</strong></span> <span class='ocrx_word' id='word_1_211' title='bbox 744 3328 802 3386; x_wconf 92' lang='lat' dir='ltr'><strong>In</strong></span> <span class='ocrx_word' id='word_1_212' title='bbox 850 3348 960 3403; x_wconf 89' lang='lat' dir='ltr'><strong>quo</strong></span> <span class='ocrx_word' id='word_1_213' title='bbox 1018 3333 1158 3405; x_wconf 79' lang='lat' dir='ltr'><strong>fugit</strong></span> <span class='ocrx_word' id='word_1_214' title='bbox 1196 3335 1347 3391; x_wconf 90' lang='lat' dir='ltr'><strong>illum</strong></span> <span class='ocrx_word' id='word_1_215' title='bbox 1399 3340 1560 3394; x_wconf 87' lang='lat' dir='ltr'><strong>ratio.</strong></span> <span class='ocrx_word' id='word_1_216' title='bbox 1612 3339 1745 3408; x_wconf 64' lang='lat' dir='ltr'><strong>Quae</strong></span> <span class='ocrx_word' id='word_1_217' title='bbox 1792 3346 1936 3401; x_wconf 90' lang='lat' dir='ltr'><strong>enim</strong></span> <span class='ocrx_word' id='word_1_218' title='bbox 1985 3347 2041 3402; x_wconf 92' lang='lat' dir='ltr'><strong>in</strong></span> 
     </span>
    </p>
   </div>
   <div class='ocr_carea' id='block_1_36' title="bbox 467 3414 2037 3507">
    <p class='ocr_par' dir='ltr' id='par_1_36' title="bbox 467 3414 2037 3507">
     <span class='ocr_line' id='line_1_37' title="bbox 467 3414 2037 3507; baseline 0.014 -36"><span class='ocrx_word' id='word_1_219' title='bbox 467 3414 664 3507; x_wconf 72' lang='lat' dir='ltr'><strong>dextro</strong></span> <span class='ocrx_word' id='word_1_220' title='bbox 698 3432 826 3477; x_wconf 88' lang='lat' dir='ltr'><strong>sunt</strong></span> <span class='ocrx_word' id='word_1_221' title='bbox 852 3424 998 3481; x_wconf 89' lang='lat' dir='ltr'><strong>illius</strong></span> <span class='ocrx_word' id='word_1_222' title='bbox 1021 3426 1268 3492; x_wconf 88' lang='lat' dir='ltr'><strong>humero,</strong></span> <span class='ocrx_word' id='word_1_223' title='bbox 1296 3428 1630 3487; x_wconf 88' lang='lat' dir='ltr'><strong>burealiores</strong></span> <span class='ocrx_word' id='word_1_224' title='bbox 1660 3436 2037 3507; x_wconf 89' lang='lat' dir='ltr'><strong>suuttropico.</strong></span> 
     </span>
    </p>
   </div>
   <div class='ocr_carea' id='block_1_37' title="bbox 465 3504 2041 3595">
    <p class='ocr_par' dir='ltr' id='par_1_37' title="bbox 465 3504 2041 3595">
     <span class='ocr_line' id='line_1_38' title="bbox 465 3504 2041 3595; baseline 0.013 -35"><span class='ocrx_word' id='word_1_225' title='bbox 465 3504 601 3562; x_wconf 83' lang='lat' dir='ltr'><strong>Nam</strong></span> <span class='ocrx_word' id='word_1_226' title='bbox 623 3525 748 3565; x_wconf 91' lang='lat' dir='ltr'><strong>cum</strong></span> <span class='ocrx_word' id='word_1_227' title='bbox 774 3513 884 3567; x_wconf 92' lang='lat' dir='ltr'><strong>sint</strong></span> <span class='ocrx_word' id='word_1_228' title='bbox 906 3516 1076 3571; x_wconf 73' lang='lat' dir='ltr'><strong>stella:</strong></span> <span class='ocrx_word' id='word_1_229' title='bbox 1100 3524 1235 3580; x_wconf 88' lang='lat' dir='ltr'><strong>tres,</strong></span> <span class='ocrx_word' id='word_1_230' title='bbox 1255 3534 1376 3589; x_wconf 69' lang='lat' dir='ltr'><strong>quae</strong></span> <span class='ocrx_word' id='word_1_231' title='bbox 1402 3535 1467 3575; x_wconf 79' lang='lat' dir='ltr'><strong>ex</strong></span> <span class='ocrx_word' id='word_1_232' title='bbox 1498 3520 1586 3578; x_wconf 81' lang='lat' dir='ltr'><strong>his</strong></span> <span class='ocrx_word' id='word_1_233' title='bbox 1618 3504 1912 3580; x_wconf 82' lang='lat' dir='ltr'><strong>australior</strong></span> <span class='ocrx_word' id='word_1_234' title='bbox 1935 3536 2041 3595; x_wconf 89' lang='lat' dir='ltr'><strong>est,</strong></span> 
     </span>
    </p>
   </div>
   <div class='ocr_carea' id='block_1_38' title="bbox 465 3598 2043 3685">
    <p class='ocr_par' dir='ltr' id='par_1_38' title="bbox 465 3598 2043 3685">
     <span class='ocr_line' id='line_1_39' title="bbox 465 3598 2043 3685; baseline 0.013 -32"><span class='ocrx_word' id='word_1_235' title='bbox 465 3598 538 3654; x_wconf 87' lang='lat' dir='ltr'><strong>ab</strong></span> <span class='ocrx_word' id='word_1_236' title='bbox 567 3604 933 3671; x_wconf 69' lang='lat' dir='ltr'><strong>aequinoctiali</strong></span> <span class='ocrx_word' id='word_1_237' title='bbox 991 3607 1231 3665; x_wconf 86' lang='lat' dir='ltr'><strong>declinat</strong></span> <span class='ocrx_word' id='word_1_238' title='bbox 1276 3611 1333 3664; x_wconf 92' lang='lat' dir='ltr'><strong>in</strong></span> <span class='ocrx_word' id='word_1_239' title='bbox 1380 3611 1601 3668; x_wconf 86' lang='lat' dir='ltr'><strong>boream</strong></span> <span class='ocrx_word' id='word_1_240' title='bbox 1641 3617 1889 3685; x_wconf 87' lang='lat' dir='ltr'><strong>partibus</strong></span> <span class='ocrx_word' id='word_1_241' title='bbox 1923 3634 2043 3673; x_wconf 88' lang='lat' dir='ltr'><strong>am-</strong></span> 
     </span>
    </p>
   </div>
   <div class='ocr_carea' id='block_1_39' title="bbox 466 3692 2038 3773">
    <p class='ocr_par' dir='ltr' id='par_1_39' title="bbox 466 3692 2038 3773">
     <span class='ocr_line' id='line_1_40' title="bbox 466 3692 2038 3773; baseline 0.012 -28"><span class='ocrx_word' id='word_1_242' title='bbox 466 3692 612 3761; x_wconf 89' lang='lat' dir='ltr'><strong>plius</strong></span> <span class='ocrx_word' id='word_1_243' title='bbox 648 3696 737 3751; x_wconf 78' lang='lat'><strong>50.</strong></span> <span class='ocrx_word' id='word_1_244' title='bbox 796 3696 985 3754; x_wconf 90' lang='lat' dir='ltr'><strong>Trium</strong></span> <span class='ocrx_word' id='word_1_245' title='bbox 1008 3717 1161 3763; x_wconf 76' lang='lat' dir='ltr'><strong>vero,</strong></span> <span class='ocrx_word' id='word_1_246' title='bbox 1192 3717 1314 3772; x_wconf 65' lang='lat' dir='ltr'><strong>quae</strong></span> <span class='ocrx_word' id='word_1_247' title='bbox 1341 3711 1470 3759; x_wconf 89' lang='lat' dir='ltr'><strong>sunt</strong></span> <span class='ocrx_word' id='word_1_248' title='bbox 1511 3706 1566 3759; x_wconf 94' lang='lat' dir='ltr'><strong>in</strong></span> <span class='ocrx_word' id='word_1_249' title='bbox 1607 3706 1796 3762; x_wconf 81' lang='lat' dir='ltr'><strong>dextra</strong></span> <span class='ocrx_word' id='word_1_250' title='bbox 1833 3724 1995 3764; x_wconf 90' lang='lat' dir='ltr'><strong>manu</strong></span> <span class='ocrx_word' id='word_1_251' title='bbox 2021 3751 2038 3773; x_wconf 88' lang='lat'><strong>.</strong></span> 
     </span>
    </p>
   </div>
   <div class='ocr_carea' id='block_1_40' title="bbox 467 3788 2037 3868">
    <p class='ocr_par' dir='ltr' id='par_1_40' title="bbox 467 3788 2037 3868">
     <span class='ocr_line' id='line_1_41' title="bbox 467 3788 2037 3868; baseline 0.012 -30"><span class='ocrx_word' id='word_1_252' title='bbox 467 3788 765 3843; x_wconf 86' lang='lat' dir='ltr'><strong>australior</strong></span> <span class='ocrx_word' id='word_1_253' title='bbox 796 3792 1167 3859; x_wconf 68' lang='lat' dir='ltr'><strong>aequinoctiali</strong></span> <span class='ocrx_word' id='word_1_254' title='bbox 1215 3795 1488 3849; x_wconf 87' lang='lat' dir='ltr'><strong>borealior</strong></span> <span class='ocrx_word' id='word_1_255' title='bbox 1532 3808 1618 3852; x_wconf 89' lang='lat' dir='ltr'><strong>est</strong></span> <span class='ocrx_word' id='word_1_256' title='bbox 1674 3800 1922 3868; x_wconf 78' lang='lat' dir='ltr'><strong>partibus</strong></span> <span class='ocrx_word' id='word_1_257' title='bbox 1949 3801 2037 3857; x_wconf 78' lang='grc'><strong>52.</strong></span> 
     </span>
    </p>
   </div>
   <div class='ocr_carea' id='block_1_41' title="bbox 465 3874 2043 3950">
    <p class='ocr_par' dir='ltr' id='par_1_41' title="bbox 465 3874 2043 3950">
     <span class='ocr_line' id='line_1_42' title="bbox 465 3874 2043 3950; baseline 0.013 -20"><span class='ocrx_word' id='word_1_258' title='bbox 465 3874 546 3932; x_wconf 82' lang='lat' dir='ltr'><strong>Ex</strong></span> <span class='ocrx_word' id='word_1_259' title='bbox 571 3878 639 3934; x_wconf 87' lang='lat' dir='ltr'><strong>iis</strong></span> <span class='ocrx_word' id='word_1_260' title='bbox 665 3881 889 3938; x_wconf 78' lang='lat' dir='ltr'><strong>evidens</strong></span> <span class='ocrx_word' id='word_1_261' title='bbox 919 3896 1000 3939; x_wconf 91' lang='lat' dir='ltr'><strong>est</strong></span> <span class='ocrx_word' id='word_1_262' title='bbox 1026 3884 1225 3940; x_wconf 76' lang='lat' dir='ltr'><strong>ﬂexum</strong></span> <span class='ocrx_word' id='word_1_263' title='bbox 1254 3886 1422 3941; x_wconf 88' lang='lat' dir='ltr'><strong>cubiti</strong></span> <span class='ocrx_word' id='word_1_264' title='bbox 1457 3888 1815 3947; x_wconf 88' lang='lat' dir='ltr'><strong>borealiorem</strong></span> <span class='ocrx_word' id='word_1_265' title='bbox 1853 3894 2043 3950; x_wconf 87' lang='lat' dir='ltr'><strong>admo-</strong></span> 
     </span>
    </p>
   </div>
   <div class='ocr_carea' id='block_1_42' title="bbox 465 3964 2044 4050">
    <p class='ocr_par' dir='ltr' id='par_1_42' title="bbox 465 3964 2044 4050">
     <span class='ocr_line' id='line_1_43' title="bbox 465 3964 2044 4050; baseline 0.015 -31"><span class='ocrx_word' id='word_1_266' title='bbox 465 3964 596 4020; x_wconf 91' lang='lat' dir='ltr'><strong>dum</strong></span> <span class='ocrx_word' id='word_1_267' title='bbox 621 3983 745 4027; x_wconf 86' lang='lat' dir='ltr'><strong>esse</strong></span> <span class='ocrx_word' id='word_1_268' title='bbox 774 3974 1018 4044; x_wconf 89' lang='lat' dir='ltr'><strong>tropico,</strong></span> <span class='ocrx_word' id='word_1_269' title='bbox 1052 3990 1199 4041; x_wconf 89' lang='lat' dir='ltr'><strong>non,</strong></span> <span class='ocrx_word' id='word_1_270' title='bbox 1253 3985 1313 4031; x_wconf 92' lang='lat' dir='ltr'><strong>ut</strong></span> <span class='ocrx_word' id='word_1_271' title='bbox 1347 3977 1548 4035; x_wconf 77' lang='lat' dir='ltr'><strong>Aratus</strong></span> <span class='ocrx_word' id='word_1_272' title='bbox 1577 3989 1770 4050; x_wconf 89' lang='lat' dir='ltr'><strong>putat,</strong></span> <span class='ocrx_word' id='word_1_273' title='bbox 1821 3992 2044 4042; x_wconf 87' lang='lat' dir='ltr'><strong>austra-</strong></span> 
     </span>
    </p>
   </div>
   <div class='ocr_carea' id='block_1_43' title="bbox 465 4057 679 4114">
    <p class='ocr_par' dir='ltr' id='par_1_43' title="bbox 465 4057 679 4114">
     <span class='ocr_line' id='line_1_44' title="bbox 465 4057 679 4114; baseline 0.005 -1"><span class='ocrx_word' id='word_1_274' title='bbox 465 4057 679 4114; x_wconf 81' lang='lat' dir='ltr'><strong>liorem.</strong></span> 
     </span>
    </p>
   </div>
   <div class='ocr_carea' id='block_1_44' title="bbox 535 4148 925 4224">
    <p class='ocr_par' dir='ltr' id='par_1_44' title="bbox 535 4148 925 4224">
     <span class='ocr_line' id='line_1_45' title="bbox 535 4148 925 4224; baseline 0.013 -18"><span class='ocrx_word' id='word_1_275' title='bbox 535 4148 719 4224; x_wconf 85' lang='lat' dir='ltr'><strong>Pergit</strong></span> <span class='ocrx_word' id='word_1_276' title='bbox 748 4155 888 4211; x_wconf 88' lang='lat' dir='ltr'><strong>idem</strong></span> <span class='ocrx_word' id='word_1_277' title='bbox 910 4175 925 4211; x_wconf 92' lang='lat'><strong>:</strong></span> 
     </span>
    </p>
   </div>
   <div class='ocr_carea' id='block_1_45' title="bbox 538 4241 1826 4327">
    <p class='ocr_par' dir='ltr' id='par_1_45' title="bbox 538 4241 1826 4327">
     <span class='ocr_line' id='line_1_46' title="bbox 538 4241 1826 4327; baseline 0.013 -32"><span class='ocrx_word' id='word_1_278' title='bbox 538 4241 761 4327; x_wconf 49' lang='lat' dir='ltr'><strong>lingula:</strong></span> <span class='ocrx_word' id='word_1_279' title='bbox 784 4264 904 4302; x_wconf 74' lang='lat' dir='ltr'><strong>vero</strong></span> <span class='ocrx_word' id='word_1_280' title='bbox 937 4248 1191 4327; x_wconf 67' lang='lat' dir='ltr'><strong>Equinae,</strong></span> <span class='ocrx_word' id='word_1_281' title='bbox 1226 4262 1277 4307; x_wconf 82' lang='lat' dir='ltr'><strong>et</strong></span> <span class='ocrx_word' id='word_1_282' title='bbox 1313 4255 1508 4309; x_wconf 87' lang='lat' dir='ltr'><strong>collum</strong></span> <span class='ocrx_word' id='word_1_283' title='bbox 1535 4254 1826 4327; x_wconf 81' lang='lat' dir='ltr'><strong>Cygninum</strong></span> 
     </span>
    </p>
   </div>
   <div class='ocr_carea' id='block_1_46' title="bbox 533 4312 1157 4391">
    <p class='ocr_par' dir='ltr' id='par_1_46' title="bbox 533 4312 1157 4391">
     <span class='ocr_line' id='line_1_47' title="bbox 533 4312 1157 4391; baseline 0.014 -24"><span class='ocrx_word' id='word_1_284' title='bbox 533 4312 786 4372; x_wconf 74' lang='lat' dir='ltr'><strong>Extremo</strong></span> <span class='ocrx_word' id='word_1_285' title='bbox 815 4336 931 4374; x_wconf 87' lang='lat' dir='ltr'><strong>cum</strong></span> <span class='ocrx_word' id='word_1_286' title='bbox 969 4312 1157 4391; x_wconf 73' lang='lat' dir='ltr'><strong>capite.</strong></span> 
     </span>
    </p>
   </div>
   <div class='ocr_carea' id='block_1_47' title="bbox 534 4425 2110 4518">
    <p class='ocr_par' dir='ltr' id='par_1_47' title="bbox 534 4425 2110 4518">
     <span class='ocr_line' id='line_1_48' title="bbox 534 4425 2110 4518; baseline 0.013 -36"><span class='ocrx_word' id='word_1_287' title='bbox 534 4425 853 4498; x_wconf 75' lang='lat' dir='ltr'><strong>Cuiusmodi</strong></span> <span class='ocrx_word' id='word_1_288' title='bbox 888 4434 1079 4490; x_wconf 88' lang='lat' dir='ltr'><strong>stellas</strong></span> <span class='ocrx_word' id='word_1_289' title='bbox 1111 4436 1332 4508; x_wconf 87' lang='lat' dir='ltr'><strong>ungulis</strong></span> <span class='ocrx_word' id='word_1_290' title='bbox 1358 4436 1541 4508; x_wconf 77' lang='lat' dir='ltr'><strong>alligat</strong></span> <span class='ocrx_word' id='word_1_291' title='bbox 1588 4438 1728 4510; x_wconf 82' lang='lat' dir='ltr'><strong>Equi</strong></span> <span class='ocrx_word' id='word_1_292' title='bbox 1755 4458 1866 4498; x_wconf 91' lang='lat' dir='ltr'><strong>non</strong></span> <span class='ocrx_word' id='word_1_293' title='bbox 1898 4453 2035 4501; x_wconf 73' lang='lat' dir='ltr'><strong>satis</strong></span> <span class='ocrx_word' id='word_1_294' title='bbox 2065 4462 2110 4518; x_wconf 73' lang='grc' dir='ltr'><strong>ι)</strong></span> 
     </span>
    </p>
   </div>
   <div class='ocr_carea' id='block_1_48' title="bbox 460 4527 1714 4602">
    <p class='ocr_par' dir='ltr' id='par_1_48' title="bbox 460 4527 1714 4602">
     <span class='ocr_line' id='line_1_49' title="bbox 460 4527 1714 4602; baseline 0.007 -24"><span class='ocrx_word' id='word_1_295' title='bbox 460 4528 717 4588; x_wconf 82' lang='lat' dir='ltr'><strong>constat;</strong></span> <span class='ocrx_word' id='word_1_296' title='bbox 743 4538 929 4580; x_wconf 82' lang='lat' dir='ltr'><strong>verum</strong></span> <span class='ocrx_word' id='word_1_297' title='bbox 947 4541 1013 4581; x_wconf 79' lang='lat' dir='ltr'><strong>ex</strong></span> <span class='ocrx_word' id='word_1_298' title='bbox 1042 4527 1129 4592; x_wconf 88' lang='lat' dir='ltr'><strong>iis,</strong></span> <span class='ocrx_word' id='word_1_299' title='bbox 1154 4544 1277 4584; x_wconf 73' lang='lat' dir='ltr'><strong>oua:</strong></span> <span class='ocrx_word' id='word_1_300' title='bbox 1298 4528 1366 4585; x_wconf 89' lang='lat' dir='ltr'><strong>de</strong></span> <span class='ocrx_word' id='word_1_301' title='bbox 1381 4529 1569 4602; x_wconf 87' lang='lat' dir='ltr'><strong>Cygno</strong></span> <span class='ocrx_word' id='word_1_302' title='bbox 1594 4532 1669 4586; x_wconf 92' lang='lat' dir='ltr'><strong>ait</strong></span> <span class='ocrx_word' id='word_1_303' title='bbox 1697 4549 1714 4587; x_wconf 87' lang='lat'><strong>:</strong></span> 
     </span>
    </p>
   </div>
   <div class='ocr_carea' id='block_1_49' title="bbox 462 4679 1275 4738">
    <p class='ocr_par' dir='ltr' id='par_1_49' title="bbox 462 4679 1275 4738">
     <span class='ocr_line' id='line_1_50' title="bbox 462 4679 1275 4738; baseline 0.001 -1"><span class='ocrx_word' id='word_1_304' title='bbox 462 4715 480 4737; x_wconf 69' lang='grc' dir='ltr'><strong>ρ</strong></span> <span class='ocrx_word' id='word_1_305' title='bbox 557 4719 572 4737; x_wconf 86' lang='grc'><strong>.</strong></span> <span class='ocrx_word' id='word_1_306' title='bbox 650 4718 666 4734; x_wconf 92' lang='grc'><strong>.</strong></span> <span class='ocrx_word' id='word_1_307' title='bbox 707 4681 776 4735; x_wconf 80' lang='lat' dir='ltr'><strong>ad</strong></span> <span class='ocrx_word' id='word_1_308' title='bbox 807 4679 1049 4736; x_wconf 72' lang='lat' dir='ltr'><strong>dextram</strong></span> <span class='ocrx_word' id='word_1_309' title='bbox 1086 4701 1275 4738; x_wconf 82' lang='lat' dir='ltr'><strong>manus</strong></span> 
     </span>
    </p>
   </div>
   <div class='ocr_carea' id='block_1_50' title="bbox 460 4743 1678 4819">
    <p class='ocr_par' dir='ltr' id='par_1_50' title="bbox 460 4743 1678 4819">
     <span class='ocr_line' id='line_1_51' title="bbox 460 4743 1678 4819; baseline 0.007 -18"><span class='ocrx_word' id='word_1_310' title='bbox 460 4743 669 4819; x_wconf 51' lang='lat' dir='ltr'><strong>(gen/rei,</strong></span> <span class='ocrx_word' id='word_1_311' title='bbox 701 4765 884 4818; x_wconf 80' lang='lat' dir='ltr'><strong>penna:</strong></span> <span class='ocrx_word' id='word_1_312' title='bbox 910 4752 1124 4807; x_wconf 58' lang='lat' dir='ltr'><strong>dextros</strong></span> <span class='ocrx_word' id='word_1_313' title='bbox 1151 4756 1345 4808; x_wconf 85' lang='lat' dir='ltr'><strong>limites</strong></span> <span class='ocrx_word' id='word_1_314' title='bbox 1375 4764 1643 4810; x_wconf 85' lang='lat' dir='ltr'><strong>ostentans</strong></span> <span class='ocrx_word' id='word_1_315' title='bbox 1662 4797 1678 4819; x_wconf 93' lang='lat'><strong>,</strong></span> 
     </span>
    </p>
   </div>
   <div class='ocr_carea' id='block_1_51' title="bbox 461 4815 1905 4905">
    <p class='ocr_par' dir='ltr' id='par_1_51' title="bbox 461 4815 1905 4905">
     <span class='ocr_line' id='line_1_52' title="bbox 461 4815 1905 4905; baseline 0.006 -30"><span class='ocrx_word' id='word_1_316' title='bbox 461 4815 709 4875; x_wconf 72' lang='lat' dir='ltr'><strong>Sinistrre</strong></span> <span class='ocrx_word' id='word_1_317' title='bbox 736 4830 912 4875; x_wconf 85' lang='lat' dir='ltr'><strong>autem</strong></span> <span class='ocrx_word' id='word_1_318' title='bbox 946 4823 1048 4877; x_wconf 76' lang='lat' dir='ltr'><strong>ala:</strong></span> <span class='ocrx_word' id='word_1_319' title='bbox 1086 4824 1583 4905; x_wconf 29' lang='lat' dir='ltr'><strong>ungula‘acclinata</strong></span> <span class='ocrx_word' id='word_1_320' title='bbox 1613 4815 1692 4882; x_wconf 75' lang='lat' dir='ltr'><strong>est</strong></span> <span class='ocrx_word' id='word_1_321' title='bbox 1731 4826 1905 4895; x_wconf 82' lang='lat' dir='ltr'><strong>Equi;</strong></span> 
     </span>
    </p>
   </div>
   <div class='ocr_carea' id='block_1_52' title="bbox 458 4931 2034 5010">
    <p class='ocr_par' dir='ltr' id='par_1_52' title="bbox 458 4931 2034 5010">
     <span class='ocr_line' id='line_1_53' title="bbox 458 4931 2034 5010; baseline 0.008 -25"><span class='ocrx_word' id='word_1_322' title='bbox 458 4931 601 4993; x_wconf 81' lang='lat' dir='ltr'><strong>haud</strong></span> <span class='ocrx_word' id='word_1_323' title='bbox 643 4932 804 5003; x_wconf 88' lang='lat' dir='ltr'><strong>longe</strong></span> <span class='ocrx_word' id='word_1_324' title='bbox 833 4948 864 4987; x_wconf 90' lang='lat' dir='ltr'><strong>a</strong></span> <span class='ocrx_word' id='word_1_325' title='bbox 897 4934 1125 4989; x_wconf 81' lang='lat' dir='ltr'><strong>veritate</strong></span> <span class='ocrx_word' id='word_1_326' title='bbox 1175 4949 1301 4990; x_wconf 89' lang='lat' dir='ltr'><strong>esse</strong></span> <span class='ocrx_word' id='word_1_327' title='bbox 1326 4933 1595 4993; x_wconf 78' lang='lat' dir='ltr'><strong>videatur.</strong></span> <span class='ocrx_word' id='word_1_328' title='bbox 1639 4935 1774 4993; x_wconf 86' lang='lat' dir='ltr'><strong>Nam</strong></span> <span class='ocrx_word' id='word_1_329' title='bbox 1802 4955 1924 5010; x_wconf 78' lang='lat' dir='ltr'><strong>qua:</strong></span> <span class='ocrx_word' id='word_1_330' title='bbox 1946 4949 2034 4997; x_wconf 88' lang='lat' dir='ltr'><strong>est</strong></span> 
     </span>
    </p>
   </div>
   <div class='ocr_carea' id='block_1_53' title="bbox 525 5089 908 5160">
    <p class='ocr_par' dir='ltr' id='par_1_53' title="bbox 525 5089 908 5160">
     <span class='ocr_line' id='line_1_54' title="bbox 525 5089 908 5160; baseline 0.008 -15"><span class='ocrx_word' id='word_1_331' title='bbox 525 5089 574 5124; x_wconf 84' lang='grc'><strong><em>⁸⁸</em></strong></span> <span class='ocrx_word' id='word_1_332' title='bbox 603 5090 645 5160; x_wconf 81' lang='grc' dir='ltr'><strong>Ῑ.</strong></span> <span class='ocrx_word' id='word_1_333' title='bbox 684 5090 908 5157; x_wconf 78' lang='grc' dir='ltr'><strong>δόξειεν.</strong></span> 
     </span>
    </p>
   </div>
   <div class='ocr_carea' id='block_1_54' title="bbox 530 5202 2022 5276">
    <p class='ocr_par' dir='ltr' id='par_1_54' title="bbox 530 5202 2022 5276">
     <span class='ocr_line' id='line_1_55' title="bbox 530 5202 2022 5276; baseline 0.006 -19"><span class='ocrx_word' id='word_1_334' title='bbox 530 5202 643 5272; x_wconf 83' lang='grc'><strong>(66)</strong></span> <span class='ocrx_word' id='word_1_335' title='bbox 683 5204 746 5276; x_wconf 59' lang='grc' dir='ltr'><strong>ξο</strong></span> <span class='ocrx_word' id='word_1_336' title='bbox 770 5204 888 5276; x_wconf 80' lang='grc' dir='ltr'><strong>μὲν</strong></span> <span class='ocrx_word' id='word_1_337' title='bbox 929 5204 1051 5276; x_wconf 43' lang='grc' dir='ltr'><strong>γὰρ.</strong></span> <span class='ocrx_word' id='word_1_338' title='bbox 1082 5204 1180 5259; x_wconf 76' lang='grc' dir='ltr'><strong>ἐπὶ</strong></span> <span class='ocrx_word' id='word_1_339' title='bbox 1211 5206 1321 5276; x_wconf 66' lang='grc' dir='ltr'><strong>τοῦ</strong></span> <span class='ocrx_word' id='word_1_340' title='bbox 1367 5206 1703 5276; x_wconf 79' lang='grc' dir='ltr'><strong>ἀριστεροῦ.</strong></span> <span class='ocrx_word' id='word_1_341' title='bbox 1769 5206 1914 5263; x_wconf 81' lang='lat' dir='ltr'><strong>Pelle</strong></span> <span class='ocrx_word' id='word_1_342' title='bbox 1955 5225 2022 5266; x_wconf 80' lang='lat' dir='ltr'><strong>ex</strong></span> 
     </span>
    </p>
   </div>
   <div class='ocr_carea' id='block_1_55' title="bbox 457 5273 2023 5344">
    <p class='ocr_par' dir='ltr' id='par_1_55' title="bbox 457 5273 2023 5344">
     <span class='ocr_line' id='line_1_56' title="bbox 457 5273 2023 5344; baseline 0.004 -17"><span class='ocrx_word' id='word_1_343' title='bbox 457 5288 615 5344; x_wconf 69' lang='lat' dir='ltr'><strong>sequo</strong></span> <span class='ocrx_word' id='word_1_344' title='bbox 666 5273 962 5344; x_wconf 74' lang='lat' dir='ltr'><strong>distabant.</strong></span> <span class='ocrx_word' id='word_1_345' title='bbox 1006 5273 1141 5329; x_wconf 83' lang='lat' dir='ltr'><strong>Nam</strong></span> <span class='ocrx_word' id='word_1_346' title='bbox 1197 5275 1372 5330; x_wconf 72' lang='lat' dir='ltr'><strong>dextri</strong></span> <span class='ocrx_word' id='word_1_347' title='bbox 1404 5273 1596 5344; x_wconf 27' lang='lat' dir='ltr'><strong>‘pedis&#39;.</strong></span> <span class='ocrx_word' id='word_1_348' title='bbox 1649 5285 1703 5330; x_wconf 89' lang='lat' dir='ltr'><strong>et</strong></span> <span class='ocrx_word' id='word_1_349' title='bbox 1762 5280 2023 5334; x_wconf 89' lang='lat' dir='ltr'><strong>australis</strong></span> 
     </span>
    </p>
   </div>
   <div class='ocr_carea' id='block_1_56' title="bbox 459 5342 2018 5417">
    <p class='ocr_par' dir='ltr' id='par_1_56' title="bbox 459 5342 2018 5417">
     <span class='ocr_line' id='line_1_57' title="bbox 459 5342 2018 5417; baseline 0.003 -21"><span class='ocrx_word' id='word_1_350' title='bbox 459 5342 613 5397; x_wconf 78' lang='lat' dir='ltr'><strong>stella</strong></span> <span class='ocrx_word' id='word_1_351' title='bbox 647 5343 1087 5417; x_wconf 17' lang='lat' dir='ltr'><strong>declinationem»</strong></span> <span class='ocrx_word' id='word_1_352' title='bbox 1121 5345 1357 5417; x_wconf 62' lang='lat' dir='ltr'><strong>habebat</strong></span> <span class='ocrx_word' id='word_1_353' title='bbox 1389 5342 1460 5401; x_wconf 82' lang='lat' dir='ltr'><strong>ab</strong></span> <span class='ocrx_word' id='word_1_354' title='bbox 1488 5355 1766 5417; x_wconf 60' lang='lat' dir='ltr'><strong>mquatore</strong></span> <span class='ocrx_word' id='word_1_355' title='bbox 1794 5348 2018 5417; x_wconf 83' lang='lat' dir='ltr'><strong>boream</strong></span> 
     </span>
    </p>
   </div>
   <div class='ocr_carea' id='block_1_57' title="bbox 455 5411 2021 5503">
    <p class='ocr_par' dir='ltr' id='par_1_57' title="bbox 455 5411 2021 5503">
     <span class='ocr_line' id='line_1_58' title="bbox 455 5411 2021 5503; baseline 0.003 -36"><span class='ocrx_word' id='word_1_356' title='bbox 455 5428 671 5503; x_wconf 45' lang='lat' dir='ltr'><strong>uersus,</strong></span> <span class='ocrx_word' id='word_1_357' title='bbox 705 5411 862 5503; x_wconf 43' lang='lat' dir='ltr'><strong>grati;</strong></span> <span class='ocrx_word' id='word_1_358' title='bbox 891 5413 983 5503; x_wconf 54' lang='grc' dir='ltr'><strong>ξς,</strong></span> <span class='ocrx_word' id='word_1_359' title='bbox 1020 5415 1127 5480; x_wconf 66' lang='grc' dir='ltr'><strong>ΔΤ,</strong></span> <span class='ocrx_word' id='word_1_360' title='bbox 1154 5414 1452 5488; x_wconf 83' lang='lat' dir='ltr'><strong>Hipparchi</strong></span> <span class='ocrx_word' id='word_1_361' title='bbox 1484 5411 1746 5487; x_wconf 64' lang='lat' dir='ltr'><strong>tempore.</strong></span> <span class='ocrx_word' id='word_1_362' title='bbox 1783 5416 2021 5472; x_wconf 86' lang='lat' dir='ltr'><strong>Sinister</strong></span> 
     </span>
    </p>
   </div>
   <div class='ocr_carea' id='block_1_58' title="bbox 458 5482 2015 5626">
    <p class='ocr_par' dir='ltr' id='par_1_58' title="bbox 458 5482 2015 5626">
     <span class='ocr_line' id='line_1_59' title="bbox 458 5482 1640 5553; baseline -0.007 -16"><span class='ocrx_word' id='word_1_363' title='bbox 458 5496 577 5553; x_wconf 86' lang='lat' dir='ltr'><strong>pes.</strong></span> <span class='ocrx_word' id='word_1_364' title='bbox 606 5484 761 5548; x_wconf 83' lang='lat' dir='ltr'><strong>grad.</strong></span> <span class='ocrx_word' id='word_1_365' title='bbox 790 5482 880 5537; x_wconf 71' lang='lat'><strong>27.</strong></span> <span class='ocrx_word' id='word_1_366' title='bbox 898 5483 965 5537; x_wconf 79' lang='grc' dir='ltr'><strong>Τ.</strong></span> <span class='ocrx_word' id='word_1_367' title='bbox 1225 5482 1243 5488; x_wconf 69' lang='grc'>⁷</span> <span class='ocrx_word' id='word_1_368' title='bbox 1264 5482 1281 5487; x_wconf 83' lang='grc'><em>’</em></span> <span class='ocrx_word' id='word_1_369' title='bbox 1552 5482 1574 5487; x_wconf 84' lang='grc'><em>”</em></span> <span class='ocrx_word' id='word_1_370' title='bbox 1598 5482 1640 5548; x_wconf 79' lang='lat'><strong>&#39;_</strong></span> 
     </span>
     <span class='ocr_line' id='line_1_60' title="bbox 462 5550 2015 5626; baseline -0.005 -6"><span class='ocrx_word' id='word_1_371' title='bbox 462 5622 473 5626; x_wconf 91' lang='lat'>_</span> <span class='ocrx_word' id='word_1_372' title='bbox 509 5550 643 5626; x_wconf 66' lang='grc' dir='ltr'><strong>,46η</strong></span> <span class='ocrx_word' id='word_1_373' title='bbox 670 5551 928 5626; x_wconf 50' lang='lat' dir='ltr'><strong>Ilo-#169</strong></span> <span class='ocrx_word' id='word_1_374' title='bbox 946 5553 1051 5626; x_wconf 56' lang='lat' dir='ltr'><strong>grai</strong></span> <span class='ocrx_word' id='word_1_375' title='bbox 1074 5555 1416 5623; x_wconf 75' lang='grc' dir='ltr'><strong>ἐντούτοις.</strong></span> <span class='ocrx_word' id='word_1_376' title='bbox 1472 5553 1648 5610; x_wconf 81' lang='lat' dir='ltr'><strong>Nimis</strong></span> <span class='ocrx_word' id='word_1_377' title='bbox 1689 5555 1918 5610; x_wconf 80' lang='lat' dir='ltr'><strong>confuse</strong></span> <span class='ocrx_word' id='word_1_378' title='bbox 1959 5563 2015 5612; x_wconf 92' lang='lat' dir='ltr'><strong>et</strong></span> 
     </span>
    </p>
   </div>
   <div class='ocr_carea' id='block_1_59' title="bbox 457 5620 2012 5695">
    <p class='ocr_par' dir='ltr' id='par_1_59' title="bbox 457 5620 2012 5695">
     <span class='ocr_line' id='line_1_61' title="bbox 457 5620 2012 5695; baseline 0.003 -18"><span class='ocrx_word' id='word_1_379' title='bbox 457 5620 669 5695; x_wconf 65' lang='lat' dir='ltr'><strong>in&#39;ﬂnite</strong></span> <span class='ocrx_word' id='word_1_380' title='bbox 697 5621 920 5695; x_wconf 58' lang='lat' dir='ltr'><strong>refellit.</strong></span> <span class='ocrx_word' id='word_1_381' title='bbox 946 5623 1079 5680; x_wconf 86' lang='lat' dir='ltr'><strong>Nam</strong></span> <span class='ocrx_word' id='word_1_382' title='bbox 1106 5626 1268 5695; x_wconf 78' lang='lat' dir='ltr'><strong>ambo</strong></span> <span class='ocrx_word' id='word_1_383' title='bbox 1290 5620 1425 5682; x_wconf 78' lang='lat' dir='ltr'><strong>falsa</strong></span> <span class='ocrx_word' id='word_1_384' title='bbox 1482 5632 1628 5687; x_wconf 86' lang='lat' dir='ltr'><strong>sunt,</strong></span> <span class='ocrx_word' id='word_1_385' title='bbox 1662 5640 1783 5695; x_wconf 65' lang='lat' dir='ltr'><strong>quae</strong></span> <span class='ocrx_word' id='word_1_386' title='bbox 1813 5627 2012 5682; x_wconf 85' lang='lat' dir='ltr'><strong>Aratus</strong></span> 
     </span>
    </p>
   </div>
   <div class='ocr_carea' id='block_1_60' title="bbox 460 5683 2006 5833">
    <p class='ocr_par' dir='ltr' id='par_1_60' title="bbox 460 5683 2006 5833">
     <span class='ocr_line' id='line_1_62' title="bbox 460 5683 2006 5764; baseline 0.005 -22"><span class='ocrx_word' id='word_1_387' title='bbox 460 5691 683 5764; x_wconf 77' lang='lat' dir='ltr'><strong>scripsit</strong></span> <span class='ocrx_word' id='word_1_388' title='bbox 712 5692 779 5747; x_wconf 88' lang='lat' dir='ltr'><strong>de</strong></span> <span class='ocrx_word' id='word_1_389' title='bbox 820 5692 1042 5750; x_wconf 86' lang='lat' dir='ltr'><strong>sinistra</strong></span> <span class='ocrx_word' id='word_1_390' title='bbox 1084 5683 1216 5751; x_wconf 70' lang='lat' dir='ltr'><strong>tibia</strong></span> <span class='ocrx_word' id='word_1_391' title='bbox 1259 5703 1315 5751; x_wconf 89' lang='lat' dir='ltr'><strong>et</strong></span> <span class='ocrx_word' id='word_1_392' title='bbox 1348 5697 1576 5751; x_wconf 87' lang='lat' dir='ltr'><strong>humero</strong></span> <span class='ocrx_word' id='word_1_393' title='bbox 1618 5683 1879 5757; x_wconf 76' lang='lat' dir='ltr'><strong>sinistro,</strong></span> <span class='ocrx_word' id='word_1_394' title='bbox 1911 5696 2006 5750; x_wconf 86' lang='lat' dir='ltr'><strong>sed</strong></span> 
     </span>
     <span class='ocr_line' id='line_1_63' title="bbox 460 5758 2006 5833; baseline 0.004 -19"><span class='ocrx_word' id='word_1_395' title='bbox 460 5758 563 5817; x_wconf 86' lang='lat' dir='ltr'><strong>hoc</strong></span> <span class='ocrx_word' id='word_1_396' title='bbox 596 5763 691 5820; x_wconf 90' lang='lat' dir='ltr'><strong>illo</strong></span> <span class='ocrx_word' id='word_1_397' title='bbox 716 5761 943 5832; x_wconf 75' lang='lat' dir='ltr'><strong>falsius;</strong></span> <span class='ocrx_word' id='word_1_398' title='bbox 976 5773 1035 5819; x_wconf 93' lang='lat' dir='ltr'><strong>ut</strong></span> <span class='ocrx_word' id='word_1_399' title='bbox 1059 5780 1122 5821; x_wconf 81' lang='lat' dir='ltr'><strong>ex</strong></span> <span class='ocrx_word' id='word_1_400' title='bbox 1151 5765 1346 5824; x_wconf 81' lang='lat' dir='ltr'><strong>tronic.</strong></span> <span class='ocrx_word' id='word_1_401' title='bbox 1374 5763 1613 5821; x_wconf 80' lang='lat' dir='ltr'><strong>Eudoxei</strong></span> <span class='ocrx_word' id='word_1_402' title='bbox 1637 5763 2006 5833; x_wconf 87' lang='lat' dir='ltr'><strong>descriptione</strong></span> 
     </span>
    </p>
   </div>
   <div class='ocr_carea' id='block_1_61' title="bbox 2145 504 3424 580">
    <p class='ocr_par' dir='ltr' id='par_1_61' title="bbox 2145 504 3424 580">
     <span class='ocr_line' id='line_1_64' title="bbox 2145 504 3424 580; baseline -0.004 -17"><span class='ocrx_word' id='word_1_403' title='bbox 2145 507 2358 580; x_wconf 84' lang='grc' dir='ltr'><strong>θερινοῦ</strong></span> <span class='ocrx_word' id='word_1_404' title='bbox 2394 506 2676 579; x_wconf 72' lang='grc' dir='ltr'><strong>τροπικοῖν</strong></span> <span class='ocrx_word' id='word_1_405' title='bbox 2704 506 2802 577; x_wconf 83' lang='grc' dir='ltr'><strong>τὴν</strong></span> <span class='ocrx_word' id='word_1_406' title='bbox 2827 506 2885 559; x_wconf 80' lang='grc' dir='ltr'><strong>δὲ</strong></span> <span class='ocrx_word' id='word_1_407' title='bbox 2914 512 2963 574; x_wconf 86' lang='grc' dir='ltr'><strong>γ’</strong></span> <span class='ocrx_word' id='word_1_408' title='bbox 2991 504 3217 573; x_wconf 75' lang='grc' dir='ltr'><strong>ἔγγιστα</strong></span> <span class='ocrx_word' id='word_1_409' title='bbox 3246 505 3424 577; x_wconf 84' lang='grc' dir='ltr'><strong>μέρει.</strong></span> 
     </span>
    </p>
   </div>
   <div class='ocr_carea' id='block_1_62' title="bbox 2217 596 3704 669">
    <p class='ocr_par' dir='ltr' id='par_1_62' title="bbox 2217 596 3704 669">
     <span class='ocr_line' id='line_1_65' title="bbox 2217 596 3704 669; baseline -0.001 -16"><span class='ocrx_word' id='word_1_410' title='bbox 2217 600 2286 653; x_wconf 84' lang='grc'><strong>’0</strong></span> <span class='ocrx_word' id='word_1_411' title='bbox 2320 616 2383 652; x_wconf 87' lang='grc' dir='ltr'><strong>τε</strong></span> <span class='ocrx_word' id='word_1_412' title='bbox 2433 598 2541 669; x_wconf 79' lang='grc' dir='ltr'><strong>μὴν</strong></span> <span class='ocrx_word' id='word_1_413' title='bbox 2594 598 2838 669; x_wconf 82' lang='grc' dir='ltr'><strong>Ἡνίοχος</strong></span> <span class='ocrx_word' id='word_1_414' title='bbox 2870 598 2992 652; x_wconf 74' lang='grc' dir='ltr'><strong>οὐδὲ</strong></span> <span class='ocrx_word' id='word_1_415' title='bbox 3031 598 3144 668; x_wconf 78' lang='grc' dir='ltr'><strong>ἔχει</strong></span> <span class='ocrx_word' id='word_1_416' title='bbox 3187 597 3281 651; x_wconf 75' lang='grc' dir='ltr'><strong>ἐπὶ</strong></span> <span class='ocrx_word' id='word_1_417' title='bbox 3322 596 3437 649; x_wconf 82' lang='grc' dir='ltr'><strong>τῶν</strong></span> <span class='ocrx_word' id='word_1_418' title='bbox 3479 597 3704 666; x_wconf 75' lang='grc' dir='ltr'><strong>γονάτων</strong></span> 
     </span>
    </p>
   </div>
   <div class='ocr_carea' id='block_1_63' title="bbox 2146 688 3700 762">
    <p class='ocr_par' dir='ltr' id='par_1_63' title="bbox 2146 688 3700 762">
     <span class='ocr_line' id='line_1_66' title="bbox 2146 688 3700 762; baseline -0.002 -16"><span class='ocrx_word' id='word_1_419' title='bbox 2146 690 2404 762; x_wconf 77' lang='grc' dir='ltr'><strong>ἀστέρας.</strong></span> <span class='ocrx_word' id='word_1_420' title='bbox 2442 689 2507 742; x_wconf 84' lang='lat' dir='ltr'><strong>El</strong></span> <span class='ocrx_word' id='word_1_421' title='bbox 2533 688 2589 743; x_wconf 82' lang='grc' dir='ltr'><strong>δὲ</strong></span> <span class='ocrx_word' id='word_1_422' title='bbox 2617 690 2727 744; x_wconf 84' lang='grc' dir='ltr'><strong>τῶν</strong></span> <span class='ocrx_word' id='word_1_423' title='bbox 2762 689 2973 761; x_wconf 80' lang='grc' dir='ltr'>μικρῶν</span> <span class='ocrx_word' id='word_1_424' title='bbox 2995 706 3146 753; x_wconf 89' lang='grc' dir='ltr'><strong>τινας</strong></span> <span class='ocrx_word' id='word_1_425' title='bbox 3170 689 3459 761; x_wconf 84' lang='grc' dir='ltr'><strong>ἀμαυροὺς</strong></span> <span class='ocrx_word' id='word_1_426' title='bbox 3483 688 3700 761; x_wconf 77' lang='grc' dir='ltr'><strong>τίθησιν,</strong></span> 
     </span>
    </p>
   </div>
   <div class='ocr_carea' id='block_1_64' title="bbox 2146 779 3703 853">
    <p class='ocr_par' dir='ltr' id='par_1_64' title="bbox 2146 779 3703 853">
     <span class='ocr_line' id='line_1_67' title="bbox 2146 779 3703 853; baseline -0.001 -17"><span class='ocrx_word' id='word_1_427' title='bbox 2146 784 2351 852; x_wconf 86' lang='grc' dir='ltr'><strong>ἀγνοεῖ.</strong></span> <span class='ocrx_word' id='word_1_428' title='bbox 2385 785 2651 853; x_wconf 76' lang='grc' dir='ltr'><strong>Ἕγγιστα</strong></span> <span class='ocrx_word' id='word_1_429' title='bbox 2678 780 2786 853; x_wconf 76' lang='grc' dir='ltr'><strong>γὰρ</strong></span> <span class='ocrx_word' id='word_1_430' title='bbox 2820 780 2911 834; x_wconf 74' lang='grc' dir='ltr'><strong>ἐπὶ</strong></span> <span class='ocrx_word' id='word_1_431' title='bbox 2943 780 3035 834; x_wconf 82' lang='grc' dir='ltr'><strong>τοῦ</strong></span> <span class='ocrx_word' id='word_1_432' title='bbox 3058 779 3321 852; x_wconf 71' lang='grc' dir='ltr'><strong>τροπικδῦ</strong></span> <span class='ocrx_word' id='word_1_433' title='bbox 3344 781 3397 833; x_wconf 76' lang='grc' dir='ltr'>οἱ</span> <span class='ocrx_word' id='word_1_434' title='bbox 3432 779 3592 844; x_wconf 80' lang='grc' dir='ltr'><strong>πόδες</strong></span> <span class='ocrx_word' id='word_1_435' title='bbox 3622 781 3703 834; x_wconf 82' lang='grc' dir='ltr'><strong>αύ-</strong></span> 
     </span>
    </p>
   </div>
   <div class='ocr_carea' id='block_1_65' title="bbox 2144 870 3704 944">
    <p class='ocr_par' dir='ltr' id='par_1_65' title="bbox 2144 870 3704 944">
     <span class='ocr_line' id='line_1_68' title="bbox 2144 870 3704 944; baseline -0.001 -17"><span class='ocrx_word' id='word_1_436' title='bbox 2144 873 2241 927; x_wconf 80' lang='grc' dir='ltr'>τοῦ</span> <span class='ocrx_word' id='word_1_437' title='bbox 2270 876 2495 928; x_wconf 83' lang='grc' dir='ltr'><strong>κεῖνται.</strong></span> <span class='ocrx_word' id='word_1_438' title='bbox 2546 874 2603 927; x_wconf 86' lang='lat'><strong>&#39;0</strong></span> <span class='ocrx_word' id='word_1_439' title='bbox 2641 873 2741 943; x_wconf 85' lang='grc' dir='ltr'><strong>μὲν</strong></span> <span class='ocrx_word' id='word_1_440' title='bbox 2766 873 2875 944; x_wconf 82' lang='grc' dir='ltr'><strong>γάρ</strong></span> <span class='ocrx_word' id='word_1_441' title='bbox 2908 872 3001 925; x_wconf 80' lang='grc' dir='ltr'><strong>ἐπὶ</strong></span> <span class='ocrx_word' id='word_1_442' title='bbox 3025 872 3119 925; x_wconf 77' lang='grc' dir='ltr'><strong>τοῦ</strong></span> <span class='ocrx_word' id='word_1_443' title='bbox 3149 870 3444 943; x_wconf 73' lang='grc' dir='ltr'><strong>ἀριστεροῦ</strong></span> <span class='ocrx_word' id='word_1_444' title='bbox 3470 871 3603 937; x_wconf 82' lang='lat'><strong>(66),</strong></span> <span class='ocrx_word' id='word_1_445' title='bbox 3630 870 3704 942; x_wconf 75' lang='grc' dir='ltr'><strong>βο-</strong></span> 
     </span>
    </p>
   </div>
   <div class='ocr_carea' id='block_1_66' title="bbox 2149 962 3703 1037">
    <p class='ocr_par' dir='ltr' id='par_1_66' title="bbox 2149 962 3703 1037">
     <span class='ocr_line' id='line_1_69' title="bbox 2149 962 3703 1037; baseline -0.001 -19"><span class='ocrx_word' id='word_1_446' title='bbox 2149 965 2419 1037; x_wconf 82' lang='grc' dir='ltr'><strong>ρειότερός</strong></span> <span class='ocrx_word' id='word_1_447' title='bbox 2445 968 2562 1019; x_wconf 81' lang='grc' dir='ltr'><strong>ἐστι</strong></span> <span class='ocrx_word' id='word_1_448' title='bbox 2586 963 2681 1018; x_wconf 81' lang='grc' dir='ltr'><strong>τοῦ</strong></span> <span class='ocrx_word' id='word_1_449' title='bbox 2718 963 3034 1035; x_wconf 78' lang='grc' dir='ltr'><strong>ἰσημερινοῦ</strong></span> <span class='ocrx_word' id='word_1_450' title='bbox 3064 963 3173 1034; x_wconf 89' lang='grc' dir='ltr'><strong>μοί.</strong></span> <span class='ocrx_word' id='word_1_451' title='bbox 3204 964 3285 1029; x_wconf 77' lang='grc' dir='ltr'><strong>κζ’</strong></span> <span class='ocrx_word' id='word_1_452' title='bbox 3307 978 3321 991; x_wconf 82' lang='grc'><strong>⁸</strong></span> <span class='ocrx_word' id='word_1_453' title='bbox 3352 966 3384 1017; x_wconf 83' lang='grc' dir='ltr'>ὁ</span> <span class='ocrx_word' id='word_1_454' title='bbox 3416 963 3476 1017; x_wconf 85' lang='grc' dir='ltr'><strong>δὲ</strong></span> <span class='ocrx_word' id='word_1_455' title='bbox 3505 962 3595 1016; x_wconf 71' lang='grc' dir='ltr'><strong>ἐπὶ</strong></span> <span class='ocrx_word' id='word_1_456' title='bbox 3620 964 3703 1017; x_wconf 75' lang='grc' dir='ltr'><strong>τοῦ</strong></span> 
     </span>
    </p>
   </div>
   <div class='ocr_carea' id='block_1_67' title="bbox 2146 1054 3703 1128">
    <p class='ocr_par' dir='ltr' id='par_1_67' title="bbox 2146 1054 3703 1128">
     <span class='ocr_line' id='line_1_70' title="bbox 2146 1054 3703 1128; baseline -0.002 -17"><span class='ocrx_word' id='word_1_457' title='bbox 2146 1057 2321 1125; x_wconf 80' lang='grc' dir='ltr'><strong>δεξιοῦ</strong></span> <span class='ocrx_word' id='word_1_458' title='bbox 2358 1058 2539 1128; x_wconf 87' lang='grc' dir='ltr'><strong>μοί....</strong></span> <span class='ocrx_word' id='word_1_459' title='bbox 2568 1057 2644 1111; x_wconf 84' lang='grc' dir='ltr'><strong>Ού</strong></span> <span class='ocrx_word' id='word_1_460' title='bbox 2674 1056 2732 1109; x_wconf 79' lang='grc' dir='ltr'><strong>δὲ</strong></span> <span class='ocrx_word' id='word_1_461' title='bbox 2755 1055 2860 1127; x_wconf 72' lang='grc' dir='ltr'><strong>μὴν</strong></span> <span class='ocrx_word' id='word_1_462' title='bbox 2890 1056 3048 1109; x_wconf 76' lang='grc' dir='ltr'><strong>τοῦτο</strong></span> <span class='ocrx_word' id='word_1_463' title='bbox 3080 1057 3227 1108; x_wconf 82' lang='grc' dir='ltr'><strong>ἐστιν</strong></span> <span class='ocrx_word' id='word_1_464' title='bbox 3259 1055 3459 1116; x_wconf 75' lang='grc' dir='ltr'><strong>εἰπεῖν,</strong></span> <span class='ocrx_word' id='word_1_465' title='bbox 3489 1054 3571 1109; x_wconf 83' lang='grc' dir='ltr'><strong>ὅτι</strong></span> <span class='ocrx_word' id='word_1_466' title='bbox 3591 1054 3703 1117; x_wconf 74' lang='grc' dir='ltr'><strong>τοὺς</strong></span> 
     </span>
    </p>
   </div>
   <div class='ocr_carea' id='block_1_68' title="bbox 2148 1144 3704 1221">
    <p class='ocr_par' dir='ltr' id='par_1_68' title="bbox 2148 1144 3704 1221">
     <span class='ocr_line' id='line_1_71' title="bbox 2148 1144 3704 1221; baseline -0.004 -17"><span class='ocrx_word' id='word_1_467' title='bbox 2148 1151 2239 1220; x_wconf 65' lang='lat' dir='ltr'><strong>inp‘</strong></span> <span class='ocrx_word' id='word_1_468' title='bbox 2265 1150 2420 1221; x_wconf 74' lang='grc' dir='ltr'>ἡμῶν</span> <span class='ocrx_word' id='word_1_469' title='bbox 2447 1148 2768 1220; x_wconf 78' lang='grc' dir='ltr'><strong>λεγομένους</strong></span> <span class='ocrx_word' id='word_1_470' title='bbox 2798 1148 3034 1220; x_wconf 80' lang='grc' dir='ltr'><strong>ἀστέρας</strong></span> <span class='ocrx_word' id='word_1_471' title='bbox 3061 1147 3152 1201; x_wconf 76' lang='grc' dir='ltr'><strong>ἐπὶ</strong></span> <span class='ocrx_word' id='word_1_472' title='bbox 3171 1146 3280 1200; x_wconf 82' lang='grc' dir='ltr'><strong>τῶν</strong></span> <span class='ocrx_word' id='word_1_473' title='bbox 3309 1144 3489 1200; x_wconf 82' lang='grc' dir='ltr'>ποδῶν</span> <span class='ocrx_word' id='word_1_474' title='bbox 3517 1147 3704 1209; x_wconf 70' lang='grc' dir='ltr'><strong>ἐκεῖνος</strong></span> 
     </span>
    </p>
   </div>
   <div class='ocr_carea' id='block_1_69' title="bbox 2146 1229 3703 1308">
    <p class='ocr_par' dir='ltr' id='par_1_69' title="bbox 2146 1229 3703 1308">
     <span class='ocr_line' id='line_1_72' title="bbox 2146 1229 3703 1308; baseline -0.004 -15"><span class='ocrx_word' id='word_1_475' title='bbox 2146 1240 2241 1294; x_wconf 69' lang='grc' dir='ltr'><strong>ἐπὶ</strong></span> <span class='ocrx_word' id='word_1_476' title='bbox 2271 1239 2380 1293; x_wconf 86' lang='grc' dir='ltr'><strong>τῶν</strong></span> <span class='ocrx_word' id='word_1_477' title='bbox 2410 1240 2649 1308; x_wconf 83' lang='grc' dir='ltr'><strong>γονάτων</strong></span> <span class='ocrx_word' id='word_1_478' title='bbox 2679 1238 2911 1308; x_wconf 78' lang='grc' dir='ltr'><strong>τίθησιν.</strong></span> <span class='ocrx_word' id='word_1_479' title='bbox 2948 1237 3013 1290; x_wconf 82' lang='lat'><strong>&#39;0</strong></span> <span class='ocrx_word' id='word_1_480' title='bbox 3045 1236 3154 1307; x_wconf 79' lang='grc' dir='ltr'><strong>γὰρ</strong></span> <span class='ocrx_word' id='word_1_481' title='bbox 3179 1236 3340 1307; x_wconf 73' lang='grc' dir='ltr'><strong>ἡμεῖς</strong></span> <span class='ocrx_word' id='word_1_482' title='bbox 3372 1252 3555 1305; x_wconf 72' lang='grc' dir='ltr'><strong>φαμεν</strong></span> <span class='ocrx_word' id='word_1_483' title='bbox 3584 1229 3703 1289; x_wconf 83' lang='grc' dir='ltr'><strong>εἶναι</strong></span> 
     </span>
    </p>
   </div>
   <div class='ocr_carea' id='block_1_70' title="bbox 2146 1323 3580 1394">
    <p class='ocr_par' dir='ltr' id='par_1_70' title="bbox 2146 1323 3580 1394">
     <span class='ocr_line' id='line_1_73' title="bbox 2146 1323 3580 1394; baseline -0.003 -12"><span class='ocrx_word' id='word_1_484' title='bbox 2146 1330 2241 1382; x_wconf 69' lang='grc' dir='ltr'><strong>ἐπὶ</strong></span> <span class='ocrx_word' id='word_1_485' title='bbox 2267 1328 2362 1383; x_wconf 82' lang='grc' dir='ltr'><strong>τού</strong></span> <span class='ocrx_word' id='word_1_486' title='bbox 2388 1328 2563 1394; x_wconf 80' lang='grc' dir='ltr'><strong>δεξιοῦ</strong></span> <span class='ocrx_word' id='word_1_487' title='bbox 2585 1327 2766 1392; x_wconf 81' lang='grc' dir='ltr'><strong>ποδὸς,</strong></span> <span class='ocrx_word' id='word_1_488' title='bbox 2799 1328 3051 1388; x_wconf 82' lang='grc' dir='ltr'><strong>κάκεῖνος</strong></span> <span class='ocrx_word' id='word_1_489' title='bbox 3081 1324 3229 1394; x_wconf 75' lang='grc' dir='ltr'><strong>λέγει</strong></span> <span class='ocrx_word' id='word_1_490' title='bbox 3257 1326 3315 1378; x_wconf 85' lang='grc' dir='ltr'><strong>ὲν</strong></span> <span class='ocrx_word' id='word_1_491' title='bbox 3342 1323 3580 1389; x_wconf 79' lang='grc' dir='ltr'><strong>τούτοις·</strong></span> 
     </span>
    </p>
   </div>
   <div class='ocr_carea' id='block_1_71' title="bbox 2223 1519 3393 1589">
    <p class='ocr_par' dir='ltr' id='par_1_71' title="bbox 2223 1519 3393 1589">
     <span class='ocr_line' id='line_1_74' title="bbox 2223 1519 3393 1589; baseline -0.006 -10"><span class='ocrx_word' id='word_1_492' title='bbox 2533 1566 2549 1580; x_wconf 93' lang='grc'><strong>.</strong></span> <span class='ocrx_word' id='word_1_493' title='bbox 2588 1519 3393 1589; x_wconf 76' lang='grc' dir='ltr'><strong>Λαιοῦδὲκερὰατοςᾶκρον</strong></span> 
     </span>
    </p>
   </div>
   <div class='ocr_carea' id='block_1_72' title="bbox 2217 1590 3613 1660">
    <p class='ocr_par' dir='ltr' id='par_1_72' title="bbox 2217 1590 3613 1660">
     <span class='ocr_line' id='line_1_75' title="bbox 2217 1590 3613 1660; baseline -0.005 -9"><span class='ocrx_word' id='word_1_494' title='bbox 2217 1596 2325 1651; x_wconf 79' lang='lat' dir='ltr'><strong>Kal</strong></span> <span class='ocrx_word' id='word_1_495' title='bbox 2354 1595 2509 1651; x_wconf 84' lang='grc' dir='ltr'><strong>πόδα</strong></span> <span class='ocrx_word' id='word_1_496' title='bbox 2528 1592 2832 1658; x_wconf 78' lang='grc' dir='ltr'><strong>δεξιτερὸν</strong></span> <span class='ocrx_word' id='word_1_497' title='bbox 2854 1590 3290 1660; x_wconf 80' lang='grc' dir='ltr'><strong>παρακειμένου</strong></span> <span class='ocrx_word' id='word_1_498' title='bbox 3325 1590 3613 1659; x_wconf 80' lang='grc' dir='ltr'><strong>Ἠνιόχοιο</strong></span> 
     </span>
    </p>
   </div>
   <div class='ocr_carea' id='block_1_73' title="bbox 2214 1662 2787 1734">
    <p class='ocr_par' dir='ltr' id='par_1_73' title="bbox 2214 1662 2787 1734">
     <span class='ocr_line' id='line_1_76' title="bbox 2214 1662 2787 1734; baseline -0.007 -13"><span class='ocrx_word' id='word_1_499' title='bbox 2214 1662 2316 1733; x_wconf 83' lang='grc' dir='ltr'><strong>Εἷς</strong></span> <span class='ocrx_word' id='word_1_500' title='bbox 2342 1665 2536 1734; x_wconf 74' lang='grc' dir='ltr'><strong>ἀστὴρ</strong></span> <span class='ocrx_word' id='word_1_501' title='bbox 2566 1663 2787 1734; x_wconf 82' lang='grc' dir='ltr'><strong>ἐπέχει.</strong></span> 
     </span>
    </p>
   </div>
   <div class='ocr_carea' id='block_1_74' title="bbox 1951 1784 2591 1891">
    <p class='ocr_par' dir='ltr' id='par_1_74' title="bbox 1951 1784 2591 1891">
     <span class='ocr_line' id='line_1_77' title="bbox 1951 1784 2591 1891; baseline -0.005 -35"><span class='ocrx_word' id='word_1_502' title='bbox 1951 1880 1959 1891; x_wconf 31' lang='grc' dir='ltr'><strong><em>ο</em></strong></span> <span class='ocrx_word' id='word_1_503' title='bbox 2073 1784 2118 1839; x_wconf 71' lang='grc' dir='ltr'><strong>Β</strong></span> <span class='ocrx_word' id='word_1_504' title='bbox 2156 1801 2315 1874; x_wconf 79' lang='grc' dir='ltr'><strong>Ἑξῆς</strong></span> <span class='ocrx_word' id='word_1_505' title='bbox 2343 1801 2400 1855; x_wconf 87' lang='grc' dir='ltr'><strong>δέ</strong></span> <span class='ocrx_word' id='word_1_506' title='bbox 2437 1817 2591 1873; x_wconf 83' lang='grc' dir='ltr'><strong>φησι·</strong></span> 
     </span>
    </p>
   </div>
   <div class='ocr_carea' id='block_1_75' title="bbox 2216 1904 3664 1982">
    <p class='ocr_par' dir='ltr' id='par_1_75' title="bbox 2216 1904 3664 1982">
     <span class='ocr_line' id='line_1_78' title="bbox 2216 1904 3664 1982; baseline -0.003 -13"><span class='ocrx_word' id='word_1_507' title='bbox 2216 1913 2365 1981; x_wconf 61' lang='lat' dir='ltr'><strong>Auli;</strong></span> <span class='ocrx_word' id='word_1_508' title='bbox 2397 1911 2465 1966; x_wconf 78' lang='grc' dir='ltr'><strong>δὲ</strong></span> <span class='ocrx_word' id='word_1_509' title='bbox 2494 1911 2690 1982; x_wconf 70' lang='grc' dir='ltr'><strong>κνήμη</strong></span> <span class='ocrx_word' id='word_1_510' title='bbox 2720 1911 2816 1965; x_wconf 76' lang='grc' dir='ltr'><strong>καὶ</strong></span> <span class='ocrx_word' id='word_1_511' title='bbox 2843 1910 3154 1979; x_wconf 80' lang='grc' dir='ltr'><strong>ἀριστερὸς</strong></span> <span class='ocrx_word' id='word_1_512' title='bbox 3182 1904 3342 1977; x_wconf 83' lang='grc' dir='ltr'><strong>ὦμος</strong></span> <span class='ocrx_word' id='word_1_513' title='bbox 3371 1910 3451 1964; x_wconf 77' lang='grc' dir='ltr'><strong>ἐπ</strong></span> <span class='ocrx_word' id='word_1_514' title='bbox 3486 1909 3664 1964; x_wconf 79' lang='grc' dir='ltr'><strong>αὑτοῦ</strong></span> 
     </span>
    </p>
   </div>
   <div class='ocr_carea' id='block_1_76' title="bbox 2215 1984 2497 2054">
    <p class='ocr_par' dir='ltr' id='par_1_76' title="bbox 2215 1984 2497 2054">
     <span class='ocr_line' id='line_1_79' title="bbox 2215 1984 2497 2054; baseline -0.014 -14"><span class='ocrx_word' id='word_1_515' title='bbox 2215 1984 2497 2054; x_wconf 80' lang='grc' dir='ltr'><strong>Περσέος.</strong></span> 
     </span>
    </p>
   </div>
   <div class='ocr_carea' id='block_1_77' title="bbox 2141 2091 3703 2164">
    <p class='ocr_par' dir='ltr' id='par_1_77' title="bbox 2141 2091 3703 2164">
     <span class='ocr_line' id='line_1_80' title="bbox 2141 2091 3703 2164; baseline -0.006 -11"><span class='ocrx_word' id='word_1_516' title='bbox 2141 2099 2284 2154; x_wconf 75' lang='grc' dir='ltr'><strong>Πολὺ</strong></span> <span class='ocrx_word' id='word_1_517' title='bbox 2312 2097 2370 2152; x_wconf 79' lang='grc' dir='ltr'><strong>δὲ</strong></span> <span class='ocrx_word' id='word_1_518' title='bbox 2398 2096 2494 2150; x_wconf 70' lang='grc' dir='ltr'><strong>καὶ</strong></span> <span class='ocrx_word' id='word_1_519' title='bbox 2534 2096 2596 2148; x_wconf 82' lang='grc' dir='ltr'>ὲν</span> <span class='ocrx_word' id='word_1_520' title='bbox 2625 2093 2835 2158; x_wconf 81' lang='grc' dir='ltr'><strong>τούτοις</strong></span> <span class='ocrx_word' id='word_1_521' title='bbox 2873 2092 2987 2162; x_wconf 89' lang='lat'><strong>(67)</strong></span> <span class='ocrx_word' id='word_1_522' title='bbox 3020 2092 3430 2162; x_wconf 77' lang='grc' dir='ltr'><strong>ἀποσφάλλεται</strong></span> <span class='ocrx_word' id='word_1_523' title='bbox 3459 2091 3559 2164; x_wconf 80' lang='grc' dir='ltr'><strong>τῆς</strong></span> <span class='ocrx_word' id='word_1_524' title='bbox 3588 2091 3703 2163; x_wconf 82' lang='grc' dir='ltr'><strong>ἀλη-</strong></span> 
     </span>
    </p>
   </div>
   <div class='ocr_carea' id='block_1_78' title="bbox 2142 2176 3703 2259">
    <p class='ocr_par' dir='ltr' id='par_1_78' title="bbox 2142 2176 3703 2259">
     <span class='ocr_line' id='line_1_81' title="bbox 2142 2176 3703 2259; baseline -0.005 -15"><span class='ocrx_word' id='word_1_525' title='bbox 2142 2191 2312 2254; x_wconf 85' lang='grc' dir='ltr'><strong>θείας·</strong></span> <span class='ocrx_word' id='word_1_526' title='bbox 2338 2192 2367 2243; x_wconf 76' lang='grc' dir='ltr'>ὁ</span> <span class='ocrx_word' id='word_1_527' title='bbox 2392 2188 2504 2259; x_wconf 83' lang='grc' dir='ltr'><strong>γὰρ</strong></span> <span class='ocrx_word' id='word_1_528' title='bbox 2542 2187 2601 2241; x_wconf 80' lang='grc' dir='ltr'><strong>ὲν</strong></span> <span class='ocrx_word' id='word_1_529' title='bbox 2639 2184 2790 2257; x_wconf 84' lang='grc' dir='ltr'><strong>μέσῳ</strong></span> <span class='ocrx_word' id='word_1_530' title='bbox 2814 2184 3025 2257; x_wconf 83' lang='grc' dir='ltr'><strong>σώματι</strong></span> <span class='ocrx_word' id='word_1_531' title='bbox 3055 2184 3150 2238; x_wconf 78' lang='grc' dir='ltr'><strong>τοῦ</strong></span> <span class='ocrx_word' id='word_1_532' title='bbox 3179 2185 3437 2256; x_wconf 77' lang='grc' dir='ltr'><strong>Περσέως</strong></span> <span class='ocrx_word' id='word_1_533' title='bbox 3468 2176 3703 2255; x_wconf 74' lang='grc' dir='ltr'><strong>λαμπρὸς</strong></span> 
     </span>
    </p>
   </div>
   <div class='ocr_carea' id='block_1_79' title="bbox 2144 2274 3702 2352">
    <p class='ocr_par' dir='ltr' id='par_1_79' title="bbox 2144 2274 3702 2352">
     <span class='ocr_line' id='line_1_82' title="bbox 2144 2274 3702 2352; baseline -0.006 -16"><span class='ocrx_word' id='word_1_534' title='bbox 2144 2280 2317 2352; x_wconf 66' lang='grc' dir='ltr'><strong>ἀστὴρ</strong></span> <span class='ocrx_word' id='word_1_535' title='bbox 2351 2278 2684 2351; x_wconf 81' lang='grc' dir='ltr'><strong>βορειότερός</strong></span> <span class='ocrx_word' id='word_1_536' title='bbox 2716 2280 2833 2332; x_wconf 82' lang='grc' dir='ltr'><strong>ἐστι</strong></span> <span class='ocrx_word' id='word_1_537' title='bbox 2870 2275 2965 2331; x_wconf 74' lang='grc' dir='ltr'><strong>τοῦ</strong></span> <span class='ocrx_word' id='word_1_538' title='bbox 3002 2276 3317 2349; x_wconf 77' lang='grc' dir='ltr'><strong>ἰσημερινοῦ</strong></span> <span class='ocrx_word' id='word_1_539' title='bbox 3350 2276 3465 2347; x_wconf 85' lang='grc' dir='ltr'><strong>μοί.</strong></span> <span class='ocrx_word' id='word_1_540' title='bbox 3500 2274 3573 2346; x_wconf 84' lang='grc' dir='ltr'><strong>μ’.</strong></span> <span class='ocrx_word' id='word_1_541' title='bbox 3608 2274 3702 2332; x_wconf 68' lang='grc' dir='ltr'><strong>Τοῦ</strong></span> 
     </span>
    </p>
   </div>
   <div class='ocr_carea' id='block_1_80' title="bbox 2141 2366 3703 2445">
    <p class='ocr_par' dir='ltr' id='par_1_80' title="bbox 2141 2366 3703 2445">
     <span class='ocr_line' id='line_1_83' title="bbox 2141 2366 3703 2445; baseline -0.005 -18"><span class='ocrx_word' id='word_1_542' title='bbox 2141 2371 2403 2445; x_wconf 79' lang='grc' dir='ltr'><strong>τροπικοῦ</strong></span> <span class='ocrx_word' id='word_1_543' title='bbox 2436 2373 2545 2443; x_wconf 81' lang='grc' dir='ltr'><strong>ἀρα</strong></span> <span class='ocrx_word' id='word_1_544' title='bbox 2576 2369 2907 2443; x_wconf 77' lang='grc' dir='ltr'><strong>βορειότερός</strong></span> <span class='ocrx_word' id='word_1_545' title='bbox 2930 2370 3044 2422; x_wconf 81' lang='grc' dir='ltr'><strong>ἐστι</strong></span> <span class='ocrx_word' id='word_1_546' title='bbox 3070 2369 3179 2440; x_wconf 87' lang='grc' dir='ltr'><strong>μοί.</strong></span> <span class='ocrx_word' id='word_1_547' title='bbox 3208 2375 3310 2434; x_wconf 84' lang='grc' dir='ltr'><strong>ις’·</strong></span> <span class='ocrx_word' id='word_1_548' title='bbox 3342 2369 3371 2422; x_wconf 83' lang='grc' dir='ltr'><strong>ὃ</strong></span> <span class='ocrx_word' id='word_1_549' title='bbox 3406 2369 3525 2422; x_wconf 76' lang='grc' dir='ltr'><strong>ἐστι</strong></span> <span class='ocrx_word' id='word_1_550' title='bbox 3559 2366 3703 2420; x_wconf 71' lang='grc' dir='ltr'><strong>πλέον</strong></span> 
     </span>
    </p>
   </div>
   <div class='ocr_carea' id='block_1_81' title="bbox 2144 2457 3703 2538">
    <p class='ocr_par' dir='ltr' id='par_1_81' title="bbox 2144 2457 3703 2538">
     <span class='ocr_line' id='line_1_84' title="bbox 2144 2457 3703 2538; baseline -0.006 -18"><span class='ocrx_word' id='word_1_551' title='bbox 2144 2466 2385 2535; x_wconf 81' lang='grc' dir='ltr'><strong>ἡμίσεως</strong></span> <span class='ocrx_word' id='word_1_552' title='bbox 2406 2464 2601 2534; x_wconf 80' lang='grc' dir='ltr'><strong>μέρους</strong></span> <span class='ocrx_word' id='word_1_553' title='bbox 2625 2462 2835 2528; x_wconf 79' lang='grc' dir='ltr'><strong>ζωδίου.</strong></span> <span class='ocrx_word' id='word_1_554' title='bbox 2856 2462 3040 2538; x_wconf 74' lang='grc' dir='ltr'><strong>Πολλῷ</strong></span> <span class='ocrx_word' id='word_1_555' title='bbox 3053 2462 3158 2533; x_wconf 80' lang='grc' dir='ltr'><strong>ἄρα</strong></span> <span class='ocrx_word' id='word_1_556' title='bbox 3177 2459 3376 2532; x_wconf 76' lang='grc' dir='ltr'><strong>μᾶλλον</strong></span> <span class='ocrx_word' id='word_1_557' title='bbox 3390 2463 3420 2513; x_wconf 86' lang='grc' dir='ltr'>ὁ</span> <span class='ocrx_word' id='word_1_558' title='bbox 3434 2457 3703 2531; x_wconf 69' lang='grc' dir='ltr'><strong>ἀριστερὸς</strong></span> 
     </span>
    </p>
   </div>
   <div class='ocr_carea' id='block_1_82' title="bbox 2144 2549 3701 2627">
    <p class='ocr_par' dir='ltr' id='par_1_82' title="bbox 2144 2549 3701 2627">
     <span class='ocr_line' id='line_1_85' title="bbox 2144 2549 3701 2627; baseline -0.006 -16"><span class='ocrx_word' id='word_1_559' title='bbox 2144 2551 2294 2627; x_wconf 79' lang='grc' dir='ltr'><strong>ὦμος</strong></span> <span class='ocrx_word' id='word_1_560' title='bbox 2328 2554 2664 2627; x_wconf 82' lang='grc' dir='ltr'><strong>βορειάτερός</strong></span> <span class='ocrx_word' id='word_1_561' title='bbox 2695 2555 2810 2608; x_wconf 82' lang='grc' dir='ltr'><strong>ἐστι</strong></span> <span class='ocrx_word' id='word_1_562' title='bbox 2833 2553 2928 2608; x_wconf 69' lang='grc' dir='ltr'><strong>τοῦ⁹</strong></span> <span class='ocrx_word' id='word_1_563' title='bbox 2964 2552 3176 2624; x_wconf 78' lang='grc' dir='ltr'><strong>θερινοῦ</strong></span> <span class='ocrx_word' id='word_1_564' title='bbox 3206 2549 3494 2623; x_wconf 72' lang='grc' dir='ltr'><strong>τροπικοᾶ</strong></span> <span class='ocrx_word' id='word_1_565' title='bbox 3524 2551 3701 2604; x_wconf 82' lang='grc' dir='ltr'><strong>Κεῖται</strong></span> 
     </span>
    </p>
   </div>
   <div class='ocr_carea' id='block_1_83' title="bbox 2143 2642 3698 2719">
    <p class='ocr_par' dir='ltr' id='par_1_83' title="bbox 2143 2642 3698 2719">
     <span class='ocr_line' id='line_1_86' title="bbox 2143 2642 3698 2719; baseline -0.004 -16"><span class='ocrx_word' id='word_1_566' title='bbox 2143 2648 2252 2719; x_wconf 83' lang='grc' dir='ltr'><strong>γὰρ</strong></span> <span class='ocrx_word' id='word_1_567' title='bbox 2277 2648 2562 2718; x_wconf 70' lang='grc' dir='ltr'><strong>ὀΠερσείις</strong></span> <span class='ocrx_word' id='word_1_568' title='bbox 2587 2650 2652 2718; x_wconf 82' lang='grc' dir='ltr'><strong>τῇ</strong></span> <span class='ocrx_word' id='word_1_569' title='bbox 2672 2647 2835 2708; x_wconf 85' lang='grc' dir='ltr'><strong>θέσει,</strong></span> <span class='ocrx_word' id='word_1_570' title='bbox 2857 2646 2998 2700; x_wconf 76' lang='grc' dir='ltr'><strong>ὥστε</strong></span> <span class='ocrx_word' id='word_1_571' title='bbox 3023 2645 3093 2699; x_wconf 80' lang='grc' dir='ltr'><strong>τὰ</strong></span> <span class='ocrx_word' id='word_1_572' title='bbox 3124 2644 3222 2716; x_wconf 78' lang='grc' dir='ltr'><strong>μὲν</strong></span> <span class='ocrx_word' id='word_1_573' title='bbox 3248 2643 3387 2716; x_wconf 79' lang='grc' dir='ltr'><strong>πρὸς</strong></span> <span class='ocrx_word' id='word_1_574' title='bbox 3412 2646 3481 2715; x_wconf 77' lang='grc' dir='ltr'><strong>τῇ</strong></span> <span class='ocrx_word' id='word_1_575' title='bbox 3508 2642 3698 2713; x_wconf 75' lang='grc' dir='ltr'><strong>κεφαλῇ</strong></span> 
     </span>
    </p>
   </div>
   <div class='ocr_carea' id='block_1_84' title="bbox 2148 2732 3700 2812">
    <p class='ocr_par' dir='ltr' id='par_1_84' title="bbox 2148 2732 3700 2812">
     <span class='ocr_line' id='line_1_87' title="bbox 2148 2732 3700 2812; baseline -0.005 -18"><span class='ocrx_word' id='word_1_576' title='bbox 2148 2740 2289 2812; x_wconf 87' lang='grc' dir='ltr'><strong>μέρη</strong></span> <span class='ocrx_word' id='word_1_577' title='bbox 2316 2735 2455 2793; x_wconf 81' lang='grc' dir='ltr'><strong>εἶναι</strong></span> <span class='ocrx_word' id='word_1_578' title='bbox 2492 2739 2655 2794; x_wconf 76' lang='grc' dir='ltr'><strong>αὐτοῦ</strong></span> <span class='ocrx_word' id='word_1_579' title='bbox 2689 2738 2825 2810; x_wconf 73' lang='grc' dir='ltr'><strong>πρὸς</strong></span> <span class='ocrx_word' id='word_1_580' title='bbox 2869 2741 2989 2801; x_wconf 86' lang='grc' dir='ltr'><strong>ταῖς</strong></span> <span class='ocrx_word' id='word_1_581' title='bbox 3037 2736 3280 2809; x_wconf 83' lang='grc' dir='ltr'><strong>ἄρκτοις,</strong></span> <span class='ocrx_word' id='word_1_582' title='bbox 3309 2735 3440 2800; x_wconf 72' lang='grc' dir='ltr'><strong>τοὺς</strong></span> <span class='ocrx_word' id='word_1_583' title='bbox 3465 2734 3522 2788; x_wconf 77' lang='grc' dir='ltr'><strong>δὲ</strong></span> <span class='ocrx_word' id='word_1_584' title='bbox 3552 2732 3700 2797; x_wconf 72' lang='grc' dir='ltr'><strong>πόδας</strong></span> 
     </span>
    </p>
   </div>
   <div class='ocr_carea' id='block_1_85' title="bbox 2146 2823 3702 2904">
    <p class='ocr_par' dir='ltr' id='par_1_85' title="bbox 2146 2823 3702 2904">
     <span class='ocr_line' id='line_1_88' title="bbox 2146 2823 3702 2904; baseline -0.004 -19"><span class='ocrx_word' id='word_1_585' title='bbox 2146 2832 2283 2904; x_wconf 69' lang='grc' dir='ltr'><strong>πρὸς</strong></span> <span class='ocrx_word' id='word_1_586' title='bbox 2308 2830 2672 2904; x_wconf 75' lang='grc' dir='ltr'><strong>μεσημϐρίαν,</strong></span> <span class='ocrx_word' id='word_1_587' title='bbox 2701 2831 2892 2903; x_wconf 83' lang='grc' dir='ltr'><strong>μικρὸν</strong></span> <span class='ocrx_word' id='word_1_588' title='bbox 2914 2829 3049 2894; x_wconf 80' lang='grc' dir='ltr'><strong>πρὸς</strong></span> <span class='ocrx_word' id='word_1_589' title='bbox 3071 2828 3334 2891; x_wconf 68' lang='grc' dir='ltr'><strong>ἀνατολὰς</strong></span> <span class='ocrx_word' id='word_1_590' title='bbox 3352 2827 3455 2899; x_wconf 82' lang='grc' dir='ltr'><strong>τῆς</strong></span> <span class='ocrx_word' id='word_1_591' title='bbox 3478 2823 3702 2897; x_wconf 71' lang='grc' dir='ltr'><strong>κεφαλῆς</strong></span> 
     </span>
    </p>
   </div>
   <div class='ocr_carea' id='block_1_86' title="bbox 2147 2924 2561 2995">
    <p class='ocr_par' dir='ltr' id='par_1_86' title="bbox 2147 2924 2561 2995">
     <span class='ocr_line' id='line_1_89' title="bbox 2147 2924 2561 2995; baseline 0 -16"><span class='ocrx_word' id='word_1_592' title='bbox 2147 2924 2561 2995; x_wconf 82' lang='grc' dir='ltr'><strong>ἀποκλινούσης.</strong></span> 
     </span>
    </p>
   </div>
   <div class='ocr_carea' id='block_1_87' title="bbox 2215 3033 3324 3109">
    <p class='ocr_par' dir='ltr' id='par_1_87' title="bbox 2215 3033 3324 3109">
     <span class='ocr_line' id='line_1_90' title="bbox 2215 3033 3324 3109; baseline -0.005 -18"><span class='ocrx_word' id='word_1_593' title='bbox 2215 3037 2344 3091; x_wconf 75' lang='lat' dir='ltr'><strong>KP.</strong></span> <span class='ocrx_word' id='word_1_594' title='bbox 2378 3036 2515 3109; x_wconf 74' lang='grc' dir='ltr'><strong>Περὶ</strong></span> <span class='ocrx_word' id='word_1_595' title='bbox 2547 3037 2603 3091; x_wconf 70' lang='grc' dir='ltr'><strong>δὲ</strong></span> <span class='ocrx_word' id='word_1_596' title='bbox 2629 3037 2728 3108; x_wconf 80' lang='grc' dir='ltr'><strong>τῆς</strong></span> <span class='ocrx_word' id='word_1_597' title='bbox 2762 3034 3115 3107; x_wconf 79' lang='grc' dir='ltr'><strong>Ἀνδρομέδας</strong></span> <span class='ocrx_word' id='word_1_598' title='bbox 3140 3033 3324 3104; x_wconf 77' lang='grc' dir='ltr'><strong>φησιν’</strong></span> 
     </span>
    </p>
   </div>
   <div class='ocr_carea' id='block_1_88' title="bbox 2214 3144 3581 3218">
    <p class='ocr_par' dir='ltr' id='par_1_88' title="bbox 2214 3144 3581 3218">
     <span class='ocr_line' id='line_1_91' title="bbox 2214 3144 3581 3218; baseline -0.006 -11"><span class='ocrx_word' id='word_1_599' title='bbox 2214 3187 2233 3207; x_wconf 86' lang='grc'><strong>.</strong></span> <span class='ocrx_word' id='word_1_600' title='bbox 2253 3191 2269 3206; x_wconf 89' lang='grc'><strong>.</strong></span> <span class='ocrx_word' id='word_1_601' title='bbox 2298 3192 2313 3207; x_wconf 91' lang='grc'><strong>.</strong></span> <span class='ocrx_word' id='word_1_602' title='bbox 2331 3189 2346 3204; x_wconf 93' lang='grc'><strong>.</strong></span> <span class='ocrx_word' id='word_1_603' title='bbox 2390 3148 2773 3218; x_wconf 78' lang='grc' dir='ltr'><strong>Ἀνδρομέδης</strong></span> <span class='ocrx_word' id='word_1_604' title='bbox 2790 3147 3036 3218; x_wconf 83' lang='grc' dir='ltr'><strong>μέσσην</strong></span> <span class='ocrx_word' id='word_1_605' title='bbox 3061 3144 3331 3217; x_wconf 77' lang='grc' dir='ltr'><strong>ἀγκῶνος</strong></span> <span class='ocrx_word' id='word_1_606' title='bbox 3358 3147 3581 3213; x_wconf 75' lang='grc' dir='ltr'><strong>ὕπερθε</strong></span> 
     </span>
    </p>
   </div>
   <div class='ocr_carea' id='block_1_89' title="bbox 2215 3219 2775 3290">
    <p class='ocr_par' dir='ltr' id='par_1_89' title="bbox 2215 3219 2775 3290">
     <span class='ocr_line' id='line_1_92' title="bbox 2215 3219 2775 3290; baseline -0.004 -15"><span class='ocrx_word' id='word_1_607' title='bbox 2215 3221 2531 3289; x_wconf 79' lang='grc' dir='ltr'><strong>Δεξιτερὴν</strong></span> <span class='ocrx_word' id='word_1_608' title='bbox 2555 3219 2775 3290; x_wconf 78' lang='grc' dir='ltr'><strong>ἐπέχει.</strong></span> 
     </span>
    </p>
   </div>
   <div class='ocr_carea' id='block_1_90' title="bbox 2156 3322 3704 3400">
    <p class='ocr_par' dir='ltr' id='par_1_90' title="bbox 2156 3322 3704 3400">
     <span class='ocr_line' id='line_1_93' title="bbox 2156 3322 3704 3400; baseline -0.004 -17"><span class='ocrx_word' id='word_1_609' title='bbox 2156 3331 2366 3400; x_wconf 78' lang='grc' dir='ltr'><strong>Ἀγνοεῖ</strong></span> <span class='ocrx_word' id='word_1_610' title='bbox 2393 3328 2450 3382; x_wconf 82' lang='grc' dir='ltr'><strong>δὲ</strong></span> <span class='ocrx_word' id='word_1_611' title='bbox 2481 3328 2576 3382; x_wconf 72' lang='grc' dir='ltr'><strong>καὶ</strong></span> <span class='ocrx_word' id='word_1_612' title='bbox 2609 3326 2749 3381; x_wconf 79' lang='grc' dir='ltr'><strong>κατὰ</strong></span> <span class='ocrx_word' id='word_1_613' title='bbox 2773 3326 2950 3382; x_wconf 81' lang='grc' dir='ltr'><strong>τοῦτο.</strong></span> <span class='ocrx_word' id='word_1_614' title='bbox 2999 3327 3110 3381; x_wconf 69' lang='grc' dir='ltr'><strong>Καὶ</strong></span> <span class='ocrx_word' id='word_1_615' title='bbox 3146 3325 3254 3397; x_wconf 72' lang='grc' dir='ltr'><strong>γὰρ</strong></span> <span class='ocrx_word' id='word_1_616' title='bbox 3279 3326 3331 3378; x_wconf 76' lang='grc' dir='ltr'><strong>οἱ</strong></span> <span class='ocrx_word' id='word_1_617' title='bbox 3360 3326 3420 3378; x_wconf 83' lang='grc' dir='ltr'><strong>έν</strong></span> <span class='ocrx_word' id='word_1_618' title='bbox 3450 3323 3533 3396; x_wconf 66' lang='grc' dir='ltr'><strong>τῷ</strong></span> <span class='ocrx_word' id='word_1_619' title='bbox 3560 3322 3704 3397; x_wconf 76' lang='grc' dir='ltr'><strong>δεξιῷ</strong></span> 
     </span>
    </p>
   </div>
   <div class='ocr_carea' id='block_1_91' title="bbox 2142 3412 3705 3491">
    <p class='ocr_par' dir='ltr' id='par_1_91' title="bbox 2142 3412 3705 3491">
     <span class='ocr_line' id='line_1_94' title="bbox 2142 3412 3705 3491; baseline -0.005 -16"><span class='ocrx_word' id='word_1_620' title='bbox 2142 3420 2312 3490; x_wconf 76' lang='grc' dir='ltr'><strong>αὐτῆς</strong></span> <span class='ocrx_word' id='word_1_621' title='bbox 2336 3420 2473 3491; x_wconf 78' lang='grc' dir='ltr'><strong>ὤμῳ</strong></span> <span class='ocrx_word' id='word_1_622' title='bbox 2496 3418 2820 3491; x_wconf 85' lang='grc' dir='ltr'><strong>βορειότεροί</strong></span> <span class='ocrx_word' id='word_1_623' title='bbox 2848 3421 2952 3472; x_wconf 79' lang='grc' dir='ltr'><strong>εισι</strong></span> <span class='ocrx_word' id='word_1_624' title='bbox 2975 3418 3069 3472; x_wconf 75' lang='grc' dir='ltr'><strong>τοῦ</strong></span> <span class='ocrx_word' id='word_1_625' title='bbox 3095 3415 3379 3488; x_wconf 76' lang='grc' dir='ltr'><strong>τροπικοῦ⁹</strong></span> <span class='ocrx_word' id='word_1_626' title='bbox 3406 3412 3589 3486; x_wconf 87' lang='grc' dir='ltr'><strong>Τριῶν</strong></span> <span class='ocrx_word' id='word_1_627' title='bbox 3607 3412 3705 3486; x_wconf 81' lang='grc' dir='ltr'><strong>γὰρ</strong></span> 
     </span>
    </p>
   </div>
   <div class='ocr_carea' id='block_1_92' title="bbox 2142 3491 3701 3581">
    <p class='ocr_par' dir='ltr' id='par_1_92' title="bbox 2142 3491 3701 3581">
     <span class='ocr_line' id='line_1_95' title="bbox 2142 3491 3701 3581; baseline -0.003 -17"><span class='ocrx_word' id='word_1_628' title='bbox 2142 3510 2310 3565; x_wconf 73' lang='grc' dir='ltr'><strong>ὄντων</strong></span> <span class='ocrx_word' id='word_1_629' title='bbox 2337 3509 2605 3581; x_wconf 82' lang='grc' dir='ltr'><strong>ἀστέρων,</strong></span> <span class='ocrx_word' id='word_1_630' title='bbox 2632 3509 2660 3561; x_wconf 77' lang='grc'>6</span> <span class='ocrx_word' id='word_1_631' title='bbox 2685 3509 3003 3581; x_wconf 84' lang='grc' dir='ltr'><strong>νοτιώτερος</strong></span> <span class='ocrx_word' id='word_1_632' title='bbox 3027 3491 3203 3561; x_wconf 70' lang='grc' dir='ltr'><strong>αὐτῶν</strong></span> <span class='ocrx_word' id='word_1_633' title='bbox 3231 3506 3573 3578; x_wconf 71' lang='grc' dir='ltr'><strong>βορειότερός</strong></span> <span class='ocrx_word' id='word_1_634' title='bbox 3597 3508 3701 3561; x_wconf 70' lang='grc' dir='ltr'><strong>ἐστι</strong></span> 
     </span>
    </p>
   </div>
   <div class='ocr_carea' id='block_1_93' title="bbox 2142 3597 3703 3673">
    <p class='ocr_par' dir='ltr' id='par_1_93' title="bbox 2142 3597 3703 3673">
     <span class='ocr_line' id='line_1_96' title="bbox 2142 3597 3703 3673; baseline -0.003 -18"><span class='ocrx_word' id='word_1_635' title='bbox 2142 3602 2234 3655; x_wconf 81' lang='grc' dir='ltr'><strong>τοῦ</strong></span> <span class='ocrx_word' id='word_1_636' title='bbox 2270 3600 2585 3673; x_wconf 74' lang='grc' dir='ltr'><strong>ἰσημερινοῦ</strong></span> <span class='ocrx_word' id='word_1_637' title='bbox 2619 3600 2800 3655; x_wconf 85' lang='grc' dir='ltr'><strong>πλεῖον</strong></span> <span class='ocrx_word' id='word_1_638' title='bbox 2841 3618 2950 3672; x_wconf 89' lang='grc' dir='ltr'><strong>μοι.</strong></span> <span class='ocrx_word' id='word_1_639' title='bbox 2996 3600 3061 3654; x_wconf 89' lang='grc' dir='ltr'><strong>λ’.</strong></span> <span class='ocrx_word' id='word_1_640' title='bbox 3106 3600 3227 3653; x_wconf 83' lang='grc' dir='ltr'><strong>Τῶν</strong></span> <span class='ocrx_word' id='word_1_641' title='bbox 3270 3600 3329 3653; x_wconf 83' lang='grc' dir='ltr'><strong>δὲ</strong></span> <span class='ocrx_word' id='word_1_642' title='bbox 3370 3601 3430 3653; x_wconf 77' lang='grc' dir='ltr'><strong>ἐν</strong></span> <span class='ocrx_word' id='word_1_643' title='bbox 3470 3602 3539 3671; x_wconf 81' lang='grc' dir='ltr'><strong>τῇ</strong></span> <span class='ocrx_word' id='word_1_644' title='bbox 3571 3597 3703 3667; x_wconf 69' lang='grc' dir='ltr'><strong>δεξιᾷ</strong></span> 
     </span>
    </p>
   </div>
   <div class='ocr_carea' id='block_1_94' title="bbox 2143 3690 3703 3764">
    <p class='ocr_par' dir='ltr' id='par_1_94' title="bbox 2143 3690 3703 3764">
     <span class='ocr_line' id='line_1_97' title="bbox 2143 3690 3703 3764; baseline -0.001 -19"><span class='ocrx_word' id='word_1_645' title='bbox 2143 3693 2285 3763; x_wconf 75' lang='grc' dir='ltr'><strong>χειρὶ</strong></span> <span class='ocrx_word' id='word_1_646' title='bbox 2311 3699 2359 3761; x_wconf 83' lang='grc' dir='ltr'><strong>γ’</strong></span> <span class='ocrx_word' id='word_1_647' title='bbox 2384 3694 2412 3746; x_wconf 88' lang='grc' dir='ltr'>ὁ</span> <span class='ocrx_word' id='word_1_648' title='bbox 2436 3691 2571 3762; x_wconf 81' lang='grc' dir='ltr'><strong>πρὸς</strong></span> <span class='ocrx_word' id='word_1_649' title='bbox 2598 3691 2945 3763; x_wconf 79' lang='grc' dir='ltr'><strong>μεσημϐρίαν</strong></span> <span class='ocrx_word' id='word_1_650' title='bbox 2974 3691 3308 3764; x_wconf 79' lang='grc' dir='ltr'><strong>βορειότερός</strong></span> <span class='ocrx_word' id='word_1_651' title='bbox 3333 3692 3451 3744; x_wconf 78' lang='grc' dir='ltr'><strong>ἐστι</strong></span> <span class='ocrx_word' id='word_1_652' title='bbox 3476 3690 3569 3744; x_wconf 77' lang='grc' dir='ltr'><strong>τοῦ</strong></span> <span class='ocrx_word' id='word_1_653' title='bbox 3601 3690 3703 3759; x_wconf 83' lang='grc' dir='ltr'><strong>ῑση·</strong></span> 
     </span>
    </p>
   </div>
   <div class='ocr_carea' id='block_1_95' title="bbox 2145 3778 3704 3857">
    <p class='ocr_par' dir='ltr' id='par_1_95' title="bbox 2145 3778 3704 3857">
     <span class='ocr_line' id='line_1_98' title="bbox 2145 3778 3704 3857; baseline -0.003 -20"><span class='ocrx_word' id='word_1_654' title='bbox 2145 3784 2367 3855; x_wconf 85' lang='grc' dir='ltr'><strong>μερινοῦ</strong></span> <span class='ocrx_word' id='word_1_655' title='bbox 2401 3784 2511 3857; x_wconf 78' lang='grc' dir='ltr'><strong>μοί.</strong></span> <span class='ocrx_word' id='word_1_656' title='bbox 2544 3784 2644 3838; x_wconf 74' lang='grc' dir='ltr'><strong>λε’.</strong></span> <span class='ocrx_word' id='word_1_657' title='bbox 2677 3783 2844 3855; x_wconf 79' lang='grc' dir='ltr'>Δῆλον</span> <span class='ocrx_word' id='word_1_658' title='bbox 2871 3779 2964 3838; x_wconf 72' lang='grc' dir='ltr'>οὖν</span> <span class='ocrx_word' id='word_1_659' title='bbox 2995 3786 3059 3838; x_wconf 80' lang='grc' dir='ltr'>ἐκ</span> <span class='ocrx_word' id='word_1_660' title='bbox 3111 3782 3339 3845; x_wconf 79' lang='grc' dir='ltr'><strong>τούτων,</strong></span> <span class='ocrx_word' id='word_1_661' title='bbox 3362 3784 3447 3837; x_wconf 86' lang='grc' dir='ltr'><strong>ὃτι</strong></span> <span class='ocrx_word' id='word_1_662' title='bbox 3477 3785 3507 3837; x_wconf 83' lang='grc' dir='ltr'>ὁ</span> <span class='ocrx_word' id='word_1_663' title='bbox 3533 3778 3704 3850; x_wconf 75' lang='grc' dir='ltr'>ἀγκὼν</span> 
     </span>
    </p>
   </div>
   <div class='ocr_carea' id='block_1_96' title="bbox 2145 3867 3698 3950">
    <p class='ocr_par' dir='ltr' id='par_1_96' title="bbox 2145 3867 3698 3950">
     <span class='ocr_line' id='line_1_99' title="bbox 2145 3867 3698 3950; baseline -0.005 -19"><span class='ocrx_word' id='word_1_664' title='bbox 2145 3876 2477 3950; x_wconf 86' lang='grc' dir='ltr'><strong>βορειότερός</strong></span> <span class='ocrx_word' id='word_1_665' title='bbox 2496 3877 2642 3929; x_wconf 87' lang='grc' dir='ltr'><strong>ὲστιν</strong></span> <span class='ocrx_word' id='word_1_666' title='bbox 2668 3873 2866 3937; x_wconf 77' lang='grc' dir='ltr'><strong>ἱκανῶς</strong></span> <span class='ocrx_word' id='word_1_667' title='bbox 2890 3873 2984 3927; x_wconf 81' lang='grc' dir='ltr'><strong>τοῦ</strong></span> <span class='ocrx_word' id='word_1_668' title='bbox 3012 3872 3296 3946; x_wconf 78' lang='grc' dir='ltr'><strong>τροπικοῦ.</strong></span> <span class='ocrx_word' id='word_1_669' title='bbox 3332 3874 3427 3928; x_wconf 73' lang='grc' dir='ltr'><strong>καὶ</strong></span> <span class='ocrx_word' id='word_1_670' title='bbox 3448 3873 3509 3929; x_wconf 79' lang='grc' dir='ltr'><strong>οὑ</strong></span> <span class='ocrx_word' id='word_1_671' title='bbox 3528 3867 3698 3926; x_wconf 85' lang='grc' dir='ltr'><strong>νοτιώ-</strong></span> 
     </span>
    </p>
   </div>
   <div class='ocr_carea' id='block_1_97' title="bbox 2141 3966 2912 4044">
    <p class='ocr_par' dir='ltr' id='par_1_97' title="bbox 2141 3966 2912 4044">
     <span class='ocr_line' id='line_1_100' title="bbox 2141 3966 2912 4044; baseline -0.004 -24"><span class='ocrx_word' id='word_1_672' title='bbox 2141 3984 2316 4038; x_wconf 86' lang='grc' dir='ltr'><strong>τερος,</strong></span> <span class='ocrx_word' id='word_1_673' title='bbox 2351 3966 2426 4031; x_wconf 81' lang='grc' dir='ltr'><strong>ὡς</strong></span> <span class='ocrx_word' id='word_1_674' title='bbox 2463 3966 2697 4037; x_wconf 74' lang='grc' dir='ltr'><strong>’Ἄρατός</strong></span> <span class='ocrx_word' id='word_1_675' title='bbox 2727 3981 2912 4044; x_wconf 80' lang='grc' dir='ltr'><strong>φησιν.</strong></span> 
     </span>
    </p>
   </div>
   <div class='ocr_carea' id='block_1_98' title="bbox 2222 4116 2659 4188">
    <p class='ocr_par' dir='ltr' id='par_1_98' title="bbox 2222 4116 2659 4188">
     <span class='ocr_line' id='line_1_101' title="bbox 2222 4116 2659 4188; baseline 0 -17"><span class='ocrx_word' id='word_1_676' title='bbox 2222 4116 2383 4188; x_wconf 80' lang='grc' dir='ltr'><strong>Ἑξῆς</strong></span> <span class='ocrx_word' id='word_1_677' title='bbox 2410 4118 2467 4172; x_wconf 82' lang='grc' dir='ltr'><strong>δὲ</strong></span> <span class='ocrx_word' id='word_1_678' title='bbox 2493 4118 2659 4187; x_wconf 81' lang='grc' dir='ltr'><strong>λέγει’</strong></span> 
     </span>
    </p>
   </div>
   <div class='ocr_carea' id='block_1_99' title="bbox 2224 4229 3639 4300">
    <p class='ocr_par' dir='ltr' id='par_1_99' title="bbox 2224 4229 3639 4300">
     <span class='ocr_line' id='line_1_102' title="bbox 2224 4229 3639 4300; baseline -0.002 -16"><span class='ocrx_word' id='word_1_679' title='bbox 2224 4232 2424 4285; x_wconf 76' lang='grc' dir='ltr'><strong>ὀπλαὶ</strong></span> <span class='ocrx_word' id='word_1_680' title='bbox 2451 4231 2502 4284; x_wconf 75' lang='grc' dir='ltr'><strong>δ’</strong></span> <span class='ocrx_word' id='word_1_681' title='bbox 2530 4231 2806 4300; x_wconf 54' lang='lat' dir='ltr'><strong>&quot;latrator.</strong></span> <span class='ocrx_word' id='word_1_682' title='bbox 2831 4229 2926 4284; x_wconf 73' lang='grc' dir='ltr'><strong>καὶ</strong></span> <span class='ocrx_word' id='word_1_683' title='bbox 2956 4230 3304 4300; x_wconf 73' lang='grc' dir='ltr'><strong>ὑπαύχενον</strong></span> <span class='ocrx_word' id='word_1_684' title='bbox 3336 4230 3639 4298; x_wconf 76' lang='grc' dir='ltr'><strong>Ὀρνίθειον</strong></span> 
     </span>
    </p>
   </div>
   <div class='ocr_carea' id='block_1_100' title="bbox 2218 4299 2827 4370">
    <p class='ocr_par' dir='ltr' id='par_1_100' title="bbox 2218 4299 2827 4370">
     <span class='ocr_line' id='line_1_103' title="bbox 2218 4299 2827 4370; baseline -0.005 -14"><span class='ocrx_word' id='word_1_685' title='bbox 2218 4303 2395 4370; x_wconf 78' lang='grc' dir='ltr'><strong>Ἄκρῃ</strong></span> <span class='ocrx_word' id='word_1_686' title='bbox 2426 4300 2548 4354; x_wconf 84' lang='grc' dir='ltr'><strong>σὺν</strong></span> <span class='ocrx_word' id='word_1_687' title='bbox 2574 4299 2827 4370; x_wconf 65' lang='grc' dir='ltr'><strong>κεφαλῇ.</strong></span> 
     </span>
    </p>
   </div>
   <div class='ocr_carea' id='block_1_101' title="bbox 2211 4405 3697 4482">
    <p class='ocr_par' dir='ltr' id='par_1_101' title="bbox 2211 4405 3697 4482">
     <span class='ocr_line' id='line_1_104' title="bbox 2211 4405 3697 4482; baseline -0.005 -17"><span class='ocrx_word' id='word_1_688' title='bbox 2211 4412 2379 4475; x_wconf 86' lang='grc' dir='ltr'><strong>Τίνας</strong></span> <span class='ocrx_word' id='word_1_689' title='bbox 2413 4411 2511 4481; x_wconf 84' lang='grc' dir='ltr'><strong>μὲν</strong></span> <span class='ocrx_word' id='word_1_690' title='bbox 2547 4405 2640 4464; x_wconf 75' lang='grc' dir='ltr'>οὖν</span> <span class='ocrx_word' id='word_1_691' title='bbox 2668 4410 2903 4482; x_wconf 81' lang='grc' dir='ltr'><strong>ἀστέρας</strong></span> <span class='ocrx_word' id='word_1_692' title='bbox 2925 4409 3090 4465; x_wconf 78' lang='grc' dir='ltr'><strong>ὲτίθει</strong></span> <span class='ocrx_word' id='word_1_693' title='bbox 3121 4409 3216 4464; x_wconf 75' lang='grc' dir='ltr'><strong>ἐπὶ</strong></span> <span class='ocrx_word' id='word_1_694' title='bbox 3250 4412 3370 4474; x_wconf 78' lang='grc' dir='ltr'><strong>ταῖς</strong></span> <span class='ocrx_word' id='word_1_695' title='bbox 3403 4409 3589 4473; x_wconf 84' lang='grc' dir='ltr'><strong>ὁπλαῖς</strong></span> <span class='ocrx_word' id='word_1_696' title='bbox 3612 4405 3697 4459; x_wconf 77' lang='grc' dir='ltr'><strong>τοῦ</strong></span> 
     </span>
    </p>
   </div>
   <div class='ocr_carea' id='block_1_102' title="bbox 2140 4498 3696 4575">
    <p class='ocr_par' dir='ltr' id='par_1_102' title="bbox 2140 4498 3696 4575">
     <span class='ocr_line' id='line_1_105' title="bbox 2140 4498 3696 4575; baseline -0.003 -19"><span class='ocrx_word' id='word_1_697' title='bbox 2140 4503 2359 4565; x_wconf 84' lang='grc' dir='ltr'><strong>Ἵππου,</strong></span> <span class='ocrx_word' id='word_1_698' title='bbox 2389 4501 2605 4572; x_wconf 75' lang='grc' dir='ltr'><strong>ἄδηλονο</strong></span> <span class='ocrx_word' id='word_1_699' title='bbox 2639 4502 2703 4554; x_wconf 80' lang='grc' dir='ltr'><strong>ἐκ</strong></span> <span class='ocrx_word' id='word_1_700' title='bbox 2739 4502 2922 4573; x_wconf 85' lang='grc' dir='ltr'><strong>μέντοι</strong></span> <span class='ocrx_word' id='word_1_701' title='bbox 2953 4502 3060 4556; x_wconf 86' lang='grc' dir='ltr'><strong>τῶν</strong></span> <span class='ocrx_word' id='word_1_702' title='bbox 3093 4502 3185 4555; x_wconf 72' lang='grc' dir='ltr'><strong>ἐπὶ</strong></span> <span class='ocrx_word' id='word_1_703' title='bbox 3212 4501 3308 4555; x_wconf 76' lang='grc' dir='ltr'><strong>τοῦ</strong></span> <span class='ocrx_word' id='word_1_704' title='bbox 3348 4500 3596 4575; x_wconf 80' lang='grc' dir='ltr'><strong>Ὄρνιθος</strong></span> <span class='ocrx_word' id='word_1_705' title='bbox 3616 4498 3696 4552; x_wconf 62' lang='lat' dir='ltr'><strong>1s-</strong></span> 
     </span>
    </p>
   </div>
   <div class='ocr_carea' id='block_1_103' title="bbox 2136 4591 2609 4664">
    <p class='ocr_par' dir='ltr' id='par_1_103' title="bbox 2136 4591 2609 4664">
     <span class='ocr_line' id='line_1_106' title="bbox 2136 4591 2609 4664; baseline -0.002 -17"><span class='ocrx_word' id='word_1_706' title='bbox 2136 4593 2383 4664; x_wconf 84' lang='grc' dir='ltr'><strong>γομένων</strong></span> <span class='ocrx_word' id='word_1_707' title='bbox 2413 4591 2609 4656; x_wconf 77' lang='grc' dir='ltr'><strong>οὕτως,</strong></span> 
     </span>
    </p>
   </div>
   <div class='ocr_carea' id='block_1_104' title="bbox 2209 4681 3367 4751">
    <p class='ocr_par' dir='ltr' id='par_1_104' title="bbox 2209 4681 3367 4751">
     <span class='ocr_line' id='line_1_107' title="bbox 2209 4681 3367 4751; baseline -0.003 -11"><span class='ocrx_word' id='word_1_708' title='bbox 2209 4725 2226 4740; x_wconf 92' lang='grc'><strong>.</strong></span> <span class='ocrx_word' id='word_1_709' title='bbox 2268 4725 2332 4739; x_wconf 92' lang='grc'><strong>..</strong></span> <span class='ocrx_word' id='word_1_710' title='bbox 2371 4723 2438 4738; x_wconf 91' lang='grc'><strong>..</strong></span> <span class='ocrx_word' id='word_1_711' title='bbox 2478 4681 3367 4751; x_wconf 63' lang='grc' dir='ltr'><strong>...μηκατὰδεειὰχειρὸς</strong></span> 
     </span>
    </p>
   </div>
   <div class='ocr_carea' id='block_1_105' title="bbox 2134 4752 3549 4825">
    <p class='ocr_par' dir='ltr' id='par_1_105' title="bbox 2134 4752 3549 4825">
     <span class='ocr_line' id='line_1_108' title="bbox 2134 4752 3549 4825; baseline -0.012 -10"><span class='ocrx_word' id='word_1_712' title='bbox 2134 4756 2415 4825; x_wconf 62' lang='grc' dir='ltr'><strong>Κηφεῖης,</strong></span> <span class='ocrx_word' id='word_1_713' title='bbox 2454 4754 2697 4821; x_wconf 72' lang='lat' dir='ltr'><strong>rapacia</strong></span> <span class='ocrx_word' id='word_1_714' title='bbox 2720 4752 2791 4806; x_wconf 84' lang='grc' dir='ltr'><strong>τὰ</strong></span> <span class='ocrx_word' id='word_1_715' title='bbox 2826 4753 2994 4825; x_wconf 78' lang='grc' dir='ltr'><strong>δεξιὰ</strong></span> <span class='ocrx_word' id='word_1_716' title='bbox 3021 4752 3269 4825; x_wconf 79' lang='grc' dir='ltr'><strong>πείρατα</strong></span> <span class='ocrx_word' id='word_1_717' title='bbox 3300 4753 3549 4825; x_wconf 58' lang='grc' dir='ltr'><strong>μαιωτ-</strong></span> 
     </span>
    </p>
   </div>
   <div class='ocr_carea' id='block_1_106' title="bbox 2133 4821 3692 4895">
    <p class='ocr_par' dir='ltr' id='par_1_106' title="bbox 2133 4821 3692 4895">
     <span class='ocr_line' id='line_1_109' title="bbox 2133 4821 3692 4895; baseline -0.005 -12"><span class='ocrx_word' id='word_1_718' title='bbox 2133 4821 2287 4895; x_wconf 77' lang='grc' dir='ltr'><strong>Λαὶῇ</strong></span> <span class='ocrx_word' id='word_1_719' title='bbox 2319 4824 2387 4880; x_wconf 84' lang='grc' dir='ltr'><strong>δὲ</strong></span> <span class='ocrx_word' id='word_1_720' title='bbox 2413 4825 2658 4894; x_wconf 77' lang='grc' dir='ltr'><strong>πτέρυγι</strong></span> <span class='ocrx_word' id='word_1_721' title='bbox 2692 4823 2996 4893; x_wconf 83' lang='grc' dir='ltr'><strong>σκαρθμὸς</strong></span> <span class='ocrx_word' id='word_1_722' title='bbox 3022 4821 3452 4889; x_wconf 71' lang='grc' dir='ltr'><strong>παρακέκλιται</strong></span> <span class='ocrx_word' id='word_1_723' title='bbox 3482 4824 3692 4876; x_wconf 67' lang='grc' dir='ltr'><strong>Ἵππουθ</strong></span> 
     </span>
    </p>
   </div>
   <div class='ocr_carea' id='block_1_107' title="bbox 2131 4932 3695 5006">
    <p class='ocr_par' dir='ltr' id='par_1_107' title="bbox 2131 4932 3695 5006">
     <span class='ocr_line' id='line_1_110' title="bbox 2131 4932 3695 5006; baseline -0.003 -13"><span class='ocrx_word' id='word_1_724' title='bbox 2131 4939 2272 5005; x_wconf 79' lang='grc' dir='ltr'><strong>δόξει</strong></span> <span class='ocrx_word' id='word_1_725' title='bbox 2298 4938 2345 4971; x_wconf 82' lang='grc'>⁸³</span> <span class='ocrx_word' id='word_1_726' title='bbox 2387 4937 2454 4992; x_wconf 82' lang='grc' dir='ltr'>ἂν</span> <span class='ocrx_word' id='word_1_727' title='bbox 2484 4935 2826 5005; x_wconf 78' lang='grc' dir='ltr'><strong>συνεγγίζειν</strong></span> <span class='ocrx_word' id='word_1_728' title='bbox 2853 4938 2920 5006; x_wconf 82' lang='grc' dir='ltr'><strong>τῇ</strong></span> <span class='ocrx_word' id='word_1_729' title='bbox 2955 4934 3201 5006; x_wconf 80' lang='grc' dir='ltr'><strong>ἀληθείᾳ.</strong></span> <span class='ocrx_word' id='word_1_730' title='bbox 3245 4935 3307 4987; x_wconf 80' lang='grc' dir='ltr'>ὐ</span> <span class='ocrx_word' id='word_1_731' title='bbox 3340 4934 3453 5006; x_wconf 78' lang='grc' dir='ltr'><strong>γὰρ</strong></span> <span class='ocrx_word' id='word_1_732' title='bbox 3479 4937 3535 4989; x_wconf 78' lang='grc' dir='ltr'>ὲν</span> <span class='ocrx_word' id='word_1_733' title='bbox 3565 4932 3695 5004; x_wconf 67' lang='grc' dir='ltr'><strong>ἄκρᾳ</strong></span> 
     </span>
    </p>
   </div>
   <div class='ocr_carea' id='block_1_108' title="bbox 2154 5208 3693 5283">
    <p class='ocr_par' dir='ltr' id='par_1_108' title="bbox 2154 5208 3693 5283">
     <span class='ocr_line' id='line_1_111' title="bbox 2154 5208 3693 5283; baseline -0.003 -17"><span class='ocrx_word' id='word_1_734' title='bbox 2154 5221 2392 5270; x_wconf 83' lang='lat' dir='ltr'><strong>constat.</strong></span> <span class='ocrx_word' id='word_1_735' title='bbox 2451 5213 2642 5283; x_wconf 88' lang='lat' dir='ltr'><strong>Itaque</strong></span> <span class='ocrx_word' id='word_1_736' title='bbox 2686 5209 3109 5283; x_wconf 83' lang='lat' dir='ltr'><strong>argumentatio,</strong></span> <span class='ocrx_word' id='word_1_737' title='bbox 3166 5225 3332 5281; x_wconf 84' lang='lat' dir='ltr'><strong>quam</strong></span> <span class='ocrx_word' id='word_1_738' title='bbox 3368 5208 3693 5283; x_wconf 77' lang='lat' dir='ltr'><strong>Hipparchus</strong></span> 
     </span>
    </p>
   </div>
   <div class='ocr_carea' id='block_1_109' title="bbox 2150 5280 3693 5352">
    <p class='ocr_par' dir='ltr' id='par_1_109' title="bbox 2150 5280 3693 5352">
     <span class='ocr_line' id='line_1_112' title="bbox 2150 5280 3693 5352; baseline -0.003 -15"><span class='ocrx_word' id='word_1_739' title='bbox 2150 5283 2326 5343; x_wconf 84' lang='lat' dir='ltr'><strong>alIert.</strong></span> <span class='ocrx_word' id='word_1_740' title='bbox 2362 5280 2635 5352; x_wconf 51' lang='lat' dir='ltr'><strong>nequc&#39;de</strong></span> <span class='ocrx_word' id='word_1_741' title='bbox 2669 5280 2893 5337; x_wconf 85' lang='lat' dir='ltr'><strong>sinistro</strong></span> <span class='ocrx_word' id='word_1_742' title='bbox 2915 5281 3142 5352; x_wconf 86' lang='lat' dir='ltr'><strong>humero</strong></span> <span class='ocrx_word' id='word_1_743' title='bbox 3181 5280 3294 5352; x_wconf 68' lang='lat' dir='ltr'><strong>retu</strong></span> <span class='ocrx_word' id='word_1_744' title='bbox 3322 5280 3538 5335; x_wconf 80' lang='lat' dir='ltr'><strong>coniicit</strong></span> <span class='ocrx_word' id='word_1_745' title='bbox 3571 5296 3584 5331; x_wconf 86' lang='lat'><strong>:</strong></span> <span class='ocrx_word' id='word_1_746' title='bbox 3612 5293 3693 5333; x_wconf 86' lang='lat' dir='ltr'><strong>ne-</strong></span> 
     </span>
    </p>
   </div>
   <div class='ocr_carea' id='block_1_110' title="bbox 2148 5347 3691 5421">
    <p class='ocr_par' dir='ltr' id='par_1_110' title="bbox 2148 5347 3691 5421">
     <span class='ocr_line' id='line_1_113' title="bbox 2148 5347 3691 5421; baseline -0.005 -15"><span class='ocrx_word' id='word_1_747' title='bbox 2148 5368 2255 5421; x_wconf 90' lang='lat' dir='ltr'><strong>que</strong></span> <span class='ocrx_word' id='word_1_748' title='bbox 2286 5354 2355 5407; x_wconf 90' lang='lat' dir='ltr'><strong>de</strong></span> <span class='ocrx_word' id='word_1_749' title='bbox 2381 5347 2535 5409; x_wconf 82' lang='lat' dir='ltr'><strong>tibia.</strong></span> <span class='ocrx_word' id='word_1_750' title='bbox 2559 5360 2620 5406; x_wconf 89' lang='lat' dir='ltr'><strong>ut</strong></span> <span class='ocrx_word' id='word_1_751' title='bbox 2658 5353 2855 5407; x_wconf 88' lang='lat' dir='ltr'><strong>ibidem</strong></span> <span class='ocrx_word' id='word_1_752' title='bbox 2879 5350 3227 5421; x_wconf 84' lang='lat' dir='ltr'><strong>adnotamus.</strong></span> <span class='ocrx_word' id='word_1_753' title='bbox 3261 5347 3452 5413; x_wconf 83' lang='lat' dir='ltr'><strong>Stella,</strong></span> <span class='ocrx_word' id='word_1_754' title='bbox 3484 5363 3598 5420; x_wconf 71' lang='lat' dir='ltr'><strong>quae</strong></span> <span class='ocrx_word' id='word_1_755' title='bbox 3615 5354 3691 5402; x_wconf 87' lang='lat' dir='ltr'><strong>est</strong></span> 
     </span>
    </p>
   </div>
   <div class='ocr_carea' id='block_1_111' title="bbox 2146 5420 3691 5487">
    <p class='ocr_par' dir='ltr' id='par_1_111' title="bbox 2146 5420 3691 5487">
     <span class='ocr_line' id='line_1_114' title="bbox 2146 5420 3691 5487; baseline -0.004 -12"><span class='ocrx_word' id='word_1_756' title='bbox 2146 5423 2200 5475; x_wconf 91' lang='lat' dir='ltr'><strong>in</strong></span> <span class='ocrx_word' id='word_1_757' title='bbox 2232 5422 2459 5479; x_wconf 83' lang='lat' dir='ltr'><strong>sinistro</strong></span> <span class='ocrx_word' id='word_1_758' title='bbox 2491 5424 2678 5478; x_wconf 88' lang='lat' dir='ltr'><strong>Persei</strong></span> <span class='ocrx_word' id='word_1_759' title='bbox 2729 5422 2976 5479; x_wconf 90' lang='lat' dir='ltr'><strong>humero.</strong></span> <span class='ocrx_word' id='word_1_760' title='bbox 3000 5420 3312 5474; x_wconf 83' lang='lat' dir='ltr'><strong>declinabat</strong></span> <span class='ocrx_word' id='word_1_761' title='bbox 3341 5421 3411 5475; x_wconf 88' lang='lat' dir='ltr'><strong>ab</strong></span> <span class='ocrx_word' id='word_1_762' title='bbox 3434 5427 3691 5487; x_wconf 67' lang='lat' dir='ltr'><strong>aequatam</strong></span> 
     </span>
    </p>
   </div>
   <div class='ocr_carea' id='block_1_112' title="bbox 2142 5491 3693 5567">
    <p class='ocr_par' dir='ltr' id='par_1_112' title="bbox 2142 5491 3693 5567">
     <span class='ocr_line' id='line_1_115' title="bbox 2142 5491 3693 5567; baseline -0.005 -20"><span class='ocrx_word' id='word_1_763' title='bbox 2142 5491 2646 5567; x_wconf 56' lang='lat' dir='ltr'><strong>E_t_tdox_i_tem_pore.</strong></span> <span class='ocrx_word' id='word_1_764' title='bbox 2679 5491 2940 5567; x_wconf 75' lang='lat' dir='ltr'><strong>gradibus</strong></span> <span class='ocrx_word' id='word_1_765' title='bbox 2987 5491 3077 5553; x_wconf 78' lang='grc'><strong>57,</strong></span> <span class='ocrx_word' id='word_1_766' title='bbox 3111 5491 3229 5556; x_wconf 66' lang='lat'><strong>17&#39;;</strong></span> <span class='ocrx_word' id='word_1_767' title='bbox 3256 5504 3287 5543; x_wconf 87' lang='lat' dir='ltr'><strong>a</strong></span> <span class='ocrx_word' id='word_1_768' title='bbox 3331 5491 3539 5567; x_wconf 81' lang='lat' dir='ltr'><strong>tropico</strong></span> <span class='ocrx_word' id='word_1_769' title='bbox 3564 5501 3693 5567; x_wconf 67' lang='lat' dir='ltr'><strong>gra-</strong></span> 
     </span>
    </p>
   </div>
   <div class='ocr_carea' id='block_1_113' title="bbox 2142 5557 3687 5636">
    <p class='ocr_par' dir='ltr' id='par_1_113' title="bbox 2142 5557 3687 5636">
     <span class='ocr_line' id='line_1_116' title="bbox 2142 5557 3687 5636; baseline -0.003 -19"><span class='ocrx_word' id='word_1_770' title='bbox 2142 5563 2305 5636; x_wconf 78' lang='lat' dir='ltr'><strong>dibus</strong></span> <span class='ocrx_word' id='word_1_771' title='bbox 2327 5564 2415 5628; x_wconf 76' lang='grc'><strong>15,</strong></span> <span class='ocrx_word' id='word_1_772' title='bbox 2433 5566 2461 5636; x_wconf 69' lang='lat' dir='ltr'>j</span> <span class='ocrx_word' id='word_1_773' title='bbox 2476 5557 2865 5636; x_wconf 66' lang='lat' dir='ltr'><strong>7&#39;,_llipparchi</strong></span> <span class='ocrx_word' id='word_1_774' title='bbox 2899 5569 3204 5636; x_wconf 72' lang='lat' dir='ltr'><strong>vero_:et_ate</strong></span> <span class='ocrx_word' id='word_1_775' title='bbox 3226 5557 3687 5636; x_wconf 65' lang='lat' dir='ltr'><strong>abaequiinoctialj.</strong></span> 
     </span>
    </p>
   </div>
   <div class='ocr_carea' id='block_1_114' title="bbox 2139 5631 3722 5701">
    <p class='ocr_par' dir='ltr' id='par_1_114' title="bbox 2139 5631 3722 5701">
     <span class='ocr_line' id='line_1_117' title="bbox 2139 5631 3722 5701; baseline -0.004 -14"><span class='ocrx_word' id='word_1_776' title='bbox 2139 5633 2394 5701; x_wconf 84' lang='lat' dir='ltr'><strong>gradibus</strong></span> <span class='ocrx_word' id='word_1_777' title='bbox 2431 5631 2696 5696; x_wconf 69' lang='lat' dir='ltr'><strong>38,51’.a</strong></span> <span class='ocrx_word' id='word_1_778' title='bbox 2728 5632 2936 5699; x_wconf 91' lang='lat' dir='ltr'><strong>tropico</strong></span> <span class='ocrx_word' id='word_1_779' title='bbox 2976 5631 3064 5689; x_wconf 75' lang='grc' dir='ltr'><strong>Η.</strong></span> <span class='ocrx_word' id='word_1_780' title='bbox 3098 5631 3203 5693; x_wconf 65' lang='grc'><strong>54⁸,</strong></span> <span class='ocrx_word' id='word_1_781' title='bbox 3253 5632 3541 5700; x_wconf 79' lang='lat' dir='ltr'><strong>utrobique</strong></span> <span class='ocrx_word' id='word_1_782' title='bbox 3590 5631 3722 5681; x_wconf 77' lang='lat' dir='ltr'><strong>tui—-</strong></span> 
     </span>
    </p>
   </div>
   <div class='ocr_carea' id='block_1_115' title="bbox 2138 5701 3174 5779">
    <p class='ocr_par' dir='ltr' id='par_1_115' title="bbox 2138 5701 3174 5779">
     <span class='ocr_line' id='line_1_118' title="bbox 2138 5701 3174 5779; baseline -0.002 -22"><span class='ocrx_word' id='word_1_783' title='bbox 2138 5718 2241 5760; x_wconf 90' lang='lat' dir='ltr'><strong>nus</strong></span> <span class='ocrx_word' id='word_1_784' title='bbox 2266 5719 2428 5779; x_wconf 89' lang='lat' dir='ltr'><strong>quam</strong></span> <span class='ocrx_word' id='word_1_785' title='bbox 2460 5703 2639 5759; x_wconf 87' lang='lat' dir='ltr'><strong>lucida</strong></span> <span class='ocrx_word' id='word_1_786' title='bbox 2670 5718 2789 5774; x_wconf 69' lang='lat' dir='ltr'><strong>qua:</strong></span> <span class='ocrx_word' id='word_1_787' title='bbox 2816 5710 2900 5757; x_wconf 87' lang='lat' dir='ltr'><strong>est</strong></span> <span class='ocrx_word' id='word_1_788' title='bbox 2926 5701 2980 5756; x_wconf 93' lang='lat' dir='ltr'><strong>in</strong></span> <span class='ocrx_word' id='word_1_789' title='bbox 3004 5701 3174 5755; x_wconf 86' lang='lat' dir='ltr'><strong>latere</strong></span> 
     </span>
    </p>
   </div>
  </div>
