3816 6306
96 276 218 331 1053

1099 274 1465 333 HlPPARCﬂI
1496 273 1588 330 AD
1617 272 2064 331 PHENOMENA
2092 273 2221 330 Lm.
2249 273 2291 328 l.

3171 268 3306 326 105-5

88 392 143 461 τῇ
173 389 400 462 πτέρυγι
430 386 766 461 βορειότερός
790 388 907 456 ἔστι
934 386 1028 441 τοῦ
1059 386 1372 461 ἰσημερινοῦ
1400 386 1508 459 μοί.
1533 393 1617 456 κγ’

1743 389 1798 441 in
1830 386 2170 442 extremitate
2199 386 2319 447 alae.
2347 382 2621 441 boreaiiot'
2669 391 2750 440 est
2785 382 3148 455 aquinoctiali
3181 399 3309 455 par-

86 478 166 535 τοῦ
195 480 249 534 δὲ
280 479 539 552 Ὄρνιθος
574 480 636 533 τὺ
668 479 764 549 μὲν
798 477 994 551 ῥύγχος
1030 479 1363 552 βορειότερόν
1402 482 1516 534 ἐστι
1546 479 1639 534 τοῦ

88 568 389 642 ἰσημερινοῦ
418 570 642 641 μοί.,κε’
675 570 769 623 καὶ
797 576 901 637 κγ’·
929 572 957 623 6
978 569 1034 622 δὲ
1062 570 1314 641 ἐχόμενος
1338 569 1523 630 αὐτοῦ,
1548 571 1640 624 καὶ

85 665 148 727 ὡς
176 664 236 717 ἂν
259 665 288 717 6
308 664 370 715 ὲν
397 660 478 732 τῷ
506 661 738 733 λάρυγγι
766 662 1035 731 κείμενος,
1056 660 1385 733 βορειότερός
1408 664 1521 715 ἐστι
1547 662 1639 716 τοῦ

85 753 386 826 ἰσημερινοῦ
415 751 529 824 μοί.
558 753 660 806 λα’.
689 751 858 822 Δῆλον
881 749 993 814 οὖν,
1014 754 1095 807 ὅτι
1119 751 1241 807 οὔτε
1261 754 1293 825 ὴ
1317 754 1524 825 κεφαλὴ
1546 753 1639 809 τοῦ

86 844 319 917 Ὄρνιθος
357 843 487 898 οὔτε
530 848 559 898 ὁ
590 843 858 915 τράχηλος
900 843 1119 899 δύναται
1166 846 1259 898 ἐπὶ
1288 845 1382 899 τοῦ
1427 845 1638 917 θερινοῦ

82 934 322 1005 τροπικοῦ
355 933 570 988 κεῖσθαι
597 933 815 988 κύκλου.

152 1024 301 1095 Ἑξῆς
328 1024 390 1076 δέ
424 1040 609 1094 φησιν.

143 1176 157 1190 .
187 1176 201 1190 .
225 1176 240 1190 .
277 1176 293 1190 .
327 1176 342 1189 .
386 1175 400 1188 .
441 1174 457 1189 .
484 1174 498 1189 .
519 1173 533 1188 .
560 1176 573 1190 .
595 1175 609 1189 .
645 1135 823 1190 καλοί
852 1135 901 1189 τ’
945 1136 1264 1205 Ὀςριούχεοι
1285 1131 1427 1204 ὦμοι

137 1207 330 1261 Αὐτὸν
356 1205 696 1259 δινεύονται
728 1206 1086 1275 ἐληλαμένοι
1117 1207 1249 1274 περὶ
1278 1208 1528 1260 κύκλον.

90 1319 169 1372 Ἔν
183 1317 239 1371 δὲ
259 1317 474 1381 τούτοις
494 1317 695 1382 τελέως
721 1318 923 1386 ἀγνοεῖ.
952 1317 1071 1371 Τῶν
1094 1317 1200 1388 γὰρ
1229 1316 1320 1371 τοῦ
1353 1316 1635 1389 Ὀφιούχου

78 1409 229 1482 ὤμων
259 1411 290 1462 6
321 1400 429 1480 μὲν
456 1408 627 1474 δεξιὸς
660 1409 840 1481 πολλῷ
882 1409 1062 1477 ἔγγιον
1099 1413 1277 1464 κεῖται
1307 1409 1399 1463 τοῦ
1440 1412 1634 1480 ἰσημε-

81 1502 212 1573 ρινοῦ
232 1502 380 1573 ἥπερ
400 1499 498 1553 τοῦ
526 1500 814 1573 τροπικοῖν
847 1503 877 1555 6
902 1500 959 1554 δὲ
986 1500 1269 1573 ἀριστερὸς
1290 1501 1456 1573 τρίτῳ
1480 1500 1634 1572 μέρει

78 1590 180 1654 ἐνὸς
202 1589 392 1654 ζωδίου
417 1587 733 1662 νοτιώτερός
756 1591 871 1643 ἐστι
894 1588 987 1642 τοῦ
1011 1588 1288 1661 τροπικοῦ.
1324 1590 1381 1642 Ὀ
1407 1589 1502 1659 μὲν
1526 1588 1634 1659 γὰρ

1746 478 1895 535 tibus
1924 477 2027 545 23;
2068 484 2125 532 at
2155 476 2324 550 Cygni
2355 483 2594 532 rostrum
2639 475 2911 531 borealius
2948 481 3033 532 est
3060 473 3306 546 equino-

1744 570 1895 628 etiali
1924 570 1996 627 25
2022 578 2077 626 et
2103 570 2175 625 25
2204 590 2217 625 :
2252 569 2379 625 huic
2408 569 2615 635 citima,
2640 577 2694 623 et
2725 568 2779 622 in
2808 575 3024 641 gutture
3052 566 3309 639 quodam-

1743 664 1906 720 modo
1954 664 2165 734 posita,
2221 661 2491 717 borealior
2531 670 2617 720 est
2661 660 3024 732 aequinoctiali
3060 659 3309 732 partibus

1740 756 1831 813 51.
1860 755 2038 823 Quare
2070 755 2418 827 perspicuum
2437 763 2520 808 est
2539 768 2713 823 neque
2742 761 2902 824 caput
2922 749 3308 823 Cygnimrque

1742 849 1942 904 collum
1979 848 2035 902 in
2071 849 2281 917 tropico
2319 846 2509 902 estivo
2539 846 2747 902 circulo
2771 861 2932 917 posse
2953 843 3231 901 constitui.

1810 1022 2017 1081 Exinde
2044 1025 2235 1079 scribit
2260 1027 2459 1078 Aratus

1813 1178 1839 1207 ,ί
1908 1176 1923 1192 .
1999 1174 2015 1190 .
2070 1136 2415 1207 prtrclarique
2438 1131 2921 1207 Opltiuchilutmeri

1813 1206 1995 1276 Ipsum
2024 1201 2297 1262 volt-untur
2324 1201 2513 1260 aaitati
2536 1205 2676 1257 circa
2704 1201 2896 1257 orbem.

1807 1316 1867 1373 in
1893 1317 2094 1389 quibus
2125 1316 2283 1388 plena
2310 1323 2393 1371 est
2434 1314 2583 1370 illius
2631 1312 2867 1368 inscitia.
2923 1310 3057 1366 Nam
3111 1312 3302 1369 dexter

1732 1410 1994 1466 humerus
2034 1408 2300 1481 Ophiuchi
2332 1408 2488 1479 longe
2534 1405 2893 1477 prapinqnior
2931 1412 3017 1461 est
3057 1406 3299 1476 aequino-

1732 1502 1882 1557 ctiali
1932 1515 2095 1572 quam
2148 1501 2388 1571 tropico;
2448 1499 2671 1555 sinister
2717 1506 2899 1554 autem
2946 1498 3107 1554 unius
3157 1496 3300 1568 signi

1732 1595 1930 1651 triente
1976 1594 2269 1648 australior
2319 1600 2403 1648 cst
2451 1594 2678 1662 tropico.
2729 1591 2937 1662 Quippe
2983 1588 3170 1645 dexter
3200 1589 3301 1644 hu-

77 1679 231 1746 δεξιὸς
278 1674 434 1750 ὦμος
487 1678 821 1751 βορειότερός
867 1682 981 1733 ἐστι
1022 1679 1114 1734 τοῦ
1165 1677 1477 1751 ἱσημερινοῦ
1519 1677 1617 1749 μοί.

1733 1702 1919 1741 merus
1940 1685 2209 1741 borealior
2227 1692 2311 1740 est
2331 1683 2696 1754 aequinoctiali
2723 1670 2966 1753 partibus
2989 1681 3207 1738 circiter
3229 1679 3296 1748 7;

78 1771 283 1838 ἔγγιστα
312 1769 359 1834 ζ’
376 1786 389 1798 ’
425 1768 457 1820 6
481 1769 538 1823 δὲ
565 1769 849 1842 ἀριστερὸς
878 1769 954 1833 ὡς
981 1770 1207 1839 ἔγγιστα
1239 1770 1348 1841 μοί.
1387 1775 1467 1825 ιε’.

142 1859 296 1931 '35,;
323 1860 384 1913 δέ
414 1876 602 1931 φησιν.

84 1969 138 2022 Ἠ
155 1968 205 2022 δ’
232 1970 444 2040 ἀλίγον
475 1970 710 2038 φέρεται
739 1969 1070 2040 νοτιωτέρη,
1098 1970 1223 2026 οὐδ’
1252 1970 1559 2026 ἐπιϐάλλει

74 2039 377 2108 Παρθένος,
415 2040 578 2095 ἄλλα
620 2040 786 2095 Λέων
827 2041 924 2093 καὶ
956 2039 1268 2109 Καρκίνος·
1302 2045 1355 2095 οι
1389 2045 1506 2109 μὲν
1535 2040 1631 2111 ἄρ’

82 2178 290 2245 Ἑξείης
304 2178 524 2232 ’κέαται
543 2179 959 2249 ,βεϐολημένοι-
985 2180 1171 2249 αὐτὰρ
1201 2183 1234 2235 ὀ
1263 2111 1555 2245 κύκέἕῖω

76 2250 173 2303 Τὸν
188 2250 305 2319 μὲν
334 2249 455 2303 ὑπὸ
486 2247 709 2317 στῆθος
741 2250 837 2302 καὶ
864 2251 1122 2319 γαστέρα
1134 2247 1313 2320 μέχρι
1333 2251 1467 2319 παρ’
1485 2248 1629 2304 αὶδὼ

73 2404 275 2473 τέμνει,
304 2404 506 2475 τὸν-δὲ
535 2404 851 2473 διηνεκέως
871 2407 1157 2475 ὑπένερθε
1181 2408 1427 2462 Χελείου

69 2470 372 2547 Καρκίνον
401 2470 505 2546 ᾗχι
533 2470 799 2543 μάλιστα
826 2470 1209 2547 διχαιόῂενόν
1239 2494 1308 2531 κε
1335 2478 1593 2546 νοήσαις

80 2545 281 2614 υροόν·
315 2545 717 2615 ἳννόφθαλμιὶ
751 2545 979 2602 κύκλου
1005 2545 1320 2617 ἑκάτερθεν
1349 2545 1519 2603 ἴοιεν.

127 2657 306 2712 Ταῦτά
340 2676 435 2729 μοι
462 2658 612 2714 δοκεῖ
638 2658 944 2732 συμφώνως
968 2662 1079 2724 τοῖς
1110 2660 1453 2731 φαινομένοις
1474 2662 1626 2732 εἰρη-

68 2749 223 2803 κέναι.
264 2750 389 2804 Τῶν
427 2768 489 2804 τε
530 2752 640 2824 γὰρ
675 2753 733 2804 ὲν
758 2752 836 2823 τῷ
869 2752 1053 2823 στήθει
1084 2750 1179 2806 τοῦ
1207 2751 1434 2816 Λέοντος
1463 2754 1491 2805 6
1525 2753 1624 2823 μὲν

71 2839 369 2906 νοτιὼτατος
400 2842 496 2895 καὶ
521 2839 920 2914 λαμπρότατος,
951 2844 1010 2897 ὃν
1040 2842 1103 2913 δή
1130 2860 1274 2907 τινες
1303 2846 1363 2897 ὲν
1397 2847 1464 2915 τῇ
1498 2861 1625 2916 καρ-

67 2930 142 3002 δίῃ
171 2932 401 2994 τιθέασι,
455 2932 638 3005 μικρῷ
673 2932 987 3006 νοτιὼτερός
1015 2934 1132 2989 ἔστι
1157 2934 1251 2989 τοῦ
1285 2935 1563 3007 τροπικοῦ’
1592 2938 1624 2990 6

1732 1778 1956 1834 sinister
1989 1777 2238 1848 partibus
2273 1790 2438 1847 quam
2482 1775 2727 1846 proxime
2760 1773 2848 1830 15.

1796 1868 2009 1925 Rursus
2032 1868 2230 1926 Aratus
2263 1887 2278 1924 :

1732 1983 1905 2039 Paulo
1945 1992 2118 2039 autent
2144 1984 2313 2053 fertur
2333 1983 2658 2053 auctralior;
2698 1996 2857 2053 neque
2878 1979 3092 2053 attingit

1739 2054 1898 2125 Virgo
1921 2071 1940 2109 :
1970 2055 2061 2110 sed
2086 2049 2212 2120 Leo,
2240 2064 2289 2109 et
2319 2053 2558 2117 Cancer;
2591 2052 2644 2106 lii
2670 2049 2879 2123 quidem
2907 2049 3063 2103 ambo

1729 2208 1814 2266 Ex
1837 2211 2019 2266 ordine
2042 2210 2221 2280 jaceat
2255 2210 2439 2264 inserti
2463 2225 2481 2263 :
2513 2208 2602 2263 sed
2631 2206 2859 2262 circulus

1725 2280 1950 2336 Leonem
1986 2275 2194 2352 quidem
2245 2281 2339 2335 sub
2383 2289 2587 2350 pectore
2646 2286 2696 2332 ct
2759 2286 2990 2352 ventrc,_
3014 2290 3182 2352 usque
3227 2275 3297 2330 ad

1997 2341 2011 2352 ’
2383 2341 2394 2350 ’
2969 2341 3224 2417 [inguina

1727 2417 1920 2481 Secat;
1954 2414 2195 2469 continue
2218 2429 2336 2468 vero
2358 2413 2453 2466 sub
2482 2411 2641 2465 Testa

1724 2489 2031 2543 Cancrum:
2059 2486 2147 2538 ubi
2170 2485 2400 2538 maxime
2437 2482 2685 2550 bifariam
2714 2489 2910 2535 sectum
2939 2483 3119 2540 videas

1726 2558 1913 2622 Recte;
1951 2568 2009 2610 ut
2039 2554 2176 2609 oculi
2208 2571 2242 2607 α
2263 2553 2460 2607 circulo
2497 2561 2619 2606 eant
2648 2552 2913 2622 utrinque.

1792 2671 1920 2726 Haec
1947 2667 2323 2740 apparentium
2369 2664 2493 2721 ﬁdei
2541 2663 2796 2719 videntur
2834 2664 2904 2720 ab
2937 2664 3032 2723 illo
3062 2680 3295 2725 consen-

1721 2762 2070 2819 taneedieta.
2115 2759 2250 2814 Nam
2294 2771 2484 2813 earum
2531 2769 2653 2825 quae
2702 2754 2758 2809 in
2792 2765 3015 2825 pectore
3062 2756 3291 2823 Leonis.

1723 2862 2147 2935 australissima,
2177 2872 2341 2929 quam
2373 2855 2623 2910 nonnulli
2654 2855 2708 2909 in
2759 2851 2927 2908 corde
2980 2851 3248 2906 collocant
3274 2889 3295 2916 .

1722 2955 1885 3026 paulo
1918 2961 2003 3009 est
2029 2950 2321 3007 australior
2350 2947 2596 3018 tropico;
2627 2960 2747 3017 qua:
2774 2960 2903 3000 vero
2945 2950 3070 3013 post
3114 2942 3291 3012 ipsam

66 3020 114 3073 δὲ
154 3024 286 3091 μετὰ
325 3022 519 3076 τοῦτον
559 3023 696 3095 πρὸς
736 3024 835 3089 τὰς
874 3026 1104 3097 ἄρκτους
1169 3027 1334 3081 αὐτοῦ
1376 3028 1617 3100 κείμενος

1730 3020 1791 3102 ad
1822 3043 2244 3116 septentrionem
2273 3042 2561 3113 positaest.
2579 3039 2739 3107 paulo
2754 3044 2838 3091 est
2867 3034 3158 3089 anstralior
3180 3040 3296 3088 tro-

69 3113 232 3184 μικρῷ
261 3112 604 3185 βορειότερος
630 3112 724 3167 τοῦ
757 3113 969 3188 θερινοῦ
996 3116 1277 3187 τροπικοῦ·
1305 3117 1400 3172 καὶ
1426 3117 1535 3171 τῶν
1567 3120 1624 3172 ὲν

65 3207 162 3268 τοῖς
195 3208 419 3279 μηροῖς,
458 3206 554 3260 καὶ
588 3206 801 3260 σκέλεσι
832 3207 926 3261 τοῦ
955 3207 1183 3273 Λέοντος
1207 3209 1249 3263 δ’
1283 3209 1570 3281 λαμπρῶν,
1597 3211 1627 3263 6

74 3295 160 3365 μὲν
194 3296 453 3371 δεύτερος
495 3298 593 3353 ἀπ’
649 3297 852 3370 ἄρκτου
900 3299 957 3350 ἐν
991 3301 1103 3363 τοῖς
1146 3302 1341 3371 μηροῖς
1377 3301 1627 3372 κείμενος

68 3386 387 3461 βορειότερός
426 3393 544 3443 ἐστι
571 3389 666 3443 τοῦ
708 3388 971 3461 τροπικοῦ
993 3406 1007 3422 ο
1050 3392 1080 3445 6
1120 3391 1177 3445 δὲ
1213 3391 1417 3468 τρίτος,
1447 3393 1541 3446 καὶ
1567 3394 1625 3448 ἐν

63 3481 163 3541 τοῖς
191 3481 409 3534 σκέλεσι
432 3481 702 3552 κείμενος,
734 3478 1050 3553 νοτιώτερός
1075 3483 1190 3536 ἐστι
1218 3481 1310 3536 τοῦ
1338 3482 1622 3556 τροπικοῦ.

64 3572 212 3642 Δῆλον
242 3569 359 3639 οὖν,
392 3575 476 3628 ὃτι
505 3572 595 3627 διὰ
624 3574 828 3644 μήκους
871 3575 961 3628 ὑπ’
996 3572 1160 3629 αὐτοῦ
1192 3577 1220 3629 6
1252 3574 1401 3628 Λέων
1430 3575 1621 3646 τέμνε-

63 3679 139 3716 ται
168 3666 271 3719 ὑπὸ
307 3667 373 3720 τὸ
414 3665 613 3737 στῆθος
649 3667 743 3725 καὶ
783 3667 882 3739 τὴν
933 3667 1151 3737 λαγόνα.
1206 3668 1326 3721 Τῶν
1373 3668 1417 3721 δ’
1458 3670 1515 3721 ἐν
1546 3669 1624 3741 τῷ

63 3755 304 3830 Καρκίνῳ
347 3758 618 3829 ἀστέρων,
654 3757 760 3813 τῶν
802 3759 931 3830 περὶ
961 3759 1023 3812 τὸ
1065 3758 1307 3828 νιφέλιον
1357 3760 1624 3830 κειμένων

63 3849 322 3922 τεσσάρων
353 3852 384 3903 6
426 3849 525 3919 μὲν
572 3847 889 3920 νοτιώτερός
932 3851 1048 3902 ἐστι
1093 3848 1188 3902 τοῦ
1231 3849 1490 3919 τροπικοῦ
1524 3851 1622 3903 οὐκ

60 3935 263 3993 ἔλασσον
285 3940 319 4011 ἢ
351 3939 465 4011 μοί.
488 3944 565 3992 α’·
593 3940 622 3992 6
643 3938 700 3992 δὲ
728 3938 1061 4011 βορειότερος
1084 3940 1262 3994 αὐτῶν
1289 3940 1623 4013 βορειότερὸς

60 4029 160 4083 ἐστι
185 4032 278 4086 τοῦ
312 4029 579 4105 τροπικοῦ
624 4017 835 4103 Θερινοῦ
870 4032 1094 4086 ἔλασσον
1124 4033 1159 4105 ἢ
1191 4034 1301 4104 μοί.
1335 4039 1383 4086 α’
1414 4032 1479 4065 ⁸⁸·
1513 4031 1622 4087 τῶν

56 4119 93 4172 δ’
113 4123 198 4179 ἀπ’
220 4124 493 4195 ἀνατολῆς
513 4123 643 4195 περὶ
665 4123 726 4176 τὺ
745 4123 990 4193 νεφέλιον
1016 4123 1286 4195 κειμένοιν
1309 4122 1352 4193 β(
1376 4123 1620 4194 ἀστέρων

56 4213 192 4286 ὁμὲν
222 4217 550 4290 νοτιὼτερος
580 4216 667 4269 ἐπ’
687 4215 851 4270 αὑτοῦ
886 4217 1071 4288 σχεδὸν
1102 4220 1278 4271 κεῖται
1308 4215 1403 4271 τοῦ
1431 4233 1621 4288 τροπι-

63 4307 165 4361 κοῦο
196 4313 225 4365 6
261 4310 319 4364 δὲ
357 4310 697 4382 βορειότερος
755 4309 845 4364 καὶ
888 4309 1023 4382 πρὸς
1049 4309 1149 4374 τὰς
1184 4309 1417 4383 ἄρκτους
1454 4309 1617 4363 αὐτοῦ

53 4397 229 4470 ἀπέχει
267 4400 385 4472 μοί.
418 4401 494 4465 ὡς
524 4400 750 4469 ἔγγιστα
785 4399 832 4471 β’
862 4398 947 4456 S".
980 4400 1148 4471 Δῆλον
1186 4397 1299 4460 οὖν.
1335 4400 1417 4453 ὃτι
1444 4399 1619 4454 καὶτὸ

55 4494 165 4565 περὶ
183 4496 275 4549 τὸν
296 4495 579 4567 Καρκίνον
599 4492 903 4564 συμφώνως
924 4492 1149 4563 ἔγγιστα
1173 4492 1478 4547 ἀποδέδωκε
1500 4494 1613 4547 τοῖν

52 4588 403 4658 φαινομένοις.

107 4679 441 4752 Διαληπτέον
472 4677 655 4749 μέντοι
686 4693 771 4746 γε,
818 4678 900 4731 ὅτι
941 4678 1011 4731 τὰ
1055 4677 1183 4750 περὶ
1211 4675 1303 4731 τοῦ
1335 4677 1611 4749 Καρκίνου

51 4772 130 4824 καὶ
153 4772 246 4827 τοῦ
276 4771 533 4834 Λέοντος,
574 4770 669 4824 καὶ
693 4769 990 4842 Παρθένον,
1015 4771 1109 4823 καὶ
1138 4770 1264 4834 τοὺς
1290 4770 1384 4824 τοῦ
1411 4771 1610 4823 Ἵππου

50 4861 215 4928 ﬁdae,
246 4864 329 4917 ἔτι
361 4862 420 4916 δὲ
446 4861 543 4916 καὶ
566 4861 633 4915 τὰ
659 4878 723 4915 πε
734 4860 786 4932 pl.
812 4861 903 4914 τὸν
933 4861 1167 4932 Περσέα,
1198 4861 1291 4913 καὶ
1322 4860 1392 4914 τὰ
1411 4861 1613 4930 γόνατα

47 4956 127 5010 τοῦ
158 4959 432 5028 Ἡνιόχου,
456 4956 553 5008 καὶ
570 4954 670 5019 τὰς
689 4954 931 5025 κεφαλὰς
950 4953 1062 5007 τῶν
1082 4952 1350 5024 Διδύμων,
1380 4953 1461 5007 ἔτι
1483 4953 1615 5026 πρό-

46 5062 186 5120 τερον
222 5051 461 5122 ’Δράτου
498 5046 723 5111 Εῠδοξος
760 5046 1160 5117 ἀναγέγραφεν·
1195 5038 1241 5114 ᾧ
1271 5045 1363 5099 καὶ
1390 5043 1610 5116 νομίζο-

50 5154 134 5204 μεν
163 5132 706 5212 κατηκολουθηκέναι
749 5136 843 5191 τὸν
882 5138 1136 5209 Ἄρατον.
1180 5137 1286 5191 Τοῦ
1330 5137 1510 5208 μέντοι
1547 5153 1612 5205 γε

57 5231 329 5304 Ὀφιούχου
358 5232 460 5305 τὴν
486 5228 750 5301 κεφαλὴν,
784 5230 875 5283 καὶ
912 5229 1034 5300 οὐχὶ
1067 5229 1194 5294 τοὺς
1224 5227 1407 5300 ὤμους
1446 5228 1609 5299 φησὶν

46 5319 252 5389 Εὔδοξος
279 5323 377 5378 ἐπὶ
408 5322 505 5377 τοῦ
533 5320 796 5395 τροπικοῦ
820 5322 1052 5377 κεῖσθαι·
1072 5323 1209 5395 ὅπερ
1242 5324 1361 5377 ἐστὶ
1396 5322 1493 5395 μὲν
1515 5320 1610 5376 καὶ

45 5412 160 5468 αὑτὸ
180 5416 400 5486 ψεῦδος·
432 5412 742 5483 συνεγγίζει
766 5414 948 5480 μέντοι
971 5414 1051 5487 τῷ
1071 5415 1315 5487 τροπικῷ
1335 5417 1369 5486 ἡ
1396 5414 1607 5485 κεφαλὴ

49 5504 228 5569 μᾶλλον
259 5505 297 5576 ἦ
331 5499 494 5578 ὦμοι·
524 5500 819 5576 νοτιωτέρα
848 5502 958 5573 γάρ
996 5504 1111 5557 ἐστι
1146 5501 1239 5557 τοῦ
1269 5502 1481 5577 θερινοῦ
1511 5503 1607 5559 τοῦ

106 5679 147 5711 ⁸⁸
172 5681 293 5753 Reg.
336 5683 431 5737 καὶ
457 5687 527 5735 κ’.
607 5680 652 5711 ⁸⁸
674 5697 761 5749 γρ.
797 5687 868 5745 α’,
898 5678 948 5733 ι’.

1728 3139 1850 3209 pico'
1870 3137 2080 3201 aestivo,
2115 3142 2227 3189 tum
2263 3149 2331 3190 ex
2360 3133 2428 3188 iis
2456 3146 2577 3202 qua:
2601 3128 2668 3184 ad
2700 3128 2926 3192 femora,
2958 3139 3189 3197 quaeque
3230 3125 3289 3180 in

1727 3228 1928 3285 Leonis
1957 3227 2211 3283 cruribus
2244 3233 2371 3282 sunt
2398 3231 2633 3295 quatuor
2653 3220 2879 3287 lucida;
2910 3217 3150 3276 secunda
3175 3218 3298 3289 qui-

1725 3320 1849 3376 dem
1884 3334 1915 3374 a
1944 3318 2313 3389 septentrione
2363 3316 2417 3370 in
2465 3313 2764 3370 femoribus
2814 3312 2991 3383 posita
3025 3309 3296 3365 borcalior

1724 3420 1808 3469 est
1837 3411 2078 3482 trepieo;
2105 3410 2264 3465 tertia
2287 3424 2438 3470 vero,
2465 3422 2586 3478 qua:
2617 3412 2701 3461 est
2724 3406 2779 3458 in
2805 3402 3079 3466 cruribus,
3101 3399 3293 3456 eodem

1724 3502 1933 3573 tropico
1955 3510 2037 3556 est
2064 3500 2375 3555 australior.
2409 3495 2546 3551 Hinc
2569 3494 2792 3552 evidens
2818 3501 2903 3548 est
2930 3490 3167 3547 Leonem
3206 3504 3295 3546 se-

1724 3594 1962 3649 cundum
1986 3590 2379 3662 longitudinem
2415 3588 2484 3643 ab
2514 3588 2607 3643 illo
2639 3585 2849 3642 circulo
2882 3584 2988 3640 sub
3035 3590 3290 3654 pectore.

1725 3689 1998 3758 ilibusque
2031 3685 2218 3741 dividi.
2276 3684 2542 3740 Caeterum
2594 3681 2663 3737 de
2712 3687 2949 3751 quatuor
2998 3676 3066 3733 iis
3120 3672 3295 3732 stellis

1722 3793 1845 3851 qua
1881 3785 2010 3833 sunt
2035 3777 2089 3832 in
2118 3776 2332 3831 Cancro
2375 3776 2521 3830 circa
2552 3772 2875 3829 nubeculam
2898 3810 2915 3836 ,
2947 3768 3054 3823 alia
3084 3773 3169 3843 est
3195 3781 3295 3820 nu-

1723 3869 1948 3927 stralior
2002 3868 2215 3939 tropico
2254 3882 2364 3922 non
2404 3867 2585 3921 minus
2624 3871 2779 3935 parte
2810 3862 2881 3929 l;
2942 3874 3065 3931 quae
3111 3864 3294 3913 autem

1723 3962 1999 4020 borealior
2026 3969 2111 4017 est
2139 3960 2487 4022 earumdem,
2539 3957 2751 4028 tr0pico
2779 3953 2987 4011 circulo
3022 3950 3295 4007 borealior

1721 4057 1808 4104 est
1847 4049 2027 4105 minus
2052 4055 2206 4118 parte
2231 4046 2257 4100 1
2290 4064 2305 4114 ;
2337 4047 2619 4101 ambarum
2647 4059 2800 4107 vero,
2831 4057 2953 4113 qum
2985 4040 3055 4096 ab
3081 4039 3294 4095 oriente

1721 4142 1871 4196 circa
1904 4140 2229 4195 nubeculam
2269 4139 2387 4193 sita:
2421 4146 2569 4201 sunt,
2598 4135 2891 4191 australior
2928 4133 2983 4186 in
3026 4131 3145 4203 ipso
3167 4145 3294 4202 pro-

1723 4250 1789 4304 pe
1809 4233 2023 4304 tropico
2051 4231 2317 4287 collocata
2340 4237 2458 4294 est;
2484 4227 2758 4283 borealior
2786 4232 2990 4287 autem,
3025 4231 3081 4278 ct
3109 4220 3177 4276 ad
3207 4237 3294 4278 se-

1722 4325 2059 4394 ptentriones
2100 4336 2329 4391 vergens
2357 4321 2512 4374 abest
2558 4318 2627 4373 ab
2653 4317 2842 4373 eodem
2897 4314 3148 4385 partibus
3177 4310 3293 4368 fere

1722 4416 1759 4472 2
1784 4416 1909 4487 ηε.
1941 4415 2135 4486 Liquet
2165 4427 2295 4483 ergo
2315 4426 2436 4482 qua:
2450 4410 2518 4465 de
2544 4409 2756 4464 Cancro
2796 4423 2826 4461 a
2874 4414 3032 4479 poeta
3076 4403 3292 4475 prodita

1722 4517 1871 4572 sunt.
1899 4522 2062 4578 quam
2107 4505 2352 4577 proxime
2385 4502 2454 4557 ad
2498 4500 2879 4573 apparentium
2913 4496 3290 4569 experimenta

1718 4613 2044 4655 congruere.

1792 4616 1821 4653 n
1863 4616 2044 4655 ruere.

1792 4616 1884 4746 δξο
1906 4697 1989 4746 est
2018 4696 2197 4745 autem
2219 4684 2643 4743 existimandum
2674 4682 2743 4737 de
2779 4680 3026 4743 Cancro,
3072 4677 3291 4745 Leone.

1721 4780 1966 4853 Virgine,
1996 4780 2136 4849 Equi
2166 4777 2397 4849 pedibus
2429 4796 2442 4831 :
2475 4789 2688 4830 necnon
2711 4772 2779 4828 de
2804 4771 3024 4831 Perseo.
3056 4766 3294 4838 genibus

1718 4867 2005 4931 Heniochi,
2047 4867 2401 4923 Geminorum
2441 4863 2745 4935 capitibus,
2804 4862 2961 4932 prius
3001 4857 3293 4915 Eudoxum

1716 4960 1884 5015 Arato
1927 4959 2217 5029 scripsisse
2247 4976 2261 5014 :
2297 4958 2435 5013 adeo
2463 4965 2522 5010 ut
2569 4955 2658 5009 hic
2689 4954 2839 5009 illum
2868 4992 2884 5017 ,
2919 4967 3036 5007 mea
3063 4948 3290 5021 quidem

1717 5051 2009 5114 sententia,
2046 5050 2119 5106 sit
2148 5059 2391 5106 secutus.
2423 5047 2623 5104 Verum
2654 5044 2922 5117 Ophiuchi
2950 5051 3136 5114 caput,
3176 5056 3290 5102 non

1715 5140 1975 5196 humeros
2030 5141 2085 5195 in
2129 5142 2336 5211 tropico
2383 5154 2507 5196 esse
2557 5140 2693 5195 sitos
2725 5136 2982 5192 Eudoxus
3045 5131 3280 5190 asserit:

1713 5233 1857 5303 quod
1888 5240 1942 5287 et
1973 5233 2149 5302 ipsum
2178 5241 2263 5288 est
2296 5231 2513 5302 quidem
2564 5229 2796 5296 falsum;
2833 5227 2927 5285 sed
2959 5234 3137 5281 tamen
3171 5232 3281 5278 troo

1713 5325 1837 5396 pico
1862 5325 2099 5381 vicinius
2140 5333 2225 5381 est
2258 5326 2497 5381 humeris
2528 5332 2712 5395 caput.
2773 5322 2869 5379 Est
2900 5321 3045 5377 enim
3092 5318 3289 5374 aestivo.

1714 5415 1925 5486 tropico
1960 5423 2168 5485 septem
2203 5414 2315 5470 fere
2346 5414 2597 5486 partibus
2620 5413 2940 5469 australius.
2970 5408 3143 5464 Porro
3171 5404 3281 5477 Cy-

1715 5504 1807 5575 gni
1848 5504 2072 5573 collum,
2098 5511 2152 5561 et
2183 5506 2463 5562 sinistram
2515 5504 2654 5561 alam
2708 5505 2762 5560 in
2812 5501 3025 5573 tropico
3072 5496 3278 5556 circuli.
