3816 6356
111 384 250 441 1057

1108 382 1474 441 HIPPARCIII
1510 385 1601 438 AD
1640 384 2089 442 PHIENOMENA
2128 386 2256 442 LIB.
2296 387 2336 441 1.

3207 388 3344 447 1058

176 496 504 565 Συνεγγιζει
534 495 588 548 δὲ
618 494 708 548 καὶ
734 492 906 547 ταῦτα
927 497 991 566 τῇ
1009 496 1255 570 ἀληθείᾳ.
1286 498 1344 552 Ὀ
1363 499 1420 552 δὲ
1454 499 1656 565 Εὔδοξοι

1851 500 1981 567 Qua
2001 508 2128 554 sunt
2151 500 2363 555 veritati
2397 500 2663 570 proxima.
2690 499 2949 559 Eudoxus
2973 511 3152 558 autem
3171 544 3186 570 ,
3213 521 3337 560 cum

108 591 175 644 τὰ
203 589 304 661 μὲν
334 588 477 644 ἄλλα
518 589 713 658 ὁμοίως
743 588 927 659 εἴρηκε
946 604 961 619 ⁸
995 587 1105 642 τῶν
1134 589 1189 643 δὲ
1221 588 1414 661 Χηλῶν
1445 590 1512 645 τὰ
1540 592 1679 663 μέσα

109 682 274 752 φησὶν
303 681 402 735 ἐπὶ
422 679 519 733 τοῦ
551 679 860 752 ἱσημερινοῦ
886 678 1120 742 κεῖσθαι,
1147 680 1239 734 τοῦ
1265 699 1324 735 τε
1365 682 1548 737 Ἀετοῦ
1581 683 1678 755 τὴν

107 768 407 844 ἀριστερὰν
435 770 698 842 πτέρυγα,
719 767 897 822 τοῦ’δὲ
920 768 1114 824 Ἵππου
1140 772 1233 824 καὶ
1253 771 1350 842 τὴν
1370 772 1560 840 ὀσφὺν,
1587 772 1679 826 καὶ

107 867 184 919 ἔτι
213 864 327 918 τῶν
368 862 591 934 Ἰχθύων
628 863 717 915 τὸν
775 861 1105 933 βορειότερον
1147 863 1345 945 αὐτῶν.
1387 863 1522 917 Οὔτε
1560 864 1617 916 δὲ
1649 865 1678 916 ό

118 956 300 1019 ’Δετὸς
322 954 606 1008 ὲπιὸἀλλει
632 955 708 1027 τῷ
739 954 1056 1027 ἰσημερινῷ,
1092 956 1120 1009 ὅ
1147 972 1206 1008 τε
1234 956 1325 1009 ἐπὶ
1353 957 1450 1027 τῆς
1479 957 1677 1025 ὀσφύος

104 1046 193 1103 τοῦ
228 1046 433 1100 Ἵππου
465 1045 794 1118 βορειότερός
827 1048 942 1098 ἐστι
967 1044 1061 1099 τοῦ
1095 1046 1406 1118 ἰσημερινοῦ
1429 1047 1610 1101 πλεῖον
1640 1047 1673 1119 ἢ

106 1139 211 1208 μοί.
254 1145 305 1207 γ’
342 1136 443 1192 δ’·
481 1138 511 1190 ὅ
556 1154 619 1206 γε
666 1138 772 1208 μὴν
818 1136 1149 1210 βορειότερος
1186 1138 1294 1191 τῶν
1334 1138 1550 1209 Ἰχθύων
1582 1138 1672 1209 βο-

104 1229 377 1302 ρειότερός
410 1231 527 1283 ἐστι
566 1226 659 1281 τοῦ
697 1227 1013 1300 ἰσημερινοῦ
1044 1228 1268 1297 ἔγγιστα
1303 1231 1410 1299 μοι.
1439 1236 1486 1282 ι’.
1522 1230 1581 1283 '0
1614 1230 1672 1283 δὲ

105 1322 367 1385 Ι’Δττ-αλος
408 1322 536 1393 περὶ
562 1321 669 1373 τῶν
697 1323 755 1374 ὲν
792 1323 902 1384 τοῖς
931 1320 1238 1392 εἰρημένοις
1269 1321 1489 1385 κύκλοις
1514 1318 1674 1376 ἀστέο

104 1432 206 1485 ρων
221 1414 314 1467 τὸν
333 1414 436 1485 μὲν
450 1412 591 1467 κατὰ
610 1412 766 1484 μέρος
781 1411 938 1481 λόγον
954 1412 1328 1483 παραπέμπει·
1346 1412 1456 1483 (68)
1470 1414 1670 1485 γράφει

98 1507 151 1559 δὲ
173 1504 386 1561 ταῦτα’
417 1524 436 1557 ι
481 1505 569 1558 Ἐν
598 1499 678 1569 οἷς
719 1504 775 1558 δὲ
822 1504 1075 1574 διασαφεῖ
1109 1504 1194 1557 διὰ
1233 1504 1397 1557 τινων
1427 1504 1669 1575 ἀστέρων

98 1599 325 1660 ἕκαστος
350 1595 465 1651 τῶν
490 1603 539 1665 γ’
572 1595 927 1668 παραλλήλων
968 1595 1142 1666 διήκει
1172 1594 1217 1647 δ’
1251 1594 1281 1648 ὃ
1309 1594 1668 1667 παραπέμπει

98 1690 422 1763 ὁλοσχερῶς,
448 1690 511 1743 οὐ
547 1687 856 1759 δυναμένων
886 1686 1192 1759 διέρχεσθαι
1223 1685 1331 1740 τῶν
1362 1686 1576 1740 κύκλων
1599 1683 1665 1740 δι’

98 1779 167 1838 ὦν
198 1802 367 1854 φησιν
397 1784 641 1854 ἀστέρων
673 1782 868 1845 αὐτοὺς
893 1780 1119 1852 διήκειν,
1142 1779 1231 1832 διὰ
1253 1779 1313 1832 τὸ
1336 1778 1668 1851 παρηκολου-

1780 589 1835 642 ἰη
1865 590 2085 658 reliquis
2108 606 2211 643 non
2237 591 2548 658 dissentiat,
2579 589 2870 645 Chelarum
2906 594 3145 648 medium
3176 596 3250 649 ait
3284 597 3340 651 in

1776 681 2139 751 aquinoctiali
2160 682 2322 736 situm
2348 697 2504 748 esse;
2527 696 2635 735 una
2659 696 2782 735 cum
2811 683 3137 738 ala~sinistra
3166 684 3340 756 Aqui-

1776 773 1841 827 la
1868 790 1881 826 :
1918 787 2019 826 nec
2042 787 2151 826 non
2179 771 2309 843 Equi
2335 772 2577 826 lumbum
2601 778 2655 826 et
2682 770 2918 827 Piscium
2950 774 3333 831 borealiorem.

1777 861 1974 919 Verum
1999 879 2101 918 nec
2138 864 2329 934 Aquila
2360 863 2627 932 contingit
2653 865 3107 933 aquinoctialem,
3133 875 3185 921 et
3217 884 3336 938 qua

1776 952 2039 1009 in-lumbo
2064 962 2147 1009 est
2183 953 2342 1025 Equi,
2394 954 2665 1009 borealior
2688 964 2771 1009 est
2819 956 3054 1025 amplius
3087 958 3336 1025 partibus

1774 1040 1809 1100 5
1833 1044 1957 1115 1/2;
1991 1044 2261 1099 borealior
2277 1061 2406 1100 vero
2424 1044 2656 1101 Piscium
2674 1046 3033 1115 aquinoctiali
3069 1048 3335 1104 borealior

1783 1144 1869 1191 est
1898 1135 2142 1205 partibus
2175 1135 2392 1191 circiter
2416 1138 2502 1192 10.
2533 1137 2747 1193 Attalus
2769 1146 2945 1192 autem
2980 1138 3181 1195 omissa
3210 1156 3334 1210 par-

1774 1227 1993 1282 ticulari
2018 1227 2386 1298 disputatione
2416 1228 2482 1283 de
2516 1228 2600 1284 his
2640 1230 2830 1293 stellis,
2862 1244 2984 1298 qua
3011 1229 3066 1283 in
3107 1232 3331 1287 circulis

1773 1318 1984 1384 insunt,
2015 1333 2153 1389 quos
2176 1333 2340 1389 supra
2364 1321 2807 1385 memoravimus,
2842 1320 2916 1374 ita
2946 1320 3135 1376 scribit
3161 1339 3173 1375 :
3209 1339 3229 1372 ι
3257 1320 3329 1375 Ea

1771 1425 1918 1477 vero,
1949 1409 2005 1464 in
2028 1410 2225 1480 quibus
2246 1410 2500 1481 explicat,
2526 1427 2621 1481 per
2653 1425 2914 1481 quasnam
2938 1412 3121 1467 stellas
3147 1418 3329 1468 trans-

1767 1509 1853 1556 eat
1893 1501 2118 1572 quilibet
2158 1502 2322 1556 trium
2355 1502 2736 1572 parallelorum
2877 1518 3001 1557 cum
3052 1505 3088 1558 ii
3132 1506 3325 1559 circuli

1770 1604 1867 1663 per
1890 1607 1985 1648 eas
2018 1592 2253 1647 transire
2288 1592 2475 1648 stellas
2502 1599 2794 1663 nequeant,
2824 1608 2961 1662 quas
2995 1592 3085 1648 ille
3114 1591 3325 1648 descri-

1769 1685 1870 1749 bit,
1897 1698 2153 1741 enarrare
2185 1684 2391 1739 idcirco
2432 1685 2615 1752 nolui;
2648 1685 2793 1756 quod
2832 1701 3019 1741 eorum
3059 1695 3116 1740 tu
3146 1686 3327 1742 scien-

1770 1776 1903 1831 tiam
1947 1791 2013 1831 ex
2045 1791 2183 1840 usu,
2236 1776 2665 1846 tractationeque
2701 1777 2931 1845 dioptra
2982 1776 3058 1832 sis
3100 1791 3323 1831 assecu-

99 1844 322 1945 (ιηκέναι
368 1891 452 1938 σε,
493 1844 581 1927 δίά
623 1873 721 1943 τῆς
764 1844 1019 1943 διόπρας
1064 1844 1656 1940 ἐπεσκεμμένον-αὑτὰ,

1769 1874 1876 1921 tus.
1910 1885 1929 1919 ι
1950 1864 2152 1921 Verum
2178 1866 2232 1920 id
2259 1866 2314 1920 in
2346 1866 2538 1931 primis
2567 1844 2870 1937 oportebat,
2892 1868 2974 1922 vel
3004 1874 3324 1922 caterorum

98 1967 317 2038 παρῆκα
352 1966 452 2019 νῦν
482 1965 781 2034 διασαφεῖν.
814 1983 833 2016 ι
869 1961 1090 2034 Πρῶτον
1138 1962 1236 2032 μὲν
1276 1956 1370 2014 οὖν
1420 1960 1528 2014 ἔδει
1572 1960 1666 2015 καὶ

96 2059 195 2112 τῶν
216 2058 424 2113 λοιπῶν
464 2059 620 2128 χάριν
652 2057 759 2109 τῶν
804 2053 1270 2126 φιλομαθούντων,
1318 2053 1473 2123 εἰπερ
1521 2069 1663 2124 παρ-

93 2153 394 2225 ηγρλούθει,
428 2150 699 2216 ὑποδεῖξαι
730 2148 868 2211 τίνες
905 2164 964 2200 τε
1008 2145 1184 2199 αὐτῶν
1227 2144 1531 2215 νοτιώτεροι
1571 2143 1664 2197 καὶ

97 2245 327 2318 βορειότε
338 2261 421 2315 ροι
443 2241 723 2311 ἐφαίνοντο
742 2237 835 2292 τοῦ
852 2236 1061 2309 θερινοῦ
1084 2235 1364 2308 τροπικοίλ
1384 2237 1478 2289 καὶ
1493 2237 1657 2304 πόσῳ·

94 2335 277 2386 ἔπειτα
302 2331 446 2404 πρὸς
479 2330 540 2383 τὸ
586 2328 718 2381 αὐτὸ
763 2326 919 2380 τοῦτο
967 2326 1125 2397 μόνον
1157 2325 1506 2396 κατανοῆσαι,
1529 2325 1662 2378 διότι

94 2424 149 2475 οὐ
178 2423 437 2494 φέρονται
469 2419 656 2473 κύκλοι
700 2417 785 2470 διὰ
814 2416 923 2469 τῶν
960 2414 1261 2487 εἰρημένων
1304 2414 1659 2485 ἀστέρων,ζού

93 2514 244 2584 χρεία
297 2513 584 2581 διόπτρας.
633 2506 816 2579 Πολλῷ
863 2506 973 2577 γὰρ
1026 2505 1134 2559 τῶν
1184 2505 1281 2576 μὲν
1331 2505 1661 2573 νοτιωτέρων

94 2603 468 2675 ὑπαρχόντων,
518 2599 626 2652 τῶν
662 2598 719 2651 δὲ
750 2597 1120 2668 βορειοτέρων,
1167 2594 1391 2648 αὐτόθεν
1436 2594 1660 2647 ἀναϐλέ-

92 2694 243 2763 ψαντι
278 2693 519 2765 φανερὸν
564 2691 793 2760 γίνεται,
826 2690 956 2743 διότι
985 2690 1045 2742 οὐ
1073 2688 1294 2743 δυνατὸν
1320 2686 1410 2741 διὰ
1439 2685 1546 2738 τῶν
1568 2684 1658 2738 λε-

91 2785 330 2857 γομένων
349 2782 598 2854 ἀστέρων
619 2778 948 2851 γραφῆναιῆ
978 2779 1068 2832 τὸν
1108 2776 1437 2849 ἰσημερινὸν,
1463 2775 1497 2845 ἢ
1516 2792 1657 2846 παρ-

91 2875 310 2946 ἀλληλόν
334 2890 462 2927 τινα
493 2870 698 2925 τούτων
726 2868 945 2924 κύκλον.

150 2968 293 3034 Κῷ.
329 2955 516 3035 Χῶρὶς
540 2962 596 3015 δὲ
620 2961 726 3015 τῶν
751 2959 1053 3033 εἰρημένων
1088 2964 1135 3027 7'
1156 2955 1367 3011 κύκλων
1387 2956 1414 3010 ό
1434 2954 1659 3021 Εὔδοξος

92 3058 178 3112 καὶ
197 3057 327 3120 τοὺς
359 3055 455 3109 ἐπὶ
482 3052 578 3107 τοῦ
602 3050 859 3124 ἀρκτικοῦ
893 3049 1090 3105 κύκλου
1118 3049 1399 3120 κειμένους
1426 3047 1657 3118 ἀστέρας

92 3150 337 3219 διασαφεῖ
358 3163 373 3178 ·
410 3146 506 3200 καί
554 3161 718 3216 φησιν
754 3143 840 3197 ἐπ’
868 3141 1031 3197 αὐτοῦ
1059 3141 1270 3195 κεῖσθαι
1310 3139 1402 3194 τόν
1448 3156 1507 3193 τε
1536 3141 1659 3210 ἀρι-

94 3244 270 3316 στερὸν
301 3235 455 3312 ὦμον
481 3238 578 3293 τοῦ
618 3235 1069 3310 Ἀρκτοφύλακος,
1110 3235 1204 3288 καὶ
1234 3234 1303 3287 τὰ
1330 3232 1532 3288 ἀνωθεν
1559 3230 1653 3285 τοῦ

93 3335 378 3403 Στεφάνου,
424 3334 521 3386 καὶ
567 3329 665 3402 τὴν
707 3328 946 3400 κεφαλὴν
993 3325 1089 3381 τοῦ
1129 3325 1218 3380 διὰ
1262 3325 1370 3377 τῶν
1406 3324 1655 3395 ’Λρκτων

96 3429 331 3497 Ὀφεωςο
367 3427 469 3497 τῆς
503 3424 561 3479 δὲ
594 3422 777 3495 Δύρας
807 3421 902 3476 καὶ
937 3419 1035 3492 τὴς
1061 3417 1239 3485 δεξιᾶς
1268 3416 1535 3488 πτέρυγος
1560 3412 1671 3471 τοῦ,

95 3519 333 3591 Ὄρνιθος
355 3517 431 3571 τά
455 3513 660 3570 ἄνωθεν
682 3530 697 3546 ·
726 3512 820 3567 τοῦ
860 3512 917 3567 δὲ
939 3510 1172 3582 Κηφέως
1210 3509 1271 3564 τὸ
1297 3508 1490 3580 στῆθος
1512 3524 1539 3579 ’1
1558 3507 1656 3579 τῆς

91 3611 141 3664 δὲ
175 3607 549 3671 Κασσιεπείας
591 3606 661 3660 τὰ
709 3605 928 3661 ἀνωθεν.
975 3598 1108 3657 Εἶτα
1149 3602 1251 3655 ὑπὸ
1293 3600 1418 3665 τοὺς
1448 3602 1656 3671 ἐμπρο-

95 3704 262 3768 σθίους
293 3704 465 3765 πόδας
498 3700 601 3771 τῆς
632 3697 872 3769 μεγάλης
904 3695 1137 3767 ’Δρκτου
1168 3692 1265 3747 καὶ
1304 3690 1398 3745 τοῦ
1430 3690 1655 3752 Λέοντος

92 3792 205 3864 ἄχρι
237 3793 377 3865 πρὸς
405 3791 497 3844 τὸν
522 3784 671 3860 ὦμον
705 3786 799 3841 τοῦ
840 3783 1292 3857 ’Δρκτοφύλακος,
1324 3780 1435 3853 (69)
1469 3778 1655 3834 νοτιώ-

92 3886 230 3955 τερός
258 3889 378 3939 ἐστι
410 3882 508 3938 τοῦ
540 3883 627 3936 ἀεὶ
652 3878 882 3951 φανεροῦ
903 3876 998 3932 τοῦ
1033 3880 1091 3931 ὲν
1115 3878 1230 3939 τοῖς
1252 3875 1379 3946 περὶ
1402 3873 1501 3944 τὴν
1536 3872 1654 3926 Ἐλ-

92 3977 209 4030 λάδα
238 3977 452 4039 τόποις,
488 3974 671 4027 πλεῖον
700 3973 733 4044 ἢ
764 3971 871 4043 μοι.
905 3970 968 4024 δ’.
1011 3965 1144 4022 Ἀπὸ
1176 3966 1286 4037 γὰρ
1312 3964 1406 4020 τοῦ
1440 3962 1650 4036 βορείου

92 4067 237 4120 πόλου
283 4066 484 4136 ἀπέχει
521 4062 631 4135 μοι.
668 4060 767 4133 μδ,
792 4062 834 4115 δ’
865 4059 1010 4131 (70)·
1038 4060 1067 4111 ό
1092 4057 1150 4111 δὲ
1175 4058 1262 4111 ἀεὶ
1292 4052 1525 4126 φανερὸς
1550 4053 1649 4107 κύ-

91 4158 202 4221 κλος
230 4158 431 4228 ἀπέχει
463 4155 575 4228 μοί.
602 4154 694 4219 λζ’.
731 4154 803 4206 Τὸ
822 4152 879 4206 δὲ
906 4150 1111 4205 ἀνωθεν
1136 4147 1230 4204 τοῦ
1262 4147 1529 4217 Στεφάνου
1557 4145 1651 4199 καὶ

89 4252 176 4323 τῆς
208 4252 396 4323 Δύρας
438 4246 882 4318 ὁλοσχερέστεροι)
915 4243 1144 4315 εἴρηται.
1193 4243 1265 4295 Οὐ
1312 4240 1421 4312 γὰρ
1464 4254 1653 4307 συνεγ-

90 4343 215 4411 γιζει
233 4342 410 4398 ταῦτα
440 4340 521 4412 τῷ
549 4341 795 4408 ἀειφανεῖ
821 4337 1023 4407 κύκλῳ,
1052 4336 1166 4390 ἀλλ’
1198 4333 1451 4404 ἑκάτερον
1472 4329 1650 4385 αὐτῶν

91 4435 254 4507 πολλῷ
286 4432 609 4503 νοτιὼτερόν
645 4432 809 4485 ἐστιν.
840 4430 897 4483 ’0
933 4430 1030 4500 μὲν
1050 4428 1158 4500 γὰρ
1186 4427 1517 4498 βορειότερος
1539 4422 1647 4477 τῶν

1766 1957 1885 2024 eius
1913 1957 2176 2013 doctrina
2215 1956 2587 2013 studiosorum
2619 1957 2814 2026 gratia,
2850 1958 2894 2012 si
2915 1958 3134 2028 quidem
3165 1958 3325 2012 intel-

1766 2048 1985 2120 ligebat,
2015 2062 2308 2118 exponere,
2356 2062 2476 2117 qua
2522 2055 2796 2117 quantove
2823 2062 2889 2101 ex
2919 2047 2987 2101 iis
3025 2047 3195 2103 stellis
3226 2062 3325 2100 au-

1762 2139 2062 2205 straliores,
2105 2138 2186 2193 vel
2236 2138 2570 2193 borealiores
2615 2153 2738 2193 esse
2774 2137 3092 2193 viderentur
3135 2138 3324 2193 astivo

1762 2230 1991 2300 tropico.
2024 2228 2243 2294 Deinde,
2279 2236 2335 2284 ut
2364 2229 2418 2285 id
2463 2229 2957 2300 comprehendatur
2998 2245 3190 2298 unum,
3227 2245 3325 2301 per

1761 2335 1854 2375 eas
1880 2321 2085 2383 stellas,
2117 2336 2237 2391 qua
2259 2322 2577 2391 percensita
2606 2332 2873 2386 sunt,non
2907 2321 3033 2376 duci
3063 2322 3320 2387 circulos,

1760 2412 1897 2467 nihil
1926 2427 2064 2484 opus
2100 2421 2185 2468 est
2222 2411 2459 2483 dioptra.
2491 2414 2623 2468 Cum
2652 2413 2798 2467 enim
2834 2412 2953 2467 alia
2982 2413 3126 2467 haud
3157 2412 3321 2482 paulo

1761 2500 1871 2558 sint
1913 2503 2291 2568 australiores,
2328 2504 2449 2559 alia
2489 2503 2844 2562 borealiores.
2880 2503 3063 2557 statim
3094 2511 3316 2572 aspectu

1760 2594 1880 2664 ipso
1915 2595 2265 2665 perspicuum
2299 2603 2404 2658 est,
2446 2608 2623 2664 neque
2656 2594 2919 2648 circulum
2965 2594 3321 2664 aquinoctia—

1759 2688 1884 2750 lem,
1917 2703 2093 2758 neque
2116 2686 2344 2743 alterum
2374 2688 2831 2760 aquidistantium
2868 2703 2965 2759 per
3004 2689 3127 2745 illas
3168 2690 3317 2760 ipsas

1756 2779 1945 2835 stellas
1974 2793 2135 2850 posse
2156 2780 2399 2849 perduci.

1816 2975 2007 3035 XXVI.
2024 2976 2223 3033 Prater
2233 2992 2293 3034 su
2304 2977 2539 3049 periores
2553 2977 2673 3034 illos
2687 2978 2921 3035 circulos
2933 2986 3045 3035 tres
3061 2977 3317 3033 Eudoxus

1756 3084 1850 3125 eas
1875 3070 2061 3125 stellas
2088 3070 2375 3135 describit,
2398 3085 2518 3140 qua
2546 3078 2671 3124 sunt
2692 3070 2745 3123 in
2763 3070 2968 3125 arctico
2984 3070 3192 3126 circulo
3219 3089 3233 3124 :
3257 3068 3315 3123 in

1756 3176 1929 3232 eoque
1958 3162 2121 3217 situm
2149 3160 2225 3216 ait
2247 3177 2369 3217 esse
2394 3161 2673 3217 sinistrum
2690 3160 3103 3232 Arctophylacis
3126 3162 3314 3215 hume-

1755 3268 1878 3307 rum
1911 3262 1964 3308 et
1987 3251 2267 3321 superiora
2291 3253 2535 3316 Corona,
2564 3268 2684 3307 cum
2708 3254 2886 3324 capite
2914 3251 3192 3323 Serpentis
3222 3269 3318 3323 per

1757 3339 1929 3399 Vrsas
1975 3343 2311 3400 transeuntis
2341 3361 2354 3397 :
2382 3345 2509 3398 item
2542 3339 2820 3406 Fidicula,
2870 3358 2935 3397 ac
2982 3343 3186 3399 dextra
3218 3346 3317 3398 ala

1756 3433 1927 3506 Cygni
1974 3433 2288 3503 superiores
2327 3442 2556 3503 partes:
2597 3434 2797 3504 Cephei
2829 3450 3047 3505 quoque
3091 3442 3311 3504 pectus;

1754 3535 1808 3582 et
1863 3524 2146 3595 superiora
2187 3524 2509 3595 Cassiepea.
2547 3523 2750 3579 Deinde
2798 3525 2901 3579 sub
2944 3525 3315 3580 anterioribus

1759 3618 1918 3690 ne
1967 3617 2191 3687 maioris
2225 3616 2377 3673 Ursa
2421 3617 2651 3688 pedibus
2680 3631 2745 3671 ac
2780 3613 2976 3673 Leonis
2998 3658 3013 3683 ,
3048 3634 3222 3688 usque
3247 3620 3315 3673 ad

1753 3709 2167 3780 Arctophylacis
2197 3708 2507 3772 humerum,
2536 3708 2830 3762 australior
2857 3717 2942 3765 est
2968 3723 3183 3779 semper
3215 3723 3314 3778 ap-

1754 3806 1977 3871 parente
2002 3798 2212 3854 circulo
2236 3797 2460 3854 Gracia
2484 3798 2730 3869 partibus
2761 3799 2994 3870 amplius
3016 3798 3084 3865 ις
3128 3815 3253 3854 nam
3284 3815 3315 3854 a

1752 3890 1956 3946 boreali
1982 3890 2107 3960 polo
2152 3887 2317 3944 distat
2359 3888 2608 3959 partibus
2636 3887 2847 3954 44,15’;
2893 3889 3134 3945 circulus
3177 3904 3308 3945 vero

1752 3997 1968 4053 semper
1993 3996 2260 4057 apparens
2277 3980 2429 4036 abest
2450 3980 2696 4051 partibus
2716 3980 2804 4035 37.
2829 3979 3001 4035 Porro
3030 3982 3312 4051 superiora

1749 4073 1977 4130 Corona
2038 4088 2101 4127 ac
2161 4069 2420 4127 Fidicula
2472 4071 2655 4126 minus
2717 4078 2976 4127 accurate
3032 4071 3313 4142 designata

1751 4174 1901 4222 sunt.
1929 4162 2049 4219 Non
2101 4164 2246 4220 enim
2282 4178 2497 4233 semper
2549 4163 2833 4233 apparenti
2878 4163 3085 4218 circulo
3132 4163 3311 4217 vicina

1750 4258 1856 4314 ista
1883 4268 2043 4323 sunt;
2078 4253 2174 4310 sed
2203 4257 2497 4323 utrumque
2525 4253 2682 4323 longe
2709 4260 2795 4307 est
2829 4254 3145 4307 australius.
3174 4253 3308 4307 Nam

1750 4345 2023 4403 borealior
2056 4359 2242 4401 earum
2276 4359 2397 4413 qua
2428 4349 2555 4397 sunt
2579 4343 2634 4395 in
2658 4341 2922 4406 Fidicula,
2942 4340 3109 4396 distat
3135 4358 3164 4396 a
3187 4343 3310 4412 polo

1749 4435 1957 4491 boreali
2014 4434 2260 4504 partibus
2298 4432 2400 4497 49;
2450 4438 2789 4501 caput.vero
2835 4431 3118 4501 Serpentis
3148 4430 3306 4486 Ursis

88 4528 139 4581 ὲν
160 4531 220 4601 τῇ
254 4526 414 4599 Δύρᾳ
438 4525 633 4594 ἀπέχει
664 4523 771 4577 ἀπὸ
796 4522 889 4576 τοῦ
930 4520 1137 4592 βορείου
1174 4519 1336 4572 πόλου
1374 4514 1482 4587 μοί.
1519 4513 1602 4585 μθ¹
1628 4530 1643 4545 ’

1760 4526 2020 4596 interjecti
2056 4525 2350 4581 australius
2391 4523 2607 4593 quidem
2647 4531 2753 4588 est,
2814 4522 2908 4576 sed
2963 4538 3178 4592 semper
3212 4538 3311 4592 ap-

86 4619 191 4688 ἠδὲ
232 4617 451 4690 κεφαλὴ
500 4615 609 4687 (71)
647 4614 739 4668 τοῦ
788 4612 874 4666 διὰ
915 4612 1023 4665 τῶν
1055 4612 1302 4682 Ι’Λρκτων
1329 4610 1540 4677 Ὄφεως
1562 4623 1647 4660 νο-

86 4711 309 4783 τιωτέρα
338 4710 459 4783 μὲν,
482 4709 649 4777 ἐγγὺς
675 4706 731 4760 δὲ
751 4704 845 4759 τοῦ
866 4702 1152 4773 ἀειφανοῦς
1173 4700 1372 4755 κύκλου
1399 4700 1641 4770 φέρεται.

95 4800 145 4854 ’0
178 4803 290 4874 γὰρ
330 4797 650 4870 νοτιώτερος
693 4796 892 4862 αὐτῶν,
936 4794 1030 4849 καὶ
1068 4795 1160 4846 ἐπὶ
1214 4792 1309 4845 τοῦ
1355 4787 1645 4863 ἀριστεροῦ

167 4948 251 5022 βξ)
284 4946 417 5022 ῌπιε
439 4952 590 5022 sunt.
613 4944 924 5022 depravata.

166 5013 253 5093 ﬁ?)
283 5018 472 5093 Deest,
504 5013 721 5093 opinor,
752 5013 979 5093 aliquid.

144 5081 252 5159 (70)
282 5081 559 5154 Ἀπέχει’
575 5085 697 5154 μοι.
730 5081 860 5153 μδ¹ξ
889 5081 1100 5159 scribe,
1134 5085 1246 5159 μα’,
1381 5082 1517 5159 Nam
1562 5084 1642 5137 al-

86 5152 191 5213 tera
219 5152 391 5216 lectio
406 5152 668 5225 cOrrupta
695 5152 800 5222 εει,
830 5162 890 5209 ιιι
909 5152 1251 5224 Hipparchus
1275 5156 1392 5225 ipse
1418 5154 1642 5211 demon-

87 5234 232 5283 strat.

147 5298 252 5369 (7|)
301 5296 461 5352 Ἡδὲ
490 5290 746 5369 κεφαλή.
787 5292 907 5346 Non
964 5291 1141 5369 solum
1176 5293 1495 5359 mendosus,
1544 5296 1638 5350 sed

86 5361 295 5444 mutilus
326 5371 498 5444 etiam
531 5361 619 5417 hic
649 5366 800 5444 locus
828 5371 933 5444 est.
972 5361 1230 5444 ΔΡιαίιιῃιιῐι
1272 5379 1641 5444 pugnare'se-

86 5448 196 5491 cum
225 5435 603 5507 Hipparchus,
627 5441 687 5486 ut
719 5449 782 5507 se
828 5433 990 5507 habet
1020 5431 1204 5507 modo,
1234 5431 1469 5507 videtur.
1501 5433 1636 5507 Nam

86 5517 236 5574 caput
257 5501 529 5560 Draconis
556 5503 855 5557 australius
884 5502 1019 5574 facit
1053 5502 1261 5574 arctico
1293 5501 1514 5559 Gracia
1535 5506 1639 5558 cir-

87 5572 228 5644 culo;
262 5584 318 5631 et
352 5575 501 5629 idem
524 5580 706 5627 tamen
737 5572 961 5644 pracise
986 5572 1042 5626 in
1062 5587 1127 5627 eo
1160 5572 1371 5628 circulo
1399 5576 1633 5644 reponit,

86 5642 342 5714 siquidem
401 5652 701 5714 utrumque
755 5643 1013 5714 gradibus
1064 5651 1271 5713 septem
1308 5652 1364 5698 et
1413 5642 1637 5714 triginta

88 5711 237 5769 distat
261 5731 291 5770 a
314 5714 466 5787 polo.
492 5711 913 5787 Pratereacum
940 5713 1054 5787 du_o_
1098 5711 1293 5787 sidera
1314 5711 1635 5787 proposuis-

88 5791 176 5852 set,
205 5782 419 5858 qua'ab
456 5784 665 5840 arctico
691 5783 917 5850 circulo,
965 5782 1054 5837 ubi
1093 5798 1156 5839 ea
1191 5782 1491 5841 collocarat
1525 5784 1633 5841 Eu-

1750 4618 1960 4688 parenti
2009 4625 2189 4671 tamen
2250 4614 2457 4670 circulo
2504 4612 2749 4667 citimum
2798 4618 2901 4667 est.
2955 4609 3165 4680 Quippe
3214 4626 3309 4665 au-

1756 4709 1979 4763 stralior
2010 4707 2249 4767 illarum,
2274 4712 2327 4759 et
2362 4704 2415 4757 in
2456 4703 2679 4759 sinistro
2708 4703 2811 4759 sita
2834 4711 3077 4771 tempore
3097 4702 3251 4757 abest
3278 4719 3308 4756 a

1746 4799 1872 4871 polo
1917 4797 2168 4869 partibus
2214 4795 2304 4861 37,
2334 4801 2467 4866 quot
2506 4809 2721 4865 semper
2750 4808 3020 4866 apparens
3067 4792 3308 4847 circulus

1745 4954 1946 5015 doxus,
1976 4951 2195 5024 longius
2225 4961 2381 5007 erant
2439 4951 2519 5024 ad_
2567 4956 3080 5024 austrum_remota_,
3143 4964 3308 5024 supc-

1744 5026 1888 5079 riora
1917 5019 2143 5080 Corona
2159 5024 2383 5092 pariter,
2406 5036 2470 5076 ac
2496 5020 2682 5092 Lyra;
2708 5021 2796 5092 ubi
2812 5020 2880 5075 de
2896 5019 3162 5092 ambobus
3192 5020 3307 5092 sin-

1780 5094 1970 5149 illatim
2002 5087 2236 5162 probare
2254 5093 2419 5162 capit
2449 5129 2479 5162 ,ί
2514 5087 2679 5147 unius
2706 5090 2860 5162 Lyra
2910 5088 3158 5162 meminit
3180 5087 3308 5162 ;___de

1787 5179 1957 5219 orona
1985 5158 2055 5217 tie
2092 5163 2328 5217 litteram
2345 5158 2572 5232 quidem
2594 5158 2978 5232 fecithesunt
3005 5160 3169 5229 igitur
3191 5158 3305 5223 illa,

1741 5229 2431 5305 quibusquotpartibus'a
2465 5232 2589 5305 polo
2637 5231 2866 5305 Corona
2894 5229 3144 5294 distaret,
3180 5242 3308 5305 ape-

1741 5298 1870 5359 r'uit.
1898 5298 2067 5370 Finge
2114 5298 2482 5370 Hipparchum
2542 5302 2616 5355 ita
2671 5300 3005 5370 scripsisse;
3044 5306 3165 5367 post
3197 5298 3305 5370 ista

1741 5318 1870 5359 rutt.
1898 5318 1996 5384 l‘lll
2035 5318 2067 5356 e
2116 5318 2482 5370 mpparcnum
2542 5318 2616 5355 Ita
2671 5318 2778 5357 scrt
2822 5318 3005 5356 Slsse:
3044 5318 3165 5367 pos;
3197 5318 3305 5379 15:8

1740 5373 1848 5448 ἀπὸ
1868 5318 2207 5448 τρυ--ἕορεμίου
2230 5371 2391 5448 πόλου
2430 5370 2538 5448 μοί..
2567 5371 2675 5448 μθξς
2705 5318 2818 5448 ό-δὲ
2832 5369 3172 5448 βορειότερος
3197 5383 3305 5448 τιον

1739 5446 1803 5523 ὲν.
1855 5443 1934 5523 τῷ
1961 5436 2252 5523 Σπφάγβξ.
2297 5436 2677 5523 μοί..’νγ’.’;ῌ
2727 5442 2785 5495 δὲ
2831 5436 3046 5523 κέφαλὴ
3075 5436 3174 5523 τοῦ
3218 5436 3306 5523 διὰ

1739 5460 1796 5496 εν
1855 5460 1934 5566 ex
1961 5460 2252 5511 mecpawtp,
2297 5460 2405 5513 μοι.
2450 5460 2550 5509 νγ.
2629 5460 2677 5494 r1
2727 5460 2785 5495 οε
2831 5460 3046 5523 κεφαλη
3079 5460 3174 5491 του
3218 5460 3306 5489 om

1736 5512 1886 5566 τῶν¹
1938 5528 2113 5581 ρκτων
2149 5512 2364 5580 Ὄφεως
2413 5512 2506 5564 ἐπὶ
2536 5510 2628 5563 τοῦ
2650 5512 2939 5581 ἀειφανοῦς
2978 5509 3182 5581 κυκλου
3211 5506 3306 5575 φέ-

1774 5598 1913 5636 εται.
1937 5576 2471 5636 ΒοιεθιὶοτὉοιόηω
2513 5576 2806 5651 Hipparchi
2843 5590 3088 5651 tempore
3132 5576 3308 5651 dista-

1774 5600 1913 5636 εται.
1937 5600 2218 5636 borealior
2244 5600 2471 5636 υθιόηω
2514 5600 2806 5649 ηιρρῖιτοῐιι
2843 5600 3088 5651 tempore
3132 5600 3307 5630 υιδιὶισ

1737 5600 1832 5708 Εαι
1866 5666 1897 5704 a
1932 5652 2055 5722 polo
2088 5651 2351 5722 gradibus
2373 5649 2610 5722 amplius
2640 5650 2725 5708 55.
2752 5666 2818 5722 ex
2839 5651 3049 5706 nostris
3082 5644 3307 5722 tabulis.

1714 5723 1913 5805 .sic‘et,
1928 5711 2118 5805 :Lyra'
2132 5723 2404 5805 borealior
2435 5711 2788 5791 partibusab
2809 5722 3007 5803 eodem
3040 5718 3169 5789 polo
3217 5711 3315 5766 ab-

1738 5798 1856 5847 erat
1883 5790 1972 5847 Si.
