3816 6322
500 403 639 459 1059

1484 393 1578 447 AD
1617 389 1885 446 EUSEBII
1921 389 2317 444 εΗιιυΝιρυλ
2359 386 2721 439 ΑΡΡΕΝυΙλ.

3594 363 3722 422 1030

497 526 737 575 constat.
784 483 980 573 Pectus
1025 522 1204 570 autem
1261 512 1467 583 Cephei
1509 517 1803 582 apparente
1848 523 2064 578 semper

2184 504 2436 577 ιροτάφου
2469 504 2718 574 κείμενος
2767 502 2957 571 ἀπέχει
3009 499 3117 552 ἀπὸ
3151 497 3243 551 τοῦ
3283 497 3445 550 πόλου
3484 496 3594 565 μοί.
3639 495 3726 560 λζ’,

499 611 705 667 circulo
733 619 817 665 est
869 608 1184 669 australius,
1216 613 1275 659 ut
1325 618 1491 674 supra
1542 602 2064 658 demonstravimus.

500 702 712 759 Dextra:
731 702 830 756 ala:
861 700 1030 771 Cygni
1061 699 1373 769 superiores
1406 703 1611 766 partes,
1646 703 1700 751 et
1724 709 1820 765 pes
1847 693 2067 749 Cassie-

500 810 615 867 pem
659 795 713 849 in
761 803 1052 864 apparente
1083 792 1290 845 circulo
1348 791 1616 846 feruntur.
1679 787 1893 842 Etenim
1963 787 2067 841 bo~

499 889 699 943 realior
726 901 934 947 earum,
965 899 1087 953 quze
1115 883 1169 937 in
1199 893 1438 938 extrema
1464 889 1592 936 sunt
1623 881 1706 934 ala
1736 881 1948 942 dextra,
1986 877 2070 932 di-

433 967 440 974 ’
498 985 656 1033 stata
686 976 889 1030 boreali
924 975 1050 1044 polo
1110 973 1359 1044 partibus
1395 971 1498 1038 40;
1547 969 1818 1025 borealior
1855 982 2066 1031 earum,

497 1082 616 1138 quae
636 1076 764 1122 sunt
792 1067 846 1120 in
885 1066 1200 1135 Cassiepea,
1231 1073 1284 1118 et
1314 1063 1368 1116 in
1402 1063 1635 1132 pedibus
1661 1063 1785 1122 sita,
1813 1059 1969 1113 abest
1999 1057 2068 1111 ab

495 1157 685 1213 eodem
725 1158 846 1226 polo
871 1155 1132 1226 gradibus
1163 1155 1251 1208 38.
1292 1151 1438 1220 Quin
1468 1160 1522 1207 et
1544 1151 1766 1221 majoris
1790 1148 1940 1204 Ursa:
1971 1163 2068 1218 pe-

494 1247 591 1304 des
621 1248 954 1302 borealiores
990 1247 1242 1300 feruntur
1267 1260 1480 1314 semper
1515 1250 1810 1313 apparente
1836 1242 2068 1296 circulo.

497 1338 775 1411 Siquidem
802 1337 1136 1394 antecedens
1168 1339 1386 1392 illorum
1431 1353 1461 1391 a
1489 1337 1693 1392 boreali
1730 1336 1855 1406 polo
1891 1349 2072 1389 remo-

497 1441 652 1489 vetur
691 1432 940 1503 partibus
982 1431 1094 1486 fere
1126 1430 1232 1498 ἰός
1281 1430 1618 1496 succedens,
1653 1428 1903 1499 partibus
1960 1426 2072 1481 l‘ere

493 1523 586 1579 25.
628 1521 766 1579 Vere
819 1523 1004 1592 itaque
1037 1521 1410 1592 pronuntiavit
1461 1528 1816 1590 apparentem
1856 1531 2073 1588 semper

496 1615 766 1670 circulum
796 1615 1034 1668 transire
1063 1613 1208 1667 inter
1238 1609 1436 1667 Ursam
1467 1629 1532 1667 ae
1562 1611 1822 1667 Leonem.

565 1875 685 1933 Jam
739 1875 797 1930 in
843 1890 910 1930 eo
958 1874 1190 1941 circulo,
1226 1874 1317 1946 qui
1349 1889 1631 1946 nunquam
1671 1881 1915 1946 apparet,
1944 1889 2065 1944 qua:
2097 1869 2137 1924 Β

497 1968 686 2024 insunt
716 1974 884 2033 astra,
917 1983 1029 2020 non
1053 1966 1305 2021 videntur
1324 1969 1570 2022 omnino.
1607 1965 1861 2020 Proxime
1889 1977 2067 2021 autem

498 2061 721 2128 absunt,
764 2059 964 2130 inquit,
988 2060 1057 2115 ah
1089 2075 1154 2114 eo
1185 2069 1441 2116 extremae
1477 2069 1660 2130 partes
1687 2073 1840 2129 aqua:
1869 2056 2065 2111 Flumi-

498 2156 625 2224 nis;
673 2162 728 2212 et
787 2156 1014 2210 fundum
1057 2155 1244 2220 Navis,
1295 2172 1360 2210 ac
1417 2154 1880 2210 Gubernaculum.
1931 2153 2070 2208 Tum

497 2246 664 2317 Fera;
701 2264 802 2305 nec
830 2265 938 2304 non
968 2249 1094 2303 Ara.
1126 2247 1258 2304 ltem
1290 2247 1573 2319 Sagittarii
1619 2262 1748 2303 crus
1779 2246 2068 2309 dextrum;

497 2357 620 2414 qua:
662 2350 844 2398 autem
898 2342 1112 2397 videtur
1152 2359 1218 2397 ex
1270 2339 1511 2412 {Egypto
1555 2339 1734 2404 stella,
1767 2338 1823 2392 in
1875 2337 2071 2392 eodem

497 2435 834 2499 continetur.
887 2433 967 2489 Ex
1022 2434 1109 2490 his
1161 2449 1283 2504 quae
1337 2443 1619 2502 utcunque
1668 2438 1797 2485 sunt
1849 2427 2068 2484 veritati

500 2529 770 2598 proxima,
803 2535 958 2584 extra
982 2527 1418 2583 controversiam
1466 2523 1779 2596 seponenda
1807 2531 1958 2578 sunt.
1991 2520 2067 2578 De

496 2634 562 2675 ea
593 2635 722 2676 vero
753 2621 932 2686 stella,
974 2635 1095 2690 qua:
1119 2618 1378 2690 Canopus
1412 2617 1641 2684 dicitur,
1671 2632 1778 2672 non
1808 2623 1956 2671 recte
1986 2630 2074 2670 as-

499 2710 633 2765 serit
677 2711 856 2781 ipsam
911 2713 966 2765 in
1015 2718 1314 2780 apparente
1356 2725 1633 2779 nunquam
1676 2708 1886 2763 circulo
1919 2706 2069 2761 ferri.

500 2799 596 2854 Est
619 2802 762 2855 enim
795 2801 910 2856 haec
933 2801 1228 2856 australior
1253 2814 1441 2854 earum
1468 2815 1590 2870 qua:
1616 2808 1744 2854 sunt
1772 2800 1826 2852 in
1866 2796 2075 2851 Guber-

505 2893 724 2956 naculo,
779 2904 943 2963 atque
980 2893 1159 2946 lucida
1193 2911 1206 2946 :
1239 2907 1361 2962 qua:
1388 2907 1418 2945 a
1463 2893 1591 2962 polo
1637 2892 1802 2947 distat
1827 2890 2074 2960 partibus

499 2985 570 3041 38
596 2985 720 3058 ιβ.
751 2987 820 3040 At
847 3003 1059 3057 semper
1084 3002 1353 3059 apparens
1395 2986 1618 3041 Athenis
1643 2987 1884 3040 circulus
1921 2986 2076 3040 abest

503 3094 532 3132 a
569 3080 693 3150 polo
744 3080 992 3150 partibus
1031 3079 1135 3145 37;
1177 3080 1232 3133 in
1263 3079 1457 3134 llbodo
1499 3093 1648 3143 vero,
1687 3078 1933 3147 partibus
1977 3076 2072 3131 56.

501 3171 731 3226 Constat
781 3172 948 3243 igitur
988 3172 1232 3226 eamdem
1281 3173 1494 3226 stellam
1538 3171 1897 3226 borealiorem
1951 3185 2076 3225 esse

504 3279 784 3334 nunquam
812 3273 1109 3334 apparente
1137 3263 1359 3318 Graeciae
1389 3263 1619 3326 circulo,
1657 3279 1720 3316 ac
1746 3279 1912 3333 supra
1965 3271 2075 3318 ter-

502 3370 619 3410 ram
663 3357 837 3412 videri
877 3372 1060 3428 posse,
1097 3365 1156 3411 ut
1181 3357 1346 3411 etiam
1380 3357 1530 3411 circa
1566 3357 1819 3411 Rhodum
1856 3355 2079 3428 prospi-

502 3448 664 3502 citur.

573 3536 788 3592 XXVII.
821 3537 1004 3609 Pergit
1025 3538 1287 3594 Eudoxus
1310 3555 1404 3594 eas
1429 3540 1706 3610 explicare
1729 3541 1939 3608 stellas,
1960 3557 2081 3612 qua:

504 3628 557 3682 in
593 3629 802 3683 coluris
853 3630 1063 3692 insunt,
1097 3645 1160 3685 ac
1190 3631 1348 3685 docet
1386 3631 1440 3684 in
1471 3631 1665 3684 borum
1695 3633 1872 3686 altero
1908 3634 2076 3688 situm

502 3731 626 3782 esse
651 3717 890 3772 medium
925 3718 1076 3773 Ursa:
1108 3717 1331 3787 majoris
1356 3726 1409 3772 et
1437 3717 1669 3784 Cancri;
1705 3733 1802 3771 nec
1835 3732 1944 3771 non
1969 3716 2082 3789 Hy-

504 3807 590 3861 dri
623 3808 849 3874 collum,
878 3815 932 3861 et
967 3808 1034 3863 de
1084 3807 1216 3863 Navi
1245 3812 1387 3880 quod
1424 3826 1656 3880 puppem
1707 3811 1850 3865 inter
1878 3818 1930 3865 et
1963 3827 2082 3866 ma-

507 3897 620 3951 lum
646 3898 954 3953 intercedit.
996 3897 1201 3955 Deinde
1252 3913 1374 3971 post
1402 3917 1618 3972 semper
1664 3902 1922 3958 latentem
1977 3918 2080 3974 po-

508 3988 640 4054 lum,
661 3987 890 4043 caudam
911 3993 1166 4047 australis
1194 3989 1389 4056 Piscis,
1409 4003 1462 4047 et
1494 3994 1727 4049 medium
1755 3992 2080 4067 Capricorni

508 4083 713 4152 pariter
743 4097 807 4136 ac
857 4080 1098 4152 Sagittae.
1149 4083 1413 4140 Eumdem
1460 4095 1724 4156 praeterea
1766 4103 1859 4158 per
1907 4086 2080 4160 Cygni

507 4168 732 4235 collum,
762 4170 1013 4241 alamque
1041 4171 1312 4239 dextram,
1344 4189 1410 4228 ac
1445 4192 1542 4246 per
1566 4179 1846 4233 sinistram
1878 4178 2079 4249 Cephei

508 4271 730 4314 manum
759 4259 1030 4329 describi;
1068 4269 1180 4316 tum
1218 4279 1319 4335 per
1342 4264 1540 4320 llcxtun
1571 4266 1874 4338 Serpentis,
1900 4283 1967 4325 ac
1990 4285 2081 4326 se-

507 4351 744 4406 cundum
793 4352 1020 4408 minoris
1063 4351 1216 4408 Ursae
1271 4357 1521 4410 caudam.

574 4612 867 4671 Enimvero
896 4615 965 4672 de
1010 4615 1149 4674 Ursa
1184 4620 1401 4689 penitus
1441 4623 1679 4678 aberrat.
1716 4623 1893 4693 l—Injus
1935 4627 2079 4682 enim

510 4707 880 4775 pracedentes
915 4709 968 4762 in
1005 4711 1202 4780 capite,
1251 4721 1306 4766 et
1333 4729 1453 4783 qua:
1498 4715 1550 4768 in
1584 4717 1952 4774 anterioribus
1989 4733 2084 4788 pe-

507 4797 693 4861 dibus.
727 4801 782 4856 in
812 4799 1011 4856 Leonis
1039 4803 1480 4858 dodecatemorio
1511 4815 1640 4860 sunt
1673 4809 1812 4866 sitae.
1844 4810 2078 4876 Quinam

509 4906 640 4964 ergo
673 4891 786 4948 ﬁeri
819 4895 1012 4964 possit.
1041 4902 1102 4948 ut
1132 4895 1368 4950 medium
1404 4895 1558 4953 υνδερ
1591 4900 1646 4954 in
1692 4900 1897 4956 Cancri
1923 4903 2081 4973 prin-

509 4982 655 5052 cipio
707 4985 1046 5040 collocetur?
1071 4987 1140 5039 At
1169 4987 1538 5056 praecedentes
1571 4991 1629 5046 in
1679 4991 1850 5064 Hydri
1905 4996 2083 5067 capite

585 5140 697 5208 (72)
718 5141 828 5195 Καὶ
854 5143 907 5195 ot
948 5141 1128 5205 πόδες
1158 5140 1243 5195 δέ.
1279 5141 1459 5198 Falso.

585 5209 696 5281 (75)
719 5209 1051 5285 _'_A_:zéxsr6_‘é
1074 5209 1269 5278 οὗτος.
1303 5213 1559 5285 Canobus
1600 5215 1811 5272 Eudoxi
1867 5220 2092 5285 smcnlo,

512 5278 683 5358 ut‘et’
719 5278 1036 5358 Hipparchi,
1087 5285 1312 5358 przecise
1354 5284 1592 5358 distabat
1624 5302 1654 5341 a
1695 5290 1819 5358 polo
1866 5278 2094 5345 australi

513 5351 763 5420 partibus
782 5349 871 5412 58,
895 5349 998 5411 50',
1017 5349 1310 5407 ett—nostris
1333 5355 1552 5410 tabulis.

585 5417 716 5500 Quae
746 5420 1004 5500 deinceps
1027 5423 1324 5500 in_duobus
1357 5425 1511 5479 libris
1543 5428 1835 5500 traduntur
1856 5431 1926 5483 ab
1959 5429 2092 5500 Hip-

514 5492 720 5572 parebo
739 5492 805 5544 de
829 5494 1232 5572 συνανατολᾳῖς,
1274 5501 1326 5547 et
1367 5497 1828 5572 συγκαταδύσεσι.
1870 5516 1933 5554 ea
1970 5492 2092 5570 plus

515 5567 612 5612 otii
637 5575 924 5631 Operaeque
969 5567 1276 5631 postulant,
1327 5571 1385 5616 ut
1425 5567 1490 5618 ad
1527 5579 1836 5624 nostrarum
1876 5567 2093 5625 tabula-

516 5644 638 5709 rutn
675 5630 830 5709 Iidem
855 5630 1160 5709 exigantur,
1189 5635 1348 5709 cujus
1378 5635 1455 5688 rei
1496 5652 1620 5690 cum
1659 5640 1712 5692 in
1758 5641 1945 5695 multis
1976 5643 2091 5709 jam

517 5699 821 5772 periculum
855 5699 1196 5765 fecissemus.
1235 5699 1388 5772 plura
1429 5721 1530 5761 nos
1572 5710 1855 5765 elaborare
1895 5699 2090 5766 inliniti

518 5783 582 5823 ac
605 5770 820 5827 molesti
863 5775 1044 5843 operis
1093 5770 1409 5846 magnitudo
1440 5777 1725 5834 deterruit.
1761 5779 1894 5834 Nam
1931 5789 1985 5837 et
2026 5784 2093 5837 iis

2169 598 2299 659 ὅσας
2331 597 2425 650 καὶ
2446 597 2474 648 6
2507 594 2770 665 ἀειφανὴς
2793 590 3008 654 κύκλος.
3043 588 3148 644 Τοῦ
3181 588 3239 642 δὲ
3267 587 3505 658 Κηφέως
3530 587 3591 640 τὸ
3616 590 3730 658 στῆ-

2170 687 2261 751 οος
2285 687 2597 757 νοτιώτερόν
2633 687 2749 739 ἐστι
2779 683 2874 738 τοῦ
2924 681 3214 752 ἀειφανοῦς
3246 679 3469 745 κύκλου,
3513 679 3591 742 ὡς
3615 681 3730 750 arpi.

2169 795 2323 848 τερον
2356 777 2794 847 ὑποδεδείχαμεν.
2834 776 2946 846 Τῆς
2975 774 3153 837 δεξιᾶς
3184 771 3454 842 πτέρυγος
3489 769 3585 822 τοῦ
3618 771 3730 840 ὐρ-

2168 871 2312 934 νιθος
2345 872 2413 925 τὰ
2457 869 2684 934 ἄνωθεν,
2711 869 2804 922 καὶ
2845 867 2946 937 τῆς
2978 864 3347 926 Κασσιεπείας
3389 865 3419 915 6
3458 861 3615 925 ποῦς,
3652 863 3731 915 ἐπὶ

2167 960 2260 1014 τοῦ
2296 961 2528 1033 φανεροῦ
2561 959 2757 1014 κύκλου
2788 957 3032 1029 φέρεται.
3061 956 3120 1008 'U
3153 956 3248 1026 μὲν
3278 954 3387 1024 γὰρ
3414 951 3730 1023 βορειότερος

2169 1052 2274 1105 τῶν
2304 1053 2362 1105 ὲν
2393 1052 2539 1124 ἄκρᾳ
2583 1055 2648 1124 τῇ
2697 1050 2846 1121 δεξιᾷ
2885 1048 3117 1117 πτέρυγι
3159 1047 3351 1116 ἀπέχει
3389 1041 3500 1098 ἀπὸ
3528 1043 3619 1096 τοῦ
3659 1042 3731 1112 βο-

2171 1143 2317 1216 ρείου
2358 1143 2556 1196 κύκλου
2605 1142 2710 1213 μοί.
2754 1148 2840 1212 μ”
2875 1142 2904 1191 ὁ
2947 1139 3002 1193 δὲ
3046 1137 3384 1208 βορειότερος
3431 1133 3540 1186 τῶν
3583 1135 3639 1186 ἐν
3674 1135 3728 1202 τῇ

2170 1235 2530 1304 Κασσιεπείᾳ.
2561 1235 2620 1298 ὃς
2657 1236 2802 1288 ἐστιν
2837 1236 2894 1287 ἐν
2924 1237 3038 1297 τοῖς
3083 1232 3260 1294 ποσὶν,
3293 1229 3488 1298 ἀπέχει
3515 1228 3621 1280 ἀπὸ
3650 1225 3728 1278 τοῦ

2171 1323 2333 1376 πόλου
2366 1323 2476 1394 μοί.
2522 1324 2620 1395 λη’.
2655 1324 2764 1376 Καὶ
2809 1323 2859 1376 οἱ
2908 1323 3065 1384 πόδες
3113 1322 3170 1374 δὲ
3213 1319 3324 1391 (72)
3356 1319 3455 1387 τῆς
3507 1316 3728 1387 μεγάλης

2175 1415 2410 1485 Ἀρκτου
2445 1413 2772 1484 βορειότεροι
2801 1414 3056 1484 φέρονται
3079 1411 3173 1463 τοῦ
3200 1407 3492 1478 ἀειφανοῦς
3524 1406 3726 1458 κύκλου.

2179 1504 2239 1558 Ὀ
2273 1506 2370 1576 μὲν
2399 1508 2507 1578 γὰρ
2527 1506 2828 1577 ἡγούμενος
2855 1504 3034 1557 αὐτῶν
3063 1505 3254 1574 ἀπέχει
3279 1501 3390 1554 ἀπὸ
3417 1498 3511 1552 τοῦ
3540 1496 3728 1569 βορείου

2171 1600 2334 1652 πόλου
2365 1599 2491 1672 περὶ
2522 1599 2632 1670 μοί.
2685 1599 2793 1652 x5"
2835 1601 2864 1652 6
2908 1599 2964 1652 δὲ
3010 1599 3275 1668 ἑπόμενος
3322 1593 3452 1666 περὶ
3495 1592 3600 1663 μοί.
3641 1595 3728 1643 κε’.

2171 1692 2419 1761 Εύλόγως
2451 1689 2543 1746 οὖν
2579 1710 2710 1762 φησι
2741 1693 2829 1746 τὸν
2862 1691 3095 1762 ἁειφανῆ
3129 1689 3388 1762 φέρεσθαι
3420 1685 3620 1759 μεταξὺ
3647 1684 3731 1753 τῆς

2176 1786 2413 1857 Ἀρκτου
2449 1786 2657 1839 καὶτοῦ
2686 1787 2935 1849 Λέοντος.

2247 1879 2371 1931 Ἐπὶ
2407 1879 2463 1932 δὲ
2494 1879 2584 1932 τοῦ
2616 1880 2704 1932 ἀεὶ
2738 1879 2976 1948 ἀφανοῦς
3006 1878 3204 1932 κύκλου
3238 1876 3304 1931 τὰ
3344 1877 3442 1947 μὲν
3473 1874 3559 1928 ἐπ’
3586 1870 3732 1927 αὑτοῦ

2169 1971 2444 2041 φερόμενα
2492 1973 2667 2042 ἄστρα
2713 1971 2810 2042 ούχ
2862 1973 3073 2043 ὁρᾶται.
3119 1969 3432 2037 Ἐγγυτάτω
3461 1967 3540 2030 δὲ,
3569 1965 3730 2036 φησὶν,

2171 2063 2334 2117 αὐτοῦ
2363 2065 2477 2116 ἐστι
2511 2064 2604 2116 τοῦ
2643 2081 2700 2116 τε
2740 2063 2932 2127 ὓδατος
2955 2065 3048 2115 τοῦ
3082 2061 3334 2132 Ποταμοῖ»
3379 2059 3450 2112 τά
3480 2059 3621 2128 ἄκρα
3655 2057 3734 2110 καὶ

2168 2157 2269 2227 τῆς
2313 2155 2540 2226 Ἀργοῦς
2585 2157 2645 2209 τὸ
2703 2156 2916 2226 ἔδαφος,
2970 2157 3062 2209 καὶ
3105 2155 3166 2208 τὸ
3213 2153 3515 2224 Πηδάλιονο
3550 2147 3660 2205 εἶτα
3684 2150 3735 2203 τὸ

2170 2248 2371 2320 Θηρίον
2423 2250 2517 2302 καὶ
2557 2250 2616 2302 τὸ
2654 2249 3021 2322 Θυμιατήριον
3047 2266 3060 2279 ·
3103 2247 3183 2301 ἔτι
3210 2246 3266 2300 6':
3308 2245 3402 2299 τοῦ
3438 2245 3660 2312 Τοξότου
3679 2243 3736 2296 τὰ

2171 2340 2318 2408 δεξιὰ
2348 2341 2532 2410 σκέλη.
2564 2341 2624 2394 Ὀ
2648 2341 2701 2394 δὲ
2725 2341 2782 2405 ἐξ
2808 2341 3081 2409 Αἰγύπτου
3099 2339 3373 2409 ὁρώμενος
3400 2339 3580 2408 ἀστήρ
3608 2337 3734 2388 ἐστιν

2172 2432 2229 2484 ὲν
2250 2429 2414 2500 αὐτῷ.
2452 2429 2666 2484 Τούτων
2703 2431 2758 2484 δὲ
2790 2435 2858 2483 τὰ
2889 2430 2986 2502 μὲν
3016 2428 3170 2494 ἄλλα,
3192 2429 3312 2482 ἐπεὶ
3337 2427 3482 2480 κατὰ
3512 2427 3599 2479 τά⁰
3628 2442 3734 2478 συνο

2173 2522 2436 2593 εγγισμὸν
2482 2524 2714 2594 εἴρηται,
2753 2523 2852 2575 ούκ
2887 2522 2952 2575 ἂν
2985 2521 3285 2584 διστάζοιτο
3311 2537 3326 2550 °
3353 2523 3382 2573 6
3403 2520 3464 2572 δὲ
3493 2517 3736 2587 καλούμε-

2174 2631 2262 2677 νος
2297 2614 2561 2678 Κάνωπος
2592 2615 2691 2666 ούκ
2723 2611 2899 2685 ὀρθῶς
2935 2612 3148 2682 λέγεται
3181 2613 3238 2663 ἐν
3268 2610 3420 2680 αύτῷ
3454 2610 3536 2681 τῷ
3565 2609 3738 2678 ἀφανεῖ

2176 2706 2356 2776 κύκλῳ
2389 2704 2667 2776 φέρεσθαι.
2704 2707 2859 2758 Ἔστι
2894 2707 3001 2777 γὰρ
3045 2698 3198 2768 οὗτος
3225 2707 3253 2757 6
3289 2701 3610 2775 νοτιώτερος
3648 2700 3735 2754 τῶν

2176 2799 2233 2853 ὲν
2256 2798 2334 2868 τῷ
2362 2797 2635 2869 Πηδαλίῳ,
2679 2800 2770 2851 καὶ
2819 2798 3087 2870 λαμπρός.
3127 2798 3344 2869 Ἀπέχει
3377 2797 3435 2851 δὲ
3466 2790 3620 2861 οὗτος
3646 2794 3735 2864 (75)

2176 2891 2283 2943 ἀπὸ
2319 2891 2412 2943 τοῦ
2459 2891 2620 2944 πόλου
2656 2892 2784 2962 περὶ
2832 2891 2940 2961 μοί.
2983 2891 3063 2960 λη’
3099 2890 3182 2943 S".
3225 2891 3281 2943 '0
3320 2889 3377 2942 δὲ
3413 2891 3474 2954 ἐν
3513 2890 3738 2960 Ἀθήναις

2178 2978 2442 3048 ἀειφανὴς
2475 2978 2671 3043 κύκλος
2719 2980 2912 3050 ἀπέχει
2957 2979 3064 3032 ἀπὸ
3114 2978 3206 3031 τοῦ
3259 2980 3426 3032 πόλου
3482 2981 3608 3051 περὶ
3647 2978 3736 3050 μοι.

2178 3064 2288 3130 λζ’·
2319 3069 2348 3119 6
2391 3066 2448 3119 δὲ
2483 3069 2540 3120 ὲν
2576 3068 2739 3138 Ῥόδῳ
2780 3069 2908 3139 περὶ
2957 3068 3064 3140 μοί,
3116 3068 3223 3134 λς’.
3253 3070 3427 3140 Δῆλον
3460 3066 3575 3132 οῦν,
3623 3070 3740 3122 ὅτιὸ

2180 3157 2352 3229 ἀστὴρ
2375 3155 2526 3222 οὗτος
2550 3159 2884 3232 βορειότερὸς
2911 3161 3025 3214 ἐστι
3055 3160 3146 3213 τοῦ
3178 3163 3234 3214 ὲν
3273 3165 3340 3232 τῇ
3385 3161 3596 3217 Ἐλλάδι
3621 3162 3741 3230 63:6-

2179 3249 2304 3314 νοῦς
2332 3251 2552 3317 κύκλου,
2585 3253 2680 3306 καὶ
2715 3253 2935 3306 δύναται
2985 3255 3124 3325 ὑπὲρ
3161 3255 3264 3326 γῆς
3305 3255 3606 3326 φερόμεννς
3642 3254 3740 3325 βλέ-

2180 3342 2377 3395 πεσθαι
2398 3360 2411 3372 ·
2445 3346 2538 3397 καὶ
2563 3345 2629 3415 δὴ
2663 3345 2757 3397 καὶ
2797 3345 3081 3416 θεωρεῖται
3114 3347 3171 3398 ὲν
3201 3350 3315 3410 τοῖς
3357 3348 3486 3419 περὶ
3515 3350 3611 3420 τὴν
3641 3345 3739 3402 Ῥό-

2178 3433 2266 3486 δον
2299 3433 2502 3497 τόποις.

2252 3528 2378 3580 ΚΖ’.
2403 3529 2570 3583 Πάλιν
2600 3529 2655 3582 δὲ
2683 3531 2710 3584 6
2741 3529 2965 3595 Εῦδοξος
2995 3531 3246 3608 διασαφεῖ
3270 3532 3363 3584 καὶ
3388 3532 3518 3597 τοὺς
3540 3531 3631 3587 ἐπὶ
3655 3529 3739 3584 τῶν

2182 3619 2454 3690 κολούρων
2483 3622 2791 3694 λεγομένων
2819 3624 3034 3679 κύκλων
3066 3625 3351 3695 κειμένους
3383 3627 3639 3699 ἀστέρας,
3669 3627 3739 3678 καί

2183 3727 2348 3781 φησιν
2374 3712 2466 3764 ἐπὶ
2503 3715 2600 3782 μὲν
2630 3714 2725 3768 τοῦ
2763 3714 2880 3778 ἑνὸς
2913 3715 3090 3768 αὐτῶν
3120 3716 3332 3771 κεῖσθαι
3371 3717 3437 3771 τὸ
3477 3719 3639 3788 μέσον
3663 3717 3740 3787 τῆς

2185 3802 2426 3873 μεγάλης
2454 3805 2713 3877 Ἄρκτου,
2769 3807 2860 3860 καὶ
2899 3807 2992 3860 τοῦ
3037 3808 3315 3880 Καρκίνου
3363 3809 3428 3861 τὸ
3461 3809 3643 3879 μέσον,
3668 3807 3739 3859 καὶ

2181 3893 2271 3946 τὸν
2297 3894 2495 3964 αὐχένα
2532 3895 2624 3948 τοῦ
2657 3895 2875 3967 Ὕδρου,
2919 3898 3013 3949 καὶ
3046 3897 3145 3966 τῆς
3187 3897 3416 3967 Ἀργοῦς
3463 3898 3524 3951 τὸ
3565 3897 3736 3969 μεταξὺ

2181 3985 2278 4055 τῆς
2309 4003 2368 4040 τε
2394 3985 2646 4060 πρύμνης
2675 3989 2768 4042 καὶ
2797 3989 2889 4042 τοῦ
2920 3989 3085 4044 ἱστοῦ.
3125 3986 3255 4042 Εἶτα
3289 3989 3430 4060 μετά
3467 3990 3560 4044 τὸν
3585 3988 3735 4059 ἀφανῆ

2182 4077 2343 4131 πόλον
2388 4079 2488 4150 τὴν
2539 4080 2705 4151 ούράν
2747 4080 2840 4134 τοῦ
2887 4083 3062 4135 νοτίου
3104 4081 3326 4152 Ἰχθύος,
3373 4082 3563 4136 καὶτὸ
3602 4083 3735 4154 μίτον

2181 4165 2273 4218 τοῦ
2326 4167 2625 4239 Αἰγόκερω,
2677 4169 2770 4221 καὶ
2820 4170 2881 4222 τὸ
2932 4171 3095 4241 μέσον
3151 4172 3245 4225 τοῦ
3290 4174 3544 4228 Ὅῖστοῦο
3573 4174 3656 4228 τοῦ
3694 4171 3735 4225 δὲ

2187 4257 2435 4328 Ὄρνιθος
2467 4259 2556 4312 διὰ
2583 4259 2675 4312 τοῦ
2717 4260 2961 4330 αὐχένος,
2991 4265 3083 4316 καὶ
3114 4263 3214 4334 τῆς
3255 4264 3440 4332 δεξιᾶς
3477 4268 3736 4339 πτέρυγος,

2182 4350 2278 4402 καὶ⁹
2305 4349 2394 4403 διὰ
2413 4351 2512 4420 τῆς
2533 4353 2826 4423 ἀριστερᾶς
2853 4354 3034 4425 χειρὸς
3068 4354 3160 4409 τοῦ
3192 4357 3431 4426 Κηφέως
3461 4358 3736 4430 γράφεσῠιι

2183 4443 2364 4508 αὐτὸν,
2398 4445 2492 4497 καὶ
2532 4444 2621 4498 διὰ
2667 4446 2765 4516 τῆς
2814 4447 3036 4518 καμπῆς
3081 4447 3174 4501 τοῦ
3209 4449 3448 4518 Ὄφεως,
3484 4453 3576 4506 καὶ
3615 4448 3734 4519 παρά

2118 4575 2158 4628 D
2185 4534 2285 4606 τὴν
2311 4534 2477 4605 ούράν
2501 4536 2598 4604 τῆς
2634 4537 2835 4606 μικρᾶς
2865 4538 3123 4607 Ἀρκτου.

2263 4632 2396 4703 Περὶ
2412 4634 2508 4702 μὲν
2539 4629 2632 4687 οὖν
2659 4633 2757 4703 τῆς
2781 4635 3013 4705 ’Ἄρκτου
3035 4634 3334 4706 ὁλοσχερῶς
3351 4640 3556 4706 ἀγνοεῖ.
3577 4641 3636 4694 οι
3653 4638 3735 4708 γὰρ

2190 4725 2587 4797 προηγούμενοι
2613 4729 2802 4801 αὐτῆς,
2835 4734 2881 4786 οἱ
2912 4734 2970 4786 ἐν
3001 4736 3065 4803 τῇ
3102 4731 3333 4802 κεφαλῇ.
3365 4733 3459 4785 καὶ
3492 4735 3540 4786 οξ
3576 4735 3629 4786 ἐν
3650 4733 3734 4790 τοῖς

2189 4816 2539 4888 ἐμπροσθίοις
2567 4821 2742 4887 ποσὶν,
2771 4823 3068 4895 ἀμφότεροι
3094 4825 3150 4876 ἐν
3184 4823 3263 4893 τῷ
3291 4824 3388 4877 τοῦ
3412 4825 3634 4889 Λέοντος
3659 4823 3734 4877 δω-

2189 4907 2567 4982 δεκατημορίῳ
2596 4914 2818 4967 κεῖνται.
2855 4914 2980 4978 Πῶς
3005 4910 3096 4968 οὖν
3136 4914 3360 4968 δυνατὸν
3399 4917 3460 4970 τὺ
3485 4918 3642 4988 μέσον
3660 4914 3734 4982 τῆς

2195 5001 2431 5072 ’Δρκτου
2471 5004 2530 5056 ὲν
2567 5006 2632 5075 τῇ
2677 5007 2818 5076 ἀρχῇ
2862 5006 2955 5059 τοῦ
3000 5007 3274 5076 Καρκίνου
3305 5009 3549 5076 κεῐσθαις
3580 5010 3668 5079 τῆς
3691 5004 3732 5056 δὲ

2203 5154 2428 5230 ipsisin
2463 5155 2656 5220 stellis,
2687 5173 2830 5230 quas
2859 5158 3110 5230 designat
3143 5159 3516 5230 Hipparchus.
3539 5158 3731 5219 inresti-

2202 5225 2606 5303 ga_ndis._atque
2631 5243 2661 5282 e
2682 5225 3005 5292 Ptolemaei;
3030 5239 3124 5303 aut
3171 5225 3454 5303 Tycltonis
3504 5231 3732 5303 laterculo

2203 5296 2496 5369 seligendis
2531 5312 2636 5350 non
2671 5313 2862 5366 parum
2897 5302 3098 5369 negotii
3131 5296 3246 5365 est';
3270 5313 3345 5364 et.
3385 5304 3480 5358 ubi
3503 5302 3630 5357 certi
3656 5299 3732 5354 ali-

2201 5367 2333 5434 quid
2365 5369 2740 5434 extrieaveris,
2772 5367 3191 5424 innumerabilis
3241 5383 3468 5428 ortuum
3508 5381 3562 5427 et
3605 5384 3731 5425 occa-

2198 5437 2748 5512 suum___expediengl_a
2784 5440 3066 5512 _varietas;
3094 5456 3250 5512 Δ«ιιιίῑξ
3299 5445 3383 5498 vel
3437 5443 3730 5498 acerrimum

2195 5507 2492 5583 quemlibet
2530 5507 3061 5583 cupidissimumque
3083 5507 3360 5583 l‘i'artgere,
3395 5529 3460 5569 ac
3487 5513 3730 5583 delassare

2195 5576 2390 5645 possit.
2429 5577 2528 5631 Hic
2555 5581 2717 5647 igitur
2742 5576 3406 5639 commentationis'istius
3442 5584 3650 5638 modum
3672 5577 3730 5630 lac

2197 5648 2422 5726 ciemus.
2457 5655 2652 5726 Cretera
2682 5647 3034 5726 Hipparebea:
3062 5652 3348 5726 doctrinae,
3380 5669 3503 5726 qua:
3543 5648 3730 5722 quidem

2195 5717 2336 5789 scire
2367 5717 2660 5789 plurimum
2687 5717 3030 5776 ex‘oiuuibus
3061 5722 3299 5789 intersit,
3327 5717 3442 5782 fere
3474 5726 3527 5779 in
3558 5717 3733 5776 nostris

2200 5785 2685 5842 Dissertationibus
2708 5791 2977 5861 explicata
3003 5794 3264 5860 reperies.
