3816 6306
98 320 221 377 1061

1062 330 1429 390 BIPPARCHI
1458 335 1551 390 AD
1591 336 2040 397 PHENOMEN‘I
2082 343 2210 400 LIB.
2257 345 2297 400 1.

3200 358 3340 417 1063

94 437 331 509 κεφαλῆς
369 439 465 494 τοῦ
501 440 699 514 ’Υδρου
749 445 1039 516 ἡγούμενοι
1085 449 1343 520 ἐπέχουσι
1398 451 1660 523 Καρκίνον.

1776 454 1978 512 Caneri
2006 461 2256 516 obtinent
2284 471 2470 533 partes
2497 466 2732 536 amplius
2765 468 2973 524 decem.
2994 467 3226 526 Planum
3255 484 3342 530 est

93 529 269 583 πλεῖον
309 531 344 601 ἤ
396 530 508 600 μοί.
548 538 598 586 ι’.
637 533 807 605 Δῆλον
857 532 968 602 οῦν,
998 537 1080 592 ὅτι
1124 539 1302 613 πολλῷ
1329 541 1511 596 πλεῖον
1542 544 1673 597 ύπο-

92 622 328 677 λείπεται
363 623 459 676 τοῦ
498 627 789 695 εἰρημένου
836 628 1034 683 κύκλου
1068 633 1097 684 6
1128 632 1298 704 αὐχὴν
1324 633 1418 687 τοῦ
1450 634 1665 706 Ύδρου.

155 716 290 769 ΚΗ⁸.
318 716 460 788 Περὶ
481 717 540 771 δὲ
564 719 662 789 τῆς
704 720 930 791 ’Δρ-(οῦς
954 724 1052 795 ούχ
1082 723 1248 792 ὑγιῶς
1282 727 1518 799 εἴρηται.
1548 729 1671 784 Τῶν

90 806 132 859 δ’
159 807 215 860 ἐν
242 809 309 878 τῇ
341 809 483 879 οὐρᾷ
507 809 602 862 τοῦ
656 812 828 866 νοτίου
874 813 1072 885 Ἰχθύος
1110 816 1345 887 μάλιστα
1378 822 1407 873 6
1437 820 1671 892 ἡγούμε-

89 916 172 962 νος
210 900 408 971 ἀπέχει
460 901 552 955 τοῦ
596 910 646 956 α’
681 903 862 958 πλεῖον
894 906 925 978 ἢ
959 907 1067 978 μοί.
1110 916 1216 977 κγ’.
1264 911 1528 966 Τοσοῦτον
1560 913 1669 985 ἄρα

90 993 440 1046 ὑπολείπεται
482 993 576 1047 τοῦ
617 998 1019 1069 προειρημένου
1062 999 1282 1065 κύκλου,
1322 1003 1418 1056 καὶ
1454 1004 1553 1058 ούκ
1580 1005 1667 1058 ἐπ’

88 1083 245 1136 αὐτοῦ
290 1084 541 1158 φέρεται.
584 1087 638 1140 Ὀ
673 1087 730 1140 δὲ
770 1088 974 1154 Ὀῖστὸς
1018 1091 1137 1155 ὅλος
1182 1094 1529 1149 ὑπολείπεται
1570 1095 1666 1151 τοῦ

89 1177 488 1249 προειρημένου
524 1178 748 1244 κύκλου,
771 1183 866 1236 καὶ
894 1184 954 1236 ού
979 1183 1067 1238 δικ
1099 1185 1264 1255 μέσου
1286 1187 1542 1259 τέμνεται
1574 1191 1665 1243 ὑπ’

87 1269 266 1325 αὐτοῦ.
304 1271 365 1325 '0
398 1270 510 1342 γὰρ
547 1272 849 1344 ἡγούμενος
876 1278 934 1329 ὲν
955 1277 1104 1349 αύτῷ
1135 1280 1312 1352 ἀστὴρ
1334 1282 1529 1352 ἀπέχει
1559 1283 1667 1336 ἀπὸ

89 1362 193 1434 μοί.
228 1368 277 1415 α’
307 1363 378 1416 ⁷⁸.
412 1364 530 1417 υύκ
559 1364 668 1435 ἄρα
699 1365 921 1420 δυνατὸν
945 1367 1344 1441 διχοτομεῖσθαι
1370 1373 1533 1427 αὐτὸν
1562 1373 1668 1427 ὑπὸ

84 1451 173 1506 τοῦ
214 1454 623 1525 προειρημένου
662 1455 884 1511 κύκλου.
937 1458 1163 1530 Ὁμοίως
1191 1462 1246 1516 δὲ
1284 1465 1379 1517 καὶ
1419 1467 1448 1519 ὅ
1478 1467 1667 1544 Ὄρνις

83 1545 198 1609 ὅλος
229 1545 369 1617 πρὸς
419 1546 685 1612 ἀνατολὰς
727 1551 900 1604 κεῖται
948 1551 1041 1605 τοῦ
1095 1556 1383 1627 εἰρημένου
1440 1557 1663 1613 κύκλου.

96 1632 149 1690 ⁸0
200 1636 312 1709 γάρ
363 1636 669 1709 ἡγούμενος
723 1641 812 1693 ἐπ’
862 1644 1026 1698 αὑτοῦ
1083 1648 1179 1699 καὶ
1226 1649 1312 1701 ἐπ’
1358 1648 1527 1721 ἄκρου
1569 1650 1664 1704 τοῦ

87 1729 312 1802 ῥύγχους
346 1730 545 1802 ἀπέχει
574 1732 684 1802 μοί.
724 1740 772 1787 α’
800 1732 886 1789 S".
922 1736 1043 1791 Τῶν
1068 1737 1124 1791 δὲ
1152 1741 1209 1793 ἐν
1246 1740 1393 1813 ἄκρᾳ
1422 1746 1489 1813 τῇ
1516 1743 1666 1817 δεξιᾷ

1774 546 1941 618 igitur
1977 550 2178 606 collum
2231 552 2399 625 Hydri
2431 555 2664 627 longiori
2715 557 2905 614 adltuc'
2935 559 3007 616 ab
3036 573 3103 615 co
3136 561 3346 620 circulo

1773 639 1950 708 spatio
1977 639 2206 696 distare.

1843 730 2078 787 XXVIII.
2116 731 2253 788 Nam
2282 734 2352 791 de
2377 735 2524 808 Argo
2565 737 2704 795 falsa
2738 750 2867 796 sunt
2907 758 3031 813 quae
3075 743 3217 801 idem
3254 746 3347 802 ille

1772 826 2016 895 scripsit.
2050 829 2109 883 In
2148 832 2411 887 australis
2439 848 2569 888 vero
2605 832 2782 890 Piscis
2809 837 2983 891 cauda
3026 837 3344 909 praacedeus

1772 920 2010 975 maxime
2030 920 2200 977 distat
2218 939 2246 977 a
2266 928 2440 994 primo
2455 926 2701 997 panibus
2715 928 3053 998 ampliusﬂl’i.
3077 929 3344 986 'I'autum-
3370 960 3386 975 ο

1774 1007 1898 1062 dem
1925 1025 2056 1079 ergo
2082 1011 2322 1068 abcstab
2350 1029 2415 1069 co
2442 1031 2603 1085 quem
2634 1016 2744 1070 dixi
2775 1017 3004 1083 circulo,
3041 1035 3140 1075 nec
3176 1021 3233 1075 in
3276 1036 3344 1077 co

1770 1110 2039 1156 movetur.
2070 1105 2141 1157 At
2198 1105 2412 1176 Sagitta
2465 1115 2671 1179 quanta
2710 1118 2915 1179 quanta
2953 1120 3036 1166 cst
3072 1112 3239 1167 distat
3273 1114 3344 1168 ab

1767 1193 1960 1249 eodem
1988 1195 2222 1262 circulo,
2256 1214 2359 1253 nee
2389 1200 2458 1255 ab
2488 1216 2553 1255 eo
2577 1201 2756 1256 media
2786 1212 3025 1259 secatur.
3046 1201 3180 1258 Nam
3204 1221 3343 1277 prm-

1769 1279 1973 1336 cedens
2005 1280 2059 1336 in
2096 1282 2215 1353 ipsa
2251 1286 2412 1341 stella
2441 1285 2613 1353 distat
2643 1295 2799 1358 parte
2830 1304 2959 1343 una.
2990 1287 3171 1355 Quare
3196 1290 3341 1346 bifa-

1768 1370 1908 1426 riam
1931 1373 1999 1427 ab
2032 1375 2127 1430 illo
2163 1377 2373 1432 circulo
2414 1378 2584 1433 dividi
2618 1395 2724 1435 non
2759 1389 2956 1451 potest.
2994 1380 3260 1438 Similiter
3287 1389 3343 1440 et

1766 1461 1989 1534 Cygnus
2016 1471 2165 1523 totus
2199 1471 2268 1523 ad
2316 1470 2582 1526 orientem
2614 1471 2882 1527 obversus
2904 1480 2990 1527 est
3021 1473 3072 1529 ci
3108 1474 3341 1533 circulo.

1768 1554 1947 1627 Ilujus
1979 1560 2126 1614 enim
2154 1561 2492 1631 praecedens,
2524 1572 2578 1618 et
2611 1566 2665 1619 in
2709 1574 2959 1622 extremo
2987 1574 3172 1623 rostro
3210 1568 3339 1634 sita,

1766 1648 1937 1703 distat
1965 1662 2118 1720 parte
2150 1651 2175 1705 1
2212 1652 2335 1725 ἰίνὶ.
2358 1654 2557 1709 Earum
2585 1657 2744 1728 117
2762 1675 2907 1722 vero,
2936 1676 3059 1731 quae
3082 1662 3136 1715 in
3158 1672 3341 1719 extre-

1768 1741 1960 1797 mitate
1976 1751 2107 1798 sunt
2137 1745 2236 1800 alae
2254 1745 2481 1811 dextrae,
2500 1763 2621 1819 qua:
2642 1751 2707 1804 ad
2732 1752 3072 1808 occidentem
3104 1756 3342 1812 maxime

85 1824 312 1895 πτέρυγι
335 1826 365 1877 6
396 1824 633 1896 μάλιστα
667 1827 804 1899 πρὸς
848 1828 1001 1883 δύσιν
1032 1831 1283 1902 κείμενος
1328 1835 1521 1906 ἀπέχει
1566 1837 1660 1891 τοῦ

1766 1836 2002 1899 spectat,
2027 1834 2185 1888 abest
2204 1849 2234 1887 a
2266 1836 2434 1905 priori
2453 1804 2608 1908 parte
2635 1804 2751 1895 noui

81 1918 128 1966 α’
157 1914 216 1967 ού
248 1913 471 1984 πλέονῆ
516 1916 627 1985 μοί,
666 1924 718 1982 ς’
747 1918 831 1974 S".
860 1921 975 1975 Ούκ
1010 1922 1117 1993 ἄρα
1158 1923 1384 1978 δυνατὸν
1418 1927 1537 1981 οὐδὲ
1573 1929 1665 1982 τὸν

84 2006 280 2077 αὐχένα
301 2006 401 2061 τοῦ
438 2006 688 2079 Ὄρνιθος
724 2009 848 2065 οὔτε
876 2014 975 2084 τὴν
1006 2013 1187 2079 δεξιὰν
1217 2016 1462 2089 πτέρυγα
1495 2018 1663 2075 αὐτοῦ

81 2097 169 2152 ἐπὶ
199 2099 295 2152 τοῦ
322 2099 620 2171 εἰρημένου
644 2100 843 2156 κύκλου
869 2104 1103 2160 κεῖσθαι.

145 2188 248 2244 Τοῦ
283 2207 350 2260 γε
382 2192 492 2263 μὴν
533 2192 765 2263 Κηφέως
809 2197 842 2267 ἡ
883 2197 1145 2268 ἀριστερά
1189 2200 1311 2272 χεὶρ
1353 2200 1488 2255 πολὺ
1526 2201 1664 2267 ὅλως

80 2281 452 2353 παραλλάσσει
483 2283 575 2338 τὸν
619 2285 909 2358 εἰρημένον
955 2287 1152 2343 κύκλον
1192 2291 1331 2363 πρὸς
1372 2293 1657 2358 ἀνατολάς.

79 2374 181 2428 Καὶ
213 2375 325 2447 γὰρ
351 2379 402 2430 οἰ
438 2379 497 2431 ἐν
521 2380 586 2450 τῇ
621 2379 829 2451 κεφαλῇ
856 2380 1044 2445 αὑτοῦ,
1071 2382 1123 2435 οἱ
1173 2384 1462 2457 ἡγούμενοι
1500 2386 1661 2457 μάλι-

78 2482 194 2530 στα,
230 2467 329 2521 τοῦ
368 2468 658 2542 ’Υδροχόου
691 2472 944 2544 ἐπέχουσι
987 2473 1167 2528 πλεῖον
1198 2476 1231 2548 ἢ
1266 2479 1373 2548 μοῖ.
1411 2485 1462 2534 ι’.
1504 2480 1565 2533 '0
1603 2480 1661 2535 δὲ

77 2557 135 2608 ἐν
154 2559 217 2629 τῇ
243 2559 512 2631 ἀριστερᾷ
539 2561 683 2632 χειρὶ
719 2561 970 2635 λαμπρὸς
1000 2565 1196 2638 ἀστὴρ,
1237 2569 1266 2621 6
1306 2570 1364 2622 ἐν
1393 2568 1472 2640 τῷ
1502 2568 1657 2641 ὤμῳ,

76 2648 134 2703 ὅν
181 2667 330 2716 τινες
372 2651 625 2718 τιθέασι,
683 2654 777 2708 τοῦ
819 2657 1103 2729 ’Υδροχόου
1151 2660 1336 2732 ἐπέχει
1396 2665 1504 2733 poi.
1559 2664 1655 2718 κε’.

76 2743 228 2816 Παρὰ
258 2744 460 2816 μικρὸν
483 2740 578 2799 οὖν
611 2745 656 2816 β’
688 2746 853 2812 ςώδια
884 2750 1274 2821 παραλλάσσει.
1306 2754 1441 2825 Περὶ
1477 2757 1659 2827 μέντοι

74 2834 168 2903 τῆς
212 2835 447 2906 καμπῆς
472 2836 567 2890 τοῦ
599 2839 812 2907 Ὄφεως
862 2841 955 2895 καὶ
986 2841 1085 2914 τῆς
1114 2844 1285 2919 οὐρᾶς
1325 2846 1425 2916 τῆς
1458 2850 1660 2919 μικρᾶς

78 2927 312 2995 Ἄρκτου
345 2928 525 3000 ὀρθῶς
552 2931 883 3001 ἀπεφήνατο.

140 3018 270 3073 ΚΘ.
308 3020 399 3073 Ἐν
433 3020 491 3073 δὲ
516 3019 595 3092 τῷ
617 3022 787 3095 ἐτέρῳ
814 3024 1057 3099 κολούρῳ
1096 3030 1229 3099 φησί
1264 3030 1477 3085 κεῖσθαι
1500 3033 1529 3086 6
1559 3033 1658 3104 μὲν

73 3110 164 3181 τὴν
194 3111 496 3184 ἀριστερὰν
527 3117 685 3185 χεῖρα
710 3114 804 3168 τοῦ
846 3116 1296 3190 Ἀρκτοφύλακος,
1324 3124 1418 3176 καὶ
1442 3124 1488 3155 ⁷⁸
1513 3124 1658 3194 μέσα
1685 3138 1728 3196 c

74 3203 232 3258 αὺτοῦ
267 3204 417 3259 κατά
459 3207 632 3278 μῆκος
654 3225 668 3239 ο
696 3204 814 3263 εἶτα
850 3210 919 3265 τά
954 3211 1094 3281 μέσα
1136 3213 1245 3266 τῶν
1287 3215 1481 3286 Χηλῶν
1518 3218 1658 3272 κατά

75 3296 301 3362 πλάτοςι
328 3298 428 3352 καὶ
459 3298 553 3352 τοῦ
582 3299 893 3373 Κενταύρου
916 3302 1013 3373 τὴν
1035 3302 1213 3368 δεξιὰν
1237 3308 1415 3377 χεῖρα,
1451 3308 1545 3361 καὶ
1589 3308 1661 3364 τὰ

74 3387 381 3460 ἐμπρόσθια
412 3389 646 3458 γόναταο
675 3394 812 3462 μετά
859 3391 915 3446 δὲ
958 3392 1049 3446 τὸν
1078 3394 1263 3465 ἀφανῆ
1302 3395 1485 3460 πόλον,
1514 3414 1659 3470 καμε-

74 3481 176 3551 πήν
212 3497 272 3535 τε
300 3480 398 3535 τοῦ
440 3482 719 3553 Ποταμοῦ,
750 3485 843 3538 καὶ
879 3485 1092 3554 Κήτους
1125 3485 1225 3557 τὴν
1270 3488 1532 3558 κεφαλὴν,
1565 3492 1660 3544 καὶ

72 3570 162 3625 τοῦ
189 3572 363 3646 Κριοῦ
399 3574 469 3627 τὰ
492 3573 638 3628 νῶτα
680 3576 821 3629 κατά
861 3576 1083 3642 πλάτος,
1132 3578 1228 3631 καὶ
1269 3579 1365 3633 τοῦ
1401 3581 1658 3653 Περσέως

72 3661 163 3734 τὴν
191 3665 438 3737 κεφαλὴν
470 3666 565 3719 καί
601 3666 697 3738 τὴν
723 3667 902 3735 δεξιὰν
934 3671 1112 3741 χεῖρα.

144 3752 214 3808 Ἦ
265 3756 367 3826 μὲν
420 3753 515 3811 οὖν
573 3759 834 3830 ἀριστερὰ
888 3763 1009 3834 χεὶρ
1068 3762 1161 3816 τοῦ
1219 3765 1657 3837 Ἀρκτοφύλακος

72 3847 422 3903 ὑπολείπεται
458 3850 554 3904 τοῦ
585 3852 874 3923 εἰρημένου
920 3852 1119 3908 κύκλου
1163 3855 1239 3919 ὡς
1271 3856 1444 3927 ἣμισυ
1491 3859 1657 3930 μέρος

72 3938 280 4008 ζωδίου,
319 3942 415 3996 καὶ
440 3943 543 3996 ούκ
572 3945 658 3997 ἐπ’
682 3943 847 3997 αὐτοῦ
879 3944 1101 4017 φέρεται
1140 3946 1235 4001 τοῦ
1275 3947 1365 4004 διά
1392 3948 1500 4003 τῶν
1536 3953 1655 4021 ἰση-

73 4034 304 4105 μερινῶν
348 4035 596 4107 σημείων
638 4034 859 4100 κύκλου,
886 4037 962 4101 ὡς
988 4035 1217 4103 Εὔδοξός
1245 4056 1431 4109 φησιν.
1465 4041 1523 4094 ὐ
1546 4042 1655 4114 γὰρ

70 4125 365 4196 ἡγούμενος
403 4125 514 4177 τῶν
564 4127 621 4179 ὲν
660 4127 795 4199 αὐτῇ
823 4128 1008 4199 ἐπέχει
1044 4128 1239 4200 Χηλῶν
1273 4129 1456 4184 πλεῖον
1480 4131 1512 4203 ἢ
1540 4135 1651 4202 μοῖ.

71 4220 157 4282 t7’.
190 4215 404 4284 ’Δγνοεῖ
431 4214 491 4268 δὲ
516 4216 610 4269 καὶ
640 4216 801 4287 μέσον
829 4218 997 4270 αὑτοῦ
1023 4218 1086 4271 τὸ
1115 4219 1275 4290 σῶμα
1308 4220 1449 4275 κατά
1481 4222 1655 4292 μῆκος

69 4307 172 4360 ὑπὸ
191 4308 285 4361 τοῦ
309 4307 608 4379 εἰρημένου
636 4307 837 4363 κύκλου
857 4310 1149 4382 τέμνεσθαι
1167 4312 1360 4382 λέγων’
1377 4315 1406 4367 6
1424 4313 1524 4385 μὲν
1546 4314 1656 4389 γὰρ

67 4399 159 4454 ἐπὶ
183 4401 283 4472 τῆς
314 4401 563 4471 κεφαλῆς
600 4401 776 4474 ἀστὴρ
812 4403 995 4473 ἐπέχει
1023 4405 1217 4477 Χηλῶν
1244 4406 1372 4479 -ι-ιςερί⁵
1413 4410 1524 4479 poi.
1577 4415 1653 4474 ις’

1766 1925 1948 1987 potest
1967 1918 2134 1990 igitur
2152 1938 2222 1977 ne
2250 1925 2453 1979 collum
2482 1927 2702 1998 quidem
2721 1928 2916 2003 Cygni,
2940 1949 3121 2006 neque
3148 1938 3340 1994 dextra

1763 2011 1885 2081 ejus
1916 2012 2002 2066 ala
2027 2013 2084 2068 in
2107 2014 2200 2071 illo
2231 2016 2442 2075 circulo
2472 2022 2751 2081 collocari.

1831 2189 1952 2246 Jam
1993 2194 2217 2252 sinistra
2255 2197 2457 2270 Cephei
2494 2218 2692 2261 manus
2724 2206 2884 2279 longe
2908 2210 2976 2265 ab
3007 2221 3201 2268 cortem
3227 2214 3339 2270 cir-

1762 2284 1891 2337 culo
1927 2284 2169 2342 declinat
2206 2290 2276 2345 ad
2316 2294 2606 2350 orientem.
2646 2295 2785 2352 Nam
2816 2316 2940 2369 qua!
2978 2312 3108 2358 sunt
3159 2304 3216 2361 in
3268 2307 3340 2362 il-

1762 2374 1871 2430 lius
1903 2378 2103 2448 capite,
2146 2385 2449 2450 praesertim
2486 2389 2896 2458 antecedentes,
2933 2395 3158 2465 Aquarii
3208 2413 3338 2470 par-

1761 2474 1871 2522 tem
1904 2468 2154 2527 obtinent
2186 2477 2422 2546 amplius
2466 2471 2755 2535 decimam.
2791 2481 2997 2540 Lucida
3028 2504 3177 2552 vero,
3210 2468 3339 2561 quae

1759 2569 1844 2614 est
1874 2559 1928 2614 in
1959 2561 2183 2619 sinistra
2218 2578 2403 2633 manu,
2449 2587 2614 2641 quam
2653 2574 2881 2633 humero
2921 2580 3141 2649 quidam
3181 2559 3339 2641 attri-

1761 2651 1959 2718 buunt,
2017 2656 2245 2727 Aquarii
2286 2661 2501 2718 obtinet
2543 2675 2754 2736 partem
2786 2669 2877 2727 25.
2934 2670 3336 2743 PrOpcmodum

1759 2759 1891 2815 ergo
1958 2746 2239 2818 signorum
2300 2752 2535 2811 duorum
2590 2758 2880 2817 intervallo
2942 2763 3199 2821 declinat.
3260 2766 3337 2824 De

1760 2835 1899 2892 llexu
1943 2836 2222 2912 Serpentis
2255 2854 2310 2901 et
2360 2849 2536 2904 cauda
2589 2852 2817 2911 minoris
2855 2855 3005 2912 Ursa:
3044 2867 3193 2916 recte
3244 2861 3336 2917 ille

1760 2930 1971 2985 statuit.

1832 3015 2021 3074 XXIX.
2048 3019 2106 3075 In
2122 3024 2294 3079 altero
2313 3028 2501 3083 coluro
2521 3030 2681 3087 sitam
2703 3049 2826 3091 esse
2848 3040 3039 3096 scribit
3056 3043 3334 3099 sinistram

1760 3105 2177 3183 Arctophylacis
2204 3130 2445 3185 manum,
2478 3135 2542 3175 ae
2568 3138 2666 3193 per
2696 3128 2934 3183 medium
2964 3132 3142 3202 ipsum
3162 3141 3337 3191 trans-

1760 3199 1842 3256 ire
1912 3206 2212 3261 secundum
2284 3212 2713 3285 longitudinem;
2778 3199 2998 3278 deinde
3038 3222 3334 3283 Clielarum

1758 3294 1995 3350 medium
2023 3300 2322 3357 secundum
2363 3306 2731 3366 latitudinem.
2766 3293 3025 3370 Centauri
3067 3327 3334 3389 praeterea

1758 3382 2004 3441 dextram
2050 3405 2269 3446 manuni
2334 3402 2391 3451 ct
2441 3400 2961 3473 auteriora‘geuua.
3013 3382 3144 3464 Post
3190 3426 3336 3468 nun-

1758 3491 1921 3545 quam
1954 3494 2304 3552 apparentem
2341 3489 2547 3557 polum,
2576 3492 2773 3549 ﬂexum
2819 3494 3106 3566 Fluminis,
3134 3509 3188 3557 et
3213 3502 3332 3560 (ἰειί

1755 3578 1937 3637 caput,
1962 3577 2015 3625 et
2051 3572 2253 3631 Arietis
2283 3583 2432 3649 terga
2464 3584 2767 3639 secundum
2812 3587 3182 3659 latitudinem,
3208 3592 3333 3654 Per-

1756 3658 1836 3714 sei
1874 3673 2040 3730 caput
2078 3679 2204 3719 cum
2239 3668 2432 3725 dextra
2469 3687 2658 3731 manu.

1824 3751 1990 3824 Atqui
2023 3756 2155 3811 laeva
2207 3775 2404 3818 manus
2452 3768 2868 3841 Arctopliylacis
2901 3774 3055 3832 abest
3106 3777 3176 3832 ab
3223 3777 3332 3836 isto

1754 3845 1961 3903 circulo
2000 3849 2286 3909 intervallo
2343 3856 2457 3914 fere
2487 3858 2697 3916 dimidii
2734 3863 2912 3935 signi;
2979 3883 3080 3925 nec
3128 3870 3182 3925 in
3212 3873 3336 3944 ipso

1754 3938 1963 3996 circulo
1987 3944 2091 3999 sita
2121 3954 2227 4009 est,
2251 3948 2343 4018 qui
2363 3966 2461 4020 per
2475 3954 2877 4024 aequinoctialia
2911 3968 3112 4029 puncta
3144 3970 3328 4020 trans~

1755 4031 1837 4099 it,
1890 4041 1951 4087 ut
1998 4034 2256 4094 Eudoxus
2302 4042 2549 4102 alIirmat.
2601 4045 2819 4103 Etenim
2868 4054 3201 4109 antecedens
3234 4071 3328 4111 ea»

1754 4138 1898 4185 rum.
1939 4142 2061 4196 quae
2100 4129 2156 4184 in
2197 4130 2287 4185 illa
2328 4144 2477 4198 sunt,
2512 4136 2805 4195 Cltclarum
2854 4143 3068 4199 obtinet
3115 4155 3329 4216 partem

1754 4217 1991 4287 amplius
2040 4219 2125 4275 15.
2176 4220 2443 4280 Praeterea
2477 4228 2532 4281 in
2575 4245 2640 4284 eo
2686 4246 2906 4302 quoque
2959 4234 3335 4295 hallucinatus

1754 4317 1858 4376 est,
1901 4310 2047 4380 quod
2098 4313 2336 4368 medium
2379 4330 2579 4388 corpus
2622 4320 2790 4387 illius,
2823 4326 3125 4380 secundum
3155 4326 3328 4398 longi-

1756 4402 2022 4467 tudinem,
2056 4404 2126 4460 ab
2164 4420 2230 4461 eo
2268 4422 2429 4476 quem
2478 4410 2718 4467 diximus
2765 4415 2943 4469 secari
2986 4417 3198 4472 circulo
3225 4433 3328 4489 puv

68 4491 161 4545 καὶ
197 4491 477 4564 δίμοιρον⁸
521 4494 551 4545 6
587 4491 644 4545 δὲ
676 4493 735 4546 ἐν
762 4493 839 4565 τῷ
877 4493 1036 4566 δεξιῷ
1082 4496 1203 4550 ποδὶ
1239 4498 1425 4569 ἐπέχει
1455 4498 1649 4570 Χηλῶν

1765 4503 1852 4551 tat.
1885 4494 2101 4552 Etenim
2129 4514 2250 4568 qua:
2276 4506 2361 4554 est
2388 4499 2442 4554 in
2469 4500 2595 4569 ejus
2621 4503 2798 4572 capite
2823 4506 3004 4569 stella,
3030 4506 3333 4565 Cltelarum

67 4584 195 4655 περὶ
222 4586 334 4655 μοῖ.
358 4582 437 4636 κδ’
464 4581 551 4649 S",
581 4583 621 4637 δ’
639 4601 656 4615 ⁵
678 4585 708 4639 ὁ
745 4584 801 4638 δὲ
823 4588 881 4639 ἐν
914 4589 981 4657 τῇ
1016 4585 1159 4659 ζώνῃ
1185 4587 1436 4661 λαμπρὸς
1464 4590 1651 4662 ἐπέχει

65 4673 256 4746 Χηλῶν
286 4676 421 4747 περὶ
455 4678 563 4746 poi.
614 4674 674 4728 ιδ’
707 4678 801 4730 καὶ
827 4675 876 4746 7’
892 4693 907 4708 ο
940 4680 969 4732 ὁ
1005 4678 1062 4732 δέ
1100 4681 1158 4732 ἐν
1199 4682 1266 4751 τῇ
1311 4680 1461 4753 δεξιᾷ
1509 4682 1651 4755 χειρὶ

64 4765 157 4819 τοῦ
205 4766 525 4838 Κενταύρου
571 4768 917 4823 ύπολείπται
970 4770 1063 4823 τοῦ
1112 4771 1403 4842 εἰρημένου
1453 4773 1649 4827 κύκλου

66 4858 191 4928 περὶ
220 4858 263 4912 δ’
300 4859 469 4930 μέρος
515 4858 725 4923 ζωδίου.
774 4861 988 4932 Ἐπέχει
1039 4861 1148 4934 γάρ
1191 4863 1385 4934 Χηλῶν
1419 4868 1531 4936 poi.
1576 4874 1646 4938 η’.

72 4949 137 5003 Ἢ
164 4950 222 5004 δέ
246 4950 462 5022 κεφαλὴ
488 4950 582 5004 τοῦ
616 4952 829 5022 Κήτους
866 4954 1216 5009 ὑπολείπεται
1256 4957 1354 5027 μὲν
1393 4956 1489 5010 τοῦ
1518 4975 1651 5028 προ-

64 5044 354 5113 ειρημένου
380 5041 586 5097 κύκλου
604 5059 618 5073 ο
646 5044 708 5097 ού
735 5045 868 5100 πολὺ
891 5045 970 5099 δέ.
1007 5047 1065 5100 '0
1088 5048 1197 5118 γὰρ
1222 5047 1516 5120 σύνδεσμος
1541 5049 1650 5105 τῶν

75 5132 317 5203 Ἰχθύων,
363 5134 427 5199 ὃς
475 5137 658 5188 κεῖται
704 5134 843 5207 μετά
883 5136 982 5209 τὴν
1033 5139 1275 5212 κεφαλὴν
1312 5125 1407 5193 τοῦ
1440 5139 1650 5212 Κήτους

65 5225 159 5278 ἐπὶ
185 5226 283 5297 τῆς
308 5225 505 5296 λοφίας
542 5225 731 5289 αὐτοῦ,
764 5226 949 5299 ἐπέχει
986 5228 1157 5300 Κριοῦ
1191 5233 1300 5301 μοῖ.
1331 5238 1402 5301 γ,
1434 5231 1496 5289 δ’.
1539 5232 1651 5285 Καὶ

68 5318 177 5389 μὴν
204 5319 323 5373 οὐδὲ
349 5317 448 5373 τοῦ
488 5318 664 5390 Κριοῦ
689 5319 759 5374 τὰ
801 5319 944 5374 νῶτα
978 5321 1069 5375 ἐπὶ
1107 5322 1200 5376 τοῦ
1228 5325 1519 5397 εἰρημένου
1549 5324 1649 5379 κύ-

64 5408 193 5464 κλου
223 5415 402 5466 κεῖται
422 5427 439 5443 ’
480 5410 619 5465 ἀλλά
658 5411 1006 5468 ὑπολείπεται
1052 5415 1234 5469 πλεῖον
1263 5416 1297 5489 ἦ
1333 5417 1516 5488 τρίτον
1554 5416 1650 5486 μέ-

65 5514 161 5568 ρος
190 5498 400 5564 ζωδίου.
450 5500 511 5554 '0
542 5498 653 5572 γὰρ
682 5502 741 5553 ἐν
772 5500 930 5573 μέσῳ
963 5502 1040 5573 τῷ
1081 5502 1236 5575 νώτῳ
1266 5502 1432 5557 αὑτοῦ
1466 5505 1651 5576 κείμε-

65 5607 158 5655 νος
179 5593 352 5667 ἀστὴρ
378 5594 570 5665 ἐπέχει
601 5593 772 5663 Κριοῦ
810 5597 919 5664 poi.
941 5603 1025 5666 tat'
1069 5596 1154 5651 S".
1201 5597 1432 5672 Ὁμοίως
1472 5596 1528 5651 δὲ
1554 5599 1647 5653 καὶ

138 5749 185 5779 ’⁸
212 5765 299 5822 φῖ
337 5750 450 5806 ἀπὺ
474 5750 583 5803 τῶν
615 5757 685 5804 α’.
760 5753 799 5782 ⁷¹
911 5752 1003 5805 καὶ
1032 5753 1119 5806 τά.

1752 4596 1963 4658 partem
1990 4590 2201 4647 obtinet
2227 4593 2447 4648 circiter
2473 4593 2540 4648 16
2570 4594 2712 4667 2/5;
2737 4612 2860 4667 qua:
2883 4598 2938 4654 in
2960 4599 3154 4655 dextro
3169 4602 3332 4672 pede,

1751 4679 2041 4735 Chelarum
2076 4683 2296 4739 circiter
2321 4682 2411 4748 24,
2440 4685 2558 4750 45';
2596 4701 2718 4757 quae
2747 4688 2801 4741 in
2837 4704 2974 4744 zona
3006 4701 3091 4747 est
3123 4692 3326 4764 lucida,

1751 4768 2042 4826 Cltelarum
2081 4772 2197 4830 fere
2222 4784 2431 4846 partem
2460 4777 2547 4841 14,
2570 4777 2688 4847 20¹’;
2730 4794 2852 4851 qua:
2877 4782 2929 4835 in
2962 4783 3154 4839 dextra
3185 4784 3328 4842 Cen-

1751 4863 1896 4915 tauri
1922 4878 2105 4929 manu,
2139 4866 2294 4922 abest
2315 4867 2384 4922 ab
2412 4869 2505 4922 illo
2534 4871 2740 4925 circulo
2769 4874 3073 4942 quadrante
3103 4876 3335 4934 circiter

1752 4953 1918 5024 signi.
1937 4952 2072 5009 Nam
2095 4956 2387 5014 Cltelarum
2420 4969 2627 5031 partem
2645 4963 2855 5020 obtinet
2872 4965 2926 5020 8.
2952 4965 3130 5037 Caput
3158 4983 3326 5039 porro

1750 5043 1867 5100 Ceti
1924 5047 2093 5102 distat
2138 5052 2357 5120 quidem
2411 5055 2480 5110 ab
2541 5055 2730 5112 eodem
2787 5058 3025 5125 circulo;
3075 5062 3170 5116 sed
3213 5079 3330 5120 non

1751 5150 1951 5206 magno
1985 5140 2182 5208 spatio.
2211 5132 2423 5215 Quippe
2452 5147 2631 5203 nodus
2655 5147 2919 5214 Piscium,
2961 5153 3052 5223 qui
3078 5162 3202 5224 post
3231 5171 3325 5211 ca-

1750 5236 1848 5297 put
1877 5226 1997 5307 Ceti
2052 5231 2269 5300 positus
2306 5245 2409 5299 est,
2469 5238 2526 5292 in
2559 5240 2791 5312 ejusque
2822 5248 3058 5308 cervice,
3115 5246 3324 5303 obtinet

1750 5320 1951 5375 Arietis
1978 5332 2188 5390 partem
2231 5325 2285 5391 5,
2317 5325 2417 5383 l5’.
2458 5328 2564 5386 Sed
2599 5348 2698 5388 nec
2731 5334 2932 5392 Arietis
2962 5347 3113 5409 terga
3142 5337 3197 5393 in
3229 5338 3331 5395 illo

1748 5412 1940 5466 eodem
1970 5414 2180 5470 circulo
2218 5418 2543 5475 collocanda
2578 5433 2726 5479 sunt.
2775 5426 2818 5479 A
2847 5443 2958 5497 quo
2986 5430 3219 5500 amplius
3245 5431 3323 5486 si-

1749 5504 1840 5576 gui
1872 5505 2074 5562 triente
2100 5508 2328 5567 distant.
2368 5510 2506 5568 Nam
2534 5531 2656 5584 qua:
2694 5518 2850 5572 stella
2889 5520 3030 5575 inest
3053 5523 3106 5576 in
3141 5521 3325 5580 medio

1751 5598 1896 5656 illius
1914 5606 2087 5669 tergo,
2116 5602 2318 5660 Arietis
2357 5605 2568 5663 obtinet
2599 5616 2808 5677 partem
2844 5613 3078 5682 amplius
3100 5612 3159 5668 Η
3193 5612 3320 5685 1/2.
