3816 6326
465 379 604 434 1063
1453 369 1540 422 ΑΙ)
1582 363 1847 422 EUSEBII
1888 360 2281 419 CHRONICON
2322 357 2685 413 APPENlllX.
3572 351 3696 406 106$

464 492 556 547 Sic
588 501 643 548 et
673 491 854 546 Persei
881 499 989 543 tam
1025 489 1212 541 dextra
1263 501 1458 540 manus
1483 524 1497 547 ,
1535 498 1697 552 qnam
1747 489 1910 550 caput
1938 479 2034 532 ab-
2065 522 2072 540 ι

2183 477 2228 531 »ὖ
2258 476 2508 546 Περσέως
2547 475 2581 544 ἦ
2614 490 2672 525 τε
2703 471 2849 536 δεξιά
2881 471 2999 540 χεὶρ
3048 469 3139 520 καὶ
3169 466 3379 538 κεφαλὴ
3427 466 3697 520 ὑπολείπε-

467 594 596 640 sunt
639 587 708 638 ab
733 583 918 638 eodem
951 580 1154 634 circulo
1188 578 1348 631 unius
1379 575 1519 646 signi
1553 576 1769 629 circiter
1812 573 2030 626 triente.

2183 586 2226 624 ιι
2253 568 2346 622 τού
2370 565 2660 638 εἰρημένου
2689 560 2885 614 κύκλου
2931 559 3058 629 περὶ
3087 558 3267 629 τρίτον
3301 556 3464 628 μέρος
3501 554 3696 618 ξωδίου.

3271 751 3682 770 #-

482 759 2850 802 MM

1493 917 1652 986 “8
1689 916 2501 1041 ΙΠΠΑΡΧΟΥ

1122 1148 1262 1203 ΤΩΝ
1283 1149 1422 1202 APA
1435 1149 1519 1199 ΤΟ
1533 1143 1576 1196 Υ
1601 1141 1729 1196 ΚΑΙ
1754 1144 1800 1194 Ε
1812 1141 1892 1192 ΥΔ
1901 1136 1991 1189 ΟΞ
1997 1140 2037 1189 0
2051 1138 2094 1189 Υ
2123 1133 2609 1190 ΦΑΙΝΟΜΕΝΩΝ
2635 1128 3073 1188 ΕΞΗΓΗΣΕΩΝ

1765 1300 2203 1387 ΒΙΒΛΙΟΝ
2290 1293 2402 1381 Β’.

1719 1611 2500 1729 HIPPARCHI

1098 1836 1695 1898 ENARRATIONUM
1730 1835 1826 1890 AD
1859 1828 2072 1888 ARAT]

2183 1834 2208 1888 Γ
2259 1831 2548 1890 EUDOXI
2588 1830 3094 1890 ΡΗίΕΝΟΜΕΝΑ

1577 2011 1926 2098 LIBER
1995 2007 2652 2098 SECUNDUS.

554 2293 592 2346 1.
612 2291 766 2346 Nunc
797 2288 862 2342 ad
887 2303 948 2342 ea
969 2300 1090 2356 qua:
1104 2284 1172 2338 de
1190 2282 1339 2336 Arati
1368 2289 1422 2335 et
1449 2279 1658 2334 Eudoxi
1683 2277 2043 2334 Pltmnomenis

2215 2282 2289 2333 A'.
2315 2280 2438 2342 Τοῖς
2468 2277 2900 2349 προειρημένοις,
2938 2270 2983 2329 ὦ
3011 2275 3302 2347 Αἰσχρίων,
3339 2272 3591 2344 περὶτῶν
3620 2273 3708 2326 ὕπδ

479 2385 755 2453 disputata
783 2387 910 2433 sunt
932 2377 1223 2433 hactenus,
1266 2371 1650 2424 tractationem
1685 2370 2054 2438 adiungemus

2183 2374 2395 2443 Ἀράτου
2456 2372 2548 2424 καὶ
2603 2369 2831 2433 Εὐδόξου
2888 2366 3434 2437 καταγεγραμμένων
3499 2367 3555 2418 ὲν
3611 2367 3708 2426 τοῖς

480 2472 773 2529 orientium
823 2466 1260 2522 necidentiumve
1325 2477 1449 2516 cum
1511 2461 1788 2516 sideribus
1844 2461 2055 2514 zodiaci

2183 2462 2540 2531 βαινομέιόις
2580 2461 2901 2530 συνάψωμεν
2934 2459 3028 2512 νῦν
3066 2458 3156 2510 τὸν
3194 2457 3322 2527 περὶ
3368 2453 3707 2522 συνανατολῆς

481 2567 740 2635 partium,
778 2569 837 2615 ut
867 2567 976 2613 tam
999 2558 1094 2612 illa
1123 2556 1564 2610 demonstremus
1591 2553 1644 2606 in
1671 2552 1872 2620 quibus
1896 2551 2058 2604 ambo

2183 2555 2252 2608 :a‘t
2275 2553 2719 2620 συγκαταδύσεως
2749 2552 2854 2604 τῶν
2886 2552 3098 2622 ἄστρων
3118 2551 3293 2618 λόγον,
3319 2547 3710 2608 ὑποδεικνύντες

481 2633 763 2712 veritatem
795 2651 1034 2708 assecuti
1093 2655 1240 2708 sunt,
1278 2661 1442 2716 quam
1493 2660 1615 2715 qum
1655 2643 1723 2698 ab
1787 2658 2058 2713 apparen—

2183 2655 2257 2703 Loa
2288 2667 2345 2702 τε
2385 2649 2608 2712 δεόντως
2653 2649 2744 2701 ὑπ’
2783 2645 2961 2699 αὐτῶν
2999 2645 3242 2714 εἴρηταιο
3290 2641 3387 2694 καὶ
3421 2642 3479 2692 ὲν
3506 2633 3584 2702 οἷς
3614 2637 3711 2690 δια·

484 2750 618 2803 tium
673 2746 847 2800 aliena
888 2743 991 2798 ﬁde
1040 2740 1424 2812 prodiderunt.

2183 2741 2452 2810 παφοῦντες
2481 2741 2540 2792 ού
2573 2739 2706 2810 πρὸς
2737 2737 2805 2790 τὰ
2835 2735 3130 2806 φαινόμενα
3161 2733 3259 2796 τὰς
3301 2732 3603 2801 ἀποφάσεις

2162 2833 2429 2904 ποίηνται.

2232 2924 2452 2996 Πρῶτον
2509 2923 2603 2994 μὲν
2653 2917 2744 2976 οὖν
2773 2923 2800 2973 ὁ
2832 2921 3064 2988 ’Λρατος
3096 2914 3368 2981 ὑποδεῖξαι
3419 2913 3714 2984 βουλόμενος

2163 3016 2279 3080 πῶς
2307 3016 2393 3069 διὰ
2427 3015 2525 3086 τῆς
2570 3013 2826 3084 ἀνατολῆς
2868 3012 2962 3065 καὶ
3008 3010 3107 3080 τῆς
3149 3008 3350 3070 δύσεως
3381 3007 3492 3059 τῶν
3525 3005 3713 3075 ἄστρων

2163 3105 2576 3178 ὲπιγνωσόμεϐα
2605 3105 2702 3174 τὴν
2731 3103 2876 3175 ὥραν
2906 3103 3003 3172 τῆς
3030 3099 3240 3163 νυκτὸς,
3271 3098 3423 3166 λέγει
3448 3095 3623 3150 ταυτίο

556 2919 612 2973 1η
640 2918 833 2986 primis
873 2917 1075 2969 Aratus
1116 2913 1395 2982 explicare
1453 2911 1665 2973 volens,
1703 2908 2060 2978 quemadmo-

487 3013 618 3065 dum
677 3027 743 3065 ex
798 3018 916 3064 ortu
978 3021 1289 3076 occasuque
1354 3002 1598 3060 siderum
1661 3007 1811 3053 certa
1885 3000 2063 3052 noctis

489 3105 624 3158 hora
659 3103 837 3172 colligi
881 3101 1074 3171 possit,
1108 3101 1198 3154 his
1232 3097 1485 3153 vorsibus
1528 3093 1839 3163 expressit:

491 3215 602 3270 Nec
631 3233 756 3270 sane
784 3213 1216 3269 contemnendum
1259 3208 1557 3266 observanti
1589 3205 1726 3259 diem
1759 3205 1919 3272 fuerit

491 3215 602 3270 Nec
631 3233 756 3270 sane
784 3213 1216 3269 contemnendum
1259 3212 1557 3266 observanti
1589 3212 1726 3259 diem
1759 3212 1919 3272 fuerit

491 3287 739 3340 Partium
763 3288 1096 3340 considerare
1133 3283 1344 3353 quando
1371 3281 1616 3353 oriantur
1641 3274 1885 3353 singultu.

2183 3222 2247 3274 ἶὶῦ
2278 3237 2383 3272 κεν
2415 3219 2758 3287 ἀπόϐλητον
2787 3215 3159 3285 δεδοκημ-ἐνῳ
3195 3213 3424 3282 ἤματος
3459 3212 3552 3278 ειη

2183 3291 2436 3353 Μοιράων
2465 3291 2848 3349 σκέπτεσθαι,
2883 3287 2966 3340 ὅτ’
2995 3284 3370 3339 ἀντέλλωσιν
3396 3283 3552 3353 ἔκασ-

2161 3291 2436 3358 Μοιράων
2465 3279 2848 3358 σκέπτεσθαι,
2883 3287 2966 3340 ὅτ’
2988 3279 3638 3358 ’ἆιτέλλὼσιν-ἐκασται
3662 3279 3713 3330 ⁷³.

491 3355 704 3425 Semper
737 3358 874 3410 enim
902 3371 1020 3408 cum
1061 3347 1277 3425 illarum
1302 3367 1426 3425 iuna
1451 3350 1620 3425 oritur
1643 3347 1749 3414 ipse

492 3419 628 3490 Sol}
657 3428 752 3480 has
785 3443 908 3478 vero
939 3423 1339 3493 deprehenderis
1384 3419 1611 3493 magime

494 3496 562 3550 In
592 3484 738 3566 ipsa:
768 3484 1014 3566 intuens;
1049 3493 1238 3566 Verum
1273 3493 1318 3545 si
1360 3488 1584 3566 nubibus
1614 3484 1854 3539 obscura:

493 3561 635 3632 Sint,
664 3567 738 3619 vel
775 3565 948 3618 monte
980 3563 1258 3632 occultata:
1298 3561 1572 3632 oriantur;

497 3629 709 3689 Indicia
741 3635 1092 3688 coorientibus
1123 3631 1316 3684 idonea
1348 3629 1534 3698 facito.

496 3706 616 3774 Ipse
649 3716 825 3758 autem
869 3704 1099 3755 maxime
1129 3705 1192 3754 ab
1221 3697 1468 3753 extremis
1503 3699 1548 3728 τ’
1587 3697 1829 3836 ιιινὶηιίᾶιε
1875 3706 2064 3761 suppe-

1801 3767 2004 3818 itaverit

1801 3766 2004 3818 itaverit

500 3843 786 3905 Oceanus;
820 3858 937 3912 quae
971 3841 1138 3912 multa
1165 3837 1525 3912 circumvolvit
1557 3835 1658 3890 sibi
1690 3835 1790 3902 ipsi

498 3913 578 3966 Ab
605 3915 810 3982 inﬁmo,
832 3908 953 3965 eum
991 3911 1204 3964 illarum
1234 3908 1398 3962 volvat
1424 3921 1864 3976 unamquamque.

574 4027 674 4081 Hic
713 4027 878 4095 igitur
908 4022 1159 4086 amrmat,
1213 4022 1292 4076 sic
1334 4035 1365 4074 a
1404 4019 1561 4074 nobis
1593 4018 1937 4088 potissimum
1966 4015 2070 4068 lio--

502 4133 621 4171 ram
664 4116 977 4186 investigari
1034 4128 1214 4184 posse,
1258 4112 1305 4166 si
1353 4110 1639 4165 duodecim
1693 4109 1936 4178 ipsorqu
1974 4119 2069 4159 zo-

502 4211 645 4266 diaci
673 4211 951 4280 signorum
983 4207 1263 4276 quodlibet
1282 4205 1485 4260 exoriri
1517 4197 2070 4271 videamus.lEtenim

503 4302 595 4374 qui
625 4317 732 4371 quo
759 4301 816 4354 in
847 4298 1053 4353 zodiaci
1086 4297 1264 4368 signo,
1289 4304 1344 4351 et
1375 4309 1613 4366 quanam
1653 4293 1774 4360 ejus
1807 4298 1961 4362 parte
1990 4289 2072 4342 sol

504 4403 750 4450 versetur
778 4393 1064 4461 intelligat,
1098 4405 1199 4445 nec
1229 4391 1444 4460 ignoret
1489 4403 1583 4442 sex
1615 4400 1712 4455 per
1741 4398 1958 4438 omnem
1983 4395 2074 4434 no-

505 4492 646 4539 ctem
705 4483 998 4538 ascendere
1049 4482 1239 4552 signa;
1295 4495 1419 4535 eum
1471 4492 1600 4534 vero
1658 4476 1806 4530 nullo
1856 4473 2074 4543 negotio

508 4577 729 4644 putabat
760 4591 827 4630 ex
854 4586 976 4629 ortu
1025 4575 1166 4645 signi
1204 4574 1272 4628 de
1305 4571 1483 4626 noctis
1521 4570 1655 4623 hora
1705 4567 2073 4636 conjecturam

506 4682 667 4737 posse
689 4666 888 4722 facere.
925 4667 1022 4720 Sin
1065 4673 1150 4720 est
1184 4671 1242 4719 ut
1271 4664 1354 4718 vel
1386 4661 1687 4722 montibus,
1713 4659 1800 4713 vel
1825 4658 2072 4712 nubibus

508 4759 864 4828 interpositis,
897 4757 1080 4812 oriens
1117 4757 1334 4825 signum
1374 4751 1615 4820 prospici
1654 4757 1909 4818 nequeat,
1947 4748 2076 4802 reli—

506 4848 630 4918 quis
662 4863 693 4902 e
731 4847 924 4911 stellis,
951 4863 1071 4916 qua:
1120 4853 1275 4899 extra
1305 4843 1590 4896 zodiacum
1621 4841 1762 4903 sitae,
1803 4838 2074 4893 horizonti

509 4938 708 4991 citimae
739 4943 889 4999 sunt,
942 4937 1128 4990 oriens
1167 4935 1380 5002 signum
1421 4930 1750 5000 deprehendi
1785 4945 1982 4998 posse;
2020 4929 2067 4982 si

2090 3663 2131 3719 c
2165 3637 2740 3723 Σήμςιτζέσξερκοριεέν

2155 3351 2411 3429 Αὶεὶῖγηὰρ
2441 3359 2597 3412 τάων
2633 3357 2835 3429 γεαμιῇ
2867 3356 3296 3429 συνανέρχεται
3327 3351 3513 3429 aperit;

2176 3423 2429 3494 Ἠέλὶοξ·
2463 3429 2568 3494 τὰς
2601 3423 2650 3481 δἱ
2684 3423 2761 3480 ἄν
2786 3423 2852 3480 κε
2885 3424 3277 3493 aspidm-Syram
3295 3423 3566 3494 μάλιστα

2166 3505 2267 3567 Εἰς
2296 3491 2481 3564 αὑτὰς
2516 3491 2721 3565 ὁρόων.
2771 3498 2931 3564 Ἀτὰρ
2957 3491 3045 3567 ’ἢκ
3075 3491 3362 3567 νεφέεσσι
3391 3491 3663 3567 μέλαιναι

2166 3561 2512 3636 Tibareni}
2548 3561 2712 3636 ὄρεος
2747 3561 3155 3634 κεκρυμμέναι
3181 3561 3566 3636 ἀντέμοιενο

2741 3652 2900 3690 οισιν
2927 3632 3182 3703 ἀρηρότα
3209 3632 3577 3703 ποιήσαᾳᾷαι
3593 3648 3605 3661 ·

2162 3700 2350 3775 Αὗὶὸς
2375 3709 2428 3762 δ’
2452 3700 2530 3762 by:
2549 3700 2716 3777 Wa
2744 3723 2833 3760 τοι
2859 3700 3086 3772 neptim-
3119 3703 3394 3770 ἑκάτερθε
3425 3700 3612 3767 διδοίη

2183 3844 2482 3909 Ὠκεανόςο
2518 3841 2592 3896 τά
2628 3859 2691 3895 τε
2725 3839 2926 3894 πολλὰ
2967 3835 3550 3909 περιστρέφετᾳιᾼὲοῖ
3585 3830 3716 3894 αὐτῷ

2170 3905 2446 3977 [νειόθεν.⁷
2467 3911 2742 3982 ὀππῆμος
2775 3911 2989 3964 κείνων
3017 3905 3308 3978 φορέῃσιν
3337 3905 3622 3973 ἑκάστην.

2251 4028 2418 4100 Φησὶν
2448 4023 2540 4082 οὖν
2563 4028 2622 4080 ἐν
2651 4024 2859 4088 τούτοις
2884 4023 3117 4095 μάλιστα
3135 4021 3234 4092 μὲν
3261 4021 3414 4092 ἡμᾶς
3444 4018 3714 4088 ἐπιγνώσε-

2175 4123 2295 4175 σοαι
2325 4120 2424 4190 τὴν
2452 4119 2620 4190 ὤραν,
2649 4117 2742 4170 ἐὰν
2772 4116 2949 4170 αύτῶν
2980 4132 3032 4168 τι
3059 4115 3167 4168 τῶν
3192 4113 3260 4184 ιβ’
3286 4113 3496 4177 ζωδίων
3534 4107 3715 4180 θεωρῶ-

2177 4229 2274 4284 μεν
2315 4211 2618 4266 ἀνατέλλον.
2655 4210 2758 4263 Τὸν
2802 4209 2908 4280 γὰρ
2954 4206 3286 4277 γινώσκοντα
3321 4208 3378 4259 ἐν
3412 4198 3458 4272 ᾧ
3495 4205 3605 4256 ἔστι
3635 4201 3714 4264 ζω-

2173 4305 2269 4374 δίῳ
2299 4307 2326 4358 ό
2366 4303 2536 4375 ἥλιος,
2582 4302 2676 4356 καί
2717 4300 2836 4355 καθ’
2879 4301 2908 4354 ὃ
2957 4299 3118 4371 μέρος
3163 4298 3350 4362 αὐτοῦ,
3392 4297 3487 4350 καὶ
3522 4295 3644 4348 διότι
3673 4294 3714 4343 ὲν

2175 4398 2326 4468 πάσῃ
2352 4395 2506 4448 νυκτὶ
2538 4394 2597 4461 ἒξ
2630 4393 2795 4459 ζώδια
2840 4392 3136 4456 ἀνατέλλει,
3170 4389 3367 4462 ῥᾳδίως
3401 4385 3712 4457 ὑπελάμϐανε

2177 4488 2424 4557 συνήσειν
2457 4486 2520 4537 ὲκ
2542 4483 2635 4537 τοῦ
2671 4484 3045 4546 ἀνατέλλοντος
3077 4481 3264 4546 ζωδίου
3302 4481 3401 4550 τὴν
3430 4481 3529 4551 τῆς
3555 4473 3714 4533 νυκτὸς

2175 4577 2341 4649 ὥραν.
2392 4576 2453 4627 Ei
2503 4575 2684 4644 μέντοι
2727 4591 2790 4643 γε
2819 4573 2851 4644 ἢ
2887 4573 2975 4626 διὰ
3007 4572 3130 4641 ὄρη,
3164 4572 3196 4642 ἢ
3245 4569 3335 4624 διὰ
3366 4570 3525 4638 νέφη,
3557 4567 3624 4638 μὴ
3649 4567 3712 4628 εἴη

2177 4665 2406 4736 φανερὸν
2444 4665 2504 4717 τὸ
2534 4663 2816 4718 ἀνατέλλον
2849 4663 3052 4728 ζὼδιον,
3087 4663 3150 4714 ἐκ
3195 4659 3304 4714 τῶν
3350 4658 3548 4713 λοιπῶν
3586 4653 3712 4709 ἀστέο

2181 4773 2308 4830 ρων,
2338 4756 2446 4808 τῶν
2494 4756 2647 4819 ἐκτὸς
2697 4754 2791 4808 τοῦ
2842 4753 3104 4819 ζωδιακοῦ
3156 4751 3382 4815 κύκλου,
3411 4750 3662 4822 κειμένων
3681 4744 3712 4794 δ’

2177 4847 2342 4916 ἐγγὺς
2373 4845 2466 4898 τοῦ
2496 4845 2784 4917 ὁρίζοντος,
2827 4841 3218 4912 ὲπιγνώσεσθαι
3254 4843 3403 4911 ἡμᾶς
3429 4840 3491 4893 τὺ
3527 4834 3712 4892 ἀνατέλ-

2185 4938 2274 4991 λον
2301 4932 2508 5002 ζώδιον,
2535 4937 2630 4990 ἐὰν
2654 4935 2850 5006 ίδωμεν
2875 4937 3001 4988 ποῖα
3023 4933 3132 4986 τῶν
3155 4934 3371 5003 ἄστρων
3406 4932 3614 5002 ἑκάστῳ
3637 4929 3716 4991 ξω·

507 5029 612 5082 hoc
649 5024 1211 5085 animadverterimus,
1243 5021 1550 5091 cujusmodi
1583 5021 1763 5076 sidera
1785 5034 1911 5074 cum
1944 5033 2072 5072 uno-

2183 5027 2276 5098 δίῳ
2308 5025 2701 5091 συνανατέλλει,
2801 5022 3209 5092 συγκαταδύνει.

508 5134 728 5189 quoque
750 5117 907 5187 signo
934 5123 1114 5170 ortum
1148 5127 1513 5182 occasumque
1543 5113 1768 5167 faciant.

579 5207 647 5264 ll.
686 5207 791 5263 Sed
820 5210 878 5260 in
925 5221 990 5260 eo
1031 5204 1264 5275 primum
1305 5203 1692 5269 hallucinatur,
1716 5203 1862 5273 quod
1890 5202 2080 5258 existi-

513 5306 623 5352 met
666 5295 1194 5364 ad'investigandam
1227 5295 1404 5365 noctis
1442 5295 1631 5348 horam
1661 5295 1795 5348 satis
1836 5308 1959 5349 esse
1993 5307 2081 5345 ra-

515 5386 830 5441 tiocinando
851 5385 1125 5455 colligere,
1170 5394 1300 5456 quot
1335 5385 1402 5439 ad
1433 5393 1614 5440 ortum
1638 5385 1770 5439 solis
1798 5384 1975 5438 adhuc
2001 5385 2079 5437 si-

519 5495 622 5548 gna
646 5478 941 5547 supersint.
970 5477 1108 5532 Tum
1134 5479 1185 5533 id
1215 5480 1359 5534 enim
1399 5493 1586 5532 verum
1615 5475 1778 5539 foret,
1805 5475 1850 5544 si
1883 5476 2081 5546 aquali

519 5579 760 5638 tempore
791 5569 1002 5639 signum
1025 5572 1253 5641 quodvis
1285 5571 1540 5626 oriretur.
1565 5568 1831 5634 Quoniam
1854 5584 1983 5622 vero
2002 5568 2079 5621 la-

2251 5207 2325 5258 B'.
2342 5205 2561 5276 Πρῶτον
2585 5203 2681 5274 μὲν
2696 5199 2788 5256 οὖν
2804 5205 2988 5271 ἀγνοεῖ
3002 5198 3398 5270 ὑπολαμϐάνων
3414 5198 3595 5272 ἀρκεῖν
3611 5195 3716 5266 tot;

2180 5296 2240 5349 τὸ
2265 5295 2362 5364 τὴν
2393 5295 2541 5366 ὥραν
2576 5293 2868 5362 ἐπιγνῶναι
2893 5292 2992 5362 τῆς
3019 5290 3212 5353 νυκτὸς
3241 5290 3302 5342 τὸ
3337 5289 3715 5358 συλλογίσασθαι

2181 5387 2323 5440 πόσα
2357 5385 2436 5438 ἔτι
2469 5383 2632 5448 ζώδια
2664 5382 3049 5437 καταλείπεται
3086 5381 3166 5443 εἰς
3192 5382 3290 5452 τὴν
3313 5379 3409 5433 τοῦ
3442 5379 3584 5450 ἡλίου
3610 5377 3716 5428 ἀνα-

2179 5477 2356 5550 τολήν.
2383 5475 2551 5529 Τοῦτο
2577 5474 2685 5546 γὰρ
2709 5474 2915 5543 ἐγίνετο
2943 5475 2990 5524 εἰ
3026 5474 3082 5525 ὲν
3116 5471 3214 5541 ῐσῳ
3245 5471 3422 5543 χρόνῳ
3443 5471 3500 5524 ἓν
3526 5469 3714 5523 ἕκαστον

2181 5567 2289 5620 τῶν
2319 5567 2520 5631 ζωδίων
2551 5566 2845 5622 ἀνέτελλεν.
2890 5565 3039 5618 Ἐπεὶ
3065 5561 3120 5616 δὲ
3154 5563 3402 5636 μεγάλην
3448 5559 3577 5616 εἶναι
3603 5573 3714 5612 συα-

597 5723 724 5779 "1d
757 5732 837 5783 est
867 5724 928 5779 ab
955 5736 1068 5780 ortu
1103 5737 1152 5779 et
1191 5743 1398 5782 occasu.
1437 5726 1482 5758 ⁷³
1507 5742 1594 5794 γρ.
1627 5723 1935 5796 ἀντέλλῃσιν
1964 5723 2184 5793 ἑκάστη.
