  <div class='ocr_page' id='page_1' title='image "/cluster/home/n/w/nwhite01/storage/ocr_20150623/19/hvd.32044011362951/540.png"; bbox 0 0 3816 6308; ppageno 0'>
   <div class='ocr_carea' id='block_1_1' title="bbox 109 327 232 389">
    <p class='ocr_par' dir='ltr' id='par_1_1' title="bbox 109 327 232 389">
     <span class='ocr_line' id='line_1_1' title="bbox 109 327 232 389; baseline 0 0"><span class='ocrx_word' id='word_1_1' title='bbox 109 327 232 389; x_wconf 66' lang='grc'><strong>1085</strong></span> 
     </span>
    </p>
   </div>
   <div class='ocr_carea' id='block_1_2' title="bbox 1045 322 2275 388">
    <p class='ocr_par' dir='ltr' id='par_1_2' title="bbox 1045 322 2275 388">
     <span class='ocr_line' id='line_1_2' title="bbox 1045 322 2275 388; baseline 0.003 -5"><span class='ocrx_word' id='word_1_2' title='bbox 1045 322 1413 384; x_wconf 73' lang='lat' dir='ltr'><strong>HIPPARCHI</strong></span> <span class='ocrx_word' id='word_1_3' title='bbox 1443 326 1533 382; x_wconf 84' lang='lat' dir='ltr'><strong>AD</strong></span> <span class='ocrx_word' id='word_1_4' title='bbox 1560 323 2006 386; x_wconf 64' lang='lat' dir='ltr'><strong>PHENOMENA</strong></span> <span class='ocrx_word' id='word_1_5' title='bbox 2040 331 2166 386; x_wconf 83' lang='lat' dir='ltr'><strong>LIB.</strong></span> <span class='ocrx_word' id='word_1_6' title='bbox 2205 330 2275 388; x_wconf 82' lang='lat' dir='ltr'><strong>ll.</strong></span> 
     </span>
    </p>
   </div>
   <div class='ocr_carea' id='block_1_3' title="bbox 3193 336 3331 393">
    <p class='ocr_par' dir='ltr' id='par_1_3' title="bbox 3193 336 3331 393">
     <span class='ocr_line' id='line_1_3' title="bbox 3193 336 3331 393; baseline 0.022 -3"><span class='ocrx_word' id='word_1_7' title='bbox 3193 336 3331 393; x_wconf 68' lang='grc'><strong>1066</strong></span> 
     </span>
    </p>
   </div>
   <div class='ocr_carea' id='block_1_4' title="bbox 105 443 1641 523">
    <p class='ocr_par' dir='ltr' id='par_1_4' title="bbox 105 443 1641 520">
     <span class='ocr_line' id='line_1_4' title="bbox 105 443 1641 520; baseline -0.005 -17"><span class='ocrx_word' id='word_1_8' title='bbox 105 449 267 503; x_wconf 69' lang='grc' dir='ltr'>ϐαίνει</span> <span class='ocrx_word' id='word_1_9' title='bbox 304 446 573 520; x_wconf 73' lang='grc' dir='ltr'>διαφορὰν</span> <span class='ocrx_word' id='word_1_10' title='bbox 615 449 672 500; x_wconf 84' lang='grc' dir='ltr'><strong>ἐν</strong></span> <span class='ocrx_word' id='word_1_11' title='bbox 713 449 832 512; x_wconf 83' lang='grc' dir='ltr'>ταῖς</span> <span class='ocrx_word' id='word_1_12' title='bbox 873 446 1156 511; x_wconf 78' lang='grc' dir='ltr'><strong>ἀνατολαῖς</strong></span> <span class='ocrx_word' id='word_1_13' title='bbox 1199 447 1307 500; x_wconf 85' lang='grc' dir='ltr'><strong>τῶν</strong></span> <span class='ocrx_word' id='word_1_14' title='bbox 1347 445 1414 516; x_wconf 83' lang='grc' dir='ltr'><strong>ιβ’</strong></span> <span class='ocrx_word' id='word_1_15' title='bbox 1446 443 1641 510; x_wconf 79' lang='grc' dir='ltr'>ξωδίων</span> 
     </span>
    </p>
   </div>
   <div class='ocr_carea' id='block_1_5' title="bbox 1747 443 3329 523">
    <p class='ocr_par' dir='ltr' id='par_1_5' title="bbox 1775 447 3329 523">
     <span class='ocr_line' id='line_1_5' title="bbox 1775 447 3329 523; baseline 0.006 -24"><span class='ocrx_word' id='word_1_16' title='bbox 1775 452 1888 500; x_wconf 88' lang='lat' dir='ltr'><strong>tum</strong></span> <span class='ocrx_word' id='word_1_17' title='bbox 1924 447 2221 506; x_wconf 80' lang='lat' dir='ltr'><strong>discrimen</strong></span> <span class='ocrx_word' id='word_1_18' title='bbox 2246 451 2409 506; x_wconf 81' lang='lat' dir='ltr'><strong>estin</strong></span> <span class='ocrx_word' id='word_1_19' title='bbox 2449 450 2738 507; x_wconf 78' lang='lat' dir='ltr'><strong>duodecim</strong></span> <span class='ocrx_word' id='word_1_20' title='bbox 2769 453 3048 523; x_wconf 85' lang='lat' dir='ltr'><strong>signorum</strong></span> <span class='ocrx_word' id='word_1_21' title='bbox 3082 453 3329 509; x_wconf 88' lang='lat' dir='ltr'><strong>ortibus:</strong></span> 
     </span>
    </p>
   </div>
   <div class='ocr_carea' id='block_1_6' title="bbox 104 534 1641 615">
    <p class='ocr_par' dir='ltr' id='par_1_6' title="bbox 104 534 1641 608">
     <span class='ocr_line' id='line_1_6' title="bbox 104 534 1641 608; baseline -0.003 -17"><span class='ocrx_word' id='word_1_22' title='bbox 104 539 351 607; x_wconf 82' lang='grc' dir='ltr'><strong>ἀγνοήσει</strong></span> <span class='ocrx_word' id='word_1_23' title='bbox 391 537 492 608; x_wconf 77' lang='grc' dir='ltr'>τὴν</span> <span class='ocrx_word' id='word_1_24' title='bbox 533 535 633 605; x_wconf 79' lang='grc' dir='ltr'><strong>τῆς</strong></span> <span class='ocrx_word' id='word_1_25' title='bbox 678 534 868 599; x_wconf 80' lang='grc' dir='ltr'>νυκτὸς</span> <span class='ocrx_word' id='word_1_26' title='bbox 910 534 1060 605; x_wconf 83' lang='grc' dir='ltr'>ὥραν</span> <span class='ocrx_word' id='word_1_27' title='bbox 1098 536 1128 587; x_wconf 92' lang='lat'><strong>6</strong></span> <span class='ocrx_word' id='word_1_28' title='bbox 1168 534 1248 605; x_wconf 83' lang='grc' dir='ltr'>τῷ</span> <span class='ocrx_word' id='word_1_29' title='bbox 1292 534 1641 605; x_wconf 83' lang='grc' dir='ltr'>προειρημένι</span> 
     </span>
    </p>
   </div>
   <div class='ocr_carea' id='block_1_7' title="bbox 1747 534 3336 615">
    <p class='ocr_par' dir='ltr' id='par_1_7' title="bbox 1770 539 3336 615">
     <span class='ocr_line' id='line_1_7' title="bbox 1770 539 3336 615; baseline 0.005 -23"><span class='ocrx_word' id='word_1_30' title='bbox 1770 540 1863 607; x_wconf 86' lang='lat' dir='ltr'><strong>qui</strong></span> <span class='ocrx_word' id='word_1_31' title='bbox 1886 539 2098 595; x_wconf 76' lang='lat' dir='ltr'><strong>ratione</strong></span> <span class='ocrx_word' id='word_1_32' title='bbox 2117 541 2208 595; x_wconf 91' lang='lat' dir='ltr'><strong>illa</strong></span> <span class='ocrx_word' id='word_1_33' title='bbox 2241 543 2317 596; x_wconf 90' lang='lat' dir='ltr'><strong>uti</strong></span> <span class='ocrx_word' id='word_1_34' title='bbox 2334 543 2482 606; x_wconf 86' lang='lat' dir='ltr'><strong>velit,</strong></span> <span class='ocrx_word' id='word_1_35' title='bbox 2512 544 2699 598; x_wconf 77' lang='lat' dir='ltr'><strong>horam</strong></span> <span class='ocrx_word' id='word_1_36' title='bbox 2730 546 2911 600; x_wconf 89' lang='lat' dir='ltr'><strong>noctis</strong></span> <span class='ocrx_word' id='word_1_37' title='bbox 2932 545 3150 615; x_wconf 82' lang='lat' dir='ltr'><strong>assequi</strong></span> <span class='ocrx_word' id='word_1_38' title='bbox 3186 546 3336 600; x_wconf 88' lang='lat' dir='ltr'><strong>nullo</strong></span> 
     </span>
    </p>
   </div>
   <div class='ocr_carea' id='block_1_8' title="bbox 107 624 1641 705">
    <p class='ocr_par' dir='ltr' id='par_1_8' title="bbox 107 624 1641 698">
     <span class='ocr_line' id='line_1_8' title="bbox 107 624 1641 698; baseline -0.002 -18"><span class='ocrx_word' id='word_1_39' title='bbox 107 625 445 697; x_wconf 77' lang='grc' dir='ltr'>συλλογισμῷ</span> <span class='ocrx_word' id='word_1_40' title='bbox 476 625 773 698; x_wconf 86' lang='grc' dir='ltr'>χρώμενος.</span> <span class='ocrx_word' id='word_1_41' title='bbox 808 626 1055 680; x_wconf 82' lang='grc' dir='ltr'><strong>Μάλιστα</strong></span> <span class='ocrx_word' id='word_1_42' title='bbox 1084 625 1128 679; x_wconf 76' lang='grc' dir='ltr'>δ’</span> <span class='ocrx_word' id='word_1_43' title='bbox 1155 626 1221 681; x_wconf 84' lang='grc' dir='ltr'><strong>ἀν</strong></span> <span class='ocrx_word' id='word_1_44' title='bbox 1260 640 1345 689; x_wconf 84' lang='grc' dir='ltr'><strong>τις</strong></span> <span class='ocrx_word' id='word_1_45' title='bbox 1365 624 1641 695; x_wconf 75' lang='grc' dir='ltr'><strong>θαυμάσει</strong></span> 
     </span>
    </p>
   </div>
   <div class='ocr_carea' id='block_1_9' title="bbox 1747 624 3337 705">
    <p class='ocr_par' dir='ltr' id='par_1_9' title="bbox 1769 629 3337 705">
     <span class='ocr_line' id='line_1_9' title="bbox 1769 629 3337 705; baseline 0.006 -24"><span class='ocrx_word' id='word_1_46' title='bbox 1769 629 1932 683; x_wconf 91' lang='lat' dir='ltr'><strong>modo</strong></span> <span class='ocrx_word' id='word_1_47' title='bbox 1967 631 2190 699; x_wconf 88' lang='lat' dir='ltr'><strong>poterit.</strong></span> <span class='ocrx_word' id='word_1_48' title='bbox 2246 631 2351 687; x_wconf 89' lang='lat' dir='ltr'><strong>Sed</strong></span> <span class='ocrx_word' id='word_1_49' title='bbox 2393 633 2521 688; x_wconf 78' lang='lat' dir='ltr'><strong>illud</strong></span> <span class='ocrx_word' id='word_1_50' title='bbox 2587 634 2774 689; x_wconf 89' lang='lat' dir='ltr'><strong>mirari</strong></span> <span class='ocrx_word' id='word_1_51' title='bbox 2836 635 3004 698; x_wconf 88' lang='lat' dir='ltr'><strong>subit,</strong></span> <span class='ocrx_word' id='word_1_52' title='bbox 3061 636 3337 705; x_wconf 87' lang='lat' dir='ltr'><strong>quomodo</strong></span> 
     </span>
    </p>
   </div>
   <div class='ocr_carea' id='block_1_10' title="bbox 105 714 1641 796">
    <p class='ocr_par' dir='ltr' id='par_1_10' title="bbox 105 714 1641 786">
     <span class='ocr_line' id='line_1_10' title="bbox 105 714 1641 786; baseline -0.003 -16"><span class='ocrx_word' id='word_1_53' title='bbox 105 715 211 779; x_wconf 82' lang='grc' dir='ltr'><strong>πῶς</strong></span> <span class='ocrx_word' id='word_1_54' title='bbox 264 716 367 769; x_wconf 73' lang='grc' dir='ltr'><strong>καὶ</strong></span> <span class='ocrx_word' id='word_1_55' title='bbox 413 719 443 770; x_wconf 97' lang='lat'><strong>6</strong></span> <span class='ocrx_word' id='word_1_56' title='bbox 480 716 739 780; x_wconf 73' lang='grc' dir='ltr'>’Ἄτταλος</span> <span class='ocrx_word' id='word_1_57' title='bbox 783 715 1233 784; x_wconf 77' lang='grc' dir='ltr'><strong>συγκατατίθεται</strong></span> <span class='ocrx_word' id='word_1_58' title='bbox 1286 714 1479 786; x_wconf 82' lang='grc' dir='ltr'>τούτῳ.</span> <span class='ocrx_word' id='word_1_59' title='bbox 1508 714 1641 782; x_wconf 82' lang='grc' dir='ltr'>Λέγε</span> 
     </span>
    </p>
   </div>
   <div class='ocr_carea' id='block_1_11' title="bbox 1747 714 3331 796">
    <p class='ocr_par' dir='ltr' id='par_1_11' title="bbox 1770 719 3331 796">
     <span class='ocr_line' id='line_1_11' title="bbox 1770 719 3331 796; baseline 0.004 -24"><span class='ocrx_word' id='word_1_60' title='bbox 1770 719 1896 774; x_wconf 83' lang='lat' dir='ltr'><strong>huic</strong></span> <span class='ocrx_word' id='word_1_61' title='bbox 1931 723 2093 777; x_wconf 88' lang='lat' dir='ltr'><strong>etiam</strong></span> <span class='ocrx_word' id='word_1_62' title='bbox 2148 723 2411 778; x_wconf 72' lang='lat' dir='ltr'><strong>doctrinae</strong></span> <span class='ocrx_word' id='word_1_63' title='bbox 2456 725 2797 796; x_wconf 83' lang='lat' dir='ltr'><strong>subscriptor</strong></span> <span class='ocrx_word' id='word_1_64' title='bbox 2836 726 3052 782; x_wconf 78' lang='lat' dir='ltr'><strong>Attalus</strong></span> <span class='ocrx_word' id='word_1_65' title='bbox 3090 726 3331 781; x_wconf 65' lang='lat' dir='ltr'><strong>accedat.</strong></span> 
     </span>
    </p>
   </div>
   <div class='ocr_carea' id='block_1_12' title="bbox 104 807 1667 879">
    <p class='ocr_par' dir='ltr' id='par_1_12' title="bbox 104 807 1667 879">
     <span class='ocr_line' id='line_1_12' title="bbox 104 807 1667 879; baseline -0.001 -18"><span class='ocrx_word' id='word_1_66' title='bbox 104 809 203 878; x_wconf 78' lang='grc' dir='ltr'><strong>γὰρ</strong></span> <span class='ocrx_word' id='word_1_67' title='bbox 229 807 323 861; x_wconf 80' lang='grc' dir='ltr'>τὸν</span> <span class='ocrx_word' id='word_1_68' title='bbox 346 807 549 878; x_wconf 82' lang='grc' dir='ltr'>τρόπον</span> <span class='ocrx_word' id='word_1_69' title='bbox 576 807 793 861; x_wconf 76' lang='grc' dir='ltr'>τοῦτονο</span> <span class='ocrx_word' id='word_1_70' title='bbox 827 827 847 860; x_wconf 80' lang='grc' dir='ltr'><strong>ι</strong></span> <span class='ocrx_word' id='word_1_71' title='bbox 891 809 979 861; x_wconf 88' lang='grc' dir='ltr'>Ἐν</span> <span class='ocrx_word' id='word_1_72' title='bbox 1014 808 1072 861; x_wconf 83' lang='grc' dir='ltr'><strong>δέ</strong></span> <span class='ocrx_word' id='word_1_73' title='bbox 1106 810 1219 871; x_wconf 84' lang='grc' dir='ltr'>τοῖς</span> <span class='ocrx_word' id='word_1_74' title='bbox 1243 808 1518 879; x_wconf 71' lang='grc' dir='ltr'>ἐχομένοις</span> <span class='ocrx_word' id='word_1_75' title='bbox 1548 824 1667 860; x_wconf 86' lang='grc' dir='ltr'>πει-</span> 
     </span>
    </p>
   </div>
   <div class='ocr_carea' id='block_1_13' title="bbox 107 898 1667 971">
    <p class='ocr_par' dir='ltr' id='par_1_13' title="bbox 107 898 1667 971">
     <span class='ocr_line' id='line_1_13' title="bbox 107 898 1667 971; baseline 0 -20"><span class='ocrx_word' id='word_1_76' title='bbox 107 900 254 971; x_wconf 79' lang='grc' dir='ltr'>ρᾶται</span> <span class='ocrx_word' id='word_1_77' title='bbox 283 899 681 963; x_wconf 85' lang='grc' dir='ltr'>ὑποδεικνύειν,</span> <span class='ocrx_word' id='word_1_78' title='bbox 719 899 837 964; x_wconf 83' lang='grc' dir='ltr'><strong>πῶς</strong></span> <span class='ocrx_word' id='word_1_79' title='bbox 865 900 930 954; x_wconf 82' lang='grc' dir='ltr'>ἄν</span> <span class='ocrx_word' id='word_1_80' title='bbox 956 917 1042 963; x_wconf 91' lang='grc' dir='ltr'><strong>τις</strong></span> <span class='ocrx_word' id='word_1_81' title='bbox 1073 899 1162 953; x_wconf 84' lang='grc' dir='ltr'>διὰ</span> <span class='ocrx_word' id='word_1_82' title='bbox 1195 900 1304 955; x_wconf 83' lang='grc' dir='ltr'>τῶν</span> <span class='ocrx_word' id='word_1_83' title='bbox 1331 901 1543 970; x_wconf 81' lang='grc' dir='ltr'>ἄστρων</span> <span class='ocrx_word' id='word_1_84' title='bbox 1578 898 1667 951; x_wconf 87' lang='grc' dir='ltr'>δύ-</span> 
     </span>
    </p>
   </div>
   <div class='ocr_carea' id='block_1_14' title="bbox 102 990 1666 1062">
    <p class='ocr_par' dir='ltr' id='par_1_14' title="bbox 102 990 1666 1062">
     <span class='ocr_line' id='line_1_14' title="bbox 102 990 1666 1062; baseline -0.001 -17"><span class='ocrx_word' id='word_1_85' title='bbox 102 1008 239 1045; x_wconf 76' lang='grc' dir='ltr'>ναιτο</span> <span class='ocrx_word' id='word_1_86' title='bbox 266 991 367 1062; x_wconf 74' lang='grc' dir='ltr'><strong>τὴν</strong></span> <span class='ocrx_word' id='word_1_87' title='bbox 394 990 543 1062; x_wconf 82' lang='grc' dir='ltr'>ὥραν</span> <span class='ocrx_word' id='word_1_88' title='bbox 576 991 676 1059; x_wconf 78' lang='grc' dir='ltr'>τῆς</span> <span class='ocrx_word' id='word_1_89' title='bbox 698 993 888 1056; x_wconf 86' lang='grc' dir='ltr'>νυκτὸς</span> <span class='ocrx_word' id='word_1_90' title='bbox 912 991 1347 1061; x_wconf 82' lang='grc' dir='ltr'>ἐπιγιγνώσκειν.</span> <span class='ocrx_word' id='word_1_91' title='bbox 1382 992 1535 1045; x_wconf 70' lang='grc' dir='ltr'>Ἐπεὶ</span> <span class='ocrx_word' id='word_1_92' title='bbox 1557 992 1666 1062; x_wconf 85' lang='grc' dir='ltr'><strong>γάρ</strong></span> 
     </span>
    </p>
   </div>
   <div class='ocr_carea' id='block_1_15' title="bbox 96 1081 1665 1154">
    <p class='ocr_par' dir='ltr' id='par_1_15' title="bbox 96 1081 1665 1154">
     <span class='ocr_line' id='line_1_15' title="bbox 96 1081 1665 1154; baseline 0 -19"><span class='ocrx_word' id='word_1_93' title='bbox 96 1083 235 1136; x_wconf 74' lang='grc' dir='ltr'>ἐστιν</span> <span class='ocrx_word' id='word_1_94' title='bbox 265 1081 413 1154; x_wconf 79' lang='grc' dir='ltr'>ἀρχὴ</span> <span class='ocrx_word' id='word_1_95' title='bbox 439 1082 630 1146; x_wconf 81' lang='grc' dir='ltr'>νυκτὸς</span> <span class='ocrx_word' id='word_1_96' title='bbox 649 1083 801 1153; x_wconf 79' lang='grc' dir='ltr'>ήλῖου</span> <span class='ocrx_word' id='word_1_97' title='bbox 827 1083 978 1146; x_wconf 82' lang='grc' dir='ltr'>δύσις</span> <span class='ocrx_word' id='word_1_98' title='bbox 994 1100 1009 1114; x_wconf 75' lang='grc'><em>’</em></span> <span class='ocrx_word' id='word_1_99' title='bbox 1044 1084 1074 1135; x_wconf 88' lang='lat'><strong>6</strong></span> <span class='ocrx_word' id='word_1_100' title='bbox 1096 1082 1154 1136; x_wconf 87' lang='grc' dir='ltr'><strong>δέ</strong></span> <span class='ocrx_word' id='word_1_101' title='bbox 1180 1082 1331 1153; x_wconf 73' lang='grc' dir='ltr'>ἥλιος</span> <span class='ocrx_word' id='word_1_102' title='bbox 1357 1083 1444 1137; x_wconf 75' lang='grc' dir='ltr'>ἀεὶ</span> <span class='ocrx_word' id='word_1_103' title='bbox 1467 1082 1524 1135; x_wconf 73' lang='grc' dir='ltr'><strong>ἐν</strong></span> <span class='ocrx_word' id='word_1_104' title='bbox 1560 1099 1665 1135; x_wconf 90' lang='grc' dir='ltr'>τινι</span> 
     </span>
    </p>
   </div>
   <div class='ocr_carea' id='block_1_16' title="bbox 98 1172 1663 1245">
    <p class='ocr_par' dir='ltr' id='par_1_16' title="bbox 98 1172 1663 1245">
     <span class='ocr_line' id='line_1_16' title="bbox 98 1172 1663 1245; baseline -0.001 -18"><span class='ocrx_word' id='word_1_105' title='bbox 98 1174 196 1227; x_wconf 86' lang='grc' dir='ltr'>τῶν</span> <span class='ocrx_word' id='word_1_106' title='bbox 218 1174 284 1244; x_wconf 83' lang='grc' dir='ltr'><strong>ιβ’</strong></span> <span class='ocrx_word' id='word_1_107' title='bbox 312 1173 523 1238; x_wconf 79' lang='grc' dir='ltr'>ζωδίων</span> <span class='ocrx_word' id='word_1_108' title='bbox 549 1174 695 1227; x_wconf 79' lang='grc' dir='ltr'>ἐστί’</span> <span class='ocrx_word' id='word_1_109' title='bbox 729 1174 904 1245; x_wconf 86' lang='grc' dir='ltr'>δῆλον,</span> <span class='ocrx_word' id='word_1_110' title='bbox 927 1175 1008 1228; x_wconf 83' lang='grc' dir='ltr'>ὃτι</span> <span class='ocrx_word' id='word_1_111' title='bbox 1031 1174 1111 1245; x_wconf 83' lang='grc' dir='ltr'>τῷ</span> <span class='ocrx_word' id='word_1_112' title='bbox 1131 1172 1451 1243; x_wconf 84' lang='grc' dir='ltr'>γινώσκοντι</span> <span class='ocrx_word' id='word_1_113' title='bbox 1478 1175 1538 1226; x_wconf 81' lang='grc' dir='ltr'>ὲν</span> <span class='ocrx_word' id='word_1_114' title='bbox 1560 1174 1663 1227; x_wconf 89' lang='grc' dir='ltr'>τίνι</span> 
     </span>
    </p>
   </div>
   <div class='ocr_carea' id='block_1_17' title="bbox 92 1264 1661 1340">
    <p class='ocr_par' dir='ltr' id='par_1_17' title="bbox 92 1264 1661 1340">
     <span class='ocr_line' id='line_1_17' title="bbox 92 1264 1661 1340; baseline 0.001 -22"><span class='ocrx_word' id='word_1_115' title='bbox 92 1282 147 1318; x_wconf 85' lang='grc' dir='ltr'><strong>τε</strong></span> <span class='ocrx_word' id='word_1_116' title='bbox 166 1265 340 1337; x_wconf 80' lang='grc' dir='ltr'>ζωδίῳ</span> <span class='ocrx_word' id='word_1_117' title='bbox 358 1267 389 1319; x_wconf 92' lang='lat'><strong>6</strong></span> <span class='ocrx_word' id='word_1_118' title='bbox 411 1264 564 1337; x_wconf 82' lang='grc' dir='ltr'>ἥλιός</span> <span class='ocrx_word' id='word_1_119' title='bbox 589 1267 725 1326; x_wconf 86' lang='grc' dir='ltr'>ἐστι,</span> <span class='ocrx_word' id='word_1_120' title='bbox 745 1267 837 1319; x_wconf 78' lang='grc' dir='ltr'>καὶ</span> <span class='ocrx_word' id='word_1_121' title='bbox 863 1266 921 1318; x_wconf 81' lang='grc' dir='ltr'><strong>ἐν</strong></span> <span class='ocrx_word' id='word_1_122' title='bbox 948 1264 1121 1340; x_wconf 85' lang='grc' dir='ltr'>πόστῃ</span> <span class='ocrx_word' id='word_1_123' title='bbox 1146 1266 1307 1338; x_wconf 73' lang='grc' dir='ltr'>μοίρᾳ</span> <span class='ocrx_word' id='word_1_124' title='bbox 1330 1265 1423 1319; x_wconf 82' lang='grc' dir='ltr'><strong>τοῦ</strong></span> <span class='ocrx_word' id='word_1_125' title='bbox 1450 1265 1661 1331; x_wconf 79' lang='grc' dir='ltr'>ζωδίου,</span> 
     </span>
    </p>
   </div>
   <div class='ocr_carea' id='block_1_18' title="bbox 94 1356 1659 1429">
    <p class='ocr_par' dir='ltr' id='par_1_18' title="bbox 94 1356 1659 1429">
     <span class='ocr_line' id='line_1_18' title="bbox 94 1356 1659 1429; baseline 0.001 -19"><span class='ocrx_word' id='word_1_126' title='bbox 94 1359 265 1429; x_wconf 72' lang='grc' dir='ltr'>ῥᾴδιόν</span> <span class='ocrx_word' id='word_1_127' title='bbox 300 1360 450 1410; x_wconf 88' lang='grc' dir='ltr'>ἐστιν</span> <span class='ocrx_word' id='word_1_128' title='bbox 481 1358 793 1426; x_wconf 78' lang='grc' dir='ltr'>ἐπιγνῶναι,</span> <span class='ocrx_word' id='word_1_129' title='bbox 840 1357 937 1410; x_wconf 76' lang='grc' dir='ltr'>καὶ</span> <span class='ocrx_word' id='word_1_130' title='bbox 984 1360 1133 1411; x_wconf 88' lang='grc' dir='ltr'>ποῖον</span> <span class='ocrx_word' id='word_1_131' title='bbox 1179 1356 1367 1422; x_wconf 76' lang='grc' dir='ltr'>ζώδιον</span> <span class='ocrx_word' id='word_1_132' title='bbox 1421 1359 1477 1410; x_wconf 88' lang='grc' dir='ltr'><strong>ἐν</strong></span> <span class='ocrx_word' id='word_1_133' title='bbox 1519 1359 1659 1428; x_wconf 79' lang='grc' dir='ltr'>ἀρχῇ</span> 
     </span>
    </p>
   </div>
   <div class='ocr_carea' id='block_1_19' title="bbox 93 1446 1662 1521">
    <p class='ocr_par' dir='ltr' id='par_1_19' title="bbox 93 1446 1662 1521">
     <span class='ocr_line' id='line_1_19' title="bbox 93 1446 1662 1521; baseline 0.001 -20"><span class='ocrx_word' id='word_1_134' title='bbox 93 1449 179 1519; x_wconf 79' lang='grc' dir='ltr'>τῆς</span> <span class='ocrx_word' id='word_1_135' title='bbox 206 1449 403 1511; x_wconf 77' lang='grc' dir='ltr'>νυκτὸς</span> <span class='ocrx_word' id='word_1_136' title='bbox 433 1448 732 1512; x_wconf 82' lang='grc' dir='ltr'>ἀνατέλλει,</span> <span class='ocrx_word' id='word_1_137' title='bbox 761 1448 856 1502; x_wconf 76' lang='grc' dir='ltr'>καὶ</span> <span class='ocrx_word' id='word_1_138' title='bbox 895 1449 1022 1519; x_wconf 74' lang='grc' dir='ltr'>ποίᾳ</span> <span class='ocrx_word' id='word_1_139' title='bbox 1069 1448 1251 1520; x_wconf 77' lang='grc' dir='ltr'>μοίρᾳ.</span> <span class='ocrx_word' id='word_1_140' title='bbox 1290 1446 1367 1519; x_wconf 86' lang='grc' dir='ltr'><strong>Τῇ</strong></span> <span class='ocrx_word' id='word_1_141' title='bbox 1412 1448 1522 1521; x_wconf 83' lang='grc' dir='ltr'><strong>γὰρ</strong></span> <span class='ocrx_word' id='word_1_142' title='bbox 1558 1449 1662 1502; x_wconf 81' lang='grc' dir='ltr'><strong>ὑπὸ</strong></span> 
     </span>
    </p>
   </div>
   <div class='ocr_carea' id='block_1_20' title="bbox 91 1539 1661 1612">
    <p class='ocr_par' dir='ltr' id='par_1_20' title="bbox 91 1539 1661 1612">
     <span class='ocr_line' id='line_1_20' title="bbox 91 1539 1661 1612; baseline 0 -19"><span class='ocrx_word' id='word_1_143' title='bbox 91 1541 173 1594; x_wconf 72' lang='grc' dir='ltr'>τοῦ</span> <span class='ocrx_word' id='word_1_144' title='bbox 202 1541 358 1612; x_wconf 78' lang='grc' dir='ltr'>ἡλίου</span> <span class='ocrx_word' id='word_1_145' title='bbox 385 1540 726 1611; x_wconf 78' lang='grc' dir='ltr'><strong>κατεχομένη</strong></span> <span class='ocrx_word' id='word_1_146' title='bbox 764 1539 928 1611; x_wconf 70' lang='grc' dir='ltr'>μοίρᾳ</span> <span class='ocrx_word' id='word_1_147' title='bbox 969 1543 1002 1611; x_wconf 77' lang='grc' dir='ltr'><strong>η</strong></span> <span class='ocrx_word' id='word_1_148' title='bbox 1051 1540 1192 1594; x_wconf 84' lang='grc' dir='ltr'><strong>κατά</strong></span> <span class='ocrx_word' id='word_1_149' title='bbox 1225 1540 1512 1612; x_wconf 85' lang='grc' dir='ltr'>διάμετρον</span> <span class='ocrx_word' id='word_1_150' title='bbox 1548 1557 1661 1594; x_wconf 89' lang='grc' dir='ltr'>κει-</span> 
     </span>
    </p>
   </div>
   <div class='ocr_carea' id='block_1_21' title="bbox 92 1631 1662 1705">
    <p class='ocr_par' dir='ltr' id='par_1_21' title="bbox 92 1631 1662 1705">
     <span class='ocr_line' id='line_1_21' title="bbox 92 1631 1662 1705; baseline -0.003 -17"><span class='ocrx_word' id='word_1_151' title='bbox 92 1635 220 1705; x_wconf 78' lang='grc' dir='ltr'>μένη</span> <span class='ocrx_word' id='word_1_152' title='bbox 247 1634 350 1705; x_wconf 78' lang='grc' dir='ltr'>τὴν</span> <span class='ocrx_word' id='word_1_153' title='bbox 373 1634 641 1705; x_wconf 79' lang='grc' dir='ltr'>ἀνατολὴν</span> <span class='ocrx_word' id='word_1_154' title='bbox 676 1633 817 1686; x_wconf 79' lang='grc' dir='ltr'><strong>κατά</strong></span> <span class='ocrx_word' id='word_1_155' title='bbox 838 1632 934 1704; x_wconf 81' lang='grc' dir='ltr'>τὴν</span> <span class='ocrx_word' id='word_1_156' title='bbox 966 1631 1139 1704; x_wconf 81' lang='grc' dir='ltr'>ἀρχὴν</span> <span class='ocrx_word' id='word_1_157' title='bbox 1167 1633 1267 1703; x_wconf 82' lang='grc' dir='ltr'><strong>τῆς</strong></span> <span class='ocrx_word' id='word_1_158' title='bbox 1284 1632 1480 1696; x_wconf 73' lang='grc' dir='ltr'>νυκτὸς</span> <span class='ocrx_word' id='word_1_159' title='bbox 1504 1632 1662 1701; x_wconf 88' lang='grc' dir='ltr'>ποιή-</span> 
     </span>
    </p>
   </div>
   <div class='ocr_carea' id='block_1_22' title="bbox 90 1724 1660 1800">
    <p class='ocr_par' dir='ltr' id='par_1_22' title="bbox 90 1724 1660 1800">
     <span class='ocr_line' id='line_1_22' title="bbox 90 1724 1660 1800; baseline -0.002 -20"><span class='ocrx_word' id='word_1_160' title='bbox 90 1745 183 1782; x_wconf 84' lang='grc' dir='ltr'>σει.</span> <span class='ocrx_word' id='word_1_161' title='bbox 215 1727 388 1781; x_wconf 82' lang='grc' dir='ltr'>Τοῦτο</span> <span class='ocrx_word' id='word_1_162' title='bbox 425 1727 484 1781; x_wconf 85' lang='grc' dir='ltr'>δὲ</span> <span class='ocrx_word' id='word_1_163' title='bbox 526 1726 936 1800; x_wconf 84' lang='grc' dir='ltr'>προῖστορηκὼς</span> <span class='ocrx_word' id='word_1_164' title='bbox 966 1728 1060 1781; x_wconf 72' lang='grc' dir='ltr'>καὶ</span> <span class='ocrx_word' id='word_1_165' title='bbox 1091 1724 1434 1794; x_wconf 86' lang='grc' dir='ltr'>ἐπεγνωκὼς,</span> <span class='ocrx_word' id='word_1_166' title='bbox 1475 1725 1556 1778; x_wconf 83' lang='grc' dir='ltr'>ὅτι</span> <span class='ocrx_word' id='word_1_167' title='bbox 1599 1725 1660 1777; x_wconf 85' lang='grc' dir='ltr'><strong>ἐν</strong></span> 
     </span>
    </p>
   </div>
   <div class='ocr_carea' id='block_1_23' title="bbox 86 1816 1656 1891">
    <p class='ocr_par' dir='ltr' id='par_1_23' title="bbox 86 1816 1656 1891">
     <span class='ocr_line' id='line_1_23' title="bbox 86 1816 1656 1891; baseline -0.003 -19"><span class='ocrx_word' id='word_1_168' title='bbox 86 1820 226 1891; x_wconf 72' lang='grc' dir='ltr'>πάσῃ</span> <span class='ocrx_word' id='word_1_169' title='bbox 272 1821 431 1873; x_wconf 72' lang='grc' dir='ltr'>νυκτὶ</span> <span class='ocrx_word' id='word_1_170' title='bbox 472 1824 528 1885; x_wconf 75' lang='grc' dir='ltr'>ς’</span> <span class='ocrx_word' id='word_1_171' title='bbox 575 1817 741 1883; x_wconf 82' lang='grc' dir='ltr'>ζώδια</span> <span class='ocrx_word' id='word_1_172' title='bbox 790 1819 928 1891; x_wconf 75' lang='grc' dir='ltr'>πρὸς</span> <span class='ocrx_word' id='word_1_173' title='bbox 968 1822 1034 1890; x_wconf 84' lang='grc' dir='ltr'>τῇ</span> <span class='ocrx_word' id='word_1_174' title='bbox 1075 1816 1303 1888; x_wconf 84' lang='grc' dir='ltr'>ἀνατολῇ</span> <span class='ocrx_word' id='word_1_175' title='bbox 1355 1816 1656 1886; x_wconf 82' lang='grc' dir='ltr'>ἀνίσχουσι,</span> 
     </span>
    </p>
   </div>
   <div class='ocr_carea' id='block_1_24' title="bbox 1768 807 3336 885">
    <p class='ocr_par' dir='ltr' id='par_1_24' title="bbox 1768 807 3336 885">
     <span class='ocr_line' id='line_1_24' title="bbox 1768 807 3336 885; baseline 0.004 -24"><span class='ocrx_word' id='word_1_176' title='bbox 1768 807 1847 861; x_wconf 71' lang='lat' dir='ltr'><strong>lia</strong></span> <span class='ocrx_word' id='word_1_177' title='bbox 1901 812 2100 880; x_wconf 86' lang='lat' dir='ltr'><strong>quippe</strong></span> <span class='ocrx_word' id='word_1_178' title='bbox 2138 812 2413 882; x_wconf 87' lang='lat' dir='ltr'><strong>loquitur:</strong></span> <span class='ocrx_word' id='word_1_179' title='bbox 2455 831 2475 863; x_wconf 80' lang='grc' dir='ltr'><strong>ι</strong></span> <span class='ocrx_word' id='word_1_180' title='bbox 2516 812 2574 869; x_wconf 82' lang='grc' dir='ltr'><strong>ιιι</strong></span> <span class='ocrx_word' id='word_1_181' title='bbox 2612 816 2967 884; x_wconf 82' lang='lat' dir='ltr'><strong>sequentibus</strong></span> <span class='ocrx_word' id='word_1_182' title='bbox 3016 831 3183 885; x_wconf 80' lang='lat' dir='ltr'><strong>porro</strong></span> <span class='ocrx_word' id='word_1_183' title='bbox 3238 817 3336 869; x_wconf 85' lang='lat' dir='ltr'><strong>de-</strong></span> 
     </span>
    </p>
   </div>
   <div class='ocr_carea' id='block_1_25' title="bbox 1762 906 3334 977">
    <p class='ocr_par' dir='ltr' id='par_1_25' title="bbox 1762 906 3334 977">
     <span class='ocr_line' id='line_1_25' title="bbox 1762 906 3334 977; baseline 0.003 -23"><span class='ocrx_word' id='word_1_184' title='bbox 1762 912 2073 957; x_wconf 88' lang='lat' dir='ltr'><strong>monstrare</strong></span> <span class='ocrx_word' id='word_1_185' title='bbox 2101 914 2334 959; x_wconf 85' lang='lat' dir='ltr'><strong>conatur</strong></span> <span class='ocrx_word' id='word_1_186' title='bbox 2365 920 2472 977; x_wconf 85' lang='lat' dir='ltr'><strong>qua</strong></span> <span class='ocrx_word' id='word_1_187' title='bbox 2511 907 2723 961; x_wconf 85' lang='lat' dir='ltr'><strong>ratione</strong></span> <span class='ocrx_word' id='word_1_188' title='bbox 2767 907 3037 977; x_wconf 89' lang='lat' dir='ltr'><strong>quispiam</strong></span> <span class='ocrx_word' id='word_1_189' title='bbox 3077 923 3108 962; x_wconf 91' lang='lat' dir='ltr'><strong>e</strong></span> <span class='ocrx_word' id='word_1_190' title='bbox 3135 906 3334 962; x_wconf 86' lang='lat' dir='ltr'><strong>sideri-</strong></span> 
     </span>
    </p>
   </div>
   <div class='ocr_carea' id='block_1_26' title="bbox 1767 993 3332 1068">
    <p class='ocr_par' dir='ltr' id='par_1_26' title="bbox 1767 993 3332 1068">
     <span class='ocr_line' id='line_1_26' title="bbox 1767 993 3332 1068; baseline 0.003 -21"><span class='ocrx_word' id='word_1_191' title='bbox 1767 993 1871 1047; x_wconf 90' lang='lat' dir='ltr'><strong>bus</strong></span> <span class='ocrx_word' id='word_1_192' title='bbox 1896 1003 2220 1049; x_wconf 86' lang='lat' dir='ltr'><strong>nocturnam</strong></span> <span class='ocrx_word' id='word_1_193' title='bbox 2257 997 2443 1051; x_wconf 88' lang='lat' dir='ltr'><strong>horam</strong></span> <span class='ocrx_word' id='word_1_194' title='bbox 2473 998 2769 1068; x_wconf 69' lang='lat' dir='ltr'><strong>coniectari</strong></span> <span class='ocrx_word' id='word_1_195' title='bbox 2799 998 3019 1068; x_wconf 82' lang='lat' dir='ltr'><strong>poterit.</strong></span> <span class='ocrx_word' id='word_1_196' title='bbox 3044 997 3179 1053; x_wconf 87' lang='lat' dir='ltr'><strong>Nam</strong></span> <span class='ocrx_word' id='word_1_197' title='bbox 3206 1013 3332 1051; x_wconf 81' lang='lat' dir='ltr'><strong>cuiu</strong></span> 
     </span>
    </p>
   </div>
   <div class='ocr_carea' id='block_1_27' title="bbox 1766 1086 3334 1153">
    <p class='ocr_par' dir='ltr' id='par_1_27' title="bbox 1766 1086 3334 1153">
     <span class='ocr_line' id='line_1_27' title="bbox 1766 1086 3334 1153; baseline 0.003 -12"><span class='ocrx_word' id='word_1_198' title='bbox 1766 1086 1842 1141; x_wconf 89' lang='lat' dir='ltr'><strong>sit</strong></span> <span class='ocrx_word' id='word_1_199' title='bbox 1866 1088 2045 1143; x_wconf 91' lang='lat' dir='ltr'><strong>noctis</strong></span> <span class='ocrx_word' id='word_1_200' title='bbox 2074 1088 2297 1143; x_wconf 88' lang='lat' dir='ltr'><strong>initium</strong></span> <span class='ocrx_word' id='word_1_201' title='bbox 2337 1091 2471 1146; x_wconf 89' lang='lat' dir='ltr'><strong>solis</strong></span> <span class='ocrx_word' id='word_1_202' title='bbox 2500 1106 2755 1153; x_wconf 87' lang='lat' dir='ltr'><strong>occasus,</strong></span> <span class='ocrx_word' id='word_1_203' title='bbox 2785 1092 2868 1147; x_wconf 85' lang='lat' dir='ltr'><strong>sol</strong></span> <span class='ocrx_word' id='word_1_204' title='bbox 2896 1100 3080 1146; x_wconf 87' lang='lat' dir='ltr'><strong>autem</strong></span> <span class='ocrx_word' id='word_1_205' title='bbox 3124 1091 3334 1145; x_wconf 85' lang='lat' dir='ltr'><strong>duode-</strong></span> 
     </span>
    </p>
   </div>
   <div class='ocr_carea' id='block_1_28' title="bbox 1765 1177 3334 1254">
    <p class='ocr_par' dir='ltr' id='par_1_28' title="bbox 1765 1177 3334 1254">
     <span class='ocr_line' id='line_1_28' title="bbox 1765 1177 3334 1254; baseline 0.005 -22"><span class='ocrx_word' id='word_1_206' title='bbox 1765 1177 1870 1233; x_wconf 89' lang='lat' dir='ltr'><strong>cim</strong></span> <span class='ocrx_word' id='word_1_207' title='bbox 1911 1180 2191 1250; x_wconf 89' lang='lat' dir='ltr'><strong>signorum</strong></span> <span class='ocrx_word' id='word_1_208' title='bbox 2231 1196 2451 1251; x_wconf 82' lang='lat' dir='ltr'><strong>semper</strong></span> <span class='ocrx_word' id='word_1_209' title='bbox 2492 1183 2545 1236; x_wconf 79' lang='lat' dir='ltr'><strong>in</strong></span> <span class='ocrx_word' id='word_1_210' title='bbox 2592 1184 2776 1254; x_wconf 89' lang='lat' dir='ltr'><strong>aliquo</strong></span> <span class='ocrx_word' id='word_1_211' title='bbox 2808 1191 3097 1247; x_wconf 84' lang='lat' dir='ltr'><strong>versetur;</strong></span> <span class='ocrx_word' id='word_1_212' title='bbox 3127 1186 3334 1254; x_wconf 85' lang='lat' dir='ltr'><strong>perspi-</strong></span> 
     </span>
    </p>
   </div>
   <div class='ocr_carea' id='block_1_29' title="bbox 1764 1272 3334 1347">
    <p class='ocr_par' dir='ltr' id='par_1_29' title="bbox 1764 1272 3334 1347">
     <span class='ocr_line' id='line_1_29' title="bbox 1764 1272 3334 1347; baseline 0.005 -24"><span class='ocrx_word' id='word_1_213' title='bbox 1764 1283 1928 1324; x_wconf 85' lang='lat' dir='ltr'><strong>cuum</strong></span> <span class='ocrx_word' id='word_1_214' title='bbox 1974 1279 2077 1335; x_wconf 86' lang='lat' dir='ltr'><strong>est,</strong></span> <span class='ocrx_word' id='word_1_215' title='bbox 2112 1272 2205 1341; x_wconf 92' lang='lat' dir='ltr'><strong>qui</strong></span> <span class='ocrx_word' id='word_1_216' title='bbox 2228 1273 2285 1326; x_wconf 87' lang='lat' dir='ltr'><strong>id</strong></span> <span class='ocrx_word' id='word_1_217' title='bbox 2313 1276 2650 1344; x_wconf 79' lang='lat' dir='ltr'><strong>cognoverit,</strong></span> <span class='ocrx_word' id='word_1_218' title='bbox 2693 1277 2749 1329; x_wconf 89' lang='lat' dir='ltr'><strong>in</strong></span> <span class='ocrx_word' id='word_1_219' title='bbox 2782 1292 2893 1346; x_wconf 91' lang='lat' dir='ltr'><strong>quo</strong></span> <span class='ocrx_word' id='word_1_220' title='bbox 2937 1276 3094 1347; x_wconf 85' lang='lat' dir='ltr'><strong>signo</strong></span> <span class='ocrx_word' id='word_1_221' title='bbox 3120 1278 3202 1332; x_wconf 87' lang='lat' dir='ltr'><strong>sol</strong></span> <span class='ocrx_word' id='word_1_222' title='bbox 3234 1291 3334 1347; x_wconf 82' lang='lat' dir='ltr'><strong>po-</strong></span> 
     </span>
    </p>
   </div>
   <div class='ocr_carea' id='block_1_30' title="bbox 1764 1362 3333 1437">
    <p class='ocr_par' dir='ltr' id='par_1_30' title="bbox 1764 1362 3333 1437">
     <span class='ocr_line' id='line_1_30' title="bbox 1764 1362 3333 1437; baseline 0.004 -22"><span class='ocrx_word' id='word_1_223' title='bbox 1764 1362 1903 1418; x_wconf 89' lang='lat' dir='ltr'><strong>situs</strong></span> <span class='ocrx_word' id='word_1_224' title='bbox 1938 1364 2028 1426; x_wconf 88' lang='lat' dir='ltr'><strong>sit,</strong></span> <span class='ocrx_word' id='word_1_225' title='bbox 2077 1373 2131 1419; x_wconf 90' lang='lat' dir='ltr'><strong>et</strong></span> <span class='ocrx_word' id='word_1_226' title='bbox 2188 1380 2295 1434; x_wconf 89' lang='lat' dir='ltr'><strong>qua</strong></span> <span class='ocrx_word' id='word_1_227' title='bbox 2337 1367 2458 1434; x_wconf 88' lang='lat' dir='ltr'><strong>ejus</strong></span> <span class='ocrx_word' id='word_1_228' title='bbox 2495 1368 2635 1435; x_wconf 80' lang='lat' dir='ltr'><strong>signi</strong></span> <span class='ocrx_word' id='word_1_229' title='bbox 2676 1375 2849 1437; x_wconf 86' lang='lat' dir='ltr'><strong>parte,</strong></span> <span class='ocrx_word' id='word_1_230' title='bbox 2889 1367 3046 1423; x_wconf 81' lang='lat' dir='ltr'><strong>facile</strong></span> <span class='ocrx_word' id='word_1_231' title='bbox 3083 1370 3333 1422; x_wconf 86' lang='lat' dir='ltr'><strong>animad-</strong></span> 
     </span>
    </p>
   </div>
   <div class='ocr_carea' id='block_1_31' title="bbox 1762 1457 3330 1529">
    <p class='ocr_par' dir='ltr' id='par_1_31' title="bbox 1762 1457 3330 1529">
     <span class='ocr_line' id='line_1_31' title="bbox 1762 1457 3330 1529; baseline 0.005 -24"><span class='ocrx_word' id='word_1_232' title='bbox 1762 1469 2051 1508; x_wconf 75' lang='lat' dir='ltr'><strong>versurum</strong></span> <span class='ocrx_word' id='word_1_233' title='bbox 2100 1470 2259 1519; x_wconf 87' lang='lat' dir='ltr'><strong>esse,</strong></span> <span class='ocrx_word' id='word_1_234' title='bbox 2309 1457 2451 1525; x_wconf 87' lang='lat' dir='ltr'><strong>quod</strong></span> <span class='ocrx_word' id='word_1_235' title='bbox 2496 1458 2733 1527; x_wconf 83' lang='lat' dir='ltr'><strong>signum,</strong></span> <span class='ocrx_word' id='word_1_236' title='bbox 2781 1467 2835 1513; x_wconf 86' lang='lat' dir='ltr'><strong>et</strong></span> <span class='ocrx_word' id='word_1_237' title='bbox 2883 1473 2991 1528; x_wconf 86' lang='lat' dir='ltr'><strong>qua</strong></span> <span class='ocrx_word' id='word_1_238' title='bbox 3046 1459 3207 1529; x_wconf 78' lang='lat'><strong>119</strong></span> <span class='ocrx_word' id='word_1_239' title='bbox 3244 1460 3330 1514; x_wconf 84' lang='lat' dir='ltr'><strong>sui</strong></span> 
     </span>
    </p>
   </div>
   <div class='ocr_carea' id='block_1_32' title="bbox 1762 1546 3327 1619">
    <p class='ocr_par' dir='ltr' id='par_1_32' title="bbox 1762 1546 3327 1619">
     <span class='ocr_line' id='line_1_32' title="bbox 1762 1546 3327 1619; baseline 0.009 -21"><span class='ocrx_word' id='word_1_240' title='bbox 1762 1553 1916 1614; x_wconf 89' lang='lat' dir='ltr'><strong>parte</strong></span> <span class='ocrx_word' id='word_1_241' title='bbox 1949 1546 2054 1601; x_wconf 86' lang='lat' dir='ltr'><strong>sub</strong></span> <span class='ocrx_word' id='word_1_242' title='bbox 2098 1547 2313 1602; x_wconf 89' lang='lat' dir='ltr'><strong>initium</strong></span> <span class='ocrx_word' id='word_1_243' title='bbox 2364 1550 2543 1603; x_wconf 88' lang='lat' dir='ltr'><strong>noctis</strong></span> <span class='ocrx_word' id='word_1_244' title='bbox 2574 1552 2810 1605; x_wconf 87' lang='lat' dir='ltr'><strong>oriatur.</strong></span> <span class='ocrx_word' id='word_1_245' title='bbox 2849 1549 3063 1619; x_wconf 76' lang='lat' dir='ltr'><strong>Quippe</strong></span> <span class='ocrx_word' id='word_1_246' title='bbox 3096 1566 3223 1619; x_wconf 83' lang='lat' dir='ltr'><strong>pars</strong></span> <span class='ocrx_word' id='word_1_247' title='bbox 3252 1553 3327 1611; x_wconf 77' lang='lat' dir='ltr'><strong>ei.</strong></span> 
     </span>
    </p>
   </div>
   <div class='ocr_carea' id='block_1_33' title="bbox 1762 1638 3329 1711">
    <p class='ocr_par' dir='ltr' id='par_1_33' title="bbox 1762 1638 3329 1711">
     <span class='ocr_line' id='line_1_33' title="bbox 1762 1638 3329 1711; baseline 0.006 -23"><span class='ocrx_word' id='word_1_248' title='bbox 1762 1651 1925 1704; x_wconf 88' lang='lat' dir='ltr'><strong>quam</strong></span> <span class='ocrx_word' id='word_1_249' title='bbox 1956 1638 2038 1692; x_wconf 90' lang='lat' dir='ltr'><strong>sol</strong></span> <span class='ocrx_word' id='word_1_250' title='bbox 2063 1639 2296 1701; x_wconf 87' lang='lat' dir='ltr'><strong>obtinet,</strong></span> <span class='ocrx_word' id='word_1_251' title='bbox 2326 1656 2393 1695; x_wconf 80' lang='lat' dir='ltr'><strong>ex</strong></span> <span class='ocrx_word' id='word_1_252' title='bbox 2419 1640 2686 1696; x_wconf 87' lang='lat' dir='ltr'><strong>diametro</strong></span> <span class='ocrx_word' id='word_1_253' title='bbox 2715 1642 3072 1711; x_wconf 87' lang='lat' dir='ltr'><strong>respondens.</strong></span> <span class='ocrx_word' id='word_1_254' title='bbox 3106 1643 3329 1697; x_wconf 89' lang='lat' dir='ltr'><strong>ineunte</strong></span> 
     </span>
    </p>
   </div>
   <div class='ocr_carea' id='block_1_34' title="bbox 1762 1730 3328 1802">
    <p class='ocr_par' dir='ltr' id='par_1_34' title="bbox 1762 1730 3328 1802">
     <span class='ocr_line' id='line_1_34' title="bbox 1762 1730 3328 1802; baseline 0.005 -22"><span class='ocrx_word' id='word_1_255' title='bbox 1762 1737 1924 1782; x_wconf 91' lang='lat' dir='ltr'><strong>nocte</strong></span> <span class='ocrx_word' id='word_1_256' title='bbox 1964 1730 2318 1786; x_wconf 88' lang='lat' dir='ltr'><strong>conscendet.</strong></span> <span class='ocrx_word' id='word_1_257' title='bbox 2362 1730 2475 1786; x_wconf 86' lang='lat' dir='ltr'><strong>Hoc</strong></span> <span class='ocrx_word' id='word_1_258' title='bbox 2514 1734 2765 1802; x_wconf 89' lang='lat' dir='ltr'><strong>quisquis</strong></span> <span class='ocrx_word' id='word_1_259' title='bbox 2798 1744 2926 1788; x_wconf 86' lang='lat' dir='ltr'><strong>ante</strong></span> <span class='ocrx_word' id='word_1_260' title='bbox 2962 1732 3236 1798; x_wconf 76' lang='lat' dir='ltr'><strong>didicerit,</strong></span> <span class='ocrx_word' id='word_1_261' title='bbox 3271 1741 3328 1788; x_wconf 86' lang='lat' dir='ltr'><strong>et</strong></span> 
     </span>
    </p>
   </div>
   <div class='ocr_carea' id='block_1_35' title="bbox 1760 1820 3328 1895">
    <p class='ocr_par' dir='ltr' id='par_1_35' title="bbox 1760 1820 3328 1895">
     <span class='ocr_line' id='line_1_35' title="bbox 1760 1820 3328 1895; baseline 0.004 -21"><span class='ocrx_word' id='word_1_262' title='bbox 1760 1820 2031 1888; x_wconf 77' lang='lat' dir='ltr'><strong>cognorit,</strong></span> <span class='ocrx_word' id='word_1_263' title='bbox 2080 1820 2136 1875; x_wconf 88' lang='lat' dir='ltr'><strong>in</strong></span> <span class='ocrx_word' id='word_1_264' title='bbox 2165 1823 2313 1876; x_wconf 92' lang='lat' dir='ltr'><strong>omni</strong></span> <span class='ocrx_word' id='word_1_265' title='bbox 2352 1832 2511 1879; x_wconf 89' lang='lat' dir='ltr'><strong>nocte</strong></span> <span class='ocrx_word' id='word_1_266' title='bbox 2539 1838 2635 1879; x_wconf 73' lang='lat' dir='ltr'><strong>sex</strong></span> <span class='ocrx_word' id='word_1_267' title='bbox 2669 1825 2737 1878; x_wconf 87' lang='lat' dir='ltr'><strong>ab</strong></span> <span class='ocrx_word' id='word_1_268' title='bbox 2774 1825 2983 1879; x_wconf 88' lang='lat' dir='ltr'><strong>oriente</strong></span> <span class='ocrx_word' id='word_1_269' title='bbox 3017 1825 3171 1895; x_wconf 86' lang='lat' dir='ltr'><strong>signa</strong></span> <span class='ocrx_word' id='word_1_270' title='bbox 3191 1840 3328 1880; x_wconf 84' lang='lat' dir='ltr'><strong>con-</strong></span> 
     </span>
    </p>
   </div>
   <div class='ocr_carea' id='block_1_36' title="bbox 86 1907 1641 1986">
    <p class='ocr_par' dir='ltr' id='par_1_36' title="bbox 86 1907 1641 1981">
     <span class='ocr_line' id='line_1_36' title="bbox 86 1907 1641 1981; baseline -0.001 -18"><span class='ocrx_word' id='word_1_271' title='bbox 86 1911 345 1978; x_wconf 77' lang='grc' dir='ltr'>γνώσεται</span> <span class='ocrx_word' id='word_1_272' title='bbox 401 1912 495 1965; x_wconf 76' lang='grc' dir='ltr'>καὶ</span> <span class='ocrx_word' id='word_1_273' title='bbox 544 1910 708 1964; x_wconf 86' lang='grc' dir='ltr'>πόσον</span> <span class='ocrx_word' id='word_1_274' title='bbox 745 1912 845 1980; x_wconf 77' lang='grc' dir='ltr'><strong>τῆς</strong></span> <span class='ocrx_word' id='word_1_275' title='bbox 876 1909 1066 1975; x_wconf 72' lang='grc' dir='ltr'>νυκτὸς</span> <span class='ocrx_word' id='word_1_276' title='bbox 1107 1907 1477 1981; x_wconf 82' lang='grc' dir='ltr'>παρεληλυθός</span> <span class='ocrx_word' id='word_1_277' title='bbox 1516 1910 1641 1963; x_wconf 72' lang='grc' dir='ltr'>ἐστι</span> 
     </span>
    </p>
   </div>
   <div class='ocr_carea' id='block_1_37' title="bbox 1747 1907 3328 1986">
    <p class='ocr_par' dir='ltr' id='par_1_37' title="bbox 1759 1912 3328 1986">
     <span class='ocr_line' id='line_1_37' title="bbox 1759 1912 3328 1986; baseline 0.003 -20"><span class='ocrx_word' id='word_1_278' title='bbox 1759 1925 2003 1981; x_wconf 77' lang='lat' dir='ltr'><strong>surgere,</strong></span> <span class='ocrx_word' id='word_1_279' title='bbox 2036 1927 2146 1967; x_wconf 90' lang='lat' dir='ltr'><strong>non</strong></span> <span class='ocrx_word' id='word_1_280' title='bbox 2200 1912 2475 1983; x_wconf 82' lang='lat' dir='ltr'><strong>ignorabit</strong></span> <span class='ocrx_word' id='word_1_281' title='bbox 2525 1923 2728 1985; x_wconf 83' lang='lat' dir='ltr'><strong>quanta</strong></span> <span class='ocrx_word' id='word_1_282' title='bbox 2774 1929 2902 1986; x_wconf 89' lang='lat' dir='ltr'><strong>pars</strong></span> <span class='ocrx_word' id='word_1_283' title='bbox 2934 1916 3112 1969; x_wconf 90' lang='lat' dir='ltr'><strong>noctis</strong></span> <span class='ocrx_word' id='word_1_284' title='bbox 3143 1924 3328 1970; x_wconf 82' lang='lat' dir='ltr'><strong>trans-</strong></span> 
     </span>
    </p>
   </div>
   <div class='ocr_carea' id='block_1_38' title="bbox 87 2000 1577 2074">
    <p class='ocr_par' dir='ltr' id='par_1_38' title="bbox 87 2000 1577 2074">
     <span class='ocr_line' id='line_1_38' title="bbox 87 2000 1577 2074; baseline -0.002 -18"><span class='ocrx_word' id='word_1_285' title='bbox 87 2004 170 2056; x_wconf 74' lang='grc' dir='ltr'>καὶ</span> <span class='ocrx_word' id='word_1_286' title='bbox 193 2004 360 2057; x_wconf 84' lang='grc' dir='ltr'>πόσον</span> <span class='ocrx_word' id='word_1_287' title='bbox 392 2003 456 2056; x_wconf 77' lang='grc' dir='ltr'><strong>τὸ</strong></span> <span class='ocrx_word' id='word_1_288' title='bbox 476 2003 660 2056; x_wconf 74' lang='grc' dir='ltr'>λοιπὸν</span> <span class='ocrx_word' id='word_1_289' title='bbox 680 2003 785 2066; x_wconf 69' lang='grc' dir='ltr'>ἕως</span> <span class='ocrx_word' id='word_1_290' title='bbox 816 2004 914 2074; x_wconf 81' lang='grc' dir='ltr'>τῆς</span> <span class='ocrx_word' id='word_1_291' title='bbox 936 2000 1031 2057; x_wconf 75' lang='grc' dir='ltr'><strong>τοῦ</strong></span> <span class='ocrx_word' id='word_1_292' title='bbox 1066 2001 1215 2074; x_wconf 72' lang='grc' dir='ltr'>ἡλίου</span> <span class='ocrx_word' id='word_1_293' title='bbox 1246 2000 1526 2072; x_wconf 82' lang='grc' dir='ltr'>ἀνατολῆς.</span> <span class='ocrx_word' id='word_1_294' title='bbox 1556 2019 1577 2052; x_wconf 73' lang='grc' dir='ltr'><strong>ι</strong></span> 
     </span>
    </p>
   </div>
   <div class='ocr_carea' id='block_1_39' title="bbox 149 2179 1653 2254">
    <p class='ocr_par' dir='ltr' id='par_1_39' title="bbox 149 2179 1653 2254">
     <span class='ocr_line' id='line_1_39' title="bbox 149 2179 1653 2254; baseline -0.004 -17"><span class='ocrx_word' id='word_1_295' title='bbox 149 2182 303 2237; x_wconf 81' lang='grc' dir='ltr'><strong>Μετά</strong></span> <span class='ocrx_word' id='word_1_296' title='bbox 342 2182 400 2237; x_wconf 81' lang='grc' dir='ltr'><strong>δέ</strong></span> <span class='ocrx_word' id='word_1_297' title='bbox 446 2180 619 2235; x_wconf 75' lang='grc' dir='ltr'>ταῦτα</span> <span class='ocrx_word' id='word_1_298' title='bbox 642 2181 865 2254; x_wconf 79' lang='grc' dir='ltr'>λέληθεν</span> <span class='ocrx_word' id='word_1_299' title='bbox 906 2179 1252 2253; x_wconf 78' lang='grc' dir='ltr'>ἀμφοτέρους</span> <span class='ocrx_word' id='word_1_300' title='bbox 1292 2179 1528 2245; x_wconf 79' lang='grc' dir='ltr'>αὐτοὺς,</span> <span class='ocrx_word' id='word_1_301' title='bbox 1568 2179 1653 2232; x_wconf 80' lang='grc' dir='ltr'>ὅτι</span> 
     </span>
    </p>
   </div>
   <div class='ocr_carea' id='block_1_40' title="bbox 78 2270 1652 2345">
    <p class='ocr_par' dir='ltr' id='par_1_40' title="bbox 78 2270 1652 2345">
     <span class='ocr_line' id='line_1_40' title="bbox 78 2270 1652 2345; baseline -0.002 -19"><span class='ocrx_word' id='word_1_302' title='bbox 78 2275 180 2327; x_wconf 65' lang='grc' dir='ltr'>οὔδ’</span> <span class='ocrx_word' id='word_1_303' title='bbox 208 2274 275 2328; x_wconf 77' lang='grc' dir='ltr'><strong>ἀν</strong></span> <span class='ocrx_word' id='word_1_304' title='bbox 295 2273 433 2328; x_wconf 79' lang='grc' dir='ltr'>αὐτὸ</span> <span class='ocrx_word' id='word_1_305' title='bbox 453 2273 518 2326; x_wconf 76' lang='grc' dir='ltr'><strong>τὸ</strong></span> <span class='ocrx_word' id='word_1_306' title='bbox 544 2272 733 2337; x_wconf 83' lang='grc' dir='ltr'>ζώδιον</span> <span class='ocrx_word' id='word_1_307' title='bbox 765 2273 935 2345; x_wconf 81' lang='grc' dir='ltr'>βλέπῃ</span> <span class='ocrx_word' id='word_1_308' title='bbox 963 2290 1047 2337; x_wconf 89' lang='grc' dir='ltr'><strong>τις</strong></span> <span class='ocrx_word' id='word_1_309' title='bbox 1078 2271 1459 2335; x_wconf 79' lang='grc' dir='ltr'>ἀνατεταλκδς,</span> <span class='ocrx_word' id='word_1_310' title='bbox 1493 2270 1652 2324; x_wconf 87' lang='grc' dir='ltr'>δυνα-</span> 
     </span>
    </p>
   </div>
   <div class='ocr_carea' id='block_1_41' title="bbox 85 2362 1651 2437">
    <p class='ocr_par' dir='ltr' id='par_1_41' title="bbox 85 2362 1651 2437">
     <span class='ocr_line' id='line_1_41' title="bbox 85 2362 1651 2437; baseline -0.003 -18"><span class='ocrx_word' id='word_1_311' title='bbox 85 2366 164 2430; x_wconf 79' lang='grc' dir='ltr'><strong>τός</strong></span> <span class='ocrx_word' id='word_1_312' title='bbox 193 2368 344 2419; x_wconf 86' lang='grc' dir='ltr'>ἐστιν</span> <span class='ocrx_word' id='word_1_313' title='bbox 374 2363 622 2436; x_wconf 76' lang='grc' dir='ltr'>ἀκριϐῶς</span> <span class='ocrx_word' id='word_1_314' title='bbox 643 2366 743 2437; x_wconf 84' lang='grc' dir='ltr'>τὴν</span> <span class='ocrx_word' id='word_1_315' title='bbox 788 2363 940 2437; x_wconf 78' lang='grc' dir='ltr'>ὤραν</span> <span class='ocrx_word' id='word_1_316' title='bbox 967 2364 1068 2435; x_wconf 82' lang='grc' dir='ltr'>τῆς</span> <span class='ocrx_word' id='word_1_317' title='bbox 1100 2364 1295 2427; x_wconf 80' lang='grc' dir='ltr'>νυκτὸς</span> <span class='ocrx_word' id='word_1_318' title='bbox 1334 2362 1651 2431; x_wconf 85' lang='grc' dir='ltr'>συλλογίσα-</span> 
     </span>
    </p>
   </div>
   <div class='ocr_carea' id='block_1_42' title="bbox 85 2454 1649 2529">
    <p class='ocr_par' dir='ltr' id='par_1_42' title="bbox 85 2454 1649 2529">
     <span class='ocr_line' id='line_1_42' title="bbox 85 2454 1649 2529; baseline -0.004 -17"><span class='ocrx_word' id='word_1_319' title='bbox 85 2459 197 2529; x_wconf 75' lang='grc' dir='ltr'>σθαι</span> <span class='ocrx_word' id='word_1_320' title='bbox 250 2454 396 2512; x_wconf 82' lang='grc' dir='ltr'><strong>κατά</strong></span> <span class='ocrx_word' id='word_1_321' title='bbox 441 2456 537 2510; x_wconf 77' lang='grc' dir='ltr'><strong>τὸν</strong></span> <span class='ocrx_word' id='word_1_322' title='bbox 584 2455 982 2529; x_wconf 80' lang='grc' dir='ltr'>προειρημένον</span> <span class='ocrx_word' id='word_1_323' title='bbox 1034 2455 1252 2528; x_wconf 86' lang='grc' dir='ltr'>τρόπον.</span> <span class='ocrx_word' id='word_1_324' title='bbox 1296 2454 1360 2507; x_wconf 79' lang='lat' dir='ltr'><strong>Ei</strong></span> <span class='ocrx_word' id='word_1_325' title='bbox 1405 2454 1502 2524; x_wconf 73' lang='grc' dir='ltr'>μὲν</span> <span class='ocrx_word' id='word_1_326' title='bbox 1539 2454 1649 2525; x_wconf 81' lang='grc' dir='ltr'>γὰρ</span> 
     </span>
    </p>
   </div>
   <div class='ocr_carea' id='block_1_43' title="bbox 82 2522 1647 2622">
    <p class='ocr_par' dir='ltr' id='par_1_43' title="bbox 82 2522 1647 2622">
     <span class='ocr_line' id='line_1_43' title="bbox 82 2522 1647 2622; baseline -0.003 -19"><span class='ocrx_word' id='word_1_327' title='bbox 82 2522 304 2605; x_wconf 63' lang='grc' dir='ltr'>ἐκείστον</span> <span class='ocrx_word' id='word_1_328' title='bbox 346 2549 461 2604; x_wconf 82' lang='grc' dir='ltr'><strong>τῶν</strong></span> <span class='ocrx_word' id='word_1_329' title='bbox 487 2522 894 2622; x_wconf 72' lang='grc' dir='ltr'>ἠστερισμένων</span> <span class='ocrx_word' id='word_1_330' title='bbox 930 2548 1027 2602; x_wconf 74' lang='grc' dir='ltr'>καὶ</span> <span class='ocrx_word' id='word_1_331' title='bbox 1057 2522 1417 2619; x_wconf 64' lang='grc' dir='ltr'><strong>βλεπομένων⁷</strong></span> <span class='ocrx_word' id='word_1_332' title='bbox 1440 2522 1647 2611; x_wconf 67' lang='grc' dir='ltr'>ζωδίων</span> 
     </span>
    </p>
   </div>
   <div class='ocr_carea' id='block_1_44' title="bbox 84 2634 1646 2713">
    <p class='ocr_par' dir='ltr' id='par_1_44' title="bbox 84 2634 1646 2713">
     <span class='ocr_line' id='line_1_44' title="bbox 84 2634 1646 2713; baseline -0.003 -20"><span class='ocrx_word' id='word_1_333' title='bbox 84 2640 480 2713; x_wconf 74' lang='grc' dir='ltr'>συνεπληροῦτο</span> <span class='ocrx_word' id='word_1_334' title='bbox 506 2639 628 2693; x_wconf 80' lang='grc' dir='ltr'>καθ’</span> <span class='ocrx_word' id='word_1_335' title='bbox 658 2637 716 2692; x_wconf 74' lang='grc' dir='ltr'><strong>ἐν</strong></span> <span class='ocrx_word' id='word_1_336' title='bbox 745 2638 1213 2710; x_wconf 80' lang='grc' dir='ltr'>δωδεκατημόριον</span> <span class='ocrx_word' id='word_1_337' title='bbox 1245 2636 1343 2690; x_wconf 80' lang='grc' dir='ltr'><strong>τοῦ</strong></span> <span class='ocrx_word' id='word_1_338' title='bbox 1378 2634 1646 2695; x_wconf 73' lang='grc' dir='ltr'>ζωδιακοῦ</span> 
     </span>
    </p>
   </div>
   <div class='ocr_carea' id='block_1_45' title="bbox 82 2726 1648 2805">
    <p class='ocr_par' dir='ltr' id='par_1_45' title="bbox 82 2726 1648 2805">
     <span class='ocr_line' id='line_1_45' title="bbox 82 2726 1648 2805; baseline -0.003 -20"><span class='ocrx_word' id='word_1_339' title='bbox 82 2734 295 2797; x_wconf 77' lang='grc' dir='ltr'>κύκλου,</span> <span class='ocrx_word' id='word_1_340' title='bbox 318 2734 451 2805; x_wconf 80' lang='grc' dir='ltr'>παρ’</span> <span class='ocrx_word' id='word_1_341' title='bbox 476 2731 645 2803; x_wconf 80' lang='grc' dir='ltr'>αὐτὴν</span> <span class='ocrx_word' id='word_1_342' title='bbox 678 2732 846 2802; x_wconf 84' lang='grc' dir='ltr'>μόνην</span> <span class='ocrx_word' id='word_1_343' title='bbox 871 2730 971 2802; x_wconf 81' lang='grc' dir='ltr'>τὴν</span> <span class='ocrx_word' id='word_1_344' title='bbox 1000 2732 1057 2782; x_wconf 82' lang='grc' dir='ltr'><strong>ἐν</strong></span> <span class='ocrx_word' id='word_1_345' title='bbox 1084 2733 1202 2792; x_wconf 79' lang='grc' dir='ltr'>ταῖς</span> <span class='ocrx_word' id='word_1_346' title='bbox 1224 2728 1512 2790; x_wconf 87' lang='grc' dir='ltr'>ἀνατολαῖς</span> <span class='ocrx_word' id='word_1_347' title='bbox 1538 2726 1648 2781; x_wconf 86' lang='grc' dir='ltr'>τῶν</span> 
     </span>
    </p>
   </div>
   <div class='ocr_carea' id='block_1_46' title="bbox 80 2818 1645 2897">
    <p class='ocr_par' dir='ltr' id='par_1_46' title="bbox 80 2818 1645 2897">
     <span class='ocr_line' id='line_1_46' title="bbox 80 2818 1645 2897; baseline -0.004 -20"><span class='ocrx_word' id='word_1_348' title='bbox 80 2825 276 2897; x_wconf 78' lang='grc' dir='ltr'>χρόνων</span> <span class='ocrx_word' id='word_1_349' title='bbox 321 2824 617 2893; x_wconf 85' lang='grc' dir='ltr'>ἀνισότητα</span> <span class='ocrx_word' id='word_1_350' title='bbox 662 2822 1046 2891; x_wconf 73' lang='grc' dir='ltr'>διεπίπτομεψ</span> <span class='ocrx_word' id='word_1_351' title='bbox 1099 2821 1223 2873; x_wconf 62' lang='grc' dir='ltr'><strong>ἐπεὶ⁵</strong></span> <span class='ocrx_word' id='word_1_352' title='bbox 1260 2818 1316 2872; x_wconf 87' lang='grc' dir='ltr'>δὲ</span> <span class='ocrx_word' id='word_1_353' title='bbox 1363 2819 1484 2872; x_wconf 82' lang='grc' dir='ltr'><strong>ούδέ</strong></span> <span class='ocrx_word' id='word_1_354' title='bbox 1532 2819 1645 2881; x_wconf 82' lang='grc' dir='ltr'>τοῖς</span> 
     </span>
    </p>
   </div>
   <div class='ocr_carea' id='block_1_47' title="bbox 78 2910 1643 2990">
    <p class='ocr_par' dir='ltr' id='par_1_47' title="bbox 78 2910 1643 2990">
     <span class='ocr_line' id='line_1_47' title="bbox 78 2910 1643 2990; baseline -0.006 -18"><span class='ocrx_word' id='word_1_355' title='bbox 78 2917 563 2990; x_wconf 81' lang='grc' dir='ltr'>δωδεκατημορίοις</span> <span class='ocrx_word' id='word_1_356' title='bbox 603 2916 694 2970; x_wconf 79' lang='grc' dir='ltr'><strong>ἴσα</strong></span> <span class='ocrx_word' id='word_1_357' title='bbox 716 2916 835 2970; x_wconf 73' lang='grc' dir='ltr'>ἐστὶ</span> <span class='ocrx_word' id='word_1_358' title='bbox 865 2914 936 2969; x_wconf 85' lang='grc' dir='ltr'><strong>τά</strong></span> <span class='ocrx_word' id='word_1_359' title='bbox 976 2913 1276 2983; x_wconf 83' lang='grc' dir='ltr'>φαινόμενα</span> <span class='ocrx_word' id='word_1_360' title='bbox 1309 2910 1495 2976; x_wconf 79' lang='grc' dir='ltr'>ζώδια,</span> <span class='ocrx_word' id='word_1_361' title='bbox 1531 2910 1643 2963; x_wconf 73' lang='grc' dir='ltr'><strong>οὔτ’</strong></span> 
     </span>
    </p>
   </div>
   <div class='ocr_carea' id='block_1_48' title="bbox 1758 2003 3327 2078">
    <p class='ocr_par' dir='ltr' id='par_1_48' title="bbox 1758 2003 3327 2078">
     <span class='ocr_line' id='line_1_48' title="bbox 1758 2003 3327 2078; baseline 0.004 -21"><span class='ocrx_word' id='word_1_362' title='bbox 1758 2010 1878 2057; x_wconf 90' lang='lat' dir='ltr'><strong>acta</strong></span> <span class='ocrx_word' id='word_1_363' title='bbox 1906 2003 2093 2069; x_wconf 83' lang='lat' dir='ltr'><strong>fuerit,</strong></span> <span class='ocrx_word' id='word_1_364' title='bbox 2119 2012 2173 2060; x_wconf 89' lang='lat' dir='ltr'><strong>et</strong></span> <span class='ocrx_word' id='word_1_365' title='bbox 2208 2013 2472 2077; x_wconf 90' lang='lat' dir='ltr'><strong>quantum</strong></span> <span class='ocrx_word' id='word_1_366' title='bbox 2496 2022 2559 2061; x_wconf 78' lang='lat' dir='ltr'><strong>ex</strong></span> <span class='ocrx_word' id='word_1_367' title='bbox 2593 2022 2656 2063; x_wconf 89' lang='lat' dir='ltr'><strong>ea</strong></span> <span class='ocrx_word' id='word_1_368' title='bbox 2686 2007 2753 2062; x_wconf 82' lang='lat' dir='ltr'><strong>ad</strong></span> <span class='ocrx_word' id='word_1_369' title='bbox 2785 2016 2965 2063; x_wconf 87' lang='lat' dir='ltr'><strong>ortum</strong></span> <span class='ocrx_word' id='word_1_370' title='bbox 2991 2023 3166 2078; x_wconf 86' lang='lat' dir='ltr'><strong>usque</strong></span> <span class='ocrx_word' id='word_1_371' title='bbox 3194 2010 3327 2064; x_wconf 83' lang='lat' dir='ltr'><strong>solis</strong></span> 
     </span>
    </p>
   </div>
   <div class='ocr_carea' id='block_1_49' title="bbox 1755 2096 2067 2165">
    <p class='ocr_par' dir='ltr' id='par_1_49' title="bbox 1755 2096 2067 2165">
     <span class='ocr_line' id='line_1_49' title="bbox 1755 2096 2067 2165; baseline -0.006 -16"><span class='ocrx_word' id='word_1_372' title='bbox 1755 2096 2016 2165; x_wconf 87' lang='lat' dir='ltr'><strong>supersit.</strong></span> <span class='ocrx_word' id='word_1_373' title='bbox 2047 2115 2067 2147; x_wconf 68' lang='grc' dir='ltr'><strong>ο</strong></span> 
     </span>
    </p>
   </div>
   <div class='ocr_carea' id='block_1_50' title="bbox 1824 2186 3325 2262">
    <p class='ocr_par' dir='ltr' id='par_1_50' title="bbox 1824 2186 3325 2262">
     <span class='ocr_line' id='line_1_50' title="bbox 1824 2186 3325 2262; baseline 0.007 -25"><span class='ocrx_word' id='word_1_374' title='bbox 1824 2186 2088 2241; x_wconf 61' lang='lat' dir='ltr'><strong>Praeterea</strong></span> <span class='ocrx_word' id='word_1_375' title='bbox 2124 2186 2229 2242; x_wconf 83' lang='lat' dir='ltr'><strong>hoc</strong></span> <span class='ocrx_word' id='word_1_376' title='bbox 2260 2188 2421 2243; x_wconf 91' lang='lat' dir='ltr'><strong>ambo</strong></span> <span class='ocrx_word' id='word_1_377' title='bbox 2449 2188 2526 2242; x_wconf 87' lang='lat' dir='ltr'><strong>illi</strong></span> <span class='ocrx_word' id='word_1_378' title='bbox 2552 2205 2893 2262; x_wconf 84' lang='lat' dir='ltr'><strong>nequaquam</strong></span> <span class='ocrx_word' id='word_1_379' title='bbox 2922 2193 3325 2248; x_wconf 78' lang='lat' dir='ltr'><strong>animadverte—</strong></span> 
     </span>
    </p>
   </div>
   <div class='ocr_carea' id='block_1_51' title="bbox 1752 2279 3323 2354">
    <p class='ocr_par' dir='ltr' id='par_1_51' title="bbox 1752 2279 3323 2354">
     <span class='ocr_line' id='line_1_51' title="bbox 1752 2279 3323 2354; baseline 0.008 -26"><span class='ocrx_word' id='word_1_380' title='bbox 1752 2284 1913 2340; x_wconf 80' lang='lat' dir='ltr'><strong>runt,</strong></span> <span class='ocrx_word' id='word_1_381' title='bbox 1958 2279 2178 2333; x_wconf 81' lang='lat' dir='ltr'><strong>tametsi</strong></span> <span class='ocrx_word' id='word_1_382' title='bbox 2234 2279 2367 2332; x_wconf 89' lang='lat' dir='ltr'><strong>illud</strong></span> <span class='ocrx_word' id='word_1_383' title='bbox 2425 2281 2601 2349; x_wconf 89' lang='lat' dir='ltr'><strong>ipsum</strong></span> <span class='ocrx_word' id='word_1_384' title='bbox 2653 2283 2869 2354; x_wconf 86' lang='lat' dir='ltr'><strong>signum</strong></span> <span class='ocrx_word' id='word_1_385' title='bbox 2906 2296 3159 2339; x_wconf 82' lang='lat' dir='ltr'><strong>exortum</strong></span> <span class='ocrx_word' id='word_1_386' title='bbox 3207 2286 3323 2353; x_wconf 81' lang='lat' dir='ltr'><strong>jam</strong></span> 
     </span>
    </p>
   </div>
   <div class='ocr_carea' id='block_1_52' title="bbox 1751 2370 3324 2443">
    <p class='ocr_par' dir='ltr' id='par_1_52' title="bbox 1751 2370 3324 2443">
     <span class='ocr_line' id='line_1_52' title="bbox 1751 2370 3324 2443; baseline 0.007 -21"><span class='ocrx_word' id='word_1_387' title='bbox 1751 2382 1873 2422; x_wconf 83' lang='lat' dir='ltr'><strong>esse</strong></span> <span class='ocrx_word' id='word_1_388' title='bbox 1921 2370 2117 2424; x_wconf 83' lang='lat' dir='ltr'><strong>viderit</strong></span> <span class='ocrx_word' id='word_1_389' title='bbox 2166 2373 2460 2441; x_wconf 87' lang='lat' dir='ltr'><strong>quispiam,</strong></span> <span class='ocrx_word' id='word_1_390' title='bbox 2501 2388 2611 2428; x_wconf 91' lang='lat' dir='ltr'><strong>non</strong></span> <span class='ocrx_word' id='word_1_391' title='bbox 2668 2390 2830 2443; x_wconf 83' lang='lat' dir='ltr'><strong>posse</strong></span> <span class='ocrx_word' id='word_1_392' title='bbox 2877 2383 3059 2432; x_wconf 87' lang='lat' dir='ltr'><strong>tamen</strong></span> <span class='ocrx_word' id='word_1_393' title='bbox 3112 2380 3324 2433; x_wconf 87' lang='lat' dir='ltr'><strong>ratione</strong></span> 
     </span>
    </p>
   </div>
   <div class='ocr_carea' id='block_1_53' title="bbox 1751 2458 3323 2540">
    <p class='ocr_par' dir='ltr' id='par_1_53' title="bbox 1751 2458 3323 2540">
     <span class='ocr_line' id='line_1_53' title="bbox 1751 2458 3323 2540; baseline 0.008 -28"><span class='ocrx_word' id='word_1_394' title='bbox 1751 2458 1880 2521; x_wconf 86' lang='lat' dir='ltr'><strong>ista.</strong></span> <span class='ocrx_word' id='word_1_395' title='bbox 1906 2475 2069 2530; x_wconf 88' lang='lat' dir='ltr'><strong>quam</strong></span> <span class='ocrx_word' id='word_1_396' title='bbox 2106 2462 2380 2528; x_wconf 78' lang='lat' dir='ltr'><strong>diximus,</strong></span> <span class='ocrx_word' id='word_1_397' title='bbox 2412 2473 2616 2520; x_wconf 85' lang='lat' dir='ltr'><strong>certam</strong></span> <span class='ocrx_word' id='word_1_398' title='bbox 2668 2468 2843 2522; x_wconf 89' lang='lat' dir='ltr'><strong>noctis</strong></span> <span class='ocrx_word' id='word_1_399' title='bbox 2885 2468 3074 2522; x_wconf 84' lang='lat' dir='ltr'><strong>horam</strong></span> <span class='ocrx_word' id='word_1_400' title='bbox 3114 2484 3323 2540; x_wconf 80' lang='lat' dir='ltr'><strong>cogno-</strong></span> 
     </span>
    </p>
   </div>
   <div class='ocr_carea' id='block_1_54' title="bbox 1749 2548 3318 2627">
    <p class='ocr_par' dir='ltr' id='par_1_54' title="bbox 1749 2548 3318 2627">
     <span class='ocr_line' id='line_1_54' title="bbox 1749 2548 3318 2627; baseline 0.006 -23"><span class='ocrx_word' id='word_1_401' title='bbox 1749 2562 1925 2604; x_wconf 86' lang='lat' dir='ltr'><strong>scere.</strong></span> <span class='ocrx_word' id='word_1_402' title='bbox 1962 2548 2172 2605; x_wconf 86' lang='lat' dir='ltr'><strong>Etenim</strong></span> <span class='ocrx_word' id='word_1_403' title='bbox 2212 2554 2258 2608; x_wconf 87' lang='lat' dir='ltr'><strong>si</strong></span> <span class='ocrx_word' id='word_1_404' title='bbox 2287 2554 2759 2619; x_wconf 87' lang='lat' dir='ltr'><strong>constellatarum,</strong></span> <span class='ocrx_word' id='word_1_405' title='bbox 2801 2564 2855 2610; x_wconf 90' lang='lat' dir='ltr'><strong>et</strong></span> <span class='ocrx_word' id='word_1_406' title='bbox 2903 2558 3318 2627; x_wconf 86' lang='lat' dir='ltr'><strong>aspectabilium</strong></span> 
     </span>
    </p>
   </div>
   <div class='ocr_carea' id='block_1_55' title="bbox 1746 2640 3319 2714">
    <p class='ocr_par' dir='ltr' id='par_1_55' title="bbox 1746 2640 3319 2714">
     <span class='ocr_line' id='line_1_55' title="bbox 1746 2640 3319 2714; baseline 0.007 -21"><span class='ocrx_word' id='word_1_407' title='bbox 1746 2640 2044 2712; x_wconf 77' lang='lat' dir='ltr'><strong>imaginum</strong></span> <span class='ocrx_word' id='word_1_408' title='bbox 2090 2644 2345 2712; x_wconf 64' lang='lat' dir='ltr'><strong>qurelibct</strong></span> <span class='ocrx_word' id='word_1_409' title='bbox 2386 2652 2539 2714; x_wconf 89' lang='lat' dir='ltr'><strong>parte</strong></span> <span class='ocrx_word' id='word_1_410' title='bbox 2588 2663 2693 2699; x_wconf 88' lang='lat' dir='ltr'><strong>una</strong></span> <span class='ocrx_word' id='word_1_411' title='bbox 2740 2646 3061 2702; x_wconf 78' lang='lat' dir='ltr'><strong>dim-iecima</strong></span> <span class='ocrx_word' id='word_1_412' title='bbox 3104 2649 3319 2705; x_wconf 84' lang='lat' dir='ltr'><strong>zodiaci</strong></span> 
     </span>
    </p>
   </div>
   <div class='ocr_carea' id='block_1_56' title="bbox 1746 2731 3318 2809">
    <p class='ocr_par' dir='ltr' id='par_1_56' title="bbox 1746 2731 3318 2809">
     <span class='ocr_line' id='line_1_56' title="bbox 1746 2731 3318 2809; baseline 0.005 -21"><span class='ocrx_word' id='word_1_413' title='bbox 1746 2731 2084 2795; x_wconf 84' lang='lat' dir='ltr'><strong>deﬁniretur,</strong></span> <span class='ocrx_word' id='word_1_414' title='bbox 2117 2734 2232 2788; x_wconf 89' lang='lat' dir='ltr'><strong>sola</strong></span> <span class='ocrx_word' id='word_1_415' title='bbox 2267 2744 2570 2805; x_wconf 89' lang='lat' dir='ltr'><strong>temporum</strong></span> <span class='ocrx_word' id='word_1_416' title='bbox 2611 2739 2665 2790; x_wconf 91' lang='lat' dir='ltr'><strong>in</strong></span> <span class='ocrx_word' id='word_1_417' title='bbox 2715 2739 2927 2793; x_wconf 84' lang='lat' dir='ltr'><strong>ortibus</strong></span> <span class='ocrx_word' id='word_1_418' title='bbox 2975 2740 3318 2809; x_wconf 65' lang='lat' dir='ltr'><strong>inaequalitas</strong></span> 
     </span>
    </p>
   </div>
   <div class='ocr_carea' id='block_1_57' title="bbox 1744 2826 3314 2902">
    <p class='ocr_par' dir='ltr' id='par_1_57' title="bbox 1744 2826 3314 2902">
     <span class='ocr_line' id='line_1_57' title="bbox 1744 2826 3314 2902; baseline 0.005 -23"><span class='ocrx_word' id='word_1_419' title='bbox 1744 2839 1985 2879; x_wconf 87' lang='lat' dir='ltr'><strong>errorem</strong></span> <span class='ocrx_word' id='word_1_420' title='bbox 2034 2826 2192 2879; x_wconf 85' lang='lat' dir='ltr'><strong>nobis</strong></span> <span class='ocrx_word' id='word_1_421' title='bbox 2235 2826 2471 2882; x_wconf 80' lang='lat' dir='ltr'><strong>offerret.</strong></span> <span class='ocrx_word' id='word_1_422' title='bbox 2518 2828 2623 2882; x_wconf 84' lang='lat' dir='ltr'><strong>Sed</strong></span> <span class='ocrx_word' id='word_1_423' title='bbox 2664 2832 2921 2899; x_wconf 85' lang='lat' dir='ltr'><strong>quoniam</strong></span> <span class='ocrx_word' id='word_1_424' title='bbox 2964 2848 3139 2902; x_wconf 86' lang='lat' dir='ltr'><strong>neque</strong></span> <span class='ocrx_word' id='word_1_425' title='bbox 3187 2849 3314 2887; x_wconf 88' lang='lat' dir='ltr'><strong>cum</strong></span> 
     </span>
    </p>
   </div>
   <div class='ocr_carea' id='block_1_58' title="bbox 1745 2917 3317 2989">
    <p class='ocr_par' dir='ltr' id='par_1_58' title="bbox 1745 2917 3317 2989">
     <span class='ocr_line' id='line_1_58' title="bbox 1745 2917 3317 2989; baseline 0.005 -20"><span class='ocrx_word' id='word_1_426' title='bbox 1745 2917 2042 2985; x_wconf 87' lang='lat' dir='ltr'><strong>segmentis</strong></span> <span class='ocrx_word' id='word_1_427' title='bbox 2080 2918 2213 2987; x_wconf 89' lang='lat' dir='ltr'><strong>ipsis</strong></span> <span class='ocrx_word' id='word_1_428' title='bbox 2257 2917 2613 2987; x_wconf 72' lang='lat' dir='ltr'><strong>adzequantur</strong></span> <span class='ocrx_word' id='word_1_429' title='bbox 2639 2935 2761 2989; x_wconf 76' lang='lat' dir='ltr'><strong>quae</strong></span> <span class='ocrx_word' id='word_1_430' title='bbox 2800 2935 2831 2974; x_wconf 85' lang='lat' dir='ltr'><strong>a</strong></span> <span class='ocrx_word' id='word_1_431' title='bbox 2880 2922 3038 2978; x_wconf 89' lang='lat' dir='ltr'><strong>nobis</strong></span> <span class='ocrx_word' id='word_1_432' title='bbox 3080 2939 3317 2978; x_wconf 89' lang='lat' dir='ltr'><strong>cernun-</strong></span> 
     </span>
    </p>
   </div>
   <div class='ocr_carea' id='block_1_59' title="bbox 79 3003 1641 3080">
    <p class='ocr_par' dir='ltr' id='par_1_59' title="bbox 79 3003 1641 3075">
     <span class='ocr_line' id='line_1_59' title="bbox 79 3003 1641 3075; baseline -0.005 -12"><span class='ocrx_word' id='word_1_433' title='bbox 79 3013 129 3063; x_wconf 84' lang='grc' dir='ltr'><strong>ἐν</strong></span> <span class='ocrx_word' id='word_1_434' title='bbox 154 3014 268 3075; x_wconf 87' lang='grc' dir='ltr'>τοῖς</span> <span class='ocrx_word' id='word_1_435' title='bbox 308 3010 462 3073; x_wconf 82' lang='grc' dir='ltr'>ἰδίοις</span> <span class='ocrx_word' id='word_1_436' title='bbox 494 3011 669 3062; x_wconf 83' lang='grc' dir='ltr'>κεῖται</span> <span class='ocrx_word' id='word_1_437' title='bbox 709 3007 895 3069; x_wconf 89' lang='grc' dir='ltr'>τόποις</span> <span class='ocrx_word' id='word_1_438' title='bbox 937 3006 1152 3061; x_wconf 73' lang='grc' dir='ltr'>ἅπαντα</span> <span class='ocrx_word' id='word_1_439' title='bbox 1173 3022 1186 3035; x_wconf 92' lang='grc'><strong>·</strong></span> <span class='ocrx_word' id='word_1_440' title='bbox 1218 3005 1356 3058; x_wconf 91' lang='grc' dir='ltr'><strong>ἀλλά</strong></span> <span class='ocrx_word' id='word_1_441' title='bbox 1394 3004 1516 3057; x_wconf 82' lang='grc' dir='ltr'>τινὰ</span> <span class='ocrx_word' id='word_1_442' title='bbox 1544 3003 1641 3074; x_wconf 82' lang='grc' dir='ltr'>μὲν</span> 
     </span>
    </p>
   </div>
   <div class='ocr_carea' id='block_1_60' title="bbox 1747 3003 3315 3080">
    <p class='ocr_par' dir='ltr' id='par_1_60' title="bbox 1747 3004 3315 3080">
     <span class='ocr_line' id='line_1_60' title="bbox 1747 3004 3315 3080; baseline 0.008 -23"><span class='ocrx_word' id='word_1_443' title='bbox 1747 3013 1836 3058; x_wconf 91' lang='lat' dir='ltr'><strong>tur</strong></span> <span class='ocrx_word' id='word_1_444' title='bbox 1888 3004 2174 3073; x_wconf 81' lang='lat' dir='ltr'><strong>imagines,</strong></span> <span class='ocrx_word' id='word_1_445' title='bbox 2214 3023 2390 3078; x_wconf 88' lang='lat' dir='ltr'><strong>neque</strong></span> <span class='ocrx_word' id='word_1_446' title='bbox 2443 3010 2677 3080; x_wconf 85' lang='lat' dir='ltr'><strong>propriis</strong></span> <span class='ocrx_word' id='word_1_447' title='bbox 2726 3012 2779 3065; x_wconf 91' lang='lat' dir='ltr'><strong>in</strong></span> <span class='ocrx_word' id='word_1_448' title='bbox 2831 3012 2965 3068; x_wconf 87' lang='lat' dir='ltr'><strong>locis</strong></span> <span class='ocrx_word' id='word_1_449' title='bbox 3016 3015 3135 3069; x_wconf 82' lang='lat' dir='ltr'><strong>sitae</strong></span> <span class='ocrx_word' id='word_1_450' title='bbox 3186 3023 3315 3070; x_wconf 88' lang='lat' dir='ltr'><strong>sunt</strong></span> 
     </span>
    </p>
   </div>
   <div class='ocr_carea' id='block_1_61' title="bbox 78 3095 1641 3174">
    <p class='ocr_par' dir='ltr' id='par_1_61' title="bbox 78 3095 1641 3169">
     <span class='ocr_line' id='line_1_61' title="bbox 78 3095 1641 3169; baseline -0.004 -15"><span class='ocrx_word' id='word_1_451' title='bbox 78 3103 244 3156; x_wconf 79' lang='grc' dir='ltr'>αὐτῶν</span> <span class='ocrx_word' id='word_1_452' title='bbox 269 3101 543 3155; x_wconf 77' lang='grc' dir='ltr'>ἐλάσσονά</span> <span class='ocrx_word' id='word_1_453' title='bbox 590 3102 704 3154; x_wconf 86' lang='grc' dir='ltr'>ἐστι</span> <span class='ocrx_word' id='word_1_454' title='bbox 741 3098 836 3153; x_wconf 84' lang='grc' dir='ltr'>τοῦ</span> <span class='ocrx_word' id='word_1_455' title='bbox 867 3096 1336 3169; x_wconf 84' lang='grc' dir='ltr'>δωδεκατημορίου</span> <span class='ocrx_word' id='word_1_456' title='bbox 1360 3136 1376 3161; x_wconf 93' lang='grc'><strong>,</strong></span> <span class='ocrx_word' id='word_1_457' title='bbox 1421 3095 1542 3149; x_wconf 84' lang='grc' dir='ltr'>τινὰ</span> <span class='ocrx_word' id='word_1_458' title='bbox 1578 3095 1641 3148; x_wconf 84' lang='grc' dir='ltr'><strong>δέ</strong></span> 
     </span>
    </p>
   </div>
   <div class='ocr_carea' id='block_1_62' title="bbox 1747 3095 3310 3174">
    <p class='ocr_par' dir='ltr' id='par_1_62' title="bbox 1747 3101 3310 3173">
     <span class='ocr_line' id='line_1_62' title="bbox 1747 3101 3310 3173; baseline 0.01 -23"><span class='ocrx_word' id='word_1_459' title='bbox 1747 3112 1957 3162; x_wconf 89' lang='lat' dir='ltr'><strong>omnes,</strong></span> <span class='ocrx_word' id='word_1_460' title='bbox 2006 3101 2099 3155; x_wconf 88' lang='lat' dir='ltr'><strong>sed</strong></span> <span class='ocrx_word' id='word_1_461' title='bbox 2142 3102 2387 3171; x_wconf 72' lang='lat' dir='ltr'><strong>quzedam</strong></span> <span class='ocrx_word' id='word_1_462' title='bbox 2423 3103 2862 3162; x_wconf 85' lang='lat' dir='ltr'><strong>dodecatemorio</strong></span> <span class='ocrx_word' id='word_1_463' title='bbox 2896 3124 2996 3163; x_wconf 88' lang='lat' dir='ltr'><strong>suo</strong></span> <span class='ocrx_word' id='word_1_464' title='bbox 3038 3110 3310 3173; x_wconf 87' lang='lat' dir='ltr'><strong>minores,</strong></span> 
     </span>
    </p>
   </div>
   <div class='ocr_carea' id='block_1_63' title="bbox 79 3188 1640 3265">
    <p class='ocr_par' dir='ltr' id='par_1_63' title="bbox 79 3188 1640 3265">
     <span class='ocr_line' id='line_1_63' title="bbox 79 3188 1640 3265; baseline -0.004 -19"><span class='ocrx_word' id='word_1_465' title='bbox 79 3195 245 3265; x_wconf 76' lang='grc' dir='ltr'>πολλῷ</span> <span class='ocrx_word' id='word_1_466' title='bbox 297 3193 560 3264; x_wconf 72' lang='grc' dir='ltr'>μείζονασ</span> <span class='ocrx_word' id='word_1_467' title='bbox 593 3191 843 3263; x_wconf 79' lang='grc' dir='ltr'>καθάπερ</span> <span class='ocrx_word' id='word_1_468' title='bbox 883 3189 1086 3252; x_wconf 81' lang='grc' dir='ltr'>εὐθέως</span> <span class='ocrx_word' id='word_1_469' title='bbox 1131 3192 1162 3242; x_wconf 87' lang='lat'><strong>6</strong></span> <span class='ocrx_word' id='word_1_470' title='bbox 1219 3189 1316 3260; x_wconf 86' lang='grc' dir='ltr'>μὲν</span> <span class='ocrx_word' id='word_1_471' title='bbox 1368 3188 1640 3259; x_wconf 88' lang='grc' dir='ltr'>Καρκίνος</span> 
     </span>
    </p>
   </div>
   <div class='ocr_carea' id='block_1_64' title="bbox 77 3279 1638 3356">
    <p class='ocr_par' dir='ltr' id='par_1_64' title="bbox 77 3279 1638 3356">
     <span class='ocr_line' id='line_1_64' title="bbox 77 3279 1638 3356; baseline -0.004 -19"><span class='ocrx_word' id='word_1_472' title='bbox 77 3286 268 3339; x_wconf 75' lang='grc' dir='ltr'>οὐδὲτὸ</span> <span class='ocrx_word' id='word_1_473' title='bbox 305 3286 492 3356; x_wconf 82' lang='grc' dir='ltr'>τρίτον</span> <span class='ocrx_word' id='word_1_474' title='bbox 536 3284 701 3355; x_wconf 81' lang='grc' dir='ltr'>μέρος</span> <span class='ocrx_word' id='word_1_475' title='bbox 732 3284 917 3354; x_wconf 84' lang='grc' dir='ltr'>ἐπέχει</span> <span class='ocrx_word' id='word_1_476' title='bbox 942 3282 1035 3337; x_wconf 76' lang='grc' dir='ltr'>τοῦ</span> <span class='ocrx_word' id='word_1_477' title='bbox 1067 3280 1571 3352; x_wconf 79' lang='grc' dir='ltr'>δωδεκατημορίου“</span> <span class='ocrx_word' id='word_1_478' title='bbox 1603 3279 1638 3350; x_wconf 81' lang='grc' dir='ltr'><strong>η</strong></span> 
     </span>
    </p>
   </div>
   <div class='ocr_carea' id='block_1_65' title="bbox 74 3369 1640 3447">
    <p class='ocr_par' dir='ltr' id='par_1_65' title="bbox 74 3369 1640 3447">
     <span class='ocr_line' id='line_1_65' title="bbox 74 3369 1640 3447; baseline -0.003 -21"><span class='ocrx_word' id='word_1_479' title='bbox 74 3373 125 3427; x_wconf 77' lang='grc' dir='ltr'>δὲ</span> <span class='ocrx_word' id='word_1_480' title='bbox 148 3376 426 3447; x_wconf 76' lang='grc' dir='ltr'>Παρθένος</span> <span class='ocrx_word' id='word_1_481' title='bbox 462 3376 559 3427; x_wconf 60' lang='grc' dir='ltr'>καὶ.</span> <span class='ocrx_word' id='word_1_482' title='bbox 582 3374 673 3427; x_wconf 78' lang='grc' dir='ltr'><strong>τοῦ</strong></span> <span class='ocrx_word' id='word_1_483' title='bbox 711 3374 957 3437; x_wconf 82' lang='grc' dir='ltr'>Λέοντος,</span> <span class='ocrx_word' id='word_1_484' title='bbox 997 3371 1094 3427; x_wconf 78' lang='grc' dir='ltr'>καὶ</span> <span class='ocrx_word' id='word_1_485' title='bbox 1137 3370 1244 3425; x_wconf 82' lang='grc' dir='ltr'><strong>τῶν</strong></span> <span class='ocrx_word' id='word_1_486' title='bbox 1285 3369 1479 3440; x_wconf 81' lang='grc' dir='ltr'>Χηλῶν</span> <span class='ocrx_word' id='word_1_487' title='bbox 1521 3369 1640 3422; x_wconf 84' lang='grc' dir='ltr'>ἐπι-</span> 
     </span>
    </p>
   </div>
   <div class='ocr_carea' id='block_1_66' title="bbox 79 3461 1638 3538">
    <p class='ocr_par' dir='ltr' id='par_1_66' title="bbox 79 3461 1638 3538">
     <span class='ocr_line' id='line_1_66' title="bbox 79 3461 1638 3538; baseline -0.002 -21"><span class='ocrx_word' id='word_1_488' title='bbox 79 3465 332 3538; x_wconf 79' lang='grc' dir='ltr'>λαμϐάνει</span> <span class='ocrx_word' id='word_1_489' title='bbox 355 3484 368 3497; x_wconf 92' lang='grc'>·</span> <span class='ocrx_word' id='word_1_490' title='bbox 403 3466 517 3519; x_wconf 78' lang='grc' dir='ltr'>τῶν</span> <span class='ocrx_word' id='word_1_491' title='bbox 540 3466 596 3518; x_wconf 77' lang='grc' dir='ltr'>δὲ</span> <span class='ocrx_word' id='word_1_492' title='bbox 632 3463 849 3535; x_wconf 81' lang='grc' dir='ltr'>Ἰχθύων</span> <span class='ocrx_word' id='word_1_493' title='bbox 881 3465 910 3517; x_wconf 81' lang='grc'>6</span> <span class='ocrx_word' id='word_1_494' title='bbox 940 3462 1259 3533; x_wconf 83' lang='grc' dir='ltr'>νοτιὼτερος</span> <span class='ocrx_word' id='word_1_495' title='bbox 1291 3461 1412 3525; x_wconf 80' lang='grc' dir='ltr'>ὅλος</span> <span class='ocrx_word' id='word_1_496' title='bbox 1450 3461 1638 3532; x_wconf 82' lang='grc' dir='ltr'>σχεδὸν</span> 
     </span>
    </p>
   </div>
   <div class='ocr_carea' id='block_1_67' title="bbox 76 3552 1635 3630">
    <p class='ocr_par' dir='ltr' id='par_1_67' title="bbox 76 3552 1635 3630">
     <span class='ocr_line' id='line_1_67' title="bbox 76 3552 1635 3630; baseline -0.004 -20"><span class='ocrx_word' id='word_1_497' title='bbox 76 3559 126 3611; x_wconf 79' lang='grc' dir='ltr'><strong>ἐν</strong></span> <span class='ocrx_word' id='word_1_498' title='bbox 147 3559 221 3630; x_wconf 80' lang='grc' dir='ltr'>τῷ</span> <span class='ocrx_word' id='word_1_499' title='bbox 252 3557 348 3612; x_wconf 80' lang='grc' dir='ltr'>τοῦ</span> <span class='ocrx_word' id='word_1_500' title='bbox 380 3556 665 3629; x_wconf 81' lang='grc' dir='ltr'>’Υδροχόου</span> <span class='ocrx_word' id='word_1_501' title='bbox 705 3560 878 3611; x_wconf 84' lang='grc' dir='ltr'>κεῖται</span> <span class='ocrx_word' id='word_1_502' title='bbox 904 3554 1389 3627; x_wconf 81' lang='grc' dir='ltr'>δωδεκατημορίῳ’</span> <span class='ocrx_word' id='word_1_503' title='bbox 1423 3552 1539 3616; x_wconf 81' lang='grc' dir='ltr'><strong>πῶς</strong></span> <span class='ocrx_word' id='word_1_504' title='bbox 1568 3552 1635 3606; x_wconf 83' lang='grc' dir='ltr'>ἂν</span> 
     </span>
    </p>
   </div>
   <div class='ocr_carea' id='block_1_68' title="bbox 73 3645 1636 3720">
    <p class='ocr_par' dir='ltr' id='par_1_68' title="bbox 73 3645 1636 3720">
     <span class='ocr_line' id='line_1_68' title="bbox 73 3645 1636 3720; baseline -0.003 -19"><span class='ocrx_word' id='word_1_505' title='bbox 73 3651 148 3720; x_wconf 82' lang='grc' dir='ltr'>εἴη</span> <span class='ocrx_word' id='word_1_506' title='bbox 178 3650 407 3705; x_wconf 80' lang='grc' dir='ltr'>δυνατὸν</span> <span class='ocrx_word' id='word_1_507' title='bbox 461 3651 529 3702; x_wconf 80' lang='grc' dir='ltr'><strong>ἐκ</strong></span> <span class='ocrx_word' id='word_1_508' title='bbox 570 3649 669 3719; x_wconf 79' lang='grc' dir='ltr'>τῆς</span> <span class='ocrx_word' id='word_1_509' title='bbox 711 3647 966 3719; x_wconf 85' lang='grc' dir='ltr'>τοιαύτης</span> <span class='ocrx_word' id='word_1_510' title='bbox 1008 3647 1117 3702; x_wconf 85' lang='grc' dir='ltr'><strong>τῶν</strong></span> <span class='ocrx_word' id='word_1_511' title='bbox 1167 3645 1376 3701; x_wconf 86' lang='grc' dir='ltr'>δώδεκα</span> <span class='ocrx_word' id='word_1_512' title='bbox 1431 3645 1636 3710; x_wconf 81' lang='grc' dir='ltr'>ζωδίων</span> 
     </span>
    </p>
   </div>
   <div class='ocr_carea' id='block_1_69' title="bbox 72 3736 1635 3816">
    <p class='ocr_par' dir='ltr' id='par_1_69' title="bbox 72 3736 1635 3816">
     <span class='ocr_line' id='line_1_69' title="bbox 72 3736 1635 3816; baseline -0.004 -22"><span class='ocrx_word' id='word_1_513' title='bbox 72 3743 314 3816; x_wconf 76' lang='grc' dir='ltr'>ἑπιτολῆς</span> <span class='ocrx_word' id='word_1_514' title='bbox 347 3743 450 3814; x_wconf 80' lang='grc' dir='ltr'>τῆς</span> <span class='ocrx_word' id='word_1_515' title='bbox 478 3741 672 3805; x_wconf 73' lang='grc' dir='ltr'>νυκτὸς</span> <span class='ocrx_word' id='word_1_516' title='bbox 710 3740 859 3813; x_wconf 86' lang='grc' dir='ltr'>ὥραν</span> <span class='ocrx_word' id='word_1_517' title='bbox 890 3738 1341 3809; x_wconf 85' lang='grc' dir='ltr'>συλλογίσασθαι;</span> <span class='ocrx_word' id='word_1_518' title='bbox 1374 3738 1544 3792; x_wconf 88' lang='grc' dir='ltr'>Ὅταν</span> <span class='ocrx_word' id='word_1_519' title='bbox 1577 3736 1635 3790; x_wconf 82' lang='grc' dir='ltr'><strong>δέ</strong></span> 
     </span>
    </p>
   </div>
   <div class='ocr_carea' id='block_1_70' title="bbox 72 3828 1635 3906">
    <p class='ocr_par' dir='ltr' id='par_1_70' title="bbox 72 3828 1635 3906">
     <span class='ocr_line' id='line_1_70' title="bbox 72 3828 1635 3906; baseline -0.004 -18"><span class='ocrx_word' id='word_1_520' title='bbox 72 3854 181 3891; x_wconf 84' lang='grc' dir='ltr'>τινα</span> <span class='ocrx_word' id='word_1_521' title='bbox 204 3836 388 3891; x_wconf 79' lang='grc' dir='ltr'>αὐτῶν</span> <span class='ocrx_word' id='word_1_522' title='bbox 426 3835 561 3906; x_wconf 84' lang='grc' dir='ltr'>μηδὲ</span> <span class='ocrx_word' id='word_1_523' title='bbox 592 3836 649 3887; x_wconf 78' lang='grc' dir='ltr'>ὲν</span> <span class='ocrx_word' id='word_1_524' title='bbox 680 3833 757 3904; x_wconf 79' lang='grc' dir='ltr'>τῷ</span> <span class='ocrx_word' id='word_1_525' title='bbox 784 3831 1033 3903; x_wconf 80' lang='grc' dir='ltr'>ζωδιακῷ</span> <span class='ocrx_word' id='word_1_526' title='bbox 1059 3831 1244 3902; x_wconf 77' lang='grc' dir='ltr'>κύκλῳ</span> <span class='ocrx_word' id='word_1_527' title='bbox 1273 3830 1514 3901; x_wconf 79' lang='grc' dir='ltr'>τυγχάνῃ</span> <span class='ocrx_word' id='word_1_528' title='bbox 1536 3828 1635 3882; x_wconf 82' lang='grc' dir='ltr'>ὅλα</span> 
     </span>
    </p>
   </div>
   <div class='ocr_carea' id='block_1_71' title="bbox 70 3921 1634 4001">
    <p class='ocr_par' dir='ltr' id='par_1_71' title="bbox 70 3921 1634 4001">
     <span class='ocr_line' id='line_1_71' title="bbox 70 3921 1634 4001; baseline -0.006 -19"><span class='ocrx_word' id='word_1_529' title='bbox 70 3932 310 4001; x_wconf 76' lang='grc' dir='ltr'>κείμενα,</span> <span class='ocrx_word' id='word_1_530' title='bbox 344 3926 484 3984; x_wconf 83' lang='grc' dir='ltr'><strong>ἀλλά</strong></span> <span class='ocrx_word' id='word_1_531' title='bbox 509 3925 687 3997; x_wconf 76' lang='grc' dir='ltr'>πολλῷ</span> <span class='ocrx_word' id='word_1_532' title='bbox 726 3925 1058 3996; x_wconf 65' lang='grc' dir='ltr'>βορειότερα,</span> <span class='ocrx_word' id='word_1_533' title='bbox 1093 3923 1345 3993; x_wconf 87' lang='grc' dir='ltr'>καθάπερ</span> <span class='ocrx_word' id='word_1_534' title='bbox 1378 3921 1489 3992; x_wconf 76' lang='grc' dir='ltr'>ἔχει</span> <span class='ocrx_word' id='word_1_535' title='bbox 1519 3921 1548 3974; x_wconf 81' lang='grc' dir='ltr'><strong>ὅ</strong></span> <span class='ocrx_word' id='word_1_536' title='bbox 1572 3937 1634 3974; x_wconf 90' lang='grc' dir='ltr'><strong>τε</strong></span> 
     </span>
    </p>
   </div>
   <div class='ocr_carea' id='block_1_72' title="bbox 69 4008 1634 4091">
    <p class='ocr_par' dir='ltr' id='par_1_72' title="bbox 69 4008 1634 4091">
     <span class='ocr_line' id='line_1_72' title="bbox 69 4008 1634 4091; baseline -0.006 -16"><span class='ocrx_word' id='word_1_537' title='bbox 69 4023 209 4077; x_wconf 72' lang='grc' dir='ltr'>Λέων</span> <span class='ocrx_word' id='word_1_538' title='bbox 261 4022 362 4076; x_wconf 76' lang='grc' dir='ltr'>καὶ</span> <span class='ocrx_word' id='word_1_539' title='bbox 408 4022 441 4074; x_wconf 87' lang='lat'><strong>6</strong></span> <span class='ocrx_word' id='word_1_540' title='bbox 491 4019 825 4091; x_wconf 82' lang='grc' dir='ltr'>βορειότερος</span> <span class='ocrx_word' id='word_1_541' title='bbox 871 4008 978 4070; x_wconf 80' lang='grc' dir='ltr'>τῶν</span> <span class='ocrx_word' id='word_1_542' title='bbox 1030 4014 1286 4087; x_wconf 80' lang='grc' dir='ltr'>Ἰχθύων·</span> <span class='ocrx_word' id='word_1_543' title='bbox 1321 4013 1500 4085; x_wconf 75' lang='grc' dir='ltr'>δῆλον,</span> <span class='ocrx_word' id='word_1_544' title='bbox 1552 4014 1634 4066; x_wconf 83' lang='grc' dir='ltr'>ὃτι</span> 
     </span>
    </p>
   </div>
   <div class='ocr_carea' id='block_1_73' title="bbox 70 4104 1633 4187">
    <p class='ocr_par' dir='ltr' id='par_1_73' title="bbox 70 4104 1633 4187">
     <span class='ocr_line' id='line_1_73' title="bbox 70 4104 1633 4187; baseline -0.007 -18"><span class='ocrx_word' id='word_1_545' title='bbox 70 4114 238 4187; x_wconf 80' lang='grc' dir='ltr'>πολλῷ</span> <span class='ocrx_word' id='word_1_546' title='bbox 265 4114 470 4187; x_wconf 76' lang='grc' dir='ltr'>μᾶλλον</span> <span class='ocrx_word' id='word_1_547' title='bbox 499 4114 752 4181; x_wconf 83' lang='grc' dir='ltr'>ἀγνοήσει</span> <span class='ocrx_word' id='word_1_548' title='bbox 782 4109 882 4180; x_wconf 83' lang='grc' dir='ltr'>τὴν</span> <span class='ocrx_word' id='word_1_549' title='bbox 908 4108 1058 4179; x_wconf 83' lang='grc' dir='ltr'>ὤραν</span> <span class='ocrx_word' id='word_1_550' title='bbox 1093 4109 1123 4161; x_wconf 82' lang='grc' dir='ltr'>ὁ</span> <span class='ocrx_word' id='word_1_551' title='bbox 1150 4108 1215 4160; x_wconf 81' lang='grc' dir='ltr'><strong>ἐκ</strong></span> <span class='ocrx_word' id='word_1_552' title='bbox 1246 4107 1346 4178; x_wconf 86' lang='grc' dir='ltr'><strong>τῆς</strong></span> <span class='ocrx_word' id='word_1_553' title='bbox 1367 4104 1633 4176; x_wconf 78' lang='grc' dir='ltr'>ἀνατολῆς</span> 
     </span>
    </p>
   </div>
   <div class='ocr_carea' id='block_1_74' title="bbox 67 4199 1412 4277">
    <p class='ocr_par' dir='ltr' id='par_1_74' title="bbox 67 4199 1412 4277">
     <span class='ocr_line' id='line_1_74' title="bbox 67 4199 1412 4277; baseline -0.004 -16"><span class='ocrx_word' id='word_1_554' title='bbox 67 4207 164 4260; x_wconf 82' lang='grc' dir='ltr'>τῶν</span> <span class='ocrx_word' id='word_1_555' title='bbox 203 4205 550 4277; x_wconf 72' lang='grc' dir='ltr'>φαινομένων</span> <span class='ocrx_word' id='word_1_556' title='bbox 583 4202 789 4267; x_wconf 79' lang='grc' dir='ltr'>ζωδίων</span> <span class='ocrx_word' id='word_1_557' title='bbox 823 4200 1179 4270; x_wconf 79' lang='grc' dir='ltr'>συλλογισμὸς</span> <span class='ocrx_word' id='word_1_558' title='bbox 1212 4199 1412 4255; x_wconf 82' lang='grc' dir='ltr'>αὐτῶν.</span> 
     </span>
    </p>
   </div>
   <div class='ocr_carea' id='block_1_75' title="bbox 129 4292 1633 4365">
    <p class='ocr_par' dir='ltr' id='par_1_75' title="bbox 129 4292 1633 4365">
     <span class='ocr_line' id='line_1_75' title="bbox 129 4292 1633 4365; baseline -0.005 -12"><span class='ocrx_word' id='word_1_559' title='bbox 129 4301 346 4363; x_wconf 75' lang='grc' dir='ltr'>Εὐθέως</span> <span class='ocrx_word' id='word_1_560' title='bbox 373 4293 469 4351; x_wconf 83' lang='grc' dir='ltr'>οὖν</span> <span class='ocrx_word' id='word_1_561' title='bbox 506 4295 600 4349; x_wconf 71' lang='grc' dir='ltr'>τοῦ</span> <span class='ocrx_word' id='word_1_562' title='bbox 623 4293 670 4326; x_wconf 75' lang='grc'><strong>⁷⁸</strong></span> <span class='ocrx_word' id='word_1_563' title='bbox 701 4294 1092 4365; x_wconf 76' lang='grc' dir='ltr'>ἡστερισμένου</span> <span class='ocrx_word' id='word_1_564' title='bbox 1125 4292 1403 4364; x_wconf 85' lang='grc' dir='ltr'>Καρκίνου</span> <span class='ocrx_word' id='word_1_565' title='bbox 1438 4292 1633 4346; x_wconf 85' lang='grc' dir='ltr'>ἀνατε-</span> 
     </span>
    </p>
   </div>
   <div class='ocr_carea' id='block_1_76' title="bbox 64 4383 1633 4461">
    <p class='ocr_par' dir='ltr' id='par_1_76' title="bbox 64 4383 1633 4461">
     <span class='ocr_line' id='line_1_76' title="bbox 64 4383 1633 4461; baseline -0.004 -16"><span class='ocrx_word' id='word_1_566' title='bbox 64 4392 335 4454; x_wconf 83' lang='grc' dir='ltr'>ταλκότος,</span> <span class='ocrx_word' id='word_1_567' title='bbox 358 4392 393 4461; x_wconf 77' lang='grc' dir='ltr'><strong>ἡ</strong></span> <span class='ocrx_word' id='word_1_568' title='bbox 425 4388 522 4442; x_wconf 76' lang='grc' dir='ltr'>τοῦ</span> <span class='ocrx_word' id='word_1_569' title='bbox 569 4386 794 4448; x_wconf 80' lang='grc' dir='ltr'>Λέοντος</span> <span class='ocrx_word' id='word_1_570' title='bbox 823 4385 1030 4456; x_wconf 82' lang='grc' dir='ltr'>κεφαλὴ</span> <span class='ocrx_word' id='word_1_571' title='bbox 1080 4383 1408 4455; x_wconf 84' lang='grc' dir='ltr'>ἀναφέρεται</span> <span class='ocrx_word' id='word_1_572' title='bbox 1457 4387 1514 4437; x_wconf 88' lang='grc' dir='ltr'><strong>ἐν</strong></span> <span class='ocrx_word' id='word_1_573' title='bbox 1545 4383 1633 4456; x_wconf 85' lang='grc' dir='ltr'><strong>,τῷ</strong></span> 
     </span>
    </p>
   </div>
   <div class='ocr_carea' id='block_1_77' title="bbox 67 4465 1706 4555">
    <p class='ocr_par' dir='ltr' id='par_1_77' title="bbox 67 4465 1706 4555">
     <span class='ocr_line' id='line_1_77' title="bbox 67 4465 1706 4555; baseline -0.009 -20"><span class='ocrx_word' id='word_1_574' title='bbox 67 4482 404 4555; x_wconf 79' lang='grc' dir='ltr'>ὑποκειμένῳ</span> <span class='ocrx_word' id='word_1_575' title='bbox 446 4478 713 4551; x_wconf 76' lang='grc' dir='ltr'>ὁρίζοντι,</span> <span class='ocrx_word' id='word_1_576' title='bbox 752 4477 1239 4549; x_wconf 85' lang='grc' dir='ltr'>συνανατελλούσης</span> <span class='ocrx_word' id='word_1_577' title='bbox 1271 4479 1407 4550; x_wconf 79' lang='grc' dir='ltr'>αὐτῇ</span> <span class='ocrx_word' id='word_1_578' title='bbox 1449 4478 1547 4550; x_wconf 82' lang='grc' dir='ltr'>τῆς</span> <span class='ocrx_word' id='word_1_579' title='bbox 1578 4485 1628 4548; x_wconf 79' lang='grc' dir='ltr'>η’</span> <span class='ocrx_word' id='word_1_580' title='bbox 1660 4465 1706 4521; x_wconf 84' lang='lat' dir='ltr'><strong>D</strong></span> 
     </span>
    </p>
   </div>
   <div class='ocr_carea' id='block_1_78' title="bbox 65 4568 1627 4645">
    <p class='ocr_par' dir='ltr' id='par_1_78' title="bbox 65 4568 1627 4645">
     <span class='ocr_line' id='line_1_78' title="bbox 65 4568 1627 4645; baseline -0.001 -20"><span class='ocrx_word' id='word_1_581' title='bbox 65 4573 246 4645; x_wconf 84' lang='grc' dir='ltr'>μοίρας</span> <span class='ocrx_word' id='word_1_582' title='bbox 278 4571 376 4625; x_wconf 79' lang='grc' dir='ltr'>τοῦ</span> <span class='ocrx_word' id='word_1_583' title='bbox 416 4568 718 4640; x_wconf 83' lang='grc' dir='ltr'>Καρκίνου.</span> <span class='ocrx_word' id='word_1_584' title='bbox 751 4568 809 4621; x_wconf 84' lang='grc' dir='ltr'>Ὀ</span> <span class='ocrx_word' id='word_1_585' title='bbox 854 4569 1089 4639; x_wconf 82' lang='grc' dir='ltr'>Ἀρατος</span> <span class='ocrx_word' id='word_1_586' title='bbox 1137 4568 1357 4638; x_wconf 83' lang='grc' dir='ltr'>θεωρῶν</span> <span class='ocrx_word' id='word_1_587' title='bbox 1397 4570 1497 4642; x_wconf 85' lang='grc' dir='ltr'>τὴν</span> <span class='ocrx_word' id='word_1_588' title='bbox 1534 4588 1627 4623; x_wconf 84' lang='grc' dir='ltr'>κε-</span> 
     </span>
    </p>
   </div>
   <div class='ocr_carea' id='block_1_79' title="bbox 62 4659 1627 4737">
    <p class='ocr_par' dir='ltr' id='par_1_79' title="bbox 62 4659 1627 4737">
     <span class='ocr_line' id='line_1_79' title="bbox 62 4659 1627 4737; baseline 0.001 -21"><span class='ocrx_word' id='word_1_589' title='bbox 62 4664 226 4737; x_wconf 77' lang='grc' dir='ltr'>φαλὴν</span> <span class='ocrx_word' id='word_1_590' title='bbox 251 4663 350 4716; x_wconf 81' lang='grc' dir='ltr'><strong>τοῦ</strong></span> <span class='ocrx_word' id='word_1_591' title='bbox 390 4661 618 4722; x_wconf 83' lang='grc' dir='ltr'>Λέοντος</span> <span class='ocrx_word' id='word_1_592' title='bbox 648 4659 1058 4722; x_wconf 85' lang='grc' dir='ltr'>ἀνατέλλουσαν,</span> <span class='ocrx_word' id='word_1_593' title='bbox 1089 4662 1185 4714; x_wconf 78' lang='grc' dir='ltr'>καὶ</span> <span class='ocrx_word' id='word_1_594' title='bbox 1225 4664 1627 4734; x_wconf 78' lang='grc' dir='ltr'>ὑπολαμϐάνων</span> 
     </span>
    </p>
   </div>
   <div class='ocr_carea' id='block_1_80' title="bbox 54 4751 1622 4826">
    <p class='ocr_par' dir='ltr' id='par_1_80' title="bbox 54 4751 1622 4826">
     <span class='ocr_line' id='line_1_80' title="bbox 54 4751 1622 4826; baseline 0.002 -19"><span class='ocrx_word' id='word_1_595' title='bbox 54 4757 113 4807; x_wconf 78' lang='grc' dir='ltr'>τὸ</span> <span class='ocrx_word' id='word_1_596' title='bbox 156 4755 301 4809; x_wconf 84' lang='grc' dir='ltr'><strong>κατά</strong></span> <span class='ocrx_word' id='word_1_597' title='bbox 337 4754 432 4807; x_wconf 73' lang='grc' dir='ltr'>τὸν</span> <span class='ocrx_word' id='word_1_598' title='bbox 477 4752 682 4806; x_wconf 86' lang='grc' dir='ltr'>Λέοντα</span> <span class='ocrx_word' id='word_1_599' title='bbox 731 4751 1193 4823; x_wconf 83' lang='grc' dir='ltr'>δωδεκατημόριον</span> <span class='ocrx_word' id='word_1_600' title='bbox 1234 4755 1622 4826; x_wconf 65' lang='grc' dir='ltr'>ἀναφέρεσθαι,</span> 
     </span>
    </p>
   </div>
   <div class='ocr_carea' id='block_1_81' title="bbox 60 4841 1628 4919">
    <p class='ocr_par' dir='ltr' id='par_1_81' title="bbox 60 4841 1628 4919">
     <span class='ocr_line' id='line_1_81' title="bbox 60 4841 1628 4919; baseline -0.006 -24"><span class='ocrx_word' id='word_1_601' title='bbox 60 4848 222 4916; x_wconf 73' lang='grc' dir='ltr'>τρισὶν</span> <span class='ocrx_word' id='word_1_602' title='bbox 254 4845 401 4907; x_wconf 82' lang='grc' dir='ltr'>ὅλοις</span> <span class='ocrx_word' id='word_1_603' title='bbox 431 4841 722 4913; x_wconf 85' lang='grc' dir='ltr'>ήμιωρίοις</span> <span class='ocrx_word' id='word_1_604' title='bbox 743 4842 1018 4912; x_wconf 84' lang='grc' dir='ltr'>ἀγνοήσει.</span> <span class='ocrx_word' id='word_1_605' title='bbox 1056 4844 1222 4897; x_wconf 84' lang='grc' dir='ltr'>Πάλιν</span> <span class='ocrx_word' id='word_1_606' title='bbox 1260 4847 1289 4897; x_wconf 91' lang='lat'><strong>6</strong></span> <span class='ocrx_word' id='word_1_607' title='bbox 1323 4846 1422 4916; x_wconf 85' lang='grc' dir='ltr'>μὲν</span> <span class='ocrx_word' id='word_1_608' title='bbox 1458 4848 1628 4919; x_wconf 83' lang='grc' dir='ltr'>Σκορ-</span> 
     </span>
    </p>
   </div>
   <div class='ocr_carea' id='block_1_82' title="bbox 60 4934 1625 5012">
    <p class='ocr_par' dir='ltr' id='par_1_82' title="bbox 60 4934 1625 5012">
     <span class='ocr_line' id='line_1_82' title="bbox 60 4934 1625 5012; baseline 0.002 -22"><span class='ocrx_word' id='word_1_609' title='bbox 60 4939 172 5002; x_wconf 80' lang='grc' dir='ltr'>πίος</span> <span class='ocrx_word' id='word_1_610' title='bbox 195 4940 431 5011; x_wconf 78' lang='grc' dir='ltr'>ἄρχεται</span> <span class='ocrx_word' id='word_1_611' title='bbox 464 4935 563 5005; x_wconf 80' lang='grc' dir='ltr'>μὲν</span> <span class='ocrx_word' id='word_1_612' title='bbox 598 4934 773 4987; x_wconf 72' lang='grc' dir='ltr'>δύνειν</span> <span class='ocrx_word' id='word_1_613' title='bbox 794 4934 1189 5006; x_wconf 87' lang='grc' dir='ltr'>ἀνατελλούσης</span> <span class='ocrx_word' id='word_1_614' title='bbox 1221 4938 1394 5008; x_wconf 80' lang='grc' dir='ltr'>Κριοῦ</span> <span class='ocrx_word' id='word_1_615' title='bbox 1429 4940 1625 5012; x_wconf 87' lang='grc' dir='ltr'>μοίρας</span> 
     </span>
    </p>
   </div>
   <div class='ocr_carea' id='block_1_83' title="bbox 58 5025 1624 5102">
    <p class='ocr_par' dir='ltr' id='par_1_83' title="bbox 58 5025 1624 5102">
     <span class='ocr_line' id='line_1_83' title="bbox 58 5025 1624 5102; baseline 0.003 -22"><span class='ocrx_word' id='word_1_616' title='bbox 58 5028 508 5098; x_wconf 81' lang='grc' dir='ltr'>τρισκαιδεκάτης</span> <span class='ocrx_word' id='word_1_617' title='bbox 572 5026 773 5095; x_wconf 77' lang='grc' dir='ltr'>μέσης·</span> <span class='ocrx_word' id='word_1_618' title='bbox 822 5025 940 5089; x_wconf 81' lang='grc' dir='ltr'>ὅλος</span> <span class='ocrx_word' id='word_1_619' title='bbox 987 5027 1044 5080; x_wconf 86' lang='grc' dir='ltr'>δὲ</span> <span class='ocrx_word' id='word_1_620' title='bbox 1088 5028 1193 5080; x_wconf 80' lang='grc' dir='ltr'><strong>ὑπὸ</strong></span> <span class='ocrx_word' id='word_1_621' title='bbox 1246 5029 1337 5082; x_wconf 75' lang='grc' dir='ltr'>τὸν</span> <span class='ocrx_word' id='word_1_622' title='bbox 1376 5030 1624 5102; x_wconf 75' lang='grc' dir='ltr'>ὁρίζοντα</span> 
     </span>
    </p>
   </div>
   <div class='ocr_carea' id='block_1_84' title="bbox 56 5117 1629 5192">
    <p class='ocr_par' dir='ltr' id='par_1_84' title="bbox 56 5117 1629 5192">
     <span class='ocr_line' id='line_1_84' title="bbox 56 5117 1629 5192; baseline 0.001 -20"><span class='ocrx_word' id='word_1_623' title='bbox 56 5121 256 5188; x_wconf 83' lang='grc' dir='ltr'>γίνεται</span> <span class='ocrx_word' id='word_1_624' title='bbox 293 5117 695 5187; x_wconf 78' lang='grc' dir='ltr'>ἀνατελλούσης</span> <span class='ocrx_word' id='word_1_625' title='bbox 725 5117 825 5186; x_wconf 78' lang='grc' dir='ltr'>τῆς</span> <span class='ocrx_word' id='word_1_626' title='bbox 854 5124 905 5183; x_wconf 81' lang='grc' dir='ltr'>ς’</span> <span class='ocrx_word' id='word_1_627' title='bbox 942 5119 1049 5189; x_wconf 89' lang='grc' dir='ltr'>μοί.</span> <span class='ocrx_word' id='word_1_628' title='bbox 1081 5119 1172 5172; x_wconf 75' lang='grc' dir='ltr'>τοῦ</span> <span class='ocrx_word' id='word_1_629' title='bbox 1205 5120 1446 5192; x_wconf 85' lang='grc' dir='ltr'>Ταύρου·</span> <span class='ocrx_word' id='word_1_630' title='bbox 1488 5123 1629 5176; x_wconf 74' lang='grc' dir='ltr'>ἀπο-</span> 
     </span>
    </p>
   </div>
   <div class='ocr_carea' id='block_1_85' title="bbox 56 5208 1625 5283">
    <p class='ocr_par' dir='ltr' id='par_1_85' title="bbox 56 5208 1625 5283">
     <span class='ocr_line' id='line_1_85' title="bbox 56 5208 1625 5283; baseline 0.003 -21"><span class='ocrx_word' id='word_1_631' title='bbox 56 5210 370 5282; x_wconf 78' lang='grc' dir='ltr'>ὄεδείχαμεν</span> <span class='ocrx_word' id='word_1_632' title='bbox 404 5209 517 5279; x_wconf 80' lang='grc' dir='ltr'>γὰρ</span> <span class='ocrx_word' id='word_1_633' title='bbox 542 5208 611 5261; x_wconf 84' lang='grc' dir='ltr'><strong>τὰ</strong></span> <span class='ocrx_word' id='word_1_634' title='bbox 653 5209 877 5261; x_wconf 73' lang='grc' dir='ltr'>τοιαῦτα</span> <span class='ocrx_word' id='word_1_635' title='bbox 910 5210 1088 5263; x_wconf 82' lang='grc' dir='ltr'>πάντα</span> <span class='ocrx_word' id='word_1_636' title='bbox 1118 5211 1177 5262; x_wconf 88' lang='grc' dir='ltr'><strong>ἐν</strong></span> <span class='ocrx_word' id='word_1_637' title='bbox 1208 5214 1321 5275; x_wconf 89' lang='grc' dir='ltr'>τοῖς</span> <span class='ocrx_word' id='word_1_638' title='bbox 1359 5212 1487 5283; x_wconf 74' lang='grc' dir='ltr'>περὶ</span> <span class='ocrx_word' id='word_1_639' title='bbox 1516 5215 1625 5267; x_wconf 84' lang='grc' dir='ltr'>τῶν</span> 
     </span>
    </p>
   </div>
   <div class='ocr_carea' id='block_1_86' title="bbox 57 5297 1628 5373">
    <p class='ocr_par' dir='ltr' id='par_1_86' title="bbox 57 5297 1628 5373">
     <span class='ocr_line' id='line_1_86' title="bbox 57 5297 1628 5373; baseline 0.002 -19"><span class='ocrx_word' id='word_1_640' title='bbox 57 5302 450 5357; x_wconf 78' lang='grc' dir='ltr'>σονανατολῶν.</span> <span class='ocrx_word' id='word_1_641' title='bbox 494 5300 663 5369; x_wconf 81' lang='grc' dir='ltr'>Δῆλον</span> <span class='ocrx_word' id='word_1_642' title='bbox 688 5297 801 5362; x_wconf 81' lang='grc' dir='ltr'>οὖν,</span> <span class='ocrx_word' id='word_1_643' title='bbox 845 5302 926 5354; x_wconf 84' lang='grc' dir='ltr'>ὅτι</span> <span class='ocrx_word' id='word_1_644' title='bbox 971 5302 1140 5373; x_wconf 74' lang='grc' dir='ltr'>χωρὶς</span> <span class='ocrx_word' id='word_1_645' title='bbox 1183 5303 1277 5356; x_wconf 79' lang='grc' dir='ltr'><strong>τοῦ</strong></span> <span class='ocrx_word' id='word_1_646' title='bbox 1310 5305 1368 5355; x_wconf 89' lang='grc' dir='ltr'><strong>ἐν</strong></span> <span class='ocrx_word' id='word_1_647' title='bbox 1420 5304 1628 5368; x_wconf 88' lang='grc' dir='ltr'>ἀνίσοις</span> 
     </span>
    </p>
   </div>
   <div class='ocr_carea' id='block_1_87' title="bbox 54 5390 1622 5464">
    <p class='ocr_par' dir='ltr' id='par_1_87' title="bbox 54 5390 1622 5464">
     <span class='ocr_line' id='line_1_87' title="bbox 54 5390 1622 5464; baseline -0.001 -16"><span class='ocrx_word' id='word_1_648' title='bbox 54 5395 258 5464; x_wconf 78' lang='grc' dir='ltr'>χρόνοις</span> <span class='ocrx_word' id='word_1_649' title='bbox 290 5395 363 5447; x_wconf 77' lang='grc' dir='ltr'>τὰ</span> <span class='ocrx_word' id='word_1_650' title='bbox 385 5393 454 5464; x_wconf 83' lang='grc' dir='ltr'><strong>ιβ’</strong></span> <span class='ocrx_word' id='word_1_651' title='bbox 490 5390 656 5456; x_wconf 77' lang='grc' dir='ltr'>ζώδια</span> <span class='ocrx_word' id='word_1_652' title='bbox 683 5391 1067 5464; x_wconf 83' lang='grc' dir='ltr'>ἀναφέρεσθαι,</span> <span class='ocrx_word' id='word_1_653' title='bbox 1101 5391 1191 5445; x_wconf 85' lang='grc' dir='ltr'><strong>διά</strong></span> <span class='ocrx_word' id='word_1_654' title='bbox 1215 5392 1278 5446; x_wconf 81' lang='grc' dir='ltr'>τὸ</span> <span class='ocrx_word' id='word_1_655' title='bbox 1308 5393 1400 5446; x_wconf 74' lang='grc' dir='ltr'>καὶ</span> <span class='ocrx_word' id='word_1_656' title='bbox 1436 5394 1622 5447; x_wconf 83' lang='grc' dir='ltr'>ἀνισο-</span> 
     </span>
    </p>
   </div>
   <div class='ocr_carea' id='block_1_88' title="bbox 58 5481 1623 5557">
    <p class='ocr_par' dir='ltr' id='par_1_88' title="bbox 58 5481 1623 5557">
     <span class='ocr_line' id='line_1_88' title="bbox 58 5481 1623 5557; baseline -0.001 -16"><span class='ocrx_word' id='word_1_657' title='bbox 58 5487 255 5557; x_wconf 75' lang='grc' dir='ltr'>μεγέθη</span> <span class='ocrx_word' id='word_1_658' title='bbox 285 5483 426 5539; x_wconf 72' lang='grc' dir='ltr'>εἶναι</span> <span class='ocrx_word' id='word_1_659' title='bbox 454 5484 523 5537; x_wconf 77' lang='grc' dir='ltr'><strong>τὰ</strong></span> <span class='ocrx_word' id='word_1_660' title='bbox 555 5481 740 5547; x_wconf 82' lang='grc' dir='ltr'>ζὼδια,</span> <span class='ocrx_word' id='word_1_661' title='bbox 778 5485 871 5536; x_wconf 71' lang='grc' dir='ltr'>καὶ</span> <span class='ocrx_word' id='word_1_662' title='bbox 901 5484 1149 5548; x_wconf 84' lang='grc' dir='ltr'>ἀτάκτως</span> <span class='ocrx_word' id='word_1_663' title='bbox 1177 5483 1411 5547; x_wconf 84' lang='grc' dir='ltr'>κεῖσθαι,</span> <span class='ocrx_word' id='word_1_664' title='bbox 1449 5485 1623 5539; x_wconf 85' lang='grc' dir='ltr'>πολλά</span> 
     </span>
    </p>
   </div>
   <div class='ocr_carea' id='block_1_89' title="bbox 53 5566 1630 5650">
    <p class='ocr_par' dir='ltr' id='par_1_89' title="bbox 53 5566 1630 5650">
     <span class='ocr_line' id='line_1_89' title="bbox 53 5566 1630 5650; baseline 0.001 -22"><span class='ocrx_word' id='word_1_665' title='bbox 53 5576 484 5650; x_wconf 79' lang='grc' dir='ltr'>διαμαρτήσεται</span> <span class='ocrx_word' id='word_1_666' title='bbox 516 5578 582 5646; x_wconf 83' lang='grc' dir='ltr'><strong>τῇ</strong></span> <span class='ocrx_word' id='word_1_667' title='bbox 613 5574 732 5646; x_wconf 71' lang='grc' dir='ltr'>ὥρᾳ</span> <span class='ocrx_word' id='word_1_668' title='bbox 754 5576 783 5627; x_wconf 82' lang='grc' dir='ltr'><strong>ό</strong></span> <span class='ocrx_word' id='word_1_669' title='bbox 811 5575 945 5646; x_wconf 85' lang='grc' dir='ltr'>πρὸς</span> <span class='ocrx_word' id='word_1_670' title='bbox 980 5575 1071 5628; x_wconf 79' lang='grc' dir='ltr'>τὸν</span> <span class='ocrx_word' id='word_1_671' title='bbox 1108 5566 1630 5647; x_wconf 57' lang='grc' dir='ltr'>φαινόμενονάστεέ</span> 
     </span>
    </p>
   </div>
   <div class='ocr_carea' id='block_1_90' title="bbox 124 5725 566 5782">
    <p class='ocr_par' dir='ltr' id='par_1_90' title="bbox 124 5725 566 5782">
     <span class='ocr_line' id='line_1_90' title="bbox 124 5725 566 5782; baseline 0.005 -8"><span class='ocrx_word' id='word_1_672' title='bbox 124 5727 171 5758; x_wconf 67' lang='grc'><strong>’⁸</strong></span> <span class='ocrx_word' id='word_1_673' title='bbox 207 5727 250 5782; x_wconf 76' lang='lat' dir='ltr'><strong>f.</strong></span> <span class='ocrx_word' id='word_1_674' title='bbox 284 5727 410 5779; x_wconf 77' lang='grc' dir='ltr'>ἐπεὶ</span> <span class='ocrx_word' id='word_1_675' title='bbox 447 5725 566 5780; x_wconf 77' lang='grc' dir='ltr'><strong>τοῦ.</strong></span> 
     </span>
    </p>
   </div>
   <div class='ocr_carea' id='block_1_91' title="bbox 296 5819 961 5881">
    <p class='ocr_par' dir='ltr' id='par_1_91' title="bbox 296 5819 961 5881">
     <span class='ocr_line' id='line_1_91' title="bbox 296 5819 961 5881; baseline 0 -1"><span class='ocrx_word' id='word_1_676' title='bbox 296 5821 573 5880; x_wconf 68' lang='grc' dir='ltr'>Ριτιιοι.</span> <span class='ocrx_word' id='word_1_677' title='bbox 622 5819 739 5878; x_wconf 81' lang='lat' dir='ltr'><strong>Gn.</strong></span> <span class='ocrx_word' id='word_1_678' title='bbox 786 5820 961 5881; x_wconf 75' lang='lat' dir='ltr'><strong>XIX.</strong></span> 
     </span>
    </p>
   </div>
   <div class='ocr_carea' id='block_1_92' title="bbox 1741 3191 3310 3268">
    <p class='ocr_par' dir='ltr' id='par_1_92' title="bbox 1741 3191 3310 3268">
     <span class='ocr_line' id='line_1_92' title="bbox 1741 3191 3310 3268; baseline 0.009 -25"><span class='ocrx_word' id='word_1_679' title='bbox 1741 3191 1987 3258; x_wconf 65' lang='lat' dir='ltr'><strong>quaedam</strong></span> <span class='ocrx_word' id='word_1_680' title='bbox 2037 3193 2274 3261; x_wconf 86' lang='lat' dir='ltr'><strong>majores</strong></span> <span class='ocrx_word' id='word_1_681' title='bbox 2319 3195 2490 3249; x_wconf 91' lang='lat' dir='ltr'><strong>multo</strong></span> <span class='ocrx_word' id='word_1_682' title='bbox 2536 3207 2666 3251; x_wconf 87' lang='lat' dir='ltr'><strong>sunt</strong></span> <span class='ocrx_word' id='word_1_683' title='bbox 2698 3217 2714 3252; x_wconf 86' lang='lat'><strong>:</strong></span> <span class='ocrx_word' id='word_1_684' title='bbox 2749 3207 2809 3252; x_wconf 86' lang='lat' dir='ltr'><strong>ut</strong></span> <span class='ocrx_word' id='word_1_685' title='bbox 2849 3203 3080 3268; x_wconf 89' lang='lat' dir='ltr'><strong>exempli</strong></span> <span class='ocrx_word' id='word_1_686' title='bbox 3118 3217 3310 3265; x_wconf 84' lang='lat' dir='ltr'><strong>causa,</strong></span> 
     </span>
    </p>
   </div>
   <div class='ocr_carea' id='block_1_93' title="bbox 1739 3282 3309 3363">
    <p class='ocr_par' dir='ltr' id='par_1_93' title="bbox 1739 3282 3309 3363">
     <span class='ocr_line' id='line_1_93' title="bbox 1739 3282 3309 3363; baseline 0.006 -26"><span class='ocrx_word' id='word_1_687' title='bbox 1739 3282 1952 3339; x_wconf 86' lang='lat' dir='ltr'><strong>Cancer</strong></span> <span class='ocrx_word' id='word_1_688' title='bbox 2002 3300 2073 3340; x_wconf 92' lang='lat' dir='ltr'><strong>ne</strong></span> <span class='ocrx_word' id='word_1_689' title='bbox 2123 3286 2340 3340; x_wconf 89' lang='lat' dir='ltr'><strong>tertiam</strong></span> <span class='ocrx_word' id='word_1_690' title='bbox 2385 3287 2606 3358; x_wconf 79' lang='lat' dir='ltr'><strong>quidem</strong></span> <span class='ocrx_word' id='word_1_691' title='bbox 2664 3294 2927 3361; x_wconf 78' lang='lat' dir='ltr'><strong>segmenti</strong></span> <span class='ocrx_word' id='word_1_692' title='bbox 2960 3292 3046 3347; x_wconf 92' lang='lat' dir='ltr'><strong>sui</strong></span> <span class='ocrx_word' id='word_1_693' title='bbox 3099 3302 3309 3363; x_wconf 86' lang='lat' dir='ltr'><strong>partem</strong></span> 
     </span>
    </p>
   </div>
   <div class='ocr_carea' id='block_1_94' title="bbox 1738 3377 3313 3454">
    <p class='ocr_par' dir='ltr' id='par_1_94' title="bbox 1738 3377 3313 3454">
     <span class='ocr_line' id='line_1_94' title="bbox 1738 3377 3313 3454; baseline 0.006 -24"><span class='ocrx_word' id='word_1_694' title='bbox 1738 3382 2001 3446; x_wconf 82' lang='lat' dir='ltr'><strong>oecupat;</strong></span> <span class='ocrx_word' id='word_1_695' title='bbox 2031 3385 2224 3432; x_wconf 90' lang='lat' dir='ltr'><strong>contra</strong></span> <span class='ocrx_word' id='word_1_696' title='bbox 2266 3377 2427 3450; x_wconf 83' lang='lat' dir='ltr'><strong>Virgo</strong></span> <span class='ocrx_word' id='word_1_697' title='bbox 2455 3381 2522 3436; x_wconf 92' lang='lat' dir='ltr'><strong>de</strong></span> <span class='ocrx_word' id='word_1_698' title='bbox 2548 3379 2729 3437; x_wconf 89' lang='lat' dir='ltr'><strong>Leone</strong></span> <span class='ocrx_word' id='word_1_699' title='bbox 2761 3397 2824 3437; x_wconf 90' lang='lat' dir='ltr'><strong>ac</strong></span> <span class='ocrx_word' id='word_1_700' title='bbox 2853 3382 3037 3438; x_wconf 85' lang='lat' dir='ltr'><strong>Chelis</strong></span> <span class='ocrx_word' id='word_1_701' title='bbox 3069 3385 3313 3454; x_wconf 86' lang='lat' dir='ltr'><strong>decerpit</strong></span> 
     </span>
    </p>
   </div>
   <div class='ocr_carea' id='block_1_95' title="bbox 1739 3467 3309 3546">
    <p class='ocr_par' dir='ltr' id='par_1_95' title="bbox 1739 3467 3309 3546">
     <span class='ocr_line' id='line_1_95' title="bbox 1739 3467 3309 3546; baseline 0.007 -26"><span class='ocrx_word' id='word_1_702' title='bbox 1739 3467 1966 3537; x_wconf 90' lang='lat' dir='ltr'><strong>aliquid,</strong></span> <span class='ocrx_word' id='word_1_703' title='bbox 2001 3467 2241 3525; x_wconf 84' lang='lat' dir='ltr'><strong>Piscium</strong></span> <span class='ocrx_word' id='word_1_704' title='bbox 2297 3473 2590 3527; x_wconf 85' lang='lat' dir='ltr'><strong>australior</strong></span> <span class='ocrx_word' id='word_1_705' title='bbox 2631 3481 2779 3529; x_wconf 86' lang='lat' dir='ltr'><strong>totus</strong></span> <span class='ocrx_word' id='word_1_706' title='bbox 2829 3474 2941 3530; x_wconf 82' lang='lat' dir='ltr'><strong>fere</strong></span> <span class='ocrx_word' id='word_1_707' title='bbox 2984 3476 3038 3530; x_wconf 91' lang='lat' dir='ltr'><strong>in</strong></span> <span class='ocrx_word' id='word_1_708' title='bbox 3081 3476 3309 3546; x_wconf 80' lang='lat' dir='ltr'><strong>Aquarii</strong></span> 
     </span>
    </p>
   </div>
   <div class='ocr_carea' id='block_1_96' title="bbox 1738 3559 3308 3637">
    <p class='ocr_par' dir='ltr' id='par_1_96' title="bbox 1738 3559 3308 3637">
     <span class='ocr_line' id='line_1_96' title="bbox 1738 3559 3308 3637; baseline 0.007 -24"><span class='ocrx_word' id='word_1_709' title='bbox 1738 3559 2176 3617; x_wconf 83' lang='lat' dir='ltr'><strong>dodecatemorio</strong></span> <span class='ocrx_word' id='word_1_710' title='bbox 2221 3565 2432 3631; x_wconf 86' lang='lat' dir='ltr'><strong>positus</strong></span> <span class='ocrx_word' id='word_1_711' title='bbox 2462 3574 2545 3620; x_wconf 88' lang='lat' dir='ltr'><strong>est</strong></span> <span class='ocrx_word' id='word_1_712' title='bbox 2577 3585 2591 3619; x_wconf 89' lang='lat'><strong>:</strong></span> <span class='ocrx_word' id='word_1_713' title='bbox 2627 3569 2719 3636; x_wconf 90' lang='lat' dir='ltr'><strong>qui</strong></span> <span class='ocrx_word' id='word_1_714' title='bbox 2763 3566 2877 3622; x_wconf 85' lang='lat' dir='ltr'><strong>ﬁeri</strong></span> <span class='ocrx_word' id='word_1_715' title='bbox 2908 3573 3105 3637; x_wconf 89' lang='lat' dir='ltr'><strong>potest,</strong></span> <span class='ocrx_word' id='word_1_716' title='bbox 3137 3577 3197 3622; x_wconf 94' lang='lat' dir='ltr'><strong>ut</strong></span> <span class='ocrx_word' id='word_1_717' title='bbox 3238 3586 3308 3624; x_wconf 78' lang='lat' dir='ltr'><strong>ex</strong></span> 
     </span>
    </p>
   </div>
   <div class='ocr_carea' id='block_1_97' title="bbox 1737 3651 3307 3723">
    <p class='ocr_par' dir='ltr' id='par_1_97' title="bbox 1737 3651 3307 3723">
     <span class='ocr_line' id='line_1_97' title="bbox 1737 3651 3307 3723; baseline 0.008 -18"><span class='ocrx_word' id='word_1_718' title='bbox 1737 3651 2006 3720; x_wconf 84' lang='lat' dir='ltr'><strong>ejusmodi</strong></span> <span class='ocrx_word' id='word_1_719' title='bbox 2055 3655 2335 3723; x_wconf 87' lang='lat' dir='ltr'><strong>signorum</strong></span> <span class='ocrx_word' id='word_1_720' title='bbox 2381 3657 2667 3713; x_wconf 85' lang='lat' dir='ltr'><strong>duodecim</strong></span> <span class='ocrx_word' id='word_1_721' title='bbox 2710 3671 2902 3715; x_wconf 82' lang='lat' dir='ltr'><strong>exortu</strong></span> <span class='ocrx_word' id='word_1_722' title='bbox 2948 3664 3129 3718; x_wconf 88' lang='lat' dir='ltr'><strong>noctis</strong></span> <span class='ocrx_word' id='word_1_723' title='bbox 3173 3663 3307 3718; x_wconf 83' lang='lat' dir='ltr'><strong>liora</strong></span> 
     </span>
    </p>
   </div>
   <div class='ocr_carea' id='block_1_98' title="bbox 1737 3744 3307 3821">
    <p class='ocr_par' dir='ltr' id='par_1_98' title="bbox 1737 3744 3307 3821">
     <span class='ocr_line' id='line_1_98' title="bbox 1737 3744 3307 3821; baseline 0.008 -25"><span class='ocrx_word' id='word_1_724' title='bbox 1737 3744 2062 3814; x_wconf 82' lang='lat' dir='ltr'><strong>colligatur?</strong></span> <span class='ocrx_word' id='word_1_725' title='bbox 2084 3746 2221 3801; x_wconf 84' lang='lat' dir='ltr'><strong>Cum</strong></span> <span class='ocrx_word' id='word_1_726' title='bbox 2246 3755 2426 3802; x_wconf 92' lang='lat' dir='ltr'><strong>autem</strong></span> <span class='ocrx_word' id='word_1_727' title='bbox 2450 3765 2517 3803; x_wconf 82' lang='lat' dir='ltr'><strong>ex</strong></span> <span class='ocrx_word' id='word_1_728' title='bbox 2541 3749 2649 3805; x_wconf 80' lang='lat' dir='ltr'><strong>illis</strong></span> <span class='ocrx_word' id='word_1_729' title='bbox 2677 3752 2840 3806; x_wconf 84' lang='lat' dir='ltr'><strong>etiam</strong></span> <span class='ocrx_word' id='word_1_730' title='bbox 2875 3752 3054 3821; x_wconf 66' lang='lat' dir='ltr'><strong>aliqua</strong></span> <span class='ocrx_word' id='word_1_731' title='bbox 3083 3754 3307 3809; x_wconf 84' lang='lat' dir='ltr'><strong>zodiaeo</strong></span> 
     </span>
    </p>
   </div>
   <div class='ocr_carea' id='block_1_99' title="bbox 1736 3836 3306 3905">
    <p class='ocr_par' dir='ltr' id='par_1_99' title="bbox 1736 3836 3306 3905">
     <span class='ocr_line' id='line_1_99' title="bbox 1736 3836 3306 3905; baseline 0.006 -15"><span class='ocrx_word' id='word_1_732' title='bbox 1736 3836 1945 3893; x_wconf 90' lang='lat' dir='ltr'><strong>circulo</strong></span> <span class='ocrx_word' id='word_1_733' title='bbox 1973 3853 2077 3892; x_wconf 92' lang='lat' dir='ltr'><strong>non</strong></span> <span class='ocrx_word' id='word_1_734' title='bbox 2103 3846 2219 3893; x_wconf 91' lang='lat' dir='ltr'><strong>tota</strong></span> <span class='ocrx_word' id='word_1_735' title='bbox 2248 3840 2656 3905; x_wconf 85' lang='lat' dir='ltr'><strong>contineantur,</strong></span> <span class='ocrx_word' id='word_1_736' title='bbox 2682 3842 2776 3897; x_wconf 90' lang='lat' dir='ltr'><strong>sed</strong></span> <span class='ocrx_word' id='word_1_737' title='bbox 2802 3845 2977 3897; x_wconf 90' lang='lat' dir='ltr'><strong>multo</strong></span> <span class='ocrx_word' id='word_1_738' title='bbox 2998 3844 3306 3900; x_wconf 88' lang='lat' dir='ltr'><strong>borealiora</strong></span> 
     </span>
    </p>
   </div>
   <div class='ocr_carea' id='block_1_100' title="bbox 1736 3925 3308 3995">
    <p class='ocr_par' dir='ltr' id='par_1_100' title="bbox 1736 3925 3308 3995">
     <span class='ocr_line' id='line_1_100' title="bbox 1736 3925 3308 3995; baseline 0.004 -15"><span class='ocrx_word' id='word_1_739' title='bbox 1736 3928 1865 3990; x_wconf 84' lang='lat' dir='ltr'><strong>sint,</strong></span> <span class='ocrx_word' id='word_1_740' title='bbox 1900 3928 2045 3983; x_wconf 87' lang='lat' dir='ltr'><strong>velut</strong></span> <span class='ocrx_word' id='word_1_741' title='bbox 2087 3925 2196 3983; x_wconf 87' lang='lat' dir='ltr'><strong>Leo</strong></span> <span class='ocrx_word' id='word_1_742' title='bbox 2237 3938 2291 3984; x_wconf 90' lang='lat' dir='ltr'><strong>et</strong></span> <span class='ocrx_word' id='word_1_743' title='bbox 2336 3928 2577 3986; x_wconf 89' lang='lat' dir='ltr'><strong>Piscium</strong></span> <span class='ocrx_word' id='word_1_744' title='bbox 2630 3931 2924 3995; x_wconf 86' lang='lat' dir='ltr'><strong>borealior,</strong></span> <span class='ocrx_word' id='word_1_745' title='bbox 2961 3932 3186 3989; x_wconf 79' lang='lat' dir='ltr'><strong>evidens</strong></span> <span class='ocrx_word' id='word_1_746' title='bbox 3222 3945 3308 3988; x_wconf 81' lang='lat' dir='ltr'><strong>est</strong></span> 
     </span>
    </p>
   </div>
   <div class='ocr_carea' id='block_1_101' title="bbox 1736 4016 3303 4095">
    <p class='ocr_par' dir='ltr' id='par_1_101' title="bbox 1736 4016 3303 4095">
     <span class='ocr_line' id='line_1_101' title="bbox 1736 4016 3303 4095; baseline 0.004 -25"><span class='ocrx_word' id='word_1_747' title='bbox 1736 4016 1954 4072; x_wconf 87' lang='lat' dir='ltr'><strong>illorum</strong></span> <span class='ocrx_word' id='word_1_748' title='bbox 1986 4017 2249 4072; x_wconf 87' lang='lat' dir='ltr'><strong>rationem</strong></span> <span class='ocrx_word' id='word_1_749' title='bbox 2298 4020 2371 4075; x_wconf 92' lang='lat' dir='ltr'><strong>ab</strong></span> <span class='ocrx_word' id='word_1_750' title='bbox 2416 4029 2543 4075; x_wconf 90' lang='lat' dir='ltr'><strong>ortu</strong></span> <span class='ocrx_word' id='word_1_751' title='bbox 2588 4022 2964 4092; x_wconf 85' lang='lat' dir='ltr'><strong>apparentium</strong></span> <span class='ocrx_word' id='word_1_752' title='bbox 3008 4024 3303 4095; x_wconf 79' lang='lat' dir='ltr'><strong>imaginum</strong></span> 
     </span>
    </p>
   </div>
   <div class='ocr_carea' id='block_1_102' title="bbox 1734 4108 2529 4180">
    <p class='ocr_par' dir='ltr' id='par_1_102' title="bbox 1734 4108 2529 4180">
     <span class='ocr_line' id='line_1_102' title="bbox 1734 4108 2529 4180; baseline 0.008 -18"><span class='ocrx_word' id='word_1_753' title='bbox 1734 4108 2112 4163; x_wconf 87' lang='lat' dir='ltr'><strong>aberraturam</strong></span> <span class='ocrx_word' id='word_1_754' title='bbox 2145 4125 2267 4165; x_wconf 82' lang='lat' dir='ltr'><strong>esse</strong></span> <span class='ocrx_word' id='word_1_755' title='bbox 2296 4111 2529 4180; x_wconf 82' lang='lat' dir='ltr'><strong>longius.</strong></span> 
     </span>
    </p>
   </div>
   <div class='ocr_carea' id='block_1_103' title="bbox 1804 4288 3303 4365">
    <p class='ocr_par' dir='ltr' id='par_1_103' title="bbox 1804 4288 3303 4365">
     <span class='ocr_line' id='line_1_103' title="bbox 1804 4288 3303 4365; baseline 0.006 -23"><span class='ocrx_word' id='word_1_756' title='bbox 1804 4288 2045 4345; x_wconf 85' lang='lat' dir='ltr'><strong>Primum</strong></span> <span class='ocrx_word' id='word_1_757' title='bbox 2072 4290 2217 4346; x_wconf 91' lang='lat' dir='ltr'><strong>enim</strong></span> <span class='ocrx_word' id='word_1_758' title='bbox 2249 4292 2461 4347; x_wconf 86' lang='lat' dir='ltr'><strong>steliata</strong></span> <span class='ocrx_word' id='word_1_759' title='bbox 2484 4292 2681 4349; x_wconf 89' lang='lat' dir='ltr'><strong>Cancri</strong></span> <span class='ocrx_word' id='word_1_760' title='bbox 2708 4295 2943 4365; x_wconf 86' lang='lat' dir='ltr'><strong>imagine</strong></span> <span class='ocrx_word' id='word_1_761' title='bbox 2957 4296 3069 4365; x_wconf 88' lang='lat' dir='ltr'><strong>jam</strong></span> <span class='ocrx_word' id='word_1_762' title='bbox 3092 4305 3303 4363; x_wconf 78' lang='lat' dir='ltr'><strong>exorta,</strong></span> 
     </span>
    </p>
   </div>
   <div class='ocr_carea' id='block_1_104' title="bbox 1734 4384 3304 4458">
    <p class='ocr_par' dir='ltr' id='par_1_104' title="bbox 1734 4384 3304 4458">
     <span class='ocr_line' id='line_1_104' title="bbox 1734 4384 3304 4458; baseline 0.006 -19"><span class='ocrx_word' id='word_1_763' title='bbox 1734 4384 1931 4441; x_wconf 90' lang='lat' dir='ltr'><strong>Leonis</strong></span> <span class='ocrx_word' id='word_1_764' title='bbox 1959 4395 2122 4457; x_wconf 83' lang='lat' dir='ltr'><strong>caput</strong></span> <span class='ocrx_word' id='word_1_765' title='bbox 2151 4388 2207 4442; x_wconf 87' lang='lat' dir='ltr'><strong>in</strong></span> <span class='ocrx_word' id='word_1_766' title='bbox 2242 4404 2309 4444; x_wconf 92' lang='lat' dir='ltr'><strong>eo</strong></span> <span class='ocrx_word' id='word_1_767' title='bbox 2336 4404 2497 4458; x_wconf 85' lang='lat' dir='ltr'><strong>quem</strong></span> <span class='ocrx_word' id='word_1_768' title='bbox 2536 4392 2826 4446; x_wconf 89' lang='lat' dir='ltr'><strong>statuimus</strong></span> <span class='ocrx_word' id='word_1_769' title='bbox 2856 4394 3140 4448; x_wconf 89' lang='lat' dir='ltr'><strong>horizonte</strong></span> <span class='ocrx_word' id='word_1_770' title='bbox 3166 4409 3304 4448; x_wconf 85' lang='lat' dir='ltr'><strong>con-</strong></span> 
     </span>
    </p>
   </div>
   <div class='ocr_carea' id='block_1_105' title="bbox 1733 4480 3307 4553">
    <p class='ocr_par' dir='ltr' id='par_1_105' title="bbox 1733 4480 3307 4553">
     <span class='ocr_line' id='line_1_105' title="bbox 1733 4480 3307 4553; baseline 0.003 -20"><span class='ocrx_word' id='word_1_771' title='bbox 1733 4480 1946 4534; x_wconf 87' lang='lat' dir='ltr'><strong>scendit</strong></span> <span class='ocrx_word' id='word_1_772' title='bbox 1981 4497 2090 4534; x_wconf 88' lang='lat' dir='ltr'><strong>una</strong></span> <span class='ocrx_word' id='word_1_773' title='bbox 2128 4496 2254 4535; x_wconf 91' lang='lat' dir='ltr'><strong>cum</strong></span> <span class='ocrx_word' id='word_1_774' title='bbox 2298 4488 2489 4535; x_wconf 85' lang='lat' dir='ltr'><strong>octava</strong></span> <span class='ocrx_word' id='word_1_775' title='bbox 2534 4489 2688 4552; x_wconf 88' lang='lat' dir='ltr'><strong>parte</strong></span> <span class='ocrx_word' id='word_1_776' title='bbox 2715 4482 2935 4538; x_wconf 88' lang='lat' dir='ltr'><strong>Cancri.</strong></span> <span class='ocrx_word' id='word_1_777' title='bbox 2971 4482 3137 4553; x_wconf 88' lang='lat' dir='ltr'><strong>Igitur</strong></span> <span class='ocrx_word' id='word_1_778' title='bbox 3168 4484 3307 4537; x_wconf 87' lang='lat' dir='ltr'><strong>Ara-</strong></span> 
     </span>
    </p>
   </div>
   <div class='ocr_carea' id='block_1_106' title="bbox 1735 4571 3308 4645">
    <p class='ocr_par' dir='ltr' id='par_1_106' title="bbox 1735 4571 3308 4645">
     <span class='ocr_line' id='line_1_106' title="bbox 1735 4571 3308 4645; baseline 0.002 -20"><span class='ocrx_word' id='word_1_779' title='bbox 1735 4579 1824 4626; x_wconf 86' lang='lat' dir='ltr'><strong>tus</strong></span> <span class='ocrx_word' id='word_1_780' title='bbox 1854 4571 2052 4628; x_wconf 87' lang='lat' dir='ltr'><strong>Leonis</strong></span> <span class='ocrx_word' id='word_1_781' title='bbox 2079 4582 2244 4644; x_wconf 85' lang='lat' dir='ltr'><strong>caput</strong></span> <span class='ocrx_word' id='word_1_782' title='bbox 2288 4574 2420 4628; x_wconf 89' lang='lat' dir='ltr'><strong>oriri</strong></span> <span class='ocrx_word' id='word_1_783' title='bbox 2466 4575 2828 4645; x_wconf 84' lang='lat' dir='ltr'><strong>prospiciens,</strong></span> <span class='ocrx_word' id='word_1_784' title='bbox 2861 4590 2925 4629; x_wconf 81' lang='lat' dir='ltr'><strong>ac</strong></span> <span class='ocrx_word' id='word_1_785' title='bbox 2964 4574 3166 4631; x_wconf 87' lang='lat' dir='ltr'><strong>Leonis</strong></span> <span class='ocrx_word' id='word_1_786' title='bbox 3205 4577 3308 4629; x_wconf 84' lang='lat' dir='ltr'><strong>do-</strong></span> 
     </span>
    </p>
   </div>
   <div class='ocr_carea' id='block_1_107' title="bbox 1732 4666 3307 4737">
    <p class='ocr_par' dir='ltr' id='par_1_107' title="bbox 1732 4666 3307 4737">
     <span class='ocr_line' id='line_1_107' title="bbox 1732 4666 3307 4737; baseline -0.002 -17"><span class='ocrx_word' id='word_1_787' title='bbox 1732 4667 2158 4721; x_wconf 81' lang='lat' dir='ltr'><strong>decatemorium</strong></span> <span class='ocrx_word' id='word_1_788' title='bbox 2198 4675 2397 4737; x_wconf 83' lang='lat' dir='ltr'><strong>putans</strong></span> <span class='ocrx_word' id='word_1_789' title='bbox 2446 4667 2759 4729; x_wconf 88' lang='lat' dir='ltr'><strong>ascendere,</strong></span> <span class='ocrx_word' id='word_1_790' title='bbox 2795 4666 3118 4735; x_wconf 81' lang='lat' dir='ltr'><strong>sesquihora</strong></span> <span class='ocrx_word' id='word_1_791' title='bbox 3168 4668 3307 4720; x_wconf 81' lang='lat' dir='ltr'><strong>inte-</strong></span> 
     </span>
    </p>
   </div>
   <div class='ocr_carea' id='block_1_108' title="bbox 1734 4754 3308 4826">
    <p class='ocr_par' dir='ltr' id='par_1_108' title="bbox 1734 4754 3308 4826">
     <span class='ocr_line' id='line_1_108' title="bbox 1734 4754 3308 4826; baseline 0.002 -20"><span class='ocrx_word' id='word_1_792' title='bbox 1734 4769 1829 4823; x_wconf 87' lang='lat' dir='ltr'><strong>gra</strong></span> <span class='ocrx_word' id='word_1_793' title='bbox 1861 4754 2095 4809; x_wconf 80' lang='lat' dir='ltr'><strong>lalletur.</strong></span> <span class='ocrx_word' id='word_1_794' title='bbox 2132 4756 2259 4809; x_wconf 85' lang='lat' dir='ltr'><strong>Item</strong></span> <span class='ocrx_word' id='word_1_795' title='bbox 2296 4755 2556 4826; x_wconf 82' lang='lat' dir='ltr'><strong>Scorpius</strong></span> <span class='ocrx_word' id='word_1_796' title='bbox 2581 4757 2828 4811; x_wconf 89' lang='lat' dir='ltr'><strong>occidere</strong></span> <span class='ocrx_word' id='word_1_797' title='bbox 2872 4756 3067 4825; x_wconf 82' lang='lat' dir='ltr'><strong>incipit</strong></span> <span class='ocrx_word' id='word_1_798' title='bbox 3094 4760 3308 4812; x_wconf 85' lang='lat' dir='ltr'><strong>oriente</strong></span> 
     </span>
    </p>
   </div>
   <div class='ocr_carea' id='block_1_109' title="bbox 1733 4847 3304 4916">
    <p class='ocr_par' dir='ltr' id='par_1_109' title="bbox 1733 4847 3304 4916">
     <span class='ocr_line' id='line_1_109' title="bbox 1733 4847 3304 4916; baseline 0 -17"><span class='ocrx_word' id='word_1_799' title='bbox 1733 4856 1891 4916; x_wconf 88' lang='lat' dir='ltr'><strong>parte</strong></span> <span class='ocrx_word' id='word_1_800' title='bbox 1917 4847 1984 4900; x_wconf 80' lang='lat' dir='ltr'><strong>l3</strong></span> <span class='ocrx_word' id='word_1_801' title='bbox 2012 4848 2186 4901; x_wconf 89' lang='lat' dir='ltr'><strong>media</strong></span> <span class='ocrx_word' id='word_1_802' title='bbox 2218 4849 2447 4913; x_wconf 80' lang='lat' dir='ltr'><strong>Arietis;</strong></span> <span class='ocrx_word' id='word_1_803' title='bbox 2492 4856 2638 4902; x_wconf 90' lang='lat' dir='ltr'><strong>totus</strong></span> <span class='ocrx_word' id='word_1_804' title='bbox 2669 4864 2796 4903; x_wconf 85' lang='lat' dir='ltr'><strong>vero</strong></span> <span class='ocrx_word' id='word_1_805' title='bbox 2826 4850 2929 4903; x_wconf 88' lang='lat' dir='ltr'><strong>sub</strong></span> <span class='ocrx_word' id='word_1_806' title='bbox 2962 4849 3304 4902; x_wconf 81' lang='lat' dir='ltr'><strong>horizontem</strong></span> 
     </span>
    </p>
   </div>
   <div class='ocr_carea' id='block_1_110' title="bbox 1733 4938 3302 5010">
    <p class='ocr_par' dir='ltr' id='par_1_110' title="bbox 1733 4938 3302 5010">
     <span class='ocr_line' id='line_1_110' title="bbox 1733 4938 3302 5010; baseline -0.004 -17"><span class='ocrx_word' id='word_1_807' title='bbox 1733 4941 1987 4993; x_wconf 89' lang='lat' dir='ltr'><strong>conditur</strong></span> <span class='ocrx_word' id='word_1_808' title='bbox 2026 4940 2236 4994; x_wconf 84' lang='lat' dir='ltr'><strong>oriente</strong></span> <span class='ocrx_word' id='word_1_809' title='bbox 2267 4948 2419 4994; x_wconf 81' lang='lat' dir='ltr'><strong>sexta</strong></span> <span class='ocrx_word' id='word_1_810' title='bbox 2452 4938 2616 4994; x_wconf 87' lang='lat' dir='ltr'><strong>Tauri</strong></span> <span class='ocrx_word' id='word_1_811' title='bbox 2655 4948 2828 5010; x_wconf 72' lang='lat' dir='ltr'><strong>parte.</strong></span> <span class='ocrx_word' id='word_1_812' title='bbox 2864 4940 3145 5006; x_wconf 70' lang='lat' dir='ltr'><strong>Quze.nos</strong></span> <span class='ocrx_word' id='word_1_813' title='bbox 3187 4955 3302 4991; x_wconf 81' lang='lat' dir='ltr'><strong>Olli-</strong></span> 
     </span>
    </p>
   </div>
   <div class='ocr_carea' id='block_1_111' title="bbox 1730 5031 3306 5101">
    <p class='ocr_par' dir='ltr' id='par_1_111' title="bbox 1730 5031 3306 5101">
     <span class='ocr_line' id='line_1_111' title="bbox 1730 5031 3306 5101; baseline -0.003 -16"><span class='ocrx_word' id='word_1_814' title='bbox 1730 5032 1821 5085; x_wconf 90' lang='lat' dir='ltr'><strong>nia</strong></span> <span class='ocrx_word' id='word_1_815' title='bbox 1873 5034 1928 5084; x_wconf 91' lang='lat' dir='ltr'><strong>in</strong></span> <span class='ocrx_word' id='word_1_816' title='bbox 1977 5040 2165 5084; x_wconf 86' lang='lat' dir='ltr'><strong>nostra</strong></span> <span class='ocrx_word' id='word_1_817' title='bbox 2213 5031 2281 5085; x_wconf 91' lang='lat' dir='ltr'><strong>de</strong></span> <span class='ocrx_word' id='word_1_818' title='bbox 2327 5033 2608 5087; x_wconf 86' lang='lat' dir='ltr'><strong>coortihus</strong></span> <span class='ocrx_word' id='word_1_819' title='bbox 2658 5032 3028 5101; x_wconf 86' lang='lat' dir='ltr'><strong>disputatione</strong></span> <span class='ocrx_word' id='word_1_820' title='bbox 3075 5031 3306 5084; x_wconf 81' lang='lat' dir='ltr'><strong>deumn-</strong></span> 
     </span>
    </p>
   </div>
   <div class='ocr_carea' id='block_1_112' title="bbox 1731 5119 3313 5193">
    <p class='ocr_par' dir='ltr' id='par_1_112' title="bbox 1731 5119 3313 5193">
     <span class='ocr_line' id='line_1_112' title="bbox 1731 5119 3313 5193; baseline 0 -16"><span class='ocrx_word' id='word_1_821' title='bbox 1731 5123 2049 5177; x_wconf 86' lang='lat' dir='ltr'><strong>stravimus.</strong></span> <span class='ocrx_word' id='word_1_822' title='bbox 2097 5124 2335 5192; x_wconf 83' lang='lat' dir='ltr'><strong>Apparet</strong></span> <span class='ocrx_word' id='word_1_823' title='bbox 2377 5139 2506 5193; x_wconf 88' lang='lat' dir='ltr'><strong>ergo</strong></span> <span class='ocrx_word' id='word_1_824' title='bbox 2545 5140 2654 5178; x_wconf 85' lang='lat' dir='ltr'><strong>non</strong></span> <span class='ocrx_word' id='word_1_825' title='bbox 2698 5125 2872 5179; x_wconf 92' lang='lat' dir='ltr'><strong>solum</strong></span> <span class='ocrx_word' id='word_1_826' title='bbox 2913 5123 3056 5192; x_wconf 88' lang='lat' dir='ltr'><strong>quod</strong></span> <span class='ocrx_word' id='word_1_827' title='bbox 3096 5119 3313 5177; x_wconf 61' lang='lat' dir='ltr'><strong>duode-Z</strong></span> 
     </span>
    </p>
   </div>
   <div class='ocr_carea' id='block_1_113' title="bbox 1729 5215 3301 5288">
    <p class='ocr_par' dir='ltr' id='par_1_113' title="bbox 1729 5215 3301 5288">
     <span class='ocr_line' id='line_1_113' title="bbox 1729 5215 3301 5288; baseline 0.001 -18"><span class='ocrx_word' id='word_1_828' title='bbox 1729 5217 1838 5270; x_wconf 92' lang='lat' dir='ltr'><strong>cim</strong></span> <span class='ocrx_word' id='word_1_829' title='bbox 1884 5217 2148 5286; x_wconf 82' lang='lat' dir='ltr'><strong>imagines</strong></span> <span class='ocrx_word' id='word_1_830' title='bbox 2193 5216 2549 5286; x_wconf 54' lang='lat' dir='ltr'><strong>inaequalibus</strong></span> <span class='ocrx_word' id='word_1_831' title='bbox 2596 5219 2933 5288; x_wconf 83' lang='lat' dir='ltr'><strong>temporibus</strong></span> <span class='ocrx_word' id='word_1_832' title='bbox 2975 5215 3301 5272; x_wconf 80' lang='lat' dir='ltr'><strong>ascendunt.</strong></span> 
     </span>
    </p>
   </div>
   <div class='ocr_carea' id='block_1_114' title="bbox 1728 5306 3300 5379">
    <p class='ocr_par' dir='ltr' id='par_1_114' title="bbox 1728 5306 3300 5379">
     <span class='ocr_line' id='line_1_114' title="bbox 1728 5306 3300 5379; baseline 0.001 -18"><span class='ocrx_word' id='word_1_833' title='bbox 1728 5307 1822 5362; x_wconf 89' lang='lat' dir='ltr'><strong>sed</strong></span> <span class='ocrx_word' id='word_1_834' title='bbox 1861 5306 2026 5360; x_wconf 85' lang='lat' dir='ltr'><strong>etiam</strong></span> <span class='ocrx_word' id='word_1_835' title='bbox 2060 5308 2204 5375; x_wconf 86' lang='lat' dir='ltr'><strong>quod</strong></span> <span class='ocrx_word' id='word_1_836' title='bbox 2234 5309 2356 5361; x_wconf 89' lang='lat' dir='ltr'><strong>aliis</strong></span> <span class='ocrx_word' id='word_1_837' title='bbox 2387 5311 2506 5364; x_wconf 73' lang='lat' dir='ltr'><strong>alia:</strong></span> <span class='ocrx_word' id='word_1_838' title='bbox 2537 5310 2713 5379; x_wconf 83' lang='lat' dir='ltr'><strong>maius</strong></span> <span class='ocrx_word' id='word_1_839' title='bbox 2750 5309 2983 5378; x_wconf 86' lang='lat' dir='ltr'><strong>spatium</strong></span> <span class='ocrx_word' id='word_1_840' title='bbox 3008 5317 3300 5378; x_wconf 68' lang='lat' dir='ltr'><strong>occupant.</strong></span> 
     </span>
    </p>
   </div>
   <div class='ocr_carea' id='block_1_115' title="bbox 1729 5396 3303 5469">
    <p class='ocr_par' dir='ltr' id='par_1_115' title="bbox 1729 5396 3303 5469">
     <span class='ocr_line' id='line_1_115' title="bbox 1729 5396 3303 5469; baseline -0.001 -18"><span class='ocrx_word' id='word_1_841' title='bbox 1729 5403 1784 5451; x_wconf 89' lang='lat' dir='ltr'><strong>et</strong></span> <span class='ocrx_word' id='word_1_842' title='bbox 1826 5398 1943 5450; x_wconf 89' lang='lat' dir='ltr'><strong>sine</strong></span> <span class='ocrx_word' id='word_1_843' title='bbox 1980 5396 2172 5450; x_wconf 86' lang='lat' dir='ltr'><strong>ordine</strong></span> <span class='ocrx_word' id='word_1_844' title='bbox 2203 5398 2480 5453; x_wconf 75' lang='lat' dir='ltr'><strong>collocata:</strong></span> <span class='ocrx_word' id='word_1_845' title='bbox 2527 5409 2687 5463; x_wconf 88' lang='lat' dir='ltr'><strong>sunt;</strong></span> <span class='ocrx_word' id='word_1_846' title='bbox 2719 5399 3013 5469; x_wconf 90' lang='lat' dir='ltr'><strong>plurimum</strong></span> <span class='ocrx_word' id='word_1_847' title='bbox 3062 5400 3117 5452; x_wconf 93' lang='lat' dir='ltr'><strong>in</strong></span> <span class='ocrx_word' id='word_1_848' title='bbox 3148 5398 3303 5452; x_wconf 64' lang='lat' dir='ltr'><strong>aesti-</strong></span> 
     </span>
    </p>
   </div>
   <div class='ocr_carea' id='block_1_116' title="bbox 1729 5484 3301 5559">
    <p class='ocr_par' dir='ltr' id='par_1_116' title="bbox 1729 5484 3301 5559">
     <span class='ocr_line' id='line_1_116' title="bbox 1729 5484 3301 5559; baseline 0.003 -22"><span class='ocrx_word' id='word_1_849' title='bbox 1729 5484 1927 5538; x_wconf 84' lang='lat' dir='ltr'><strong>manda</strong></span> <span class='ocrx_word' id='word_1_850' title='bbox 1965 5484 2099 5537; x_wconf 89' lang='lat' dir='ltr'><strong>hora</strong></span> <span class='ocrx_word' id='word_1_851' title='bbox 2128 5485 2410 5554; x_wconf 90' lang='lat' dir='ltr'><strong>deceptum</strong></span> <span class='ocrx_word' id='word_1_852' title='bbox 2455 5488 2542 5550; x_wconf 91' lang='lat' dir='ltr'><strong>iri,</strong></span> <span class='ocrx_word' id='word_1_853' title='bbox 2569 5489 2661 5556; x_wconf 86' lang='lat' dir='ltr'><strong>qui</strong></span> <span class='ocrx_word' id='word_1_854' title='bbox 2694 5506 2760 5543; x_wconf 80' lang='lat' dir='ltr'><strong>ex</strong></span> <span class='ocrx_word' id='word_1_855' title='bbox 2804 5493 3191 5559; x_wconf 82' lang='lat' dir='ltr'><strong>apparentibus</strong></span> <span class='ocrx_word' id='word_1_856' title='bbox 3224 5508 3301 5543; x_wconf 69' lang='grc' dir='ltr'>ειο</span> 
     </span>
    </p>
   </div>
   <div class='ocr_carea' id='block_1_117' title="bbox 1730 5576 3295 5648">
    <p class='ocr_par' dir='ltr' id='par_1_117' title="bbox 1730 5576 3295 5648">
     <span class='ocr_line' id='line_1_117' title="bbox 1730 5576 3295 5648; baseline 0.004 -19"><span class='ocrx_word' id='word_1_857' title='bbox 1730 5577 1988 5630; x_wconf 85' lang='lat' dir='ltr'><strong>mulacris</strong></span> <span class='ocrx_word' id='word_1_858' title='bbox 2033 5576 2316 5645; x_wconf 87' lang='lat' dir='ltr'><strong>signorum</strong></span> <span class='ocrx_word' id='word_1_859' title='bbox 2364 5577 2653 5633; x_wconf 86' lang='lat' dir='ltr'><strong>duodecim</strong></span> <span class='ocrx_word' id='word_1_860' title='bbox 2698 5581 2995 5648; x_wconf 81' lang='lat' dir='ltr'><strong>conjectari</strong></span> <span class='ocrx_word' id='word_1_861' title='bbox 3041 5583 3295 5637; x_wconf 78' lang='lat' dir='ltr'><strong>voluerit.</strong></span> 
     </span>
    </p>
   </div>
   <div class='ocr_carea' id='block_1_118' title="bbox 2982 5833 3060 5891">
    <p class='ocr_par' dir='ltr' id='par_1_118' title="bbox 2982 5833 3060 5891">
     <span class='ocr_line' id='line_1_118' title="bbox 2982 5833 3060 5891; baseline 0.026 -2"><span class='ocrx_word' id='word_1_862' title='bbox 2982 5833 3060 5891; x_wconf 61' lang='lat' dir='ltr'><strong>33s</strong></span> 
     </span>
    </p>
   </div>
  </div>
