3816 6318
461 481 666 535 Horam
689 476 871 543 itaque
901 465 1075 523 noctis
1099 474 1200 517 nec
1219 462 1411 514 exacte
1440 466 1624 525 posse,
1647 458 1826 516 neque
1844 437 2030 512 proxi-
2057 439 2105 495 Α

463 586 552 627 me
586 561 938 639 deprehendi,
973 559 1018 614 si
1056 555 1292 611 ortivum
1335 548 1550 618 signum
1596 543 1928 597 intueamur,
1961 546 2030 586 ex

465 662 536 718 iis
558 675 680 731 quae
707 664 836 713 sunt
863 653 1008 708 dicta
1035 645 1243 716 liquido
1265 644 1500 696 constat.

537 786 626 868 ill.
658 809 924 877 Deinceps
952 803 1137 874 igitur,
1168 806 1227 853 ut
1248 797 1353 851 hoc
1383 803 1687 852 sumamus,
1708 791 1928 851 coortus
1966 778 2035 833 ab

471 905 566 959 illo
612 912 875 961 siderum,
916 891 1306 965 Oppositosque
1352 886 1651 940 descensus
1700 878 1768 932 ad
1824 871 2035 929 zodiaci

472 993 666 1051 circuli
711 996 1008 1060 segmenta,
1042 999 1154 1041 non
1196 979 1265 1035 ad
1317 976 1562 1033 stellatas
1612 968 1875 1040 imagines
1916 976 2039 1018 esse

471 1088 809 1156 descriptos;
840 1079 1124 1135 videamus
1152 1070 1412 1145 quidnam
1442 1068 1498 1121 in
1525 1064 1647 1120 istis
1671 1063 2040 1116 consentanea

472 1183 541 1237 iis
590 1194 711 1251 quae
749 1177 1019 1244 videntur‘
1059 1171 1115 1224 in
1163 1164 1391 1227 mundo,
1432 1159 1516 1215 vel
1566 1157 1915 1211 dissentanee
1969 1146 2047 1220 sit.

471 1242 699 1327 dictdm.
748 1266 807 1321 In
859 1278 969 1334 quo
1004 1242 1251 1332 primum
1300 1250 1435 1308 illud
1484 1242 1892 1316 intelligendum
1934 1243 2039 1299 est,

472 1360 681 1417 zodiaci
712 1356 902 1412 circuli
937 1328 1283 1423 partitionem
1312 1344 1379 1397 ab
1405 1343 1570 1394 Arato
1600 1337 1680 1392 sic
1714 1328 1949 1394 institui,
1984 1332 2044 1380 ut

474 1471 506 1510 a
548 1453 774 1522 tropicis
818 1456 872 1503 et
911 1438 1384 1515 aequinoctialibus
1422 1431 1641 1503 punctis
1678 1425 1925 1492 incipiat,
1952 1435 2045 1476 ea-

475 1562 581 1618 que
612 1512 723 1601 sint
755 1541 909 1597 initia
935 1512 1247 1608 signorum.
1284 1527 1546 1583 Eudoxus
1587 1529 1769 1576 autem
1801 1518 1876 1571 ita
1905 1512 2046 1568 divi-

474 1604 575 1701 dit,
604 1645 662 1690 ut
692 1635 784 1688 illa
815 1604 1021 1702 puncta
1043 1624 1220 1680 media
1254 1621 1385 1684 sint,
1417 1617 1509 1672 illa
1542 1611 1740 1668 Cancri
1776 1619 1829 1663 et
1856 1604 2049 1675 Capri—

1438 333 1526 388 Al)
1564 324 1833 385 EUSEBII
1868 312 2265 376 CHBONICON
2313 308 2678 367 APPENDIX.

3566 288 3695 345 4068

2133 433 2327 504 ρισμὸν
2348 431 2457 485 τῶν
2493 429 2557 500 ιβ’
2592 426 2799 494 ζωδίων
2839 423 2931 476 τὸν
2976 414 3332 487 συλλογισμὸν
3361 408 3696 481 ποιούμενος.

2135 500 2259 576 Ὅτι
2294 522 2392 593 μὲν
2422 514 2517 574 οὖν
2563 516 2822 572 ἀδύνατον
2854 509 3128 583 ἀκριϐῶς,
3154 506 3189 578 ἦ
3213 506 3289 569 ὡς
3326 502 3576 573 ἔγγιστα,
3608 500 3700 571 τὴν

2133 616 2233 685 τῆς
2265 592 2460 674 νυκτὸς
2494 610 2646 681 ῶραν
2677 604 2975 674 ἐπιγνῶναι
2999 604 3080 666 εἰς
3116 599 3176 654 τὸ
3212 598 3350 670 πρὸς
3378 598 3448 667 τῇ
3481 592 3700 663 ἀνατολῇ

2135 682 2321 770 ζῶδιον
2346 701 2771 771 ἀναϐλέψαντας,
2791 699 2856 750 ἐκ
2872 695 2979 749 τῶν
2995 690 3297 764 εἰρημένων
3320 687 3439 740 ἐστὶ
3460 682 3698 755 φανερόν.

2206 799 2279 852 Γ’.
2342 794 2643 867 Ἐχομένως
2685 791 2744 844 δὲ
2796 787 3120 857 ὑποθέμενοι
3172 781 3272 845 τὰς
3345 774 3703 835 συνανατολὰς

2137 888 2287 959 αὐτῷ
2320 887 2414 941 καὶ
2447 885 2547 949 τὰς
2593 878 3043 941 ἀντικαταδύσεις
3077 874 3186 929 τῶν
3233 871 3453 944 ἄστρων
3488 866 3618 939 πρὸς
3640 864 3703 919 τὰ

2137 979 2578 1050 δωδεκατημόρια
2635 975 2728 1028 τοῦ
2793 968 3054 1037 ζωδιακοῦ
3125 967 3322 1021 κύκλου
3366 975 3706 1033 πεπραγμα-

2140 1049 2508 1135 τεῦσθαιςκαί
2532 1069 2607 1140 μὴ
2632 1065 2770 1139 πρὸς
2794 1065 2861 1117 τὰ
2882 1058 3270 1133 ἠστερισμένα,
3286 1049 3706 1123 ἐπισκεψώμεθα

2145 1165 2243 1218 καὶ
2270 1164 2332 1216 τὸ
2366 1164 2423 1215 ὲν
2454 1161 2644 1218 αὐταῖς
2683 1153 2989 1227 συμφώνως
3022 1151 3056 1223 ἢ
3102 1146 3389 1218 διαφώνως
3427 1144 3706 1214 λεγόμενον

2146 1254 2283 1325 πρὸς
2310 1252 2378 1306 τά
2416 1254 2474 1305 ἐν
2512 1249 2592 1320 τῷ
2634 1247 2824 1317 κόσμῳ
2864 1242 3185 1312 φαινόμενα.
3214 1232 3622 1309 Προδιειλήφθω
3657 1230 3708 1282 δὲ

2146 1345 2385 1419 πρῶτον,
2436 1344 2517 1397 ὅτι
2562 1341 2661 1412 τὴν
2691 1339 2952 1410 διαίρεσιν
2996 1333 3091 1387 τού
3138 1326 3403 1397 ζωδιακοῦ
3454 1323 3648 1378 κύκλου
3683 1324 3709 1374 ό

2152 1437 2249 1508 μὲν
2291 1436 2524 1505 Ἀρατος
2560 1431 2851 1500 πεποίηται
2892 1424 3001 1480 ἀπὸ
3038 1422 3147 1477 τῶν
3200 1416 3484 1492 τροπικῶν
3523 1430 3583 1466 τε
3623 1410 3711 1465 καὶ

2154 1501 2486 1599 ἰσημερινῶν
2543 1520 2786 1593 σημείων
2843 1516 3178 1589 ἀρχόμενος·
3226 1510 3371 1564 ῶστε
3423 1504 3599 1560 ταῦτα
3650 1501 3713 1555 τὰ

2154 1593 2354 1689 σημεῖα
2400 1613 2572 1686 ἀρχάς
2621 1607 2758 1663 εῐναι
2815 1606 3051 1673 ζωδίωνο
3106 1605 3136 1657 ὁ
3184 1601 3240 1655 δὲ
3294 1597 3530 1662 Εὔδοξος
3582 1593 3713 1647 οὕτω

477 1730 654 1796 corni,
686 1728 805 1781 haec
818 1682 1052 1777 rArietis
1100 1724 1152 1773 et
1185 1682 1498 1770 Clnelarum.
1527 1703 1684 1773 Quod
1718 1701 1786 1756 ad
1819 1702 2047 1753 Aratum

2168 1682 2423 1781 ῑιῇρηται,
2443 1682 2609 1757 -ῶστε
2638 1699 2705 1754 τὰ
2747 1696 3011 1769 εἰρημένα
3044 1693 3243 1766 σημεῖα
3276 1690 3420 1762 μέσα
3456 1682 3624 1740 εἶναι·
3653 1684 3712 1777 τα

478 1828 709 1894 spectat,
729 1816 866 1873 satis
896 1830 963 1869 ex
988 1812 1057 1866 iis
1085 1806 1323 1863 ostendit
1351 1818 1411 1858 se
1434 1801 1526 1855 illa
1557 1804 1758 1869 puncta
1786 1793 1841 1846 in
1864 1790 2050 1859 signo—
2081 1776 2125 1831 Β

476 1929 601 1969 rum
638 1922 864 1966 suorum
900 1903 1071 1959 initiis
1098 1913 1342 1971 ponere;
1376 1892 1520 1964 quod
1553 1890 1621 1945 de
1658 1883 1880 1942 circulis
1918 1894 2052 1951 qua-

478 2014 606 2062 tuor
645 2003 949 2063 disserens,
990 1994 1216 2065 tropicis
1254 1987 1504 2044 videlicet
1540 1979 1777 2042 duobus,
1807 1973 2054 2046 aequino-

480 2098 632 2155 ctiali
674 2103 730 2151 et
770 2090 1016 2153 zodiaco,
1046 2096 1160 2141 tres
1198 2080 1420 2154 quidem
1450 2076 1669 2131 illorum
1709 2068 1842 2125 oriri
1871 2073 1926 2121 et
1958 2078 2052 2119 oc-

481 2190 664 2247 cidere
696 2184 986 2259 parallelos
1014 2178 1247 2234 invicem
1280 2171 1508 2236 scribit;
1542 2174 1598 2222 et
1636 2164 1832 2219 borum
1864 2160 2054 2228 singu-A

482 2285 569 2339 los
608 2283 665 2336 in
710 2293 822 2334 uno
866 2273 1167 2341 eodemque
1212 2269 1417 2337 puncto
1463 2257 1599 2313 oriri
1648 2254 1723 2308 ait
1770 2256 1865 2305 aut
1908 2246 2056 2303 occi-

486 2375 650 2440 dere;
683 2370 965 2427 zodiacum
1021 2369 1202 2417 autem
1261 2358 1318 2412 in
1374 2360 1528 2407 tanto
1571 2342 1873 2402 horizontis
1922 2353 2057 2393 arcu

486 2473 641 2522 ortus
684 2453 1268 2528 occasusque-:‘facere,
1298 2451 1541 2518 quantus
1589 2438 1658 2494 ab
1700 2444 1825 2492 ortu
1865 2431 2059 2501 Capri-

368 2620 377 2627 ,
487 2557 642 2613 eorni
685 2553 754 2608 ad
800 2523 980 2606 ortum
1026 2542 1227 2602 Cancri
1269 2538 1541 2612 pertinet;
1578 2529 1727 2603 quod
1760 2527 1832 2583 iis
1871 2523 2058 2582 verbis

486 2647 725 2720 explicat
758 2664 771 2700 :

1422 2720 1451 2753 ⁸

492 3000 657 3068 Atque
687 2998 728 3051 ii
764 2993 972 3067 quidem
1012 2990 1373 3058 oriunturque,
1413 2991 1462 3038 et
1506 2998 1569 3038 ea:
1609 2977 2062 3122 adiiersedinferne

1721 3066 1829 3103 occ:
1874 3058 1964 3101 unt

1721 3058 1964 3103 occidunt

2277 1764 2368 1851 τοῦ
2392 1764 2670 1865 Καρκίνου
2697 1764 2907 1842 καὶ-τού
2931 1764 3213 1853 Αἰγόκερω
3232 1796 3247 1810 ο
3271 1778 3339 1832 τὰ
3356 1776 3416 1829 δὲ
3440 1772 3535 1827 τοῦ
3553 1764 3709 1843 Κριοῦ

2154 1860 2251 1944 καὶ
2274 1885 2382 1941 τῶν
2408 1860 2624 1954 Χηλῶν.
2662 1880 2720 1933 '0
2754 1877 2851 1950 μὲν
2876 1871 2968 1930 οὖν
3004 1876 3237 1944 ’Ἄρατος
3261 1867 3353 1924 διὰ
3382 1866 3589 1919 τούτων
3625 1860 3712 1932 μά-

2152 1981 2311 2034 λιστα
2342 1972 2571 2047 φανερὸς
2605 1970 2815 2039 γίνεται
2845 1967 2915 2021 τά
2958 1962 3223 2036 εἰρημένα
3267 1956 3503 2031 σημεῑα’
3523 1957 3579 2007 ἐν
3608 1955 3713 2014 ταῖς

2153 2072 2344 2144 ἀρχαῖς
2354 2042 2537 2128 ττιθελις
2561 2064 2668 2117 τῶν
2692 2060 2835 2115 κατά
2860 2057 3033 2112 ταῦτα
3056 2049 3570 2122 δωδεκατημορίων.
3593 2042 3715 2116 Περὶ

2289 2132 2398 2210 τῶν
2434 2154 2476 2207 δ’
2511 2151 2728 2207 κύκλων
2777 2149 2972 2218 λέγων,
2999 2145 3092 2199 δύο
3129 2141 3238 2196 τῶν
3287 2136 3571 2212 τροπικῶν
3594 2175 3608 2199 ,
3634 2132 3719 2185 καὶ

2154 2250 2249 2305 τοῦ
2276 2245 2616 2320 ίσημερινοῦ,
2647 2243 2743 2298 καὶ
2766 2240 2861 2295 τοῦ
2892 2235 3181 2305 ζωδιακοῦ,
3202 2234 3331 2296 τοὺς
3367 2231 3470 2301 μὲν
3496 2233 3547 2297 γ’
3571 2240 3718 2297 φησιν

2155 2316 2466 2398 ἀνατέλλειν
2496 2356 2557 2392 τε
2603 2337 2698 2391 καὶ
2727 2334 2904 2389 δύνειν
2942 2327 3302 2402 παραλλήλως
3348 2322 3598 2383 ἑαυτοῖς·
3642 2316 3721 2370 καὶ

2156 2436 2386 2490 ἕκαστον
2438 2429 2616 2486 αὐτῶν
2666 2427 2784 2483 καθ’
2815 2426 2872 2480 ἒν
2911 2424 3005 2479 κα)⁵
3047 2423 3108 2475 τὸ
3154 2418 3286 2473 αὐτὸ
3333 2416 3562 2488 σημεῖον
3604 2412 3719 2465 ἀναν

2155 2527 2395 2591 τέλλειν,
2432 2524 2527 2578 καὶ
2565 2522 2725 2576 πάλιν
2786 2515 2993 2573 δύνειψ
3029 2515 3119 2569 τὸν
3151 2514 3207 2566 δὲ
3241 2507 3509 2576 ζωδιακὸν
3558 2508 3613 2559 ὲν
3650 2504 3715 2573 τῇ

2156 2618 2384 2691 τοιαύτῃ
2413 2612 2740 2687 περιφερείᾳ
2774 2608 2870 2663 τοῦ
2897 2607 3168 2680 ὁρίζοντος
3207 2600 3307 2664 τὰς
3345 2595 3611 2659 ἀνατολὰς
3637 2594 3719 2647 καὶ

2156 2711 2340 2774 δύσεις
2355 2682 2666 2771 amiciebat,
2696 2702 2892 2775 ἡλίκην
2942 2695 3262 2769 παραχωρεῖ
3316 2692 3377 2743 ὲν
3434 2686 3584 2758 αὖτῷ
3626 2682 3718 2738 ἀπὸ

2158 2805 2259 2876 τῆς
2279 2800 2374 2856 τοῦ
2411 2798 2693 2868 Αἰγόκερω
2729 2790 2991 2861 ἀνατολῆς
3019 2788 3123 2850 ἓως
3164 2786 3264 2854 τῆς
3310 2781 3407 2835 τοῦ
3457 2778 3714 2850 Καρκίνου

2156 2890 2455 2960 ἀνατολῆς·
2489 2886 2638 2955 λέγει
2668 2883 2725 2936 δὲ
2750 2880 2920 2942 οὕτως
2938 2895 2952 2909 ·

2158 2984 2271 3041 Καὶ
2304 2957 2392 3037 τὰ*
2409 2979 2526 3051 μὲν
2562 2975 2839 3033 ἀντέλλει
2874 2988 2958 3039 τε,
2994 2971 3093 3024 καί
3126 2965 3303 3023 ἀντία
3334 2964 3523 3017 νειόθι
3549 2957 3716 3051 δόκει,

497 3139 686 3194 Omnes
737 3133 1130 3206 wquidistanter
1158 3144 1178 3184 :
1206 3141 1344 3182 unus
1375 3132 1549 3178 autem
1590 3131 1669 3177 est
1698 3094 2060 3206 Lipsorrumeu-

2168 3120 2364 3175 Πάντα
2388 3111 2783 3186 παραϐλήδην
2799 3126 2815 3141 ·
2837 3109 2946 3179 μία
2968 3105 3035 3159 δέ
3059 3102 3265 3173 σφεών
3281 3100 3458 3154 ἐστιν
3482 3094 3719 3150 ἑκάστου

1830 3205 1989 3247 "(Si)"

497 3276 800 3333 Ordinatim
826 3273 1069 3342 utrinque
1105 3269 1381 3323 descensus
1414 3278 1780 3342 ascensnsque.
1806 3189 1829 3263 [

503 3348 694 3402 Verum
723 3348 820 3400 iste
844 3335 1037 3399 Oceani
1068 3349 1270 3393 tantum
1302 3335 1587 3407 pertransit
1617 3348 1828 3407 aquam,

498 3417 769 3485 Quantum
804 3433 836 3469 a
868 3413 1187 3485 Capricorno
1223 3404 1531 3485 ascendente
1561 3404 1793 3456 maxime

498 3477 761 3544 Cancrum
793 3486 860 3538 ad
896 3477 1256 3537 ascendentem
1291 3477 1534 3532 volvitur.

569 3594 647 3647 Ex
678 3594 766 3647 his
804 3592 973 3662 liquet
1011 3587 1223 3656 tr0pica
1256 3590 1459 3654 puncta
1491 3582 1549 3635 in
1580 3581 1863 3650 signorum
1894 3576 2067 3632 initiis

501 3686 569 3740 ab
619 3685 712 3738 illo
764 3681 1045 3743 constitui,
1085 3678 1316 3731 alterum
1373 3674 1427 3727 in
1476 3671 1696 3735 Cancri,
1732 3670 1962 3724 alterum
2010 3672 2068 3723 in

500 3774 821 3845 Capricorni
890 3769 1182 3840 principio.
1242 3764 1454 3835 Quippe
1507 3762 1764 3817 zodiacus
1816 3761 2070 3816 exoriens

490 3860 811 3916 .horizonlis
844 3871 1030 3911 arcum
1073 3855 1144 3909 ab
1181 3852 1250 3908 iis
1287 3850 1507 3923 punctis
1544 3851 1601 3903 in
1632 3851 1848 3905 illorum
1888 3850 2074 3919 signo-

506 3969 630 4006 rum
681 3950 891 4006 ortibus
936 3946 1217 4003 deﬁnitum
1270 3951 1529 4015 permeat.
1566 3942 1709 3996 Idem
1763 3942 1926 3996 etiam
1974 3944 2071 3996 de-

506 4045 718 4098 clarare
763 4039 980 4096 videtur
1023 4039 1111 4093 his
1160 4037 1431 4099 versibus,
1466 4049 1605 4104 quos
1651 4032 1720 4088 de
1756 4031 1937 4089 Leone
1982 4047 2074 4089 ce-

506 4136 643 4191 cinit
677 4155 690 4190 :

511 4227 595 4282 Ibi
622 4226 830 4298 quidem
857 4226 983 4280 solis
1010 4223 1368 4278 ardentissimi
1394 4230 1519 4277 sunt
1550 4236 1755 4277 cursus.

509 4302 716 4352 Actum
741 4298 901 4366 spicis
933 4312 1099 4366 vacua
1126 4304 1411 4366 cernuntur
1437 4309 1585 4356 arva,

511 4369 632 4427 Sole
653 4363 881 4438 primum
906 4367 971 4420 ad
998 4365 1221 4419 Leonem
1253 4363 1542 4417 accedente.

2177 3255 2404 3321 Ἑξείης
2433 3250 2709 3318 ἑκάτερθε
2737 3241 3076 3321 κατηλυσίῃ
3106 3236 3340 3321 (iratior;
3352 3251 3440 3288 τε.

2163 3301 3013 3393 ξάκὲανοῐοςόσον
3042 3301 3468 3393 παραμείϐεται
3488 3301 3661 3393 Ῠδωρ,

2168 3374 2520 3451 ‘b’éEBr'aa'z'
2550 3384 2909 3457 Αὶγοκερῆος
2927 3374 3355 3457 ἀνερχομένοιο
3383 3374 3657 3445 μάλιστα

2166 3467 2469 3535 Καρκίνον
2491 3464 2579 3527 είς
2609 3453 2858 3513 ἀνιόντα
2886 3453 3252 3506 κυλίνδεται.
3273 3484 3289 3499 .
3312 3485 3328 3499 .
3351 3486 3366 3500 .

2241 3577 2407 3650 Δῆλον
2444 3568 2539 3628 οὖν
2568 3572 2634 3624 ὲκ
2664 3568 2888 3630 τούτων,
2921 3566 3005 3618 ὅτι
3038 3561 3106 3616 τά
3148 3556 3387 3630 τροπικὰ
3439 3556 3637 3628 σημεῖα
3677 3551 3723 3601 ἐν

2169 3669 2289 3732 ταῖς
2305 3646 2513 3738 ⁷ἀρχαῖς
2541 3660 2856 3714 ὑποτίθεται
2875 3674 2889 3688 ·
2918 3656 2978 3710 τὸ
3015 3654 3111 3725 μὲν
3134 3655 3190 3706 ὲν
3218 3653 3286 3722 τῇ
3313 3648 3412 3702 τοῦ
3448 3646 3721 3718 Καρκίνου,

2171 3760 2233 3814 τὸ
2261 3760 2304 3812 δ’
2520 3753 2610 3808 τοῦ
2646 3752 2947 3821 Αίγόκερω.
2979 3747 3089 3818 Τὴν
3116 3746 3229 3816 γὰρ
3263 3742 3370 3796 ὑπὸ
3401 3741 3605 3795 τούτων
3634 3735 3724 3788 τῶν

2175 3850 2418 3922 σημείων
2446 3849 2503 3899 ὲν
2521 3847 2641 3907 ταῖς
2664 3839 2947 3901 ἀνατολαῖς
2975 3836 3150 3891 αὐτῶν
3172 3830 3619 3904 ἀποτεμνομένην
3646 3823 3723 3879 τοῦ

2174 3921 2448 4014 ὁρίζοντος
2496 3934 2850 4007 περιφέρειαν
2894 3933 2924 3984 ό
2969 3927 3231 3993 ζωδιακὸς
3274 3923 3582 3979 ἀνατέλλων
3620 3921 3723 3972 ἑπι-

2177 4002 2490 4107 πορεύεται.
2525 4002 2681 4092 Δόξαι
2704 4002 2771 4079 δ’
2805 4026 2871 4077 ἂν
2906 4021 3191 4093 ἐμφαίνειν
3232 4015 3394 4070 τοῦτο
3442 4014 3539 4069 καὶ
3573 4012 3628 4078 ἐξ
3664 4002 3724 4062 ὧν

2178 4128 2307 4200 περὶ
2331 4125 2425 4177 τοῦ
2458 4122 2683 4182 Λέοντος
2710 4117 2885 4185 λέγων
2916 4114 3080 4184 φησίν
3098 4128 3113 4143 ’

2180 4220 2363 4271 Ἔνθα
2382 4216 2500 4284 μὲν
2523 4211 2749 4284 ἠελίοιο
2778 4205 3105 4284 θερείταταί
3130 4206 3249 4284 εἱσι
3280 4200 3573 4284 κέλευθοι.

2174 4268 2337 4344 Δί
2364 4268 2481 4339 nov
2508 4268 3063 4349 ἀσταχύων-’κενεαὶ
3090 4274 3408 4349 φαίνονται
3446 4268 3695 4338 ἄρουραι,

2191 4340 2421 4414 ᾗελίου
2449 4353 2521 4407 τὰ
2552 4340 2753 4419 πρῶτα
2785 4340 3251 4415 συνερχομένοιο
3275 4340 3511 4395 Λέοντι.

583 4482 793 4537 Etenim
824 4481 926 4536 sub
957 4487 1205 4535 exortum
1230 4477 1395 4533 Canis
1416 4483 1584 4531 aestus
1610 4473 1935 4529 intenditur.
1962 4470 2064 4525 Ori‘

2182 4469 2319 4541 Περὶ
2348 4467 2456 4539 γὰρ
2490 4465 2586 4536 τὴν
2616 4462 2710 4515 τοῦ
2748 4459 2923 4523 Κυνὸς
2953 4455 3217 4526 ἀνατολὴν
3263 4454 3360 4508 καὶ
3403 4454 3473 4507 τὰ
3503 4450 3724 4520 καύματα

514 4585 600 4629 tur
627 4589 758 4629 vero
789 4583 911 4642 post
947 4572 1017 4627 50
1059 4573 1278 4626 circiter
1322 4570 1440 4623 dies
1487 4568 1556 4620 ab
1600 4566 1788 4621 aestivo
1821 4563 2079 4620 solstitio.

514 4666 694 4731 Quare
737 4674 861 4734 post
910 4664 1138 4719 totidem
1184 4663 1321 4726 dies,
1354 4677 1421 4715 ex
1477 4660 1623 4714 illius
1669 4658 1947 4729 opinione,
2000 4657 2085 4711 sol

514 4760 712 4815 Leonis
738 4758 897 4829 ι,Ἇο
916 4758 1128 4811 initium
1152 4755 1377 4809 obtinet.
1399 4752 1457 4806 in
1483 4754 1673 4808 eodem
1696 4767 1828 4822 ergo
1850 4750 2086 4807 solstitio

514 4852 710 4905 Cancri
746 4850 1075 4920 principium
1114 4856 1277 4903 tenet.
1309 4849 1484 4915 Atque
1523 4846 1625 4900 hac
1660 4845 1874 4899 ratione
1902 4843 2087 4898 zodia-

516 4960 640 4997 cum
688 4943 957 4997 circulum
1011 4939 1382 4995 mathematici
1425 4945 1637 4995 veteres
1689 4936 2083 5009 propemodum

505 5049 730 5096 -omnes,
763 5040 857 5087 aut
883 5032 1148 5101 plerique,
1181 5030 1367 5100 partiti
1398 5039 1547 5086 sunt.

592 5190 854 5243 Eudoxus
883 5204 1012 5243 vero
1040 5189 1248 5259 tropica
1278 5198 1477 5259 puncta
1506 5204 1566 5245 se
1602 5190 1658 5244 in
1698 5189 1892 5244 mediis
1922 5188 2089 5242 collo-

522 5296 651 5335 care
682 5280 852 5350 signis
887 5279 943 5333 in
971 5280 1086 5334 haec
1114 5280 1279 5335 verba
1320 5289 1550 5337 testatur
1586 5301 1600 5336 :
1639 5301 1657 5332 ι
1691 5280 1977 5336 Secundus
2010 5288 2094 5335 est

522 5371 787 5436 circulus,
820 5369 873 5423 in
906 5387 1015 5440 quo
1063 5373 1447 5428 conversiones
1486 5372 1690 5428 azsﬁvze
1726 5372 1882 5426 ﬁunt.
1926 5370 1987 5425 In
2025 5385 2092 5426 eo

525 5466 709 5541 situm
733 5470 819 5518 est
859 5464 1094 5519 medium
1133 5462 1348 5519 Cancri.
1391 5485 1408 5516 ι
1446 5464 1581 5519 Item
1616 5484 1628 5517 :
1666 5484 1682 5515 ι
1718 5464 1958 5526 Tertius,
1995 5464 2092 5527 ait,

524 5570 610 5616 est
645 5558 908 5620 circulus.
938 5558 992 5613 in
1024 5576 1134 5630 quo
1183 5560 1320 5614 ﬁunt
1361 5559 1709 5629 aequinoctia.
1742 5558 1805 5613 ln
1843 5574 1909 5613 eo
1939 5556 2092 5628 posi-

526 5662 642 5707 tum
672 5660 757 5707 est
787 5650 985 5709 Arietis
1023 5662 1077 5710 et
1120 5654 1413 5709 Chelarum
1444 5652 1703 5705 medium.
1742 5651 2006 5718 Quartus,
2038 5651 2094 5705 in

524 5758 635 5814 quo
671 5743 1055 5802 conversiones
1089 5746 1327 5803 hibernae
1367 5742 1640 5800 accidunt.
1689 5741 1751 5800 In
1799 5758 1866 5800 eo
1905 5742 2095 5814 Capri-

2188 4562 2422 4634 μάλιστα
2450 4557 2681 4625 γίνεται.
2712 4550 2861 4621 Α’ύτη
2902 4550 2958 4602 δὲ
3004 4548 3210 4617 γίνεται
3250 4545 3393 4616 μετά
3436 4544 3481 4597 λ’
3529 4542 3725 4611 ἔγγιστα

2184 4631 2395 4724 ἡμέρας
2422 4646 2528 4701 ἀπὸ
2554 4645 2654 4714 τῆς
2678 4642 2895 4714 θερινῆς
2928 4638 3155 4710 τροπῆς.
3178 4635 3335 4690 Μετὰ
3363 4633 3623 4694 τοσαύτας
3642 4631 3724 4699 ἄρα

2186 4714 2398 4814 ’ἡμέρας
2445 4738 2671 4806 ἔγγιστα
2714 4733 2836 4787 κατ’
2866 4731 3025 4784 αὐτὸν
3053 4731 3081 4783 ὁ
3111 4727 3260 4798 ἣλιος
3283 4727 3342 4779 ὲν
3375 4728 3443 4796 τῇ
3490 4724 3626 4795 ἀρχῇ
3653 4714 3723 4770 τοῦ

2188 4808 2415 4894 Ᾰέοντος
2467 4829 2699 4897 γίνεται.
2746 4824 2834 4877 Ἐν
2884 4821 3054 4891 ταύτῃ
3103 4822 3168 4889 τῇ
3218 4819 3398 4888 τροπῇ
3443 4815 3616 4868 τοίνυν
3652 4808 3725 4877 τὴν

2190 4920 2363 4993 ἀρχὴν
2393 4917 2578 4987 ἐπέχει
2630 4913 2721 4967 τοῦ
2753 4910 3053 4981 Καρκίνου.
3088 4908 3200 4962 Καὶ
3239 4906 3346 4960 ὑπὸ
3383 4906 3495 4960 τῶν
3518 4899 3724 4975 ἀρχαίων

2190 5013 2249 5066 δὲ
2289 5005 2684 5082 μαθηματικῶν
2732 5004 2947 5057 πάντων
2989 5000 3206 5071 σχεδὸν,
3238 4999 3273 5070 ἢ
3316 4998 3428 5051 τῶν
3461 4996 3724 5049 πλείστων.

2192 5100 2380 5155 τοῦτον
2415 5099 2503 5153 τὸν
2530 5097 2729 5169 τρόπον
2753 5098 2782 5148 ὁ
2809 5092 3069 5159 ζωδιακὸς
3094 5089 3294 5153 κύκλος
3315 5087 3560 5160 διῄρητο.

2266 5194 2387 5244 "(in
2409 5190 2467 5243 δὲ
2494 5167 2720 5252 Εὔδοξος
2744 5185 2811 5239 τὰ
2846 5182 3081 5256 τροπικὰ
3110 5183 3313 5251 σημεῖα
3338 5179 3480 5233 κατά
3516 5174 3643 5248 μέσα
3672 5167 3725 5221 τὰ

2194 5283 2362 5349 ζὼδια
2391 5282 2592 5352 τίθησι,
2630 5279 2787 5350 δῆλον
2818 5274 3084 5330 ποιείηδιά
3113 5273 3318 5326 τούτων
3339 5291 3352 5305 υ
3384 5270 3659 5338 (Δεύτερος
3680 5256 3722 5312 δέ

2195 5375 2313 5427 ἐστι
2335 5350 2552 5435 κύκλος,
2582 5373 2639 5423 ὲν
2664 5363 2708 5437 ᾧ
2732 5366 2939 5439 θεριναὶ
2961 5364 3159 5435 τροπαὶ
3186 5365 3445 5431 γίνονται.
3464 5360 3607 5412 Ἔστι
3625 5353 3663 5405 δ’
3681 5350 3727 5400 ἐν
3756 5384 3789 5427 κ.

2194 5464 2370 5534 τούτῳ
2410 5462 2477 5515 τὰ
2522 5461 2663 5531 μέσα
2712 5456 2808 5511 τοῦ
2852 5453 3146 5526 Καρκίνου.
3176 5472 3194 5504 ι
3242 5452 3354 5505 Καὶ
3390 5448 3545 5503 «nam
3592 5438 3725 5513 φησί’

2203 5577 2223 5610 ι
2246 5555 2438 5628 Τρίτος
2463 5554 2509 5607 δ’
2540 5552 2654 5606 ἐστί
2681 5551 2899 5617 κύκλος,
2936 5552 2996 5603 ὲν
3026 5542 3070 5618 ᾧ
3095 5549 3151 5600 αἰ
3183 5543 3463 5616 ἰσημερίαι
3503 5540 3726 5608 γίνονται-

2203 5652 2359 5705 Ἐστι
2388 5650 2432 5703 δ’
2460 5651 2516 5702 ὲν
2544 5646 2717 5718 τούτῳ
2749 5645 2818 5699 τά
2846 5661 2906 5705 τε
2940 5641 3033 5696 τοῦ
3065 5638 3239 5712 Κριοῦ
3273 5637 3415 5709 μέσα
3443 5635 3531 5689 καὶ
3555 5628 3617 5683 τὰ
3643 5623 3733 5676 τῶν

2198 5741 2416 5815 Χηλῶν.
2452 5739 2723 5811 Τέταρτος
2755 5736 2836 5804 δὲ,
2864 5736 2921 5815 έν
2943 5728 2990 5805 ᾧ
3019 5731 3331 5806 χειμεριναὶ
3368 5725 3561 5801 τροπαὶ
3582 5719 3732 5791 τίνα’
