3816 6312
477 337 608 394 1071

1453 315 1546 374 AD
1574 311 1842 374 EUSEBII
1876 309 2271 369 CHRONICON
2296 306 2655 365 APPENDIX.

3575 295 3599 352 1
3609 292 3711 351 OH

479 456 553 510 ris
603 460 791 518 tenus;
834 452 1161 519 serpentem,
1195 436 1717 512 quem'Ophiuchus
1767 440 1934 497 tenet,
1976 432 2043 485 ad

2179 429 2237 483 δν
2265 430 2322 483 δὲ
2361 426 2641 497 Ὀφιοῦχον
2688 423 2793 487 ἕως
2830 420 2938 476 τῶν
2985 418 3178 488 ὤμωνδ
3216 415 3306 468 τδν
3340 413 3400 467 δὲ
3441 411 3624 480 Ὄφιν,
3654 410 3713 463 δν

479 561 654 619 usque
687 545 921 610 collum;
948 534 1360 608 Arctophylacis
1398 531 1631 603 amplius
1677 534 1832 599 parte
1878 526 2042 581 dimi-

477 616 589 693 dia.
621 636 703 691 Ad
738 635 854 691 haec
881 645 1075 687 zonam
1105 627 1324 684 Orionis
1353 621 1652 679 secundum
1684 621 1940 673 humeros
1970 616 2046 669 ait

478 728 703 785 exoriri.
743 723 1015 791 Quocirca
1060 718 1506 775 constellationes
1560 713 1680 767 ista;
1725 724 1937 771 omnes,
1988 714 2046 761 ut

479 819 570 873 ille
600 821 807 876 censet,
840 827 962 867 cum
991 808 1238 865 Geminis
1289 806 1486 876 partim
1532 802 1808 863 oriuntur,
1844 798 2045 868 partim

476 925 544 965 ex
592 909 822 963 adverso
853 901 1130 958 occidunt.
1175 901 1245 954 At
1281 898 1540 961 Eudoxus
1573 907 1765 948 omnes
1803 889 2050 945 illas're-

478 1014 732 1063 censons,
767 1012 888 1068 quae
914 995 1020 1051 sub
1052 993 1265 1047 initium
1300 989 1602 1045 occidentis
1628 983 1829 1041 Cancri
1881 995 2050 1051 supra

475 1102 683 1147 terram
722 1089 986 1151 eminent,
1017 1085 1093 1139 ait
1142 1093 1315 1139 totum
1364 1079 1732 1152 lngeniculum
1764 1090 1886 1132 esse
1917 1087 2051 1128 con-

476 1182 729 1253 spicuum
761 1197 776 1233 :
807 1180 1077 1233 Coronam
1129 1188 1349 1244 quoque
1387 1169 1707 1234 dimidiam;
1756 1162 2053 1234 Arctophy-

480 1275 615 1330 lacis
636 1281 690 1328 et
712 1270 982 1343 Ophiuclii
1006 1267 1221 1338 capita;
1255 1280 1361 1321 una
1389 1279 1512 1318 cum
1556 1260 1730 1315 cauda
1758 1255 2050 1328 serpentis,

481 1368 573 1440 qui
601 1381 763 1421 manu
790 1371 1059 1434 gestatur.
1089 1359 1228 1414 Tum
1252 1359 1321 1414 ad
1354 1365 1600 1412 austrum
1625 1353 1882 1409 Orionem
1913 1350 2054 1405 inte-

480 1473 659 1530 grum,
688 1463 745 1510 et
774 1453 843 1509 de
882 1452 1108 1508 australi
1134 1450 1306 1508 'Pisce
1334 1449 1481 1520 quod
1508 1453 1593 1503 est
1630 1442 1933 1501 secundum
1961 1454 2055 1493 ca-

470 1558 599 1621 put.

552 1647 633 1697 Ac
669 1640 739 1696 de
778 1639 997 1696 Corona
1039 1634 1262 1706 quidem
1311 1637 1680 1686 consentanea
1717 1623 1934 1680 veritati
1971 1627 2057 1675 est

485 1735 635 1792 Arati
673 1732 963 1793 sententia,
992 1725 1266 1797 siquidem
1314 1722 1371 1777 in
1414 1718 1636 1776 Graecia:
1680 1724 1859 1771 tractu
1908 1712 2055 1769 occi-

2146 520 2258 592 ἔχει
2280 523 2309 575 δ
2350 519 2652 589 Ὀφιοῦχος,
2684 516 2790 579 ἓως
2824 514 2918 567 τοῦ
2964 509 3218 582 αύχένος’
3254 505 3349 561 τοῦ
3389 504 3448 558 δὲ
3500 504 3713 574 Ἄρκτο-

2147 614 2385 685 φύλακος
2436 612 2597 665 πλέον
2649 609 2815 680 μέρος
2859 604 2893 676 ἢ
2939 603 2999 656 τὸ
3045 603 3236 673 ἥμισυ,
3280 596 3619 652 ’Δνατέλλειν
3661 594 3715 646 δέ

2147 723 2279 778 φησι
2304 704 2397 758 τοῦ
2436 702 2688 774 Ὠρίωνος
2716 698 2814 771 τὴν
2859 695 3035 764 ζώνην
3070 691 3209 746 κατὰ
3237 691 3366 753 τοὺς
3393 687 3603 759 ὤμους.
3640 686 3714 738 Τά

2148 774 2412 868 εἰρημένα
2436 792 2619 847 τοίνυν
2658 789 2834 858 ἄστρα
2870 788 2984 847 τοῖς
3019 781 3269 852 Διδύμοις
3300 779 3423 833 κατ’
3459 776 3655 839 αὑτὸν,
3684 774 3718 828 ἀ

2152 865 2678 960 μέντσυνανατέλλει,
2700 880 2736 934 ἃ
2756 879 2813 933 δὲ
2844 874 3274 933 ἀντικαταδύνει.
3301 873 3361 924 'O
3385 870 3445 922 δὲ
3477 865 3716 929 Εὔδοξος,

2149 958 2610 1051 ἐξαριθμούμενος
2659 974 2760 1027 ὅσα
2794 970 2945 1024 ἐστὶν
2975 966 3117 1038 ὑπὲρ
3144 965 3267 1034 γῆς,
3301 961 3400 1015 τοῦ
3450 958 3718 1030 Καρκίνον

2151 1048 2450 1140 ἀρίσμένου
2496 1061 2805 1118 ἀνατέλλειν
2824 1099 2839 1125 ,
2872 1058 3008 1129 φησὶ
3060 1056 3152 1110 τὸν
3202 1055 3291 1107 Ἐν
3338 1051 3570 1121 γόνασιν
3611 1048 3719 1102 ὅλον

2152 1156 2290 1213 εἶναι
2316 1156 2578 1229 φανερόν⁸
2613 1153 2706 1209 τοῦ
2731 1154 2789 1207 δὲ
2836 1150 3107 1220 Στεφάνου
3135 1147 3196 1200 τὸ
3241 1147 3413 1217 ἥμισυ
3434 1160 3449 1173 ο
3497 1144 3595 1194 καὶ
3629 1140 3720 1211 τὴν

2152 1250 2246 1306 τοῦ
2281 1246 2719 1320 Ἀρκτοφύλακος
2742 1241 3013 1312 κεφαλήν·
3050 1239 3143 1292 καὶ
3174 1237 3271 1308 τὴν
3302 1234 3397 1288 τοῦ
3443 1231 3719 1301 ὐφιούχου

2154 1340 2424 1411 κεφαλήν’
2460 1337 2556 1391 καὶ
2584 1336 2681 1406 τὴν
2722 1332 2891 1405 ούράν
2923 1329 3019 1384 τοῦ
3059 1326 3316 1398 ἐχομένου
3355 1325 3608 1392 Ὄφεωςο
3639 1322 3722 1373 τὸν

2153 1434 2211 1488 δὲ
2240 1432 2378 1505 πρὸς
2402 1430 2554 1485 νότον
2606 1426 2835 1498 Ὠρίωνα
2862 1424 3008 1479 ὅλον
3045 1421 3140 1475 καὶ
3173 1417 3269 1471 τοῦ
3303 1416 3486 1472 νοτίου
3530 1413 3723 1484 Ἰχθύος

2155 1525 2214 1581 τὸ
2247 1523 2385 1595 πρὸς
2416 1522 2514 1593 τὴν
2547 1518 2811 1589 κεφαλήν.

2236 1617 2296 1670 'O
2331 1615 2430 1686 μὲν
2454 1609 2546 1668 οὖν
2580 1610 2849 1679 Στέφανος
2888 1606 3029 1660 κατά
3079 1604 3172 1659 τὸν
3219 1603 3458 1672 Ἀρατον
3509 1598 3725 1666 ἔγγιστα

2160 1707 2474 1780 ωμφωνεῖο
2521 1707 2579 1758 έν
2626 1702 2736 1773 γάρ
2787 1703 2901 1763 τοῖς
2961 1696 3092 1769 περὶ
3134 1695 3233 1765 τὴν
3267 1692 3498 1746 Ἑλλάδα
3550 1690 3723 1751 τόποις

480 1825 615 1883 dere
638 1823 831 1894 incipit
861 1775 1162 1876 orienteIQS
1186 1822 1342 1886 parte
1365 1806 1716 1867 Geminorum
1740 1826 1754 1875 ;
1787 1813 1899 1861 tota
1924 1820 2055 1859 vero

2178 1775 2381 1873 ἱργεται
2415 1798 2514 1870 μὲν
2540 1794 2716 1849 δύνειν
2760 1789 3153 1858 ἀνατελλούσης
3179 1793 3229 1856 γ’
3257 1785 3355 1840 καὶ
3392 1790 3440 1836 κ’
3478 1783 3585 1853 μοί.
3625 1782 3726 1833 τᾶν

480 1914 773 1974 descendit
799 1912 1009 1968 oriente
1037 1915 1232 1981 quarta
1260 1904 1459 1962 Cancri
1509 1912 1681 1972 parte.
1713 1898 1821 1954 Sed
1845 1896 2056 1951 Eudoxi

490 2008 633 2064 ratio
686 2004 975 2076 perspicue
1031 2000 1308 2070 discrepat
1347 2015 1361 2053 :
1400 1994 1554 2066 12],
1616 1990 2058 2063 quandoquidem

492 2100 707 2155 initium
751 2098 820 2152 ab
847 2111 914 2151 eo
945 2093 1141 2149 Cancri
1193 2092 1250 2146 in
1298 2089 1480 2145 medio
1509 2086 1860 2142 Geminorum
1903 2082 2058 2151 signo

493 2193 734 2265 ponitur.
763 2188 920 2257 Quod
960 2195 1021 2241 ut
1062 2185 1281 2241 assidue
1312 2181 1469 2237 nobis
1497 2190 1929 2235 commemorare
1963 2189 2062 2228 ne-

494 2302 650 2341 cesse
694 2299 804 2337 non
855 2282 946 2343 sit,
987 2278 1123 2334 illud
1171 2277 1426 2333 universe
1471 2270 1765 2329 tenendum
1802 2276 1907 2333 est,
1937 2281 2059 2322 cum

495 2392 606 2430 non
657 2372 848 2429 eodem
893 2380 1124 2441 uterque
1172 2366 1336 2423 modo
1388 2364 1543 2435 signa
1593 2359 1904 2423 describat,
1950 2371 2062 2412 non

496 2477 657 2533 posse
684 2475 810 2515 cum
834 2459 1100 2513 ambobus
1126 2455 1502 2527 apparentium
1529 2450 1905 2522 experimenta
1933 2462 2065 2503 cou-

496 2569 712 2626 gruere.
744 2553 882 2608 Illud
914 2552 1139 2623 insuper
1169 2549 1474 2605 habendum
1505 2557 1607 2607 est.
1640 2559 1760 2615 quas
1802 2543 1869 2598 ad
1910 2549 2066 2597 ortus

497 2645 790 2717 pertinent,
813 2642 1006 2713 paucis
1034 2640 1297 2711 exceptis,
1328 2638 1517 2694 eodem
1550 2637 1618 2690 ab
1648 2643 1882 2705 utroque
1903 2632 2067 2688 modo

500 2737 788 2808 perscribi.
833 2734 1035 2789 Aratus
1082 2733 1227 2788 enim
1274 2730 1485 2786 Eudoxi
1536 2728 1780 2799 vestigiis
1819 2726 2065 2781 inhaeret.

2155 1893 2404 1964 Διδύμων
2425 1907 2438 1921 ·
2470 1889 2589 1952 ὅλος
2615 1887 2674 1942 δὲ
2699 1885 2845 1940 δύνει
2871 1880 3268 1950 ἀνατελλούσης
3297 1878 3398 1950 τῆς
3421 1876 3465 1929 δ’
3500 1876 3610 1946 μοι.
3638 1873 3726 1926 τοῦ

2156 1984 2459 2056 Καρκίνου.
2508 1977 2667 2034 Κατά
2720 1975 2974 2048 μέντοιγε
3021 1972 3115 2026 τὸν
3152 1969 3383 2037 Εῦδοξον
3426 1968 3607 2038 δῆλον,
3653 1966 3726 2019 ὅτι

2157 2074 2443 2144 διαφωνεῖο
2477 2069 2712 2138 ἐπείπερ
2747 2068 2781 2136 ἡ
2821 2064 2962 2136 ἀρχὴ
2989 2062 3082 2117 τοῦ
3115 2060 3395 2134 Καρκίνου
3426 2060 3547 2114 κατ’
3575 2059 3727 2112 αὐτὸν

2160 2165 2301 2220 κατά
2320 2165 2486 2236 μέσον
2506 2162 2621 2216 ἐστὶ
2638 2157 2730 2213 τοῦ
2746 2157 2853 2212 τῶν
2864 2156 3108 2227 Διδύμων
3122 2150 3730 2224 δωδεκατημορίου.”1να

2160 2254 2217 2307 δὲ
2245 2252 2319 2325 μὴ
2350 2251 2642 2312 διαπαντὸς
2670 2244 3162 2318 ὲπισημαινώμεθα
3193 2243 3384 2307 τοῦτο,
3418 2241 3729 2312 διαληπτέον

2162 2345 2413 2408 καθόλου,
2435 2343 2570 2397 διότι
2606 2342 2682 2413 μὴ
2721 2340 2925 2411 ὁμοίως
2963 2336 3375 2407 ἀναγράφουσιν
3410 2333 3729 2405 ἀμφοτέροις

2163 2438 2224 2493 ού
2252 2435 2475 2489 δυνατὸν
2510 2433 2754 2504 ἑκατέρῳ
2778 2428 2958 2483 αὐτῶν
2979 2428 3292 2499 συμφωνεῖν
3314 2427 3375 2479 τὸ
3395 2424 3727 2494 φαινόμενον.

2165 2532 2255 2585 Δεῖ
2297 2529 2355 2583 δὲ
2386 2529 2607 2583 κάκεῖνο
2654 2525 3008 2595 διειληφέναι,
3034 2522 3166 2577 διότι
3215 2520 3398 2576 πάντα
3442 2517 3563 2589 μὲν,
3601 2514 3730 2584 πλὴν

2165 2623 2360 2693 ὀλίγων
2396 2620 2588 2685 τινῶν,
2651 2619 2850 2690 ὁμοίως
2908 2615 3207 2688 ἀμφότεροι
3254 2611 3631 2684 ἀναγράφουσι
3670 2606 3729 2659 τὰ

2168 2718 2299 2789 περὶ
2326 2717 2426 2779 τὰς
2460 2713 2742 2776 ἀνατολάς.
2795 2713 2852 2765 '0
2905 2710 3015 2782 γὰρ
3052 2710 3288 2781 ’Ἄρατος
3336 2709 3454 2770 τοῖς
3501 2704 3608 2758 ὑπὸ
3647 2700 3730 2754 τοῦ

502 2791 704 2884 ierunt
730 2826 1071 2882 adArateam
1096 2822 1308 2880 zodiaci
1335 2791 1879 2893 partitionemvmagis
1904 2829 2068 2888 quam

2178 2804 2396 2869 Εὐδόξου
2419 2803 2731 2874 λεγομένοις
2757 2799 3112 2870 ἠκολούθηκε.
3144 2794 3505 2867 Συμφωνοῦσι
3535 2791 3732 2864 μέντοιο

499 2920 571 2974 ad
598 2919 934 2982 Eudoxeam,
964 2923 1253 2972 coortuum
1295 2883 1364 2968 ab
1416 2913 1525 2967 illis
1567 2883 1893 2965 traditurum
1923 2883 2068 2962 ratio

2178 2915 2235 2968 γε
2279 2899 2334 2952 αἱ
2384 2898 2474 2951 ὑπ’
2523 2895 2703 2951 αὐτῶν
2737 2890 3221 2964 ἀναγεγραμμέναι
3277 2883 3635 2941 συνανατολαὶ
3673 2883 3731 2952 τῇ

499 3010 758 3064 convenit
796 3028 809 3064 :
846 3007 990 3078 quod
1018 3021 1087 3062 ex
1120 3005 1189 3060 iis
1227 3003 1318 3059 ﬁet
1368 3001 1633 3071 apertius,
1668 3013 1789 3069 quae
1834 2996 1903 3052 de
1951 2996 2068 3052 istis

2178 2990 2312 3045 κατὰ
2353 2989 2449 3043 τὸν
2483 2990 2720 3061 Ἀρατον
2757 2986 2957 3060 μᾶλλον
2996 2983 3091 3038 τοῦ
3139 2978 3414 3047 ζωδιακοῦ
3438 3043 3446 3050 γ
3467 2976 3732 3048 διαιρέσει,

504 3101 826 3173 singillatim
852 3098 1270 3170 explicabimus.

577 3255 885 3313 Australem
924 3268 1089 3326 porro
1112 3251 1325 3310 Piscem
1363 3251 1573 3321 majore
1605 3248 1689 3305 sui
1717 3255 1873 3317 parte
1904 3258 2073 3316 supra

509 3357 708 3405 terram
760 3354 973 3418 oportet
1016 3354 1252 3408 exstare,
1284 3361 1392 3400 non
1437 3358 1501 3399 ea
1542 3337 1919 3395 tantummodo
1955 3351 2076 3407 qua;

507 3452 638 3497 sunt
661 3440 843 3497 vicina
867 3438 1055 3510 capiti,
1082 3446 1143 3490 ut
1176 3434 1285 3488 illis
1315 3433 1540 3503 placuit.
1570 3429 1784 3484 Etenim
1822 3425 2077 3481 occidere

509 3533 701 3602 incipit
733 3533 823 3587 ille
854 3530 1207 3585 Geminorum
1244 3525 1457 3581 oriente
1497 3522 1533 3576 4
1561 3530 1764 3596 ,ρωπος
1799 3525 2075 3590 postremo

509 3623 652 3678 idem
683 3619 884 3675 occidit
904 3620 1114 3675 oriente
1143 3617 1341 3673 Cancri
1376 3616 1465 3670 18.

581 3712 883 3784 lngeniculi
937 3726 1070 3767 vero
1138 3710 1317 3766 solum
1367 3708 1481 3777 jam
1531 3713 1696 3776 caput
1740 3704 1962 3766 occidit,
2023 3710 2079 3758 et

506 3807 702 3860 dexter
757 3804 1016 3858 humerus
1071 3816 1197 3857 cum
1256 3815 1467 3866 manu;
1514 3799 1738 3855 sinister
1794 3798 2076 3859 humerus,

508 3895 893 3967 reliquumque
918 3909 1120 3965 corpus
1163 3907 1327 3963 supra
1372 3902 1570 3947 terram
1616 3888 1795 3945 adhuc
1842 3888 2077 3944 exsistit.

516 3986 651 4042 Nam
696 3986 979 4057 occidente
1024 3987 1215 4043 dextro
1248 3987 1497 4049 humero,
1527 3983 1599 4038 27
1650 3999 1777 4054 pars
1822 3980 2079 4038 Gemino-

516 4094 638 4134 rum
692 4079 920 4146 oritur;
976 4079 1204 4135 sinistro
1261 4092 1393 4133 vero
1451 4075 1835 4140 descendente,
1905 4072 2081 4126 oritur

510 4180 707 4228 octava
755 4186 885 4244 pars
932 4171 1172 4237 Cancri,
1235 4177 1290 4226 et
1355 4184 1477 4239 quae
1533 4176 1662 4223 sunt
1713 4167 1767 4220 in
1818 4166 2082 4221 lateribus

514 4269 642 4333 post
691 4262 942 4318 dextrum
1003 4261 1289 4315 humerum
1346 4259 1523 4314 adhuc
1589 4257 1862 4311 oriuntur.
1922 4252 2083 4308 Falso

518 4356 701 4424 itaque
724 4354 861 4408 dixit
892 4353 1094 4408 Aratus
1129 4353 1241 4424 jam
1286 4352 1433 4407 illius
1462 4358 1671 4422 partem
1700 4364 1732 4403 a
1760 4356 1950 4403 ventre
1985 4362 2083 4401 ca-

520 4446 629 4515 pite
653 4453 817 4500 tenus
845 4444 1137 4501 occidisse.
1912 4424 1915 4425 ν

593 4539 665 4593 De
694 4534 978 4608 Ophiucho
1018 4545 1167 4594 recte
1195 4536 1440 4593 sentiunt
1467 4536 1670 4590 Aratus
1707 4541 1762 4589 et
1797 4530 2082 4587 Eudoxus.

520 4628 728 4700 Quippe
766 4630 977 4686 humeri
1007 4646 1077 4685 ex
1100 4630 1332 4685 adverso
1378 4627 1729 4682 Geminorum
1782 4625 2084 4688 occidunt;

520 4735 640 4792 quze
670 4736 801 4776 vero
827 4728 911 4776 est
958 4721 1016 4776 in
1048 4722 1247 4792 capite,
1290 4720 1490 4776 occidit
1535 4719 1748 4773 oriente
1801 4716 2086 4771 undecima

514 4811 715 4867 Cancri
744 4822 924 4882 parte.

598 4990 908 5061 Serpentis,
953 5005 1114 5061 quem
1164 4995 1311 5043 tenet
1355 4984 1706 5058 Ophiuchus,
1756 4987 1873 5042 sola
1922 5001 2091 5056 supra

522 5086 724 5134 terram
769 5080 965 5143 cauda,
1018 5086 1080 5131 ut
1108 5079 1275 5132 sentit
1306 5076 1585 5142 Eudoxus,
1617 5094 1749 5140 non,
1789 5085 1849 5129 ut
1874 5076 2092 5141 Aratus,

525 5177 691 5239 caput
717 5170 952 5225 exsistit.
987 5167 1199 5222 Etenim
1241 5176 1404 5237 caput
1439 5169 1609 5238 ipsius
1643 5166 1843 5224 occidit
1894 5167 2090 5222 mediis

528 5259 641 5315 fere
677 5260 925 5316 Geminis
968 5259 1271 5314 orientibus
1325 5280 1338 5315 :
1391 5276 1511 5331 qua:
1559 5268 1741 5315 autem
1783 5266 1867 5315 est
1907 5261 1963 5316 in
1993 5276 2093 5316 ex-

524 5360 702 5407 trema
726 5351 930 5416 cauda,
950 5349 1160 5406 occidit
1185 5352 1392 5408 oriente
1420 5358 1572 5423 parte
1601 5352 1800 5407 Cancri
1833 5352 1887 5405 9.

604 5531 692 5586 Vl.
714 5532 787 5586 De
810 5531 1198 5606 Arctophylace
1224 5550 1449 5606 prorsus
1470 5536 1901 5595 hallucinantur.
1930 5540 2094 5595 Asse—

641 5710 688 5744 "
712 5713 755 5784 [ο
786 5713 950 5787 ειπερ-

2099 3110 2144 3169 c
2173 3082 2331 3153 εἴπερ
2350 3081 2396 3114 ⁷⁵
2434 3081 2575 3135 κατά
2628 3080 2717 3136 τὸν
2746 3077 3001 3145 Εὔδοξον·
3034 3075 3183 3128 ἔσται
3225 3073 3283 3126 δὲ
3327 3071 3491 3126 τοῦτο
3521 3066 3735 3139 φανερὸν

2173 3174 2240 3228 ἐκ
2267 3172 2375 3227 τῶν
2401 3172 2542 3228 κατά
2577 3172 2741 3245 μέρος
2772 3171 2900 3242 περὶ
2927 3167 3105 3223 αὐτῶν
3146 3162 3561 3238 ῥηθησομένων.

2242 3265 2348 3319 Τοῦ
2386 3264 2445 3318 δὲ
2471 3264 2646 3318 νοτίου
2678 3261 2878 3333 ’ἰχθύος
2908 3260 2969 3314 τὸ
3010 3259 3260 3313 πλεῖστον
3298 3256 3469 3326 μέρος
3497 3252 3579 3306 δεῖ
3609 3249 3737 3319 ὑπὲρ

2168 3361 2274 3431 γῆν
2300 3353 2461 3422 εἶναι,
2486 3357 2581 3411 καὶ
2608 3356 2726 3426 οὐχὶ
2748 3355 2809 3408 τὸ
2835 3353 2972 3424 πρὸς
2994 3353 3061 3423 τῇ
3089 3348 3301 3420 κεφαλῇ
3331 3346 3515 3417 μόνον⁹
3545 3344 3618 3407 ὥς
3644 3358 3737 3411 φα.

2174 3467 2278 3505 σιν.
2314 3450 2575 3522 Ἀρχεται
2616 3448 2713 3519 μὲν
2745 3446 2855 3519 γάρ
2886 3443 3084 3508 δύνειν,
3130 3441 3538 3511 ἀνατελλούσης
3566 3440 3606 3492 δ’
3637 3436 3737 3510 μοί.

2175 3542 2454 3613 Διδύμωνα
2503 3540 2730 3611 ἔσχατον
2770 3536 2830 3591 δὲ
2873 3535 3039 3600 δύνει,
3084 3530 3489 3604 ἀνατελλούσης
3536 3530 3632 3601 τῆς
3678 3524 3737 3595 ιη’

2182 3633 2292 3705 μοί.
2324 3631 2417 3687 τοῦ
2448 3631 2748 3704 Καρκίνου.

2249 3725 2354 3780 Τοῦ
2381 3725 2426 3779 δ’
2467 3725 2555 3779 Ἐν
2577 3723 2800 3793 γόνασιν
2832 3723 2867 3794 ὴ
2911 3719 3119 3791 κεφαλὴ
3157 3719 3317 3790 μόνον
3361 3717 3570 3780 δέδυκε,
3602 3712 3687 3767 καὶ
3714 3709 3739 3760 ὁ

2175 3817 2345 3885 δεξιὸς
2371 3810 2520 3888 ὦμος
2550 3816 2649 3869 σὺν
2670 3818 2739 3887 τῇ
2768 3813 2944 3885 χειρί·
2988 3815 3018 3864 ὁ
3062 3810 3107 3864 δ’
3140 3807 3432 3880 ἀριστερὸς
3470 3803 3616 3878 ὦμος
3650 3802 3739 3856 καὶ

2176 3909 2237 3962 τὸ
2260 3906 2445 3961 λοιπὸν
2471 3905 2629 3976 σῶμα
2658 3904 2738 3957 ἔτι
2777 3904 2925 3957 ἐστὶν
2947 3900 3085 3973 ὑπὲρ
3114 3897 3239 3972 γῆν.
3269 3900 3378 3953 Τοῦ
3404 3900 3505 3971 μὲν
3533 3898 3635 3968 γὰρ
3659 3894 3739 3946 δε-

2180 3999 2294 4067 ξιοῦ
2344 3996 2494 4068 ὤμου
2547 3995 2793 4059 δύνοντος
2832 3993 3109 4047 ἀνατέλλει
3134 3994 3168 4063 ἡ
3197 3988 3241 4057 ζ’
3275 3992 3373 4045 καὶ
3424 3997 3475 4045 κ’
3517 3990 3620 4062 μοῖ.
3641 3984 3741 4038 τῶν

2181 4089 2459 4160 Διδύμων·
2497 4085 2593 4140 τοῦ
2627 4087 2683 4139 δὲ
2714 4082 3006 4157 ἀριστεροῦ
3045 4082 3197 4154 ὤμου
3232 4081 3508 4144 δύνοντος,
3539 4073 3740 4134 ἀνατέλ-

2181 4180 2261 4234 λει
2294 4183 2326 4251 ἡ
2366 4185 2415 4250 η’
2443 4180 2553 4249 μοῖ.
2585 4175 2681 4230 τοῦ
2705 4177 2981 4249 Καρκίνου
3001 4192 3015 4205 ο
3062 4172 3156 4228 τοῦ
3193 4173 3250 4228 δὲ
3279 4172 3456 4241 δεξιοῦ
3486 4171 3625 4241 ὦμον
3668 4167 3741 4219 ἔτι

2185 4271 2407 4340 ὕστερον
2439 4268 2686 4321 δύνουσιν
2730 4266 2782 4319 οί
2814 4267 2873 4320 ὲν
2900 4268 3022 4330 ταῖς
3068 4266 3354 4337 πλευραῖς.
3401 4265 3517 4318 Οὐκ
3545 4263 3643 4331 ἄρα
3687 4255 3742 4308 τὸ

2186 4360 2296 4416 ἀπὸ
2320 4360 2419 4431 τῆς
2453 4357 2689 4430 γαστρὸς
2720 4358 2883 4430 μέρος
2918 4358 3082 4412 αὑτοῦ
3112 4358 3217 4421 ἕως
3245 4357 3348 4426 τῆς
3394 4354 3625 4427 κεφαλῆς
3660 4350 3742 4404 δέ-

2112 4454 2158 4509 D
2185 4453 2364 4516 δυκεν,
2398 4451 2474 4514 ὼς
2502 4450 2739 4523 ’Ἄρατός
2765 4466 2920 4520 φησι.

2257 4543 2337 4596 Τά
2382 4543 2439 4596 δὲ
2477 4542 2608 4615 περὶ
2643 4543 2734 4596 τὸν
2777 4542 3054 4613 Ὀφιοῦχον
3095 4541 3405 4611 συμφώνως
3457 4533 3744 4593 ἀποδιδόαπ

2186 4632 2264 4703 τῷ
2295 4631 2604 4703 φαινομένῳ
2633 4633 2661 4684 ὅ
2706 4648 2767 4684 τε
2812 4633 3047 4703 ’Ἄρατος
3073 4632 3166 4684 καὶ
3195 4634 3224 4684 ὁ
3257 4628 3508 4694 Εὔδοξος.
3551 4627 3608 4679 Oi
3649 4624 3743 4694 μὲν

2186 4723 2296 4793 γὰρ
2328 4715 2468 4792 ὦμοι
2507 4723 2620 4786 τοῖς
2660 4722 2912 4794 Διδύμοις
2948 4720 3496 4775 ἀντικαταδύνουσιν·
3532 4720 3560 4771 ό
3595 4715 3647 4768 δὲ
3693 4713 3745 4764 ἐν

2187 4815 2254 4883 τῇ
2288 4812 2494 4884 κεφαλῇ
2522 4812 2689 4880 δύνει,
2716 4810 3108 4882 ἀνατελλούσης
3138 4811 3238 4881 τῆς
3271 4816 3339 4864 ια¹
3365 4810 3477 4881 μοί.
3503 4806 3590 4861 τοῦ
3612 4805 3747 4874 Kay-

2189 4905 2362 4962 κίνου.

2262 4996 2367 5050 Τοῦ
2395 4997 2453 5050 δὲ
2482 4998 2718 5066 Ὄφεως,
2746 4996 2806 5050 ὃν
2833 4994 2945 5066 ἔχει
2978 4996 3008 5048 ό
3051 4993 3357 5064 Ὀφιοῦχος,
3385 4993 3421 5064 ἠ
3443 4989 3571 5063 οὐρὰ
3597 4987 3749 5058 μόνον

2192 5090 2333 5161 ὑπὲρ
2361 5090 2465 5161 γῆς
2499 5090 2668 5155 ἐστιν,
2701 5088 2777 5153 ὡς
2817 5090 2846 5141 ό
2890 5086 3116 5153 Εὔδοξός
3157 5102 3314 5156 φησι,
3349 5085 3446 5138 καὶ
3471 5084 3563 5153 οὐχ
3596 5080 3627 5150 ἡ
3658 5095 3749 5133 κε·

2194 5181 2358 5253 φαλὴ,
2490 5182 2520 5233 ό
2554 5182 2810 5252 Ἄρατος.
2852 5176 2919 5231 Ἦ
2954 5177 3051 5248 μὲν
3082 5177 3191 5248 γὰρ
3216 5175 3433 5247 κεφαλὴ
3467 5169 3615 5229 αὐτοῦ
3658 5167 3748 5221 δύ-

2193 5290 2294 5337 νει,
2332 5272 2729 5327 ἀνατελλόντων
2775 5270 2954 5343 μέσων
2987 5268 3225 5340 μάλιστα
3267 5267 3379 5322 τῶν
3422 5262 3652 5333 Διδύμων
3676 5274 3693 5289 ⁵
3724 5259 3749 5309 ὀ

2193 5362 2249 5416 δὲ
2283 5366 2339 5416 ὲν
2381 5362 2526 5435 ἄκρα
2553 5367 2620 5436 τῇ
2650 5363 2786 5437 οὐρᾷ
2815 5354 2980 5428 δύνει,
3016 5359 3412 5429 ἀνατελλούσης
3445 5357 3540 5426 τῆς
3566 5352 3604 5405 0'
3640 5347 3746 5420 μοί.

2194 5451 2287 5506 τοῦ
2318 5452 2618 5524 Καρκίνου.

2268 5550 2357 5616 ς’.
2386 5549 2461 5600 Πε
2471 5547 2523 5618 pl.
2545 5545 2600 5599 δὲ
2621 5545 2717 5600 τοῦ
2759 5545 3193 5619 Ἀρκτοφύλακος
3220 5543 3519 5615 ὁλοσχερῶς
3543 5531 3750 5590 δοκοῦσί
