3816 6304
84 291 216 348 ίθπι

1074 292 1487 351 HIPPPARCHI
1524 294 1615 349 AD
1651 296 2104 355 ΡΗᾸΞΝΟΜΕΝΛ
2132 298 2265 353 LIB.
2306 298 2371 354 ll.

3110 274 3115 281 ’
3179 302 3319 358 ton

88 428 169 480 μοι
194 411 435 477 ἀγνοεῖν.
469 409 610 462 Φασὶ
650 407 760 479 γὰρ
783 407 942 463 αὐτὸν
986 409 1030 463 δ’
1061 408 1268 475 ζωδίοις
1302 412 1646 468 ἀντικαταδύ-

1761 422 1887 468 runt
1925 415 2071 470 enim
2110 430 2173 469 ex
2207 412 2440 469 adverso
2480 415 2759 484 signorum
2784 422 3019 485 quatuor
3050 417 3321 482 occidere,

84 517 206 563 νειν,
234 498 395 569 Κριῷ
430 516 493 552 τε
528 500 623 552 καὶ
666 498 882 571 Ταύρῳ,
933 502 1027 553 καὶ
1066 501 1337 572 Διδύμοις,
1378 504 1469 555 καὶ
1503 505 1651 574 Καρ-

84 592 230 661 κένῳ.
272 590 332 643 Ὁ
361 590 466 661 μὲν
506 590 619 661 γάρ
646 590 878 661 Ἄρατος
900 589 993 644 τοῦ
1018 590 1232 662 Ταύρου
1260 590 1397 662 πρὸς
1420 595 1485 662 τῇ
1523 593 1653 645 ἀνα-

82 682 202 753 τολῇ
231 680 409 744 ὄντος,
447 679 614 752 φησίν
632 694 648 710 ·

83 798 248 867 Δύνει
272 794 327 847 δ’
373 796 778 867 Ἀρκτοφύλαξ
809 796 924 867 ἤδη
949 798 997 829 ⁷⁸
1015 796 1213 866 πρώτῃ
1242 799 1339 853 ἐπὶ
1356 799 1559 867 μοίρῃ,

88 866 243 919 Τὰων
278 869 341 920 a1
364 866 623 934 πίσυρές
646 884 752 935 μιν
789 866 928 937 ἄτερ
961 868 1158 937 χειρὸς
1189 866 1546 939 aratri-pavor

80 1003 215 1057 ὥστε
240 1002 320 1075 τῷ
338 1003 498 1076 Κριῷ
522 1005 859 1060 ἀνατέλλοντι
888 1006 1149 1077 ἄρχεσθαι
1183 1007 1343 1061 αὑτὸν
1366 1007 1653 1062 ἀντικατα-

81 1095 270 1150 δύνειν.
310 1096 647 1160 Ἀκολούθως
684 1097 739 1150 δὲ
780 1097 952 1172 ταύτῃ
986 1101 1051 1169 τῇ
1095 1099 1369 1165 ὑποθέσει,
1419 1101 1512 1154 καὶ
1558 1102 1650 1155 τοῦ

83 1187 356 1258 Καρκίνου
394 1186 702 1258 ἀρχομένου
735 1188 1063 1252 ἀνατέλλειν,
1089 1188 1234 1257 λέγει
1262 1190 1420 1245 ταυτί
1437 1208 1451 1222 ε

86 1301 216 1356 Οὐδ’
238 1301 318 1356 ἂν
346 1302 433 1354 ἐτ’
466 1301 865 1372 Ἀρκτοφύλαξ
884 1303 977 1370 εἴη
1006 1305 1200 1371 πολὺς
1225 1306 1650 1376 ἀμφοτέρωθεν·

82 1436 271 1509 Μείων
290 1432 549 1509 ἠμᾴτιος
568 1452 582 1466 ο
604 1435 681 1509 Δτὸ
710 1437 762 1489 δ’
786 1437 899 1509 sat
916 1438 1106 1509 πλέον
1131 1440 1389 1509 ἔννυχος
1411 1441 1545 1509 ἤδη.

86 1506 326 1582 ﬁtth
356 1505 471 1582 τᾲρ
507 1506 743 1574 μοίραις
773 1508 816 1539 ⁷⁷
864 1507 1075 1578 ἄμυδις
1112 1505 1387 1565 κατιόντὰ
1419 1505 1657 1582 Βοώτην

92 1576 372 1641 Ὠκεανὸς
395 1574 657 1645 δέχεται.

91 1691 148 1743 '0
181 1690 238 1745 δὲ
262 1688 498 1756 Εὔδοξος
520 1692 720 1762 γράφει
747 1690 918 1756 οὕτως
934 1709 948 1725 ο
980 1713 999 1745 ι
1024 1695 1141 1749 '01"
1166 1695 1231 1750 ἂν
1258 1699 1287 1750 ό
1310 1698 1478 1769 Κριὸς
1502 1698 1652 1771 δύνῃ.

1759 506 1978 570 Arietis,
2007 505 2196 570 Tauri,
2228 503 2599 569 Geminorum,
2625 513 2679 561 et
2704 505 2923 562 Cancri.
2954 506 3090 562 Nam
3123 510 3323 566 Aratus

1757 597 1872 653 sole
1895 597 1952 652 in
1974 598 2183 653 oriente
2216 595 2392 666 posito
2419 595 2495 653 ait
2521 615 2534 650 :

1762 794 1963 849 Occidit
1994 812 2106 849 vero
2128 795 2487 865 Arctophylax
2507 796 2623 864 jam
2661 795 2829 864 primo
2856 811 2987 865 cum?
3008 796 3180 865 signa,
3266 804 3279 809 "

1758 868 1992 931 Quorum
2017 877 2242 936 quatuor
2268 864 2454 935 ipsum,
2478 874 2668 934 praeter
2695 881 2929 931 manum,
2953 864 3214 920 deducunt
3232 906 3251 931 ,

1758 1008 2015 1070 tanquam
2054 1002 2289 1056 orientis
2321 999 2524 1054 Arietis
2561 1015 2624 1053 ex
2669 999 2898 1055 adverso
2931 1000 3021 1053 ille
3057 1013 3324 1053 consceno

1757 1091 1869 1146 dat.
1908 1091 2004 1146 liis
2054 1101 2439 1147 consentanea.
2465 1099 2746 1160 suntquae
2778 1091 2844 1146 de
2881 1091 3093 1146 Cancro
3139 1097 3320 1146 ortum

1757 1185 1975 1240 ineunte
1997 1184 2189 1240 scribit
2223 1204 2236 1240 :
3138 1168 3145 1177 '

1758 1271 1940 1344 Neque
2004 1292 2123 1329 vero
2183 1276 2413 1343 amplius
2475 1274 2834 1343 Arctophylax
2903 1272 3065 1352 fuerit
3125 1271 3321 1352 multus

3081 1343 3220 1395 utrin
3261 1357 3323 1394 ue

1760 1411 1818 1466 ll
1824 1415 1939 1468 inor
1964 1414 2187 1469 diurnas
2220 1431 2239 1469 :
2264 1425 2318 1468 at
2350 1416 2576 1482 amplius
2593 1415 2707 1483 jam
2742 1343 3077 1483 nocturnus}
3225 1357 3256 1410 ᾳ

1760 1484 1999 1548 Quatuor
2017 1487 2155 1539 enim
2181 1484 2419 1551 partibus
2440 1481 2601 1541 simul
2619 1482 3005 1543 descendentem
3020 1481 3220 1535 Booten

1760 1552 1999 1608 Oceanus
2025 1557 2223 1624 recipit.

1829 1666 2037 1723 Eudoxi
2085 1685 2249 1739 porro
2290 1670 2455 1725 verba
2495 1676 2623 1724 sunt
2665 1687 2679 1722 :
2727 1687 2745 1719 ι
2786 1665 3079 1721 Occidente
3112 1664 3318 1729 Arietc,

80 1782 184 1836 τῶν
219 1783 319 1854 μὲν
366 1783 507 1855 πρὸς
535 1758 771 1856 ἀρκτους
812 1786 907 1840 τοῦ
951 1758 1383 1859 Ἀρκτοφύλακος
1422 1758 1472 1843 oi
1499 1758 1646 1855 πόδες

1761 1774 1787 1814 e
1851 1759 2160 1817 borealibus
2219 1761 2558 1816 descendunt
2631 1761 2794 1830 pedes
2865 1758 3317 1829 Arctophylacis;

79 1876 310 1942 δύνουσι,
339 1865 458 1930 τὶἷιν
490 1876 548 1931 δὲ
575 1877 712 1948 πρὸς
737 1878 888 1932 νότον
915 1877 1007 1935 τοῦ
1049 1878 1249 1952 Θηρίου
1290 1883 1351 1935 τὸ
1388 1882 1591 1938 λοιπόν.
1632 1904 1650 1936 ι

90 1969 177 2022 Ἐν
199 1967 259 2021 δὲ
284 1971 355 2040 τῇ
386 1968 532 2040 ἀρχῇ
560 1968 656 2022 τοῦ
701 1969 826 2041 περὶ
858 1969 967 2024 τῶν
997 1971 1271 2027 ἀνατολῶν
1300 1973 1480 2043 λόγου,
1522 1974 1658 2033 διελ-

81 2058 186 2113 θὼν
220 2060 324 2113 ὅσα
363 2060 463 2113 ἐπὶ
488 2059 693 2131 δύσεῳς
721 2062 817 2115 καὶ
853 2062 1118 2134 ἀνατολῆς
1159 2066 1326 2131 ἐστιν,
1353 2067 1654 2138 ἀρχομένου

81 2150 169 2203 τοῦ
195 2151 483 2223 Καρκίνου
525 2151 859 2217 ἀνατέλλειν,
904 2153 1034 2226 ἑξῆς
1069 2172 1269 2227 φησιν’
1307 2176 1327 2210 ι
1361 2159 1479 2213 ”Οτ’
1507 2159 1575 2213 ἀν
1609 2161 1654 2215 δ’

80 2240 109 2291 6
148 2241 425 2312 Καρκίνος
453 2257 488 2295 α
513 2239 742 2313 ετέλλῃ,
768 2243 878 2296 τῶν
910 2243 1010 2315 μὲν
1041 2246 1178 2315 πρὸς
1224 2247 1460 2319 ἄρκτους
1502 2249 1657 2305 οὐθὲν

80 2331 309 2403 ἀνίσχει,
334 2330 448 2384 τῶν
477 2331 533 2383 δὲ
564 2332 698 2404 πρὸς
724 2334 876 2388 νότον
917 2337 946 2387 ό
972 2336 1198 2407 Λαγωδς
1229 2339 1323 2393 καὶ
1354 2340 1448 2394 τοῦ
1483 2342 1657 2409 Κυνὸς

80 2419 171 2472 καὶ
196 2419 267 2473 τά
303 2418 643 2489 ὲμπρόσθια,
686 2422 778 2475 καὶ
808 2424 837 2476 6
873 2423 1155 2495 Προκύων,
1191 2428 1285 2481 καὶ
1328 2429 1420 2482 τοῦ
1456 2431 1655 2505 ’Υδρου

81 2510 112 2578 ἡ
151 2508 382 2581 κεφαλή.
432 2510 592 2566 Δύνει
636 2512 693 2565 δὲ
732 2512 843 2567 τῶν
884 2515 984 2585 μὲν
1033 2517 1171 2589 πρὸς
1210 2520 1444 2591 ἄρκτους
1484 2526 1515 2593 ἡ
1563 2525 1654 2577 τοῦ

92 2601 530 2673 Ἀρκτοφύλακος
574 2605 806 2678 κεφαλή.
842 2626 862 2659 ι
906 2607 1074 2680 Δῆλον
1102 2605 1216 2676 οὖν,
1262 2612 1342 2666 ὅτι
1393 2616 1532 2670 κατὰ
1562 2616 1656 2671 τὸν

79 2688 301 2756 Εὔδοξον
328 2694 401 2748 τά
442 2692 544 2763 μὲν
580 2695 770 2766 πρῶτα
800 2696 940 2769 μέρη
963 2699 1058 2752 τοῦ
1098 2701 1531 2773 Ἀρκτοφύλακος
1563 2707 1657 2759 ἀν-

78 2782 420 2837 τικαταδύνει
461 2784 543 2856 τῷ
589 2786 763 2858 Κριῷ,
806 2790 876 2844 τὰ
917 2790 973 2843 δὲ
1012 2791 1214 2862 ἔσχατα
1259 2793 1337 2865 τῷ
1378 2797 1652 2869 Καρκίνῳ.

78 2873 210 2928 Οὔτε
236 2876 293 2930 δὲ
338 2876 604 2948 τέσσαρσι
644 2879 852 2944 ζωδὶοις
891 2884 920 2936 6
959 2883 1328 2954 Ἀρκτοφύλαξ
1370 2887 1657 2944 ἀντικαταο

78 2967 238 3035 δύνει,
265 2971 345 3034 ὡς
390 2972 549 3025 αὐτοί
584 2990 768 3041 φασιν,
810 2975 945 3030 ἀλλά
984 2977 1106 3032 δυσὶ
1148 2980 1305 3050 μόνον
1355 2982 1579 3036 ἔλασσον
1620 2984 1652 3053 ἢ

76 3062 296 3132 ἡμίσειο
346 3062 474 3118 οὔτε
525 3065 683 3137 Κριῷ
732 3066 960 3140 ἄρχεται
1014 3070 1489 3127 ἀντικαταδύνειν·
1521 3057 1655 3130 ἀλλὰ
1682 3099 1723 3153 C

76 3154 171 3224 τὴν
215 3155 314 3224 μὲν
353 3154 533 3227 ἀρχὴν
567 3159 799 3211 ποιεῖται
846 3158 948 3229 τῆς
991 3160 1214 3229 δύσεως,
1262 3162 1655 3234 ἀνατελλούσης

80 3246 130 3310 ς’
160 3248 269 3318 μοι.
296 3248 394 3303 τοῦ
426 3248 642 3321 Ταύρου
667 3265 680 3279 ’
710 3250 830 3315 ὅλος
854 3251 910 3304 δὲ
942 3251 1108 3318 δύνει,
1147 3255 1285 3327 πλὴν
1312 3257 1410 3327 τῆς
1439 3257 1655 3329 ἀριστε-

80 3339 176 3408 ρᾶς
206 3340 394 3410 χειρὸς
436 3339 535 3393 καὶ
575 3338 671 3394 τοῦ
719 3341 986 3411 ἀγκῶνος,
1018 3345 1413 3418 ἀνατελλούσης
1438 3348 1537 3419 τῆς
1591 3348 1654 3401 t0'

82 3430 189 3500 μοί.
221 3430 319 3484 τοῦ
350 3432 656 3504 Καρκίνου.

144 3523 480 3594 Διαληπτέον
530 3524 620 3589 δὲ,
672 3526 751 3579 ὅτι
809 3527 938 3600 περὶ
990 3527 1083 3581 τοῦ
1142 3529 1574 3602 Ἀρκτοφύλακος
1626 3536 1655 3586 6

81 3614 313 3685 Ἄρατος
364 3615 674 3687 συμφώνως
728 3617 875 3687 λέγει
917 3624 1031 3684 τοῖς
1075 3622 1439 3694 φαινομένοις,
1481 3626 1530 3678 εἰ
1561 3627 1654 3681 καὶ

75 3702 209 3767 ὅλως
232 3706 503 3780 ἠγνόηται
534 3708 595 3760 τὸ
621 3708 880 3782 τέσσαρσι
911 3710 1121 3777 ζωδίοις
1157 3714 1320 3771 αὐτὸν
1361 3717 1655 3775 ἀντικαταο

77 3793 267 3861 δύνειν,
299 3797 396 3853 τοῦ
441 3798 617 3871 Κριοῦ
666 3800 1105 3870 ἀνατεταλκότος,
1154 3807 1373 3861 καὶτοῦ
1415 3810 1650 3883 Ταύρου,

79 3888 166 3940 καὶ
205 3889 313 3943 τῶν
355 3892 635 3961 Διδύμων
665 3895 759 3952 τοῦ
784 3896 842 3950 δὲ
877 3899 1152 3970 Καρκίνου
1183 3902 1485 3972 ἀρχομένου
1525 3904 1653 3957 ἀνα-

79 3978 301 4046 τέλλειν,
336 3984 366 4036 ὃ
407 3985 527 4037 ἐστι
552 3985 738 4051 λοιπὸς
764 3988 872 4041 τῶν
906 3989 949 4043 δ’
983 3990 1207 4056 ζωδίων,
1247 3986 1328 4054 οἷς
1361 3992 1656 4047 ἀντικατα-

78 4068 217 4124 δύνει
243 4074 340 4126 καὶ
375 4074 498 4126 κατ’
525 4075 689 4129 αὐτὸν
733 4080 762 4131 6
795 4079 1183 4150 Ἀρκτοφύλαξ,
1222 4081 1458 4151 εὐλόγως
1492 4083 1653 4147 αὐτός

79 4178 208 4232 φησι
245 4167 445 4236 μηκέτι
481 4167 617 4221 πολὺ
654 4170 818 4224 αὐτοῦ
844 4173 940 4224 καὶ
968 4172 1106 4243 ὑπὲρ
1149 4174 1251 4244 γῆν
1294 4175 1387 4227 καὶ
1413 4174 1516 4227 ὑπὸ
1548 4178 1652 4246 γῆν

76 4255 180 4311 ὑπὸ
210 4258 304 4311 τοῦ
353 4260 633 4331 ὁρίζοντος
676 4262 1185 4333 ἀπολαμϐάνεσθαι·
1237 4264 1487 4337 καθάπερ
1540 4267 1653 4334 ἐγί-

76 4364 216 4413 νετο,
236 4350 347 4403 τῶν
373 4350 627 4421 Διδύμων
650 4352 1041 4408 ἀνατελλόντων
1064 4371 1078 4385 ο
1109 4355 1242 4410 ἀλλά
1258 4357 1319 4409 τὸ
1348 4358 1444 4427 μὲν
1468 4354 1651 4410 πλεῖον

79 4439 183 4492 ὑπὸ
214 4440 338 4510 γῆν,
369 4442 432 4494 τὸ
469 4441 529 4494 δὲ
558 4441 781 4495 ἔλασσον
815 4443 954 4515 ὑπὲρ
974 4448 1075 4515 γῆν
1104 4423 1405 4513 φαίνεσθαι.
1437 4449 1510 4502 Τὸ
1552 4451 1650 4520 μὲν
1681 4429 1727 4486 θ
1753 4423 1860 4520 cmi

77 4530 206 4602 γὰρ,
232 4532 505 4602 mutuor,
536 4535 787 4604 σημαίνει
813 4537 874 4589 τὸ
899 4538 1037 4609 ὑπὲρ
1065 4540 1166 4608 γῆν
1199 4539 1291 4593 τοῦ
1325 4541 1553 4611 κόσμου,
1590 4543 1651 4595 τὸ

71 4621 148 4685 δὲ,
177 4623 466 4693 ἔννυχον,
492 4624 553 4677 τὸ
575 4626 679 4678 ὑπὸ
702 4626 829 4697 γῆν·
855 4628 1085 4696 φανερὸν
1108 4629 1165 4681 δὲ
1189 4629 1345 4683 τοῦτο
1366 4631 1451 4684 διὰ
1479 4632 1652 4686 πλειό-

74 4729 181 4766 νων
214 4714 374 4777 αὺτδς
409 4716 586 4767 ποιεῖ·
639 4715 887 4789 καθάπερ
929 4718 1128 4783 εὐθέως
1168 4721 1257 4773 ἐπὶ
1300 4722 1393 4776 τοῦ
1434 4724 1523 4782 Ἐν
1558 4725 1651 4792 γό-

74 4818 217 4870 νασι,
250 4805 426 4875 λέγων
464 4805 671 4869 οὕτως’

78 5092 270 5160 Αὐτὰρ
305 5092 393 5161 ὅτ’
419 5091 700 5155 ἐξόπιθεν
731 5092 1119 5162 τετραμμένος
1152 5094 1309 5149 ἄλλα
1342 5095 1461 5165 μὲν
1487 5097 1650 5152 οὔπω

78 5225 333 5294 Γωτέρι
366 5225 603 5294 νειαίρῃ
624 5242 637 5255 ·
682 5224 753 5279 τὰ
784 5225 834 5278 δ’
864 5225 1153 5298 ὑπέρτερα
1180 5228 1647 5299 νυκτοφορεῖται.

142 5386 224 5439 Τά
260 5388 513 5456 μέντοιγε
558 5386 927 5459 ἐπιφερόμενα
967 5391 1119 5445 οὐδὲν
1166 5392 1243 5446 ἔτι
1287 5393 1423 5463 πρὸς
1479 5393 1652 5466 αὐτὴν

75 5476 171 5547 τὴν
199 5476 347 5532 δύσιν
381 5476 552 5531 αὑτοῦ
581 5476 823 5533 τείνοντα
855 5481 1020 5549 λέγει,
1061 5482 1173 5535 ἀλλ’
1205 5484 1279 5548 ὡς
1310 5502 1370 5538 συ
1380 5484 1650 5554 μϐεεηκδς

184 5568 213 5581 η

77 5570 257 5641 αὐτῷ’

148 5706 196 5737 ⁷⁸
228 5726 314 5777 π).
357 5708 500 5762 τότε.
581 5708 626 5737 ⁷⁷
668 5725 757 5775 γρ.
790 5709 909 5779 ἤδη.

1758 1852 2081 1906 australium
2105 1868 2258 1918 vero,
2293 1852 2563 1920 reliquum
2603 1851 2745 1905 lene.
2783 1870 2803 1904 ι
2839 1849 2976 1904 Tum
3012 1850 3171 1904 initio
3209 1849 3323 1904 dis-

1756 1944 2056 2015 putationis
2099 1946 2166 2001 de
2204 1946 2439 2010 ortibus,
2474 1960 2597 2003 cum
2637 1960 2700 2000 ea
2747 1943 3172 2014 percensuisset.
3205 1956 3324 2012 quae

1758 2035 1813 2090 ia
1838 2043 1961 2091 ortu
1994 2045 2143 2101 sunt,
2172 2051 2503 2109 occasuque,
2532 2035 2753 2107 quando
2779 2034 2993 2090 Cancer
3024 2034 3158 2089 oriri
3184 2033 3324 2088 inci—

1758 2130 1858 2200 pit,
1904 2128 2160 2199 deinceps
2193 2128 2269 2182 ita
2308 2128 2548 2199 loquitur
2591 2148 2604 2183 :
2656 2148 2674 2181 ι
2710 2128 2848 2183 Cum
2894 2137 3079 2183 autem
3113 2126 3326 2182 Cancer

1756 2222 1951 2289 oritur,
1998 2221 2297 2275 borealium
2346 2220 2564 2290 quidem
2615 2221 3097 2277 constellationum
3146 2220 3325 2274 oritur

1757 2314 1907 2368 nulla
1940 2334 1954 2370 :
1994 2315 2317 2369 australium
2347 2330 2477 2370 vero
2504 2314 2704 2385 Lepus,
2737 2322 2791 2369 et
2819 2315 3096 2371 anteriora
3124 2312 3323 2379 Canis;

1756 2405 2020 2476 Procyon,
2059 2421 2182 2459 eum
2252 2405 2415 2477 llydri
2458 2406 2650 2477 capite.
2694 2404 2906 2460 Occidit
2940 2420 2972 2461 e
3012 2403 3325 2459 borealibus

1757 2496 2172 2568 Arctophylacis
2215 2507 2396 2568 caput.
2447 2518 2464 2550 ›
2520 2497 2864 2552 Manifestum
2919 2505 3005 2553 est
3048 2497 3212 2569 igitur
3258 2511 3327 2549 ex

1758 2588 1964 2642 Eudoxi
2035 2588 2342 2655 sententia,
2397 2588 2609 2658 priores
2670 2585 3086 2657 Arctophylacis
3140 2591 3325 2655 partes

1756 2679 2024 2739 occidere.
2088 2695 2212 2733 cum
2273 2679 2433 2736 Aries
2502 2680 2678 2734 oritur
2730 2698 2745 2737 :
2798 2676 3135 2748 posteriores
3194 2689 3325 2729 vero

1756 2772 1965 2826 oriente
2004 2770 2238 2827 Cancro.
2286 2771 2487 2827 Verum
2531 2786 2707 2841 neque
2744 2776 2981 2839 quatuor
3019 2766 3193 2837 signis
3222 2764 3327 2818 Ar-

1757 2864 2045 2936 ctophylax
2092 2865 2399 2934 oppositum
2447 2864 2609 2919 habet
2646 2878 2921 2919 occasum.
2975 2868 3034 2915 ut
3074 2858 3151 2913 illi
3193 2875 3324 2913 sen-

1757 2956 1917 3020 tiunt,
1950 2956 2045 3011 sed
2069 2957 2282 3012 duobus
2322 2964 2552 3020 tantum,
2590 2956 2771 3010 minus
2802 2953 3029 3008 dimidio
3052 2951 3274 3006 circiter
3306 2969 3319 3004 :

1760 3061 1934 3116 neque
1957 3062 2022 3101 ex
2061 3046 2290 3101 adverso
2327 3044 2529 3100 Arietis
2559 3044 2808 3099 occidere
2852 3043 3065 3113 incipit,
3097 3043 3189 3097 sed
3219 3040 3327 3095 ini-

1757 3138 1891 3190 tium
1934 3137 2219 3191 occidendi
2264 3135 2393 3191 facit
2434 3137 2642 3190 oriente
2674 3135 2706 3189 ϐ
2737 3132 2902 3187 Tauri
2946 3140 3099 3203 parte
3133 3149 3145 3184 :
3178 3138 3325 3185 totus

1758 3236 1960 3294 autem,
2004 3227 2247 3297 exceptis
2295 3224 2518 3279 sinistra
2578 3242 2764 3292 manu,
2816 3224 3070 3295 ﬂexuque
3128 3222 3322 3285 cubiti,

1755 3323 1962 3376 oriente
1987 3319 2055 3374 19
2084 3328 2239 3390 parte
2260 3319 2477 3374 Cancri.

1828 3499 1917 3556 Sic
1949 3508 2129 3556 autem
2169 3498 2477 3553 habendum
2507 3506 2608 3561 est,
2655 3510 2772 3565 quae
2818 3493 2883 3546 de
2928 3489 3325 3559 Arctophylace

1756 3595 1933 3663 prodit
1957 3595 2178 3656 Aratus,
2208 3591 2324 3644 banc
2370 3587 2743 3660 apparentimu
2785 3579 3173 3652 experimentis
3202 3594 3325 3632 esse

1755 3695 2142 3751 consentanea,
2173 3682 2389 3740 tametsi
2437 3682 2493 3735 in
2528 3695 2592 3736 eo
2625 3692 2851 3749 prorsus
2892 3675 3147 3736 aberrat,
3180 3670 3324 3741 quod

1755 3795 1879 3834 cum
1922 3788 2047 3834 ortu
2090 3779 2370 3849 signorum
2418 3780 2653 3840 quatuor
2694 3765 2965 3838 adaquari
2995 3764 3142 3818 illius
3163 3774 3326 3817 occa-

1756 3889 1876 3929 sum
1938 3879 2091 3942 putet
2153 3888 2165 3923 :
2223 3867 2479 3927 absoluto
2531 3862 2789 3918 nimirum
2840 3865 3035 3915 exortu
3088 3853 3321 3916 Arietis,

1755 3965 1943 4030 Tauri,
1988 3962 2363 4019 Geminorum.
2408 3958 2623 4017 Cancro
2657 3971 2787 4010 vero
2834 3951 2966 4006 oriri
3005 3949 3322 4019 incipiente,

1754 4057 1900 4128 quod
1928 4055 2197 4125 reliquum
2222 4059 2305 4108 est
2346 4068 2377 4107 e
2413 4051 2585 4121 signis
2621 4054 2857 4118 quatuor
2883 4061 2899 4111 ;
2925 4056 3158 4114 quorum
3189 4040 3323 4094 orti-

1754 4150 1857 4206 bus
1882 4146 2156 4215 exxequari
2190 4146 2514 4199 descensum
2557 4135 2973 4207 Arctopliylacis
3000 4132 3271 4187 alIirmant
3303 4147 3319 4183 :

1755 4240 1952 4294 merito
1989 4236 2180 4292 scribit
2222 4235 2443 4296 Aratus,
2479 4247 2588 4285 non
2623 4231 2733 4299 jam
2771 4242 2937 4296 supra
2979 4237 3206 4290 terram,
3238 4224 3322 4277 in-

1755 4330 1966 4401 fraque,
2002 4329 2071 4382 ab
2106 4326 2393 4381 borizonte
2435 4338 2688 4391 magnam
2727 4320 2873 4374 illius
2906 4326 3112 4386 partem
3152 4315 3320 4367 inter-

1911 4441 1925 4478 :
1974 4416 2430 4490 quemadmodum
2492 4414 2651 4468 liebat
2699 4411 3004 4466 orientibus
3040 4405 3319 4468 Geminis.

1755 4515 1849 4571 sed
1888 4513 2150 4582 majorem
2180 4516 2399 4563 exstare
2432 4521 2596 4574 supra
2631 4512 2832 4558 terram
2861 4544 2876 4566 ,
2921 4501 3186 4553 minorem
3220 4496 3322 4550 sub

1754 4616 1919 4662 terra.
1961 4603 2076 4667 Hoc
2109 4604 2252 4657 enim
2298 4599 2644 4659 vocabulum,
2687 4614 2704 4645 ι
2751 4594 3006 4653 diurnus,
3049 4610 3067 4643 ι
3113 4597 3323 4660 partem

1753 4698 1944 4755 mundi
1985 4710 2152 4765 supra
2196 4701 2399 4749 terram
2444 4689 2816 4752 eminentem;
2859 4702 2877 4735 ι
2930 4690 3254 4742 nocturnus,
3297 4698 3315 4731 ι

1755 4790 1897 4846 intra
1947 4790 2201 4845 latentem
2244 4783 2503 4855 exprimit
2538 4801 2550 4835 :
2595 4778 2743 4855 quod
2783 4791 2909 4832 cum
2954 4776 3008 4830 in
3045 4774 3169 4830 aliis
3212 4773 3324 4843 ple-

1751 4880 1938 4948 risque
1968 4878 2124 4945 locis,
2167 4885 2279 4930 tum
2311 4890 2438 4930 vero
2470 4888 2594 4927 cum
2625 4872 2691 4925 de
2718 4867 3027 4940 lngeuiculo
3050 4866 3180 4935 agit,
3204 4879 3325 4933 per-

1752 4973 1939 5043 spicue
1972 4972 2045 5025 ita
2072 4975 2305 5023 testatur
2339 4985 2350 5020 :

1758 5084 1914 5157 122
1950 5082 2052 5138 Sed
2091 5081 2174 5134 hic
2210 5090 2349 5134 retro
2390 5096 2571 5134 versus,
2619 5076 2903 5157 secundum
2938 5074 3073 5157 alias
3114 5071 3321 5157 quidem

2837 5144 3063 5226 .[partes
3094 5140 3321 5197 nondum

1763 5223 1951 5279 Venlre
2006 5230 2285 5285 extremo;
2339 5219 2623 5274 secundum
2675 5219 2966 5283 superiores
3014 5224 3321 5353 verpfnoeze

3155 5292 3317 5341 ρι’(ιιῒ.

3155 5292 3317 5341 ριοιιιν.

1822 5386 1954 5453 Qua:
1984 5397 2163 5439 autem
2194 5385 2436 5455 subjicit,
2463 5401 2569 5439 non
2603 5382 2713 5452 jam
2749 5382 2812 5435 ad
2847 5381 3022 5449 ipsqu
3054 5380 3199 5432 illius
3228 5390 3323 5429 oc-

1754 5496 1940 5532 casum
2001 5480 2325 5548 spectantia,
2358 5478 2452 5534 sed
2490 5487 2747 5549 tanquam
2792 5491 2856 5530 ex
2897 5470 3158 5529 accidenti
3190 5484 3321 5523 eos.

1754 5571 2003 5643 gruentia
2036 5572 2198 5625 refert
2226 5591 2237 5625 :
