3816 6342
459 5786 470 5829 l

509 333 533 386 4
546 333 649 391 075

511 483 529 499 .
557 486 572 500 .
603 485 619 501 .
649 446 718 499 At
743 445 966 499 hircum
992 431 1110 498 ίλὶισε
1137 450 1367 498 senatus
1399 424 1605 515 fuerit,
1791 442 2002 515 [bentis.

520 515 741 585 Vespere
781 518 907 570 item
946 516 1176 569 continet
1218 530 1238 567 :
1277 514 1396 582 plus
1440 512 1660 567 dimidio
1712 512 1880 567 noctis
1924 514 2007 565 la-

579 628 718 683 Cum
757 628 901 682 enim
947 626 1197 681 occidere
1230 641 1355 681 cum
1384 626 1569 681 Chelis
1615 626 1829 694 incipit,
1859 626 1974 682 sole
2004 626 2079 681 ibi

510 729 786 785 versante,
839 734 948 789 quo
989 727 1231 789 tempore
1279 718 1409 772 facit
1454 734 1734 783 occasum,
1790 730 1980 775 noctes
2023 720 2080 773 in

509 814 746 867 Arcturo
793 812 1092 878 dicuntur;
1131 811 1351 881 quando
1406 823 1457 866 et
1505 827 1669 881 supra
1714 821 1915 868 terratn
1966 820 2079 867 tota

508 904 598 959 die
632 905 841 967 fertur;
897 904 1154 974 quoniam
1204 904 1384 958 oritur
1425 920 1550 958 cum
1595 903 1840 975 Virgine,
1888 912 1944 959 et-
1986 919 2082 959 oc-

440 978 467 1043 Ϊ¹
507 995 740 1050 cidcndo
782 996 905 1065 plus
940 994 1167 1049 dimidia
1206 1005 1365 1052 nocte
1397 996 1696 1058 consumit,
1736 994 2081 1066 quandoqui-

506 1086 627 1141 dem
667 1101 789 1140 cum
826 1087 1001 1157 signis
1039 1095 1275 1158 quatuor
1311 1086 1537 1141 occidite
1564 1084 1721 1151 Quod
1759 1092 1940 1140 autem
1971 1100 2079 1139 una

504 1195 631 1233 cum
658 1178 901 1250 ‘Virgine
941 1179 1279 1236 conscendat
1320 1196 1385 1234 ex
1431 1180 1583 1235 Arati
1627 1179 1917 1243 sententia,
1964 1178 2079 1233 haec

503 1270 679 1339 ipsius
699 1271 869 1325 verba
887 1272 1198 1325 declarant:

509 1381 623 1436 Nec
648 1383 940 1436 exorientes
969 1381 1164 1446 Cltelw,
1204 1400 1267 1435 ac
1284 1385 1516 1437 tenuiter
1546 1382 1773 1436 lucentes

509 1453 713 1523 Ignota:
745 1454 1094 1522 pra’terierint
1118 1470 1138 1518 ;
1160 1454 1407 1522 quoniam
1437 1456 1614 1523 ingens
1641 1454 1788 1506 sidus
1818 1452 2007 1506 Bootes

507 1510 786 1590 confertus
824 1526 1017 1586 oritur,
1049 1510 1411 1577 interstinctus
1434 1510 1679 1576 A;clttr0.

582 1636 691 1693 Vll.
725 1637 804 1692 Ac
843 1653 951 1693 non
992 1641 1192 1693 Aratus
1226 1637 1527 1701 duntaxat,
1558 1647 1612 1693 et
1662 1638 1941 1703 Eudoxus,
1981 1637 2077 1693 sed

1504 333 1597 389 an
1630 331 1898 389 ausas"
1935 328 2342 387 annomcou
2374 311 2741 394 serenum."

3606 320 3731 393 tm

2105 443 2152 498 Α
2185 481 2201 496 .
2237 483 2252 497 .
2287 485 2298 497 .
2342 486 2356 500 .
2404 447 2465 517 ὀ
2487 446 2562 511 δ’,
2589 447 2749 515 ἐπὴν
2781 445 2971 517 φάεος
2995 446 3329 516 κορέσηται,

2184 515 2475 582 Βουλυτῷ
2505 518 2727 586 ἐπέχει,
2757 515 2971 572 πλεῖον
3000 515 3140 587 δίχα
3163 515 3383 584 νυκτὸς
3414 519 3631 587 ίούσηᾳ
3737 556 3744 579 .

2255 628 2421 680 Ὅταν
2444 628 2553 699 γὰρ
2574 631 2690 692 rei;
2715 626 2919 697 Χηλαῖς
2940 626 3173 699 ἄρχηται
3201 628 3724 697 συγκαταδύνειν,τοῦ

2179 719 2331 789 ἡλίου
2357 721 2414 773 ὲν
2446 720 2637 783 αὑταῖς
2664 719 2833 783 ὄντος,
2863 721 2921 772 ἐν
2964 712 3009 787 ᾧ
3039 719 3320 773 καταδύνει
3353 719 3551 792 καιρῷ,
3577 723 3629 773 αἱ
3650 723 3726 774 νύ-

2180 827 2308 873 κτες
2351 813 2437 863 ἐπ’
2483 812 2793 882 ’Δρκτούρῳ
2818 810 3062 880 λέγονται
3082 828 3094 841 ·
3126 811 3213 864 ὅτε
3244 811 3373 882 ὃλην
3402 828 3465 865 τε
3493 812 3586 882 τὴν
3609 814 3724 883 ἡμέ-

2188 920 2290 974 ραν
2325 905 2464 975 ὑπὲρ
2508 905 2611 975 γῆς
2644 903 2885 973 φέρεται,
2919 902 3007 956 διὰ
3059 903 3119 956 τὸ
3166 905 3230 974 τῇ
3281 903 3545 978 Παρθένῳ
3588 906 3724 958 αὐτὸν

2182 996 2594 1050 συνανατέλλειν
2613 1035 2628 1060 ,
2666 997 2761 1049 καὶ
2780 996 2926 1048 δύνει
2956 996 3174 1050 πλείονα
3204 996 3395 1067 χρόνον
3420 997 3455 1067 ἢ
3490 997 3551 1050 τὸ
3579 998 3724 1067 ἥμισυ

2181 1088 2281 1159 τῆς
2308 1088 2521 1151 νυκτὸς,
2550 1087 2642 1140 ἐπὶ
2664 1086 2711 1119 ⁷⁸
2741 1090 2853 1151 τοῖς
2886 1087 3144 1160 τέσσαρσι
3168 1087 3380 1153 ξωδίοις
3419 1088 3724 1158 συγκαταδύ-

2178 1199 2277 1236 νει.
2315 1182 2436 1236 Ὀτι
2477 1180 2534 1233 δὲ
2583 1184 2650 1252 τῇ
2689 1179 2948 1252 Παρθένῳ
2981 1182 3100 1234 κατ’
3148 1180 3308 1237 αὑτὸν
3355 1182 3721 1248 συνανατέλλει,

2179 1271 2409 1343 φανερὸν
2440 1272 2583 1323 ποιεῖ
2614 1273 2671 1324 ἐν
2701 1269 2937 1334 τούτοις·

2181 1384 2318 1440 Οὐδ’
2349 1385 2425 1439 ἂν
2450 1385 2837 1454 ἐπερχόμεναι
2871 1384 3084 1449 Χηλαί,
3124 1383 3222 1438 καί
3245 1383 3446 1454 λεπτὰ
3468 1384 3725 1454 sedaverit,

2182 1459 2499 1527 ’ὶφραστοι
2526 1456 2795 1527 magicis):
2813 1472 2826 1485 ·
2856 1455 2984 1508 ἐπεὶ
3005 1454 3158 1527 μέγα
3184 1453 3351 1527 σῆμα
3377 1453 3612 1527 Radit-nr;

2190 1524 2417 1596 Ἀθρόος
2455 1525 2729 1580 ἀντέλλει
2756 1524 3163 1594 βεϐολημένος
3200 1526 3612 1593 Ἀρκτούροιο.·

2246 1640 2319 1692 Z'.
2353 1639 2428 1692 Οὐ
2462 1637 2621 1709 μόνον
2651 1637 2709 1690 δὲ
2731 1636 2762 1688 ὁ
2786 1636 3017 1707 ’Ἄρατος
3044 1636 3138 1688 καὶ
3162 1634 3190 1686 ὁ
3214 1633 3466 1701 Εὔδοξος,
3500 1633 3629 1688 ἀλλὰ
3650 1636 3729 1688 καὶ

505 1728 671 1783 etiam
702 1729 896 1800 reliqui
942 1744 1134 1785 omnes
1181 1728 1293 1785 fere
1338 1731 1728 1793 mathematici,
1769 1731 2066 1801 quicunque

2178 1733 2227 1785 οί
2255 1730 2431 1784 λοιποὶ
2473 1729 2843 1800 μαθηματικοὶ
2871 1728 3071 1790 πάντες
3104 1726 3308 1797 σχεδὸν,
3337 1728 3455 1780 ὅσοι
3501 1728 3620 1797 περὶ
3648 1727 3727 1780 τοῦ

506 1819 576 1875 de
624 1820 794 1876 Boote
840 1821 1215 1891 disputarunt,
1278 1822 1331 1874 in
1380 1822 1570 1875 eodem
1613 1830 1741 1878 sunt
1787 1837 1910 1875 cum
1967 1821 2066 1877 illis

2178 1821 2404 1875 Βοώτεω
2445 1781 2992 1889 λόγονηπεποίηνται,
3037 1781 3238 1889 ὁμοίως
3286 1818 3501 1881 τούτοις
3545 1781 3730 1872 ἐποπτ-

506 1927 696 1966 errore
747 1912 972 1978 versati,
1042 1912 1374 1966 arbitrantes
1439 1920 1674 1981 quatuor
1734 1912 1884 1965 illum
1951 1928 2066 1966 cum

2178 1912 2499 1983 πλάνηνται,
2522 1912 2830 1982 νομίζοντες
2858 1909 3115 1980 τέσσαρσι
3138 1908 3350 1972 ζωδίοις
3368 1907 3536 1962 αὑτὸν
3558 1926 3733 1977 συγκα-

508 2003 681 2074 signis
724 2004 995 2061 occidere.
1045 2005 1258 2059 Attalus
1291 2019 1422 2059 vero
1465 2019 1696 2058 occasus
1742 2004 1827 2059 sui
1875 2002 2079 2074 princi-

510 2093 696 2164 pium,
735 2110 842 2149 non
886 2111 1011 2149 cum
1064 2095 1324 2165 Scorpio.
1373 2103 1434 2148 ut
1471 2094 1925 2156 ostendebamus,
1981 2094 2076 2150 sed

509 2203 635 2241 cum
662 2185 846 2242 Chelis
877 2187 1054 2243 facere
1081 2196 1401 2243 constanter
1431 2195 1713 2242 asseverat
1742 2187 1828 2242 bis
1856 2187 2034 2242 verbis
2058 2205 2072 2241 :

514 2297 534 2328 ι
572 2277 800 2344 Quidam
842 2278 985 2333 enim
1032 2295 1208 2350 neque
1243 2279 1619 2350 apparentium
1666 2279 1894 2332 scientia
1936 2293 2075 2350 pra:-

408 2430 411 2433 λ
508 2370 627 2433 diti,
661 2385 839 2440 neque
884 2378 1058 2439 poetae
1093 2380 1326 2426 mentem
1374 2370 1635 2435 assecuti,
1683 2369 1833 2425 varie
1876 2369 1943 2424 de
1983 2369 2076 2423 illo

506 2462 950 2534 pronuntiarunt.
984 2462 1063 2517 Ac
1098 2471 1229 2518 sunt
1268 2462 1536 2530 nonnulli,
1580 2462 1673 2532 qui
1703 2477 1827 2516 cum
1851 2459 2076 2532 Virgine

507 2550 740 2619 primum
777 2550 1026 2606 occidere
1068 2551 1220 2607 illum
1257 2552 1501 2607 sentiunt
1533 2569 1547 2618 ;
1583 2551 1782 2607 deinde
1823 2567 1946 2605 cum
1978 2552 2077 2605 tri-

504 2638 609 2695 bus
639 2640 1056 2711 insequentibus
1110 2642 1330 2713 signis;
1384 2641 1476 2695 alii
1532 2642 1748 2695 initium
1790 2641 2075 2697 occidendi

505 2736 575 2788 ab
612 2734 842 2805 Scorpio
875 2735 1075 2800 facere,
1113 2746 1168 2789 et
1212 2735 1267 2797 in
1296 2733 1596 2804 Aquarium
1637 2732 1887 2789 desinere
1922 2752 1935 2787 :
1967 2748 2074 2803 qua

504 2826 697 2881 imbuti
731 2827 987 2897 opinione
1017 2827 1186 2897 aliqui
1200 2842 1400 2887 .coram
1421 2833 1475 2882 te
1498 2826 1734 2882 convicti
1759 2842 1790 2881 a
1814 2826 1992 2890 nobis,
2011 2841 2076 2882 ac

502 2916 714 2974 dedocti
746 2919 814 2975 de
850 2921 1121 2975 sententia
1170 2920 1566 2975 discesserunt.
1613 2919 1811 2990 Atque,
1861 2926 1920 2974 ut
1963 2933 2074 2972 uno

502 3011 672 3067 verbo
718 3011 919 3076 dicam,
949 3028 1072 3067 cum
1113 3021 1168 3068 et
1196 3028 1265 3068 ex
1302 3013 1693 3083 apparentibus
1740 3012 1797 3067 id
1836 3021 2070 3076 constet,

2175 2003 2442 2057 ταδύνειν.
2477 2001 2738 2065 ’Ἄτταλος
2779 2001 2837 2053 δὲ
2874 2001 2968 2054 καὶ
3009 2000 3135 2071 περὶ
3171 1998 3264 2053 τοῦ
3304 1998 3405 2071 τὴν
3448 2000 3616 2071 ἀρχὴν
3643 1999 3731 2068 τῆς

2176 2096 2381 2159 δύσεως
2426 2095 2591 2149 αὐτὸν
2623 2094 2911 2158 ποιεῖσθαι,
2945 2096 3019 2168 μὴ
3058 2094 3137 2167 τῷ
3177 2093 3434 2167 Σκορπίῳ
3480 2110 3731 2162 συγκατα-

2176 2186 2497 2257 φερόμενον,
2533 2185 2610 2248 ὡς
2651 2186 2813 2257 ἡμεῖς
2842 2184 3176 2256 ἐδείκνυμεν,
3210 2182 3347 2237 ἀλλὰ
3373 2184 3495 2247 ταῖς
3524 2182 3727 2254 Χηλαῖς.

2179 2276 2380 2339 ἱκανῶς
2427 2275 2851 2341 διαϐεϐαιοῦται,
2903 2276 3073 2345 λέγων
3134 2277 3224 2331 τὸν
3273 2276 3481 2347 τρόπον
3533 2274 3729 2328 τοῦτον

2182 2385 2201 2416 ¢
2237 2366 2408 2420 Ἔνιοι
2442 2365 2553 2437 γὰρ
2592 2365 2715 2420 οὔτε
2753 2370 2866 2430 τοῖς
2899 2366 3245 2437 φαινομένοις
3282 2361 3731 2437 παρακολουθοῦν-

2174 2474 2293 2522 τες,
2344 2456 2464 2511 οὔτε
2513 2458 2580 2512 τὰ
2623 2458 2727 2512 ὑπὸ
2757 2458 2850 2512 τοῦ
2885 2457 3107 2528 ποιητοῦ
3155 2457 3429 2527 λεγόμενα
3467 2455 3730 2526 δυνάμενοι

2164 2553 2439 2614 συνεῖναι,
2469 2550 2760 2622 διαφόρους
2785 2550 3089 2619 ἀποφάσεις
3130 2548 3459 2621 πεποίηνται
3491 2548 3613 2620 περὶ
3643 2546 3730 2599 αὒ-

2174 2644 2288 2697 τοῦ.
2320 2643 2428 2698 Καί
2460 2645 2599 2708 τινές
2641 2661 2771 2713 φασι
2804 2644 2902 2714 μὲν
2944 2642 3106 2696 αὐτὸν
3146 2644 3212 2713 τῇ
3243 2641 3507 2713 Παρθένῳ
3532 2638 3728 2712 πρῶτον

2176 2735 2438 2807 ἄρχεσθαι
2467 2735 2888 2805 συγκαταδύνειν
2910 2753 2924 2766 ’
2968 2731 3086 2788 εἶτα
3122 2736 3180 2788 ὲν
3215 2736 3329 2795 τοῖς
3360 2732 3560 2803 ἑφεξῆς
3598 2729 3728 2802 τρισὶ

2177 2828 2385 2892 ζωδίοις
2409 2846 2423 2861 ο
2461 2828 2589 2882 ἔνιοι
2622 2828 2678 2883 δὲ
2719 2826 2982 2899 ἄρχεσθαι
3030 2826 3127 2897 μὲν
3165 2825 3275 2879 ἀπὸ
3315 2823 3413 2877 τοῦ
3458 2822 3725 2893 Σκορπίου,

2176 2920 2360 2990 λήγειν
2384 2920 2440 2974 δὲ
2467 2921 2559 2973 ἐπὶ
2578 2919 2670 2972 τὸν
2707 2920 3004 2992 Ὑδροχόον,
3040 2913 3114 2972 ὧν
3144 2934 3255 2970 τισι
3282 2917 3381 2970 καὶ
3407 2918 3474 2970 σὺ
3508 2915 3729 2987 παρατὲ-

2173 3029 2369 3083 τευχας
2409 3011 2779 3083 ἐλεγχομένοις
2820 3013 2908 3081 ὑφ’
2947 3011 3122 3083 ἡμῶν,
3155 3010 3251 3064 καὶ
3284 3010 3729 3081 μετατιθεμένοις.

501 3108 557 3156 et
597 3112 756 3172 poeta
793 3103 999 3174 liquido
1028 3110 1279 3169 testetur,
1312 3113 1487 3158 totum
1532 3104 1822 3169 occidisse,
1859 3119 1983 3158 cum
2016 3104 2066 3158 in

2178 3103 2419 3157 Καθόλου
2456 3103 2513 3156 δὲ
2557 3104 2653 3157 καὶ
2691 3102 2783 3156 τοῦ
2824 3102 3147 3175 φαινομένου
3176 3102 3337 3156 τοῦτο
3371 3100 3731 3181 συνιστῶντος,

500 3194 711 3250 oriente
739 3194 877 3250 situs
902 3204 984 3250 est
1002 3193 1132 3259 Leo,
1159 3209 1418 3251 occasum
1447 3201 1628 3249 autem
1655 3194 1917 3264 incipere,
1949 3209 2066 3249 cum

2178 3196 2389 3249 καὶτοῦ
2418 3195 2641 3268 ποιητοῦ
2674 3195 2857 3265 σαφῶς
2887 3196 3156 3266 λέγοντος,
3183 3197 3269 3250 ὅτι
3302 3196 3425 3259 ὅλος
3471 3194 3568 3265 μὲν
3598 3192 3737 3245 δεδυ-

502 3285 665 3340 Tauri
715 3288 880 3343 instat
915 3298 1171 3355 exortus;
1219 3287 1438 3358 quando
1468 3296 1522 3342 et
1563 3286 1846 3358 oppositus
1887 3286 1964 3340 illi
2008 3301 2076 3340 ex

500 3379 732 3435 adverso
775 3379 1037 3450 Scorpius
1081 3381 1138 3435 in
1183 3394 1385 3435 occasu
1413 3379 1628 3451 positus
1653 3386 1737 3433 est
1770 3395 1785 3443 ;
1816 3385 1871 3431 et
1895 3376 2077 3431 Chelte

498 3488 693 3528 recens
725 3474 1066 3536 occiderunt,
1114 3473 1316 3543 quibus
1355 3488 1482 3528 cum
1516 3471 1848 3527 descendere
1882 3467 2073 3537 incipit

499 3564 865 3635 Arctophylax
892 3582 908 3630 ;
946 3563 1292 3620 manifestum
1314 3579 1437 3619 esse
1469 3562 1707 3617 arbitror
1736 3576 1831 3616 eos
1861 3574 2072 3626 omnes,

500 3655 594 3725 qui
621 3654 689 3708 de
713 3655 815 3709 hac
836 3670 897 3710 re
925 3654 1255 3709 dissentiunt
1282 3669 1312 3707 a
1340 3654 1524 3717 nobis,
1544 3652 1922 3722 apparentium
1954 3666 2074 3706 esse

501 3748 753 3805 funditus
780 3748 1022 3816 ignaros.
1060 3768 1085 3799 ι

568 4016 735 4087 Atqui
791 4016 1008 4072 beasset
1052 4032 1176 4081 nos,
1208 4016 1256 4071 si
1285 4031 1393 4071 non
1435 4015 1628 4075 solam,
1667 4014 1805 4069 citra
1847 4012 2072 4068 demon-

497 4109 819 4164 strationem
865 4107 1187 4162 sententiam
1235 4106 1417 4163 dicere
1464 4116 1757 4184 contentus
1800 4114 2071 4162 assereret

494 4198 780 4255 convictos
814 4214 842 4252 a
878 4214 937 4254 se
982 4198 1075 4268 qui
1122 4205 1314 4253 contra
1353 4198 1618 4254 sentirent
1652 4199 1910 4269 opinione
1945 4213 2069 4253 ces-

492 4291 662 4353 sisse,
719 4290 814 4346 sed
855 4289 985 4345 dicti
1015 4305 1232 4363 quoque
1268 4289 1354 4345 sui
1391 4288 1767 4359 probationem
1811 4287 2068 4342 mandas-

495 4388 580 4436 set
640 4380 872 4446 litteris;
929 4388 989 4434 ut
1040 4387 1094 4434 et
1145 4379 1359 4434 caeteris
1415 4378 1483 4433 ab
1543 4393 1609 4432 eo
1671 4376 2065 4431 dissidentibus

424 4514 431 4521 -
493 4473 811 4545 persuaderi
859 4480 1062 4544 posset,
1113 4488 1237 4527 cum
1272 4470 1479 4537 Chelis,
1510 4486 1619 4526 non
1668 4484 1792 4524 cum
1838 4466 2068 4537 Scorpio
2100 4464 2144 4518 D

493 4558 645 4622 illum
686 4565 966 4621 occidendi
1001 4564 1355 4636 primordium
1394 4562 1613 4618 habere.
1656 4560 1923 4628 Quoniam
1964 4558 2066 4630 igi-

490 4667 583 4715 tur
616 4661 719 4714 hoc
750 4659 819 4713 ab
847 4674 913 4712 eo
943 4658 1370 4728 praetermissum
1400 4665 1503 4720 est,
1539 4669 1649 4709 non
1691 4653 1882 4708 inutile
1919 4652 2065 4707 futu-

491 4767 615 4806 rum
666 4750 904 4805 arbitror
957 4749 1149 4819 paucis
1208 4748 1542 4809 admonere,
1597 4747 1797 4816 quibus
1852 4745 2063 4800 inducti

491 4842 800 4899 rationibus
871 4839 1235 4902 arbitremur,
1308 4852 1432 4890 cum
1521 4835 1752 4906 Scorpio
1824 4835 2061 4906 primum

491 4932 742 4987 occidere
780 4930 1023 4984 Bootem.
1054 4927 1190 4982 Nam
1233 4927 1594 4995 copiosiorem
1630 4925 1733 4980 hac
1768 4926 1836 4981 de
1863 4940 1924 4980 re
1957 4940 2066 4982 ser-

490 5037 708 5078 monem
753 5027 955 5074 nostra:
985 5019 1063 5072 illi
1094 5018 1161 5072 de
1198 5017 1477 5072 coortibus
1512 5016 1870 5086 disputationi
1905 5031 2065 5086 sepo-

492 5114 722 5169 suimus.
742 5109 1041 5179 Fingamus
1065 5108 1249 5178 itaque
1276 5107 1439 5163 modo
1454 5108 1508 5162 in
1526 5108 1809 5164 horizonte
1831 5107 2063 5163 occiduo

491 5203 947 5261 australissimam
979 5200 1190 5255 stellam
1224 5215 1435 5264 earum,
1470 5217 1589 5272 quas
1610 5207 1739 5255 sunt
1759 5200 1813 5254 iu
1837 5200 2063 5255 sinistro

416 5286 420 5290 “
490 5294 629 5366 pede
674 5288 1108 5358 Arctophylacis.
1140 5286 1235 5342 Est
1276 5302 1340 5342 ea
1386 5288 1662 5343 borealior
1698 5285 2059 5355 tequinoctiali

491 5385 703 5442 circulo
731 5380 980 5451 partibus
998 5378 1091 5447 27,
1116 5395 1179 5435 ac
1203 5380 1404 5436 triente
1431 5398 1447 5447 ;
1482 5378 1794 5447 cujus'nodi
1819 5380 2062 5433 circulus

492 5490 593 5547 per
622 5471 778 5542 polos
800 5470 1074 5526 transiens
1101 5478 1314 5526 constat
1342 5471 1467 5526 560.
1495 5471 1577 5525 Ob
1617 5468 1673 5523 id
1708 5470 2063 5539 azqttidistans

493 5562 864 5635 a-quinoctiali
907 5562 1165 5620 circulus
1192 5582 1286 5636 per
1327 5566 1474 5621 illam
1527 5566 1741 5623 stellam
1787 5567 2063 5626 transiens

567 5716 611 5749 τ’
639 5716 681 5787 ι’.
715 5716 857 5775 ἐπεί.

2177 3285 2287 3349 κὼς
2314 3287 2543 3355 γίνεται,
2575 3286 2801 3349 Λέοντος
2829 3285 2966 3357 πρὸς
3002 3284 3265 3348 ἀνατολὰς
3301 3284 3488 3348 ὄντοςο
3523 3283 3734 3354 ἄρχεται

2173 3379 2231 3432 δὲ
2262 3379 2502 3442 δύεσθαι,
2537 3380 2614 3432 ὅτ’
2645 3380 2711 3432 ἂν
2739 3380 2768 3431 ὁ
2793 3378 3004 3451 Ταῦρος
3034 3378 3200 3450 μέλλῃ
3231 3377 3567 3433 ἀνατέλλεινο
3598 3375 3655 3428 τὸ
3681 3373 3734 3426 δὲ

2175 3472 2316 3526 κατὰ
2357 3471 2647 3544 διάμετρον
2688 3471 2851 3525 αὐτοῦ
2885 3472 3146 3542 κείμενον.
3181 3470 3374 3534 ζώδιον
3418 3472 3447 3524 δ
3482 3467 3736 3540 Σκορπίος

2175 3564 2310 3635 πρὸς
2334 3567 2401 3636 τῇ
2433 3564 2583 3618 δύσει
2613 3565 2900 3637 ὑπάρχων·
2934 3566 2990 3618 αἱ
3025 3564 3082 3617 δὲ
3122 3563 3299 3634 Χηλαλ⁸
3328 3563 3532 3635 ἀρτίως
3555 3575 3735 3617 κατεν-

2174 3657 2469 3728 ηνεγμέναι
2511 3650 2667 3720 ὦσιν,
2710 3650 2798 3719 αἷς
2834 3654 2951 3726 ἅμα
2976 3652 3491 3725 συγκαταφέρεσθαι
3523 3652 3733 3722 ἄρχεται

2173 3751 2202 3802 ὁ
2236 3748 2624 3820 Ἀρκτοςρύλαξ,
2659 3748 2891 3821 φανερὸν
2920 3743 3058 3801 εἶναι
3081 3747 3308 3817 νομίζω,
3334 3746 3471 3799 διότι
3507 3746 3630 3807 τοὺς
3649 3743 3737 3794 ἀν-

2173 3840 2510 3907 τιδοξοῦντας
2539 3843 2670 3912 ἡμῖν
2704 3858 2769 3894 πε
2780 3841 2832 3912 ρὶ
2861 3838 3049 3893 τούτου
3080 3836 3362 3900 παντελῶς
3383 3836 3639 3909 ἀπείρους
3657 3826 3735 3884 εἷ-

2174 3948 2261 3986 ναι
2291 3932 2399 3985 τῶν
2425 3932 2764 4001 φαινομένων
2797 3930 3162 4002 συμϐἑὸηκεν.
3211 3949 3231 3980 ι

2203 4023 2435 4086 ιΚαλῶς
2482 4024 2582 4095 μὲν
2618 4020 2711 4077 οὖν
2744 4018 2909 4093 εἶχεν.
2952 4024 3000 4075 εἰ
3043 4021 3117 4092 μὴ
3148 4021 3330 4090 μόνον,
3376 4017 3734 4084 ἀναποδείκτῳ

2173 4116 2335 4186 φάσει
2360 4114 2658 4187 χρώμενος,
2686 4115 2837 4183 ἔλεγε
2863 4115 2988 4178 τοὺς
3022 4110 3430 4177 ἀντιδοξοῦντας
3456 4107 3733 4181 ἐλεγχομέ-

2174 4227 2295 4274 νους
2312 4211 2403 4263 ὑπ’
2430 4206 2595 4263 αὐτοῦ
2624 4206 3026 4279 μετατίθεσθαι,
3043 4204 3176 4259 ἀλλὰ
3197 4204 3294 4258 καὶ
3313 4205 3419 4258 νῦν.
3439 4205 3734 4276 ἓγτραπτον

2172 4303 2339 4356 ἐτίθει
2368 4302 2467 4373 τὴν
2499 4300 2769 4367 ἀπόδειξιν
2788 4317 2801 4331 ·
2843 4301 2929 4352 ἵνα
2971 4301 3065 4353 καὶ
3101 4300 3150 4352 οἱ
3182 4299 3359 4353 λοιποὶ
3389 4298 3498 4351 τῶν
3538 4293 3735 4349 ἀντιδο-

2172 4394 2407 4461 ξοῦντων
2431 4391 2745 4455 πεισθῶσιν,
2780 4391 2861 4444 ὅτι
2900 4392 3021 4452 ταῖς
3059 4388 3267 4457 Χηλαίς
3290 4388 3517 4460 ἄρχεται
3544 4400 3736 4452 συγκα-

2170 4485 2436 4549 ταδύνειν,
2465 4485 2558 4537 καὶ
2583 4484 2644 4537 ού
2667 4482 2743 4552 τῷ
2770 4481 3023 4552 Σκορπίῳ
3040 4495 3053 4507 ·
3084 4479 3222 4550 πλὴν
3249 4481 3373 4532 ἐπεὶ
3400 4475 3549 4541 οὗτος
3572 4490 3735 4542 παραυ

2171 4577 2435 4638 λέλοιπεν,
2460 4574 2562 4627 οὐκ
2591 4574 2859 4645 ἄχρηστον
2890 4571 2958 4624 ἂν
2990 4571 3073 4639 εἴη
3104 4570 3193 4623 διὰ
3221 4570 3472 4642 βραχέων
3496 4563 3734 4635 ὑπομνῆ-

2172 4688 2283 4735 σαι,
2315 4669 2381 4721 δι⁹
2425 4661 2501 4720 ὧν
2543 4665 2842 4736 πειθόμεθα
2873 4662 2950 4734 τῷ
2996 4663 3249 4735 Σκορπίῳ
3299 4660 3531 4734 πρώτως
3574 4654 3732 4709 αὐτὸν

2173 4758 2614 4830 συγκαταδύνειν.
2650 4756 2755 4811 Τὸν
2797 4754 2893 4826 μὲν
2918 4754 3027 4823 γὰρ
3071 4754 3164 4805 ἐπὶ
3192 4751 3379 4805 πλεῖον
3420 4752 3543 4822 περὶ
3570 4743 3730 4802 αὐτοῦ

2170 4854 2323 4923 λόγον
2348 4855 2404 4906 ὲν
2430 4854 2495 4923 τῇ
2518 4849 2625 4904 τῶν
2663 4845 3031 4901 συνανατολῶν
3053 4844 3407 4915 πραγματείᾳ
3432 4855 3735 4908 κατακεχω-

2173 4943 2436 5015 ρίκαμεν·
2468 4937 2691 4993 νοείσθω
2732 4937 2790 4990 δὲ
2825 4936 2921 4990 νῦν
2953 4935 3045 4987 ἐπὶ
3070 4932 3165 4986 τοῦ
3205 4932 3479 5005 ὁρίζοντος
3504 4930 3625 5001 πρὸς
3661 4930 3735 4995 τῇ

2168 5034 2317 5088 δύσει
2346 5032 2594 5103 κείμενος
2634 5031 2663 5083 ὁ
2704 5026 3019 5088 νοτιιὶηατος
3046 5024 3225 5094 ἀστὴρ
3264 5023 3376 5075 τῶν
3418 5026 3475 5077 ὲν
3510 5019 3579 5090 τῷ
3603 5018 3735 5088 ἀρι-

2171 5124 2348 5197 στερῷ
2381 5123 2501 5179 ποδὶ
2540 5120 2635 5176 τοῦ
2668 5119 3141 5192 Ἀρκτοφῦλακος.-
3168 5116 3309 5169 Ἀλλ’
3339 5115 3485 5169 ἔστιν
3513 5107 3659 5172 οὗτος
3707 5111 3735 5159 ὁ

2169 5217 2348 5289 ἀστὴρ
2392 5215 2728 5289 βορειότερος
2766 5211 2859 5266 τοῦ
2897 5209 3211 5286 ίσημερινοῦ
3254 5208 3457 5263 κύκλου
3503 5204 3600 5276 μοί.
3648 5200 3736 5263 κζ’

2171 5310 2265 5363 καὶ
2288 5314 2337 5377 γ’
2367 5309 2524 5380 μέρει
2554 5306 2767 5377 μοίρας,
2795 5304 2919 5356 οἴων
2944 5302 3091 5355 ἐστὶν
3120 5301 3150 5353 δ
3173 5294 3263 5354 διὰ
3305 5300 3414 5354 τῶν
3442 5298 3602 5352 πόλων
3633 5293 3739 5346 κύ-

2171 5398 2295 5460 κλος
2331 5415 2441 5468 μοι.
2474 5395 2570 5460 τξ¹.
2598 5394 2697 5448 Διὰ
2730 5393 2794 5463 δὴ
2824 5390 2982 5445 τοῦτο
3020 5393 3049 5444 ὁ
3086 5390 3431 5461 γραφόμενος
3464 5381 3741 5456 παράλλη-

2169 5490 2258 5560 λος
2282 5488 2360 5560 τῷ
2391 5487 2685 5561 ἰσημερινῷ
2710 5484 2903 5547 κύκλος
2929 5482 3016 5537 διὰ
3037 5481 3135 5536 τοῦ
3159 5480 3554 5559 προειρημένου
3570 5473 3741 5527 ἀστέ-

2174 5598 2264 5654 ρος
2292 5582 2392 5654 τὴν
2418 5581 2559 5651 ὐπὶρ
2586 5581 2689 5651 γῆς
2711 5578 3058 5650 περιφέρειαν
3090 5574 3198 5650 ἔχει
3239 5574 3486 5629 τοιούτων
3515 5566 3745 5641 simpli-
