3816 6306
104 248 235 306 1077

1072 244 1445 301 BIPPARClll
1477 243 1568 299 AD
1598 240 2047 299 manemus
2085 224 2223 297 Lm.’
2255 254 2318 296 ιι.

3199 244 3338 297 1078

98 386 202 422 των
224 374 287 422 ιε’
332 367 621 423 λείπουσαν
647 373 696 421 κ’
726 367 876 439 μέρει
910 366 985 432 ὡς
1010 366 1251 437 ἔγγιστα,
1293 367 1421 421 οἴων
1452 366 1598 419 ἐστὶν
1636 366 1664 418 6

1777 379 1955 418 arcum
2016 379 2181 434 supra
2229 372 2433 418 terram
2475 362 2639 418 habet
2688 349 2920 419 totidem‘
2959 340 3336 433 partiumis,

100 459 184 513 διά
209 459 321 511 τῶν
352 459 530 512 πόλων
562 458 758 522 κύκλος
794 459 1095 530 τμημάτων
1127 458 1223 512 κδ’.
1252 458 1325 512 Τὸ
1361 459 1530 529 ἥμισυ
1560 456 1667 527 ἄρα

98 550 191 619 τῆς
210 549 512 621 εἰρημένης
546 549 914 621 περιφερείας,
946 549 1008 603 τὸ
1029 549 1136 603 ἀπὸ
1161 548 1252 603 τοὺ
1296 546 1666 619 μεσημϐρινοῦ

101 639 198 702 ἕως
239 638 472 704 δύσεως,
494 639 600 693 τῶν
644 638 821 694 αὐτῶν
858 639 1159 711 τμημάτων
1198 639 1314 693 ἐστὶ
1354 638 1421 705 ζ’,
1461 638 1555 690 καὶ
1593 638 1669 700 ὡς

99 731 324 799 ἔγγιστα
346 732 598 801 ⁴ἡμίσους.
637 732 774 784 Ἀλλ’
794 734 823 785 6
848 732 1133 803 εἰρημένος
1162 733 1337 803 ἀστὴρ
1363 734 1558 795 κεῖται,
1594 730 1668 794 ὡς

99 821 235 875 κατά
269 822 615 893 παράλληλον
658 822 874 887 κύκλον,
909 824 1036 895 περὶ⁵
1069 822 1117 877 α’
1165 826 1270 894 μοῖ.
1306 823 1413 877 τῶν
1452 822 1664 894 Χηλῶν.

96 912 353 976 Δύνοντος
387 912 496 984 ἄρα
528 912 710 978 αὑτοῦ,
748 914 829 967 δεῖ
867 918 1237 986 μεσουρανεῖν,
1266 914 1340 979 ὡς
1361 915 1502 968 κατὰ
1530 932 1670 988 παρ-

97 1004 323 1076 άλληλον
359 1004 578 1069 κύκλον,
607 1005 705 1076 τὴν
735 1012 821 1058 κα¹
844 1005 885 1058 δ
921 1008 1029 1077 μοῖ.
1059 1006 1153 1059 τοῦ
1187 1007 1466 1078 Αἰγόκερω
1490 1023 1504 1038 ο
1536 1007 1668 1060 ταύ-

96 1114 193 1167 της
220 1096 279 1150 δὲ
325 1096 422 1149 ἐπὶ
468 1096 562 1149 τοῦ
598 1096 939 1169 παραλλήλου
989 1098 1445 1169 μεσουρανοὺσης,
1487 1099 1567 1152 δεῖ
1612 1102 1668 1152 ὲν

95 1188 173 1258 τῷ
201 1186 457 1259 ζωδιακῷ
491 1192 840 1260 μεσουρανεῖν
863 1189 961 1260 τὴν
987 1190 1264 1260 δευτέραν,
1294 1190 1386 1243 καὶ
1419 1192 1669 1263 εἰκοστὴν

98 1284 290 1353 μοῖραν
322 1281 419 1333 τοῦ
467 1280 765 1350 Δίγόκερω.
805 1280 941 1335 Ἀλλ’
988 1285 1046 1335 ὲν
1092 1281 1169 1354 τῷ
1210 1282 1456 1354 ξωδιακῷ
1498 1283 1595 1354 τῆς
1626 1282 1669 1353 β’

95 1373 189 1426 καὶ
216 1372 472 1443 εἰκοστῆς
518 1371 611 1425 τοῦ
652 1373 931 1445 Δίγόκερω
973 1375 1165 1445 μοίρας
1211 1374 1668 1447 μεσουρανούσης,

95 1464 153 1516 ὲν
172 1461 248 1534 τῷ
275 1462 626 1535 ὑποκειμένῳ
652 1464 886 1535 ὁρίζοντι
917 1464 997 1517 δεῖ
1019 1465 1323 1518 ἀνατέλλειν
1345 1466 1441 1536 τὴν
1477 1472 1529 1530 ς’
1567 1467 1670 1536 μά-

94 1554 250 1610 λιστα
285 1557 400 1627 μοῖ.
425 1554 522 1608 τοῦ
548 1555 791 1628 Ταύρου·
832 1558 1059 1611 ’ἑκαστον
1083 1558 1192 1630 γὰρ
1231 1557 1340 1610 τῶν
1370 1559 1671 1629 εἰρημένων

95 1646 484 1702 ἀποδείκνυται
507 1647 594 1702 διά
618 1648 728 1702 τῶν
751 1649 1025 1721 γραμμῶν
1060 1652 1116 1704 έν
1139 1653 1256 1715 ταῖς
1287 1650 1512 1704 καθόλου
1545 1654 1671 1724 περὶ

95 1740 201 1795 τῶν
239 1740 502 1794 τοιούτων
552 1744 684 1812 ἡμῖν
736 1742 1191 1813 συντεταγμέναις
1246 1744 1667 1814 πραγματείαις.

109 1833 164 1887 ’0
192 1831 303 1903 ἄρα
337 1831 627 1903 ἀριστερὸς
654 1831 788 1893 πούς
816 1832 911 1886 τοῦ
940 1832 1151 1886 Βοώτου
1175 1835 1581 1889 ἀντικαταδύνει
1604 1839 1670 1908 τῇ

100 1924 153 1990 ς’
183 1924 296 1995 μοί.
326 1923 425 1977 τοῦ
458 1923 693 1995 Ταύρου.
727 1926 848 1978 Ὅτι
880 1926 937 2002 δὲ
969 1927 1062 1979 καὶ
1091 1927 1303 1998 πρῶτος
1335 1931 1363 1981 ό
1391 1929 1673 2000 ἀριστερὸς

104 2012 231 2076 ποῦς
258 2010 356 2066 τοῦ
404 2012 616 2066 Βοώτου
663 2013 827 2078 δύνει,
863 2016 1032 2086 χωρὶς
1061 2015 1249 2069 τούτου
1296 2017 1672 2070 ἀποδέδεικται

100 2108 155 2161 ἑν
175 2105 253 2178 τῷ
282 2106 417 2178 περὶ
441 2104 606 2159 αὑτοῦ
636 2106 797 2178 λόγῳ.
820 2109 1055 2180 Φανερδν
1086 2108 1130 2162 δ’
1163 2109 1228 2162 ἂν
1260 2109 1345 2180 εἴη
1370 2111 1464 2163 καὶ
1490 2109 1549 2175 ἐξ
1573 2111 1671 2163 αὑ-

102 2198 194 2267 τῆς
222 2198 324 2269 τῆς
360 2198 563 2263 θέσεως
593 2200 685 2253 τοῦ
724 2198 955 2254 Βοώτου.
993 2200 1178 2273 Ὀρθδς
1213 2201 1321 2272 γὰρ
1362 2202 1606 2274 βεϐηκὼς
1645 2205 1673 2257 ὁ

103 2286 336 2361 Βοώτης,
363 2289 603 2357 ὲγκλίνει
627 2292 694 2360 τῇ
719 2289 865 2342 θέσει
888 2289 1079 2354 οὑτως,
1114 2291 1254 2344 ὥστε
1276 2292 1366 2343 τὸν
1389 2292 1672 2364 ἀριστερὸν

104 2381 232 2435 πόδα
274 2380 461 2451 πολλῷ
494 2380 807 2452 νοτιὼτερον
834 2380 962 2434 ὅντα
988 2381 1088 2451 τῆς
1120 2383 1378 2453 κεφαλῆς,
1419 2387 1674 2455 προηγεῖ-

104 2473 222 2527 σθαι
256 2473 354 2527 τοῦ
398 2472 491 2527 διὰ
535 2473 643 2528 τῶν
684 2474 884 2538 πόλων,
933 2474 1028 2528 καὶ
1072 2477 1169 2546 τῆς
1221 2476 1459 2548 κεφαλῆς
1506 2477 1670 2531 αὑτοῦ

104 2565 450 2637 γραφομένου
490 2564 690 2619 κύκλου
740 2565 922 2619 πλεῖον
946 2566 1115 2637 ἥμισυ
1160 2568 1254 2620 καὶ
1290 2566 1544 2639 τέταρτον
1575 2569 1671 2640 μέ-

101 2674 191 2729 ρος
224 2657 443 2723 ζωδίου.
479 2658 615 2730 Περὶ
646 2657 703 2711 δὲ
726 2657 820 2711 τοῦ
859 2656 1105 2728 Ὠρίωνος
1137 2660 1415 2729 συμφωνεῖ
1444 2661 1473 2712 6
1499 2660 1669 2731 Ἀραο

106 2766 210 2814 τος,
243 2747 648 2820 ὑπολαμϐάνων
680 2747 839 2802 αὑτὸν
866 2747 983 2801 ὅλον
1021 2750 1132 2812 τοῖς
1163 2748 1412 2823 Διδύμοις
1446 2767 1675 2811 συνανα-

105 2841 322 2897 τέὶλειν.
1334 2870 1339 2875 ο

168 2934 260 2991 B'.
286 2933 398 2988 Τοῦ
428 2932 487 2986 δὲ
528 2932 750 2998 Λέοντος
792 2934 1092 3006 ἀρχομένου
1142 2936 1467 3002 ἀνατέλλειν,
1499 2938 1528 2989 6
1577 2938 1675 3008 μὲν

1770 456 1954 511 minus
2010 464 2163 525 parte
2225 456 2484 511 vicesima
2544 454 2784 523 circiter,
2839 462 2973 524 quot
3036 469 3133 525 per
3182 455 3336 525 polos

1768 547 2079 617 descriptus
2144 547 2383 603 circulus
2438 546 2601 602 habet
2662 545 2755 604 24.
2814 544 2993 613 Quare
3050 545 3333 600 dimidium

1769 639 2223 694 circumferentia:
2266 638 2431 703 illius,
2476 638 2620 708 quod
2661 652 2692 691 a
2733 636 3036 692 meridiano
3074 635 3139 689 ad
3176 652 3337 690 occa-

1770 746 1889 786 sum
1934 731 2189 801 pertinet,
2225 730 2539 786 earumdem
2587 728 2701 784 fere
2737 729 2972 799 partium
3017 736 3100 784 est
3147 727 3332 799 ’71]2.

1768 822 1933 893 Atqui
1980 822 2169 877 eadem
2216 823 2304 877 illa
2355 823 2533 887 stella,
2566 819 2862 875 secundum
2904 818 3334 890 aaquidistantem

1770 914 2059 979 circulum,
2084 914 2187 968 sita
2219 920 2303 968 est
2333 914 2386 967 in
2412 921 2564 983 parte
2588 911 2874 965 Cbelarum
2900 910 3117 964 circiter
3136 910 3331 979 prima.

1770 1007 1845 1061 Ea
1879 1008 2041 1077 igitur
2073 1004 2354 1061 occidente
2377 1043 2392 1069 ,
2427 1004 2726 1058 culminare
2760 1008 2968 1073 oportet
2994 1001 3049 1055 in
3079 1001 3335 1069 parallclo

1769 1098 1977 1152 circulo
2030 1096 2121 1161 21,
2172 1096 2252 1151 15¹
2300 1104 2509 1165 partem
2572 1094 2939 1165 Capricorni;
2987 1106 3094 1162 qua
3140 1107 3334 1145 rursus

1771 1187 2120 1250 culminante,
2170 1202 2398 1241 necesse
2439 1192 2521 1240 est
2563 1185 2617 1239 in
2660 1184 2882 1239 zodiaco
2928 1182 3228 1237 culminare
3265 1181 3336 1234 22

1770 1279 2113 1351 Capricorni.
2145 1277 2316 1333 Porro
2339 1294 2460 1331 cum
2488 1278 2541 1331 in
2570 1278 2795 1332 zodiaco
2816 1277 3071 1331 vicesima
3096 1276 3334 1330 secunda

1772 1389 1901 1443 pars
1931 1373 2251 1444 Capricorni
2285 1372 2567 1434 culminat,
2611 1373 2665 1425 in
2712 1387 2798 1429 co.
2829 1386 2989 1441 quem
3023 1371 3332 1435 statuimus,

1775 1461 2057 1517 borizonte
2109 1469 2262 1516 sexta
2297 1461 2408 1516 fere
2454 1477 2581 1532 pars
2619 1460 2782 1514 Tauri
2828 1460 2985 1515 debet
3027 1475 3331 1530 assurgere.

1773 1552 1900 1608 llaec
1948 1553 2092 1607 enim
2141 1554 2327 1608 omnia
2375 1553 2687 1623 singillatim
2745 1567 2841 1623 per
2894 1552 3068 1607 lineas
3114 1552 3337 1606 demon—

1776 1654 2020 1702 strantur
2050 1647 2102 1700 in
2128 1661 2292 1715 opere
2333 1646 2424 1699 illo
2460 1660 2565 1715 quo
2592 1645 2893 1714 generalem
2927 1644 2993 1698 de
3028 1643 3147 1698 istis
3174 1644 3336 1698 rebus

1777 1738 2155 1792 tractationem
2200 1737 2559 1792 instituimus.
2609 1734 2970 1802 Quamobrem
3014 1735 3193 1790 Bootm
3240 1751 3335 1803 pes

1776 1827 1999 1884 sinister
2045 1828 2243 1883 occidit
2288 1829 2497 1883 oriente
2555 1836 2707 1882 sexta
2758 1836 2913 1897 parte
2959 1826 3143 1881 Tauri.
3202 1826 3335 1879 Nam

1775 1923 2062 1979 sinistrum
2097 1922 2281 1977 Bootze
2324 1922 2512 1993 pedem
2552 1922 2786 1992 primum
2819 1920 3072 1975 occidere
3112 1918 3339 1974 deumn-

1776 2025 2006 2074 stratum
2051 2020 2136 2071 est
2182 2016 2408 2085 insuper
2456 2015 2510 2068 in
2548 2013 2809 2086 peculiari
2840 2011 2908 2068 de
2955 2013 3047 2066 illo
3089 2011 3337 2081 disputa-

1774 2109 1922 2166 tione
1963 2128 1974 2163 :
2012 2108 2157 2179 quod
2184 2115 2237 2163 et
2264 2125 2330 2163 ex
2374 2109 2494 2178 ipso
2533 2107 2679 2162 illius
2708 2106 2889 2177 positu
2929 2104 3156 2176 intelligi
3192 2104 3342 2159 nullo

1774 2203 1991 2273 negotio
2019 2207 2218 2271 potest.
2252 2198 2387 2255 Cum
2428 2200 2571 2255 enim
2601 2208 2785 2254 rectus
2823 2199 3085 2252 consistat
3122 2196 3337 2261 Bootes,

1772 2292 1847 2348 ita
1881 2301 2058 2347 tamen
2089 2301 2172 2347 est
2217 2293 2496 2362 paululum
2537 2291 2798 2344 inclinato
2830 2289 2961 2355 situ,
2992 2305 3085 2358 pes
3119 2297 3176 2341 ut
3220 2288 3339 2357 ejus

1773 2385 1997 2440 sinister
2020 2385 2179 2453 longe
2206 2384 2501 2437 australior
2525 2381 2725 2451 capite,
2749 2380 3013 2434 circulum
3040 2394 3135 2449 per
3163 2380 3337 2449 polos,

1725 2473 1732 2479 ’
1772 2487 1826 2530 et
1858 2476 2033 2546 ipsius
2067 2483 2231 2545 caput
2258 2473 2589 2543 descriptum
2629 2472 2863 2541 amplius
2902 2470 3166 2525 dodrante
3200 2470 3340 2539 signi

1774 2566 1939 2623 unius
1969 2566 2275 2621 antecedat.
2316 2563 2433 2619 Jam
2467 2564 2532 2618 de
2563 2563 2762 2618 Orione
2800 2578 2922 2617 cum
2956 2562 3340 2632 apparentibus

1773 2660 1941 2717 Arato
1964 2661 2239 2726 convenit,
2271 2666 2541 2731 quatenus
2571 2664 2745 2713 totum
2774 2656 2924 2710 illum
2950 2669 3073 2711 cum
3096 2652 3339 2709 Geminis

1774 2752 1904 2811 oriri
1931 2752 2148 2809 asserit.

1849 2930 1983 2986 Vlll.
2017 2931 2087 2985 At
2116 2930 2297 2988 Leone
2322 2931 2552 3001 primum
2579 2929 2881 2993 exoriente,
2903 2929 3102 2983 Aratus
3120 2928 3196 2981 ait
3224 2939 3343 2996 qua:

106 3023 339 3094 Ἀρατός
368 3038 513 3091 φησι,
535 3023 617 3080 τά.
634 3039 694 3077 τε
726 3024 820 3076 σὺν
845 3024 921 3096 τῷ
950 3025 1206 3097 Καρκίνῳ
1239 3026 1513 3081 δεδυκέναι
1538 3044 1551 3057 ο
1580 3026 1669 3081 τοῦ

1779 3029 1906 3077 sunt
1948 3037 2071 3077 eum
2100 3021 2336 3083 Cancro,
2380 3020 2490 3087 jam
2538 3019 2846 3085 occidisse;
2878 3016 3173 3088 lngeniculi
3215 3029 3343 3070 vero

102 3112 142 3165 δ’
184 3113 271 3169 Ἐν
302 3112 529 3181 γόνασιν
556 3112 633 3166 ἔτι
654 3114 742 3167 τὸν
763 3114 1044 3186 ἀριστερὸν
1067 3115 1219 3181 πόδα,
1248 3116 1342 3173 καὶ
1378 3118 1505 3186 γόνυ
1540 3118 1671 3173 ἀπο-ρ

101 3200 380 3259 λείπεσθαι
401 3218 415 3231 ·
446 3200 515 3254 τά
550 3202 606 3255 δὲ
633 3201 791 3256 λοιπὰ
820 3202 1095 3257 δεδυκέναι
1113 3220 1124 3232 ·
1157 3204 1465 3261 ἀνατέλλειν
1490 3205 1547 3259 δὲ
1573 3205 1672 3277 τὴν

102 3293 340 3364 κεφαλὴν
365 3292 460 3346 τοῦ
493 3293 716 3363 ’λ’δρου,
744 3295 837 3347 καὶ
873 3294 962 3348 τὸν
996 3295 1238 3364 Λαγωδν,
1275 3296 1366 3350 καὶ
1408 3297 1496 3351 τὸν
1535 3297 1674 3368 Πρό-

103 3402 256 3448 κυνα,
292 3385 391 3437 καὶ
421 3385 548 3446 τοὺς
573 3386 934 3457 ἐμπροσθίους
960 3387 1125 3451 πόδας
1156 3386 1249 3440 τοῦ
1285 3389 1482 3452 Κυνός.
1509 3387 1598 3459 Τῷ
1616 3389 1674 3441 δὲ

112 3474 323 3547 ’Λράτῳ
348 3475 553 3544 ὁμοίως
586 3478 679 3530 καὶ
708 3476 738 3529 6
780 3477 1006 3545 Εὔδοξος
1051 3478 1427 3549 ἀποφαίνεται.
1464 3480 1545 3534 Τά
1583 3476 1676 3535 οὖν

102 3566 364 3639 εἰρημένα
388 3565 566 3637 ἄστρα
591 3566 750 3636 δῆλον
788 3568 868 3621 ὅτι
900 3567 978 3639 τῷ
1006 3569 1264 3640 Καρκίνῳ
1288 3571 1406 3623 κατ’
1427 3569 1621 3632 αὐτοὺς
1641 3569 1677 3624 ἀ

104 3659 200 3728 μὲν
240 3657 645 3725 συνανατέλλει,
673 3658 710 3713 ἃ
752 3659 809 3713 δὲ
838 3660 1265 3716 ἀντικαταδύνει.
1298 3662 1408 3716 Καὶ
1437 3663 1530 3716 ἐπὶ
1570 3661 1678 3717 τῶν

100 3748 275 3803 ἄλλων
308 3749 518 3813 ζωδίων
551 3750 614 3803 τδ
649 3750 779 3804 αὑτὸ
820 3751 1286 3823 διαλαμϐανέσθω.
1334 3754 1421 3808 Ἐν
1457 3754 1556 3825 μὲν
1586 3749 1678 3807 οὑν

99 3845 212 3907 τοῖς
240 3843 451 3907 λοιποῖς
482 3842 830 3913 συμφωνοῦσι
855 3847 967 3907 τοῖς
990 3846 1361 3916 φαινομένοις·
1392 3846 1486 3899 τοῦ
1511 3846 1554 3899 δ’
1591 3847 1678 3899 Ἐν

100 3935 321 3999 γόνασιν
353 3935 417 3988 οὑ
465 3935 624 4005 μόνον
653 3934 713 3987 τὸ
754 3934 1041 4007 ἀριστερὸν
1072 3936 1199 4005 γόνυ
1236 3938 1329 3991 καὶ
1373 3940 1402 3991 6
1437 3938 1571 4003 ποῦς
1600 3938 1679 3992 ἔτι

101 4024 243 4096 ὑπὲρ
268 4026 375 4096 γῆς
413 4026 583 4088 ἐστιν,
614 4015 751 4078 ἀλλά
775 4027 868 4078 καὶ
898 4025 960 4078 τὸ
998 4025 1168 4092 δεξιὸν
1200 4026 1349 4095 γόνυ.
1385 4028 1538 4081 Δύνει
1572 4028 1679 4100 γὰρ

99 4116 257 4171 τοῦτο
282 4115 682 4186 ἀνατελλούσης
720 4116 819 4186 τῆς
856 4116 951 4170 τοῦ
981 4118 1203 4182 Λέοντος
1250 4120 1358 4189 μοί.
1397 4128 1491 4185 ις’.
1533 4121 1589 4174 '0
1622 4121 1680 4174 δὲ

100 4208 330 4276 Δαγωὸς
348 4207 412 4261 οὑ
443 4206 605 4278 μόνον
624 4206 701 4277 τῷ
723 4208 981 4280 Καρκίνῳ
1005 4210 1399 4277 συνανατέλλει,
1421 4212 1496 4276 ὡς
1521 4213 1683 4285 Ἀρα-

100 4315 190 4362 τος
216 4297 615 4369 ὑπολαμϐάνει,
642 4296 775 4350 ἀλλὰ
814 4299 907 4352 καὶ
942 4303 1055 4363 τοῖς
1094 4300 1363 4371 Διδύμοις.
1413 4304 1673 4375 Ἀρχεται

105 4388 201 4459 μὲν
234 4389 349 4460 γὰρ
381 4388 712 4453 ἀνατέλλειν,
742 4390 839 4460 τῆς
870 4388 914 4454 ξ’
942 4391 1034 4446 καὶ
1063 4398 1109 4444 κ’
1154 4392 1262 4462 μοί.
1295 4394 1403 4447 τῶν
1433 4395 1669 4465 Διδύμωι

1789 4396 2061 4449 minorum
2123 4391 2352 4463 septima
2412 4399 2473 4445 et
2524 4390 2779 4444 vicesima

101 4479 520 4552 ἀναφερομένης
541 4497 555 4511 υ
585 4478 739 4550 λήγει
764 4480 820 4534 δὲ
846 4482 1167 4546 ἀνατέλλων,
1194 4485 1680 4556 συνανατελλούσης

102 4571 251 4643 αύτῷ
279 4570 559 4642 Καρκίνου
588 4571 697 4640 μοί.
729 4571 793 4641 ιβ’
821 4570 906 4626 S".
936 4572 994 4624 Ὀ
1018 4573 1075 4625 δὲ
1102 4573 1262 4627 Κύων
1293 4575 1412 4637 ὅλος
1438 4574 1512 4645 τῷ
1542 4577 1683 4647 Καρ·

101 4664 236 4734 κὶνῳ
279 4660 679 4725 συνανατέλλει,
707 4661 849 4733 πλὴν
876 4663 986 4716 τῶν
1018 4664 1075 4716 ἐν
1117 4666 1182 4735 τῇ
1226 4665 1392 4736 οὑρᾷ·
1439 4667 1531 4719 καὶ
1560 4667 1679 4736 οὑχ,

101 4754 176 4817 ὡς
200 4753 230 4805 δ
259 4755 521 4825 Ἀρατος,
551 4753 611 4807 οί,
636 4753 955 4827 ὲμπρόσθιοι
989 4754 1147 4826 μόνον
1181 4757 1344 4810 αὑτοῦ
1379 4758 1537 4824 πόδες
1566 4776 1684 4813 συν-

101 4844 461 4899 ανατέλλουσι
493 4842 572 4914 τῷ
604 4844 882 4916 Καρκίνῳ.

169 4961 249 5014 Θί.
280 4959 396 5031 Τῆς
421 4958 481 5012 δὲ
511 4957 787 5031 Παρθένου
821 4960 1132 5033 ἀρχομένης
1163 4964 1517 5032 ἀνατέλλειν,.

249 5097 416 5165 Λύρη
455 5096 611 5165 τότε,
643 5096 798 5165 φησὶ,
819 5097 1167 5164 Κυλληναίη
1268 5139 1273 5144 .

101 5170 212 5222 Καὶ
242 5164 467 5237 Aegiale
499 5164 911 5237 δώσουσα-καῖ
936 5169 1251 5237 εὐποίητος
1289 5169 1538 5237 Ὂὶὶγτός.

101 5238 229 5314 ξὺν
241 5234 373 5314 τοῖς
403 5237 672 5314 ’φρει-ιθος
699 5234 897 5314 πρῶτα
924 5238 1107 5314 πτερὰ
1132 5235 1319 5314 μέσςρι
1343 5239 1479 5307 παρ’
1490 5234 1683 5312 ὰύτὴν

104 5306 330 5375 Οὺρὴν,
364 5305 464 5358 καὶ
493 5305 784 5372 Ποταμοῑο
809 5306 1121 5375 πρρηορίαι
1150 5305 1491 5375 σκιόωντὰι.

99 5374 283 5448 4m
302 5376 356 5429 δ’
397 5376 633 5448 Tim/3
656 5374 1112 5448 κεφᾳλήίδύνξι
1140 5374 1215 5448 δεῖ
1241 5376 1338 5430 καὶ
1373 5380 1593 5448 αὐχήν.

111 5445 426 5517 mth
527 5442 699 5517 Ὕδρη
715 5444 943 5517 μέγ-ἐπὶ
967 5445 1316 5517 πλέονγᾷχρι
1336 5442 1685 5517 παρᾞῠτὸν

98 5515 405 5585 Κρητῆρα.
449 5511 754 5583 “datrae
786 5511 853 5567 δὲ
881 5516 1053 5569 Κύων
1091 5511 1272 5582 adad}
1305 5511 1539 5574 αῖνῦται
1572 5524 1680 5577 ἀλ-

104 5656 352 5710 Ἐλκων
384 5654 667 5720 ἐξόπιθεν
697 5656 971 5726 πρύμναν
992 5657 1369 5727 πολυτειρέος
1414 5590 1677 5733 ’Λέξιξὲ

1778 3114 2061 3169 sinistrum
2095 3114 2276 3168 adhuc
2306 3112 2465 3182 123,
2491 3111 2704 3182 pedem,
2747 3125 2810 3166 ac
2837 3126 2976 3181 genu
3020 3123 3337 3178 superesse;

1775 3208 1985 3262 caeteris
2018 3205 2130 3275 jam
2180 3206 2234 3259 in
2281 3220 2536 3258 occasum
2570 3202 2889 3273 depressis:
2922 3201 3054 3256 oriri
3082 3206 3342 3271 ρατιονε)

1776 3304 1941 3367 caput
1967 3295 2159 3367 Hydri,
2200 3278 2482 3365 Lepore‘m,
2516 3293 2837 3365 Procynem,
2868 3301 2929 3347 et
2961 3291 3343 3347 antecedentes

1774 3387 1941 3442 Canis
1984 3387 2168 3456 pedes.
2209 3386 2423 3440 Eadem”
2456 3401 2581 3438 cum
2616 3385 2781 3439 Arato
2826 3384 3019 3446 scibit
3060 3382 3338 3437 Eudoxus.

1777 3478 2042 3545 Quocirca
2069 3478 2249 3533 sidera
2278 3478 2391 3532 luec
2412 3478 2594 3531 omnia
2624 3476 2843 3547 planum
2867 3482 2952 3532 est
2977 3490 3098 3529 cum
3130 3474 3343 3529 Cancro

1777 3583 1844 3623 ex
1870 3569 2085 3622 illorum
2126 3569 2383 3637 opinione
2421 3569 2616 3637 partim
2662 3566 2819 3630 Oriri,
2858 3566 3053 3635 partim
3081 3581 3145 3620 ex
3170 3580 3341 3636 oppo-

1780 3663 1884 3717 sito
1919 3662 2270 3717 descendere;
2303 3656 2446 3715 Idem
2478 3661 2545 3715 de
2574 3660 2784 3714 carteris
2821 3674 3039 3730 quoque
3062 3659 3233 3729 signis
3255 3658 3345 3725 ju-

1778 3755 1982 3810 dicium
2009 3770 2133 3810 esse
2161 3754 2305 3809 volo.
2347 3753 2512 3823 Atqui
2551 3760 2611 3807 ut
2642 3753 2693 3806 in
2722 3752 2947 3821 reliquis
2981 3750 3050 3805 ab
3075 3765 3344 3822 apparen—

1780 3851 1914 3904 tium
1937 3848 2323 3917 experimentis
2345 3848 2567 3903 minime
2586 3845 2934 3915 discrepant;
2955 3845 3035 3899 sic
3051 3843 3345 3914 lngenicnli

1780 3958 1890 3996 non
1928 3940 2211 3997 sinistrum
2251 3940 2415 3994 modo
2457 3954 2617 4009 genu,
2672 3953 2878 4008 pesque
2930 3951 3094 4007 supra
3143 3945 3346 3991 terram

1781 4032 1961 4087 adhuc
1987 4030 2210 4096 eminet,
2242 4031 2338 4085 sed
2362 4029 2524 4083 etiam
2565 4028 2816 4083 dextrum
2847 4045 3009 4099 genu.
3058 4026 3171 4081 lloc
3200 4027 3346 4081 enim

1781 4123 1982 4179 occidit
2002 4122 2211 4177 oriente
2228 4120 2425 4175 Leonis
2452 4127 2603 4189 parte
2626 4120 2711 4175 16.
2739 4118 2807 4172 At
2830 4118 3006 4189 Lepus
3034 4134 3141 4173 non
3169 4118 3346 4173 solum

1782 4230 1909 4269 cum
1934 4212 2146 4269 Cancro
2179 4212 2375 4277 oritur,
2422 4210 2499 4265 uti
2525 4209 2700 4263 visum
2727 4216 2809 4263 est
2840 4208 3029 4275 Arato,
3064 4209 3157 4262 sed
3180 4208 3346 4261 etiam

1782 4321 1906 4360 cum
1942 4304 2207 4359 Geminis.
2251 4302 2392 4357 Oriri
2430 4301 2631 4371 quippe
2662 4301 2848 4370 incipit
2885 4316 3007 4354 cum
3054 4308 3205 4370 parte
3243 4296 3350 4352 Ge-

2841 4408 2853 4442 :
2904 4388 3104 4443 desinit
3168 4396 3347 4440 autem

1784 4484 2113 4539 ascendente
2134 4497 2255 4536 cum
2284 4481 2400 4549 ipso
2420 4479 2615 4534 Cancri
2645 4478 2711 4531 12
2740 4478 2859 4549 1/2.
2883 4479 3048 4532 Canis
3070 4493 3198 4532 vero
3222 4493 3345 4530 cum

1790 4578 1999 4631 Cancro
2031 4581 2177 4629 totus
2205 4573 2399 4637 oritur,
2422 4572 2623 4641 iisquae
2647 4571 2699 4623 in
2718 4568 2889 4623 cauda
2916 4576 3043 4623 sunt
3069 4570 3344 4639 exceptis;

1786 4684 1983 4738 neque,
2016 4675 2075 4721 ut
2102 4666 2268 4720 Arato
2299 4666 2497 4737 placet,
2527 4664 2831 4719 anteriores
2864 4678 2988 4716 cum
3013 4662 3223 4717 Cancro
3262 4679 3351 4731 pec

1783 4762 1881 4815 des
1910 4760 2173 4815 duntaxat
2202 4759 2469 4813 oriuntur.

1857 4963 1947 5016 ιχ.
1988 4961 2161 5015 Porro
2186 4960 2466 5016 exoriente
2494 4956 2741 5028 Virgine,

1859 5142 1872 5156 .
1896 5141 1928 5181 ,ε
1959 5140 1981 5181 ,Ι
2011 5099 2155 5181 Lyra
2188 5106 2329 5181 tunc,
2364 5094 2755 5181 ait,Cﬂyl‘lenfa,

1786 5171 1853 5225 Et
1889 5160 2105 5239 Delphin
2144 5169 2406 5239 occidunt,
2433 5180 2479 5220 et
2512 5160 2806 5234 fabrefacta
2840 5160 3069 5231 Sagitta.

1785 5242 1918 5296 Cum
1947 5229 2133 5310 quibus
2165 5237 2332 5309 Cygni
2359 5229 2614 5310 primores
2643 5229 2823 5303 penum
2854 5229 3016 5310 asque
3048 5229 3116 5283 ad
3152 5231 3317 5296 ipsum

1785 5303 2053 5370 (Iaudem,
2083 5318 2129 5361 et
2160 5303 2306 5377 ιιᾶῦἰὶ
2336 5303 2690 5360 extremitates
2717 5303 3071 5377 occultantur.

1789 5380 1994 5437 Occidit
2030 5373 2201 5449 autem
2233 5378 2368 5449 Equi
2395 5387 2581 5449 caput;
2612 5375 2800 5428 occidit
2831 5382 2881 5449 et
2915 5373 3111 5449 cervix.

1791 5452 1975 5507 Oritur
2001 5466 2116 5505 vero
2152 5442 2337 5519 Ilgdra
2366 5442 2591 5514 amplius
2614 5461 2782 5519 itaque
2811 5442 2888 5519 ad_
2913 5443 3083 5519 ipsum

1790 5523 2086 5583 Cratemm;
2112 5507 2427 5590 ρναῗιτηίεηδ
2453 5507 2569 5571 rero
2600 5507 2766 5570 Cattis
2792 5507 2946 5582 pedes
2972 5511 3162 5580 arripit
3202 5507 3359 5572 alios,

1794 5659 2022 5715 Traltens
2054 5676 2084 5713 α
2118 5667 2256 5727 tergo
2282 5655 2489 5725 puppim
2518 5651 2743 5708 stellam:
2773 5652 2966 5721 Argus.
