3816 6304
106 285 227 346 ιθει

1085 283 1458 343 HIPPARCIi'i
1488 285 1580 339 AD
1616 284 2062 346 ΡΗΔΕΝΟΜΕΝΔ
2099 289 2229 345 LIB.
2259 290 2331 348 Il.

3197 289 3342 349 i082

105 410 190 479 τῆς
218 406 516 478 ἀριστερᾶς
556 386 762 477 χειρὸς,
797 404 878 459 ἔτι
916 405 1021 460 ὐπὸ
1047 407 1150 477 γῆν
1178 402 1338 472 εἶναι,
1368 406 1461 460 τοῦ
1494 408 1664 478 Σκορ-

1769 424 2010 476 manum,
2045 410 2222 467 adhuc
2251 425 2375 474 esse
2409 409 2514 466 sub
2539 416 2706 466 terra.
2736 404 2956 478 quando
2980 404 3239 474 Scorpius
3282 406 3340 461 in

106 499 218 553 πῐου
270 498 409 570 πρὸς
463 500 530 569 τῇ
595 497 827 569 ἀνατολῇ
871 498 1022 562 ὄντος
1046 513 1061 526 ⁸
1126 499 1224 571 τὴν
1274 499 1330 553 δὲ
1372 498 1665 570 ἀριστερὰν

104 593 250 663 χεῖρα
280 591 379 643 καὶ
405 589 506 660 τὴν
529 588 772 661 κεφαλὴν
805 588 1077 661 μετέωρον
1105 589 1407 657 φαίνεσθαι,
1447 588 1540 641 τοῦ
1565 588 1666 641 Το-

104 684 244 750 ξότου
277 680 685 744 ἀνατέλλοντος.
732 681 1065 735 Ἀνατέλλειν
1103 680 1160 735 δέ
1192 699 1354 752 φησιν
1397 680 1514 751 ἅμα
1548 683 1668 745 ταῖς

104 775 297 844 Χηλατς
321 774 419 827 καὶ
441 774 500 828 τὸ
521 775 694 844 ἥμισυ
719 773 811 828 τοῦ
839 774 1131 843 Στεφάνου,
1154 775 1248 828 καὶ
1267 774 1364 845 τὴν
1387 773 1553 845 οὐρὰν
1573 773 1665 827 τοῦ

102 866 410 938 Κενταύρου
437 883 451 897 ·
481 866 656 919 δύνειν
685 866 741 919 δὲ
781 868 940 919 πάλιν
972 868 1032 919 τό
1056 884 1114 919 τε
1146 866 1304 935 σῶμα
1340 864 1434 918 τοῦ
1470 866 1665 918 Ἵππου

100 959 230 1023 ὅλον,
268 959 366 1012 καὶ
389 958 492 1029 τὴν
535 959 703 1029 οὐρὰν
731 958 823 1012 τοῦ
858 958 1124 1029 Ὄρνιθος,
1150 959 1245 1011 καὶ
1287 957 1389 1027 τὴν
1422 957 1666 1026 κεφαλὴν

100 1051 188 1120 τῆς
227 1049 609 1121 Ἀνδρομέδας.
639 1049 734 1103 καὶ
767 1049 858 1103 τοῦ
896 1050 1109 1119 Κήτους
1145 1049 1206 1102 τὸ
1244 1048 1348 1101 ἀπὸ
1375 1049 1473 1119 τῆς
1500 1050 1667 1120 οὐρᾶς

101 1142 193 1204 ἕως
241 1143 344 1212 τῆς
382 1139 608 1210 λοφίας·
658 1140 751 1194 τοῦ
797 1140 855 1193 δὲ
893 1141 1127 1210 Κηφέως
1172 1139 1412 1210 κεφαλήν
1456 1156 1536 1201 τε,
1572 1140 1666 1192 καὶ

101 1234 266 1302 χεῖρα,
304 1232 405 1285 καὶ
439 1229 644 1302 ὤμους,
674 1231 856 1285 καὶτὸ
895 1231 1143 1284 πλεῖστον
1174 1230 1338 1301 μέρος
1372 1229 1467 1282 τοῦ
1495 1230 1666 1282 Ποτα-

103 1326 195 1396 μοῦ
217 1343 231 1356 ·
255 1326 464 1397 ὁμοίως
494 1325 553 1378 δὲ
587 1326 646 1377 ὲν
665 1324 871 1388 τούτοις
894 1324 989 1378 καὶ⁵
1010 1326 1039 1378 ὁ
1069 1326 1301 1397 Ἀρατος
1332 1323 1530 1395 τρόπον
1545 1321 1671 1375 τινά

101 1418 526 1489 παραγέγραφεν
555 1416 627 1471 τὰ
655 1416 750 1470 τοῦ
781 1415 1032 1481 Εὐδόξου.

159 1556 238 1610 Τά
261 1555 366 1625 μὲν
400 1551 495 1609 οῦν
526 1553 689 1609 λοιπά
720 1554 810 1607 ὐπ’
841 1552 1019 1607 αὐτῶν
1056 1551 1225 1621 ὐγιῶς
1252 1550 1490 1623 εἴρηται·
1539 1548 1665 1620 περὶ

97 1651 146 1704 δὲ
172 1650 267 1704 τοῦ
308 1648 630 1721 Κενταύρου
661 1646 959 1718 ὁλοσχερῶς
988 1646 1341 1715 ἠγνοήκασιν.
1374 1643 1510 1696 Οὐτε
1556 1642 1665 1713 γὰρ

99 1742 280 1814 ἡούρά
308 1740 504 1805 αὐτοῦ,
545 1756 573 1792 ο

98 1834 281 1898 τέλλει,
329 1832 472 1887 ἀλλά
494 1835 524 1886 ὁ
557 1830 840 1903 ἀριστερὸς
868 1824 1045 1901 ὦμος·
1088 1827 1265 1898 πολλῷ
1289 1828 1395 1898 γάρ
1428 1829 1544 1880 ἐστι
1578 1825 1666 1895 βο-

102 1927 398 1999 ρειότερος·
429 1924 554 1978 οὔτε
588 1927 655 1995 τῇ
685 1923 945 1995 Παρθένῳ
983 1923 1205 1994 ἄρχεται
1237 1920 1660 1984 ωνανατέλλειν,

97 2017 164 2082 ῶς
185 2035 375 2090 φησιν,
404 2015 544 2071 ἀλλά
566 2018 684 2080 ταῖς
704 2015 926 2085 Χηλαῖς.
970 2015 1027 2067 '0
1057 2013 1167 2084 γὰρ
1210 2012 1492 2083 ἀριστερὸς
1514 2005 1662 2081 ὦμος

97 2110 249 2164 αὐτοῦ
298 2107 685 2163 συνανατέλλει
722 2110 787 2178 τῇ
824 2113 890 2160 ια’
925 2105 1035 2177 μοί.
1068 2104 1176 2158 τῶν
1210 2103 1423 2176 Χηλῶν.
1464 2104 1508 2155 Τ
1510 2104 1575 2174 ἧς
1607 2102 1663 2155 δὲ

106 2200 462 2273 Ἀνδρομέδας
485 2199 545 2252 οὐ
575 2199 732 2270 μόνον
774 2199 807 2269 ἡ
841 2196 1050 2268 κεφαλὴ
1074 2195 1279 2260 δέδυκε,
1322 2195 1430 2248 τῶν
1468 2193 1664 2265 Χηλῶν

96 2296 224 2368 πρὸς
253 2298 323 2366 τῇ
348 2293 582 2364 ἀνατολῇ
622 2292 818 2357 οὐσῶν,
852 2291 986 2344 ἀλλὰ
1017 2290 1111 2344 καὶ⁹
1134 2292 1188 2343 αἱ
1217 2292 1394 2361 χεῖρες
1429 2286 1663 2358 ἀμφότε-

99 2402 201 2456 ραι.
228 2383 306 2438 Τὸ
342 2384 401 2437 δὲ
430 2383 611 2453 Κῆτος
640 2382 699 2433 οὐ
731 2384 798 2452 τῇ
825 2379 1085 2452 Παρθένῳ
1111 2378 1338 2451 ἄρχεται
1373 2378 1654 2430 ἀντικατα-

95 2478 281 2543 δύνειν,
307 2477 386 2541 ὡς
413 2468 562 2530 οὗτοι
592 2492 775 2541 φασιν,
808 2473 943 2528 ἀλλά
984 2472 1062 2542 τῷ
1090 2472 1295 2526 Λέοντι.
1323 2469 1443 2523 Τῶν
1469 2471 1578 2540 γὰρ
1604 2471 1665 2521 ὲν

94 2574 155 2643 τῇ
176 2572 312 2643 οὐρᾷ
335 2567 507 2623 αὐτοῦ
540 2568 581 2639 β’
617 2566 881 2639 λαμπρῶν
909 2569 937 2619 ὁ
968 2565 1064 2636 μὲν
1094 2562 1409 2634 νοτιώτερος
1445 2563 1664 2615 ἀντικα-

95 2662 299 2716 ταδύνει
332 2661 476 2733 μέσῃ
502 2662 572 2730 τῇ
608 2656 654 2722 ζ’
692 2659 785 2711 καὶ¹
817 2658 865 2711 κ’
895 2657 1005 2728 μοι.
1034 2655 1127 2710 τοῦ
1158 2655 1412 2716 Λέοντοςο
1442 2654 1503 2706 τὸ
1534 2652 1662 2722 μέν·

95 2771 233 2825 τοιγε
266 2753 459 2807 λοιπὸν
498 2752 655 2822 ςῶμα
684 2750 775 2805 τοῦ
813 2751 1028 2821 Κήτους
1055 2748 1151 2818 οὐχ
1177 2747 1294 2800 ὅλον
1313 2748 1378 2816 τῇ
1402 2742 1663 2815 Παρθένῳ

95 2845 521 2908 ἀντικαταδύνει,
560 2843 675 2896 ἀλλ’
708 2843 812 2906 ἕως
855 2841 955 2911 τῆς
1000 2839 1210 2908 λοφεας,
1256 2837 1331 2899 ὡς
1371 2837 1400 2887 ὁ
1430 2834 1663 2905 Ἄρατός

97 2955 272 3009 φησιν.
307 2937 419 2990 Τοῦ
450 2936 510 2990 δὲ
550 2934 784 3003 Κηφέως
815 2935 850 3004 ἡ
878 2931 1086 3003 κεφαλὴ
1121 2929 1277 3001 μόνον
1316 2927 1492 2981 δύνει·
1525 2926 1576 2978 οἱ
1604 2924 1662 2977 δὲ

94 3023 226 3101 ὦμοι
248 3029 417 3085 αὐτοῦ
438 3031 499 3082 ὲν
524 3027 603 3098 τῷ
626 3028 872 3096 ἀειφανεί
889 3026 1135 3095 τμήματι
1160 3025 1385 3085 κεῖνται,
1413 3017 1663 3089 καθάπερ

1768 505 1976 560 oriente
2009 512 2259 560 versatur
2290 522 2303 557 :
2335 501 2614 559 sinistram
2643 514 2808 570 porro
2836 512 3056 552 manum
3089 511 3213 551 cum
3242 511 3338 550 ca-

1766 599 1878 669 pite
1926 600 2212 655 sublimem
2252 597 2424 654 videri
2470 597 2682 651 oriente
2723 592 3033 664 Sagittario.
3070 590 3337 645 Caeterum

1767 706 1875 745 una
1895 706 2018 745 cum
2044 690 2227 746 Chelis
2257 689 2389 744 oriri
2418 687 2687 743 Coronam
2718 682 2998 739 dimidiam
3029 682 3245 743 asserit,
3275 694 3340 733 ac

1765 777 2024 832 Centauri
2063 776 2328 843 caudam;
2373 775 2672 842 eodemque
2710 780 2952 841 tempore
2984 785 3049 824 ex
3089 769 3339 838 opposito

1764 869 2095 924 descendere
2120 869 2388 939 integrum
2412 882 2613 936 corpus
2636 864 2773 935 Equi
2799 872 2853 917 et
2877 862 3108 916 caudam
3133 858 3332 930 Cygni;

1765 970 1930 1031 caput
1970 960 2347 1024 Andromedae,
2388 957 2579 1013 Cetum
2618 972 2649 1009 a
2693 954 2870 1010 cauda
2899 952 3111 1007 cervice
3142 958 3335 1014 tenus;

1764 1052 1967 1124 Cephei
2015 1062 2179 1123 caput
2233 1060 2288 1107 et
2327 1066 2548 1105 manum
2592 1063 2717 1103 cum
2765 1045 3030 1108 humeris,
3080 1057 3145 1097 ac
3186 1039 3335 1095 ﬂuvii

1765 1150 2053 1200 maximam
2102 1152 2328 1215 partem.
2368 1142 2430 1197 In
2473 1142 2676 1213 quibus
2714 1139 2966 1195 similiter
3000 1136 3201 1190 Aratus
3225 1132 3338 1187 Eu-

1764 1231 1892 1287 doxi
1944 1234 2142 1298 locum,
2184 1230 2534 1287 commutatis
2584 1228 2789 1295 verbis,
2837 1227 2895 1283 in
2940 1225 3139 1281 librum
3174 1237 3334 1279 suum

1766 1324 2064 1380 transtulit.

1832 1525 1912 1581 Ac
1955 1535 2151 1581 caetera
2186 1521 2404 1594 quidem
2432 1519 2501 1576 ab
2538 1518 2805 1575 ambobus
2836 1523 2968 1573 sunt
2992 1514 3138 1570 dicta
3172 1513 3338 1569 veris-

1766 1622 1903 1678 sime
1928 1637 1944 1686 ;
1980 1620 2036 1674 in
2065 1618 2339 1674 Centauro
2367 1616 2527 1686 plane
2557 1612 2769 1680 decepti
2802 1618 2950 1666 sunt.
2979 1607 3115 1663 Nam
3157 1619 3336 1675 neque

576 1738 667 1792 ὐτε
706 1704 1049 1792 καθόλου-τά.
1073 1704 1293 1791 ὀπῖσθια
1330 1737 1506 1790 πάντα
1530 1704 1662 1787 ἀναί-

1768 1713 1938 1768 cauda
1977 1711 2169 1781 ipsius,
2216 1723 2394 1780 neque
2440 1706 2773 1777 posteriores
2802 1716 2993 1756 omnes
3030 1706 3233 1769 partes,
3275 1704 3335 1751 ut

1765 1809 2018 1862 universe
2066 1807 2279 1875 loquar,
2307 1808 2558 1859 exortum
2587 1798 2822 1863 faciunt;
2854 1794 2950 1851 sed
2979 1793 3202 1848 sinister
3232 1789 3336 1844 hu-

1763 1916 1969 1964 merus,
1994 1899 2087 1970 qui
2118 1900 2290 1953 multo
2317 1897 2589 1952 borcalior
2613 1903 2718 1958 est,
2742 1908 2918 1963 neque
2938 1906 3060 1945 cum
3091 1887 3334 1958 Virgine,

1763 2000 1823 2047 ut
1862 1993 1954 2048 ille
2000 1991 2155 2053 dicit,
2185 1989 2281 2046 sed
2312 2005 2436 2044 cum
2470 1987 2653 2043 Chelis
2683 1986 2816 2040 oriri
2847 1984 3058 2053 incipit.
3090 1980 3225 2035 Nam
3262 1978 3338 2033 si-

1762 2085 1935 2142 nister
1980 2085 2241 2139 humerus
2292 2082 2466 2153 ipsius
2504 2081 2679 2135 oritur
2707 2095 2833 2134 cum
2866 2085 3020 2148 parte
3043 2075 3341 2131 Chelarum

1763 2174 2068 2230 undecima.
2109 2174 2178 2226 At
2218 2171 2575 2226 Andromeda:
2614 2186 2721 2225 non
2768 2170 2947 2224 solum
2978 2175 3146 2238 caput
3177 2180 3343 2222 occa-

1763 2280 1882 2320 sum
1911 2263 2022 2332 jam
2059 2262 2208 2325 fecit,
2240 2261 2460 2332 quando
2491 2260 2669 2316 Chela:
2706 2269 2835 2315 sunt
2864 2259 2920 2312 in
2964 2257 3198 2320 oriente,
3241 2256 3339 2312 sed

1760 2356 1924 2411 etiam
1955 2370 2150 2410 manus
2174 2360 2423 2423 utraque.
2455 2353 2620 2407 Cetus
2645 2365 2862 2420 quoque
2892 2363 3021 2416 non,
3054 2357 3113 2403 ut
3134 2348 3211 2402 illi
3241 2363 3333 2401 ar-

1762 2445 2057 2507 bitrantur,
2113 2443 2324 2497 oriente
2362 2439 2585 2511 Virgine
2628 2454 2696 2494 ex
2738 2437 2971 2493 adverso
3005 2437 3343 2497 descendere

1761 2537 1971 2606 incipit,
2006 2535 2101 2591 sed
2136 2534 2335 2589 Leone.
2360 2533 2494 2587 Nam
2526 2548 2556 2588 e
2586 2531 2785 2586 lucidis
2808 2530 3042 2594 duabus,
3075 2544 3212 2599 quas
3236 2528 3337 2581 ha-

1760 2630 1852 2686 bet
1882 2630 1938 2685 in
1970 2629 2165 2691 cauda,
2197 2627 2490 2683 australior
2515 2625 2709 2681 mediae
2736 2624 2937 2680 Leonis
2968 2622 3036 2677 27
3068 2623 3209 2692 parti
3238 2621 3336 2676 ad-

1760 2737 1921 2777 versa
1964 2721 2193 2789 occidit;
2238 2720 2507 2791 reliquum
2533 2717 2651 2774 Ceti
2690 2731 2891 2787 corpus
2924 2729 3032 2769 non
3067 2714 3339 2784 integrum

1762 2815 2041 2872 descendit
2084 2816 2367 2871 exoriente
2391 2813 2635 2884 Virgine,
2679 2811 2773 2867 sed
2816 2808 3029 2865 cervice
3068 2816 3247 2868 tenus,
3278 2812 3338 2858 ut

1761 2912 1962 2967 Aratus
1990 2910 2202 2967 scribit.
2233 2910 2303 2962 At
2328 2906 2527 2977 Cephei
2559 2905 2735 2961 solum
2770 2909 2935 2973 caput
2965 2898 3195 2967 occidit;
3228 2899 3336 2953 liu—

1762 3005 1900 3059 meri
1945 3004 2114 3075 ipsius
2159 3005 2215 3057 in
2262 3014 2476 3070 semper
2515 3004 2809 3067 apparente
2853 3002 3131 3064 segmento
3175 2990 3342 3061 positi

93 3085 522 3197 προειρήκαμεν.
548 3085 623 3175 (ib
651 3085 810 3189 μόνον
825 3119 881 3172 δὲ
906 3085 1022 3172 κάξ
1037 3116 1166 3170 αὐτὸ
1190 3113 1495 3183 ἀγνοοῦσιν,
1526 3085 1664 3165 ἀλλά

1768 3106 1914 3163 sunt,
1963 3108 2021 3153 ut
2061 3098 2173 3166 jam
2215 3096 2472 3151 diximus.
2511 3092 2696 3163 Neque
2724 3104 2853 3146 vero
2884 3097 3093 3142 tantum
3133 3087 3188 3139 in
3234 3085 3339 3139 hoc

1768 3190 1782 3197 -
1842 3189 1874 3197 ..
1952 3189 1963 3197 .
2070 3188 2082 3197 .
2237 3195 2244 3197 .
2404 3185 2469 3197 ..
2832 3195 2843 3197 ,
3074 3176 3215 3197 ηηη,
3255 3191 3307 3197 __

94 3217 208 3270 καθ’
242 3218 271 3270 ὃ
300 3232 434 3285 φασι
467 3216 534 3285 τῇ
590 3211 849 3283 Παρθένῳ
897 3207 1335 3265 ἀπικαταδύνειν
1365 3204 1465 3277 τὴν
1496 3220 1665 3273 κεφα-

93 3312 182 3385 λὴν
212 3312 408 3368 αὐτοῦ.
455 3312 532 3365 Οὐ
571 3309 679 3383 γάρ
705 3312 771 3381 τῇ
802 3307 1082 3381 Παρθένῳ,
1130 3304 1265 3359 ἀλλά
1308 3305 1428 3367 ταῖς
1457 3300 1664 3372 Χηλαῖς

93 3406 315 3477 ἄρχεται
347 3400 811 3458 ἀπικαταδύνειν,
859 3401 918 3454 Ὀ
956 3399 1062 3471 γὰρ
1106 3395 1423 3467 νοτιώτερος
1467 3393 1575 3446 τῶν
1606 3392 1663 3445 έν

90 3501 154 3570 τῇ
197 3498 412 3569 κεφαλῇ
459 3495 629 3561 δύνει,
665 3484 1056 3562 ἀνατελλούσής
1095 3488 1204 3543 τῶν
1250 3486 1443 3558 Χηλῶν
1473 3483 1664 3555 ὀγδόης

94 3589 199 3660 μοι.
223 3589 328 3660 τῆς
352 3588 552 3660 μέσης-

155 3790 257 3844 IA'.
287 3786 396 3842 Τοῦ
413 3786 471 3840 δὲ
489 3783 755 3856 Σκορπξου
777 3780 1077 3854 ἀρχομένου
1093 3776 1420 3840 ἀνατέλλειν,
1440 3774 1667 3844 θάτερός

90 3897 219 3951 φησι
251 3878 436 3933 δύνειν
468 3878 566 3948 μὲν
596 3875 666 3928 τά
692 3891 752 3927 τε
778 3873 941 3926 λοιπὰ
977 3872 1117 3944 μέρη
1144 3870 1238 3923 τοῦ
1271 3866 1543 3938 Ποταμοῦ,
1570 3866 1664 3919 καὶ

88 3972 152 4025 τὰ
192 3968 362 4024 λοιπὰ
413 3969 555 4039 μέρη
598 3966 696 4036 τῆς
737 3963 1108 4036 Ἀνδρομέδας,
1143 3962 1236 4014 καὶ
1280 3957 1373 4013 τοῦ
1425 3958 1676 4036 Κήτους,⁸

90 4063 179 4115 καὶ
203 4061 304 4116 τοῦ
331 4058 574 4131 Κηφέως
597 4057 659 4109 τὸ
680 4057 787 4110 ἀπὸ
809 4056 915 4109 τῶν
944 4053 1107 4126 ὤμων
1137 4052 1295 4124 μέχρι
1323 4051 1421 4121 τῆς
1449 4048 1624 4119 ζώνης
1646 4064 1660 4077 ·

89 4156 179 4209 καὶ
208 4156 315 4226 τὴν
345 4150 720 4207 Κασσιέπειαν
751 4148 899 4219 ὅλην,
931 4146 1069 4218 πλὴν
1112 4145 1173 4198 τὸ
1201 4144 1310 4198 ἀπὸ
1334 4141 1443 4195 τῶν
1489 4139 1665 4193 ποδῶν

88 4249 187 4313 ἕως
220 4248 335 4302 τῶν
363 4246 626 4315 γονάτων.
672 4241 1005 4296 Ἀνατέλλειν
1030 4239 1089 4292 τέ
1117 4255 1281 4309 φησιν
1307 4236 1367 4290 τό
1393 4252 1453 4288 τε
1480 4233 1666 4286 λοιπὸν

84 4341 176 4394 τοῦ
223 4340 530 4410 Στεφάνου,
564 4337 657 4390 καὶ
702 4336 799 4405 τὴν
833 4333 1000 4405 οὐράν
1041 4332 1133 4384 τοῦ
1171 4330 1392 4401 Ὕδρου,
1417 4329 1525 4410 ’καὶ
1569 4324 1663 4380 τοῦ

86 4436 405 4509 Κενταύρου
433 4431 496 4486 τὸ
536 4431 723 4486 λοιπὸν
763 4430 943 4501 σῶμα,
985 4428 1123 4498 πλὴν
1171 4426 1279 4477 τῶν
1326 4406 1667 4495 ὲμῖτροσθξων
1698 4439 1745 4494 υ
1770 4413 2010 4482 exceptis
2069 4430 2083 4466 :

87 4531 263 4585 ποδῶν
286 4546 300 4559 ·
354 4524 671 4582 ἀνατέλλειν
710 4524 767 4577 δέ
797 4539 929 4592 φησι
963 4521 1056 4574 καὶ
1084 4519 1146 4572 τὸ
1178 4517 1395 4589 Θηρίον,
1425 4515 1453 4568 ὃ
1500 4514 1610 4585 ἔχει
1637 4514 1667 4566 ὁ

84 4622 401 4692 Κένταυρος
422 4637 439 4650 ·
471 4618 567 4673 καὶ⁸
597 4616 690 4670 τοῦ
736 4613 1017 4685 Ὀφιούχου
1057 4612 1157 4682 τὴν
1183 4609 1423 4679 κεφαλὴν
1450 4607 1542 4659 καὶ
1566 4605 1664 4667 τὰς

82 4716 294 4785 χεῖρας
326 4707 543 4766 καὶτοῦ
564 4709 797 4777 Ὄφεως,
828 4704 886 4759 ὃν
912 4704 1023 4775 ἔχει
1051 4704 1080 4755 ὁ
1119 4701 1418 4772 Ὀφιοῦχος,
1449 4698 1547 4771 τὴν
1574 4714 1664 4751 κε-

82 4804 259 4876 φαλὴν
287 4802 398 4864 ἕως
425 4800 527 4868 τῆς
558 4796 777 4869 πρώτης
806 4796 1066 4868 σπείρας·
1097 4794 1192 4847 καὶ
1223 4791 1317 4846 τοῦ
1360 4792 1447 4843 Ἐν
1476 4789 1664 4857 γόνασι

79 4895 147 4957 τὰ
174 4893 367 4951 λοιπά.
399 4891 540 4962 πλὴν
563 4890 661 4960 τῆς
688 4888 929 4958 κεφαλῆς
968 4888 1063 4940 καὶ
1090 4885 1190 4956 τῆς
1228 4883 1521 4955 ἀριστερᾶς
1549 4896 1664 4950 χει-

84 4990 194 5060 ρός.
243 4988 308 5040 Ὅ
334 4986 392 5039 δὲ
425 4981 655 5049 Εῦδοξος
680 4980 751 5034 τά
787 4981 885 5051 μὲν
907 4979 1068 5032 λοιπά
1090 4977 1288 5047 ὁμοίως
1317 4973 1623 5045 ἀναγράφει
1647 4988 1659 5001 ·

79 5077 176 5150 τὴν
207 5077 271 5131 δὲ
307 5071 553 5144 κεφαλὴν
583 5070 678 5123 τοῦ
718 5067 1000 5139 Ὀφιούχου
1029 5066 1227 5136 γράφει
1248 5060 1662 5121 ἀνατέλλουσαν,

80 5172 174 5225 καὶ
207 5170 316 5241 τὴν
346 5163 647 5238 ἀριστερὰν
677 5161 833 5232 μόνον
857 5162 1039 5231 χεῖρα·
1071 5157 1169 5228 τὴν
1191 5155 1248 5209 δὲ
1278 5152 1462 5224 ἀλλην,
1487 5152 1665 5205 καὶτὸ

79 5258 306 5329 Θηρίον,
333 5257 395 5308 οὐ
435 5252 533 5306 τοῦ
572 5250 859 5322 Σκορπίου,
890 5247 1025 5302 ἀλλά
1051 5244 1144 5299 τοῦ
1174 5242 1400 5309 Τοξότου
1434 5242 1662 5297 ἀνατέλ-

78 5349 289 5413 λοντος,
326 5345 472 5417 ὑπὲρ
517 5343 622 5414 γῆν
651 5342 745 5395 καὶ
794 5338 1096 5410 φαίνεσθαι.
1130 5337 1239 5391 Καὶ
1280 5335 1351 5389 τὰ
1400 5336 1499 5407 μὲν
1530 5336 1665 5390 ἄλλα

80 5439 395 5511 συμφώνως
428 5436 848 5507 παραγράφουσι
879 5436 988 5496 τοῖς
1022 5429 1364 5501 φαινομένοις
1397 5430 1443 5461 ⁷³
1463 5445 1476 5458 ·
1513 5428 1575 5481 τὸ
1608 5428 1665 5481 δὲ

77 5533 310 5606 Θηρίον,
342 5529 469 5584 οὔτε
500 5529 621 5591 ταῖς
653 5526 872 5597 Χηλαῖς.
905 5525 977 5579 Τὸ
999 5526 1054 5578 δὲ
1078 5524 1260 5581 λοιπὸν
1292 5521 1369 5593 τῷ
1398 5521 1667 5596 Σκορπίου

146 5732 194 5765 ’⁸
238 5731 377 5786 Harc
433 5727 687 5783 mendosa
725 5736 865 5781 sunt.

1765 3188 2085 3243 hallucinati
2125 3195 2282 3254 sunt;
2327 3185 2421 3241 sed
2458 3185 2510 3238 in
2547 3198 2612 3238 eo
2636 3195 2851 3252 quoque
2886 3178 3029 3249 quod
3073 3176 3218 3232 illius
3248 3191 3341 3229 ca-

1765 3289 1863 3354 put
1916 3297 1985 3336 ex
2041 3280 2274 3334 adverso
2316 3276 2558 3348 Virginis
2608 3274 2762 3328 aiunt
2820 3268 3170 3326 descendere.
3218 3264 3345 3319 Non

1764 3374 1911 3430 enim
1939 3371 2173 3443 Virgini,
2207 3369 2301 3427 sed
2324 3368 2509 3425 Chelis
2536 3366 2845 3437 oppositum
2873 3361 3052 3416 facere
3082 3371 3341 3415 occasum

1765 3467 1974 3537 incipit.
2004 3465 2215 3537 Quippe
2242 3463 2524 3521 stellarum
2555 3473 2677 3532 quae
2704 3458 2759 3511 iu
2790 3455 2965 3526 ipsius
2990 3452 3169 3521 capite
3188 3456 3341 3511 sunt,

1765 3561 2058 3617 australior
2084 3558 2288 3614 occidit
2330 3558 2542 3613 oriente
2581 3550 2758 3627 media
2797 3555 2987 3605 octava
3022 3550 3174 3616 parte
3201 3540 3345 3597 Che-

1765 3654 1962 3711 larum.

1832 3767 1930 3825 Xl.
1952 3768 2088 3823 Cum
2119 3766 2255 3822 oriri
2282 3763 2542 3834 Scorpius
2573 3758 2785 3830 incipit,
2801 3756 3085 3812 amborum
3117 3750 3344 3820 scripto-
3369 3794 3373 3797 τ

1766 3876 1886 3915 rum
1921 3862 2099 3931 placet
2121 3858 2299 3924 alteri,
2321 3856 2561 3926 reliquas
2586 3850 2735 3906 ﬂuvii
2752 3857 2935 3920 partes
2953 3842 3222 3906 occidere,
3242 3856 3347 3894 nec

1765 3969 1875 4008 non
1903 3950 2262 4007 Andromedae
2290 3964 2355 4003 ac
2374 3946 2529 4013 Ceti;
2559 3953 2614 3998 et
2642 3940 2843 4011 Cephei
2870 3933 3132 4009 quidquid
3162 3945 3245 3989 est
3275 3932 3351 3985 ait

1764 4047 2007 4100 humeris
2047 4044 2113 4097 ad
2150 4040 2427 4112 cingulum
2459 4057 2472 4093 :
2506 4038 2635 4091 item
2669 4032 3014 4102 Cassiepeam
3054 4028 3341 4096 integram,

1766 4148 2126 4209 praeterquam
2164 4148 2227 4189 ea
2256 4147 2377 4203 quae
2407 4144 2440 4183 a
2470 4127 2701 4200 pedibus
2727 4124 2794 4179 ad
2835 4136 3008 4194 genua
3048 4119 3343 4189 pertinent.

1765 4206 1929 4285 Addit
1956 4230 2060 4293 his,
2082 4226 2215 4282 oriri
2244 4224 2474 4279 Coronae
2502 4219 2792 4288 reliquum,
2816 4222 2870 4269 et
2893 4209 3063 4282 Hydri
3088 4206 3345 4269 caudam,

1767 4338 1831 4379 ac
1859 4319 2121 4377 Centauri
2148 4316 2418 4386 reliquum
2457 4325 2678 4379 corpus,
2715 4304 3082 4361 auterioribus
3113 4300 3351 4373 pedibus

2145 4409 2213 4464 ad
2275 4407 2392 4462 haec
2439 4400 2712 4474 Ophiuchi
2770 4404 2952 4467 caput,
3011 4405 3065 4449 et
3115 4407 3349 4459 manus;

1771 4516 1825 4562 et
1878 4503 2164 4576 serpentis,
2222 4514 2382 4572 quem
2437 4502 2613 4567 gestat
2667 4489 3008 4562 Ophiuchus,
3060 4491 3223 4555 caput
3275 4482 3349 4539 ad

1772 4600 2006 4671 priorem
2044 4609 2219 4665 usque
2254 4594 2485 4663 spiram;
2526 4587 2731 4656 reliqua
2760 4586 2981 4653 insuper
3023 4576 3347 4650 lngeniculi,

1771 4670 1998 4760 excepto
2031 4688 2207 4758 capite
2236 4700 2298 4739 ac
2330 4682 2553 4738 sinistra
2584 4693 2773 4734 manu.
2830 4675 2898 4729 At
2932 4670 3189 4727 Eudoxus
3219 4682 3349 4723 cum

1772 4783 1828 4837 in
1856 4780 2068 4835 caeteris
2096 4775 2421 4838 consentiat,
2453 4768 2724 4842 Ophiuchi
2752 4773 2935 4836 caput,
2973 4779 3036 4817 ac
3069 4761 3350 4817 sinistram

1771 4875 2034 4929 duntaxat
2068 4885 2289 4924 manum
2324 4863 2528 4922 exoriri
2568 4862 2795 4926 asserit;
2837 4858 3063 4912 alteram
3105 4867 3349 4915 manum,

1721 4976 1725 4980 ’
1772 4974 1831 5022 ιιι
1871 4973 1924 5021 et
1966 4965 2157 5025 feram,
2196 4976 2304 5016 non
2342 4959 2557 5013 oriente
2595 4951 2847 5023 Scorpio,
2889 4948 2982 5004 sed
3030 4945 3349 5017 Sagittario,
3389 4983 3397 5011 ι

1772 5074 1935 5130 supra
1988 5066 2187 5113 terram
2233 5062 2470 5109 exstare.
2516 5050 2693 5120 Atque
2740 5047 2796 5102 in
2844 5046 3075 5099 aliorum
3130 5040 3350 5111 quidem

1772 5149 2142 5220 descriptione
2184 5162 2306 5201 cum
2360 5140 2750 5215 apparentibus
2782 5137 2942 5193 ambo
2993 5131 3351 5188 conveniunt.

1775 5244 1881 5300 Sed
1907 5240 2051 5313 quod
2085 5237 2151 5294 ad
2185 5238 2355 5294 feram
2387 5236 2597 5290 attinet.
2665 5275 2679 5287 .
2760 5273 2774 5286 .
2856 5271 2872 5285 .
2953 5269 2966 5283 .
3047 5265 3062 5279 .
3141 5265 3155 5279 .
3236 5263 3251 5277 .
3334 5262 3349 5276 .

1772 5525 2012 5595 Apparet
2066 5532 2196 5589 ergo
2247 5531 2369 5571 cum
2414 5512 2597 5567 Chelis
2640 5517 2843 5578 partem
2879 5503 3050 5575 ipsius
3110 5498 3350 5568 aiiquam
