3816 6324
451 315 598 373 ωδε

1442 311 1528 367 AD
1567 302 2252 366 EUSEBIICHRONIGON
2289 301 2647 359 APPENDIX‘.

3549 282 3675 360 me:

444 438 740 501 oportere,
791 430 939 503 quod
993 431 1068 487 ‘et
1100 427 1359 484 'Eudoxo
1414 426 1593 497 placet
1621 464 1637 490 ,
1706 424 2021 479 ascendere.

2145 418 2339 489 πώματι
2367 420 2487 480 ταῖς
2514 416 2719 487 Χηλαῖς
2754 401 3306 486 συναναφέρεταιίώς
3323 402 3437 468 ~ita}
3464 412 3672 481 Εῦδοξός

450 540 585 593 φησι
605 539 621 555 ο
653 524 831 596 δῆλον,
867 524 947 577 ὃτι
991 522 1085 576 καὶ
1113 524 1231 585 ταῖς
1254 519 1460 592 Χηλαϊς
1488 520 1652 590 μέρος
1679 536 1732 571 τι
1758 516 1921 572 αὐτοῦ
1948 515 2029 568 δεῖ
2054 510 2194 565 κατά
2219 511 2310 564 τὸν
2341 507 2567 573 Εὔδοξον
2600 506 3024 563 συνανατέλλειν.

521 635 725 691 Verum
775 638 829 691 in
889 634 1172 706 Ophiucho
1219 639 1479 702 praeterea
1538 629 1745 684 fallitur
1790 630 2013 684 Aratus.

452 725 663 795 Quippe
699 724 919 779 sinistra
955 728 1165 776 tantum
1223 719 1394 789 ipsius
1436 732 1630 772 manus
1660 732 1783 770 cum
1835 714 2018 769 Chelis

451 817 661 881 oritur;
689 820 871 884 caput,
903 820 957 867 et
993 825 1189 867 manus
1219 809 1408 863 dextra
1437 822 1560 862 cum
1596 804 1841 876 Scorpio.

525 987 633 1044 XII.
668 987 1012 1044 Ascendente
1063 984 1377 1057 Sagittario.
1400 991 1554 1055 putat
1577 983 1774 1037 Aratus
1808 979 2023 1051 Ingeni-

451 1082 555 1138 euli
568 1087 729 1151 caput
745 1095 807 1134 ac
821 1079 1093 1133 sinistram
1110 1093 1327 1132 manum
1345 1085 1584 1130 exortam
1602 1075 1771 1129 fuisse
1785 1092 1798 1127 :
1814 1088 2029 1127 necnon

452 1170 724 1240 Ophiuchi
760 1184 980 1239 corpus,
1006 1167 1344 1237 caudamque
1376 1168 1664 1237 serpentis,
1695 1180 1855 1235 quem
1879 1171 2025 1219 tenet

451 1260 1407 1333 Ophiuchus;Fidiculam-quoque;
1441 1271 1652 1311 necnon
1679 1254 1877 1325 Cephei
1903 1267 2024 1323 quae

450 1369 481 1407 a
518 1354 697 1424 capite
741 1352 810 1407 ad
860 1360 1052 1422 pectus
1094 1350 1387 1420 pertinent.
1436 1347 1698 1403 Occidere
1729 1362 1891 1418 porro
1918 1345 2023 1400 Ca.-

451 1461 575 1500 nem
624 1446 934 1515 integrum,
968 1441 1250 1502 Orionem.
1277 1440 1575 1511 Leporem;
1613 1439 1949 1494 lieniochum
1989 1452 2019 1491 a

451 1535 683 1606 pedibus
715 1535 781 1590 ad
816 1550 1010 1590 zonam
1043 1549 1251 1604 usque;
1282 1534 1517 1601 Capram
1542 1545 1671 1586 vero
1691 1571 1704 1593 ,
1742 1545 1864 1584 cum
1893 1528 2022 1584 Hce-

451 1628 574 1693 dis;
602 1643 633 1683 e
660 1628 863 1698 quibus
896 1627 988 1679 illa
1020 1626 1073 1678 in
1100 1626 1329 1679 humero
1360 1629 1443 1677 est
1467 1620 1726 1676 Heniochi
1758 1620 2019 1677 sinistro:

2166 638 2175 648 '
2203 623 2261 676 '0
2294 622 2351 676 δὲ
2386 624 2620 694 ’Ἄρατος
2649 623 2831 691 ἀγνοεῖ
2869 622 2926 674 ὲν
2955 623 3067 684 τοῖς
3105 620 3229 692 περὶ
3258 621 3349 674 τὸν
3385 618 3680 691 Ὀφιοῦχον..

2133 713 2198 767 Ἡ
2231 713 2340 785 γὰρ
2359 714 2617 785 ἀριστερὰ
2655 712 2775 784 χεὶρ
2804 711 2964 766 αὐτοῦ
3000 713 3157 783 μόνον
3182 715 3302 775 ταῖς
3330 712 3536 782 Χηλαῖς
3569 729 3673 763 συν-

2121 804 2402 859 ανατέλλει
2425 822 2438 835 ·
2475 806 2509 876 ή
2537 804 2593 857 δὲ
2626 802 2835 874 κεφαλὴ
2867 804 2961 856 καὶ
2993 804 3025 874 ἡ
3057 801 3204 869 δεξιά
3255 804 3377 874 χεὶρ
3412 801 3493 872 τῷ
3528 801 3680 870 Σκορς

2122 896 2252 950 πίω.

2196 988 2295 1041 ΙΒ’.
2331 968 2437 1041 Τοῦ
2458 988 2513 1041 δὲ
2538 987 2765 1053 Τοξότου
2799 985 3082 1057 μέλλοντος
3112 984 3441 1049 ἀνατέλλειν,
3468 986 3496 1037 6
3526 985 3674 1055 Ἀρα-

2123 1080 2215 1143 τός
2245 1096 2379 1150 φησι
2427 1080 2524 1151 τὴν
2555 1078 2796 1149 κεφαλὴν
2826 1077 2920 1131 τοῦ
2964 1079 3051 1132 Ἑν
3095 1077 3283 1145 γόνασι
3312 1077 3406 1129 καὶ
3434 1074 3530 1146 τὴν
3569 1077 3672 1147 ἀρι-

2125 1171 2322 1243 στερὰν
2344 1174 2501 1243 χεῖρα
2530 1170 2966 1235 ἀνατεταλκέναι,
2990 1169 3154 1223 καὶτὸ
3170 1167 3331 1238 σῶμα
3356 1166 3448 1219 τοῦ
3485 1167 3673 1234 Ὀφιού-

2123 1279 2243 1332 χου,
2275 1262 2371 1314 καὶ
2396 1262 2495 1333 τὴν
2520 1261 2684 1334 ούράν
2715 1260 2809 1313 τοῦ
2839 1262 3073 1329 Ὄφεως,
3100 1259 3158 1310 ὃν
3183 1257 3350 1328 ἔχει-ὀ
3391 1256 3673 1326 Ὀφιοῦχος,

2125 1353 2219 1406 καὶ
2251 1351 2349 1422 τὴν
2375 1351 2578 1420 Λύραν,
2597 1352 2690 1404 καὶ
2711 1349 2805 1403 τοῦ
2837 1349 3070 1418 Κηφέως
3092 1347 3161 1400 τὰ
3185 1346 3292 1400 ἀπὸ
3319 1346 3422 1416 τῆς
3456 1346 3687 1416 κεφαλῆς-

2125 1440 2229 1503 Em;
2260 1440 2353 1493 τοῦ
2388 1439 2633 1511 στήθους.
2681 1438 2866 1493 Δύνειν
2894 1438 2950 1491 δέ
2984 1455 3114 1508 φησι
3148 1436 3237 1489 τόν
3268 1452 3324 1488 τε
3369 1436 3523 1489 Κύνα
3551 1435 3672 1501 ὅλον,

2126 1532 2338 1586 καὶτὸν
2380 1531 2627 1602 Ὠρίωνα,
2662 1530 2865 1585 καὶτὸν
2908 1528 3151 1599 Λαγωδν,
3180 1529 3272 1581 καὶ
3308 1527 3403 1580 τοῦ
3454 1527 3674 1597 Ἠνιόχου

2125 1625 2193 1681 τὰ
2219 1626 2328 1679 ἀπὸ
2351 1624 2460 1677 τῶν
2491 1624 2665 1677 ποδῶν
2691 1625 2794 1688 ἓως
2813 1624 2913 1694 τῆς
2937 1622 3110 1696 ζώνης
3141 1623 3281 1694 μέρη
3305 1639 3319 1651 ·
3349 1622 3448 1693 τὴν
3476 1621 3529 1674 δὲ
3556 1618 3689 1689 Αἷγάς

450 1720 505 1774 hi
538 1721 591 1774 in
631 1735 794 1775 manu
843 1718 1104 1783 sinistra;
1146 1724 1261 1770 tum
1292 1721 1476 1785 caput,
1517 1729 1580 1767 ac
1610 1712 1854 1767 dextram
1906 1725 2020 1764 ma-

2145 1734 2260 1787 ρησι
2288 1718 2383 1770 καὶ
2408 1718 2533 1780 τοὺς
2560 1716 2835 1790 Ἐρίφους,
2860 1710 2934 1769 ὧν
2954 1717 3101 1769 ἐστιν
3137 1718 3169 1786 ή
3206 1715 3303 1785 μὲν
3332 1715 3425 1767 ἐπὶ
3452 1713 3544 1766 τοῦ
3569 1714 3676 1784 ἀρι-

452 1827 608 1877 num,
633 1812 843 1867 oriente
867 1809 1164 1880 Sagittario
1205 1807 1558 1871 descendere,
1610 1822 1731 1876 quae
1762 1804 1829 1881 ad
1857 1803 2040 1874 pedes.

454 1907 604 1966 sunt,
634 1902 849 1957 oriente
877 1900 1126 1970 Scorpio.
1158 1899 1322 1953 Addit
1367 1897 1617 1953 occidere
1652 1910 1867 1966 quoque
1893 1894 2026 1950 Per-

455 2009 635 2057 seum,
659 2001 885 2063 excepto
913 2008 1053 2062 genu
1081 1991 1291 2055 dextro,
1324 2003 1387 2044 ac
1420 1989 1554 2060 pede
1578 2028 1593 2049 ,
1642 1999 2025 2058 postremoque

456 2085 681 2156 puppim
711 2086 911 2155 Argus.
943 2084 1003 2139 In
1028 2084 1116 2139 his
1142 2095 1334 2139 caetera
1362 2083 1579 2152 quidem
1610 2098 1731 2136 cum
1762 2095 2025 2149 apparen-

454 2178 607 2233 tibus
656 2178 1010 2233 concordant.
1069 2175 1267 2231 Verum
1306 2178 1526 2231 sinistra
1562 2190 1757 2228 manus
1808 2172 2024 2237 Ingeni-

458 2270 569 2324 culi
599 2285 720 2326 cum
747 2271 928 2325 Chelis
972 2269 1183 2332 oritur,
1229 2285 1336 2323 non
1372 2285 1494 2322 cum
1530 2268 1773 2336 Scorpio.
1810 2265 2022 2319 Etenim

462 2360 686 2416 sinister
719 2361 836 2431 ipse
865 2362 1013 2417 illius
1055 2362 1339 2422 humerus,
1372 2360 1529 2429 longe
1558 2360 1799 2413 anterior
1826 2372 2020 2418 manu,

457 2457 717 2521 tanquam
760 2453 915 2507 ulnas
958 2463 1304 2524 exporrectas
1355 2452 1571 2515 habeat,
1621 2450 1769 2520 quod
1823 2451 2024 2503 Aratus

459 2542 624 2596 etiam
654 2543 866 2609 scribit,
894 2560 1016 2601 cum
1051 2546 1209 2600 tertia
1247 2555 1401 2614 parte
1436 2542 1645 2612 Scorpii
1679 2542 1872 2595 oritur.
1903 2539 2022 2593 Non

374 2706 376 2709 τ
460 2647 590 2704 ergo
620 2649 742 2689 cum
783 2633 1012 2707 Scorpio
1041 2637 1215 2693 solum
1251 2644 1414 2707 caput
1437 2634 1705 2691 ascendit.

2128 1808 2317 1881 στεροῦ
2353 1808 2524 1879 ὤμου,
2549 1809 2597 1861 οἱ
2632 1808 2676 1861 δ’
2704 1810 2759 1861 ὲν
2788 1811 2853 1879 τῇ
2886 1808 3149 1880 ἀριστερᾷ
3179 1809 3357 1880 15:91,,
3372 1807 3454 1860 ἔτι
3497 1806 3551 1860 δὲ
3593 1808 3689 1878 τὴν.

2128 1897 2369 1969 κεφαλὴν
2392 1900 2486 1952 καὶ
2511 1898 2609 1969 τὴν
2641 1897 2820 1965 δεξιὰν
2865 1901 3023 1970 χεῖρα
3053 1898 3130 1968 τῷ
3162 1898 3365 1969 Τοξὸτῃ
3412 1899 3679 1951 ἀντικαταο

2126 1989 2333 2042 δύνειν·
2369 1989 2437 2042 τά
2478 1989 2533 2042 δὲ
2568 1989 2704 2061 πρὸς
2735 1991 2860 2053 τοὺς
2889 1990 3052 2052 πόδας
3099 1988 3174 2059 τῷ
3202 1990 3478 2061 Σκορπίῳ.
3512 1990 3678 2041 Δύνειν

2128 2079 2185 2132 δέ
2219 2097 2351 2151 φησι
2380 2082 2472 2133 καί
2494 2082 2584 2133 τὸν
2610 2081 2823 2152 Περσέα
2851 2082 3016 2153 χωρὶς
3039 2082 3129 2135 τοῦ
3157 2080 3330 2146 δεξιοῦ
3359 2083 3577 2152 γόνατος
3598 2084 3680 2137 καὶ

2128 2170 2222 2224 τοῦ
2268 2171 2427 2236 ποδός
2452 2189 2466 2202 ο
2501 2175 2595 2225 καὶ
2637 2173 2735 2244 τῆς
2778 2173 3005 2245 Ἀργοῦς
3049 2174 3145 2246 τὴν
3194 2175 3473 2247 πρύμναν.
3525 2176 3605 2228 Ἐν
3632 2175 3679 2227 δὲ

2128 2263 2335 2327 τούτοις
2374 2264 2442 2318 τὰ
2478 2265 2575 2335 μὲν
2620 2266 2751 2319 ἄλλα
2781 2270 3061 2338 συμφωνεῖ
3098 2270 3211 2331 τοῖς
3256 2269 3620 2338 φαινομένοις·
3650 2271 3689 2337 ἡ.

2128 2357 2186 2409 δὲ
2218 2358 2480 2428 ἀριστερά
2512 2358 2631 2430 χεὶρ
2670 2359 2763 2412 τοῦ
2806 2361 2894 2414 Ἐν
2937 2361 3123 2430 γόνασι
3179 2364 3300 2424 ταῖς
3333 2363 3537 2432 Χηλαῖς
3573 2378 3679 2413 συνο

2128 2449 2424 2514 ανατέλλει,
2455 2452 2548 2504 καὶ
2574 2452 2634 2504 ού
2658 2451 2735 2522 τῷ
2762 2452 3031 2524 Σκορπέῳ.
3057 2455 3165 2507 Καὶ
3193 2453 3303 2524 γὰρ
3325 2454 3487 2517 αὐτὸς
3515 2455 3542 2506 6
3570 2455 3676 2524 ἀρι-

2131 2541 2320 2609 στερὸς
2347 2535 2496 2612 ὦμος
2539 2543 2702 2597 αὑτοῦ
2746 2545 2878 2599 πολὺ
2913 2545 3320 2616 προηγούμενος
3351 2545 3454 2615 τῆς
3497 2545 3675 2617 χειρὸς,

2128 2633 2333 2689 ὡσανεὶ
2360 2636 2800 2708 διωργυιωμένου
2847 2638 3031 2700 αὐτοῦ,
3066 2639 3319 2712 καθάπερ
3358 2640 3453 2693 καὶ
3484 2640 3512 2691 6
3536 2638 3677 2700 αὐτὸς

461 2725 703 2799 Ἄρατός
726 2744 909 2801 φησιν,
931 2731 1071 2803 τῇγ’
1115 2729 1225 2803 μοι.
1260 2728 1353 2783 τοῦ
1378 2729 1647 2803 Σκορπεου
1695 2725 2093 2782 συνανατέλλει.
2134 2727 2245 2798 Οὐχ
2294 2729 2330 2800 ἡ
2383 2728 2590 2801 κεφαλὴ
2624 2725 2717 2785 οῦν
2769 2730 2927 2800 μόνον
2976 2730 3054 2801 τῷ
3103 2731 3356 2803 Σκορπίῳ
3402 2729 3691 2798 συναναφέ--

460 2837 632 2893 ρεται.

529 2930 822 3003 Propterea
850 2934 917 2991 de
945 2946 1069 2991 ortu
1102 2935 1315 3009 Scorpii
1348 2938 1404 2993 in
1431 2937 1889 2995 antecedentibus
1906 2933 2030 2989 bal-

458 3024 735 3081 }ucinatur
764 3029 836 3082 ita
870 3030 1116 3087 scribens
1144 3050 1161 3088 τ

570 3198 611 3236 ._
663 3201 678 3214 .
739 3204 767 3236 ρ
845 3205 860 3221 .
898 3165 1123 3236 Capita,
1153 3179 1202 3224 et
1237 3170 1407 3224 altera
1438 3188 1637 3227 manus.

569 3230 700 3286 Cum
726 3230 1018 3306 Sagittario
1045 3230 1420 3299 conscendunt.

461 3341 521 3397 In
545 3359 653 3412 quo
679 3347 927 3414 sequitur
955 3348 1261 3406 Eudoxum.

535 3456 693 3528 125
733 3457 853 3514 Non
892 3461 1076 3517 minus
1110 3464 1180 3519 ab
1218 3467 1561 3535 apparentiis
1595 3468 1650 3522 in
1676 3468 1901 3539 Cepheo
1920 3470 2045 3526 dis-.

464 3559 709 3619 crepant.
744 3551 880 3607 Nam
928 3554 1105 3637 solum
1147 3564 1311 3626 caput
1350 3558 1792 3628 ipsiusoccidit,
1823 3570 1878 3617 et
1927 3564 2038 3618 ori—

464 3648 586 3709 tur;
634 3642 848 3700 humeri
896 3660 960 3701 ac
989 3656 1182 3717 pectus
1208 3649 1262 3704 in
1310 3665 1526 3721 semper
1574 3667 1867 3724 apparente
1919 3671 2042 3727 seg-

467 3740 652 3788 mento
693 3734 964 3793 feruntur.
1015 3737 1283 3795 Praeterea
1317 3743 1598 3797 stellarum
1619 3783 1634 3808 ,
1679 3761 1801 3815 qua:
1832 3746 1885 3800 in
1919 3747 2039 3816 ejus

471 3822 652 3892 capite
702 3832 852 3891 sunt,
901 3827 1215 3896 praecedens
1258 3844 1382 3884 cum
1439 3828 1651 3901 Scorpii
1703 3840 1856 3904 parte
1894 3835 2041 3891 vice-

473 3912 616 3968 sima
670 3925 861 3971 octava
902 3919 1116 3989 oritur;
1158 3937 1280 3992 quae
1311 3930 1491 3979 autem
1527 3933 1799 3995 postrema
1842 3929 2037 3995 oritur,

473 4013 530 4058 ct
557 4005 612 4060 in
648 4008 825 4079 capite
863 4008 1092 4065 sitarum
1123 4014 1419 4069 australior
1460 4024 1567 4080 est,
1605 4033 1727 4072 cum
1762 4018 2039 4090 Sagittarii

474 4102 629 4149 sexta
651 4106 803 4166 parte
833 4100 1008 4155 media
1049 4104 1243 4169 oritur,
1274 4112 1331 4158 ut
1376 4121 1480 4161 non
1517 4109 1692 4163 solum
1719 4124 1841 4167 cum
1875 4108 2041 4166 Scor-

472 4184 589 4256 pio.
631 4187 723 4243 sed
758 4189 920 4245 etiam
950 4206 1074 4278 eum
1112 4192 1406 4264 Sagittario
1435 4198 1633 4268 Cephei
1665 4216 1861 4258 manus
1900 4204 2044 4258 oria-

472 4283 583 4332 tur.
612 4278 681 4333 At
714 4279 948 4338 Perseus
988 4299 1109 4339 cum
1140 4284 1370 4357 Scorpio
1402 4296 1552 4345 totus
1573 4307 1635 4345 ex
1668 4292 1902 4349 adverso
1942 4295 2040 4353 de-

2205 2929 2298 2981 Διὸ
2325 2929 2420 2983 καὶ
2463 2931 2520 2983 ὲν
2552 2933 2664 2993 τοῖς
2714 2930 2975 3003 πρότερον
3006 2931 3132 3004 περὶ
3167 2930 3268 3003 τὴν
3308 2931 3403 2986 τοῦ
3438 2929 3695 3002 Σκορπίου,

2053 3005 2097 3063 C
2129 3019 2394 3094 ἀνατολὴν
2423 3022 2608 3092 ἀγνοεί
2634 3024 2805 3093 λέγων
2830 3042 2844 3056 ’

2415 3218 2596 3251 ........
2624 3179 2785 3251 Κόρη
2822 3179 2873 3232 δ’
2897 3178 3103 3251 ἑτέρης
3133 3178 3294 3248 μετὰ.
3312 3179 3507 3249 χειρὸς

2419 3250 2577 3315 Τόξῳ
2608 3250 2980 3317 ἀνέρχονται.

2134 3364 2291 3431 lia-:1;
2296 3362 2621 3433 κολούθηκεν
2643 3363 2699 3416 δὲ
2726 3363 2819 3429 καὶ.
2845 3362 2983 3416 κατά
3007 3362 3164 3416 τοῦτο
3184 3362 3263 3434 τῷ
3293 3363 3524 3435 Εὐδόξῳ.

2207 3477 2539 3545 Διαφωνοῦσι
2569 3476 2626 3529 δὲ
2652 3477 2786 3547 πρὸς
2810 3476 2871 3530 τὸ
2897 3475 3217 3547 φαινόμενον
3240 3477 3337 3530 καὶ
3361 3478 3419 3529 ὲν
3441 3480 3547 3540 τοῖς
3577 3475 3695 3546 περὶ»

2135 3566 2230 3619 τοῦ
2259 3567 2511 3637 Κηφέως.
2544 3567 2619 3621 ’Ἡ
2659 3584 2719 3620 τε
2759 3566 2867 3638 γὰρ
2900 3566 3108 3639 κεφαλὴ
3141 3567 3307 3623 αὐτοῦ
3344 3567 3501 3639 μόνον
3529 3566 3691 3625 δύνει.⁸

2138 3658 2233 3711 καὶ
2264 3657 2572 3712 ἀνατέλλει·
2612 3660 2661 3711 οἱ
2691 3659 2748 3712 δὲ
2788 3652 2924 3730 ὦμοι
2962 3659 3057 3712 καὶ
3088 3659 3147 3714 τὸ
3189 3659 3385 3731 στῆθος
3417 3662 3475 3713 ὲν
3502 3657 3577 3728 τῷ
3608 3656 3683 3709 ἀεὶ
3710 3642 3726 3652 ’

2139 3748 2358 3821 φανερῷ
2380 3751 2627 3821 τμήματι
2655 3750 2929 3823 φέρονται.
2962 3750 3145 3824 Χωρῑς
3185 3768 3244 3805 τε
3280 3750 3484 3805 τούτων
3511 3750 3609 3804 τῶν
3633 3749 3688 3801 ἐν

2138 3843 2209 3913 τῇ
2235 3840 2440 3913 κεφαλῇ
2480 3841 2641 3896 αὐτοῦ
2669 3842 2913 3915 ἀστέρων
2940 3845 2973 3902 ὁ,
2998 3843 3096 3914 μὲν
3129 3842 3530 3914 προηγούμενος
3555 3842 3613 3910 τῇ
3641 3844 3679 3908 ηἷ

2141 3931 2236 3985 καὶ
2284 3939 2332 3985 κ’
2364 3932 2473 4003 μοι.
2502 3931 2598 3985 τοῦ
2636 3933 2904 4005 Σκορπὶου
2940 3933 3360 3991 συνανατέλλει,·
3395 3934 3424 3985 ὁ
3461 3933 3517 3987 δὲ
3544 3931 3681 4001 ἐσχα-

2139 4041 2231 4087 τος
2254 4024 2683 4096 ἀναφερόμενος,
2715 4027 2811 4080 καὶ
2842 4026 3156 4098 νοτιώτερος
3187 4024 3263 4080 ὣν
3295 4025 3403 4080 τῶν
3436 4027 3491 4080 ὲν
3523 4026 3580 4095 τῇ
3608 4039 3681 4076 κε-

2143 4112 2284 4186 φαλῇ
2328 4104 2701 4168 συνανατέλλει
2740 4114 2819 4186 τῷ
2860 4115 3062 4189 Τοξότῃ
3100 4122 3152 4180 ς’
3186 4115 3295 4187 μοί.
3339 4115 3481 4187 μέσῃ
3504 4131 3518 4145 ο
3565 4113 3680 4165 ὥστε

2146 4206 2220 4277 μὴ
2263 4206 2421 4276 μόνον
2468 4204 2545 4276 τῷ
2594 4206 2847 4277 Σκορπίιρ
2897 4207 2996 4278 τὴν
3047 4206 3286 4279 κεφαλὴν
3331 4204 3428 4259 τοῦ
3480 4200 3680 4274 Κηφέως

2146 4294 2570 4360 συνανατέλλειν,
2605 4295 2739 4350 ἀλλά
2778 4297 2873 4350 καὶ
2904 4295 2981 4367 τῷ
3019 4294 3242 4369 Τοξὸτῃ.
3287 4297 3343 4350 '0
3383 4296 3438 4349 δὲ
3474 4292 3681 4366 Περσεὺς

475 4372 688 4427 scendit
718 4393 731 4428 :
770 4390 903 4443 non,
931 4383 989 4431 ut
1011 4376 1119 4432 illis
1142 4379 1380 4445 videtur,
1414 4381 1606 4438 dexter
1636 4399 1733 4454 pes
1762 4386 2034 4441 dextrum-

2145 4389 2261 4454 ὅλος
2304 4388 2382 4460 τῷ
2441 4390 2691 4463 Σκορπίῳ
2738 4390 3275 4445 συναντικαταδύνειο
3332 4391 3427 4445 καὶ
3465 4390 3583 4458 οἰχ,
3622 4385 3689 4445 ὡς

474 4478 580 4535 que
609 4480 746 4536 genu
777 4470 987 4524 oriente
1010 4469 1303 4542 Sagittario
1337 4475 1611 4530 conditur.

547 4643 751 4703 Praeter
786 4648 905 4705 haec
940 4650 992 4706 in
1026 4651 1171 4725 Argo
1207 4654 1346 4726 fugit
1376 4655 1499 4711 illos
1540 4656 1700 4710 ratio.
1737 4653 1863 4710 Haec
1900 4656 2045 4712 enim

475 4752 544 4794 ex
582 4740 830 4809 opposita
861 4751 1014 4807 parte
1044 4744 1243 4802 cadere
1276 4747 1489 4816 incipit,
1532 4747 1837 4802 orientibus
1864 4746 2047 4803 Chelis

479 4829 693 4895 mediis,
737 4848 847 4888 non
905 4832 1155 4906 Scorpio.
1203 4837 1500 4907 Oportebat
1541 4852 1670 4909 ergo
1699 4838 2045 4893 commodum

478 4920 692 4979 orienle
728 4923 980 4998 Scorpio,
1019 4929 1130 4997 jam
1161 4929 1341 5000 Argus
1392 4929 1615 5001 puppim
1661 4932 1932 4989 occidisse
1960 4931 2046 4988 di-

479 5028 624 5076 cere,
652 5031 759 5070 non
791 5019 1121 5074 ascendente
1149 5022 1464 5088 Sagittario.

549 5104 686 5161 Xlll.
708 5106 921 5165 Rursus
950 5110 1285 5180 Capricorno
1310 5113 1365 5166 in
1394 5115 1604 5170 oriente
1631 5116 1831 5186 posito,
1856 5116 2049 5172 adver-

480 5214 598 5254 sam
629 5201 879 5256 occidere
923 5201 1217 5269 Sagittario
1249 5207 1439 5262 dicunt
1472 5210 1618 5279 Argo
1663 5210 1963 5280 integram,
1996 5220 2052 5265 et

481 5287 812 5359 Procynem;
835 5290 967 5344 oriri
989 5299 1168 5348 autem
1187 5296 1396 5366 pariter
1416 5297 1683 5370 Cygnum,
1701 5307 1756 5353 et
1772 5300 2046 5370 Aquilam,

483 5376 749 5448 Sagittam
778 5395 842 5435 ac
865 5380 1267 5444 ’Thuribulum.
1324 5388 1405 5445 Ex
1455 5391 1542 5445 his
1579 5398 1777 5446 caetera
1828 5391 2048 5462 quidem

483 5471 874 5538 apparentibus
902 5484 1266 5535 consentanea
1292 5481 1571 5539 dicuntur.
1591 5482 1667 5538 De
1699 5481 1886 5553 Cygno
1925 5498 2048 5537 cum

486 5567 719 5629 uterque
749 5562 1115 5640 halluciuatus
1144 5578 1250 5637 est,
1316 5580 1428 5627 tum
1468 5573 1642 5626 multo
1663 5573 1886 5642 gravius
1914 5570 2054 5626 Ara-

485 5656 600 5707 tus.
647 5650 779 5706 Nam
823 5653 1082 5715 Eudoxus
1115 5663 1363 5719 dextram
1399 5664 1540 5718 alam
1572 5663 1744 5735 Cygni
1784 5665 2047 5720 orientem

2145 4471 2292 4531 οὗτοι
2325 4494 2508 4548 φασιν,
2536 4482 2565 4533 6
2593 4479 2763 4546 δεξιὸς
2790 4480 2923 4544 ποῦς
2949 4480 3039 4533 καὶ
3065 4479 3125 4533 τὸ
3153 4478 3322 4546 δεξιὸν
3347 4479 3475 4548 γόνυ
3501 4477 3573 4548 τῷ
3600 4476 3682 4527 Tc-

2148 4566 2276 4638 ξότῃ
2304 4567 2814 4639 ἀπικαταφέρεται.

2230 4659 2557 4729 Ἦγνοήκασι
2595 4658 2651 4710 δὲ
2677 4659 2771 4713 καὶ
2814 4658 2886 4711 τὰ
2923 4659 3051 4730 περὶ
3082 4657 3178 4731 τὴν
3222 4657 3421 4729 Ἀργώ.
3458 4658 3684 4727 Ἀρχεται

2146 4748 2256 4821 γὰρ
2308 4748 2746 4804 ἀντικαταδύνειν
2802 4751 2862 4804 οὐ
2903 4750 2981 4821 τῷ
3023 4749 3294 4821 Σκορπίῳ,
3342 4748 3477 4802 ἀλλά
3523 4745 3685 4817 μέσαις

2148 4842 2267 4903 ταῖς
2294 4839 2518 4912 Χηλαῖς.
2540 4839 2684 4893 Ἔδει
2712 4835 2826 4904 οῦν,
2855 4841 3155 4913 ἀρχομένου
3179 4839 3272 4893 τοῦ
3298 4837 3556 4912 Σκορπίου
3581 4835 3686 4887 ἀνα-

2148 4933 2375 4997 τέλλειν,
2409 4932 2587 5003 λέγειν
2620 4932 2717 5005 τὴν
2751 4933 2853 5004 τῆς
2890 4932 3115 5005 Ἀργοῦς
3142 4932 3397 5004 πρύμναν
3419 4927 3683 4987 δεδυκέναι,

2149 5026 2241 5079 καὶ
2276 5025 2351 5098 μὴ
2380 5024 2475 5078 τοῦ
2505 5023 2733 5089 Τοξότου
2766 5023 3192 5095 ἀναφερομένου.

2220 5118 2319 5175 Il".
2347 5116 2516 5170 Πάλιν
2542 5116 2599 5170 δὲ
2629 5115 2723 5169 τοῦ
2751 5115 3031 5187 Αἰγόκερω
3054 5114 3190 5186 πρὸς
3218 5117 3284 5189 τῇ
3302 5114 3524 5184 ἀνατολῇ
3541 5111 3683 5168 ὄντος,

2149 5207 2227 5278 τῷ
2263 5208 2469 5280 Τοξότῃ
2500 5208 2662 5277 φασὶν
2694 5205 3129 5260 ἀντικαταδύνειν
3160 5207 3261 5278 τήν
3290 5224 3351 5260 τε
3393 5203 3561 5275 Ἀργὼ
3584 5200 3686 5265 ὃλην

2152 5298 2246 5351 καὶ
2270 5297 2361 5352 τὸν
2383 5297 2635 5367 ῐιρόκυνα
2660 5312 2672 5325 ·
2711 5293 3119 5350 συνανατέλλειν
3150 5294 3208 5347 δὲ
3254 5294 3346 5347 τόν
3376 5310 3436 5346 τε
3469 5286 3684 5361 Ὄρνιθα.

2152 5388 2248 5441 καὶ
2276 5388 2367 5441 τὸν
2409 5386 2609 5450 Ἀετὸν,
2646 5388 2746 5441 καὶ
2783 5386 2872 5439 τὸν
2923 5385 3149 5451 Ὀῖστὸν,
3199 5386 3295 5439 καὶ
3339 5386 3400 5438 τὸ
3440 5377 3685 5452 Θυμιατή·

2156 5497 2290 5552 ριον.
2319 5479 2398 5533 Τά
2439 5480 2535 5552 μὲν
2563 5475 2655 5533 οὖν
2694 5479 2826 5543 ἄλλα
2857 5476 3158 5549 συμφώνως
3187 5478 3278 5530 ὑπ’
3303 5476 3478 5531 αὐτῶν
3504 5472 3685 5540 λέγεται

2154 5574 2264 5636 τοῖς
2299 5571 2639 5643 φαινομένοις
2661 5589 2678 5603 ι
2707 5569 2776 5624 τὰ
2803 5571 2858 5624 δὲ
2896 5569 3037 5624 κατά
3070 5570 3162 5623 τὸν
3197 5568 3425 5641 Ὀρνιθα
3460 5564 3685 5636 ἠγνόηται

2159 5662 2255 5734 μὲν
2288 5664 2378 5718 ὑπ’
2413 5663 2757 5735 ἀμφοτέρων,
2797 5662 2993 5733 μᾶλλον
3023 5661 3079 5716 δὲ
3110 5661 3216 5716 ὑπὸ
3243 5661 3339 5714 τοῦ
3374 5658 3606 5732 Ἀράτου.
3640 5649 3685 5699 ὐ
