3816 6304
153 294 286 354 1085

1130 288 1501 347 ﬂlPPABCHI
1524 289 1617 344 AD
1652 289 2099 351 PIIENOIENA
2131 294 2257 353 LIB.
2289 294 2365 353 ηε

3243 300 3394 363 i086

156 411 249 482 μὲν
292 407 408 477 γὰρ
449 402 680 470 Εὔδοξος
721 402 805 475 τῷ
844 403 1094 475 Σκορπίῳ
1134 404 1297 477 φησιν
1325 402 1723 458 συνανατέὶλειν

1832 405 1962 460 facit
2010 421 2133 462 cum
2167 408 2398 479 Scorpio
2428 426 2444 462 :
2473 422 2598 464 cum
2634 408 2926 481 Sagittario
2959 411 3229 483 reliquum
3260 431 3384 470 cor-

153 502 247 571 τὴν
273 498 457 564 δεξιὰν
486 497 735 568 πτέρυγα
776 494 871 548 τοῦ
911 494 1159 566 Ὄρνιθος
1182 512 1197 524 ⁸
1230 493 1307 564 τῷ
1338 494 1395 547 δὲ
1422 494 1625 566 Τοξότῃ
1664 493 1725 545 τὸ

153 590 330 645 λοιπὸν
358 587 528 642 αὐτοῦ
554 586 716 657 σῶμα
737 602 751 616 ⁶
779 586 841 651 ἐξ
866 577 941 641 ὧν
969 585 1148 655 δῆλον,
1173 586 1254 638 ὃτι
1276 583 1373 655 τὴν
1396 584 1571 649 δεξιάν
1597 583 1725 638 πτέ-

156 698 291 757 ρυγα
318 682 416 736 τοῦ
452 681 704 754 Ὄρνιθος
734 678 877 733 κατά
912 680 1004 732 τὸν
1036 678 1261 744 Εΰδοξον
1298 678 1377 732 δεῖ
1424 681 1535 742 τοῖς
1565 678 1725 749 ἐσχά-

152 792 260 838 τοις
310 772 509 844 μέρεσι
561 769 659 826 τοῦ
725 768 991 840 Σκορπίου
1050 766 1543 841 συναναφέρεσθαι·
1596 768 1625 820 6
1667 766 1724 820 δὲ

159 860 389 932 Ἀρατός
415 875 550 930 φησι
577 857 655 929 τῷ
686 857 887 929 Τοξότῃ
924 858 1079 928 μόνον
1112 856 1514 911 συνανατέλλειν
1541 856 1721 913 αὐτόν.

154 953 229 1025 Τῇ
256 953 314 1006 δὲ
342 951 577 1023 ἀληθείᾳ
606 951 655 1003 οἱ
698 949 797 1019 μὲν
826 951 883 1001 ὲν
916 949 1060 1020 ἄκρᾳ
1095 950 1168 1019 τῇ
1192 945 1341 1017 δεξιᾷ
1369 945 1598 1016 πτέρυγι
1628 943 1722 997 τοῦ

160 1042 411 1115 Ὄρνιθος
453 1045 565 1105 τοῖς
597 1042 844 1111 ἐσχάτοις
886 1039 1076 1111 μέρεσι
1121 1038 1228 1091 τῶν
1268 1036 1461 1107 Χηλῶν
1495 1052 1723 1088 συνανα-

156 1134 429 1187 τέλλουσιν
453 1150 467 1163 ’
494 1135 523 1186 6
561 1132 618 1185 δὲ
656 1134 713 1184 ὲν
736 1131 881 1202 ἄκρᾳ
907 1133 972 1201 τῇ
1003 1130 1264 1201 ἀριστερᾷ
1296 1126 1542 1197 πτέρυγι,
1571 1125 1629 1188 ὃς
1656 1123 1720 1194 δὴ

156 1226 246 1278 καὶ
272 1224 505 1296 ἔσχατος
529 1222 832 1287 ἀνατέλλει,
861 1224 925 1293 τῇ
961 1221 1005 1291 β’
1029 1221 1123 1273 καὶ
1156 1227 1201 1274 κ’
1235 1220 1343 1291 μοί.
1371 1216 1463 1276 τοῦ
1494 1216 1719 1282 Τοξότου

156 1315 607 1385 συναναφέρεται.

221 1409 319 1461 1Δ’.
360 1404 470 1458 Τοῦ
501 1405 557 1457 δὲ
600 1402 879 1475 Ὑδροχόου
923 1400 1221 1473 ἀρχομένου
1252 1397 1555 1451 ἀνατέλλειν
1587 1396 1720 1467 φησὶ

155 1495 675 1551 συνανατεταλκέναι
705 1494 783 1564 τῷ
821 1492 1100 1562 Αἰγὸιιερῳ
1130 1489 1223 1543 τοῦ
1266 1490 1461 1541 Ἵππου
1492 1485 1589 1556 τὴν
1632 1503 1721 1539 κε-

154 1588 323 1659 φαλὴν
352 1587 451 1641 καὶ
476 1587 605 1650 τοὺς
635 1586 826 1647 πόδας·
855 1583 1031 1637 δύνειν
1058 1582 1113 1634 δὲ
1147 1579 1214 1634 τά
1237 1579 1455 1631 ὀπίσθια
1473 1577 1566 1631 τοῦ
1592 1578 1722 1629 Κεν-

149 1677 369 1748 ταύρου,
407 1676 504 1730 καὶ
531 1673 625 1728 τοῦ
650 1674 844 1745 Ὕδρου
871 1673 932 1725 τὸ
960 1672 1062 1725 ἀπὸ
1088 1673 1185 1742 τῆς
1213 1668 1452 1739 κεφαλῆς
1483 1667 1588 1731 ’ἐως
1617 1666 1719 1736 τῆς

150 1732 368 1838 πριτλτης
416 1766 669 1837 σπείρας.
795 1765 850 1817 δὲ
890 1763 1112 1829 Εὔδοξός
1141 1732 1533 1833 τρησίκαὶντὴν
1564 1732 1713 1813 Κασ-
1747 1732 1791 1789 Β

152 1860 391 1913 σιέπειαν
443 1857 753 1911 ἀνατέλλειν
798 1857 892 1910 καὶ
935 1856 1024 1909 τὸν
1076 1855 1322 1923 Δελφῑνα.
1364 1854 1432 1907 Ἀ
1480 1853 1577 1923 μὲν
1625 1846 1716 1904 οὖν

148 1952 294 2020 κοινῇ
336 1950 596 2020 εἰρήκασι
616 1930 636 2011 ,ἢ
659 1948 839 2017 σχεδὸν
871 1949 1149 2017 συμφωνεῖ
1178 1947 1290 2007 τοῖς
1332 1944 1673 2014 φαινομένοις
1698 1959 1713 1973 θ

146 2039 282 2111 πλὴν
318 2039 400 2093 δτι
429 2041 464 2111 ἡ
504 2039 711 2110 κεφαλὴ
752 2038 842 2092 τοῦ
868 2038 1066 2109 Ὗδρου
1103 2039 1215 2099 τοῖς
1247 2036 1494 2109 ἐσχάτοις
1530 2035 1716 2104 μέρεσι

146 2129 237 2183 τοῦ
267 2128 499 2195 Τοξὸτου
534 2129 758 2201 ἄρχεται
784 2127 1245 2189 ἀντικαταδύνειν,
1280 2127 1372 2179 καὶ
1413 2126 1473 2178 οὐ
1516 2124 1594 2195 τῷ
1626 2126 1718 2176 At-

147 2220 376 2293 γόκερῳ.
427 2219 537 2273 Τοῦ
583 2219 639 2272 δὲ
666 2220 859 2272 Ἵππου
897 2219 959 2272 οὐ
1012 2218 1168 2288 μόνον
1212 2220 1245 2288 ἡ
1292 2215 1499 2286 κεφαλὴ
1540 2217 1630 2268 καὶ
1667 2215 1716 2266 οἱ

147 2310 300 2375 πόδες
323 2309 775 2373 ἀνατετάλκασιν,
802 2309 934 2362 ἀλλά
959 2309 1051 2362 καὶ
1073 2310 1121 2360 οἱ
1143 2302 1283 2377 ὦμοι
1306 2308 1398 2359 καὶ
1419 2307 1480 2359 τὸ
1503 2305 1713 2376 στῆθος.

215 2402 453 2473 Παρέχει
503 2400 560 2453 δέ
610 2418 752 2453 τισιν
797 2401 1078 2455 ἐπίστασιν
1112 2399 1227 2462 πῶς
1268 2398 1359 2451 ἐπὶ
1405 2396 1512 2449 τῶν
1544 2396 1717 2450 ἄλλων

149 2495 348 2560 ξωδῐων
369 2498 400 2549 6
437 2496 675 2567 ’Ἄρατος
701 2494 798 2558 τάς
826 2494 999 2565 ἀρχάς
1042 2495 1134 2548 ἐπὶ
1164 2496 1259 2563 τῆς
1294 2492 1552 2561 ἀνατολῆς
1584 2492 1717 2543 ὑπο-

149 2587 445 2658 τιθέμενος,
479 2587 573 2640 καὶ
606 2586 775 2648 οὕτως
794 2584 892 2647 τὰς
925 2585 1033 2637 τῶν
1066 2584 1237 2639 ἀλλων
1278 2584 1490 2652 ἄστρων
1529 2583 1719 2635 ἀνατο-

150 2677 244 2742 λάς
273 2679 370 2731 καὶ
412 2677 597 2740 δύσεις
625 2676 924 2746 διασαφῶν,
953 2677 1045 2728 τὸν
1085 2674 1365 2749 ’Υδροχόον
1394 2674 1555 2745 μέσον
1593 2675 1721 2735 ἀναο

150 2768 350 2827 τέλλειν
388 2768 728 2834 ὑποτίθεται,
762 2768 934 2837 λέγων
967 2766 1137 2831 οὕτως
1157 2783 1171 2797 ⁸

216 2973 428 3039 Ἵππος
458 2971 513 3025 δ’
553 2970 894 3040 ’Υὸροχόοιο
921 2969 1115 3040 μέσον
1138 2965 1676 3037 περιτελλομένοιο,

215 3043 418 3098 Ποσσί
451 3059 516 3096 τε
544 3042 641 3097 καὶ
668 3039 903 3111 κεφαλῇ
928 3042 1330 3095 ἀνελίσσεται.

151 3154 318 3210 Τοῦτο
336 3154 383 3207 δ’
414 3152 638 3223 ἀπορῶν
664 3154 692 3206 6
725 3152 1002 3220 Ἄτταλος,
1033 3153 1194 3223 φησὶν
1216 3151 1518 3223 ἁμάρτημα
1543 3143 1680 3202 εἶναι
1701 3164 1715 3177 ’

152 3243 258 3298 ιεῖν
286 3245 345 3299 δὲ
367 3246 606 3316 γράφειν
638 3242 809 3306 οὕτως
835 3258 849 3273 ’

219 3359 429 3425 Ἵππος
453 3356 507 3410 δ’
559 3355 896 3424 ’Υδροχόοιο
932 3353 1076 3408 νέον
1114 3350 1649 3422 περιτελλομένοιο.

151 3491 414 3548 Δανθάνει
459 3490 519 3543 δὲ
563 3488 657 3541 τόν
707 3503 767 3540 τε
798 3485 1081 3548 Ἄτταλον,
1121 3483 1216 3538 καὶ
1261 3484 1385 3547 τοὺς
1428 3481 1625 3545 ἀλλους
1662 3481 1723 3535 τὸ

156 3583 398 3655 βούλημα
444 3580 542 3635 τοῦ
596 3578 817 3650 ποιητοῦ
842 3595 857 3609 ο
897 3580 1036 3649 τάχα
1074 3577 1130 3630 δὲ
1162 3576 1257 3630 καὶ⁵
1288 3575 1348 3628 τὸ
1379 3574 1718 3644 φαινόμενον.

164 3671 220 3724 ‘0
242 3671 353 3743 γὰρ
380 3668 687 3740 Torta-160;,
706 3671 772 3737 τῇ
803 3667 947 3720 θέσει
972 3666 1220 3737 κείμενος
1243 3664 1350 3718 ἀπὸ
1381 3663 1722 3736 μεσημσρίας

151 3763 285 3834 πρὸς
320 3755 592 3835 ἄρκτους,
627 3759 696 3813 τά
726 3761 824 3830 μὲν
869 3759 1010 3813 κατὰ
1047 3758 1108 3811 τὺ
1146 3757 1343 3829 στῆθος
1378 3757 1471 3812 καὶ⁵
1510 3756 1607 3827 τὴν
1634 3771 1725 3809 κε-

154 3852 324 3925 φαλὴν
360 3853 509 3923 μέρη
543 3849 677 3904 πολὺ
707 3850 1039 3904 ἐκπίπτοντα
1077 3848 1172 3902 τοῦ
1216 3847 1478 3912 ζωδιακοῦ
1525 3846 1722 3901 κύκλου

154 3947 231 4009 εις
262 3946 324 3998 τὸ
370 3944 509 4015 πρὸς
546 3944 779 4015 ἄρκτους
829 3942 994 4013 μέρος
1038 3940 1178 4012 ἔχει,
1226 3940 1295 3994 τά
1337 3939 1393 3993 δὲ
1432 3937 1573 3993 κατά
1602 3940 1724 4003 τοὺς

156 4036 319 4099 πόδας
350 4032 574 4087 vocuo-re
583 4050 651 4103 pa.
671 4033 765 4086 τοῦ
806 4031 1068 4096 ζωδιακοῦ
1099 4030 1298 4086 κύκλου
1318 4048 1332 4061 ο
1357 4032 1417 4084 ὲν
1436 4030 1494 4083 δὲ
1518 4028 1596 4099 τῷ
1618 4028 1725 4105 (to:

153 4127 321 4200 διακῷ
353 4127 424 4181 τά
461 4126 604 4198 μέσα
642 4125 806 4179 αὐτοῦ
849 4128 1044 4181 κεῖται.
1088 4124 1241 4178 Ἐπεὶ
1267 4119 1359 4177 οὖν
1394 4121 1462 4175 τά
1489 4121 1725 4200 δωδεκα-

154 4194 388 4293 τημόρια
432 4194 528 4274 τοῦ
568 4219 837 4285 ζωδιακοῦ
876 4219 1074 4281 κύκλου
1116 4217 1423 4271 ὑποτίθεται
1459 4194 1725 4285 ἀναῖρεμό·

160 4327 325 4379 μευα,
356 4311 447 4364 διά
497 4308 656 4362 τοῦτο
702 4310 730 4360 6
775 4309 1007 4380 Ἄρατος
1039 4308 1183 4377 λέγει
1211 4325 1224 4338 ·
1262 4306 1372 4361 Τοῦ
1406 4306 1477 4360 ’Υ
1474 4305 1725 4375 δροχόου

1825 511 1927 565 pus
1956 496 2178 565 ipsius:
2223 498 2368 552 unde
2414 496 2584 568 liquet
2614 499 2754 552 alam
2789 498 2958 572 Cygni
3010 502 3255 557 dextram
3297 521 3384 560 se-

1822 588 2059 642 cundant
2086 587 2369 645 Eudoxum
2398 597 2649 660 oportere
2683 605 2806 645 eum
2837 593 3131 662 postremis
3170 592 3383 663 Scorpi

1823 679 2070 751 partibus
2104 680 2418 735 ascendere.
2467 678 2672 736 Aratus
2733 696 2866 736 vero
2909 697 3034 736 cum
3094 681 3382 754 Sagittario

1823 771 2088 825 duntaxat
2131 772 2385 827 accidere
2427 770 2606 841 ipsum
2642 774 2863 829 asserit.
2893 772 3004 829 Res
3029 789 3193 844 parra
3219 776 3294 829 ita
3322 792 3383 830 se

1820 862 2016 917 habet:
2048 878 2169 932 quae
2200 862 2257 917 in
2285 872 2526 919 extrema
2554 871 2684 918 sunt
2714 864 2799 917 ala
2823 864 3013 919 dextra
3034 864 3224 934 Cygni,
3254 881 3381 921 cum

1820 953 2080 1006 extremis
2112 952 2403 1008 Chelarum
2435 953 2681 1023 partibus
2707 952 2994 1009 oriuntur:
3033 968 3153 1022 quae
3194 954 3249 1006 in
3286 969 3385 1007 exl-

1821 1045 2094 1100 trcmitatc
2144 1046 2242 1098 alte
2294 1044 2528 1099 Sinistra
2578 1054 2690 1106 est,
2748 1052 2801 1099 et
2855 1052 3125 1114 postrema
3181 1044 3377 1107 oritur.

1819 1150 1944 1189 cum
1989 1136 2246 1191 vicesima
2294 1134 2537 1190 secunda
2590 1132 2879 1207 Sagittarii.
2915 1139 3070 1205 parte
3111 1147 3385 1189 conscen—

1819 1226 1919 1282 dit.

1889 1408 2026 1465 XIV.
2043 1410 2154 1464 Sub
2174 1409 2387 1466 initium
2404 1417 2627 1466 exortus
2644 1409 2889 1479 Aquarii,
2906 1418 3149 1464 exortum
3167 1408 3242 1461 ait
3257 1422 3384 1463 esse

1818 1515 1942 1556 cum
1994 1501 2327 1571 Capricorno
2382 1500 2519 1572 Equi
2574 1510 2740 1572 caput
2794 1516 2859 1556 ac.
2889 1501 3089 1571 pedes;
3130 1499 3383 1554 accidere

1819 1608 1948 1648 vero
2003 1596 2302 1666 posteriora
2335 1594 2614 1660 Centauri,
2666 1611 2730 1650 ac
2783 1596 2851 1651 de
2898 1594 3081 1667 Hydra
3113 1594 3379 1665 quidquid

1819 1700 1850 1737 a
1879 1685 2054 1753 capite
2101 1693 2184 1739 est
2215 1684 2282 1740 ad
2312 1686 2542 1757 primam
2570 1687 2796 1756 spiram.
2844 1685 2913 1739 At
2954 1685 3214 1740 Eudoxus
3241 1686 3378 1741 Cas—

1820 1776 2057 1847 siepeam
2109 1778 2333 1847 insuper
2372 1778 2527 1844 oriri,
2574 1793 2637 1832 ac
2682 1776 3003 1847 Delphinum
3041 1778 3258 1832 asserit.
3322 1776 3382 1832 In

1816 1868 1904 1922 his
1950 1883 2078 1921 vero
2131 1884 2252 1937 qua:
2292 1869 2362 1924 ab
2391 1868 2655 1924 ambabus
2694 1866 3058 1922 communiter
3102 1866 3381 1930 dicuntur,

1815 1956 2204 2027 propemodum
2255 1958 2629 2027 apparentium
2692 1955 2814 2011 ﬁdei
2864 1955 3228 2026 respondent;
3270 1956 3385 2012 nisi

1816 2048 1961 2117 quod
2012 2046 2180 2119 Hydri
2230 2057 2392 2119 caput
2438 2050 2743 2105 orientibus
2792 2050 3053 2105 extremis
3106 2049 3387 2120 Sagittarii

1817 2141 2086 2210 partibus,
2107 2157 2214 2196 non
2238 2141 2595 2212 Capricorno,
2622 2142 2953 2197 descendere
2977 2141 3168 2212 incipit
3197 2156 3260 2195 ex
3295 2140 3389 2197 ad-

1816 2247 1994 2287 verso.
2027 2232 2364 2303 Equi'autcm
2395 2249 2502 2288 non
2530 2234 2704 2290 solum
2731 2241 2894 2303 caput
2921 2248 2985 2287 ac
3008 2233 3172 2303 pedes
3209 2232 3385 2288 exorti

1817 2333 1988 2392 sunt;
2020 2326 2113 2381 sed
2146 2326 2358 2382 humeri
2386 2326 2547 2380 etiam
2583 2341 2645 2380 ac
2677 2332 2886 2395 pectus.
3072 2386 3089 2393 _

1886 2419 1963 2471 Ac
2005 2418 2285 2473 nonnullis
2314 2417 2752 2472 consideratione
2800 2415 2963 2485 digna
3003 2429 3093 2469 res
3149 2413 3384 2480 videtur,

1817 2525 1917 2565 cur
1968 2524 2090 2562 cum
2147 2507 2347 2563 Aratus
2400 2514 2717 2561 cancrorum
2771 2506 2927 2561 initia
2981 2505 3260 2575 signorum
3328 2508 3382 2561 in

1817 2603 2030 2659 oriente
2074 2600 2349 2665 statuerit,
2393 2608 2557 2670 atque
2593 2600 2666 2652 ita
2726 2598 3201 2654 constellatianum
3235 2597 3377 2650 alia-

1818 2710 1945 2751 rum.
1989 2702 2141 2748 ortus
2190 2699 2245 2747 et
2300 2705 2532 2746 occasus
2569 2691 2893 2759 explicarit,
2946 2688 3185 2744 medium
3236 2690 3381 2744 dun-

1822 2793 1969 2841 taxat
2017 2784 2316 2854 Aquarium
2375 2782 2707 2837 exorientem
2778 2782 3010 2845 fecerit,
3064 2780 3150 2835 his
3211 2782 3386 2837 versi-

1818 2880 1923 2937 bus
1957 2899 1970 2934 :

1890 2970 2072 3040 Equus
2101 2987 2219 3025 vero
2248 2969 2478 3038 Aquario
2513 2967 2682 3040 modia
2725 2968 2920 3022 oriente

1744 3075 1786 3135 ο
1891 3038 2120 3095 Pedibus
2147 3051 2197 3096 et
2223 3041 2391 3107 capite
2413 3038 2710 3093 revolvitur.

1821 3153 1947 3210 Haec
1978 3170 2100 3208 cum
2145 3153 2430 3224 quaesisset
2474 3152 2707 3213 Attalus.
2736 3166 2976 3206 errorem
3022 3165 3145 3207 esse
3166 3165 3389 3223 respanc
3490 3154 3499 3169 '

1820 3248 1929 3310 dit,
1971 3248 2154 3315 itaque
2182 3244 2529 3301 scribendum
2561 3243 2732 3299 videri
2761 3262 2775 3298 :

1893 3358 2073 3429 Equus
2111 3375 2227 3413 vero
2261 3358 2495 3429 Aquario
2530 3373 2705 3413 recens
2734 3357 2950 3415 oriente.

1894 3489 1999 3545 Sed
2056 3505 2232 3560 neque
2277 3489 2519 3553 Attalus,
2575 3506 2749 3561 neque
2796 3492 2975 3546 caueri
3022 3499 3193 3562 poeta:
3233 3508 3361 3548 men

1823 3588 1931 3635 tem
1993 3579 2494 3635 animadverterunt
2543 3598 2558 3634 :
2607 3581 2717 3635 imo
2768 3596 2836 3637 ne
2892 3584 3064 3652 ipsam
3126 3582 3391 3653 quidem,

1829 3680 1890 3725 ut
1920 3670 2137 3744 opinor,
2182 3671 2575 3742 apparentiam.
2630 3671 2843 3727 Etenim
2870 3672 3146 3743 Aquarius
3182 3688 3248 3728 eo
3277 3673 3388 3729 situ

1824 3763 2151 3833 collocatus,
2185 3772 2246 3818 ut
2291 3779 2321 3818 a
2351 3764 2587 3833 meridie
2623 3764 2690 3821 ad
2731 3766 3132 3837 septentriones
3158 3771 3343 3836 vergat
3374 3784 3391 3833 ;

1825 3855 1896 3912 iis
1951 3857 2199 3927 partibus
2244 3872 2365 3927 qua:
2408 3866 2534 3912 sunt
2562 3858 2629 3912 ad
2679 3868 2869 3929 pectus
2910 3866 3200 3930 caputque,
3250 3858 3394 3913 mul-

1826 3958 1941 4006 tum
1966 3965 1995 4004 a
2024 3950 2248 4005 zodiaca
2271 3949 2510 4005 declinat
2531 3950 2597 4005 ad
2622 3952 2953 4022 aquilonem;
2977 3966 3098 4021 quae
3117 3951 3182 4006 ad
3207 3949 3392 4021 pedes.

1827 4042 2181 4097 australiores
2194 4049 2322 4097 sunt.
2344 4041 2566 4097 zodiaca
2587 4043 2817 4109 circulo;
2839 4041 3016 4097 media
3034 4042 3205 4112 ipsius
3233 4042 3286 4095 in
3310 4056 3399 4096 zo-

1828 4133 1989 4188 diaca
2014 4133 2383 4188 collocantur.
2416 4132 2779 4199 Quamobrem
2808 4149 2931 4189 cum
2961 4134 3161 4188 Aratus
3185 4132 3397 4187 zodiaci

1827 4225 2265 4281 dodecatemoria
2295 4226 2350 4279 in
2390 4224 2509 4295 ipsa
2547 4227 2940 4296 contempletur
2969 4239 3218 4288 ascensu,
3250 4223 3392 4287 ideo,

1828 4331 1951 4371 eum
2004 4316 2279 4386 Aquarius
2337 4317 2517 4370 medio
2566 4330 2796 4385 corpore
2834 4315 3029 4381 oritur,
3065 4312 3267 4385 Equus,
3296 4313 3395 4377 ait,

157 4403 301 4457 κατὰ
323 4401 524 4473 μέσον
559 4401 665 4455 τοῦ
694 4400 965 4469 σώματος
990 4398 1449 4465 ἀνατέλλοντος,
1469 4400 1501 4452 ό
1526 4397 1723 4462 Ἵππος

1834 4408 2154 4478 pedibusque
2196 4416 2245 4461 et
2296 4407 2467 4477 capite
2503 4407 2825 4461 revolvitur:
2877 4422 2987 4460 non
3035 4412 3217 4459 autem
3270 4418 3394 4458 cum

158 4496 302 4549 ποσί
333 4510 397 4547 τε
423 4492 522 4547 καὶ
568 4491 802 4561 κεφαλῇ’
832 4491 1252 4545 ἁνελίσσεται·
1284 4489 1377 4543 καὶ
1400 4488 1520 4559 οὐχὶ
1542 4487 1601 4541 τὸ
1637 4486 1733 4558 μέ-

160 4604 248 4641 σον
275 4587 371 4641 τοῦ
400 4587 461 4639 ἐν
496 4584 577 4655 τῷ
617 4584 1066 4654 δωδεκατημορίῳ
1100 4585 1325 4654 μήκους,
1355 4583 1431 4647 ὡς
1465 4581 1519 4636 οἵ
1538 4599 1600 4637 τε
1633 4598 1737 4633 πα-

158 4677 294 4733 λαιοὶ
326 4679 422 4731 καὶ
455 4679 485 4730 6
520 4676 782 4738 Ἄτταλος
807 4676 1103 4746 ἐκδέχεται.
1140 4675 1456 4744 Ἀναγκαῖον
1481 4670 1572 4727 οὖν
1597 4671 1735 4725 εἶναι

158 4769 300 4822 δοκεῖ
332 4787 424 4840 μοι
461 4767 537 4839 μὴ
585 4766 926 4838 μετατιθέναι
957 4767 1047 4819 τὶν
1080 4766 1277 4836 στίχον,
1313 4765 1388 4827 ὡς
1413 4767 1442 4818 6
1477 4763 1736 4826 Ἄτταλος

160 4861 538 4925 ὑποδεικνύει,
571 4862 629 4913 ὲν
655 4859 789 4913 πᾶσί
818 4876 882 4928 γε
922 4858 988 4930 δὴ
1028 4862 1139 4922 τοῖς
1178 4857 1530 4927 ἀντιγράφοις
1562 4856 1736 4919 οὕτως

160 4955 320 5008 αὐτοῦ
352 4952 727 5026 γραφομένου.

235 5047 296 5100 '0
333 5046 393 5099 δὲ
440 5042 672 5108 Εὔδοξος
722 5043 908 5110 ἁγνοεῖ
955 5042 1081 5113 περί
1120 5059 1179 5094 τε
1222 5040 1323 5111 τῆς
1369 5041 1735 5105 Κασσιεπείας

159 5137 251 5189 καὶ
282 5136 377 5189 τοῦ
415 5134 693 5202 Δελφῖνος.
725 5134 799 5185 Οὐ
839 5131 948 5203 γὰρ
984 5131 1061 5202 τῷ
1104 5132 1382 5208 Αἰγόκερῳ
1424 5132 1737 5191 συνανατέλ-

161 5224 271 5276 λει·
300 5223 415 5277 ἀλλ’
450 5226 484 5294 ἡ
524 5223 623 5292 μὲν
652 5222 989 5281 Κασσιέπεια
1027 5225 1139 5284 τοῖς
1170 5222 1307 5284 δυσὶ,
1331 5222 1409 5293 τῷ
1439 5238 1499 5275 τε
1534 5223 1732 5296 Τοξὸτῃ

165 5315 254 5368 καὶ
287 5316 364 5387 τῷ
402 5314 707 5384 Ᾱζγὸκερῳ.
749 5313 1009 5385 Ἀρχεται
1057 5314 1153 5383 μὲν
1186 5312 1293 5383 γάρ
1335 5314 1735 5370 συνανατέλλειν

163 5407 226 5479 τῇ
264 5415 310 5462 α’
334 5408 432 5461 καὶ
476 5412 526 5460 κ’
558 5406 667 5475 μοί.
693 5405 787 5458 τοῦ
819 5406 1047 5470 Τοξότου
1078 5422 1090 5434 ·
1135 5405 1356 5475 ἔσχατον
1399 5406 1454 5461 δὲ
1502 5424 1735 5461 συνανα-

163 5498 332 5552 τέλλει
365 5501 432 5570 τῇ
477 5496 544 5571 ιβ’
585 5496 696 5567 μοί.
732 5496 824 5550 τοῦ
860 5498 1160 5569 Αἱγόκερω.
1206 5498 1264 5551 ὐ
1294 5496 1349 5549 δὲ
1378 5497 1570 5568 Δελφὶς
1618 5499 1736 5563 ὅλος

164 5589 238 5660 τῷ
269 5589 474 5664 Τοξότῃ
504 5588 879 5643 συνανατέλλει
912 5591 1019 5644 ἀπὸ
1056 5591 1155 5662 τῆς
1203 5596 1250 5643 κ’
1292 5590 1455 5643 αὐτοῦ
1489 5591 1597 5663 μοί.
1634 5592 1737 5656 ἕως

164 5680 259 5752 τῆς
287 5681 383 5737 κδ’.

1835 4500 2192 4572 longitudinis
2242 4498 2297 4552 in
2336 4498 2559 4553 zodiaca
2598 4498 3085 4567 medium,oritur,
3135 4495 3396 4565 quemad-

1834 4592 2055 4647 modum
2092 4598 2204 4643 tam
2236 4588 2474 4653 Attalus,
2519 4603 2681 4659 quam
2729 4595 2941 4643 veteres
2988 4586 3393 4642 intellexerunt.

1834 4682 1995 4739 Nullo
2039 4682 2223 4751 itaque
2276 4679 2440 4735 modo
2504 4678 2950 4735 commutandam
2998 4692 3122 4732 esse
3176 4692 3395 4733 versum

1836 4777 1989 4830 illum
2021 4775 2261 4830 arbitror
2284 4812 2300 4836 ,
2346 4780 2406 4826 ut
2436 4770 2624 4825 Attalo
2661 4771 2876 4841 placet;
2924 4784 3049 4825 cum
3094 4784 3206 4825 non
3241 4770 3400 4824 aliter

1837 4867 1891 4923 in
1922 4864 2331 4934 exemplaribus
2374 4861 2629 4917 omnibus
2655 4861 2885 4930 legatur.

1907 5039 2025 5094 Jam
2060 5039 2115 5093 in
2144 5037 2435 5108 Cassiepea
2479 5044 2535 5094 et
2582 5034 2848 5107 Delphina
2877 5033 3048 5089 falsus
3090 5040 3175 5088 est
3221 5031 3402 5087 Eudo-

1838 5152 1962 5197 xus.
1996 5132 2116 5187 Non
2163 5132 2307 5188 enim
2339 5147 2462 5186 cum
2497 5130 2833 5201 Capricorno
2858 5127 3232 5185 conscendunt
3263 5145 3276 5179 :
3305 5126 3399 5181 scd

1834 5225 2127 5294 Cassiepea
2158 5238 2280 5278 cum
2316 5224 2553 5286 duobus,
2591 5221 2885 5294 Sagittario
2922 5219 3175 5274 videlicet
3217 5225 3270 5271 et
3298 5216 3402 5270 Ca-

1836 5317 2117 5388 pricorno.
2144 5314 2356 5369 Etenim
2398 5315 2531 5370 oriri
2558 5313 2751 5383 incipit
2780 5326 2903 5367 cum
2932 5310 3193 5365 vicesima
3224 5308 3403 5378 prima

1834 5416 1987 5480 parte
2028 5405 2337 5477 Sagittarii;
2390 5416 2665 5477 postrema
2716 5419 2847 5459 vero
2898 5418 3022 5457 cum
3078 5398 3405 5470 Capricorni

1836 5498 2159 5553 duodecima
2182 5498 2380 5553 oritur.
2411 5498 2481 5551 At
2504 5495 2804 5566 Delphinus
2839 5509 2963 5549 cum
2997 5489 3289 5562 Sagittario
3323 5496 3402 5543 ta-

1836 5601 1927 5645 tus
1972 5591 2217 5644 exoritur
2247 5606 2276 5644 a
2312 5598 2466 5662 parte
2511 5589 2686 5663 ipsius
2716 5585 2998 5648 vicesima,
3044 5581 3111 5636 ad
3151 5588 3405 5652 quartam

1838 5692 1893 5739 et
1917 5683 2252 5738 vicesimam,
