3816 6326
455 312 592 370 {087

1435 316 1526 373 AD
1562 304 2265 376 EUSEBII'CHRONICON
2302 319 2665 382 APPENDIX.

3548 333 3667 390 £088

527 424 879 484 XV.0riente
907 427 1145 483 Piscium
1180 429 1336 485 initio
1364 430 1563 487 Aratus
1594 433 1812 503 quidem
1830 429 1906 484 ait
1920 443 2015 484 oc-

2190 431 2291 487 IE'.
2328 432 2442 503 Τῆς
2483 434 2539 487 δὲ
2583 434 2758 505 ἀρχῆς
2797 435 2905 490 τῶν
2941 435 3160 507 Ἰχθύων
3190 440 3611 516 ἀνατελλούσης,
3643 450 3670 501 6

453 519 659 574 cidisse
676 518 791 587 jam
817 520 1021 590 reliqua
1052 519 1216 591 Hydri
1248 529 1409 591 atque
1435 522 1765 577 Centaurum
1791 541 1806 590 ;
1833 533 2016 579 ortum

455 623 580 665 esse
609 624 740 664 vero
768 608 979 665 Piscem
1012 613 1304 666 australem
1337 629 1444 668 non
1474 615 1718 683 penitus,
1757 614 1854 671 sed
1903 616 2020 671 exi-

455 714 561 769 gua
597 699 783 754 relicta
810 709 963 770 parte
985 702 1158 767 ;.item
1187 703 1544 761 Andromedae
1576 706 1795 764 dextras
1822 709 1878 762 in
1910 707 2022 763 lon-

456 791 755 861 gitudinem
786 801 989 862 partes.
1022 794 1279 851 Eudoxus
1308 797 1362 851 in
1391 799 1574 868 priore
1600 802 2018 868 commentario,

455 899 616 952 quem
671 893 891 941 secutus
940 896 1024 941 est
1070 888 1291 953 Aratus,
1343 892 1507 945 etiam
1552 892 1732 947 Persei
1770 895 2019 949 dextram

456 989 676 1027 manum
709 976 842 1029 oriri
887 985 1058 1045 putat.
1098 979 1154 1033 ln
1196 978 1427 1043 Enoptro
1459 998 1606 1047 vero,
1641 992 1812 1039 totum
1862 987 2022 1059 126

454 1066 531 1119 ait
557 1075 809 1121 exortum
843 1084 998 1132 esse,
1046 1081 1242 1141 praeter
1278 1075 1526 1145 exiguam
1574 1086 1814 1146 partem;
1850 1079 2021 1151 Hydri

453 1164 633 1211 autem
685 1159 951 1231 quidquid
1003 1162 1071 1217 ad
1116 1162 1353 1219 Corvum
1407 1182 1579 1236 usque
1607 1176 1712 1234 est,
1744 1171 2016 1230 occidere.

454 1246 555 1303 Hic
604 1248 863 1309 Eudoxus
899 1264 1126 1311 eatenus
1163 1256 1234 1311 ab
1276 1260 1664 1327 apparentibus
1704 1263 2020 1335 discrepare

454 1347 830 1402 tantummodo
886 1347 1017 1401 mihi
1064 1349 1308 1415 videtur,
1356 1352 1502 1420 quod
1544 1354 1716 1408 solam
1775 1357 2018 1412 dextram

457 1454 677 1494 manum
714 1438 896 1496 Persei
928 1454 1054 1495 cum
1088 1442 1329 1511 Aquario
1361 1443 1507 1497 dicat
1533 1446 1847 1503 ascendere.
1883 1448 2019 1504 Nam

457 1528 684 1583 dimidia
713 1528 824 1585 fere
856 1544 983 1599 pars
1008 1532 1180 1601 ipsius
1212 1533 1391 1587 oritur
1421 1549 1544 1588 cum
1584 1535 1841 1607 Aquario.
1879 1538 2023 1595 Sane

459 1618 821 1683 lucidissima,
848 1636 970 1690 quae
989 1631 1073 1676 est
1110 1622 1165 1676 in
1196 1624 1344 1678 illius
1376 1640 1624 1694 corpore.
1649 1644 1771 1683 cum
1796 1629 2022 1700 Aquarii

2122 520 2220 592 μὲν
2238 523 2469 595 Ἀρατός
2493 542 2656 597 φησιν
2681 526 2955 582 δεδυκέναι
2986 528 3055 582 τά
3095 547 3152 583 τε
3174 530 3336 587 λθιπά
3365 534 3459 588 τοῦ
3489 535 3667 607 Ὕδραν

2119 612 2213 666 καὶ
2262 614 2353 668 τὸν
2408 616 2716 690 Κένταυρον
2736 634 2751 649 ο
2797 622 3212 678 ἀνατεταλκέναι
3261 625 3318 679 δὲ
3369 628 3462 681 τὸν
3517 631 3669 685 νότιον

2131 703 2304 775 Ἰχθῦν
2335 705 2431 777 οὐχ
2480 708 2620 773 ὅλον,
2667 709 2801 764 ἀλλά
2840 713 2988 784 παρά
3037 714 3261 785 μικρόν*
3298 715 3392 770 καὶ¹
3434 717 3535 787 τῆς
3570 721 3670 773 Ἀνο

2119 796 2382 869 δρομέδας
2414 799 2482 854 τὰ
2521 799 2667 865 δεξιά
2716 802 2857 875 μέρη
2892 806 3032 859 κατά
3079 805 3252 877 μῆκος
3275 824 3290 840 ·
3320 811 3348 862 6
3371 809 3429 863 δὲ
3464 810 3670 877 Εὔδοξος

2119 888 2176 939 ὲν
2207 888 2305 957 μὲν
2331 890 2409 959 τῷ
2437 898 2485 944 α’
2526 894 2882 964 συντάγματι,
2917 888 2961 963 ᾧ
2992 896 3055 968 δὴ
3087 900 3179 951 καὶ
3225 898 3253 951 ὁ
3284 901 3519 973 Ἀρατος
3556 920 3670 956 κατι

2118 980 2422 1049 ακολουθεῖ,
2450 984 2665 1038 καὶτοῦ
2704 987 2957 1059 Περσέως
2994 990 3092 1061 τὴν
3130 990 3306 1057 δεξιὰν
3342 995 3502 1065 χεῖρά
3527 1013 3671 1068 φησιν

2118 1069 2443 1125 ἀνατέλλειν.
2487 1074 2574 1128 Ἐν
2604 1075 2660 1128 δὲ
2690 1076 2769 1147 τῷ
2807 1079 3095 1147 Ἑνόπτρῳ
3136 1080 3255 1134 ὅλον
3287 1082 3451 1137 αὑτὸν
3498 1085 3670 1138 ἀνατε-

2119 1161 2371 1216 ταλκέναι
2404 1163 2552 1236 παρά
2595 1167 2794 1240 μικροῦ
2837 1186 3013 1234 τινος·
3046 1170 3138 1225 τοῦ
3181 1172 3238 1225 δὲ
3273 1172 3474 1246 ’Υδρου
3502 1176 3560 1229 τὸ
3586 1179 3670 1249 μέ-

2119 1269 2209 1325 χρι
2240 1254 2375 1325 πρὸς
2399 1255 2489 1309 τὸν
2521 1258 2746 1329 Κόρακα
2782 1259 2977 1314 δύνειν.
3011 1265 3168 1316 Δοκεῖ
3194 1264 3251 1317 δέ
3283 1282 3374 1336 μοι
3406 1268 3435 1319 6
3463 1266 3671 1334 Εὔδοξος

2122 1345 2250 1417 περὶ
2285 1346 2378 1399 τοῦ
2411 1348 2661 1417 Περσέως
2694 1351 2835 1404 κατά
2861 1352 3017 1407 τοῦτο
3046 1354 3211 1425 μόνον
3232 1356 3523 1426 διαφωνεῖν
3553 1361 3671 1432 πρὸς

2119 1436 2181 1489 τὸ
2205 1438 2545 1509 φαινόμενον,
2581 1440 2701 1493 καθ’
2727 1442 2850 1496 ὅσον
2880 1446 3044 1515 φησὶν
3076 1447 3244 1518 αὐτὴν
3280 1450 3444 1519 μόνον
3479 1450 3574 1522 τὴν
3600 1453 3672 1504 δε-

2124 1527 2241 1593 ξιὰν
2261 1532 2417 1600 χεῖρα
2439 1533 2842 1587 συνανατέλλειν
2864 1534 2943 1607 τῷ
2980 1536 3268 1611 Ὑδροχόῳ.
3294 1540 3369 1593 Τὸ
3390 1540 3500 1612 γάρ
3518 1542 3673 1613 ἥμισύ

2126 1621 2307 1691 σχεδὸν
2347 1623 2509 1677 αὑτοῦ
2558 1625 2724 1696 μέρος
2763 1626 2840 1698 τῷ
2883 1628 3152 1700 ’Υδροχόῳ
3204 1632 3610 1686 συνανατέλλει·
3649 1634 3673 1687 6

456 1715 610 1777 parte
656 1712 886 1780 septima
928 1728 993 1767 ac
1028 1714 1289 1770 vicesima
1341 1720 1644 1789 consurgit.
1698 1719 1770 1774 At
1818 1723 2019 1777 Aratus

2123 1711 2253 1779 γοῦν
2290 1714 2347 1767 ὲν
2381 1714 2528 1787 μέσῳ
2562 1715 2638 1787 τῷ
2680 1716 2889 1788 σώματι
2922 1719 3170 1793 λαμπρὸς
3214 1722 3414 1788 ἱκανῶς
3443 1723 3611 1796 ἀστὴρ
3635 1724 3672 1789 ζ’

458 1798 686 1865 fallitur,
744 1801 985 1874 llydrum
1019 1807 1344 1863 existimans
1390 1816 1564 1863 totum
1628 1811 1866 1881 Aquario
1908 1815 2020 1869 ori-

456 1898 582 1944 ente
609 1891 964 1948 descendere.
986 1893 1200 1951 Etenim
1232 1912 1354 1967 quae
1384 1899 1438 1952 in
1468 1903 1814 1958 extremitate
1837 1906 2024 1960 caudae

456 1993 627 2049 supra
658 1980 991 2039 Centaurum
1031 1986 1135 2041 sita
1186 1995 1269 2044 est
1324 1989 1499 2055 stella,
1558 1992 1758 2047 occidit
1813 1995 2022 2052 oriente

460 2070 749 2127 undecima
802 2085 954 2144 parte
1013 2076 1274 2133 Piscium.
1348 2081 1537 2139 Melius
1569 2083 1736 2156 igitur
1763 2086 2021 2146 Eudoxus

458 2166 659 2219 asserit
715 2163 883 2237 Hydri
937 2170 1166 2224 caudam
1215 2171 1393 2227 adhuc
1451 2190 1575 2231 esse
1617 2177 1911 2235 residuam.
1961 2178 2020 2236 In

458 2252 736 2310 Centauro
758 2255 901 2312 idem
935 2273 1090 2313 error
1123 2260 1428 2331 utriusque.
1449 2262 1563 2318 Non
1586 2266 1731 2321 enim
1758 2275 1905 2325 totus
1936 2286 2024 2325 oc-

458 2356 647 2398 casum
698 2345 827 2402 fecit
868 2350 1215 2405 commodum
1260 2354 1560 2408 orientibus
1597 2355 1881 2425 Piscibus;
1924 2359 2021 2415 sed

458 2430 731 2486 anteriora
760 2433 907 2491 illius
937 2436 1117 2491 adhuc
1167 2454 1332 2509 supra
1381 2442 1716 2500 horizontem
1756 2449 2018 2505 eminent.

457 2516 669 2589 Quippe
722 2531 908 2592 caput,
945 2540 1011 2580 ac
1052 2526 1244 2582 dexter
1282 2529 1457 2599 ipsius
1507 2531 1768 2588 humerus
1795 2535 2022 2590 orienti-

457 2609 561 2665 bus
589 2610 837 2671 Piscibus
866 2618 1229 2675 occultantur.
1260 2620 1318 2674 In
1360 2624 1587 2679 australi
1613 2641 1835 2697 quoque
1864 2626 2021 2684 Pisce

457 2703 617 2758 ambo
671 2707 876 2776 pariter
928 2719 1118 2764 contra
1168 2713 1326 2769 tidem
1359 2718 1737 2786 apparentium
1769 2730 2020 2791 peccant,

457 2792 585 2848 dum
615 2812 738 2851 eum
778 2799 1117 2856 arbitrantur
1143 2804 1414 2876 integrum
1451 2806 1566 2863 fere
1611 2824 1737 2864 cum
1778 2813 2020 2882 Aquario

457 2888 845 2946 conscendere.
892 2892 1026 2948 Nam
1056 2911 1088 2951 e
1129 2899 1410 2954 contrario
1442 2901 1679 2957 maxima
1725 2919 1853 2973 pars
1901 2906 2021 2976 ejus

456 2992 580 3032 cum
609 2979 858 3038 Piscibus
890 2987 1082 3041 oritur.
1110 2986 1324 3044 Etenim
1360 2993 1657 3048 australior
1684 3009 1873 3050 earum
1898 3013 2020 3067 qua:

2124 1800 2217 1853 καὶ
2278 1808 2325 1855 κ’
2383 1803 2492 1872 μοι.
2549 1804 2642 1857 τοῦ
2683 1805 2964 1878 ’Υδροχόου
3024 1810 3476 1881 συναναφέρεται.
3527 1813 3581 1867 '0
3625 1815 3673 1868 δὲ

2122 1889 2355 1959 Ἀρατος
2381 1890 2600 1960 ἀγνοεῖ,
2629 1892 2721 1946 τὸν
2755 1895 2948 1966 Ὕδρον
2976 1895 3094 1952 ὅλον
3129 1897 3206 1970 τῷ
3251 1900 3521 1974 ’Υδροχόῳ
3560 1905 3675 1958 ὑπο-

2119 1979 2407 2051 λαμϐάνων
2457 1983 2893 2042 ἀντικαταδύνειν
2915 2005 2929 2019 ’
2959 1990 2989 2042 6
3032 1991 3139 2062 γάρ
3174 1994 3233 2046 ὲν
3271 1994 3418 2066 ἄκρᾳ
3451 1999 3516 2067 τῇ
3556 1998 3675 2071 οὐρᾷ

2121 2071 2260 2144 ὑπὲρ
2302 2072 2400 2144 τὴν
2438 2076 2681 2147 κεφαλὴν
2729 2078 2824 2131 τοῦ
2876 2082 3187 2154 Κενταύρου
3233 2085 3486 2158 κείμενος
3516 2090 3672 2155 δύνει,

2120 2162 2513 2236 ἀνατελλούσης
2530 2165 2645 2237 ,τῆς
2672 2174 2740 2221 ια’
2773 2168 2883 2240 μοι.
2911 2170 3019 2224 τῶν
3062 2173 3301 2245 Ἰχθύων.
3345 2177 3563 2233 Βέλτιον
3593 2176 3674 2234 οὖν

2120 2253 2149 2304 6
2172 2251 2399 2320 Εὔδοξος
2428 2256 2807 2326 ἀποφαίνεται,
2842 2261 3013 2332 λέγων
3042 2264 3137 2319 τοῦ
3172 2266 3371 2339 ’Υδρου
3403 2268 3504 2342 τὴν
3528 2272 3675 2344 οὐρὰν

2120 2340 2199 2395 ἔτι
2229 2343 2634 2402 ὑπολείπεσθαι.
2666 2349 2800 2422 Περὶ
2838 2351 2895 2406 δὲ
2923 2353 3015 2407 τοῦ
3044 2355 3356 2428 Κενταύρου
3393 2340 3672 2430 ἀμφότεροι

2121 2434 2425 2502 ἀγνοοῦσιν.
2464 2439 2539 2494 Ού
2572 2439 2680 2513 γάρ
2719 2441 2838 2507 ὅλος
2865 2442 2930 2497 ἂν
2972 2444 3186 2501 δέδυκεν
3201 2448 3293 2514 ⁷⁸⁸,
3324 2449 3435 2505 τῶν
3474 2452 3675 2523 ’ἰχθύων

2120 2528 2437 2599 ἀρχομένων
2491 2533 2890 2607 ἀναφέρεσθαι·
2931 2538 3045 2592 ἀλλ’
3073 2540 3151 2593 ἔτι
3190 2542 3356 2596 αὑτοῦ
3390 2543 3458 2599 τὰ
3488 2548 3672 2619 ὲμπρὸ-

2122 2620 2248 2675 σθια
2285 2622 2425 2714 ὑτξὲρ
2453 2624 2544 2681 τὸν
2574 2628 2824 2699 ὁρίζοντά
2853 2633 3020 2691 ἐστιν.
3060 2634 3124 2690 Ἦ
3155 2635 3263 2711 γὰρ
3304 2640 3515 2714 κεφαλὴ
3543 2644 3627 2696 καὶ
3648 2645 3673 2695 6

2119 2709 2289 2778 δεξιὸς
2328 2707 2478 2785 ὦμος
2509 2718 2672 2773 αὑτοῦ
2702 2724 2813 2786 τοῖς
2840 2723 3066 2794 ’ἰχθύσιν
3109 2707 3540 2787 ἀντικαταδύνει.
3569 2736 3672 2787 Δια-

2121 2806 2355 2872 φωνοῦσι
2400 2808 2457 2862 δὲ
2500 2810 2799 2885 ἀμφότεροι
2828 2816 2963 2887 πρὸς
2994 2817 3055 2870 τὸ
3088 2821 3410 2892 φαινόμενον
3439 2825 3531 2878 καὶ
3562 2827 3671 2897 περὶ

2120 2894 2214 2948 τοῦ
2248 2897 2417 2951 νοτίου
2459 2900 2694 2971 Ἰχθύος,
2718 2904 2836 2958 ὅλον
2858 2907 3019 2962 αὑτὸν
3050 2907 3276 2977 ἔγγιστα
3301 2912 3382 2983 τῷ
3426 2894 3672 2987 ’Υδροχύῳ

2122 2988 2590 3061 ὑπολαμϐάνοντες
2637 2997 3056 3054 ωνανατέλλειν.
3109 3001 3432 3057 Τούναντίον
3482 3007 3584 3079 γὰρ
3621 3006 3679 3059 τὸ.

457 3079 584 3123 sunt
614 3072 667 3125 in
698 3074 893 3141 cauda,
929 3091 1052 3132 cum
1086 3087 1242 3150 parte
1272 3083 1433 3136 tertia
1456 3084 1697 3139 Piscium
1732 3088 2016 3157 exoritur;

2123 3081 2305 3136 πλεῖον
2335 3084 2498 3138 αὑτοῦ
2532 3088 2698 3158 μέρος
2740 3092 2852 3154 τοῖς
2892 3090 3090 3162 Ἰχθύσι
3137 3072 3579 3168 συναναφέρεται.
3620 3099 3671 3151 '0

458 3159 639 3216 lucida
668 3179 799 3220 vero
829 3184 948 3238 qua:
973 3178 1057 3225 est
1094 3171 1150 3226 in
1187 3180 1388 3243 rostro,
1413 3189 1537 3230 cum
1580 3175 1815 3233 Piscium
1848 3181 2018 3238 altera

2125 3174 2225 3243 μὲν
2255 3174 2364 3248 γὰρ
2391 3176 2706 3250 νοτιώτερος
2730 3180 2838 3234 τῶν
2872 3159 3029 3255 ὲνμτῇ
3064 3183 3199 3256 ούρᾷ
3246 3190 3313 3258 τῇ
3351 3159 3539 3259 μοι.
3580 3189 3672 3242 τῶν

457 3257 513 3304 ει
542 3253 821 3309 vicesima.

524 3452 583 3506 In
615 3453 963 3512 Andromeda
1006 3474 1234 3529 prorsus
1278 3462 1440 3519 ambo
1490 3464 1705 3536 decepti
1746 3479 1906 3535 sunt;
1972 3468 2022 3525 si

456 3541 672 3610 quidem
708 3561 817 3600 non
843 3547 1020 3603 oritur
1042 3564 1167 3604 cum
1199 3552 1441 3623 Aquario
1465 3562 1520 3611 et
1550 3555 1823 3623 Piscibus,
1857 3567 1915 3613 ut
1941 3560 2021 3615 illi

458 3632 667 3698 volunt,
699 3636 795 3690 sed
829 3652 954 3692 cum
976 3638 1313 3711 Capricorno
1342 3651 1396 3700 et
1422 3644 1683 3717 Aquario.
1715 3647 1851 3704 Nam
1874 3652 2023 3720 prior

459 3725 685 3779 sinistra
715 3743 911 3784 manus
943 3730 1091 3787 illius
1129 3734 1308 3789 oritur
1337 3751 1461 3791 cum
1487 3739 1666 3794 medio
1689 3739 1803 3797 fere
1837 3742 2025 3814 Capri-

458 3832 670 3884 corno;
735 3828 1168 3890 postrermuero
1215 3825 1408 3885 dextra
1453 3833 1835 3906 cumAquarii
1867 3846 2025 3908 parte

460 3909 717 3965 vicesima
748 3924 942 3983 quarta
974 3919 1167 3975 oritur.
1569 3946 1573 3950 ”

532 4108 670 4166 XVI.
723 4112 796 4169 De
845 4115 1043 4173 Arietis
1096 4128 1219 4175 ortu
1264 4120 1403 4179 falso
1438 4125 1514 4180 ita
1554 4128 1746 4184 scribit
1780 4131 2017 4190 Aratus:

461 4197 810 4258 Andromeda,
825 4205 1013 4262 dextra
1044 4209 1223 4266 Pisces

463 4428 575 4498 Ipsi
607 4435 903 4490 attrahunt.
937 4434 1168 4493 Sinistra
1193 4455 1309 4495 vero
1340 4441 1405 4495 ab
1431 4443 1535 4498 imo
1567 4443 1728 4498 trahit

460 4501 611 4574 Aries
639 4509 897 4568 exoriens.
928 4524 1028 4574 quo
1054 4510 1216 4564 etiam
1248 4512 1446 4566 oriente

458 4570 537 4625 Ab
585 4589 775 4630 occasu
826 4570 1152 4647 prospexeris
1198 4582 1401 4648 Aram,
1447 4593 1692 4638 steterunt
1747 4585 1802 4639 in
1851 4586 2022 4640 altera

1946 4672 2021 4709 rte

1946 4672 1969 4708 γ

460 4710 642 4786 Persei
671 4716 886 4771 orientis
926 4725 1132 4772 tantum
1168 4729 1327 4786 caput
1362 4720 1413 4774 et
1440 4720 1704 4778 humeros.
1871 4673 1938 4725 pa
1972 4666 1990 4709 ι

461 4783 846 4862 ipsa-orantem
868 4788 1133 4862 cingulum
1158 4783 1321 4843 etiam
1350 4791 1651 4860 ambiguum
1685 4793 1848 4862 fuerit

457 4855 540 4908 An
564 4855 739 4910 Ariete
769 4855 1035 4912 desinente
1067 4870 1339 4928 appareat,
1375 4879 1443 4916 an
1484 4855 1579 4916 iub
1612 4855 1807 4920 Tauro.

527 4989 684 5044 Hunc
716 4991 772 5045 in
821 4991 1041 5046 modum
1093 5001 1404 5063 postremus
1458 5012 1651 5054 versus
1694 5000 2017 5070 concipitur.

456 5077 727 5134 Credibile
753 5088 835 5133 est
869 5096 1031 5149 porro
1056 5097 1150 5150 per
1193 5099 1432 5140 errorem
1466 5090 1700 5157 positum
1723 5105 1845 5146 esse
1869 5106 2003 5146 voca

459 5168 676 5235 bulum,
700 5171 984 5225 desinente.
1014 5170 1149 5226 Nam
1180 5176 1248 5229 ab
1277 5175 1396 5246 ipso
1436 5182 1620 5247 operis
1649 5181 1803 5237 initio
1829 5183 2019 5253 signo-

459 5273 582 5313 rum
619 5259 861 5312 omnium
890 5261 1158 5332 principia
1196 5265 1250 5319 in
1274 5268 1484 5324 oriente
1511 5271 1763 5336 collocat,
1789 5289 1898 5327 non
1922 5289 2021 5328 au-

459 5361 567 5403 tem
603 5348 804 5412 media,
832 5352 917 5405 vel
946 5351 1272 5411 desinentia.
1294 5356 1352 5412 In
1382 5362 1595 5416 caeteris
1636 5364 1780 5417 enim
1826 5365 2021 5420 asteri-

461 5442 596 5495 smis
635 5448 817 5511 partes
848 5443 965 5498 alia:
993 5446 1162 5517 signis
1192 5448 1433 5508 dimidiis
1459 5454 1688 5517 exortis,
1734 5457 1853 5511 aliae
1884 5457 2021 5511 inci-

462 5531 755 5599 pientibus,
821 5541 915 5588 aut
968 5536 1365 5608 desinentibus,
1400 5554 1574 5609 ortus,
1609 5560 1909 5602 occasusve
1940 5547 2021 5603 ia-

532 5691 660 5757 '-'"[.
688 5693 1008 5752 ἀντιδέδύκε.
1052 5701 1095 5732 ³ο
1126 5701 1275 5770 Apud
1308 5701 1526 5754 Aratum
1557 5702 1619 5755 τὰ
1648 5701 1795 5768 δεξιᾶ
1820 5706 2016 5775 χειρός·

2134 3266 2351 3337 Ἰχθύων
2383 3271 2784 3325 συνανατέλλει·
2816 3275 2846 3327 6
2868 3273 2923 3328 δὲ
2953 3276 3010 3330 ἐν
3035 3275 3114 3348 τῷ
3139 3277 3329 3351 ῥύγχει
3351 3280 3594 3355 λαμπρὸς
3614 3284 3671 3354 τῇ

2121 3363 2170 3409 α’
2195 3358 2289 3411 καὶ
2316 3365 2363 3412 κ’
2391 3360 2503 3430 μοι.
2531 3361 2640 3417 τῶν
2678 3363 2915 3434 Ἰχθύων.

2191 3472 2326 3543 Περὶ
2366 3472 2423 3526 δὲ
2468 3473 2566 3545 τῆς
2608 3476 2962 3548 Ἀνδρομέδας
3009 3480 3311 3554 ὁλοσχερῶς
3357 3486 3677 3558 ἠγνοήκασιν

2121 3564 2445 3635 ἀμφότεροι·
2498 3567 2559 3619 ού
2609 3568 2717 3640 γάρ
2768 3569 2847 3641 τῷ
2880 3571 3147 3646 ’Υδροχόῳ
3201 3577 3296 3630 καὶ
3336 3579 3453 3641 τοῖς
3494 3576 3672 3649 Ἰχθύσι

2124 3654 2519 3721 συνανατέλλει,
2554 3655 2630 3720 ὡς
2654 3652 2796 3713 οὗτοι
2825 3676 3008 3730 φασιν,
3036 3662 3172 3720 ἀλλὰ
3196 3662 3276 3736 τῷ
3297 3666 3575 3739 Δίγόκερῳ
3594 3667 3674 3721 καὶ

2121 3747 2199 3819 τῷ
2231 3747 2516 3820 ’Υδροχόῳ.
2557 3748 2753 3822 Πρώτη
2803 3755 2903 3823 μὲν
2936 3754 3042 3826 γάρ
3073 3756 3106 3828 ή
3135 3757 3400 3831 ἀριστερά
3441 3759 3560 3831 χεὶρ
3589 3759 3673 3813 αύ-

2120 3839 2219 3910 τῆς
2273 3844 2650 3899 συνανατέλλει
2722 3844 2873 3916 μέσῳ
2940 3848 3174 3919 μάλιστα
3228 3850 3309 3923 τῷ
3364 3851 3635 3923 Δὶγόκερῳ
3656 3867 3673 3884 ⁸

2120 3933 2424 4007 ὲσχάτη“δὲ
2455 3937 2489 4009 ἢ
2531 3926 2681 4004 δεξιά
2721 3938 3146 4011 συναναφέρεται
3171 3942 3240 4012 τῇ
3285 3941 3328 3995 δ’
3375 3944 3469 3996 καὶ
3497 3950 3544 3996 κ’
3574 3940 3667 4012 μοι.

2120 4025 2216 4081 τοῦ
2252 4028 2558 4102 ’Υδροχόου.

2195 4142 2311 4211 ις’.
2347 4144 2482 4215 Περὶ
2518 4143 2577 4197 δὲ
2626 4144 2730 4214 τῆς
2766 4144 2861 4198 τοῦ
2900 4146 3071 4218 Κριοῦ
3102 4146 3369 4217 ἀνατολῆς
3395 4148 3425 4202 6
3461 4148 3671 4218 Ἄρατος

2121 4232 2315 4301 λέγων,
2352 4234 2428 4289 Τὰ
2443 4233 2562 4305 μέν
2588 4235 2774 4304 δεξιὰ,
2797 4239 2958 4310 φησὶν
2979 4239 3045 4303 ⁸⁸,
3074 4236 3186 4307 τῆς
3226 4237 3602 4327 Ἀνδρομέδας
3625 4239 3670 4290 οι

2133 4320 2352 4392 ἰχθύες

2049 4449 2098 4508 D
2123 4455 2305 4530 ᾼύτζοὶ
2326 4455 2682 4530 ἐφέλκονται
2700 4477 2714 4493 ο
2743 4459 2817 4514 τὰ
2834 4460 2888 4514 δ’
2917 4462 3197 4530 ἀριστερὰ
3219 4463 3452 4518 νειόθεν
3474 4462 3619 4517 ἕλκει

2121 4525 2301 4602 Κριὸς
2331 4528 2760 4602 ἀνερχόμενος·
2788 4530 2894 4585 τοῦ
2921 4525 3017 4602 xta!
3049 4525 3578 4602 περιτελλομένοιο,

2134 4595 2617 4665 Ἑσπερόθενκεν
2636 4598 2785 4653 ἴδοιο
2812 4600 3100 4670 Θυτήριον
3118 4595 3137 4632 ῖ
3159 4595 3450 4670 αὐτὰρ’ὲν
3476 4602 3618 4668 ἄλλῃ

2046 4750 2049 4752 ·
2122 4732 2383 4806 Περσέος
2405 4734 2807 4806 ᾀντέλλοντος
2826 4737 2978 4791 ὅσον
2989 4737 3260 4806 κεφαλήν
3276 4754 3341 4790 τε
3357 4738 3456 4790 καὶ
3472 4737 3665 4806 dipon

2121 4803 2285 4876 ᾼύτὴ
2317 4803 2578 4876 δέζῴνη,
2612 4806 2713 4859 καί
2742 4808 2797 4861 κ’
2828 4803 3171 4876 ἀμφήριοντα
3201 4806 3466 4873 πέλοιτο,

2123 4874 2192 4927 Ἠ
2215 4872 2367 4941 Κριῷ
2389 4874 2639 4944 λήγοντι
2663 4872 3005 4946 φαείνέτὰιξ
3019 4876 3057 4945 ἣ
3078 4876 3177 4929 ἐπὶ
3207 4878 3426 4945 Ταύρῳ.

2122 5007 2395 5078 Γράφεται
2434 5009 2532 5080 μὲν
2557 5008 2729 5072 οὕτως
2755 5012 2784 5062 6
2813 5009 3036 5080 ἔσχατος
3062 5008 3267 5080 στίχοςο
3297 5009 3447 5072 εἰκὸς
3474 5008 3664 5080 μέντοι·

2122 5100 2199 5166 γε’
2215 5097 2508 5169 ἠγνοῆσθαι
2547 5099 2637 5164 τὸ,
2669 5097 2933 5169 λήγοντι.
2981 5098 3066 5165 Ἐξ
3108 5099 3281 5171 ἀρχῆς
3318 5101 3426 5171 γάρ
3475 5099 3665 5152 πάντων

2120 5186 2230 5239 τῶν
2264 5185 2468 5250 ζωδίων
2490 5187 2590 5251 τάς
2618 5188 2790 5259 ἀρχὰς
2821 5188 2914 5240 ἐπὶ
2937 5188 3036 5259 τῆς
3071 5189 3335 5259 ἀνατολῆς
3358 5188 3663 5247 ὑποτίθεται,

2124 5278 2222 5329 καὶ
2253 5277 2374 5348 οὐχὶ
2410 5277 2677 5348 μεσοῦντα
2709 5277 2742 5347 ἢ
2780 5278 3034 5349 λήγοντα.
3068 5277 3191 5330 Ἐπὶ
3220 5277 3331 5348 γὰρ
3369 5277 3477 5331 τῶν
3512 5274 3662 5330 ἀλλων

2124 5368 2339 5438 ἄστρων
2368 5368 2496 5422 τινὰ
2529 5367 2628 5439 μὲν
2664 5367 2808 5439 μέρη
2834 5365 3137 5439 μεσούντων
3164 5365 3275 5420 τῶν
3303 5365 3534 5431 ζωδίων,
3560 5358 3662 5414 τινὰ

2110 5446 2171 5513 ’δ’
2196 5460 2512 5532 ἀρχομένων
2539 5463 2572 5533 ἥ
2617 5462 2888 5533 ληγόντων
2922 5462 3085 5527 δύνει,
3130 5459 3163 5531 ἢ
3204 5460 3498 5514 ἀνατέλλει.
3523 5454 3662 5509 Ὅθεν

2126 5550 2221 5605 καὶ
2261 5551 2290 5605 6
2327 5551 2586 5617 Ἄτταλος
2628 5553 2768 5608 κατά
2821 5552 2919 5623 μὲν
2965 5550 3120 5605 τοῦτο
3158 5548 3335 5622 ὀρθῶς
3385 5544 3659 5616 συνεώρακε
