3816 6310
113 333 245 393 i039

1098 312 1469 372 HIPPABCHI
1508 312 1600 368 AD
1634 303 2091 367 PHENOMENA
2130 301 2258 359 LIB.
2294 298 2358 357 Il.

3214 293 3356 350 1090

112 448 168 502 τὸ
197 443 497 515 ἀγνόημα*
536 438 630 493 καὶ
667 436 749 489 δεῖ
783 451 866 489 τοι
899 430 933 504 ἢ
965 431 1039 497 ὥς
1078 431 1283 494 ἐκεῖνός
1316 446 1448 501 φησι
1478 428 1675 499 γράφε·

1809 425 1961 478 :iunt.
1987 419 2123 474 Hinc
2154 417 2367 472 Attalus
2388 422 2539 469 recte
2576 412 2678 467 hoc
2714 409 2930 482 quidem
2962 408 3357 463 animadvertit

118 541 237 595 σθαι
265 553 280 568 ⁶

350 639 375 667 4

120 701 181 753 Ἡ
208 694 371 765 Κριῷ
398 691 630 747 ἀνιόντι
658 686 984 763 φαείνεται,
1012 682 1052 753 ἢ
1084 681 1183 736 ἐπὶ
1223 680 1452 748 Ταύρῳ·
1515 730 1525 739 ,
1579 709 1593 735 λ.

117 790 145 861 ἢ
171 788 237 859 νὴ
269 785 375 840 Δία
404 783 578 845 οὕτως
597 798 613 811 ο

118 883 182 935 Ἠ
206 877 365 947 Κριῷ
389 874 673 944 λήγουσα
698 869 1000 942 φαείνεται
1027 886 1040 898 ·

108 968 253 1021 ὥστε
280 965 368 1032 τὸ,
390 962 692 1032 λήγουσα.
725 960 816 1012 ἐπὶ
840 958 939 1031 τὴν
972 955 1146 1028 ζώνην
1172 949 1555 1024 ἀναφέρεσθαι.
1590 947 1692 1002 Λέα-

116 1059 242 1131 ληθε
276 1056 531 1128 μέντοιγε
574 1052 737 1107 αὐτὸν
766 1051 828 1105 τὸ
859 1048 1103 1121 βούλημα
1139 1045 1233 1099 τοῦ
1263 1040 1487 1115 ποιητοῦ
1510 1040 1602 1094 καὶ
1634 1040 1691 1091 ὲν

117 1129 351 1210 τούτοις.
386 1145 556 1212 Λέγει
592 1142 701 1214 γὰρ
732 1141 931 1204 οὕτως·
975 1136 1163 1208 Ἡμεῖς
1200 1134 1406 1205 μέντοι
1455 1130 1553 1185 καὶ
1594 1129 1693 1182 ἐπὶ

120 1242 309 1306 τούτῳ
338 1236 424 1304 τῷ
442 1254 506 1291 τε
531 1232 748 1303 ποιητῇ
771 1229 1103 1302 συμφώνως
1129 1228 1225 1282 καὶ
1264 1224 1387 1292 τοῖς
1418 1221 1694 1293 φαινομέ-

118 1351 243 1398 νοις
276 1329 630 1393 ἀκολούθως
654 1325 891 1395 οἰόμεθα
914 1321 1042 1376 δεῖν
1070 1319 1398 1391 γράφεσθαι
1427 1314 1495 1369 τὸ
1523 1314 1693 1381 ποίη-

114 1439 195 1490 μα
218 1421 333 1475 τὸν
364 1420 592 1488 τρόπον
616 1413 861 1471 τοῦτον·

116 1535 277 1604 Αὐτὴ
307 1534 381 1589 δὲ
405 1532 576 1604 ζώνη.
604 1531 705 1585 καί
818 1522 1449 1604 ἀμφήρισταιπέλοιτο,

122 1601 186 1662 Ἡ
212 1595 374 1675 Κριῷ
399 1595 992 1675 circummurana;
1014 1596 1053 1664 ἢ
1085 1595 1184 1649 ἐπὶ
1221 1595 1436 1661 Ταύρῳ.

121 1677 242 1731 Σὺν
258 1670 363 1740 ⁷τῷ
398 1670 713 1739 πασσυδίῃ
743 1670 1150 1723 ἀνελίσσεται.

1784 524 2046 572 erratum.
2093 511 2169 566 'Et
2193 509 2416 566 omnino
2445 506 2549 569 vel,
2600 511 2659 559 ut
2684 505 2762 559 illi
2789 504 2988 573 placet,
3032 503 3104 555 ita
3135 499 3356 555 confor-

1672 621 1679 633 '
1786 606 2019 661 mandus
2045 612 2130 661 est
2159 603 2249 657 ille
2274 614 2468 655 versus
2502 617 2515 651 :

1791 698 1869 752 An
1900 696 1994 751 sub
2021 696 2199 750 Ariete
2227 693 2530 747 ascendente
2565 697 2838 758 appareat,
2871 684 2949 739 vel
2977 683 3071 737 sub
3102 679 3299 745 Tauro,

1789 788 1874 843 vel
1897 787 1951 841 in
1990 785 2136 839 bunc
2172 790 2322 838 certe
2352 780 2604 834 modum:

1789 877 1872 930 An
1901 874 1994 931 sub
2031 875 2207 928 Ariete
2237 872 2477 926 desinens
2518 876 2792 937 appareat.

1791 978 1851 1025 ut
1898 967 2241 1040 participium
2297 965 2536 1018 desinens
2606 960 2673 1014 ad
2728 958 3003 1029 cingulum
3064 954 3354 1025 pertineat.

1791 1062 2158 1116 Nihilominus
2185 1068 2367 1112 tamen
2399 1072 2427 1108 a
2458 1062 2631 1125 poclm
2667 1051 2936 1106 sententia
2968 1050 3130 1103 etiam
3164 1045 3218 1100 in
3269 1045 3358 1099 his

1794 1153 2029 1209 aberrat.
2054 1152 2130 1206 Ita
2157 1150 2359 1221 quippe
2389 1146 2582 1202 scribit
2640 1162 2653 1198 :
2693 1140 2806 1196 Nos
2836 1150 3010 1194 autem
3053 1140 3107 1193 in
3138 1154 3197 1192 eo
3228 1153 3358 1190 con-

1793 1257 2032 1300 sentanee
2073 1260 2190 1297 cum
2220 1249 2396 1311 poeta,
2431 1248 2478 1293 et
2528 1235 2893 1306 apparentiunt
2938 1232 3044 1302 ﬁde
3098 1230 3358 1284 credimus

1794 1336 1871 1388 ita
1895 1351 2068 1389 versus
2097 1332 2218 1386 illas
2242 1347 2354 1386 esse
2377 1328 2673 1383 scribendos
2694 1341 2713 1380 :

1799 1510 1981 1579 Ipsum
2013 1520 2187 1563 autem
2216 1508 2482 1579 cingulum
2510 1507 2670 1560 etiam
2694 1505 2999 1575 ambiguum
3024 1505 3189 1579 (ueri:

1800 1573 1879 1635 An
1908 1580 2001 1635 sub
2032 1581 2207 1633 Ariete
2233 1573 2540 1632 ascendente
2567 1573 2937 1644 appareat,'an
2969 1573 3062 1628 sub
3090 1574 3288 1627 Tauro.

1799 1652 1930 1706 Cum
1961 1667 2062 1719 quo
2089 1649 2398 1703 cumulatim
2427 1646 2730 1701 revolvitur.

132 1783 292 1838 Ἐπεὶ
339 1780 488 1852 τὰρ,
511 1777 846 1849 μέλλοντος
880 1774 986 1830 τοῦ
1024 1771 1209 1843 Κριοῦ
1245 1767 1631 1832 ἀνατέλλειν,
1664 1767 1698 1820 ό

1869 1763 2001 1819 Cum
2029 1762 2166 1817 enim
2195 1762 2425 1815 instante
2444 1762 2634 1815 Arietis
2658 1769 2799 1823 ortu,
2827 1758 3046 1813 Perseus
3076 1759 3212 1811 citra
3238 1774 3363 1811 con-

120 1875 390 1945 Περσεὺς
419 1869 908 1942 ὁμολογουμένως
933 1867 1110 1937 μέχρι
1153 1863 1272 1918 τῶν
1313 1863 1487 1932 ὤμων
1510 1861 1695 1929 ἐκφα-

120 1970 233 2038 νὴς
276 1967 530 2038 γίνεται·
570 1964 689 2033 ἅμα
730 1960 798 2014 δὲ
841 1959 923 2026 τῷ
968 1958 1261 2028 ἄρξασθαι
1301 1953 1698 2023 ἀναφέρεσθαι

121 2060 225 2114 τὸν
259 2057 473 2127 Κριὸν,
503 2055 719 2122 εὐθέως
745 2052 1002 2120 ἔκδηλος
1042 2052 1079 2120 ἡ
1114 2048 1218 2103 τοῦ
1248 2047 1521 2116 Περσέως
1550 2042 1698 2111 ζώνη

124 2155 376 2225 γίνεται,
409 2148 510 2204 διὰ
546 2148 612 2202 τὸ
644 2145 845 2216 ,ϐραχὺ
883 2140 1193 2209 παντελῶς
1237 2137 1701 2210 παραλλάσσειν

122 2244 229 2315 τῆς
260 2242 369 2298 τοῦ
397 2241 579 2311 Κριοῦ
608 2239 801 2311 ἀρχῆς
832 2238 944 2308 τὴν
976 2236 1165 2307 φάσιν
1191 2232 1380 2302 αὐτῆς
1399 2251 1411 2264 ·
1443 2228 1700 2290 διστάζει

126 2336 381 2404 πότερον
408 2332 564 2386 κατὰ
588 2330 701 2399 τὴν
732 2328 838 2384 τοῦ
874 2326 1054 2397 Κριοῦ
1076 2324 1413 2395 μέλλοντος
1452 2318 1702 2374 ἀνατέλ-

123 2431 256 2482 λειν
296 2422 502 2495 ἀρχὴν
534 2425 827 2490 ὑπόθηται
860 2418 1088 2489 φανερὰ
1110 2417 1154 2449 ⁸¹
1192 2414 1310 2484 ἤδη
1345 2414 1633 2486 γίνεσθαι·
1659 2408 1698 2478 ἢ

125 2518 220 2570 ἐπὶ
262 2516 331 2570 τὸ
359 2514 605 2587 μᾶλλον
646 2512 1123 2584 ὁμολογούμενον
1149 2509 1297 2577 ἔλθῃ
1318 2523 1332 2537 ⁸
1361 2505 1512 2558 διότι
1534 2543 1549 2569 ,
1595 2500 1701 2555 τοῦ

134 2609 356 2675 Ταύρου
395 2605 734 2675 μέλλοντος
782 2602 1215 2674 ἀναφέρεσθαι,
1254 2596 1521 2667 ἐκφανής
1569 2597 1701 2649 ἐστι

126 2696 234 2752 τοῦ
258 2696 535 2768 Περσέως
568 2697 607 2767 ἠ
648 2694 794 2765 ζώνη
821 2695 973 2766 μετὰ
1006 2692 1113 2748 τοῦ
1153 2690 1368 2748 λοιποῦ
1406 2687 1699 2759 σώματος.

128 2790 237 2845 Καὶ
258 2790 476 2845 τοῦτον
514 2789 623 2843 τὸν
648 2791 871 2857 τρόπον
908 2785 1282 2857 γραφομένου
1308 2782 1415 2837 τοῦ
1453 2779 1704 2848 ποιημα-

1802 1854 2107 1908 troversiam
2148 1851 2374 1905 humeris
2416 1860 2563 1903 tenus
2586 1858 2870 1916 apparent;
2902 1849 3217 1917 simulatque
3245 1864 3362 1901 vero

1802 1945 1952 2012 erepit
2011 1943 2163 1997 Aries
2219 1938 2516 2002 ascendere,
2558 1940 2738 1992 statim
2784 1938 3065 2006 conspicua
3108 1936 3178 1990 sit
3231 1954 3364 1991 zona

1804 2035 2006 2101 Persei,
2064 2050 2159 2103 pro
2200 2050 2260 2088 eo
2312 2032 2450 2103 quod
2482 2031 2826 2101 perpusillum
2875 2028 2940 2083 ab
2986 2029 3180 2084 Arietis
3213 2029 3365 2083 initio

1803 2128 1964 2183 distet
1994 2128 2139 2181 illius
2163 2126 2461 2194 apparitio;
2482 2124 2702 2195 ambigit
2730 2132 2903 2193 poeta,
2935 2138 3059 2176 num
3094 2120 3189 2176 sub
3210 2121 3367 2175 Arie.

1807 2221 1872 2274 tis
1907 2220 2050 2274 ortui
2076 2216 2540 2287 appropinquantis
2572 2216 2780 2268 initium
2801 2229 3052 2281 apparere
3076 2212 3195 2282 jam
3216 2212 3370 2266 illam

1805 2321 2030 2374 asserat,
2071 2327 2139 2363 an
2179 2308 2234 2363 id
2279 2316 2491 2375 usurpet
2526 2308 2721 2375 potius,
2769 2306 2907 2375 quod
2920 2307 2987 2358 sin
3020 2305 3258 2374 confesso
3293 2313 3371 2359 est

1807 2402 2054 2467 maxime,
2126 2402 2356 2454 instante
2405 2398 2571 2451 Tauri
2610 2407 2838 2458 exortu,
2887 2413 3139 2466 apparere
3190 2395 3373 2450 Persei

1809 2493 2072 2564 cingulum
2101 2508 2207 2545 una
2234 2508 2348 2545 cum
2376 2491 2575 2559 reliquo
2608 2504 2842 2558 corpore.
2878 2489 3046 2558 Atque
3072 2487 3169 2542 hoc
3215 2488 3371 2541 modo

1806 2584 2065 2653 conceptis
2107 2581 2468 2646 carminibus,
2512 2596 2628 2634 cum
2677 2581 2743 2634 iis
2792 2580 3068 2648 integritas
3101 2595 3199 2633 sua
3247 2595 3374 2634 con«

1808 2676 1988 2739 stabit,
2022 2686 2131 2729 tum
2161 2674 2224 2729 de
2245 2673 2454 2745 cingulo
2484 2680 2639 2741 poeta
2677 2688 2781 2725 non
2813 2670 2985 2726 solum
3009 2671 3254 2738 scienter,
3281 2670 3371 2726 sed

1808 2771 1969 2824 etiam
2008 2776 2191 2822 exacte
2229 2769 2506 2835 scripsisse
2533 2765 2813 2821 videbitur.

129 2904 251 2954 τος,
285 2884 369 2940 .τά
407 2869 481 2939 ’τε
521 2884 860 2955 γραφόμενα
909 2882 1279 2952 σωθήσεται,
1326 2878 1428 2932 καὶ
1480 2877 1555 2929 τὰ
1591 2871 1725 2941 περὶ
1779 2864 1911 2935 τῆς·
1945 2862 2127 2939 ζώνης
2158 2865 2192 2915 ὀ
2224 2860 2475 2930 ποιητὴς
2514 2863 2588 2914 οὐ
2628 2862 2820 2930 μόνον
2857 2859 3179 2930 ἐμπείρως,
3214 2859 3375 2915 ἀλλὰ

126 2976 230 3032 καὶ
256 2975 511 3046 ἀκριϐῶς
533 2975 931 3045 ἐξηγούμενος
958 2973 1035 3029 ἂν
1059 2974 1349 3044 φαίνοιτο.

202 3089 304 3157 ιζ’.
342 3089 568 3162 Πρῶτον
605 3089 701 3160 μὲν
733 3083 826 3142 οὖν
856 3088 944 3143 διὰ
972 3087 1175 3142 τούτων
1203 3089 1232 3141 ὁ
1268 3084 1527 3149 Ἀττσλος
1569 3084 1705 3138 ἀπο-

1878 3064 2039 3120 XVll.
2057 3061 2163 3118 Sed
2192 3059 2444 3130 inprimis
2460 3057 2624 3113 Attali
2644 3056 2913 3112 haesitatio
2942 3056 3032 3110 illa
3056 3071 3123 3111 ex
3150 3069 3216 3111 eo
3248 3069 3376 3125 pro-

140 3186 222 3255 ρεί
245 3184 315 3249 ⁸³,
345 3180 585 3254 νομίζων
631 3180 724 3234 ἐπὶ
756 3180 1006 3234 τοσοῦτον
1054 3178 1153 3251 τὴν
1189 3178 1473 3249 ἀκρίόειαν
1510 3178 1568 3229 ὲν
1596 3177 1707 3238 τοῖς

136 3276 479 3356 φαινομένοις
511 3274 616 3328 ὑπὸ
659 3273 886 3346 Ἀράτου
919 3270 1221 3342 διειλῆφθαι
1246 3311 1261 3334 ,
1288 3268 1428 3322 ὥστε
1454 3266 1581 3338 περὶ
1608 3267 1707 3320 αὐ-

134 3368 244 3421 τῶν
272 3368 377 3421 τῶν
408 3369 467 3421 ἑν
504 3369 571 3437 τῇ
596 3363 742 3439 ζώνῃ
766 3363 861 3418 τοῦ
892 3364 1147 3437 Περσέως
1184 3361 1430 3432 ἀστέρων
1471 3355 1707 3421 διστάζει

68 3462 82 3478 ⁸
134 3459 197 3512 τὸ
226 3460 452 3531 πότερον
495 3457 596 3527 τῆς
631 3457 806 3529 ἀρχῆς
847 3455 940 3510 τοῦ
987 3452 1158 3526 Κριοῦ
1197 3454 1283 3507 ἐπ’
1325 3449 1590 3520 ἀνατολῆς
1619 3447 1710 3502 ob—

138 3567 236 3621 σης
257 3590 273 3614 ,
302 3550 397 3604 καὶ
425 3549 566 3620 αὐτὴ
595 3549 695 3620 ήδη
725 3549 935 3619 φανερά
966 3548 1113 3600 ἐστιν
1149 3547 1246 3599 σὺν
1275 3547 1384 3609 τοῖς
1415 3543 1584 3615 ὤμοις
1616 3544 1710 3596 καὶ

136 3642 203 3711 τῇ
229 3640 459 3710 κεφαλῇ,
499 3638 534 3713 ἢ
564 3639 680 3709 μετ’
707 3637 904 3707 ὀλίγον.
937 3636 1121 3708 Χωρὶς
1151 3635 1259 3706 γὰρ
1290 3634 1384 3688 τοῦ
1412 3633 1711 3705 ὁλοσχερῶς

142 3732 220 3804 μὴ
248 3734 405 3804 μόνον
430 3734 522 3787 τὸν
559 3735 626 3786 'A
634 3749 813 3805 ρατον,
846 3731 985 3786 ἀλλά
1022 3731 1115 3785 καὶ
1144 3730 1238 3784 τὸν
1264 3729 1491 3795 Εὔδοξον
1514 3730 1575 3782 ὲν
1599 3730 1711 3791 τοῖς

138 3822 487 3892 φαινομένοις
519 3819 974 3893 ἀναστρέφεσθαι,
1004 3818 1257 3890 καθάπερ
1283 3817 1707 3888 ἐπιδεδείχαμεν,

140 3914 222 3967 ἐτι
244 3916 337 3967 καὶ
360 3915 419 3969 οὐ
448 3914 608 3986 μόνον
631 3914 721 3967 ἐπὶ
752 3916 850 3985 τῆς
883 3912 977 3967 τοῦ
998 3913 1253 3984 Περσέως
1276 3908 1453 3982 ζώνης
1480 3910 1623 3964 τοῦτ’
1645 3910 1712 3965 ἂν

145 4005 403 4084 παρὰτῷ
452 4005 668 4077 Ἀράτῳ
693 4005 1016 4069 διστάζοιτο,
1049 4003 1185 4057 ἀλλά
1216 4002 1312 4056 καὶ
1353 4002 1446 4055 ἐπὶ
1495 4001 1713 4054 πάντων

144 4097 192 4167 β’
217 4097 248 4167 ἢ
281 4097 373 4149 καὶ
404 4097 618 4150 πλείοσι
646 4095 852 4160 ζωδίοις
881 4094 1376 4151 συνανατελλόντων
1402 4093 1472 4146 δ’.
1503 4092 1714 4156 Τελέως

144 4188 192 4241 δ’
225 4188 271 4219 ⁸³
296 4190 512 4258 ἀγνοεῖν
543 4186 744 4252 δόξειεν
788 4188 818 4240 ὁ
866 4185 1126 4250 ’Ἄτταλος
1171 4185 1265 4239 καὶ
1296 4184 1364 4238 τὰ
1395 4184 1712 4254 φαινόμενα,

147 4278 544 4350 ὑπολαμϐάνων
591 4277 730 4332 κατά
776 4277 1032 4350 ἀλήθειαν
1077 4274 1251 4340 οὕτως
1296 4270 1435 4328 εἶναι
1473 4274 1716 4339 δισταζό-

147 4388 284 4447 μενα
315 4372 443 4444 περὶ
472 4369 573 4440 τὴν
602 4368 777 4441 ζώνην
812 4369 907 4423 τοῦ
938 4368 1212 4441 Περσέως,
1245 4367 1496 4437 καθάπερ
1533 4364 1717 4438 προεί-

150 4478 333 4534 ρηκεν.
368 4462 443 4516 Οὐ
476 4461 587 4533 γὰρ
627 4461 763 4532 μόνη
809 4462 844 4532 ἡ
889 4459 1032 4532 ζώνη
1065 4458 1158 4513 τοῦ
1187 4459 1439 4533 Περσέως
1466 4457 1713 4528 φαίνεται

147 4556 287 4627 ὑπὲρ
318 4556 440 4626 γῆν,
473 4554 568 4607 τοῦ
591 4553 761 4623 Κριοῦ
783 4553 1082 4626 ἀρχομένου
1105 4552 1435 4615 ἀνατέλλειν,
1463 4549 1601 4604 ἀλλὰ
1621 4550 1716 4603 καὶ

146 4649 266 4711 ὅλος
296 4647 477 4718 σχεδὸν
521 4650 550 4701 ὁ
599 4647 864 4719 Περσεὺς,
895 4645 1035 4717 πλὴν
1070 4645 1163 4698 τοῦ
1215 4643 1507 4717 ἀριστεροῦ
1557 4643 1717 4707 ποδὸς

148 4740 242 4794 καὶ
290 4738 382 4792 τοῦ
420 4740 665 4809 γόνατος.
722 4738 778 4790 Ὁ
835 4736 933 4807 μὲν
987 4734 1096 4807 γὰρ
1142 4733 1313 4799 δεξιὸς
1363 4734 1528 4788 αὑτοῦ
1582 4732 1717 4796 ποῦς

152 4831 529 4886 συνανατέλλει
562 4832 628 4900 τῇ
677 4835 726 4899 η’
774 4828 887 4899 μοί.
921 4827 1031 4880 τῶν
1081 4826 1319 4897 Ἰχθύων,
1360 4827 1390 4878 ὁ
1434 4825 1492 4879 δὲ
1541 4826 1599 4878 ὲν
1640 4822 1718 4894 τῷ

150 4924 308 4994 δεξιῷ
328 4924 513 4993 γόνατι
535 4925 602 4993 τῇ
626 4922 670 4985 ζ’
695 4922 859 4992 μοίρᾳ
879 4936 893 4951 σ
909 4922 938 4973 ὁ
965 4919 1023 4972 δὲ
1051 4920 1109 4972 ὲν
1136 4917 1213 4987 τῷ
1237 4918 1507 4988 Γοργονίῳ
1538 4917 1634 4970 καὶ
1651 4918 1716 4987 τῇ

150 5018 413 5091 ἀριστερᾷ
459 5017 602 5086 χειρὶ⁵
627 5014 877 5084 κείμενος
903 5012 1151 5084 λαμπρὸς
1187 5012 1382 5082 ἀστὴρ,
1422 5010 1481 5073 ὃς
1526 5008 1719 5079 μικρὸν

154 5111 471 5182 προηγεῖται
506 5105 599 5160 τοῦ
643 5103 933 5176 ἀριστεροῦ
987 5103 1189 5176 μηροῦ,
1242 5106 1309 5173 τῇ
1364 5109 1429 5170 ιγ’
1469 5101 1575 5173 μοί.
1612 5100 1721 5152 τῶν

167 5202 383 5274 Ἰχθύων
418 5198 882 5269 συναναφέρεταιο
934 5195 1068 5266 μόνη
1111 5194 1169 5248 δὲ
1201 5193 1365 5247 αὐτοῦ
1395 5195 1428 5264 ἡ
1459 5192 1722 5263 ἀριστερὰ

155 5295 336 5365 κνήμη
360 5290 440 5363 τῷ
469 5288 627 5362 Κριῷ
657 5286 1054 5343 συνανατέλλει.
1084 5285 1251 5354 Δῆλον
1275 5280 1389 5343 οὖν,
1417 5284 1498 5335 ὅτι
1542 5283 1724 5350 ἀγνοεῖ

156 5384 325 5452 λέγων
366 5382 436 5436 τά
469 5396 531 5434 τε
565 5377 868 5450 φαινόμενα
912 5374 1270 5447 σωθήσεσθαι,
1300 5373 1393 5426 καὶ
1429 5371 1520 5424 τὸν
1552 5371 1721 5441 Ἀρα-

156 5493 243 5528 τον
268 5474 548 5546 ἐμπείρως
574 5472 670 5526 καὶ
708 5467 955 5541 ἀκριϐῶς
979 5466 1050 5520 τὰ
1070 5465 1198 5536 περὶ
1220 5464 1319 5535 τῆς
1343 5462 1437 5516 τοῦ
1470 5462 1725 5534 Περσέως

160 5565 331 5640 ζώνης
364 5564 648 5636 φανεῖσθαι
676 5560 1060 5632 ἐξηγούμενον.

226 5727 269 5762 ⁸¹
298 5724 559 5795 φανεράν.
630 5723 676 5755 ⁸³
711 5721 755 5791 Ῑ.
789 5719 991 5789 ἀγνοεῖ.
1061 5715 1109 5749 ⁸³
1144 5733 1232 5785 πρ.
1267 5713 1414 5778 τέλος
1435 5713 1509 5768 δέο

1811 3158 2091 3223 liciscitur,
2124 3152 2271 3225 quod
2305 3161 2413 3206 tam
2446 3158 2695 3205 exactum
2744 3151 2796 3203 in
2843 3148 3213 3220 phamomenis
3257 3161 3380 3217 per-

1809 3248 2114 3309 scribendis
2136 3250 2363 3301 Aratum
2403 3243 2575 3298 fuisse
2603 3250 2812 3307 censet,
2850 3250 2909 3295 ut
2932 3242 2998 3295 de
3032 3240 3228 3303 stellis,
3257 3254 3379 3310 qua:

1810 3352 1936 3397 sunt
1957 3340 2010 3395 in
2031 3337 2212 3393 Persei
2240 3336 2438 3399 balteo,
2462 3333 2698 3399 dubitet,
2723 3340 2903 3385 utrum
2921 3330 3124 3385 Arietis
3142 3330 3299 3382 initio
3322 3331 3380 3383 in

1809 3430 2021 3483 oriente
2050 3425 2372 3485 constituto,
2397 3421 2728 3490 conspicuus
2754 3421 2843 3474 ille
2863 3420 3079 3475 sitcum
3109 3418 3377 3482 humeris,

1810 3528 1863 3576 et
1901 3518 2099 3589 capite,
2142 3533 2211 3569 an
2258 3513 2423 3585 paulo
2455 3520 2580 3583 p0st
2608 3518 2885 3582 appareat.
2923 3508 3125 3564 Verum
3164 3520 3224 3562 ut
3264 3509 3382 3562 haec

1810 3612 2077 3675 omittam,
2118 3624 2227 3663 non
2267 3607 2490 3660 Aratum
2522 3603 2723 3666 solum,
2779 3602 2873 3657 sed
2902 3600 3186 3655 Eudoxum
3216 3600 3379 3655 etiam

1813 3704 2013 3774 ipsum,
2058 3700 2115 3755 in
2153 3696 2535 3770 apparentium
2566 3693 2888 3766 explicanda
2922 3693 3139 3748 ratione
3170 3692 3380 3762 pingui,

1812 3796 1957 3868 quod
1979 3795 2153 3858 aiunt,
2180 3793 2421 3848 Minerva
2450 3803 2582 3845 usos
2611 3802 2764 3855 esse;
2796 3800 2907 3840 non
2930 3786 2987 3839 in
3017 3784 3172 3854 127
3196 3782 3384 3839 Persei

1816 3897 2025 3945 tantum
2047 3888 2249 3951 balteo,
2280 3882 2425 3956 apud
2446 3882 2677 3937 Aratum
2701 3881 2809 3935 isto
2824 3876 2986 3932 modo
3002 3876 3340 3931 dubitabitur
3366 3893 3380 3939 ;

1813 3984 1910 4039 sed
1947 3983 2004 4037 in
2040 3982 2109 4037 iis
2147 3979 2404 4035 omnibus
2445 3974 2809 4046 imaginibus.
2848 3986 2968 4042 quae
3004 3985 3129 4025 cum
3169 3968 3385 4024 duobus

1814 4076 2133 4149 pluribusve
2181 4072 2353 4144 signis
2417 4072 2689 4124 oriuntur.
2755 4064 2981 4121 Demum
3016 4078 3146 4117 vero
3182 4063 3383 4118 crnles-

1816 4172 1951 4225 tium
1976 4182 2160 4223 rerum
2197 4164 2446 4220 funditus
2468 4174 2665 4231 expers
2691 4158 2877 4213 haberi
2918 4156 3091 4227 possit
3127 4154 3342 4209 Attalus
3363 4195 3382 4219 ,

1815 4262 1908 4332 qui
1948 4260 2130 4329 reipsa
2151 4255 2340 4312 credat
2375 4255 2441 4307 ad
2473 4267 2620 4314 eum,
2660 4263 2823 4321 quem
2860 4248 3119 4308 diximus,
3160 4245 3384 4299 modum

1817 4352 2125 4422 ambiguam
2168 4362 2292 4404 esse
2342 4343 2611 4399 rationem
2650 4341 2877 4396 orientis
2915 4337 3120 4409 cinguli
3175 4335 3382 4392 Persei.

1746 4436 1789 4490 D
1816 4442 1935 4497 Non
1971 4440 2120 4496 enim
2169 4438 2319 4494 solus
2358 4435 2449 4490 ille
2503 4431 2689 4488 Persei
2727 4430 2941 4485 balteus
2980 4442 3145 4498 supra
3183 4435 3385 4481 terram

1815 4530 2046 4594 exsistit,
2085 4526 2305 4598 quando
2343 4524 2501 4578 Aries
2536 4521 2670 4576 oriri
2708 4518 2920 4588 incipit,
2963 4519 3057 4572 sed
3089 4523 3237 4573 totus
3266 4515 3388 4586 ipse

1815 4622 2206 4695 propemodum
2265 4616 2517 4678 Perseus,
2574 4621 2804 4683 excepto
2841 4611 2981 4681 pede
3040 4610 3270 4666 sinistro
3320 4624 3386 4662 ac

1816 4730 1977 4787 genu.
2018 4711 2229 4782 Quippe
2268 4710 2460 4765 dexter
2505 4706 2652 4762 illius
2686 4722 2781 4777 pes
2811 4720 2933 4761 cum
2963 4710 3161 4757 octava
3201 4701 3388 4757 oritur

1817 4805 2054 4861 Piscium
2103 4811 2278 4873 parte,
2319 4815 2440 4872 quae
2479 4808 2659 4855 autem
2715 4798 2856 4852 inest
2898 4797 2952 4850 in
3009 4795 3203 4850 dextro
3241 4807 3388 4862 genu

1819 4898 1997 4961 stella,
2024 4910 2149 4951 cum
2189 4893 2457 4965 septima:
2482 4891 2663 4946 lucida
2694 4903 2858 4960 porro
2907 4902 3028 4958 qua:
3054 4895 3139 4941 est
3168 4885 3224 4941 in
3255 4884 3391 4939 θοι·-

1820 4992 2003 5061 gonio,
2032 4996 2086 5044 et
2116 4987 2340 5043 sinistra
2368 5001 2557 5050 manu,
2586 4998 2708 5053 quas
2735 4982 3020 5038 sinistrum
3052 4977 3232 5033 femur
3253 4991 3389 5047 pau-

1820 5081 1989 5135 lulum
2026 5078 2306 5148 praecedit,
2344 5091 2467 5131 cum
2499 5082 2654 5145 parte
2682 5073 2892 5128 decima
2923 5069 3079 5125 tertia
3122 5080 3392 5122 conscen-

1820 5173 1940 5236 dit;
1972 5169 2149 5225 solum
2184 5183 2312 5223 crus
2345 5166 2631 5223 sinistrum
2672 5164 2850 5218 oritur
2877 5175 3002 5215 cum
3028 5157 3230 5213 Ariete.
3264 5156 3390 5210 Fal-

1823 5280 1918 5321 sus
1964 5269 2050 5318 est
2094 5261 2312 5331 itaque,
2369 5273 2493 5314 cum
2545 5264 2601 5313 et
2642 5254 3031 5326 apparentibus
3097 5266 3252 5307 suam
3297 5249 3392 5302 illo

1825 5355 1986 5411 modo
2016 5360 2269 5408 constare
2314 5350 2496 5413 ﬁdem,
2532 5355 2588 5404 et
2623 5348 2854 5401 Aratum
2884 5344 3057 5415 perite
3094 5351 3394 5410 exacteque

1823 5462 1945 5520 qua:
1971 5445 2038 5501 ad
2078 5445 2355 5517 cingulum
2394 5442 2627 5499 attinent
2660 5438 2846 5495 Persei
2887 5436 3217 5491 traditurum
3267 5446 3394 5487 esse

1824 5537 2084 5596 defendit.
