3816 6324
479 349 609 409 11191

1492 310 1581 397 λὺ
1622 331 1887 398 cosse"
1925 323 2316 393 cnnoxzcos
2359 326 2720 388 APPmnxx.

551 463 662 535 Ego
714 475 842 518 vero
895 478 1004 517 non
1036 457 1140 515 alia
1169 472 1237 516 ex
1293 474 1460 514 causa
1492 456 1886 512 dubitationem
1932 454 2045 508 illic

2216 448 2447 504 Δοκεῖδέ
2481 465 2566 519 μοι
2601 443 2963 516 διηπορῆσθαι
2988 440 3016 496 6
3044 444 3275 535 ΙἌρατος
3314 439 3466 510 παρά
3493 440 3694 535 that-xi»

439 548 452 627 ξ
480 548 740 627 injectum
770 555 960 609 Attalo
1006 553 1177 608 fuisse
1222 552 1498 622 suspicor,
1528 565 1695 621 quam
1723 548 1867 602 unde
1895 548 2048 617 prius

480 640 709 695 Eudoxo
740 649 857 695 erat
886 639 1114 705 oborta;
1145 653 1306 707 quem
1340 642 1621 689 auctorem
1654 634 1855 686 Aratus
1892 629 2048 684 adhi-

481 729 624 784 buit.
656 728 917 783 Eudoxus
943 728 1089 782 enim
1121 728 1175 781 in
1209 725 1607 780 commentario
1633 724 1701 777 de
1726 719 2049 792 Apparenti-

478 823 586 878 bus
601 823 790 877 scribit
810 822 1031 876 dextras
1050 820 1238 874 Persei
1261 825 1444 889 partes
1471 832 1594 871 cum
1616 815 1870 870 Piscibus
1888 813 2045 868 oriri.

470 911 560 965 ‘Ex
587 927 695 982 quo
723 925 1065 980 consequens
1098 916 1204 973 est,
1231 907 1432 962 Arietis
1465 906 1735 977 principio
1759 906 1813 958 in
1841 904 2050 958 orienle

470 1002 679 1071 ,posito,
721 1001 943 1055 dextras
997 998 1375 1054 tantummodo
1423 996 1609 1052 Persei
1666 1005 1850 1067 partes
1884 1010 2049 1066 supra

481 1099 684 1144 terram
737 1089 1024 1143 exsistere.
1053 1088 1121 1142 At
1159 1088 1216 1142 in
1260 1088 1435 1141 altero
1461 1087 1622 1151 libro,
1654 1086 1747 1156 qui
1797 1085 2049 1140 inscribi-

481 1185 571 1231 tur
604 1177 909 1247 Speculum,
955 1193 1082 1233 cum
1129 1176 1388 1232 Piscibus
1434 1184 1608 1231 totum
1660 1176 1859 1231 asserit
1889 1175 2051 1244 paulo

472 1269 664 1326 minus
693 1271 827 1324 oriri
859 1268 1530 1335 Perseum.Quamobrem
1561 1283 1684 1322 cum
1724 1268 1778 1321 in
1796 1268 2051 1323 oumibus

480 1360 617 1422 fere,
647 1377 769 1430 quae
793 1360 861 1415 ad
883 1368 1039 1414 ortus
1073 1360 1317 1414 siderum
1350 1365 1624 1427 spectant,
1653 1359 1763 1412 duo
1790 1358 1870 1411 illi
1901 1372 2052 1412 com-

481 1455 737 1510 mentarii
796 1452 1030 1507 invicem
1080 1450 1445 1513 concordent,
1497 1450 1552 1503 in
1602 1449 1787 1504 Persei
1844 1450 2053 1504 descri-

470 1545 671 1614 ptione
698 1542 1036 1609 dissideant;
1066 1543 1192 1612 jure
1222 1542 1278 1596 in
1306 1542 1564 1611 ambiguo
1593 1542 1806 1611 positus
1827 1540 2050 1603 Aratus,

469 1651 659 1707 ineque
686 1643 1106 1705 utrampartem
1130 1641 1454 1705 sequeretur
1466 1634 1801 1701 expediens;
1828 1647 2050 1702 anceps,

466 1737 537 1784 et
568 1730 842 1783 incertum
877 1742 999 1783 esse
1030 1726 1199 1791 dicit,
1227 1742 1302 1782 an
1354 1735 1409 1783 et
1453 1725 1638 1782 Persei
1672 1726 1881 1780 balteus
1929 1741 2051 1779 cum

2147 542 2245 609 τὴν
2270 540 2470 599 αἰτίαν,
2507 537 2638 607 παρ’
2657 538 2737 606 ’ἢν
2776 535 2870 587 καὶ
2897 535 2925 586 6
2958 531 3206 598 Εὔδοξος,
3238 525 3283 599 ᾧ
3311 527 3695 600 κατηκολούθηι

2147 648 2241 685 κεν
2270 632 2299 682 6
2330 630 2579 700 Ἀρατος.
2622 627 2710 680 Ἐν
2750 626 2848 696 μὲν
2878 625 2988 695 γὰρ
3006 641 3084 694 τῳ
3117 624 3455 692 συντάγματι
3483 620 3560 691 τῷ
3587 622 3696 693 περὶ

2146 722 2254 776 τῶν
2288 720 2625 792 φαινομένων
2674 719 2898 790 γράφει,
2934 717 3014 768 ὅτι
3065 718 3176 778 τοῖς
3234 707 3438 783 Ἰχθύσι
3492 729 3697 765 συνανα-

2147 814 2322 869 τέλλει
2353 812 2422 867 τὰ
2449 813 2598 878 δεξιά
2630 810 2724 864 τοῦ
2764 810 3051 882 Περσέως·
3085 807 3245 870 ὥστε,
3280 797 3383 874 τῆς
3417 803 3587 874 ἀρχῆς
3619 802 3696 856 eoi

2147 902 2320 977 Κριοῦ
2361 904 2497 976 πρὸς
2525 907 2591 974 τῇ
2636 903 2868 973 ἀνατολῇ
2899 900 3083 973 οὔσης,
3109 900 3176 952 τὰ
3206 893 3355 965 δεξιά
3387 898 3546 967 μόνον
3577 896 3698 965 μέρη

2148 997 2241 1051 τοῦ
2280 997 2533 1068 Περσέως
2584 997 2702 1049 κατ’
2730 994 2891 1048 αὐτὸν
2945 985 3084 1065 ine?
3132 992 3235 1062 γῆν
3294 986 3609 1059 φαίνεσθαν
3653 989 3697 1038 ἐν

2148 1089 2204 1141 δὲ
2235 1087 2312 1159 τῷ
2342 1087 2508 1159 ἑτέρῳ
2538 1087 2895 1157 συντάγματι,
2929 1086 2957 1138 6
2985 1083 3343 1155 ἐπιγράφεται
3368 1076 3697 1146 Ἕνοπτρον,

2148 1180 2259 1240 τοῖς
2300 1176 2498 1247 Ἰχθύσι
2527 1178 2689 1245 φησὶν
2721 1174 2881 1228 αὑτὸν
2914 1175 3053 1236 ὅλον,
3094 1173 3229 1243 πλὴν
3258 1171 3464 1238 ὀλίγου,
3496 1177 3699 1221 συνανα-

2150 1266 2372 1319 τέλλειν.
2415 1266 2503 1319 Ἐν
2548 1268 2712 1318 πᾶσιν
2759 1260 2851 1317 οὖν
2884 1258 3066 1334 σχεδὸν
3093 1266 3204 1326 ’τοῖς
3244 1259 3374 1331 περὶ
3401 1258 3502 1321 τὰς
3536 1259 3699 1311 ἀνατο-

2150 1357 2248 1421 λὰς
2291 1356 2399 1411 τῶν
2450 1357 2663 1428 ἄστρων
2713 1353 3147 1426 συμφωνούντων
3194 1348 3447 1423 ἀλλήλοις
3478 1349 3583 1403 τῶν
3625 1350 3700 1402 δύο

2154 1450 2543 1521 συνταγμάτων
2567 1492 2582 1514 ,
2625 1449 2755 1521 περὶ
2798 1448 2855 1501 δὲ
2902 1447 2996 1499 τοῦ
3038 1445 3287 1516 Περσέως
3319 1442 3577 1514 διαφόρου
3618 1442 3700 1512 τῆς

2152 1542 2472 1613 ἀναγραφῆς
2527 1540 2725 1612 ούσης·
2779 1540 3016 1610 εὐλόγως
3061 1541 3090 1593 6
3137 1541 3396 1610 Ἀρατος,
3448 1534 3700 1606 διαπορῶν

2153 1631 2284 1703 ποια
2313 1649 2396 1694 τις
2424 1632 2886 1704 κατακολουθήσει
2913 1631 3204 1701 ἀποφάσει,
3236 1628 3579 1700 ἀμφήριστόν
3612 1643 3700 1696 φη-

2156 1740 2239 1775 σιν
2277 1719 2434 1788 εἶναι,
2492 1724 2586 1777 καὶ
2631 1724 3039 1795 δισταζόμενον,
3103 1724 3332 1794 πότερον
3374 1721 3471 1773 καὶ
3517 1717 3702 1789 ήζώνη

485 1819 735 1873 humeris
780 1825 839 1872 et
886 1817 1086 1887 capite,
1116 1816 1301 1871 Ariete
1357 1816 1761 1871 conscendente
1804 1815 2053 1870 sublimis

2167 1816 2246 1869 τοῦ
2300 1816 2554 1889 Περσέως
2606 1817 2743 1887 μετά
2791 1817 2899 1871 τῶν
2957 1816 3124 1887 ὤμων
3178 1815 3272 1868 καὶ
3316 1814 3424 1884 τῆς
3466 1810 3700 1881 κεφαλῆς,

483 1922 772 1979 appareat,
817 1922 888 1961 an
939 1906 1271 1963 ascendente
1321 1909 1507 1978 potius
1561 1905 1781 1961 Tauro:
1812 1908 1957 1977 quod
1998 1908 2054 1962 in

472 1999 663 2051 altero
705 1995 919 2051 Eudoxi
962 2011 1129 2067 opere
1169 1997 1507 2051 continetur.
1540 1995 1658 2051 Non
1700 1996 1868 2066 igitur
1896 2010 1964 2049 ex
1990 2012 2056 2051 eo

486 2086 636 2158 quod
678 2093 902 2156 propter
938 2086 1279 2142 discriminis
1328 2086 1677 2157 exiguitatem
1730 2085 1946 2141 difﬁcile
2002 2085 2055 2139 id

488 2192 655 2232 sensu
672 2178 846 2247 possit
869 2177 1154 2240 aestimari,
1179 2185 1239 2232 ut
1263 2184 1419 2246 putat
1444 2176 1683 2243 Attalus,
1726 2176 1954 2230 dubium
1982 2176 2059 2230 ait

488 2283 632 2333 esse,
666 2283 797 2321 num
830 2266 1015 2322 Persei
1041 2274 1155 2321 tum
1186 2267 1401 2321 balteus
1434 2273 1714 2337 appareat,
1754 2280 1879 2320 cum
1906 2264 2058 2320 Arieo

491 2360 562 2413 tis
589 2358 803 2413 initium
828 2358 1172 2413 horizontem
1210 2366 1359 2413 tenet
1388 2373 1405 2409 ς
1433 2375 1503 2412 an
1524 2367 1659 2412 tunc
1688 2358 1871 2428 p0tius
1889 2372 2061 2413 emer-

476 2462 601 2523 gat,
637 2468 762 2507 cum
792 2450 961 2507 Tauri
994 2461 1161 2524 caput
1190 2454 1325 2509 oriri
1352 2454 1565 2524 incipit.
1617 2452 1723 2508 Sed
1763 2455 1886 2509 ideo
1913 2455 2059 2525 quod

490 2551 740 2598 neutram
771 2543 828 2597 in
863 2555 1074 2614 partem
1118 2552 1362 2601 statuere
1396 2546 1593 2616 possit,
1638 2560 1763 2599 cum
1796 2561 1864 2600 ex
1894 2561 2053 2616 aequo

485 2636 638 2690 tradi
668 2645 963 2708 utrumque
984 2647 1255 2694 cerneret.

569 2810 841 2868 Caeterum
865 2827 992 2868 cum
1021 2813 1219 2885 duplex
1252 2815 1519 2871 habeatur
1545 2818 1654 2872 loci
1684 2817 1830 2873 illius
1857 2817 2017 2872 lectio
2044 2832 2060 2869 :

482 2904 767 2975 siquidem
813 2906 873 2960 in
916 2907 1039 2963 aliis
1069 2909 1351 2964 codicibus
1398 2909 1491 2962 καί
1524 2910 1575 2962 κ’
1608 2911 1931 2981 άμφήριστα
1969 2908 2064 2962 πέ-

493 2993 647 3047 λοντο
669 3012 683 3025 ·
713 2995 767 3049 in
798 2996 921 3052 aliis
949 2997 999 3049 κ’
1029 2998 1352 3071 ἀμφήριστα
1377 2999 1649 3066 πέλονται,
1664 3001 1862 3070 legitur
1893 3000 2067 3056 :scri-

467 3085 730 3140 ‘bendum
786 3098 872 3143 est
923 3088 1159 3152 πέλοιτο,
1203 3106 1313 3144 non
1357 3099 1418 3145 ut
1472 3102 1627 3161 putat
1686 3091 1923 3156 Attalus,
1968 3090 2067 3143 πέ-

2155 1907 2248 1961 τοῦ
2281 1908 2453 1977 Κριοῦ
2487 1907 2888 1971 ἀνατέλλοντος,
2927 1906 3200 1977 μετέωρος
3249 1901 3579 1972 φαίνεται,ῆ
3624 1900 3702 1954 τοῦ

2156 1998 2370 2071 Ταύρου
2423 1998 2831 2071 ἀναφερομένου
2853 2038 2869 2064 ,
2915 1998 2990 2062 ὡς
3018 1996 3078 2050 τὸ
3112 1998 3298 2067 ἕτερον
3343 1995 3456 2048 τῶν
3486 1994 3577 2047 τοῦ
3618 1994 3704 2046 Εὑ-

2155 2089 2305 2157 δόξου
2350 2090 2743 2160 συνταγμάτων
2774 2089 3033 2159 περιέχει.
3068 2089 3144 2141 υύ
3171 2088 3323 2159 παρά
3353 2089 3415 2141 τὸ
3442 2091 3508 2159 τῇ
3537 2086 3703 2157 αἰσθή-

2160 2198 2242 2235 σει
2269 2178 2360 2234 ούν
2389 2181 2671 2251 δύσκριτον
2704 2178 2840 2233 εἶναι
2869 2179 2956 2233 διὰ
2982 2180 3285 2251 μικρότητα
3320 2177 3419 2250 τῆς
3446 2180 3701 2251 διαφορᾶς,

2157 2271 2232 2336 ὡς
2252 2274 2280 2324 6
2297 2269 2558 2334 Ἄτταλος
2584 2270 2872 2333 ύπέλαὸεν,
2895 2273 3049 2342 ἀμφή
3059 2271 3236 2341 ρἰστόν
3254 2287 3418 2340 φησιν
3447 2268 3598 2334 εἶναι,
3623 2270 3704 2322 πό-

2157 2381 2314 2435 τερον
2356 2366 2389 2435 ἡ
2420 2362 2563 2434 ζώνη
2601 2363 2693 2416 τοῦ
2731 2363 2982 2435 Περσέως
3013 2363 3154 2435 ὑπὲρ
3182 2364 3286 2434 γῆν
3325 2363 3428 2434 ἤδη
3459 2365 3701 2433 φαίνεται,

2160 2456 2259 2526 τῆς
2308 2456 2482 2526 ἀρχῆς
2534 2455 2628 2508 τοῦ
2674 2454 2847 2526 Κριοῦ
2879 2455 3014 2526 πρὸς
3039 2454 3118 2524 τῷ
3167 2452 3404 2525 ὁρίζοντι
3453 2454 3702 2524 οεσης.ῆ

2160 2546 2462 2618 ἀρχομένου
2509 2547 2610 2617 ἤδη
2662 2546 2970 2601 ἀνατέλλειν
3013 2545 3106 2599 τοῦ
3163 2544 3379 2618 Ταύρου
3400 2585 3415 2609 ,
3466 2545 3580 2598 τότε
3628 2544 3705 2598 καὶ

2161 2637 2300 2708 αὑτὴ
2340 2638 2698 2709 ἀναφέρεταιο
2734 2637 2871 2691 ἀλλά
2915 2638 2976 2691 τὸ
3022 2637 3097 2710 μὴ
3146 2637 3288 2708 ἔχειν
3321 2638 3514 2703 εἰπεῖν,
3546 2636 3629 2690 διὰ
3659 2636 3704 2687 τὸ

2163 2728 2435 2800 ἑκατέρως
2468 2728 2880 2800 παραδεδόσθαι.

2233 2821 2407 2892 Διχῶς
2436 2822 2493 2875 δὲ
2526 2822 2892 2893 γραφομένου,
2931 2821 2989 2874 ὲν
3021 2822 3120 2891 μέν
3155 2838 3296 2876 τισιν
3335 2823 3702 2892 ἀντιγράφοις’

2164 2913 2264 2967 καὶ
2300 2914 2368 2945 ⁸³“
2401 2916 2741 2983 καμρίσατο
2763 2956 2777 2979 ,
2809 2915 2868 2968 ἐν
2910 2914 2966 2967 δέ
2994 2930 3137 2967 τισι·
3178 2915 3280 2966 καί
3307 2915 3362 2967 κ’
3390 2914 3704 2985 ἀμφήριστα

2165 3002 2449 3056 πέλονται
2471 3020 2485 3033 ν
2515 3003 2595 3055 δεῖ
2620 3003 2850 3075 γράφειν
2878 3003 3117 3057 πέλοιτο
3135 3020 3149 3034 ⁸
3189 3003 3286 3057 καὶ
3309 3004 3430 3073 οὐχ,
3452 3005 3526 3069 ὡς
3550 3007 3577 3057 ὁ
3602 3005 3705 3056 ’Δτο

2166 3100 2344 3157 ταλος,
2373 3093 2674 3149 πέλονται.
2699 3096 2788 3165 Τῷ
2815 3095 2923 3166 γὰρ
2946 3095 3226 3165 συνδέσμῳ
3249 3095 3312 3147 τὸ
3337 3098 3576 3150 πέλοιτο
3598 3113 3705 3150 κατ-

493 3177 694 3231 λονται.
728 3178 866 3234 Nam
923 3196 1046 3235 cum
1104 3183 1377 3252 particula
1414 3182 1723 3251 c0pu‘lativa
1774 3190 1925 3237 recte
1968 3182 2060 3234 πέ-

2167 3183 2407 3252 αλλήλως
2447 3182 2687 3253 λέγεται,
2727 3184 2849 3238 οὐδὲ
2884 3184 2992 3255 γάρ
3023 3184 3396 3254 περισπᾶσθαι
3433 3185 3530 3250 δεῖ,
3556 3185 3706 3239 διὰτὸ

494 3271 637 3325 λοιτο
668 3272 1039 3343 conjungitur.
1071 3272 1191 3327 Non
1238 3276 1384 3328 enim
1414 3274 1600 3329 diduci
1641 3282 1930 3344 propterea
1967 3288 2063 3327 ne-

490 3380 652 3419 cesse
675 3374 779 3429 est,
810 3364 955 3434 quod
1002 3381 1198 3419 nomen
1244 3366 1564 3437 ἀμφήριστα
1608 3366 1805 3436 plurali
1839 3379 2067 3419 numero

495 3457 742 3526 ponitur,
773 3472 896 3510 cum
937 3458 1199 3513 tralatitia
1231 3457 1305 3513 sit
1339 3460 1453 3513 haec
1474 3459 1734 3528 loquendi
1772 3459 1933 3512 ratio.

576 3546 769 3599 XVlll.
808 3545 1030 3601 Oriente
1069 3546 1237 3600 Tauri
1275 3548 1548 3617 principio
1588 3549 1837 3603 scribunt
1867 3548 2066 3603 Aratus

490 3646 556 3692 et
578 3637 861 3700 Eudoxus,
881 3645 1055 3691 totum
1084 3653 1251 3708 supra
1279 3647 1480 3693 terram
1508 3640 1752 3694 eminere
1767 3638 2022 3694 Perseum
2052 3660 2066 3694 :

493 3735 557 3781 et
586 3727 801 3797 Auriga:
825 3727 1106 3780 sinistram
1133 3743 1373 3792 manum,
1394 3730 1452 3781 in
1483 3742 1591 3797 qua
1614 3728 1703 3783 siti
1727 3736 1855 3783 sunt
1876 3728 2066 3791 Haedi;

497 3831 608 3871 meo
654 3831 766 3871 non
814 3817 1103 3871 sinistrum
1152 3818 1399 3887 ejusdem
1446 3817 1670 3887 pedem;
1698 3819 1766 3872 ad
1800 3819 1915 3874 haec
1953 3820 2068 3875 Ceti

505 3904 773 3976 quidquid
802 3912 887 3960 est
920 3920 950 3959 a
979 3907 1152 3961 cauda
1185 3908 1401 3963 cervice
1427 3915 1622 3975 tenus;
1652 3924 1718 3962 ex
1760 3917 1914 3979 parte
1943 3925 2071 3966 vero

500 3996 731 4052 EBootem
779 3996 1051 4053 occidere.
1084 3996 1142 4052 ln
1185 4015 1294 4068 quo
1336 3999 1479 4071 lapsi
1527 4008 1655 4055 sunt
1706 4016 1910 4069 errore,
1945 4018 2070 4057 cum

500 4096 700 4158 putant
730 4089 982 4146 sinistras
1033 4098 1244 4144 tantum
1289 4089 1551 4148 Heniochi
1581 4102 1766 4162 partes
1823 4109 1948 4148 cum
1978 4095 2072 4149 illo

506 4182 715 4251 pariter
738 4191 984 4236 exortum
1018 4181 1218 4237 facere.
1250 4179 1458 4237 Etenim
1476 4182 1667 4237 dexter
1689 4182 1859 4252 ipsius
1884 4183 2074 4239 hume-

509 4288 604 4327 rus
652 4272 901 4327 ascendit
950 4288 1076 4328 cum
1111 4273 1314 4329 Arietis
1362 4280 1517 4344 parte
1564 4275 1825 4339 secunda,
1849 4283 1902 4330 et
1930 4276 2073 4330 vice-

502 4364 669 4421 sima.
697 4366 1009 4421 Australior
1031 4376 1213 4422 autem
1235 4383 1444 4434 earum,
1470 4383 1592 4438 qua:
1621 4376 1751 4423 sunt
1781 4368 1836 4423 in
1869 4368 2070 4438 capite,

506 4457 662 4537 prius
684 4458 850 4513 etiam
883 4474 1008 4513 cum
1042 4457 1294 4514 Piscibus
1325 4460 1571 4514 exoritur
1610 4476 1623 4511 :
1655 4462 1792 4515 adeo
1825 4468 1886 4514 ut
1918 4461 1973 4513 in
2006 4474 2073 4514 eo

503 4565 726 4619 quoque
778 4558 1027 4620 peccent,
1084 4562 1379 4622 quatenus,
1438 4554 1699 4622 inquam,
1747 4553 2074 4607 existimant

506 4641 643 4693 oriri
669 4655 794 4694 cum
826 4641 1011 4696 Ariete
1042 4644 1281 4712 primum
1320 4641 1678 4697 Heniochum.
1719 4640 1984 4698 Similiter
2019 4643 2073 4697 in

508 4728 795 4784 Heniocho
842 4730 1043 4800 duplex
1073 4733 1142 4786 ab
1173 4733 1366 4787 iisdem
1400 4733 1731 4787 commissus
1779 4747 1937 4786 error
1966 4741 2074 4787 est.

510 4816 645 4872 Nam
678 4835 855 4888 neque
887 4834 1012 4873 cum
1041 4820 1223 4875 Ariete
1252 4820 1386 4874 oriri
1436 4821 1650 4890 incipit,
1690 4830 1751 4875 ut
1777 4821 1887 4876 illis
1924 4821 2076 4875 vide-

509 4921 624 4976 tur,
675 4911 774 4965 sed
803 4926 928 4964 cum
981 4910 1270 4977 Piscibus;
1319 4927 1496 4981 neque
1546 4912 1757 4967 cervice
1808 4914 2076 4967 duntaxat

510 5010 673 5054 tenus
702 5001 946 5055 ascendit
969 5016 1092 5054 cum
1116 5001 1319 5065 Ariete,
1360 5002 1455 5056 sed
1483 5011 1630 5056 totus
1657 5005 2071 5072 propemodum,

509 5090 756 5158 exceptis
784 5090 876 5154 iis,
910 5106 1033 5159 qua:
1060 5092 1114 5144 in
1139 5092 1320 5161 capite
1350 5097 1416 5116 “'
1440 5108 1561 5163 quae
1592 5094 1646 5147 in
1675 5104 1919 5149 extrema
1953 5111 2075 5150 sca-

519 5179 647 5248 pula
679 5179 892 5233 lucidze.
938 5177 1075 5232 Nam
1120 5180 1267 5248 quod
1314 5197 1384 5236 ne
1426 5181 1624 5237 Bootes
1675 5184 1894 5252 quidem
1950 5199 2075 5237 cum

517 5269 702 5325 Ariete
737 5270 962 5340 incipiat
1001 5273 1227 5333 exoriri.
1269 5275 1412 5343 quod
1458 5276 1533 5328 illi
1567 5276 1778 5340 volunt,
1809 5277 1903 5331 sed
1946 5291 2073 5331 cum

516 5359 724 5423 Tauro,
767 5364 1019 5431 superius
1048 5363 1307 5420 diximus.

586 5450 835 5507 Geminis
864 5455 996 5508 oriri
1027 5456 1437 5527 incipientibus,
1469 5458 1669 5513 Aratus
1701 5461 1776 5513 ait
1823 5459 2077 5514 occidere

518 5539 685 5608 pedes
737 5537 1004 5609 Oplriucbi
1049 5561 1224 5616 usque
1278 5548 1347 5602 ad
1398 5548 1843 5619 genua;;Cetum
1890 5558 2076 5605 autem

2170 3274 2544 3347 πληθυντικῶς
2569 3274 2892 3345 ἐκφέρεσθαι
2916 3275 2976 3327 τὸ
2994 3276 3315 3348 ἀμφήριστα
3333 3294 3346 3306 ’
3377 3276 3598 3349 σύνηθες
3617 3276 3706 3345 γάρ

2166 3369 2282 3421 ἐστι
2307 3368 2369 3421 τὸ
2395 3367 2578 3438 σχῆμα
2609 3367 2765 3419 τοῦτο
2792 3368 2891 3436 τῆς
2915 3368 3171 3437 ἐκφορᾶς.

2243 3546 2349 3598 IH'.
2387 3543 2498 3613 τῆς
2523 3543 2578 3597 δὲ
2613 3544 2785 3615 ἀρχῆς
2812 3544 2903 3597 τοῦ
2933 3545 3148 3616 Ταύρου
3186 3546 3595 3618 ἀνατελλούσης,
3621 3563 3706 3614 φη·

2169 3637 2253 3690 σὶν
2282 3639 2311 3689 6
2343 3636 2575 3707 Ἀρατός
2599 3653 2658 3688 τε
2694 3638 2787 3688 καὶ
2844 3634 3066 3700 Εὔδοξος
3089 3636 3179 3689 τὸν
3211 3638 3425 3709 Περσέα
3452 3639 3566 3690 δλον
3605 3634 3705 3705 φαί-

2168 3728 2353 3781 νεσθαι
2391 3728 2530 3798 ὑπὲρ
2576 3728 2699 3799 γῆν,
2745 3728 2956 3781 καὶτοῦ
3004 3729 3249 3799 Ἡνιόχου
3300 3730 3401 3801 τὴν
3445 3728 3705 3802 ἀριστερὰν

2170 3823 2351 3891 χεῖρα,
2410 3820 2469 3871 ὲν
2567 3819 2614 3871 οἱ
2653 3818 2864 3889 Ἔριφοι
2901 3822 3126 3881 κεῖνται,
3176 3820 3269 3872 καὶ
3314 3821 3408 3872 τὸν
3456 3818 3703 3891 ἀριστερὸν

2171 3912 2341 3964 πόδασ
2378 3908 2593 3964 καὶτοῦ
2626 3911 2840 3980 Κήτους
2882 3912 2944 3964 τὸ
2996 3912 3104 3965 ἀπὸ
3143 3912 3241 3983 τῆς
3286 3913 3457 3984 ούρᾶς
3501 3913 3599 3975 ἓως
3625 3910 3701 3977 τῆς

2170 3998 2387 4068 λοφίας⁹
2436 3999 2709 4052 δίδον-έναι
2764 4000 2821 4053 δέ
2868 4015 3001 4070 φησι
3046 4001 3140 4054 τοῦ
3196 4002 3409 4056 Βοώτου
3448 4020 3500 4056 τι
3547 4002 3702 4072 μέρος

2182 4085 2494 4155 ’Λγνοοῦσιν
2526 4082 2639 4149 οὖν,
2666 4086 2734 4139 τὰ
2760 4087 3021 4159 ἀριστερὰ
3075 4089 3232 4159 μόνον
3270 4090 3702 4161 ὑπολαμϐάνοντες

2169 4178 2263 4232 τοῦ
2310 4178 2549 4248 Ἡνιόχου
2588 4177 2666 4248 τῷ
2711 4179 2866 4250 Κριῷ
2916 4180 3345 4237 συνανατέλλειν.
3409 4183 3467 4237 '0
3500 4184 3589 4253 μὲν
3614 4180 3703 4249 γὰρ

2168 4271 2342 4336 δεξιὸς
2364 4264 2512 4341 ὦμος
2540 4270 2704 4324 αὐτοῦ
2721 4274 2786 4343 τῇ
2805 4272 2848 4342 β’
2870 4274 2964 4325 καὶ
2990 4281 3037 4326 κ’
3064 4275 3171 4344 μοί.
3200 4273 3297 4327 τοῦ
3313 4275 3486 4345 Κριοῦ
3513 4288 3703 4328 συναναι

2172 4365 2422 4436 φέρεται’
2474 4366 2501 4416 6
2546 4364 2604 4416 δὲ
2652 4363 2968 4437 νοτιὼτερος
3014 4366 3124 4419 τῶν
3172 4368 3231 4419 ὲν
3280 4370 3346 4438 τῇ
3398 4368 3593 4437 κεφαλῇ
3635 4366 3697 4421 ἔτι

2177 4456 2437 4527 πρότερον
2467 4459 2577 4518 τοῖς
2617 4455 2816 4527 Ἰχθύσι
2846 4458 3221 4512 συνανατέλλει
3240 4476 3253 4487 ·
3284 4458 3428 4513 ὥστε
3454 4460 3544 4513 καὶ
3577 4457 3704 4512 τοῦτο

2178 4549 2387 4617 ἀγνοεῖν
2420 4548 2647 4614 αύτούς·
2701 4550 2844 4620 λέγω
2885 4551 2941 4604 δὲ
2984 4551 3106 4605 καθ’
3148 4553 3270 4606 ὅσον
3303 4554 3702 4625 ὑπολαμϐάνουσι

2175 4636 2405 4708 πρώτως
2453 4638 2531 4708 τῷ
2585 4638 2740 4709 Κριῴ
2802 4640 2892 4693 τὸν
2954 4640 3195 4710 Ἠνίοχον
3255 4638 3700 4712 συναναφέρεσθαι.

2186 4729 2416 4799 Ὁμοίως
2443 4729 2501 4785 δὲ
2527 4730 2666 4782 κατὰ
2700 4729 2794 4784 δύο
2821 4732 3052 4801 τρόπους
3075 4731 3169 4784 καὶ
3187 4732 3255 4785 τά
3289 4736 3419 4804 περὶ
3445 4733 3533 4786 τοῦ
3566 4728 3706 4783 Ἠνιό-

2108 4523 2151 4577 D

2173 4838 2270 4891 χου
2299 4820 2652 4890 ἠγνοήκασιν.
2684 4820 2820 4874 Οὔτε
2845 4822 2953 4892 γὰρ
2979 4820 3057 4891 τῷ
3080 4821 3236 4892 Κριῷ
3261 4824 3484 4894 ἄρχεται
3514 4837 3701 4876 συνανα-

2170 4910 2399 4974 τέλλειν,
2434 4910 2509 4974 ὦς
2542 4928 2726 4979 φασιν,
2756 4912 2892 4965 ἀλλά
2935 4916 3048 4975 τοῖς
3086 4911 3335 4981 Ἰχθύσιν,
3365 4913 3487 4967 οὔτε
3512 4913 3604 4975 ἕως
3627 4909 3703 4972 τῆς

2174 5002 2365 5072 λοφὶας
2406 5004 2566 5073 μόνον
2588 5004 2920 5076 ἀναφέρεται
2954 5007 3050 5058 σὺν
3094 5005 3170 5074 τῷ
3203 5006 3382 5076 Κριῷ,
3415 5006 3525 5059 ἀλλ’
3549 5005 3650 5065 ὅλος
3668 5001 3704 5031 ⁸⁵

2176 5094 2379 5164 σχεδὸν,
2408 5095 2547 5166 πλὴν
2571 5096 2678 5148 τῶν
2702 5097 2761 5149 ὲν
2788 5099 2855 5167 τῇ
2884 5096 3090 5167 κεφαλῇ
3119 5098 3166 5148 οἱ
3195 5098 3253 5149 ὲν
3281 5098 3438 5168 ἄκρῳ
3465 5097 3539 5167 τῷ
3568 5094 3702 5166 χελωο

2176 5186 2332 5257 vim“
2366 5187 2627 5257 λαμπροί.
2657 5189 2778 5241 Ὅτι
2799 5207 2861 5258 γε
2895 5190 3001 5261 μὴν
3023 5189 3145 5241 οὔτε
3185 5191 3215 5241 6
3247 5190 3462 5261 Βοώτης
3486 5188 3560 5258 τῷ
3583 5183 3704 5255 KP"?

2178 5279 2402 5349 ἄρχεται
2432 5279 2915 5349 συναναφέρεσθαι,
2938 5279 3012 5342 ὥς
3039 5297 3224 5348 φασιν,
3255 5280 3392 5335 ἀλλά
3421 5280 3496 5350 τῷ
3523 5278 3701 5346 Ταύρῳρ

2180 5369 2589 5440 προειρήκαμεν
2616 5370 2889 5441 ἀνωτέρω.

2252 5460 2373 5512 Τῶν
2397 5459 2454 5511 δὲ
2477 5458 2724 5532 Διδύμων
2753 5461 3070 5532 ἀρχομένων
3101 5462 3434 5525 ἀνατέλλειν,
3458 5465 3486 5516 6
3511 5463 3703 5531 ’Δρατθς

2153 5548 2359 5603 δύνειν
2399 5550 2499 5620 μέν
2553 5567 2685 5621 φησι
2731 5554 2859 5616 τοὺς
2912 5552 3079 5616 πόδας
3138 5553 3235 5606 τοῦ
3320 5551 3588 5623 Ὀφιούχου
3632 5543 3703 5615 [14-

587 5692 658 5773 γ’
686 5691 809 5748 Cor.
845 5696 936 5748 καί
969 5700 1018 5751 κ’
1045 5701 1361 5772 ἀμφήριστα
1389 5700 1627 5755 πέλοντο.
1706 5701 1752 5735 ³⁵
1776 5720 1866 5771 γρ.
1896 5703 2033 5758 ὅλον.
2108 5704 2154 5736 ⁸³
2187 5722 2274 5773 γγ).
2305 5704 2549 5776 χελυνίῳ.
