  <div class='ocr_page' id='page_1' title='image "/cluster/home/n/w/nwhite01/storage/ocr_20150623/19/hvd.32044011362951/554.png"; bbox 0 0 3816 6306; ppageno 0'>
   <div class='ocr_carea' id='block_1_1' title="bbox 122 322 258 384">
    <p class='ocr_par' dir='ltr' id='par_1_1' title="bbox 122 322 258 384">
     <span class='ocr_line' id='line_1_1' title="bbox 122 322 258 384; baseline -0.096 -43"><span class='ocrx_word' id='word_1_1' title='bbox 122 322 258 384; x_wconf 58' lang='lat' dir='ltr'><strong><em>m</em></strong></span> 
     </span>
    </p>
   </div>
   <div class='ocr_carea' id='block_1_2' title="bbox 1112 324 2358 389">
    <p class='ocr_par' dir='ltr' id='par_1_2' title="bbox 1112 324 2358 389">
     <span class='ocr_line' id='line_1_2' title="bbox 1112 324 2358 389; baseline 0.003 -5"><span class='ocrx_word' id='word_1_2' title='bbox 1112 324 1477 386; x_wconf 78' lang='lat' dir='ltr'><strong>HIPPARCIII</strong></span> <span class='ocrx_word' id='word_1_3' title='bbox 1513 328 1604 386; x_wconf 82' lang='lat' dir='ltr'><strong>AD</strong></span> <span class='ocrx_word' id='word_1_4' title='bbox 1636 327 2087 388; x_wconf 64' lang='lat' dir='ltr'><strong>PIIIENOMENA</strong></span> <span class='ocrx_word' id='word_1_5' title='bbox 2126 333 2253 389; x_wconf 84' lang='lat' dir='ltr'><strong>LIB.</strong></span> <span class='ocrx_word' id='word_1_6' title='bbox 2294 330 2358 389; x_wconf 82' lang='grc' dir='ltr'><strong>ῐι.</strong></span> 
     </span>
    </p>
   </div>
   <div class='ocr_carea' id='block_1_3' title="bbox 3214 335 3354 393">
    <p class='ocr_par' dir='ltr' id='par_1_3' title="bbox 3214 335 3354 393">
     <span class='ocr_line' id='line_1_3' title="bbox 3214 335 3354 393; baseline 0.029 -4"><span class='ocrx_word' id='word_1_7' title='bbox 3214 335 3354 393; x_wconf 61' lang='grc' dir='ltr'>ιονλι</span> 
     </span>
    </p>
   </div>
   <div class='ocr_carea' id='block_1_4' title="bbox 129 438 1687 518">
    <p class='ocr_par' dir='ltr' id='par_1_4' title="bbox 129 438 1687 515">
     <span class='ocr_line' id='line_1_4' title="bbox 129 438 1687 515; baseline 0.001 -19"><span class='ocrx_word' id='word_1_8' title='bbox 129 461 215 513; x_wconf 58' lang='lat' dir='ltr'><strong>eo:</strong></span> <span class='ocrx_word' id='word_1_9' title='bbox 255 443 436 497; x_wconf 82' lang='grc' dir='ltr'>αὐτῶν</span> <span class='ocrx_word' id='word_1_10' title='bbox 464 439 511 475; x_wconf 79' lang='grc'><strong>⁸⁸</strong></span> <span class='ocrx_word' id='word_1_11' title='bbox 549 441 786 511; x_wconf 82' lang='grc' dir='ltr'>γονάτων</span> <span class='ocrx_word' id='word_1_12' title='bbox 805 459 820 473; x_wconf 88' lang='grc'><strong>·</strong></span> <span class='ocrx_word' id='word_1_13' title='bbox 847 438 1154 495; x_wconf 79' lang='grc' dir='ltr'><strong>ἀνατέλλειν</strong></span> <span class='ocrx_word' id='word_1_14' title='bbox 1189 442 1247 497; x_wconf 80' lang='grc' dir='ltr'>δὲ</span> <span class='ocrx_word' id='word_1_15' title='bbox 1294 443 1358 496; x_wconf 81' lang='grc' dir='ltr'>τὸ</span> <span class='ocrx_word' id='word_1_16' title='bbox 1388 444 1564 515; x_wconf 82' lang='grc' dir='ltr'>Κῆτος</span> <span class='ocrx_word' id='word_1_17' title='bbox 1597 446 1687 498; x_wconf 77' lang='grc' dir='ltr'>καὶ</span> 
     </span>
    </p>
   </div>
   <div class='ocr_carea' id='block_1_5' title="bbox 1793 438 3356 518">
    <p class='ocr_par' dir='ltr' id='par_1_5' title="bbox 1793 444 3356 518">
     <span class='ocr_line' id='line_1_5' title="bbox 1793 444 3356 518; baseline 0.002 -19"><span class='ocrx_word' id='word_1_18' title='bbox 1793 445 2022 506; x_wconf 78' lang='lat' dir='ltr'><strong>exoriri:</strong></span> <span class='ocrx_word' id='word_1_19' title='bbox 2080 446 2423 515; x_wconf 90' lang='lat' dir='ltr'><strong>primumque</strong></span> <span class='ocrx_word' id='word_1_20' title='bbox 2452 444 2720 501; x_wconf 80' lang='lat' dir='ltr'><strong>Fluminis</strong></span> <span class='ocrx_word' id='word_1_21' title='bbox 2776 454 3008 514; x_wconf 89' lang='lat' dir='ltr'><strong>partem.</strong></span> <span class='ocrx_word' id='word_1_22' title='bbox 3053 445 3185 513; x_wconf 66' lang='lat' dir='ltr'><strong>Quae</strong></span> <span class='ocrx_word' id='word_1_23' title='bbox 3229 449 3356 518; x_wconf 78' lang='lat' dir='ltr'><strong>qui-</strong></span> 
     </span>
    </p>
   </div>
   <div class='ocr_carea' id='block_1_6' title="bbox 127 532 1686 606">
    <p class='ocr_par' dir='ltr' id='par_1_6' title="bbox 127 532 1686 606">
     <span class='ocr_line' id='line_1_6' title="bbox 127 532 1686 606; baseline -0.001 -18"><span class='ocrx_word' id='word_1_24' title='bbox 127 535 215 588; x_wconf 81' lang='grc' dir='ltr'><strong>τοῦ</strong></span> <span class='ocrx_word' id='word_1_25' title='bbox 246 532 506 606; x_wconf 85' lang='grc' dir='ltr'>Ποταμοῦ</span> <span class='ocrx_word' id='word_1_26' title='bbox 546 534 617 587; x_wconf 75' lang='grc' dir='ltr'><strong>τὰ</strong></span> <span class='ocrx_word' id='word_1_27' title='bbox 645 533 859 606; x_wconf 86' lang='grc' dir='ltr'>πρῶτα.</span> <span class='ocrx_word' id='word_1_28' title='bbox 907 533 1096 587; x_wconf 87' lang='grc' dir='ltr'>Ταῦτα</span> <span class='ocrx_word' id='word_1_29' title='bbox 1133 534 1193 587; x_wconf 84' lang='grc' dir='ltr'>δὲ</span> <span class='ocrx_word' id='word_1_30' title='bbox 1234 534 1541 605; x_wconf 78' lang='grc' dir='ltr'><strong>συμφώνως</strong></span> <span class='ocrx_word' id='word_1_31' title='bbox 1575 538 1686 600; x_wconf 81' lang='grc' dir='ltr'>τοῖς</span> 
     </span>
    </p>
   </div>
   <div class='ocr_carea' id='block_1_7' title="bbox 120 625 1057 698">
    <p class='ocr_par' dir='ltr' id='par_1_7' title="bbox 120 625 1057 698">
     <span class='ocr_line' id='line_1_7' title="bbox 120 625 1057 698; baseline 0 -17"><span class='ocrx_word' id='word_1_32' title='bbox 120 627 467 698; x_wconf 75' lang='grc' dir='ltr'><strong>φαινομένοις</strong></span> <span class='ocrx_word' id='word_1_33' title='bbox 493 627 585 681; x_wconf 79' lang='grc' dir='ltr'><strong>ὑπ’</strong></span> <span class='ocrx_word' id='word_1_34' title='bbox 616 625 795 680; x_wconf 81' lang='grc' dir='ltr'>αὐτῶν</span> <span class='ocrx_word' id='word_1_35' title='bbox 822 625 1057 698; x_wconf 72' lang='grc' dir='ltr'>εἴρηται.</span> 
     </span>
    </p>
   </div>
   <div class='ocr_carea' id='block_1_8' title="bbox 203 711 1689 789">
    <p class='ocr_par' dir='ltr' id='par_1_8' title="bbox 203 711 1689 789">
     <span class='ocr_line' id='line_1_8' title="bbox 203 711 1689 789; baseline -0.003 -17"><span class='ocrx_word' id='word_1_36' title='bbox 203 720 264 771; x_wconf 78' lang='grc' dir='ltr'><strong>Ἀ</strong></span> <span class='ocrx_word' id='word_1_37' title='bbox 314 718 415 789; x_wconf 79' lang='grc' dir='ltr'>μὲν</span> <span class='ocrx_word' id='word_1_38' title='bbox 459 713 554 772; x_wconf 80' lang='grc' dir='ltr'>οὖν</span> <span class='ocrx_word' id='word_1_39' title='bbox 603 716 776 770; x_wconf 80' lang='grc' dir='ltr'>ἐδόκει</span> <span class='ocrx_word' id='word_1_40' title='bbox 810 734 899 787; x_wconf 84' lang='grc' dir='ltr'><strong>μοι</strong></span> <span class='ocrx_word' id='word_1_41' title='bbox 948 719 1193 788; x_wconf 81' lang='grc' dir='ltr'>χρήσιμα</span> <span class='ocrx_word' id='word_1_42' title='bbox 1239 711 1379 769; x_wconf 76' lang='grc' dir='ltr'>εἶναι</span> <span class='ocrx_word' id='word_1_43' title='bbox 1420 714 1528 769; x_wconf 83' lang='grc' dir='ltr'><strong>τῶν</strong></span> <span class='ocrx_word' id='word_1_44' title='bbox 1580 715 1689 767; x_wconf 83' lang='grc' dir='ltr'><strong>ὑπὸ</strong></span> 
     </span>
    </p>
   </div>
   <div class='ocr_carea' id='block_1_9' title="bbox 139 800 1687 879">
    <p class='ocr_par' dir='ltr' id='par_1_9' title="bbox 139 800 1687 879">
     <span class='ocr_line' id='line_1_9' title="bbox 139 800 1687 879; baseline -0.006 -17"><span class='ocrx_word' id='word_1_45' title='bbox 139 810 360 879; x_wconf 78' lang='grc' dir='ltr'><strong>Ἀράτου</strong></span> <span class='ocrx_word' id='word_1_46' title='bbox 391 807 488 861; x_wconf 72' lang='grc' dir='ltr'>καὶ</span> <span class='ocrx_word' id='word_1_47' title='bbox 515 805 743 872; x_wconf 79' lang='grc' dir='ltr'><strong>Εὐδόξου</strong></span> <span class='ocrx_word' id='word_1_48' title='bbox 781 805 1088 876; x_wconf 77' lang='grc' dir='ltr'>λεγομένων</span> <span class='ocrx_word' id='word_1_49' title='bbox 1119 805 1177 857; x_wconf 77' lang='grc' dir='ltr'>ὲν</span> <span class='ocrx_word' id='word_1_50' title='bbox 1202 805 1312 866; x_wconf 80' lang='grc' dir='ltr'>τοῖς</span> <span class='ocrx_word' id='word_1_51' title='bbox 1349 800 1687 873; x_wconf 74' lang='grc' dir='ltr'>φαινομένοις</span> 
     </span>
    </p>
   </div>
   <div class='ocr_carea' id='block_1_10' title="bbox 127 891 1689 969">
    <p class='ocr_par' dir='ltr' id='par_1_10' title="bbox 127 891 1689 969">
     <span class='ocr_line' id='line_1_10' title="bbox 127 891 1689 969; baseline -0.006 -15"><span class='ocrx_word' id='word_1_52' title='bbox 127 898 519 969; x_wconf 75' lang='grc' dir='ltr'>ἐπισκέψασθαί</span> <span class='ocrx_word' id='word_1_53' title='bbox 556 915 639 963; x_wconf 88' lang='grc' dir='ltr'><strong>τε,</strong></span> <span class='ocrx_word' id='word_1_54' title='bbox 671 897 764 950; x_wconf 76' lang='grc' dir='ltr'><strong>καὶ</strong></span> <span class='ocrx_word' id='word_1_55' title='bbox 792 895 1124 967; x_wconf 52' lang='grc' dir='ltr'>ὑπογράψαι,</span> <span class='ocrx_word' id='word_1_56' title='bbox 1147 893 1322 949; x_wconf 89' lang='grc' dir='ltr'>ταῦτά</span> <span class='ocrx_word' id='word_1_57' title='bbox 1351 895 1498 947; x_wconf 77' lang='grc' dir='ltr'>ἐστιν</span> <span class='ocrx_word' id='word_1_58' title='bbox 1516 909 1531 923; x_wconf 90' lang='grc'><strong>·</strong></span> <span class='ocrx_word' id='word_1_59' title='bbox 1562 891 1689 961; x_wconf 77' lang='grc' dir='ltr'><strong>ἑξῆς</strong></span> 
     </span>
    </p>
   </div>
   <div class='ocr_carea' id='block_1_11' title="bbox 124 984 1688 1062">
    <p class='ocr_par' dir='ltr' id='par_1_11' title="bbox 124 984 1688 1062">
     <span class='ocr_line' id='line_1_11' title="bbox 124 984 1688 1062; baseline -0.008 -14"><span class='ocrx_word' id='word_1_60' title='bbox 124 994 178 1048; x_wconf 86' lang='grc' dir='ltr'>δὲ</span> <span class='ocrx_word' id='word_1_61' title='bbox 204 992 458 1057; x_wconf 83' lang='grc' dir='ltr'>ύποτάξω</span> <span class='ocrx_word' id='word_1_62' title='bbox 483 991 612 1062; x_wconf 72' lang='grc' dir='ltr'>περὶ</span> <span class='ocrx_word' id='word_1_63' title='bbox 650 990 881 1043; x_wconf 75' lang='grc' dir='ltr'><strong>ἑκάστου</strong></span> <span class='ocrx_word' id='word_1_64' title='bbox 908 987 1016 1041; x_wconf 83' lang='grc' dir='ltr'><strong>τῶν</strong></span> <span class='ocrx_word' id='word_1_65' title='bbox 1042 986 1297 1041; x_wconf 78' lang='grc' dir='ltr'>ἀπλανῶν</span> <span class='ocrx_word' id='word_1_66' title='bbox 1321 985 1565 1056; x_wconf 83' lang='grc' dir='ltr'><strong>ἀστέρων</strong></span> <span class='ocrx_word' id='word_1_67' title='bbox 1595 984 1688 1037; x_wconf 66' lang='grc' dir='ltr'><strong>ἐπὶ</strong></span> 
     </span>
    </p>
   </div>
   <div class='ocr_carea' id='block_1_12' title="bbox 127 1076 1687 1157">
    <p class='ocr_par' dir='ltr' id='par_1_12' title="bbox 127 1076 1687 1157">
     <span class='ocr_line' id='line_1_12' title="bbox 127 1076 1687 1157; baseline -0.008 -15"><span class='ocrx_word' id='word_1_68' title='bbox 127 1088 436 1157; x_wconf 72' lang='grc' dir='ltr'>κεφαλαίου,</span> <span class='ocrx_word' id='word_1_69' title='bbox 469 1086 575 1140; x_wconf 88' lang='grc' dir='ltr'>τίνι</span> <span class='ocrx_word' id='word_1_70' title='bbox 602 1102 661 1139; x_wconf 90' lang='grc' dir='ltr'><strong>τε</strong></span> <span class='ocrx_word' id='word_1_71' title='bbox 685 1085 794 1137; x_wconf 86' lang='grc' dir='ltr'><strong>τῶν</strong></span> <span class='ocrx_word' id='word_1_72' title='bbox 825 1082 891 1153; x_wconf 83' lang='grc' dir='ltr'><strong>ιβ’</strong></span> <span class='ocrx_word' id='word_1_73' title='bbox 922 1083 1126 1147; x_wconf 85' lang='grc' dir='ltr'>ζωδίων</span> <span class='ocrx_word' id='word_1_74' title='bbox 1167 1079 1563 1143; x_wconf 84' lang='grc' dir='ltr'>συνανατέλλει,</span> <span class='ocrx_word' id='word_1_75' title='bbox 1594 1076 1687 1130; x_wconf 73' lang='grc' dir='ltr'>καὶ</span> 
     </span>
    </p>
   </div>
   <div class='ocr_carea' id='block_1_13' title="bbox 130 1169 1685 1248">
    <p class='ocr_par' dir='ltr' id='par_1_13' title="bbox 130 1169 1685 1248">
     <span class='ocr_line' id='line_1_13' title="bbox 130 1169 1685 1248; baseline -0.007 -15"><span class='ocrx_word' id='word_1_76' title='bbox 130 1178 545 1248; x_wconf 81' lang='grc' dir='ltr'>συγκαταδύνει·</span> <span class='ocrx_word' id='word_1_77' title='bbox 592 1177 689 1230; x_wconf 73' lang='grc' dir='ltr'>καὶ</span> <span class='ocrx_word' id='word_1_78' title='bbox 732 1176 839 1228; x_wconf 76' lang='grc' dir='ltr'><strong>ἀπὸ</strong></span> <span class='ocrx_word' id='word_1_79' title='bbox 866 1174 1067 1245; x_wconf 85' lang='grc' dir='ltr'>πόστης</span> <span class='ocrx_word' id='word_1_80' title='bbox 1116 1172 1308 1244; x_wconf 88' lang='grc' dir='ltr'>μοίρας</span> <span class='ocrx_word' id='word_1_81' title='bbox 1350 1170 1444 1224; x_wconf 87' lang='grc' dir='ltr'><strong>τοῦ</strong></span> <span class='ocrx_word' id='word_1_82' title='bbox 1493 1169 1685 1235; x_wconf 87' lang='grc' dir='ltr'>ζωδίου</span> 
     </span>
    </p>
   </div>
   <div class='ocr_carea' id='block_1_14' title="bbox 126 1262 1688 1344">
    <p class='ocr_par' dir='ltr' id='par_1_14' title="bbox 126 1262 1688 1344">
     <span class='ocr_line' id='line_1_14' title="bbox 126 1262 1688 1344; baseline -0.007 -19"><span class='ocrx_word' id='word_1_83' title='bbox 126 1272 443 1344; x_wconf 78' lang='grc' dir='ltr'>ἀρξάμενος,</span> <span class='ocrx_word' id='word_1_84' title='bbox 475 1270 582 1329; x_wconf 71' lang='grc' dir='ltr'>ἕως</span> <span class='ocrx_word' id='word_1_85' title='bbox 625 1268 829 1337; x_wconf 82' lang='grc' dir='ltr'>πόστης</span> <span class='ocrx_word' id='word_1_86' title='bbox 854 1266 916 1319; x_wconf 80' lang='grc' dir='ltr'>τὸ</span> <span class='ocrx_word' id='word_1_87' title='bbox 937 1266 1160 1335; x_wconf 76' lang='grc' dir='ltr'>ἔσχατον</span> <span class='ocrx_word' id='word_1_88' title='bbox 1180 1263 1475 1327; x_wconf 84' lang='grc' dir='ltr'>ἀνατέλλει,</span> <span class='ocrx_word' id='word_1_89' title='bbox 1502 1262 1536 1333; x_wconf 76' lang='grc' dir='ltr'>ἦ</span> <span class='ocrx_word' id='word_1_90' title='bbox 1563 1277 1688 1330; x_wconf 81' lang='grc' dir='ltr'>συγ-</span> 
     </span>
    </p>
   </div>
   <div class='ocr_carea' id='block_1_15' title="bbox 125 1348 1689 1427">
    <p class='ocr_par' dir='ltr' id='par_1_15' title="bbox 125 1348 1689 1427">
     <span class='ocr_line' id='line_1_15' title="bbox 125 1348 1689 1427; baseline -0.008 -12"><span class='ocrx_word' id='word_1_91' title='bbox 125 1360 403 1415; x_wconf 79' lang='grc' dir='ltr'>καταδύνει</span> <span class='ocrx_word' id='word_1_92' title='bbox 418 1360 496 1412; x_wconf 74' lang='grc' dir='ltr'><strong>’ὲν</strong></span> <span class='ocrx_word' id='word_1_93' title='bbox 517 1361 631 1422; x_wconf 84' lang='grc' dir='ltr'>τοῖς</span> <span class='ocrx_word' id='word_1_94' title='bbox 653 1358 781 1427; x_wconf 69' lang='grc' dir='ltr'>περὶ</span> <span class='ocrx_word' id='word_1_95' title='bbox 804 1356 899 1427; x_wconf 70' lang='grc' dir='ltr'>τὴν</span> <span class='ocrx_word' id='word_1_96' title='bbox 945 1354 1168 1408; x_wconf 83' lang='grc' dir='ltr'><strong>Ἐλλάδα</strong></span> <span class='ocrx_word' id='word_1_97' title='bbox 1193 1354 1376 1415; x_wconf 76' lang='grc' dir='ltr'>τόποις</span> <span class='ocrx_word' id='word_1_98' title='bbox 1393 1368 1408 1381; x_wconf 85' lang='grc'><strong>·</strong></span> <span class='ocrx_word' id='word_1_99' title='bbox 1435 1351 1529 1405; x_wconf 77' lang='grc' dir='ltr'>καὶ</span> <span class='ocrx_word' id='word_1_100' title='bbox 1556 1348 1689 1403; x_wconf 82' lang='grc' dir='ltr'>καθ-</span> 
     </span>
    </p>
   </div>
   <div class='ocr_carea' id='block_1_16' title="bbox 123 1441 1687 1521">
    <p class='ocr_par' dir='ltr' id='par_1_16' title="bbox 123 1441 1687 1521">
     <span class='ocr_line' id='line_1_16' title="bbox 123 1441 1687 1521; baseline -0.008 -14"><span class='ocrx_word' id='word_1_101' title='bbox 123 1453 239 1507; x_wconf 80' lang='grc' dir='ltr'>όλου</span> <span class='ocrx_word' id='word_1_102' title='bbox 277 1454 415 1506; x_wconf 83' lang='grc' dir='ltr'>ὅπου</span> <span class='ocrx_word' id='word_1_103' title='bbox 457 1451 605 1504; x_wconf 76' lang='grc' dir='ltr'>ἐστὶν</span> <span class='ocrx_word' id='word_1_104' title='bbox 632 1451 666 1521; x_wconf 82' lang='grc' dir='ltr'>ἡ</span> <span class='ocrx_word' id='word_1_105' title='bbox 703 1449 930 1520; x_wconf 85' lang='grc' dir='ltr'>μεγίστη</span> <span class='ocrx_word' id='word_1_106' title='bbox 958 1446 1145 1518; x_wconf 80' lang='grc' dir='ltr'>ἡμέρα</span> <span class='ocrx_word' id='word_1_107' title='bbox 1176 1443 1333 1517; x_wconf 83' lang='grc' dir='ltr'>ὡρῶν</span> <span class='ocrx_word' id='word_1_108' title='bbox 1356 1441 1687 1514; x_wconf 82' lang='grc' dir='ltr'>ίσημερινῶν</span> 
     </span>
    </p>
   </div>
   <div class='ocr_carea' id='block_1_17' title="bbox 128 1534 1689 1615">
    <p class='ocr_par' dir='ltr' id='par_1_17' title="bbox 128 1534 1689 1615">
     <span class='ocr_line' id='line_1_17' title="bbox 128 1534 1689 1615; baseline -0.007 -17"><span class='ocrx_word' id='word_1_109' title='bbox 128 1543 183 1598; x_wconf 88' lang='grc' dir='ltr'>ιδ’</span> <span class='ocrx_word' id='word_1_110' title='bbox 208 1545 302 1598; x_wconf 80' lang='grc' dir='ltr'>καὶ</span> <span class='ocrx_word' id='word_1_111' title='bbox 341 1543 633 1615; x_wconf 80' lang='grc' dir='ltr'>ήμιωρίου.</span> <span class='ocrx_word' id='word_1_112' title='bbox 679 1540 789 1604; x_wconf 86' lang='grc' dir='ltr'><strong>Τάς</strong></span> <span class='ocrx_word' id='word_1_113' title='bbox 828 1539 887 1593; x_wconf 81' lang='grc' dir='ltr'>δὲ</span> <span class='ocrx_word' id='word_1_114' title='bbox 931 1539 1072 1594; x_wconf 89' lang='grc' dir='ltr'><strong>κατά</strong></span> <span class='ocrx_word' id='word_1_115' title='bbox 1118 1538 1285 1608; x_wconf 81' lang='grc' dir='ltr'>μέρος</span> <span class='ocrx_word' id='word_1_116' title='bbox 1328 1534 1509 1590; x_wconf 82' lang='grc' dir='ltr'>αὐτῶν</span> <span class='ocrx_word' id='word_1_117' title='bbox 1552 1536 1689 1588; x_wconf 90' lang='grc' dir='ltr'>ἀπο-</span> 
     </span>
    </p>
   </div>
   <div class='ocr_carea' id='block_1_18' title="bbox 122 1627 1688 1704">
    <p class='ocr_par' dir='ltr' id='par_1_18' title="bbox 122 1627 1688 1704">
     <span class='ocr_line' id='line_1_18' title="bbox 122 1627 1688 1704; baseline -0.008 -12"><span class='ocrx_word' id='word_1_118' title='bbox 122 1638 310 1704; x_wconf 79' lang='grc' dir='ltr'>δείξεις</span> <span class='ocrx_word' id='word_1_119' title='bbox 331 1640 391 1691; x_wconf 87' lang='grc' dir='ltr'>ὲν</span> <span class='ocrx_word' id='word_1_120' title='bbox 417 1636 598 1699; x_wconf 76' lang='grc' dir='ltr'>ἄλλοις</span> <span class='ocrx_word' id='word_1_121' title='bbox 629 1632 1030 1703; x_wconf 79' lang='grc' dir='ltr'>συντετάχαμεν</span> <span class='ocrx_word' id='word_1_122' title='bbox 1056 1630 1247 1694; x_wconf 77' lang='grc' dir='ltr'>οὕτως,</span> <span class='ocrx_word' id='word_1_123' title='bbox 1276 1628 1415 1682; x_wconf 80' lang='grc' dir='ltr'>ὥστε</span> <span class='ocrx_word' id='word_1_124' title='bbox 1442 1629 1500 1681; x_wconf 79' lang='grc' dir='ltr'>ὲν</span> <span class='ocrx_word' id='word_1_125' title='bbox 1526 1627 1688 1680; x_wconf 75' lang='grc' dir='ltr'>παντὶ</span> 
     </span>
    </p>
   </div>
   <div class='ocr_carea' id='block_1_19' title="bbox 123 1716 1689 1799">
    <p class='ocr_par' dir='ltr' id='par_1_19' title="bbox 123 1716 1689 1799">
     <span class='ocr_line' id='line_1_19' title="bbox 123 1716 1689 1799; baseline -0.009 -17"><span class='ocrx_word' id='word_1_126' title='bbox 123 1730 266 1799; x_wconf 83' lang='grc' dir='ltr'>τόπῳ</span> <span class='ocrx_word' id='word_1_127' title='bbox 311 1726 497 1797; x_wconf 72' lang='grc' dir='ltr'>σχεδὸν</span> <span class='ocrx_word' id='word_1_128' title='bbox 548 1724 650 1794; x_wconf 81' lang='grc' dir='ltr'>τῆς</span> <span class='ocrx_word' id='word_1_129' title='bbox 696 1721 1016 1793; x_wconf 76' lang='grc' dir='ltr'>οἰκουμένης</span> <span class='ocrx_word' id='word_1_130' title='bbox 1053 1719 1309 1773; x_wconf 85' lang='grc' dir='ltr'>δύνασθαι</span> <span class='ocrx_word' id='word_1_131' title='bbox 1355 1716 1689 1789; x_wconf 81' lang='grc' dir='ltr'>παρακολου-</span> 
     </span>
    </p>
   </div>
   <div class='ocr_carea' id='block_1_20' title="bbox 1789 536 3351 608">
    <p class='ocr_par' dir='ltr' id='par_1_20' title="bbox 1789 536 3351 608">
     <span class='ocr_line' id='line_1_20' title="bbox 1789 536 3351 608; baseline 0.003 -18"><span class='ocrx_word' id='word_1_132' title='bbox 1789 536 1913 591; x_wconf 91' lang='lat' dir='ltr'><strong>dem</strong></span> <span class='ocrx_word' id='word_1_133' title='bbox 1957 552 2083 592; x_wconf 92' lang='lat' dir='ltr'><strong>cum</strong></span> <span class='ocrx_word' id='word_1_134' title='bbox 2116 536 2509 607; x_wconf 74' lang='lat' dir='ltr'><strong>apparentibus</strong></span> <span class='ocrx_word' id='word_1_135' title='bbox 2545 547 2913 608; x_wconf 81' lang='lat' dir='ltr'><strong>congruenter</strong></span> <span class='ocrx_word' id='word_1_136' title='bbox 2954 538 3027 594; x_wconf 90' lang='lat' dir='ltr'><strong>ab</strong></span> <span class='ocrx_word' id='word_1_137' title='bbox 3057 538 3167 595; x_wconf 80' lang='lat' dir='ltr'><strong>illis</strong></span> <span class='ocrx_word' id='word_1_138' title='bbox 3203 538 3351 594; x_wconf 82' lang='lat' dir='ltr'><strong>dicta</strong></span> 
     </span>
    </p>
   </div>
   <div class='ocr_carea' id='block_1_21' title="bbox 1788 634 1935 683">
    <p class='ocr_par' dir='ltr' id='par_1_21' title="bbox 1788 634 1935 683">
     <span class='ocr_line' id='line_1_21' title="bbox 1788 634 1935 683; baseline -0.014 0"><span class='ocrx_word' id='word_1_139' title='bbox 1788 634 1935 683; x_wconf 81' lang='lat' dir='ltr'><strong>sunt.</strong></span> 
     </span>
    </p>
   </div>
   <div class='ocr_carea' id='block_1_22' title="bbox 1858 719 3355 795">
    <p class='ocr_par' dir='ltr' id='par_1_22' title="bbox 1858 719 3355 795">
     <span class='ocr_line' id='line_1_22' title="bbox 1858 719 3355 795; baseline 0.005 -22"><span class='ocrx_word' id='word_1_140' title='bbox 1858 719 2028 789; x_wconf 87' lang='lat' dir='ltr'><strong>Igitur</strong></span> <span class='ocrx_word' id='word_1_141' title='bbox 2056 735 2180 790; x_wconf 61' lang='lat' dir='ltr'><strong>quae</strong></span> <span class='ocrx_word' id='word_1_142' title='bbox 2230 735 2297 776; x_wconf 80' lang='lat' dir='ltr'><strong>ex</strong></span> <span class='ocrx_word' id='word_1_143' title='bbox 2338 721 2494 775; x_wconf 81' lang='lat' dir='ltr'><strong>Arati</strong></span> <span class='ocrx_word' id='word_1_144' title='bbox 2526 721 2848 792; x_wconf 80' lang='lat' dir='ltr'><strong>Eudoxique</strong></span> <span class='ocrx_word' id='word_1_145' title='bbox 2897 722 3137 780; x_wconf 83' lang='lat' dir='ltr'><strong>decretis</strong></span> <span class='ocrx_word' id='word_1_146' title='bbox 3186 739 3355 795; x_wconf 76' lang='lat' dir='ltr'><strong>super</strong></span> 
     </span>
    </p>
   </div>
   <div class='ocr_carea' id='block_1_23' title="bbox 1787 811 3355 883">
    <p class='ocr_par' dir='ltr' id='par_1_23' title="bbox 1787 811 3355 883">
     <span class='ocr_line' id='line_1_23' title="bbox 1787 811 3355 883; baseline 0.006 -21"><span class='ocrx_word' id='word_1_147' title='bbox 1787 811 2162 878; x_wconf 87' lang='lat' dir='ltr'><strong>apparentium</strong></span> <span class='ocrx_word' id='word_1_148' title='bbox 2223 811 2437 867; x_wconf 86' lang='lat' dir='ltr'><strong>ratione</strong></span> <span class='ocrx_word' id='word_1_149' title='bbox 2494 812 2658 883; x_wconf 84' lang='lat' dir='ltr'><strong>digna</strong></span> <span class='ocrx_word' id='word_1_150' title='bbox 2719 813 2853 867; x_wconf 89' lang='lat' dir='ltr'><strong>mihi</strong></span> <span class='ocrx_word' id='word_1_151' title='bbox 2903 815 3355 871; x_wconf 85' lang='lat' dir='ltr'><strong>consideratione</strong></span> 
     </span>
    </p>
   </div>
   <div class='ocr_carea' id='block_1_24' title="bbox 1787 898 3354 974">
    <p class='ocr_par' dir='ltr' id='par_1_24' title="bbox 1787 898 3354 974">
     <span class='ocr_line' id='line_1_24' title="bbox 1787 898 3354 974; baseline 0.003 -19"><span class='ocrx_word' id='word_1_152' title='bbox 1787 898 2278 971; x_wconf 80' lang='lat' dir='ltr'><strong>observationeque</strong></span> <span class='ocrx_word' id='word_1_153' title='bbox 2309 901 2427 957; x_wconf 85' lang='lat' dir='ltr'><strong>visa</strong></span> <span class='ocrx_word' id='word_1_154' title='bbox 2458 910 2609 965; x_wconf 91' lang='lat' dir='ltr'><strong>sunt,</strong></span> <span class='ocrx_word' id='word_1_155' title='bbox 2644 902 2761 958; x_wconf 73' lang='lat' dir='ltr'><strong>haec</strong></span> <span class='ocrx_word' id='word_1_156' title='bbox 2810 908 3203 974; x_wconf 82' lang='lat' dir='ltr'><strong>propemodum</strong></span> <span class='ocrx_word' id='word_1_157' title='bbox 3234 906 3354 960; x_wconf 78' lang='lat' dir='ltr'><strong>fue-</strong></span> 
     </span>
    </p>
   </div>
   <div class='ocr_carea' id='block_1_25' title="bbox 1785 989 3352 1063">
    <p class='ocr_par' dir='ltr' id='par_1_25' title="bbox 1785 989 3352 1063">
     <span class='ocr_line' id='line_1_25' title="bbox 1785 989 3352 1063; baseline 0.003 -19"><span class='ocrx_word' id='word_1_158' title='bbox 1785 1000 1938 1045; x_wconf 83' lang='lat' dir='ltr'><strong>runt.</strong></span> <span class='ocrx_word' id='word_1_159' title='bbox 1964 989 2236 1061; x_wconf 86' lang='lat' dir='ltr'><strong>Deinceps</strong></span> <span class='ocrx_word' id='word_1_160' title='bbox 2272 1006 2400 1046; x_wconf 80' lang='lat' dir='ltr'><strong>vero</strong></span> <span class='ocrx_word' id='word_1_161' title='bbox 2431 994 2500 1046; x_wconf 88' lang='lat' dir='ltr'><strong>de</strong></span> <span class='ocrx_word' id='word_1_162' title='bbox 2532 1006 2860 1063; x_wconf 85' lang='lat' dir='ltr'><strong>unaquaque</strong></span> <span class='ocrx_word' id='word_1_163' title='bbox 2887 994 3171 1051; x_wconf 87' lang='lat' dir='ltr'><strong>stellarum</strong></span> <span class='ocrx_word' id='word_1_164' title='bbox 3202 995 3352 1050; x_wconf 86' lang='lat' dir='ltr'><strong>iner-</strong></span> 
     </span>
    </p>
   </div>
   <div class='ocr_carea' id='block_1_26' title="bbox 1782 1082 3352 1157">
    <p class='ocr_par' dir='ltr' id='par_1_26' title="bbox 1782 1082 3352 1157">
     <span class='ocr_line' id='line_1_26' title="bbox 1782 1082 3352 1157; baseline 0.004 -21"><span class='ocrx_word' id='word_1_165' title='bbox 1782 1082 2028 1136; x_wconf 83' lang='lat' dir='ltr'><strong>rantium</strong></span> <span class='ocrx_word' id='word_1_166' title='bbox 2058 1082 2372 1136; x_wconf 82' lang='lat' dir='ltr'><strong>summatim</strong></span> <span class='ocrx_word' id='word_1_167' title='bbox 2420 1083 2729 1139; x_wconf 79' lang='lat' dir='ltr'><strong>disseram:</strong></span> <span class='ocrx_word' id='word_1_168' title='bbox 2758 1100 2869 1155; x_wconf 94' lang='lat' dir='ltr'><strong>quo</strong></span> <span class='ocrx_word' id='word_1_169' title='bbox 2916 1100 3040 1139; x_wconf 87' lang='lat' dir='ltr'><strong>cum</strong></span> <span class='ocrx_word' id='word_1_170' title='bbox 3071 1085 3230 1157; x_wconf 84' lang='lat' dir='ltr'><strong>signo</strong></span> <span class='ocrx_word' id='word_1_171' title='bbox 3282 1088 3352 1143; x_wconf 88' lang='lat' dir='ltr'><strong>de</strong></span> 
     </span>
    </p>
   </div>
   <div class='ocr_carea' id='block_1_27' title="bbox 1787 1171 3351 1247">
    <p class='ocr_par' dir='ltr' id='par_1_27' title="bbox 1787 1171 3351 1247">
     <span class='ocr_line' id='line_1_27' title="bbox 1787 1171 3351 1247; baseline 0.006 -21"><span class='ocrx_word' id='word_1_172' title='bbox 1787 1171 2076 1227; x_wconf 87' lang='lat' dir='ltr'><strong>duodecim</strong></span> <span class='ocrx_word' id='word_1_173' title='bbox 2107 1173 2319 1226; x_wconf 83' lang='lat' dir='ltr'><strong>oriatur</strong></span> <span class='ocrx_word' id='word_1_174' title='bbox 2376 1181 2471 1227; x_wconf 89' lang='lat' dir='ltr'><strong>aut</strong></span> <span class='ocrx_word' id='word_1_175' title='bbox 2521 1174 2773 1242; x_wconf 83' lang='lat' dir='ltr'><strong>occidat;</strong></span> <span class='ocrx_word' id='word_1_176' title='bbox 2804 1183 2972 1247; x_wconf 89' lang='lat' dir='ltr'><strong>quota</strong></span> <span class='ocrx_word' id='word_1_177' title='bbox 3026 1178 3096 1232; x_wconf 91' lang='lat' dir='ltr'><strong>ab</strong></span> <span class='ocrx_word' id='word_1_178' title='bbox 3138 1180 3351 1235; x_wconf 75' lang='lat' dir='ltr'><strong>zodiaci</strong></span> 
     </span>
    </p>
   </div>
   <div class='ocr_carea' id='block_1_28' title="bbox 1788 1267 3350 1338">
    <p class='ocr_par' dir='ltr' id='par_1_28' title="bbox 1788 1267 3350 1338">
     <span class='ocr_line' id='line_1_28' title="bbox 1788 1267 3350 1338; baseline 0.004 -18"><span class='ocrx_word' id='word_1_179' title='bbox 1788 1275 1942 1337; x_wconf 90' lang='lat' dir='ltr'><strong>parte</strong></span> <span class='ocrx_word' id='word_1_180' title='bbox 1971 1267 2261 1336; x_wconf 90' lang='lat' dir='ltr'><strong>incipiens,</strong></span> <span class='ocrx_word' id='word_1_181' title='bbox 2292 1268 2347 1321; x_wconf 92' lang='lat' dir='ltr'><strong>in</strong></span> <span class='ocrx_word' id='word_1_182' title='bbox 2381 1276 2549 1338; x_wconf 88' lang='lat' dir='ltr'><strong>quota</strong></span> <span class='ocrx_word' id='word_1_183' title='bbox 2574 1270 2710 1324; x_wconf 86' lang='lat' dir='ltr'><strong>oriri</strong></span> <span class='ocrx_word' id='word_1_184' title='bbox 2734 1272 2818 1325; x_wconf 85' lang='lat' dir='ltr'><strong>vel</strong></span> <span class='ocrx_word' id='word_1_185' title='bbox 2851 1271 3102 1328; x_wconf 87' lang='lat' dir='ltr'><strong>occidere</strong></span> <span class='ocrx_word' id='word_1_186' title='bbox 3130 1273 3350 1328; x_wconf 86' lang='lat' dir='ltr'><strong>desinat</strong></span> 
     </span>
    </p>
   </div>
   <div class='ocr_carea' id='block_1_29' title="bbox 1788 1352 3352 1430">
    <p class='ocr_par' dir='ltr' id='par_1_29' title="bbox 1788 1352 3352 1430">
     <span class='ocr_line' id='line_1_29' title="bbox 1788 1352 3352 1430; baseline 0.008 -22"><span class='ocrx_word' id='word_1_187' title='bbox 1788 1354 1937 1408; x_wconf 89' lang='lat' dir='ltr'><strong>circa</strong></span> <span class='ocrx_word' id='word_1_188' title='bbox 1960 1352 2182 1409; x_wconf 68' lang='lat' dir='ltr'><strong>Graeciaa</strong></span> <span class='ocrx_word' id='word_1_189' title='bbox 2210 1364 2469 1422; x_wconf 87' lang='lat' dir='ltr'><strong>tractum,</strong></span> <span class='ocrx_word' id='word_1_190' title='bbox 2501 1366 2595 1411; x_wconf 91' lang='lat' dir='ltr'><strong>aut</strong></span> <span class='ocrx_word' id='word_1_191' title='bbox 2630 1358 2938 1430; x_wconf 87' lang='lat' dir='ltr'><strong>ubicunque</strong></span> <span class='ocrx_word' id='word_1_192' title='bbox 2968 1361 3206 1416; x_wconf 81' lang='lat' dir='ltr'><strong>maxima</strong></span> <span class='ocrx_word' id='word_1_193' title='bbox 3230 1363 3352 1420; x_wconf 83' lang='lat' dir='ltr'><strong>dies</strong></span> 
     </span>
    </p>
   </div>
   <div class='ocr_carea' id='block_1_30' title="bbox 1782 1446 3391 1521">
    <p class='ocr_par' dir='ltr' id='par_1_30' title="bbox 1782 1446 3391 1521">
     <span class='ocr_line' id='line_1_30' title="bbox 1782 1446 3391 1521; baseline 0.005 -20"><span class='ocrx_word' id='word_1_194' title='bbox 1782 1452 1872 1501; x_wconf 90' lang='lat' dir='ltr'><strong>est</strong></span> <span class='ocrx_word' id='word_1_195' title='bbox 1928 1446 2185 1501; x_wconf 87' lang='lat' dir='ltr'><strong>horarum</strong></span> <span class='ocrx_word' id='word_1_196' title='bbox 2242 1448 2703 1518; x_wconf 81' lang='lat' dir='ltr'><strong>:equinoctialium</strong></span> <span class='ocrx_word' id='word_1_197' title='bbox 2756 1452 3171 1521; x_wconf 90' lang='lat' dir='ltr'><strong>quatuordecim</strong></span> <span class='ocrx_word' id='word_1_198' title='bbox 3220 1468 3391 1509; x_wconf 72' lang='lat' dir='ltr'><strong>cum~</strong></span> 
     </span>
    </p>
   </div>
   <div class='ocr_carea' id='block_1_31' title="bbox 1787 1537 3352 1614">
    <p class='ocr_par' dir='ltr' id='par_1_31' title="bbox 1787 1537 3352 1614">
     <span class='ocr_line' id='line_1_31' title="bbox 1787 1537 3352 1614; baseline 0.006 -22"><span class='ocrx_word' id='word_1_199' title='bbox 1787 1537 2032 1595; x_wconf 86' lang='lat' dir='ltr'><strong>dimidia.</strong></span> <span class='ocrx_word' id='word_1_200' title='bbox 2056 1539 2298 1607; x_wconf 83' lang='lat' dir='ltr'><strong>Quorum</strong></span> <span class='ocrx_word' id='word_1_201' title='bbox 2343 1543 2591 1598; x_wconf 89' lang='lat' dir='ltr'><strong>omnium</strong></span> <span class='ocrx_word' id='word_1_202' title='bbox 2650 1544 2971 1614; x_wconf 77' lang='lat' dir='ltr'><strong>singillatim</strong></span> <span class='ocrx_word' id='word_1_203' title='bbox 3007 1545 3352 1603; x_wconf 86' lang='lat' dir='ltr'><strong>demonstra-</strong></span> 
     </span>
    </p>
   </div>
   <div class='ocr_carea' id='block_1_32' title="bbox 1786 1629 3349 1707">
    <p class='ocr_par' dir='ltr' id='par_1_32' title="bbox 1786 1629 3349 1707">
     <span class='ocr_line' id='line_1_32' title="bbox 1786 1629 3349 1707; baseline 0.008 -24"><span class='ocrx_word' id='word_1_204' title='bbox 1786 1629 1990 1685; x_wconf 83' lang='lat' dir='ltr'><strong>tionem</strong></span> <span class='ocrx_word' id='word_1_205' title='bbox 2015 1631 2087 1685; x_wconf 92' lang='lat' dir='ltr'><strong>ita</strong></span> <span class='ocrx_word' id='word_1_206' title='bbox 2121 1631 2178 1686; x_wconf 89' lang='lat' dir='ltr'><strong>in</strong></span> <span class='ocrx_word' id='word_1_207' title='bbox 2208 1632 2329 1687; x_wconf 90' lang='lat' dir='ltr'><strong>aliis</strong></span> <span class='ocrx_word' id='word_1_208' title='bbox 2352 1636 2764 1690; x_wconf 87' lang='lat' dir='ltr'><strong>commentariis</strong></span> <span class='ocrx_word' id='word_1_209' title='bbox 2796 1638 3171 1707; x_wconf 80' lang='lat' dir='ltr'><strong>exposuimus,</strong></span> <span class='ocrx_word' id='word_1_210' title='bbox 3201 1647 3262 1694; x_wconf 91' lang='lat' dir='ltr'><strong>ut</strong></span> <span class='ocrx_word' id='word_1_211' title='bbox 3291 1640 3349 1695; x_wconf 89' lang='lat' dir='ltr'><strong>in</strong></span> 
     </span>
    </p>
   </div>
   <div class='ocr_carea' id='block_1_33' title="bbox 1788 1721 3349 1795">
    <p class='ocr_par' dir='ltr' id='par_1_33' title="bbox 1788 1721 3349 1795">
     <span class='ocr_line' id='line_1_33' title="bbox 1788 1721 3349 1795; baseline 0.008 -20"><span class='ocrx_word' id='word_1_212' title='bbox 1788 1724 1938 1775; x_wconf 83' lang='lat' dir='ltr'><strong>omni</strong></span> <span class='ocrx_word' id='word_1_213' title='bbox 1982 1721 2095 1779; x_wconf 78' lang='lat' dir='ltr'><strong>fere</strong></span> <span class='ocrx_word' id='word_1_214' title='bbox 2124 1733 2391 1779; x_wconf 89' lang='lat' dir='ltr'><strong>terrarum</strong></span> <span class='ocrx_word' id='word_1_215' title='bbox 2425 1726 2575 1780; x_wconf 85' lang='lat' dir='ltr'><strong>orbis</strong></span> <span class='ocrx_word' id='word_1_216' title='bbox 2610 1727 2727 1784; x_wconf 89' lang='lat' dir='ltr'><strong>loco</strong></span> <span class='ocrx_word' id='word_1_217' title='bbox 2761 1737 3079 1795; x_wconf 87' lang='lat' dir='ltr'><strong>coortuum,</strong></span> <span class='ocrx_word' id='word_1_218' title='bbox 3105 1739 3160 1786; x_wconf 90' lang='lat' dir='ltr'><strong>et</strong></span> <span class='ocrx_word' id='word_1_219' title='bbox 3183 1745 3349 1786; x_wconf 83' lang='lat' dir='ltr'><strong>cooc-</strong></span> 
     </span>
    </p>
   </div>
   <div class='ocr_carea' id='block_1_34' title="bbox 126 1791 1687 1895">
    <p class='ocr_par' dir='ltr' id='par_1_34' title="bbox 126 1791 1687 1886">
     <span class='ocr_line' id='line_1_34' title="bbox 126 1791 1687 1886; baseline -0.009 -13"><span class='ocrx_word' id='word_1_220' title='bbox 126 1791 251 1872; x_wconf 48' lang='grc' dir='ltr'>Θείν’</span> <span class='ocrx_word' id='word_1_221' title='bbox 272 1791 394 1881; x_wconf 48' lang='lat' dir='ltr'><strong>cui;</strong></span> <span class='ocrx_word' id='word_1_222' title='bbox 435 1791 719 1886; x_wconf 81' lang='grc' dir='ltr'>διαφοραῖς</span> <span class='ocrx_word' id='word_1_223' title='bbox 767 1791 877 1867; x_wconf 84' lang='grc' dir='ltr'><strong>τῶν</strong></span> <span class='ocrx_word' id='word_1_224' title='bbox 926 1791 1294 1866; x_wconf 84' lang='grc' dir='ltr'>συνανατολῶν</span> <span class='ocrx_word' id='word_1_225' title='bbox 1338 1809 1434 1863; x_wconf 54' lang='grc' dir='ltr'><strong>καὶ⁵</strong></span> <span class='ocrx_word' id='word_1_226' title='bbox 1480 1822 1687 1876; x_wconf 84' lang='grc' dir='ltr'>συγκα-</span> 
     </span>
    </p>
   </div>
   <div class='ocr_carea' id='block_1_35' title="bbox 1793 1791 3294 1895">
    <p class='ocr_par' dir='ltr' id='par_1_35' title="bbox 1793 1815 3294 1895">
     <span class='ocr_line' id='line_1_35' title="bbox 1793 1815 3294 1895; baseline 0.006 -28"><span class='ocrx_word' id='word_1_227' title='bbox 1793 1827 2016 1869; x_wconf 83' lang='lat' dir='ltr'><strong>casuum</strong></span> <span class='ocrx_word' id='word_1_228' title='bbox 2049 1815 2368 1871; x_wconf 83' lang='lat' dir='ltr'><strong>discrimina</strong></span> <span class='ocrx_word' id='word_1_229' title='bbox 2392 1825 2542 1873; x_wconf 90' lang='lat' dir='ltr'><strong>certa</strong></span> <span class='ocrx_word' id='word_1_230' title='bbox 2568 1820 2747 1888; x_wconf 83' lang='lat' dir='ltr'><strong>possis</strong></span> <span class='ocrx_word' id='word_1_231' title='bbox 2768 1821 2977 1877; x_wconf 89' lang='lat' dir='ltr'><strong>ratione</strong></span> <span class='ocrx_word' id='word_1_232' title='bbox 3006 1824 3294 1895; x_wconf 86' lang='lat' dir='ltr'><strong>consequi.</strong></span> 
     </span>
    </p>
   </div>
   <div class='ocr_carea' id='block_1_36' title="bbox 123 1912 415 1965">
    <p class='ocr_par' dir='ltr' id='par_1_36' title="bbox 123 1912 415 1965">
     <span class='ocr_line' id='line_1_36' title="bbox 123 1912 415 1965; baseline 0 -1"><span class='ocrx_word' id='word_1_233' title='bbox 123 1912 415 1965; x_wconf 88' lang='grc' dir='ltr'>ταδύσεων.</span> 
     </span>
    </p>
   </div>
   <div class='ocr_carea' id='block_1_37' title="bbox 187 1988 1686 2072">
    <p class='ocr_par' dir='ltr' id='par_1_37' title="bbox 187 1988 1686 2072">
     <span class='ocr_line' id='line_1_37' title="bbox 187 1988 1686 2072; baseline -0.009 -17"><span class='ocrx_word' id='word_1_234' title='bbox 187 2003 289 2055; x_wconf 74' lang='lat' dir='ltr'><strong>IB&#39;.</strong></span> <span class='ocrx_word' id='word_1_235' title='bbox 341 1999 566 2072; x_wconf 81' lang='grc' dir='ltr'>Πρῶτον</span> <span class='ocrx_word' id='word_1_236' title='bbox 607 1997 705 2069; x_wconf 86' lang='grc' dir='ltr'>μὲν</span> <span class='ocrx_word' id='word_1_237' title='bbox 753 1991 845 2050; x_wconf 74' lang='grc' dir='ltr'>οὖν</span> <span class='ocrx_word' id='word_1_238' title='bbox 887 1993 1238 2065; x_wconf 71' lang='grc' dir='ltr'><strong>ἐκθησόμεθα</strong></span> <span class='ocrx_word' id='word_1_239' title='bbox 1285 1992 1387 2055; x_wconf 89' lang='grc' dir='ltr'><strong>τάς</strong></span> <span class='ocrx_word' id='word_1_240' title='bbox 1431 1990 1541 2044; x_wconf 83' lang='grc' dir='ltr'><strong>τῶν</strong></span> <span class='ocrx_word' id='word_1_241' title='bbox 1592 1988 1686 2060; x_wconf 85' lang='grc' dir='ltr'><strong>βο-</strong></span> 
     </span>
    </p>
   </div>
   <div class='ocr_carea' id='block_1_38' title="bbox 119 2082 1687 2164">
    <p class='ocr_par' dir='ltr' id='par_1_38' title="bbox 119 2082 1687 2164">
     <span class='ocr_line' id='line_1_38' title="bbox 119 2082 1687 2164; baseline -0.01 -18"><span class='ocrx_word' id='word_1_242' title='bbox 119 2093 410 2164; x_wconf 77' lang='grc' dir='ltr'>ρειοτέρων</span> <span class='ocrx_word' id='word_1_243' title='bbox 451 2092 666 2161; x_wconf 76' lang='grc' dir='ltr'>ἄστρων</span> <span class='ocrx_word' id='word_1_244' title='bbox 712 2086 807 2140; x_wconf 92' lang='grc' dir='ltr'><strong>τοῦ</strong></span> <span class='ocrx_word' id='word_1_245' title='bbox 867 2082 1130 2150; x_wconf 89' lang='grc' dir='ltr'>ζωδιακοῦ</span> <span class='ocrx_word' id='word_1_246' title='bbox 1162 2082 1361 2136; x_wconf 79' lang='grc' dir='ltr'>κύκλου</span> <span class='ocrx_word' id='word_1_247' title='bbox 1399 2092 1687 2133; x_wconf 89' lang='grc' dir='ltr'>συνανατο-</span> 
     </span>
    </p>
   </div>
   <div class='ocr_carea' id='block_1_39' title="bbox 125 2172 1685 2250">
    <p class='ocr_par' dir='ltr' id='par_1_39' title="bbox 125 2172 1685 2250">
     <span class='ocr_line' id='line_1_39' title="bbox 125 2172 1685 2250; baseline -0.008 -12"><span class='ocrx_word' id='word_1_248' title='bbox 125 2185 216 2249; x_wconf 82' lang='grc' dir='ltr'><strong>λάς</strong></span> <span class='ocrx_word' id='word_1_249' title='bbox 259 2201 321 2238; x_wconf 86' lang='grc' dir='ltr'><strong>τε</strong></span> <span class='ocrx_word' id='word_1_250' title='bbox 363 2184 459 2236; x_wconf 72' lang='grc' dir='ltr'>καὶ</span> <span class='ocrx_word' id='word_1_251' title='bbox 497 2179 919 2250; x_wconf 84' lang='grc' dir='ltr'>συγκαταδύσεις</span> <span class='ocrx_word' id='word_1_252' title='bbox 940 2194 954 2207; x_wconf 95' lang='grc'><strong>·</strong></span> <span class='ocrx_word' id='word_1_253' title='bbox 1010 2176 1201 2229; x_wconf 69' lang='grc' dir='ltr'>ἔπειτα</span> <span class='ocrx_word' id='word_1_254' title='bbox 1237 2176 1293 2229; x_wconf 84' lang='grc' dir='ltr'>δὲ</span> <span class='ocrx_word' id='word_1_255' title='bbox 1325 2174 1424 2238; x_wconf 87' lang='grc' dir='ltr'><strong>τάς</strong></span> <span class='ocrx_word' id='word_1_256' title='bbox 1455 2172 1562 2227; x_wconf 84' lang='grc' dir='ltr'><strong>τῶν</strong></span> <span class='ocrx_word' id='word_1_257' title='bbox 1595 2188 1685 2225; x_wconf 89' lang='lat' dir='ltr'><strong>vo-</strong></span> 
     </span>
    </p>
   </div>
   <div class='ocr_carea' id='block_1_40' title="bbox 124 2264 1687 2349">
    <p class='ocr_par' dir='ltr' id='par_1_40' title="bbox 124 2264 1687 2349">
     <span class='ocr_line' id='line_1_40' title="bbox 124 2264 1687 2349; baseline -0.009 -18"><span class='ocrx_word' id='word_1_258' title='bbox 124 2277 428 2349; x_wconf 82' lang='grc' dir='ltr'>τιωτέρων·</span> <span class='ocrx_word' id='word_1_259' title='bbox 468 2275 560 2327; x_wconf 74' lang='grc' dir='ltr'><strong>ἐπὶ</strong></span> <span class='ocrx_word' id='word_1_260' title='bbox 597 2276 729 2327; x_wconf 80' lang='grc' dir='ltr'>πᾶσι</span> <span class='ocrx_word' id='word_1_261' title='bbox 761 2272 819 2325; x_wconf 78' lang='grc' dir='ltr'>δὲ</span> <span class='ocrx_word' id='word_1_262' title='bbox 865 2270 963 2334; x_wconf 70' lang='grc' dir='ltr'><strong>τὰς</strong></span> <span class='ocrx_word' id='word_1_263' title='bbox 990 2268 1098 2323; x_wconf 83' lang='grc' dir='ltr'>τῶν</span> <span class='ocrx_word' id='word_1_264' title='bbox 1145 2268 1209 2339; x_wconf 83' lang='grc' dir='ltr'>ιβ’</span> <span class='ocrx_word' id='word_1_265' title='bbox 1262 2265 1486 2331; x_wconf 83' lang='grc' dir='ltr'>ζωδίων.</span> <span class='ocrx_word' id='word_1_266' title='bbox 1530 2264 1687 2333; x_wconf 81' lang='grc' dir='ltr'>Λέγω</span> 
     </span>
    </p>
   </div>
   <div class='ocr_carea' id='block_1_41' title="bbox 114 2355 1687 2438">
    <p class='ocr_par' dir='ltr' id='par_1_41' title="bbox 114 2355 1687 2438">
     <span class='ocr_line' id='line_1_41' title="bbox 114 2355 1687 2438; baseline -0.011 -14"><span class='ocrx_word' id='word_1_267' title='bbox 114 2371 179 2424; x_wconf 79' lang='grc' dir='ltr'>δὲ</span> <span class='ocrx_word' id='word_1_268' title='bbox 214 2371 325 2423; x_wconf 84' lang='grc' dir='ltr'>τῶν</span> <span class='ocrx_word' id='word_1_269' title='bbox 349 2365 756 2438; x_wconf 76' lang='grc' dir='ltr'>ἠστερισμένων</span> <span class='ocrx_word' id='word_1_270' title='bbox 776 2381 790 2394; x_wconf 88' lang='grc'><strong>·</strong></span> <span class='ocrx_word' id='word_1_271' title='bbox 822 2363 1121 2433; x_wconf 73' lang='grc' dir='ltr'>ἐπειδήπερ</span> <span class='ocrx_word' id='word_1_272' title='bbox 1140 2360 1178 2414; x_wconf 79' lang='grc' dir='ltr'>δ.</span> <span class='ocrx_word' id='word_1_273' title='bbox 1213 2358 1311 2430; x_wconf 86' lang='grc' dir='ltr'>μὲν</span> <span class='ocrx_word' id='word_1_274' title='bbox 1344 2356 1565 2428; x_wconf 89' lang='grc' dir='ltr'>μείζονα</span> <span class='ocrx_word' id='word_1_275' title='bbox 1593 2355 1687 2408; x_wconf 86' lang='grc' dir='ltr'>τό-</span> 
     </span>
    </p>
   </div>
   <div class='ocr_carea' id='block_1_42' title="bbox 126 2448 1686 2530">
    <p class='ocr_par' dir='ltr' id='par_1_42' title="bbox 126 2448 1686 2530">
     <span class='ocr_line' id='line_1_42' title="bbox 126 2448 1686 2530; baseline -0.011 -14"><span class='ocrx_word' id='word_1_276' title='bbox 126 2480 221 2515; x_wconf 87' lang='grc' dir='ltr'><strong>πον</strong></span> <span class='ocrx_word' id='word_1_277' title='bbox 248 2462 436 2530; x_wconf 73' lang='grc' dir='ltr'>ἐπέχει</span> <span class='ocrx_word' id='word_1_278' title='bbox 463 2457 556 2511; x_wconf 87' lang='grc' dir='ltr'><strong>τοῦ</strong></span> <span class='ocrx_word' id='word_1_279' title='bbox 585 2454 1073 2527; x_wconf 75' lang='grc' dir='ltr'>δωδεκατημορίου,</span> <span class='ocrx_word' id='word_1_280' title='bbox 1105 2452 1141 2507; x_wconf 81' lang='grc' dir='ltr'><strong>ἀ</strong></span> <span class='ocrx_word' id='word_1_281' title='bbox 1167 2452 1225 2505; x_wconf 81' lang='grc' dir='ltr'>δὲ</span> <span class='ocrx_word' id='word_1_282' title='bbox 1253 2450 1533 2505; x_wconf 75' lang='grc' dir='ltr'>ἐλάσσονα.</span> <span class='ocrx_word' id='word_1_283' title='bbox 1566 2448 1686 2500; x_wconf 88' lang='grc' dir='ltr'>Ἔτι</span> 
     </span>
    </p>
   </div>
   <div class='ocr_carea' id='block_1_43' title="bbox 122 2538 1689 2620">
    <p class='ocr_par' dir='ltr' id='par_1_43' title="bbox 122 2538 1689 2620">
     <span class='ocr_line' id='line_1_43' title="bbox 122 2538 1689 2620; baseline -0.012 -11"><span class='ocrx_word' id='word_1_284' title='bbox 122 2554 180 2609; x_wconf 83' lang='grc' dir='ltr'>δὲ</span> <span class='ocrx_word' id='word_1_285' title='bbox 206 2554 300 2606; x_wconf 76' lang='grc' dir='ltr'>καὶ</span> <span class='ocrx_word' id='word_1_286' title='bbox 338 2549 516 2620; x_wconf 80' lang='grc' dir='ltr'>πολλῷ</span> <span class='ocrx_word' id='word_1_287' title='bbox 556 2549 678 2602; x_wconf 76' lang='grc' dir='ltr'>τινὰ</span> <span class='ocrx_word' id='word_1_288' title='bbox 730 2549 830 2619; x_wconf 85' lang='grc' dir='ltr'>μὲν</span> <span class='ocrx_word' id='word_1_289' title='bbox 878 2546 1208 2618; x_wconf 87' lang='grc' dir='ltr'>βορειότερα,</span> <span class='ocrx_word' id='word_1_290' title='bbox 1246 2542 1367 2595; x_wconf 78' lang='grc' dir='ltr'>τινὰ</span> <span class='ocrx_word' id='word_1_291' title='bbox 1415 2540 1472 2594; x_wconf 82' lang='grc' dir='ltr'>δὲ</span> <span class='ocrx_word' id='word_1_292' title='bbox 1503 2538 1689 2593; x_wconf 82' lang='grc' dir='ltr'>νοτιώ-</span> 
     </span>
    </p>
   </div>
   <div class='ocr_carea' id='block_1_44' title="bbox 126 2630 1689 2717">
    <p class='ocr_par' dir='ltr' id='par_1_44' title="bbox 126 2630 1689 2717">
     <span class='ocr_line' id='line_1_44' title="bbox 126 2630 1689 2717; baseline -0.01 -20"><span class='ocrx_word' id='word_1_293' title='bbox 126 2662 251 2717; x_wconf 88' lang='grc' dir='ltr'>τερα</span> <span class='ocrx_word' id='word_1_294' title='bbox 282 2644 413 2697; x_wconf 71' lang='grc' dir='ltr'>ὄντα</span> <span class='ocrx_word' id='word_1_295' title='bbox 446 2640 542 2695; x_wconf 85' lang='grc' dir='ltr'><strong>τοῦ</strong></span> <span class='ocrx_word' id='word_1_296' title='bbox 584 2639 869 2704; x_wconf 80' lang='grc' dir='ltr'>ζωδιακοῦ,</span> <span class='ocrx_word' id='word_1_297' title='bbox 909 2637 1041 2690; x_wconf 83' lang='grc' dir='ltr'>πολὺ</span> <span class='ocrx_word' id='word_1_298' title='bbox 1072 2635 1323 2706; x_wconf 73' lang='grc' dir='ltr'>προτερεῖ</span> <span class='ocrx_word' id='word_1_299' title='bbox 1343 2632 1437 2686; x_wconf 72' lang='grc' dir='ltr'>καὶ</span> <span class='ocrx_word' id='word_1_300' title='bbox 1472 2630 1689 2700; x_wconf 83' lang='grc' dir='ltr'>ὑστερεῖ</span> 
     </span>
    </p>
   </div>
   <div class='ocr_carea' id='block_1_45' title="bbox 127 2722 1687 2800">
    <p class='ocr_par' dir='ltr' id='par_1_45' title="bbox 127 2722 1687 2800">
     <span class='ocr_line' id='line_1_45' title="bbox 127 2722 1687 2800; baseline -0.01 -10"><span class='ocrx_word' id='word_1_301' title='bbox 127 2739 183 2790; x_wconf 83' lang='grc' dir='ltr'>ὲν</span> <span class='ocrx_word' id='word_1_302' title='bbox 210 2738 331 2800; x_wconf 83' lang='grc' dir='ltr'>ταῖς</span> <span class='ocrx_word' id='word_1_303' title='bbox 364 2734 648 2795; x_wconf 82' lang='grc' dir='ltr'>ἀνατολαίς</span> <span class='ocrx_word' id='word_1_304' title='bbox 680 2731 775 2786; x_wconf 77' lang='grc' dir='ltr'>καὶ</span> <span class='ocrx_word' id='word_1_305' title='bbox 829 2731 1013 2785; x_wconf 80' lang='grc' dir='ltr'>δύσεσι</span> <span class='ocrx_word' id='word_1_306' title='bbox 1046 2728 1153 2781; x_wconf 83' lang='grc' dir='ltr'><strong>τῶν</strong></span> <span class='ocrx_word' id='word_1_307' title='bbox 1192 2728 1313 2781; x_wconf 86' lang='grc' dir='ltr'>κατ’</span> <span class='ocrx_word' id='word_1_308' title='bbox 1340 2724 1481 2779; x_wconf 85' lang='grc' dir='ltr'><strong>αύτά</strong></span> <span class='ocrx_word' id='word_1_309' title='bbox 1522 2722 1687 2776; x_wconf 89' lang='grc' dir='ltr'>δωδε-</span> 
     </span>
    </p>
   </div>
   <div class='ocr_carea' id='block_1_46' title="bbox 128 2815 1687 2900">
    <p class='ocr_par' dir='ltr' id='par_1_46' title="bbox 128 2815 1687 2900">
     <span class='ocr_line' id='line_1_46' title="bbox 128 2815 1687 2900; baseline -0.01 -18"><span class='ocrx_word' id='word_1_310' title='bbox 128 2829 492 2900; x_wconf 83' lang='grc' dir='ltr'>κατημορίων.</span> <span class='ocrx_word' id='word_1_311' title='bbox 524 2825 1075 2897; x_wconf 78' lang='grc' dir='ltr'>Προσδιασαφήσομεν</span> <span class='ocrx_word' id='word_1_312' title='bbox 1118 2820 1174 2874; x_wconf 86' lang='grc' dir='ltr'>δὲ</span> <span class='ocrx_word' id='word_1_313' title='bbox 1212 2821 1298 2889; x_wconf 78' lang='grc' dir='ltr'><strong>ἐφ’</strong></span> <span class='ocrx_word' id='word_1_314' title='bbox 1332 2820 1559 2872; x_wconf 80' lang='grc' dir='ltr'>ἑκάστου</span> <span class='ocrx_word' id='word_1_315' title='bbox 1591 2815 1687 2868; x_wconf 71' lang='grc' dir='ltr'>καὶ</span> 
     </span>
    </p>
   </div>
   <div class='ocr_carea' id='block_1_47' title="bbox 127 2908 1688 2991">
    <p class='ocr_par' dir='ltr' id='par_1_47' title="bbox 127 2908 1688 2991">
     <span class='ocr_line' id='line_1_47' title="bbox 127 2908 1688 2991; baseline -0.008 -17"><span class='ocrx_word' id='word_1_316' title='bbox 127 2922 185 2974; x_wconf 82' lang='grc' dir='ltr'>τό</span> <span class='ocrx_word' id='word_1_317' title='bbox 208 2938 268 2973; x_wconf 90' lang='grc' dir='ltr'><strong>τε</strong></span> <span class='ocrx_word' id='word_1_318' title='bbox 301 2917 664 2991; x_wconf 81' lang='grc' dir='ltr'>μεσουρανοῦν</span> <span class='ocrx_word' id='word_1_319' title='bbox 694 2918 750 2970; x_wconf 79' lang='grc' dir='ltr'>ὲν</span> <span class='ocrx_word' id='word_1_320' title='bbox 786 2914 865 2986; x_wconf 82' lang='grc' dir='ltr'>τῷ</span> <span class='ocrx_word' id='word_1_321' title='bbox 896 2912 1145 2983; x_wconf 87' lang='grc' dir='ltr'>ζωδιακῷ</span> <span class='ocrx_word' id='word_1_322' title='bbox 1176 2911 1358 2981; x_wconf 81' lang='grc' dir='ltr'>κύκλῳ</span> <span class='ocrx_word' id='word_1_323' title='bbox 1381 2910 1569 2974; x_wconf 80' lang='grc' dir='ltr'>ζὼδιον</span> <span class='ocrx_word' id='word_1_324' title='bbox 1595 2908 1688 2962; x_wconf 77' lang='grc' dir='ltr'>καὶ</span> 
     </span>
    </p>
   </div>
   <div class='ocr_carea' id='block_1_48' title="bbox 126 3004 1688 3082">
    <p class='ocr_par' dir='ltr' id='par_1_48' title="bbox 126 3004 1688 3082">
     <span class='ocr_line' id='line_1_48' title="bbox 126 3004 1688 3082; baseline -0.008 -17"><span class='ocrx_word' id='word_1_325' title='bbox 126 3012 222 3082; x_wconf 81' lang='grc' dir='ltr'>τὴν</span> <span class='ocrx_word' id='word_1_326' title='bbox 256 3014 449 3082; x_wconf 81' lang='grc' dir='ltr'>μοῖραν</span> <span class='ocrx_word' id='word_1_327' title='bbox 489 3007 686 3063; x_wconf 80' lang='grc' dir='ltr'>αὑτοῦ·</span> <span class='ocrx_word' id='word_1_328' title='bbox 722 3008 859 3079; x_wconf 77' lang='grc' dir='ltr'>πρὸς</span> <span class='ocrx_word' id='word_1_329' title='bbox 902 3006 959 3059; x_wconf 76' lang='grc' dir='ltr'>δὲ</span> <span class='ocrx_word' id='word_1_330' title='bbox 1006 3005 1215 3069; x_wconf 82' lang='grc' dir='ltr'>τούτοις</span> <span class='ocrx_word' id='word_1_331' title='bbox 1259 3004 1386 3067; x_wconf 83' lang='grc' dir='ltr'>τοὺς</span> <span class='ocrx_word' id='word_1_332' title='bbox 1422 3015 1688 3072; x_wconf 86' lang='grc' dir='ltr'>μεσουρα-</span> 
     </span>
    </p>
   </div>
   <div class='ocr_carea' id='block_1_49' title="bbox 127 3091 1685 3170">
    <p class='ocr_par' dir='ltr' id='par_1_49' title="bbox 127 3091 1685 3170">
     <span class='ocr_line' id='line_1_49' title="bbox 127 3091 1685 3170; baseline -0.01 -11"><span class='ocrx_word' id='word_1_333' title='bbox 127 3106 344 3168; x_wconf 86' lang='grc' dir='ltr'>νοῦντας</span> <span class='ocrx_word' id='word_1_334' title='bbox 374 3103 632 3164; x_wconf 79' lang='grc' dir='ltr'>ἀπλανεῖς</span> <span class='ocrx_word' id='word_1_335' title='bbox 660 3100 895 3170; x_wconf 81' lang='grc' dir='ltr'>ἀστέρας</span> <span class='ocrx_word' id='word_1_336' title='bbox 930 3101 986 3150; x_wconf 82' lang='grc' dir='ltr'>ὲν</span> <span class='ocrx_word' id='word_1_337' title='bbox 1018 3100 1134 3160; x_wconf 85' lang='grc' dir='ltr'>ταῖς</span> <span class='ocrx_word' id='word_1_338' title='bbox 1167 3097 1359 3167; x_wconf 81' lang='grc' dir='ltr'>ἀρχαῖς</span> <span class='ocrx_word' id='word_1_339' title='bbox 1384 3094 1477 3146; x_wconf 74' lang='grc' dir='ltr'>καὶ</span> <span class='ocrx_word' id='word_1_340' title='bbox 1503 3091 1685 3144; x_wconf 82' lang='grc' dir='ltr'>τελευ-</span> 
     </span>
    </p>
   </div>
   <div class='ocr_carea' id='block_1_50' title="bbox 128 3165 1755 3259">
    <p class='ocr_par' dir='ltr' id='par_1_50' title="bbox 128 3165 1755 3259">
     <span class='ocr_line' id='line_1_50' title="bbox 128 3165 1755 3259; baseline -0.009 -10"><span class='ocrx_word' id='word_1_341' title='bbox 128 3200 241 3259; x_wconf 85' lang='grc' dir='ltr'>ταῖς</span> <span class='ocrx_word' id='word_1_342' title='bbox 294 3194 400 3248; x_wconf 83' lang='grc' dir='ltr'>τῶν</span> <span class='ocrx_word' id='word_1_343' title='bbox 434 3191 709 3247; x_wconf 79' lang='grc' dir='ltr'>ἀνατολῶν</span> <span class='ocrx_word' id='word_1_344' title='bbox 750 3191 843 3243; x_wconf 75' lang='grc' dir='ltr'>καὶ</span> <span class='ocrx_word' id='word_1_345' title='bbox 870 3190 1074 3243; x_wconf 87' lang='grc' dir='ltr'>δύσεων</span> <span class='ocrx_word' id='word_1_346' title='bbox 1110 3187 1420 3257; x_wconf 81' lang='grc' dir='ltr'>οἰουδήποτε</span> <span class='ocrx_word' id='word_1_347' title='bbox 1449 3184 1649 3255; x_wconf 79' lang='grc' dir='ltr'>ἄστρου</span> <span class='ocrx_word' id='word_1_348' title='bbox 1668 3198 1683 3213; x_wconf 95' lang='grc'><strong>·</strong></span> <span class='ocrx_word' id='word_1_349' title='bbox 1714 3165 1755 3219; x_wconf 76' lang='lat' dir='ltr'><strong>c</strong></span> 
     </span>
    </p>
   </div>
   <div class='ocr_carea' id='block_1_51' title="bbox 128 3273 1687 3354">
    <p class='ocr_par' dir='ltr' id='par_1_51' title="bbox 128 3273 1687 3354">
     <span class='ocr_line' id='line_1_51' title="bbox 128 3273 1687 3354; baseline -0.01 -13"><span class='ocrx_word' id='word_1_350' title='bbox 128 3290 217 3341; x_wconf 80' lang='grc' dir='ltr'>καὶ</span> <span class='ocrx_word' id='word_1_351' title='bbox 262 3286 341 3340; x_wconf 79' lang='grc' dir='ltr'>ἔτι</span> <span class='ocrx_word' id='word_1_352' title='bbox 386 3288 443 3339; x_wconf 83' lang='grc' dir='ltr'><strong>έν</strong></span> <span class='ocrx_word' id='word_1_353' title='bbox 482 3285 677 3347; x_wconf 84' lang='grc' dir='ltr'>πόσαις</span> <span class='ocrx_word' id='word_1_354' title='bbox 708 3281 877 3354; x_wconf 82' lang='grc' dir='ltr'>ὥραις</span> <span class='ocrx_word' id='word_1_355' title='bbox 919 3282 1257 3351; x_wconf 80' lang='grc' dir='ltr'>ίσημεριναῖς</span> <span class='ocrx_word' id='word_1_356' title='bbox 1308 3278 1535 3330; x_wconf 75' lang='grc' dir='ltr'>ἕκαστον</span> <span class='ocrx_word' id='word_1_357' title='bbox 1579 3273 1687 3327; x_wconf 84' lang='grc' dir='ltr'><strong>τῶν</strong></span> 
     </span>
    </p>
   </div>
   <div class='ocr_carea' id='block_1_52' title="bbox 128 3366 1688 3450">
    <p class='ocr_par' dir='ltr' id='par_1_52' title="bbox 128 3366 1688 3450">
     <span class='ocr_line' id='line_1_52' title="bbox 128 3366 1688 3450; baseline -0.01 -17"><span class='ocrx_word' id='word_1_358' title='bbox 128 3381 337 3450; x_wconf 82' lang='grc' dir='ltr'>ἄστρων</span> <span class='ocrx_word' id='word_1_359' title='bbox 379 3378 412 3448; x_wconf 83' lang='grc' dir='ltr'>ἢ</span> <span class='ocrx_word' id='word_1_360' title='bbox 451 3377 617 3439; x_wconf 86' lang='grc' dir='ltr'>δύνει,</span> <span class='ocrx_word' id='word_1_361' title='bbox 670 3376 704 3448; x_wconf 79' lang='grc' dir='ltr'>ἢ</span> <span class='ocrx_word' id='word_1_362' title='bbox 750 3372 1043 3428; x_wconf 88' lang='grc' dir='ltr'>ἀνατέλλει.</span> <span class='ocrx_word' id='word_1_363' title='bbox 1081 3373 1348 3426; x_wconf 81' lang='grc' dir='ltr'>Ἕκαστον</span> <span class='ocrx_word' id='word_1_364' title='bbox 1393 3368 1449 3421; x_wconf 86' lang='grc' dir='ltr'>δὲ</span> <span class='ocrx_word' id='word_1_365' title='bbox 1486 3366 1688 3420; x_wconf 89' lang='grc' dir='ltr'>τούτων</span> 
     </span>
    </p>
   </div>
   <div class='ocr_carea' id='block_1_53' title="bbox 127 3462 1689 3544">
    <p class='ocr_par' dir='ltr' id='par_1_53' title="bbox 127 3462 1689 3544">
     <span class='ocr_line' id='line_1_53' title="bbox 127 3462 1689 3544; baseline -0.008 -20"><span class='ocrx_word' id='word_1_366' title='bbox 127 3473 524 3544; x_wconf 65' lang='grc' dir='ltr'>ἲιασαφήσομεν</span> <span class='ocrx_word' id='word_1_367' title='bbox 541 3468 680 3523; x_wconf 85' lang='grc' dir='ltr'>κατὰ</span> <span class='ocrx_word' id='word_1_368' title='bbox 717 3465 1076 3541; x_wconf 84' lang='grc' dir='ltr'>συνεγγισμὸν</span> <span class='ocrx_word' id='word_1_369' title='bbox 1102 3464 1207 3529; x_wconf 72' lang='grc' dir='ltr'>ἕως</span> <span class='ocrx_word' id='word_1_370' title='bbox 1240 3462 1528 3533; x_wconf 66' lang='grc' dir='ltr'>ἀδιαφόρου</span> <span class='ocrx_word' id='word_1_371' title='bbox 1557 3476 1689 3530; x_wconf 89' lang='grc' dir='ltr'>παρ-</span> 
     </span>
    </p>
   </div>
   <div class='ocr_carea' id='block_1_54' title="bbox 127 3550 1688 3633">
    <p class='ocr_par' dir='ltr' id='par_1_54' title="bbox 127 3550 1688 3633">
     <span class='ocr_line' id='line_1_54' title="bbox 127 3550 1688 3633; baseline -0.007 -19"><span class='ocrx_word' id='word_1_372' title='bbox 127 3561 379 3633; x_wconf 80' lang='grc' dir='ltr'>αλλαγῆς.</span> <span class='ocrx_word' id='word_1_373' title='bbox 416 3560 562 3613; x_wconf 84' lang='grc' dir='ltr'>Διότι</span> <span class='ocrx_word' id='word_1_374' title='bbox 607 3558 716 3628; x_wconf 83' lang='grc' dir='ltr'>γὰρ</span> <span class='ocrx_word' id='word_1_375' title='bbox 752 3559 786 3628; x_wconf 82' lang='grc' dir='ltr'><strong>ἡ</strong></span> <span class='ocrx_word' id='word_1_376' title='bbox 834 3555 1057 3627; x_wconf 88' lang='grc' dir='ltr'>τοιαύτη</span> <span class='ocrx_word' id='word_1_377' title='bbox 1104 3552 1456 3626; x_wconf 80' lang='grc' dir='ltr'>πραγματεία</span> <span class='ocrx_word' id='word_1_378' title='bbox 1510 3550 1688 3622; x_wconf 88' lang='grc' dir='ltr'>πολλῷ</span> 
     </span>
    </p>
   </div>
   <div class='ocr_carea' id='block_1_55' title="bbox 127 3645 1686 3722">
    <p class='ocr_par' dir='ltr' id='par_1_55' title="bbox 127 3645 1686 3722">
     <span class='ocr_line' id='line_1_55' title="bbox 127 3645 1686 3722; baseline -0.006 -16"><span class='ocrx_word' id='word_1_379' title='bbox 127 3671 184 3706; x_wconf 84' lang='grc' dir='ltr'><strong>τε</strong></span> <span class='ocrx_word' id='word_1_380' title='bbox 215 3654 321 3705; x_wconf 82' lang='grc' dir='ltr'>τῶν</span> <span class='ocrx_word' id='word_1_381' title='bbox 359 3654 464 3707; x_wconf 82' lang='grc' dir='ltr'><strong>ὑπὸ</strong></span> <span class='ocrx_word' id='word_1_382' title='bbox 509 3651 619 3705; x_wconf 84' lang='grc' dir='ltr'><strong>τῶν</strong></span> <span class='ocrx_word' id='word_1_383' title='bbox 657 3650 898 3722; x_wconf 79' lang='grc' dir='ltr'>ἀρχαίων</span> <span class='ocrx_word' id='word_1_384' title='bbox 930 3647 1370 3717; x_wconf 82' lang='grc' dir='ltr'>συντεταγμένων</span> <span class='ocrx_word' id='word_1_385' title='bbox 1409 3646 1555 3698; x_wconf 81' lang='grc' dir='ltr'>ἐστὶν</span> <span class='ocrx_word' id='word_1_386' title='bbox 1594 3645 1686 3698; x_wconf 85' lang='grc' dir='ltr'>εύ-</span> 
     </span>
    </p>
   </div>
   <div class='ocr_carea' id='block_1_56' title="bbox 127 3736 1688 3817">
    <p class='ocr_par' dir='ltr' id='par_1_56' title="bbox 127 3736 1688 3817">
     <span class='ocr_line' id='line_1_56' title="bbox 127 3736 1688 3817; baseline -0.006 -17"><span class='ocrx_word' id='word_1_387' title='bbox 127 3746 478 3817; x_wconf 79' lang='grc' dir='ltr'>χρηστοτέρα,</span> <span class='ocrx_word' id='word_1_388' title='bbox 527 3744 622 3798; x_wconf 73' lang='grc' dir='ltr'>καὶ</span> <span class='ocrx_word' id='word_1_389' title='bbox 678 3744 811 3816; x_wconf 77' lang='grc' dir='ltr'>πρὸς</span> <span class='ocrx_word' id='word_1_390' title='bbox 870 3741 1038 3795; x_wconf 85' lang='grc' dir='ltr'>πολλά</span> <span class='ocrx_word' id='word_1_391' title='bbox 1082 3740 1341 3794; x_wconf 79' lang='grc' dir='ltr'>συντείνει</span> <span class='ocrx_word' id='word_1_392' title='bbox 1395 3739 1502 3792; x_wconf 82' lang='grc' dir='ltr'>τῶν</span> <span class='ocrx_word' id='word_1_393' title='bbox 1547 3736 1688 3791; x_wconf 86' lang='grc' dir='ltr'><strong>κατά</strong></span> 
     </span>
    </p>
   </div>
   <div class='ocr_carea' id='block_1_57' title="bbox 125 3823 1686 3907">
    <p class='ocr_par' dir='ltr' id='par_1_57' title="bbox 125 3823 1686 3907">
     <span class='ocr_line' id='line_1_57' title="bbox 125 3823 1686 3907; baseline -0.008 -17"><span class='ocrx_word' id='word_1_394' title='bbox 125 3836 475 3907; x_wconf 81' lang='grc' dir='ltr'>ἀστρολογίαν</span> <span class='ocrx_word' id='word_1_395' title='bbox 522 3834 927 3906; x_wconf 82' lang='grc' dir='ltr'>Θεωρημάτων,</span> <span class='ocrx_word' id='word_1_396' title='bbox 979 3831 1374 3900; x_wconf 79' lang='grc' dir='ltr'>εύκατανόητον</span> <span class='ocrx_word' id='word_1_397' title='bbox 1425 3823 1560 3880; x_wconf 85' lang='grc' dir='ltr'>εἷναί</span> <span class='ocrx_word' id='word_1_398' title='bbox 1604 3842 1686 3879; x_wconf 90' lang='grc' dir='ltr'><strong>σοι</strong></span> 
     </span>
    </p>
   </div>
   <div class='ocr_carea' id='block_1_58' title="bbox 127 3929 346 3999">
    <p class='ocr_par' dir='ltr' id='par_1_58' title="bbox 127 3929 346 3999">
     <span class='ocr_line' id='line_1_58' title="bbox 127 3929 346 3999; baseline -0.009 -17"><span class='ocrx_word' id='word_1_399' title='bbox 127 3929 346 3999; x_wconf 76' lang='grc' dir='ltr'>νομίζω,</span> 
     </span>
    </p>
   </div>
   <div class='ocr_carea' id='block_1_59' title="bbox 212 4032 1687 4117">
    <p class='ocr_par' dir='ltr' id='par_1_59' title="bbox 212 4032 1687 4117">
     <span class='ocr_line' id='line_1_59' title="bbox 212 4032 1687 4117; baseline -0.01 -16"><span class='ocrx_word' id='word_1_400' title='bbox 212 4046 265 4099; x_wconf 87' lang='lat'><strong>&#39;0</strong></span> <span class='ocrx_word' id='word_1_401' title='bbox 294 4046 388 4117; x_wconf 77' lang='grc' dir='ltr'>μὲν</span> <span class='ocrx_word' id='word_1_402' title='bbox 410 4040 503 4100; x_wconf 78' lang='grc' dir='ltr'>οὖν</span> <span class='ocrx_word' id='word_1_403' title='bbox 543 4041 757 4113; x_wconf 83' lang='grc' dir='ltr'>Βοώτης</span> <span class='ocrx_word' id='word_1_404' title='bbox 788 4036 1167 4093; x_wconf 81' lang='grc' dir='ltr'>συνανατέλλει</span> <span class='ocrx_word' id='word_1_405' title='bbox 1200 4034 1277 4106; x_wconf 81' lang='grc' dir='ltr'><strong>τῷ</strong></span> <span class='ocrx_word' id='word_1_406' title='bbox 1303 4032 1548 4104; x_wconf 88' lang='grc' dir='ltr'>ζωδιακῷ</span> <span class='ocrx_word' id='word_1_407' title='bbox 1580 4033 1687 4086; x_wconf 82' lang='grc' dir='ltr'>ἀπὸ</span> 
     </span>
    </p>
   </div>
   <div class='ocr_carea' id='block_1_60' title="bbox 124 4123 1686 4209">
    <p class='ocr_par' dir='ltr' id='par_1_60' title="bbox 124 4123 1686 4209">
     <span class='ocr_line' id='line_1_60' title="bbox 124 4123 1686 4209; baseline -0.012 -17"><span class='ocrx_word' id='word_1_408' title='bbox 124 4140 226 4209; x_wconf 73' lang='grc' dir='ltr'>τῆς</span> <span class='ocrx_word' id='word_1_409' title='bbox 255 4139 425 4209; x_wconf 67' lang='grc' dir='ltr'>ἀρχῆς</span> <span class='ocrx_word' id='word_1_410' title='bbox 470 4137 571 4206; x_wconf 78' lang='grc' dir='ltr'>τῆς</span> <span class='ocrx_word' id='word_1_411' title='bbox 620 4132 895 4206; x_wconf 79' lang='grc' dir='ltr'>Παρθένου</span> <span class='ocrx_word' id='word_1_412' title='bbox 947 4131 1051 4192; x_wconf 75' lang='grc' dir='ltr'>ἕως</span> <span class='ocrx_word' id='word_1_413' title='bbox 1106 4129 1149 4192; x_wconf 86' lang='grc' dir='ltr'>ζ’</span> <span class='ocrx_word' id='word_1_414' title='bbox 1199 4127 1289 4179; x_wconf 76' lang='grc' dir='ltr'>καὶ</span> <span class='ocrx_word' id='word_1_415' title='bbox 1336 4132 1382 4177; x_wconf 87' lang='grc' dir='ltr'>κ’</span> <span class='ocrx_word' id='word_1_416' title='bbox 1421 4124 1529 4195; x_wconf 90' lang='grc' dir='ltr'>μοί.</span> <span class='ocrx_word' id='word_1_417' title='bbox 1584 4123 1686 4193; x_wconf 82' lang='grc' dir='ltr'>τῆς</span> 
     </span>
    </p>
   </div>
   <div class='ocr_carea' id='block_1_61' title="bbox 125 4214 1686 4302">
    <p class='ocr_par' dir='ltr' id='par_1_61' title="bbox 125 4214 1686 4302">
     <span class='ocr_line' id='line_1_61' title="bbox 125 4214 1686 4302; baseline -0.012 -17"><span class='ocrx_word' id='word_1_418' title='bbox 125 4229 430 4302; x_wconf 73' lang='grc' dir='ltr'>Παρθένου·</span> <span class='ocrx_word' id='word_1_419' title='bbox 480 4227 800 4299; x_wconf 84' lang='grc' dir='ltr'>μεσουρανεῖ</span> <span class='ocrx_word' id='word_1_420' title='bbox 852 4223 896 4277; x_wconf 87' lang='grc' dir='ltr'>δ’</span> <span class='ocrx_word' id='word_1_421' title='bbox 954 4219 1328 4281; x_wconf 86' lang='grc' dir='ltr'>ἀνατέλλοντος</span> <span class='ocrx_word' id='word_1_422' title='bbox 1369 4215 1533 4271; x_wconf 74' lang='grc' dir='ltr'>αὑτοῦ</span> <span class='ocrx_word' id='word_1_423' title='bbox 1591 4214 1686 4267; x_wconf 89' lang='grc' dir='ltr'><strong>τοῦ</strong></span> 
     </span>
    </p>
   </div>
   <div class='ocr_carea' id='block_1_62' title="bbox 123 4302 1686 4389">
    <p class='ocr_par' dir='ltr' id='par_1_62' title="bbox 123 4302 1686 4389">
     <span class='ocr_line' id='line_1_62' title="bbox 123 4302 1686 4389; baseline -0.013 -17"><span class='ocrx_word' id='word_1_424' title='bbox 123 4318 382 4385; x_wconf 84' lang='grc' dir='ltr'>ζωδιακοῦ</span> <span class='ocrx_word' id='word_1_425' title='bbox 411 4319 695 4389; x_wconf 83' lang='grc' dir='ltr'>τμήματος</span> <span class='ocrx_word' id='word_1_426' title='bbox 727 4313 835 4367; x_wconf 80' lang='grc' dir='ltr'>ἀπὸ</span> <span class='ocrx_word' id='word_1_427' title='bbox 858 4310 1068 4383; x_wconf 87' lang='grc' dir='ltr'>Ταύρου</span> <span class='ocrx_word' id='word_1_428' title='bbox 1095 4309 1139 4373; x_wconf 84' lang='grc' dir='ltr'>ζ’</span> <span class='ocrx_word' id='word_1_429' title='bbox 1169 4307 1265 4361; x_wconf 78' lang='grc' dir='ltr'>καὶ</span> <span class='ocrx_word' id='word_1_430' title='bbox 1291 4311 1338 4359; x_wconf 91' lang='grc' dir='ltr'>κ’</span> <span class='ocrx_word' id='word_1_431' title='bbox 1372 4303 1480 4375; x_wconf 86' lang='grc' dir='ltr'>μοί.</span> <span class='ocrx_word' id='word_1_432' title='bbox 1516 4302 1686 4373; x_wconf 86' lang='grc' dir='ltr'>μέσης</span> 
     </span>
    </p>
   </div>
   <div class='ocr_carea' id='block_1_63' title="bbox 122 4391 1685 4481">
    <p class='ocr_par' dir='ltr' id='par_1_63' title="bbox 122 4391 1685 4481">
     <span class='ocr_line' id='line_1_63' title="bbox 122 4391 1685 4481; baseline -0.013 -16"><span class='ocrx_word' id='word_1_433' title='bbox 122 4412 230 4475; x_wconf 76' lang='grc' dir='ltr'>ἕως</span> <span class='ocrx_word' id='word_1_434' title='bbox 257 4410 498 4481; x_wconf 84' lang='grc' dir='ltr'>Διδύμων</span> <span class='ocrx_word' id='word_1_435' title='bbox 548 4404 628 4470; x_wconf 84' lang='grc' dir='ltr'>κζ’</span> <span class='ocrx_word' id='word_1_436' title='bbox 659 4405 765 4477; x_wconf 88' lang='grc' dir='ltr'>μοί.</span> <span class='ocrx_word' id='word_1_437' title='bbox 810 4405 919 4457; x_wconf 69' lang='grc' dir='ltr'><strong>Καὶ</strong></span> <span class='ocrx_word' id='word_1_438' title='bbox 966 4401 1180 4474; x_wconf 82' lang='grc' dir='ltr'>πρῶτος</span> <span class='ocrx_word' id='word_1_439' title='bbox 1229 4397 1327 4469; x_wconf 84' lang='grc' dir='ltr'>μὲν</span> <span class='ocrx_word' id='word_1_440' title='bbox 1379 4393 1553 4467; x_wconf 81' lang='grc' dir='ltr'>ἀστὴρ</span> <span class='ocrx_word' id='word_1_441' title='bbox 1592 4391 1685 4446; x_wconf 87' lang='grc' dir='ltr'><strong>τοῦ</strong></span> 
     </span>
    </p>
   </div>
   <div class='ocr_carea' id='block_1_64' title="bbox 122 4486 1687 4565">
    <p class='ocr_par' dir='ltr' id='par_1_64' title="bbox 122 4486 1687 4565">
     <span class='ocr_line' id='line_1_64' title="bbox 122 4486 1687 4565; baseline -0.012 -10"><span class='ocrx_word' id='word_1_442' title='bbox 122 4500 332 4555; x_wconf 79' lang='grc' dir='ltr'>Βοὼτου</span> <span class='ocrx_word' id='word_1_443' title='bbox 381 4498 658 4555; x_wconf 81' lang='grc' dir='ltr'>ἀνατέλλει</span> <span class='ocrx_word' id='word_1_444' title='bbox 700 4499 728 4550; x_wconf 86' lang='grc' dir='ltr'><strong>ὁ</strong></span> <span class='ocrx_word' id='word_1_445' title='bbox 776 4498 832 4548; x_wconf 86' lang='grc' dir='ltr'>ὲν</span> <span class='ocrx_word' id='word_1_446' title='bbox 876 4497 939 4565; x_wconf 79' lang='grc' dir='ltr'>τῇ</span> <span class='ocrx_word' id='word_1_447' title='bbox 972 4491 1202 4563; x_wconf 78' lang='grc' dir='ltr'>κεφαλῇ,</span> <span class='ocrx_word' id='word_1_448' title='bbox 1232 4492 1455 4560; x_wconf 79' lang='grc' dir='ltr'>ἔσχατος</span> <span class='ocrx_word' id='word_1_449' title='bbox 1485 4488 1540 4541; x_wconf 78' lang='grc' dir='ltr'>δὲ</span> <span class='ocrx_word' id='word_1_450' title='bbox 1571 4487 1600 4538; x_wconf 85' lang='grc' dir='ltr'>ὁ</span> <span class='ocrx_word' id='word_1_451' title='bbox 1629 4486 1687 4537; x_wconf 82' lang='grc' dir='ltr'>ὲν</span> 
     </span>
    </p>
   </div>
   <div class='ocr_carea' id='block_1_65' title="bbox 122 4541 1767 4664">
    <p class='ocr_par' dir='ltr' id='par_1_65' title="bbox 122 4541 1767 4664">
     <span class='ocr_line' id='line_1_65' title="bbox 122 4541 1453 4565; baseline -0.01 8"><span class='ocrx_word' id='word_1_452' title='bbox 122 4541 331 4555; x_wconf 63' lang='lat'><strong>&quot;&#39;&quot;&quot;&quot;&quot;</strong></span> <span class='ocrx_word' id='word_1_453' title='bbox 381 4541 658 4555; x_wconf 79' lang='lat'><strong>&quot;&quot;&quot;&quot;&quot;&quot;&#39;</strong></span> <span class='ocrx_word' id='word_1_454' title='bbox 703 4541 726 4550; x_wconf 89' lang='lat'><strong><em>&quot;</em></strong></span> <span class='ocrx_word' id='word_1_455' title='bbox 777 4541 825 4548; x_wconf 86' lang='lat'><strong>&quot;</strong></span> <span class='ocrx_word' id='word_1_456' title='bbox 887 4541 939 4565; x_wconf 72' lang='grc' dir='ltr'>ὐ</span> <span class='ocrx_word' id='word_1_457' title='bbox 975 4541 1202 4563; x_wconf 66' lang='lat' dir='ltr'><strong>&quot;‘I&quot;&quot;u&#39;</strong></span> <span class='ocrx_word' id='word_1_458' title='bbox 1238 4541 1327 4560; x_wconf 57' lang='lat' dir='ltr'><strong>“Is</strong></span> <span class='ocrx_word' id='word_1_459' title='bbox 1438 4541 1453 4552; x_wconf 81' lang='lat'><strong>-</strong></span> 
     </span>
     <span class='ocr_line' id='line_1_66' title="bbox 122 4541 1767 4664; baseline -0.01 -17"><span class='ocrx_word' id='word_1_460' title='bbox 122 4593 205 4664; x_wconf 79' lang='grc' dir='ltr'>τῷ</span> <span class='ocrx_word' id='word_1_461' title='bbox 237 4594 391 4664; x_wconf 81' lang='grc' dir='ltr'>δεξιῷ</span> <span class='ocrx_word' id='word_1_462' title='bbox 438 4591 577 4647; x_wconf 86' lang='grc' dir='ltr'>ποδί.</span> <span class='ocrx_word' id='word_1_463' title='bbox 622 4587 1028 4659; x_wconf 83' lang='grc' dir='ltr'>Μεσουρανοῦσι</span> <span class='ocrx_word' id='word_1_464' title='bbox 1071 4586 1125 4638; x_wconf 82' lang='grc' dir='ltr'>δὲ</span> <span class='ocrx_word' id='word_1_465' title='bbox 1160 4583 1267 4637; x_wconf 81' lang='grc' dir='ltr'><strong>τῶν</strong></span> <span class='ocrx_word' id='word_1_466' title='bbox 1298 4582 1471 4637; x_wconf 80' lang='grc' dir='ltr'>ἄλλων</span> <span class='ocrx_word' id='word_1_467' title='bbox 1525 4578 1683 4633; x_wconf 88' lang='grc' dir='ltr'>ἀστέ-</span> <span class='ocrx_word' id='word_1_468' title='bbox 1720 4541 1767 4600; x_wconf 77' lang='lat' dir='ltr'><strong>D</strong></span> 
     </span>
    </p>
   </div>
   <div class='ocr_carea' id='block_1_66' title="bbox 125 4669 1685 4755">
    <p class='ocr_par' dir='ltr' id='par_1_66' title="bbox 125 4669 1685 4755">
     <span class='ocr_line' id='line_1_67' title="bbox 125 4669 1685 4755; baseline -0.009 -21"><span class='ocrx_word' id='word_1_469' title='bbox 125 4702 257 4755; x_wconf 70' lang='grc' dir='ltr'>ραν,</span> <span class='ocrx_word' id='word_1_470' title='bbox 308 4682 610 4755; x_wconf 83' lang='grc' dir='ltr'>ἀρχομένου</span> <span class='ocrx_word' id='word_1_471' title='bbox 656 4679 752 4749; x_wconf 83' lang='grc' dir='ltr'>μὲν</span> <span class='ocrx_word' id='word_1_472' title='bbox 798 4676 1105 4729; x_wconf 84' lang='grc' dir='ltr'>ἀνατέλλειν</span> <span class='ocrx_word' id='word_1_473' title='bbox 1146 4671 1242 4726; x_wconf 90' lang='grc' dir='ltr'><strong>τοῦ</strong></span> <span class='ocrx_word' id='word_1_474' title='bbox 1292 4670 1522 4733; x_wconf 82' lang='grc' dir='ltr'>Βοὼτου,</span> <span class='ocrx_word' id='word_1_475' title='bbox 1562 4669 1591 4721; x_wconf 83' lang='grc' dir='ltr'><strong>ὅ</strong></span> <span class='ocrx_word' id='word_1_476' title='bbox 1625 4684 1685 4720; x_wconf 88' lang='grc' dir='ltr'><strong>τε</strong></span> 
     </span>
    </p>
   </div>
   <div class='ocr_carea' id='block_1_67' title="bbox 120 4758 1684 4847">
    <p class='ocr_par' dir='ltr' id='par_1_67' title="bbox 120 4758 1684 4847">
     <span class='ocr_line' id='line_1_68' title="bbox 120 4758 1684 4847; baseline -0.009 -21"><span class='ocrx_word' id='word_1_477' title='bbox 120 4774 402 4847; x_wconf 76' lang='grc' dir='ltr'>ἀριστερὸς</span> <span class='ocrx_word' id='word_1_478' title='bbox 431 4767 581 4843; x_wconf 79' lang='grc' dir='ltr'>ὦμος</span> <span class='ocrx_word' id='word_1_479' title='bbox 618 4769 711 4824; x_wconf 87' lang='grc' dir='ltr'><strong>τοῦ</strong></span> <span class='ocrx_word' id='word_1_480' title='bbox 752 4768 1003 4839; x_wconf 87' lang='grc' dir='ltr'>Ὠρίωνος</span> <span class='ocrx_word' id='word_1_481' title='bbox 1030 4765 1124 4819; x_wconf 74' lang='grc' dir='ltr'><strong>καὶ</strong></span> <span class='ocrx_word' id='word_1_482' title='bbox 1156 4766 1183 4817; x_wconf 85' lang='grc' dir='ltr'><strong>ὁ</strong></span> <span class='ocrx_word' id='word_1_483' title='bbox 1211 4761 1497 4835; x_wconf 82' lang='grc' dir='ltr'>ἀριστερὸς</span> <span class='ocrx_word' id='word_1_484' title='bbox 1527 4758 1684 4823; x_wconf 90' lang='grc' dir='ltr'>ποῦς,</span> 
     </span>
    </p>
   </div>
   <div class='ocr_carea' id='block_1_68' title="bbox 120 4849 1691 4936">
    <p class='ocr_par' dir='ltr' id='par_1_68' title="bbox 120 4849 1691 4936">
     <span class='ocr_line' id='line_1_69' title="bbox 120 4849 1691 4936; baseline -0.011 -17"><span class='ocrx_word' id='word_1_485' title='bbox 120 4865 197 4929; x_wconf 82' lang='grc' dir='ltr'>ὡς</span> <span class='ocrx_word' id='word_1_486' title='bbox 240 4866 540 4936; x_wconf 73' lang='grc' dir='ltr'>ήμιπήχιον</span> <span class='ocrx_word' id='word_1_487' title='bbox 578 4859 988 4933; x_wconf 85' lang='grc' dir='ltr'>προηγούμενος</span> <span class='ocrx_word' id='word_1_488' title='bbox 1028 4854 1122 4908; x_wconf 85' lang='grc' dir='ltr'><strong>τοῦ</strong></span> <span class='ocrx_word' id='word_1_489' title='bbox 1159 4850 1563 4926; x_wconf 74' lang='grc' dir='ltr'>μεσημϐρινοῦ·</span> <span class='ocrx_word' id='word_1_490' title='bbox 1595 4849 1691 4921; x_wconf 84' lang='grc' dir='ltr'><strong>λή-</strong></span> 
     </span>
    </p>
   </div>
   <div class='ocr_carea' id='block_1_69' title="bbox 126 4942 1688 5026">
    <p class='ocr_par' dir='ltr' id='par_1_69' title="bbox 126 4942 1688 5026">
     <span class='ocr_line' id='line_1_70' title="bbox 126 4942 1688 5026; baseline -0.011 -16"><span class='ocrx_word' id='word_1_491' title='bbox 126 4975 310 5026; x_wconf 83' lang='grc' dir='ltr'>γοντος</span> <span class='ocrx_word' id='word_1_492' title='bbox 350 4956 407 5010; x_wconf 79' lang='grc' dir='ltr'>δὲ</span> <span class='ocrx_word' id='word_1_493' title='bbox 451 4953 641 5014; x_wconf 80' lang='grc' dir='ltr'>αὐτοῦ,</span> <span class='ocrx_word' id='word_1_494' title='bbox 677 4952 993 5023; x_wconf 85' lang='grc' dir='ltr'>μεσουρανεῖ</span> <span class='ocrx_word' id='word_1_495' title='bbox 1041 4945 1135 5001; x_wconf 88' lang='grc' dir='ltr'><strong>τοῦ</strong></span> <span class='ocrx_word' id='word_1_496' title='bbox 1181 4946 1357 5008; x_wconf 80' lang='grc' dir='ltr'>Κυνὸς</span> <span class='ocrx_word' id='word_1_497' title='bbox 1400 4946 1428 4997; x_wconf 84' lang='grc' dir='ltr'>ὀ</span> <span class='ocrx_word' id='word_1_498' title='bbox 1462 4943 1556 4996; x_wconf 76' lang='grc' dir='ltr'><strong>ἐπὶ</strong></span> <span class='ocrx_word' id='word_1_499' title='bbox 1580 4942 1688 4995; x_wconf 86' lang='grc' dir='ltr'>τῶν</span> 
     </span>
    </p>
   </div>
   <div class='ocr_carea' id='block_1_70' title="bbox 130 5036 1690 5121">
    <p class='ocr_par' dir='ltr' id='par_1_70' title="bbox 130 5036 1690 5121">
     <span class='ocr_line' id='line_1_71' title="bbox 130 5036 1690 5121; baseline -0.01 -18"><span class='ocrx_word' id='word_1_500' title='bbox 130 5052 310 5121; x_wconf 72' lang='grc' dir='ltr'>ἰσχίων</span> <span class='ocrx_word' id='word_1_501' title='bbox 352 5048 625 5120; x_wconf 82' lang='grc' dir='ltr'>λαμπρός.</span> <span class='ocrx_word' id='word_1_502' title='bbox 687 5042 986 5099; x_wconf 86' lang='grc' dir='ltr'>Ἀνατέλλει</span> <span class='ocrx_word' id='word_1_503' title='bbox 1031 5042 1087 5095; x_wconf 81' lang='grc' dir='ltr'>δὲ</span> <span class='ocrx_word' id='word_1_504' title='bbox 1135 5040 1255 5103; x_wconf 83' lang='grc' dir='ltr'>ὅλος</span> <span class='ocrx_word' id='word_1_505' title='bbox 1296 5039 1327 5090; x_wconf 79' lang='grc' dir='ltr'><strong>ὁ</strong></span> <span class='ocrx_word' id='word_1_506' title='bbox 1370 5036 1586 5106; x_wconf 82' lang='grc' dir='ltr'>Βοώτης</span> <span class='ocrx_word' id='word_1_507' title='bbox 1632 5036 1690 5087; x_wconf 84' lang='grc' dir='ltr'>ὲν</span> 
     </span>
    </p>
   </div>
   <div class='ocr_carea' id='block_1_71' title="bbox 124 5135 1309 5216">
    <p class='ocr_par' dir='ltr' id='par_1_71' title="bbox 124 5135 1309 5216">
     <span class='ocr_line' id='line_1_72' title="bbox 124 5135 1309 5216; baseline -0.008 -20"><span class='ocrx_word' id='word_1_508' title='bbox 124 5142 288 5216; x_wconf 78' lang='grc' dir='ltr'>ὥραις</span> <span class='ocrx_word' id='word_1_509' title='bbox 317 5143 660 5213; x_wconf 78' lang='grc' dir='ltr'>ἰσημεριναῖς</span> <span class='ocrx_word' id='word_1_510' title='bbox 687 5138 835 5191; x_wconf 75' lang='grc' dir='ltr'>δυσὶν</span> <span class='ocrx_word' id='word_1_511' title='bbox 868 5136 943 5200; x_wconf 82' lang='grc' dir='ltr'>ὡς</span> <span class='ocrx_word' id='word_1_512' title='bbox 977 5135 1223 5204; x_wconf 80' lang='grc' dir='ltr'>ἔγγιστα.</span> <span class='ocrx_word' id='word_1_513' title='bbox 1306 5180 1309 5183; x_wconf 66' lang='grc'><strong>,</strong></span> 
     </span>
    </p>
   </div>
   <div class='ocr_carea' id='block_1_72' title="bbox 195 5240 1687 5320">
    <p class='ocr_par' dir='ltr' id='par_1_72' title="bbox 195 5240 1687 5320">
     <span class='ocr_line' id='line_1_73' title="bbox 195 5240 1687 5320; baseline -0.008 -12"><span class='ocrx_word' id='word_1_514' title='bbox 195 5254 298 5307; x_wconf 84' lang='grc' dir='ltr'>Τοῦ</span> <span class='ocrx_word' id='word_1_515' title='bbox 336 5254 391 5307; x_wconf 84' lang='grc' dir='ltr'>δὲ</span> <span class='ocrx_word' id='word_1_516' title='bbox 421 5251 694 5320; x_wconf 80' lang='grc' dir='ltr'>Στεφάνου</span> <span class='ocrx_word' id='word_1_517' title='bbox 738 5248 1137 5311; x_wconf 85' lang='grc' dir='ltr'>ἀνατέλλοντος,</span> <span class='ocrx_word' id='word_1_518' title='bbox 1174 5240 1547 5299; x_wconf 71' lang='grc' dir='ltr'>συνανατέλλει</span> <span class='ocrx_word' id='word_1_519' title='bbox 1588 5242 1687 5314; x_wconf 83' lang='grc' dir='ltr'>μὲν</span> 
     </span>
    </p>
   </div>
   <div class='ocr_carea' id='block_1_73' title="bbox 125 5333 1688 5415">
    <p class='ocr_par' dir='ltr' id='par_1_73' title="bbox 125 5333 1688 5415">
     <span class='ocr_line' id='line_1_74' title="bbox 125 5333 1688 5415; baseline -0.007 -18"><span class='ocrx_word' id='word_1_520' title='bbox 125 5344 271 5415; x_wconf 82' lang='grc' dir='ltr'>αύτῷ</span> <span class='ocrx_word' id='word_1_521' title='bbox 300 5345 394 5399; x_wconf 90' lang='grc' dir='ltr'><strong>τοῦ</strong></span> <span class='ocrx_word' id='word_1_522' title='bbox 439 5340 707 5410; x_wconf 82' lang='grc' dir='ltr'>ζωδιακοῦ</span> <span class='ocrx_word' id='word_1_523' title='bbox 738 5342 1024 5412; x_wconf 88' lang='grc' dir='ltr'>τμήματος</span> <span class='ocrx_word' id='word_1_524' title='bbox 1064 5337 1171 5391; x_wconf 84' lang='grc' dir='ltr'>ἀπὸ</span> <span class='ocrx_word' id='word_1_525' title='bbox 1201 5334 1478 5407; x_wconf 83' lang='grc' dir='ltr'>Παρθένου</span> <span class='ocrx_word' id='word_1_526' title='bbox 1518 5333 1562 5399; x_wconf 84' lang='grc' dir='ltr'>ζ’</span> <span class='ocrx_word' id='word_1_527' title='bbox 1594 5335 1688 5388; x_wconf 76' lang='grc' dir='ltr'>καὶ</span> 
     </span>
    </p>
   </div>
   <div class='ocr_carea' id='block_1_74' title="bbox 127 5425 1687 5508">
    <p class='ocr_par' dir='ltr' id='par_1_74' title="bbox 127 5425 1687 5508">
     <span class='ocr_line' id='line_1_75' title="bbox 127 5425 1687 5508; baseline -0.008 -16"><span class='ocrx_word' id='word_1_528' title='bbox 127 5445 174 5491; x_wconf 85' lang='grc' dir='ltr'>κ’</span> <span class='ocrx_word' id='word_1_529' title='bbox 208 5438 315 5508; x_wconf 88' lang='grc' dir='ltr'>μοί.</span> <span class='ocrx_word' id='word_1_530' title='bbox 359 5437 465 5501; x_wconf 71' lang='grc' dir='ltr'>ἕως</span> <span class='ocrx_word' id='word_1_531' title='bbox 501 5433 697 5506; x_wconf 81' lang='grc' dir='ltr'>Χηλῶν</span> <span class='ocrx_word' id='word_1_532' title='bbox 743 5440 783 5485; x_wconf 83' lang='grc' dir='ltr'>ε’</span> <span class='ocrx_word' id='word_1_533' title='bbox 839 5432 948 5503; x_wconf 88' lang='grc' dir='ltr'>μοί.</span> <span class='ocrx_word' id='word_1_534' title='bbox 1003 5430 1207 5503; x_wconf 84' lang='grc' dir='ltr'>μέσης·</span> <span class='ocrx_word' id='word_1_535' title='bbox 1255 5428 1578 5499; x_wconf 85' lang='grc' dir='ltr'>μεσουρανεί</span> <span class='ocrx_word' id='word_1_536' title='bbox 1629 5425 1687 5480; x_wconf 83' lang='grc' dir='ltr'>δὲ</span> 
     </span>
    </p>
   </div>
   <div class='ocr_carea' id='block_1_75' title="bbox 127 5518 1685 5599">
    <p class='ocr_par' dir='ltr' id='par_1_75' title="bbox 127 5518 1685 5599">
     <span class='ocr_line' id='line_1_76' title="bbox 127 5518 1685 5599; baseline -0.006 -21"><span class='ocrx_word' id='word_1_537' title='bbox 127 5529 231 5582; x_wconf 73' lang='grc' dir='ltr'>ἀπὸ</span> <span class='ocrx_word' id='word_1_538' title='bbox 286 5528 536 5599; x_wconf 86' lang='grc' dir='ltr'>Διδύμων</span> <span class='ocrx_word' id='word_1_539' title='bbox 582 5532 635 5591; x_wconf 81' lang='grc' dir='ltr'>ς’</span> <span class='ocrx_word' id='word_1_540' title='bbox 680 5524 773 5579; x_wconf 75' lang='grc' dir='ltr'>καὶ</span> <span class='ocrx_word' id='word_1_541' title='bbox 824 5530 872 5578; x_wconf 88' lang='grc' dir='ltr'>κ’</span> <span class='ocrx_word' id='word_1_542' title='bbox 908 5524 1016 5595; x_wconf 89' lang='grc' dir='ltr'>μοί.</span> <span class='ocrx_word' id='word_1_543' title='bbox 1074 5523 1244 5593; x_wconf 81' lang='grc' dir='ltr'>μέσης</span> <span class='ocrx_word' id='word_1_544' title='bbox 1280 5519 1383 5583; x_wconf 79' lang='grc' dir='ltr'>ἕως</span> <span class='ocrx_word' id='word_1_545' title='bbox 1411 5518 1685 5589; x_wconf 81' lang='grc' dir='ltr'>Καρκίνου</span> 
     </span>
    </p>
   </div>
   <div class='ocr_carea' id='block_1_76' title="bbox 131 5606 1684 5688">
    <p class='ocr_par' dir='ltr' id='par_1_76' title="bbox 131 5606 1684 5688">
     <span class='ocr_line' id='line_1_77' title="bbox 131 5606 1684 5688; baseline -0.005 -20"><span class='ocrx_word' id='word_1_546' title='bbox 131 5618 236 5681; x_wconf 87' lang='grc' dir='ltr'>μοί.</span> <span class='ocrx_word' id='word_1_547' title='bbox 270 5624 310 5670; x_wconf 85' lang='grc' dir='ltr'>ε’</span> <span class='ocrx_word' id='word_1_548' title='bbox 346 5618 539 5688; x_wconf 85' lang='grc' dir='ltr'>μέσης.</span> <span class='ocrx_word' id='word_1_549' title='bbox 570 5614 682 5668; x_wconf 75' lang='grc' dir='ltr'><strong>Καὶ</strong></span> <span class='ocrx_word' id='word_1_550' title='bbox 715 5612 926 5686; x_wconf 84' lang='grc' dir='ltr'>πρῶτος</span> <span class='ocrx_word' id='word_1_551' title='bbox 955 5612 1052 5682; x_wconf 79' lang='grc' dir='ltr'>μὲν</span> <span class='ocrx_word' id='word_1_552' title='bbox 1083 5611 1258 5678; x_wconf 61' lang='grc' dir='ltr'>ἀστίαρ</span> <span class='ocrx_word' id='word_1_553' title='bbox 1288 5607 1561 5663; x_wconf 87' lang='grc' dir='ltr'>ἀνατέλλει</span> <span class='ocrx_word' id='word_1_554' title='bbox 1589 5606 1684 5662; x_wconf 88' lang='grc' dir='ltr'><strong>τοῦ</strong></span> 
     </span>
    </p>
   </div>
   <div class='ocr_carea' id='block_1_77' title="bbox 208 5767 707 5843">
    <p class='ocr_par' dir='ltr' id='par_1_77' title="bbox 208 5767 707 5843">
     <span class='ocr_line' id='line_1_78' title="bbox 208 5767 707 5843; baseline -0.008 0"><span class='ocrx_word' id='word_1_555' title='bbox 208 5772 252 5804; x_wconf 85' lang='grc'><strong><em>⁸⁸</em></strong></span> <span class='ocrx_word' id='word_1_556' title='bbox 281 5790 366 5843; x_wconf 70' lang='grc' dir='ltr'><strong>τρο</strong></span> <span class='ocrx_word' id='word_1_557' title='bbox 409 5769 570 5841; x_wconf 78' lang='grc' dir='ltr'>μέχρι</span> <span class='ocrx_word' id='word_1_558' title='bbox 602 5767 707 5821; x_wconf 78' lang='grc' dir='ltr'><strong>τῶν</strong></span> 
     </span>
    </p>
   </div>
   <div class='ocr_carea' id='block_1_78' title="bbox 1858 1987 3353 2066">
    <p class='ocr_par' dir='ltr' id='par_1_78' title="bbox 1858 1987 3353 2066">
     <span class='ocr_line' id='line_1_79' title="bbox 1858 1987 3353 2066; baseline 0.008 -21"><span class='ocrx_word' id='word_1_559' title='bbox 1858 1987 2003 2048; x_wconf 78' lang='lat' dir='ltr'><strong>XIX.</strong></span> <span class='ocrx_word' id='word_1_560' title='bbox 2033 1991 2276 2048; x_wconf 88' lang='lat' dir='ltr'><strong>Primum</strong></span> <span class='ocrx_word' id='word_1_561' title='bbox 2305 1994 2473 2066; x_wconf 79' lang='lat' dir='ltr'><strong>igitur</strong></span> <span class='ocrx_word' id='word_1_562' title='bbox 2500 1996 2800 2053; x_wconf 90' lang='lat' dir='ltr'><strong>borealium</strong></span> <span class='ocrx_word' id='word_1_563' title='bbox 2843 1998 3082 2055; x_wconf 86' lang='lat' dir='ltr'><strong>siderum</strong></span> <span class='ocrx_word' id='word_1_564' title='bbox 3112 2008 3268 2057; x_wconf 89' lang='lat' dir='ltr'><strong>ortus</strong></span> <span class='ocrx_word' id='word_1_565' title='bbox 3296 2010 3353 2057; x_wconf 86' lang='lat' dir='ltr'><strong>et</strong></span> 
     </span>
    </p>
   </div>
   <div class='ocr_carea' id='block_1_79' title="bbox 1786 2086 3458 2159">
    <p class='ocr_par' dir='ltr' id='par_1_79' title="bbox 1786 2086 3458 2159">
     <span class='ocr_line' id='line_1_80' title="bbox 1786 2086 3458 2159; baseline 0.007 -21"><span class='ocrx_word' id='word_1_566' title='bbox 1786 2097 2018 2140; x_wconf 88' lang='lat' dir='ltr'><strong>occasus</strong></span> <span class='ocrx_word' id='word_1_567' title='bbox 2037 2086 2463 2155; x_wconf 75' lang='lat' dir='ltr'><strong>explicabimus,</strong></span> <span class='ocrx_word' id='word_1_568' title='bbox 2495 2105 2635 2159; x_wconf 90' lang='lat' dir='ltr'><strong>quos</strong></span> <span class='ocrx_word' id='word_1_569' title='bbox 2660 2105 2783 2143; x_wconf 89' lang='lat' dir='ltr'><strong>cum</strong></span> <span class='ocrx_word' id='word_1_570' title='bbox 2830 2090 3056 2146; x_wconf 88' lang='lat' dir='ltr'><strong>zodiaco</strong></span> <span class='ocrx_word' id='word_1_571' title='bbox 3086 2091 3298 2147; x_wconf 86' lang='lat' dir='ltr'><strong>faciunt</strong></span> <span class='ocrx_word' id='word_1_572' title='bbox 3330 2111 3348 2150; x_wconf 90' lang='lat'><strong>:</strong></span> <span class='ocrx_word' id='word_1_573' title='bbox 3450 2102 3458 2108; x_wconf 84' lang='grc'><em>’</em></span> 
     </span>
    </p>
   </div>
   <div class='ocr_carea' id='block_1_80' title="bbox 1785 2180 3352 2254">
    <p class='ocr_par' dir='ltr' id='par_1_80' title="bbox 1785 2180 3352 2254">
     <span class='ocr_line' id='line_1_81' title="bbox 1785 2180 3352 2254; baseline 0.008 -24"><span class='ocrx_word' id='word_1_574' title='bbox 1785 2184 1900 2231; x_wconf 92' lang='lat' dir='ltr'><strong>tum</strong></span> <span class='ocrx_word' id='word_1_575' title='bbox 1934 2180 2256 2233; x_wconf 88' lang='lat' dir='ltr'><strong>australium</strong></span> <span class='ocrx_word' id='word_1_576' title='bbox 2292 2197 2306 2233; x_wconf 92' lang='lat'><strong>:</strong></span> <span class='ocrx_word' id='word_1_577' title='bbox 2339 2189 2615 2252; x_wconf 87' lang='lat' dir='ltr'><strong>postremo</strong></span> <span class='ocrx_word' id='word_1_578' title='bbox 2640 2183 2918 2253; x_wconf 87' lang='lat' dir='ltr'><strong>signorum</strong></span> <span class='ocrx_word' id='word_1_579' title='bbox 2940 2186 3185 2254; x_wconf 89' lang='lat' dir='ltr'><strong>ipsorum</strong></span> <span class='ocrx_word' id='word_1_580' title='bbox 3213 2186 3352 2241; x_wconf 91' lang='lat' dir='ltr'><strong>duo-</strong></span> 
     </span>
    </p>
   </div>
   <div class='ocr_carea' id='block_1_81' title="bbox 1785 2266 3350 2345">
    <p class='ocr_par' dir='ltr' id='par_1_81' title="bbox 1785 2266 3350 2345">
     <span class='ocr_line' id='line_1_82' title="bbox 1785 2266 3350 2345; baseline 0.007 -24"><span class='ocrx_word' id='word_1_581' title='bbox 1785 2266 1981 2322; x_wconf 91' lang='lat' dir='ltr'><strong>decim.</strong></span> <span class='ocrx_word' id='word_1_582' title='bbox 2007 2267 2081 2322; x_wconf 90' lang='lat' dir='ltr'><strong>De</strong></span> <span class='ocrx_word' id='word_1_583' title='bbox 2108 2269 2337 2325; x_wconf 86' lang='lat' dir='ltr'><strong>stellatis</strong></span> <span class='ocrx_word' id='word_1_584' title='bbox 2363 2271 2523 2341; x_wconf 76' lang='lat'><strong>128</strong></span> <span class='ocrx_word' id='word_1_585' title='bbox 2549 2280 2724 2325; x_wconf 84' lang='lat' dir='ltr'><strong>autem</strong></span> <span class='ocrx_word' id='word_1_586' title='bbox 2761 2274 3054 2343; x_wconf 87' lang='lat' dir='ltr'><strong>loquimur,</strong></span> <span class='ocrx_word' id='word_1_587' title='bbox 3090 2276 3350 2345; x_wconf 88' lang='lat' dir='ltr'><strong>quoniam</strong></span> 
     </span>
    </p>
   </div>
   <div class='ocr_carea' id='block_1_82' title="bbox 1786 2358 3351 2436">
    <p class='ocr_par' dir='ltr' id='par_1_82' title="bbox 1786 2358 3351 2436">
     <span class='ocr_line' id='line_1_83' title="bbox 1786 2358 3351 2436; baseline 0.006 -23"><span class='ocrx_word' id='word_1_588' title='bbox 1786 2358 2046 2413; x_wconf 90' lang='lat' dir='ltr'><strong>nonnulla</strong></span> <span class='ocrx_word' id='word_1_589' title='bbox 2094 2367 2245 2426; x_wconf 89' lang='lat' dir='ltr'><strong>sunt,</strong></span> <span class='ocrx_word' id='word_1_590' title='bbox 2278 2376 2400 2431; x_wconf 62' lang='lat' dir='ltr'><strong>quae</strong></span> <span class='ocrx_word' id='word_1_591' title='bbox 2448 2363 2768 2432; x_wconf 90' lang='lat' dir='ltr'><strong>ampliorem</strong></span> <span class='ocrx_word' id='word_1_592' title='bbox 2816 2363 3143 2420; x_wconf 86' lang='lat' dir='ltr'><strong>duodecima</strong></span> <span class='ocrx_word' id='word_1_593' title='bbox 3195 2376 3351 2436; x_wconf 89' lang='lat' dir='ltr'><strong>parte</strong></span> 
     </span>
    </p>
   </div>
   <div class='ocr_carea' id='block_1_83' title="bbox 1786 2450 3349 2522">
    <p class='ocr_par' dir='ltr' id='par_1_83' title="bbox 1786 2450 3349 2522">
     <span class='ocr_line' id='line_1_84' title="bbox 1786 2450 3349 2522; baseline 0.005 -19"><span class='ocrx_word' id='word_1_594' title='bbox 1786 2450 1967 2503; x_wconf 91' lang='lat' dir='ltr'><strong>locum</strong></span> <span class='ocrx_word' id='word_1_595' title='bbox 2022 2458 2314 2520; x_wconf 87' lang='lat' dir='ltr'><strong>occupant,</strong></span> <span class='ocrx_word' id='word_1_596' title='bbox 2344 2453 2594 2522; x_wconf 67' lang='lat' dir='ltr'><strong>quaedam</strong></span> <span class='ocrx_word' id='word_1_597' title='bbox 2655 2455 2942 2510; x_wconf 89' lang='lat' dir='ltr'><strong>minorem.</strong></span> <span class='ocrx_word' id='word_1_598' title='bbox 2987 2451 3193 2510; x_wconf 87' lang='lat' dir='ltr'><strong>Deinde</strong></span> <span class='ocrx_word' id='word_1_599' title='bbox 3241 2457 3349 2512; x_wconf 87' lang='lat' dir='ltr'><strong>alia</strong></span> 
     </span>
    </p>
   </div>
   <div class='ocr_carea' id='block_1_84' title="bbox 1787 2539 3349 2616">
    <p class='ocr_par' dir='ltr' id='par_1_84' title="bbox 1787 2539 3349 2616">
     <span class='ocr_line' id='line_1_85' title="bbox 1787 2539 3349 2616; baseline 0.005 -24"><span class='ocrx_word' id='word_1_600' title='bbox 1787 2539 1946 2609; x_wconf 83' lang='lat' dir='ltr'><strong>longe</strong></span> <span class='ocrx_word' id='word_1_601' title='bbox 1990 2541 2165 2608; x_wconf 79' lang='lat' dir='ltr'><strong>magis</strong></span> <span class='ocrx_word' id='word_1_602' title='bbox 2213 2540 2281 2595; x_wconf 88' lang='lat' dir='ltr'><strong>ad</strong></span> <span class='ocrx_word' id='word_1_603' title='bbox 2328 2542 2731 2612; x_wconf 82' lang='lat' dir='ltr'><strong>septentriones</strong></span> <span class='ocrx_word' id='word_1_604' title='bbox 2755 2584 2771 2607; x_wconf 91' lang='lat'><strong>,</strong></span> <span class='ocrx_word' id='word_1_605' title='bbox 2806 2550 3146 2605; x_wconf 83' lang='lat' dir='ltr'><strong>austrumve.</strong></span> <span class='ocrx_word' id='word_1_606' title='bbox 3183 2561 3349 2616; x_wconf 87' lang='lat' dir='ltr'><strong>quam</strong></span> 
     </span>
    </p>
   </div>
   <div class='ocr_carea' id='block_1_85' title="bbox 1786 2631 3351 2706">
    <p class='ocr_par' dir='ltr' id='par_1_85' title="bbox 1786 2631 3351 2706">
     <span class='ocr_line' id='line_1_86' title="bbox 1786 2631 3351 2706; baseline 0.005 -22"><span class='ocrx_word' id='word_1_607' title='bbox 1786 2631 2065 2695; x_wconf 81' lang='lat' dir='ltr'><strong>zodiacus,</strong></span> <span class='ocrx_word' id='word_1_608' title='bbox 2087 2633 2389 2702; x_wconf 77' lang='lat' dir='ltr'><strong>vergentia,</strong></span> <span class='ocrx_word' id='word_1_609' title='bbox 2422 2634 2584 2704; x_wconf 87' lang='lat' dir='ltr'><strong>longo</strong></span> <span class='ocrx_word' id='word_1_610' title='bbox 2616 2634 2803 2689; x_wconf 89' lang='lat' dir='ltr'><strong>itidem</strong></span> <span class='ocrx_word' id='word_1_611' title='bbox 2847 2636 3026 2706; x_wconf 83' lang='lat' dir='ltr'><strong>spatio</strong></span> <span class='ocrx_word' id='word_1_612' title='bbox 3055 2635 3351 2693; x_wconf 86' lang='lat' dir='ltr'><strong>dodecate-</strong></span> 
     </span>
    </p>
   </div>
   <div class='ocr_carea' id='block_1_86' title="bbox 1785 2724 3349 2795">
    <p class='ocr_par' dir='ltr' id='par_1_86' title="bbox 1785 2724 3349 2795">
     <span class='ocr_line' id='line_1_87' title="bbox 1785 2724 3349 2795; baseline 0.006 -20"><span class='ocrx_word' id='word_1_613' title='bbox 1785 2724 1961 2776; x_wconf 87' lang='lat' dir='ltr'><strong>moria</strong></span> <span class='ocrx_word' id='word_1_614' title='bbox 1994 2738 2093 2778; x_wconf 89' lang='lat' dir='ltr'><strong>sua</strong></span> <span class='ocrx_word' id='word_1_615' title='bbox 2127 2733 2476 2794; x_wconf 67' lang='lat' dir='ltr'><strong>praevertunt,</strong></span> <span class='ocrx_word' id='word_1_616' title='bbox 2505 2735 2601 2780; x_wconf 88' lang='lat' dir='ltr'><strong>aut</strong></span> <span class='ocrx_word' id='word_1_617' title='bbox 2633 2734 2958 2795; x_wconf 90' lang='lat' dir='ltr'><strong>sequuntur.</strong></span> <span class='ocrx_word' id='word_1_618' title='bbox 2996 2725 3262 2783; x_wconf 70' lang='lat' dir='ltr'><strong>Praeterea</strong></span> <span class='ocrx_word' id='word_1_619' title='bbox 3291 2729 3349 2784; x_wconf 94' lang='lat' dir='ltr'><strong>in</strong></span> 
     </span>
    </p>
   </div>
   <div class='ocr_carea' id='block_1_87' title="bbox 1787 2815 3349 2889">
    <p class='ocr_par' dir='ltr' id='par_1_87' title="bbox 1787 2815 3349 2889">
     <span class='ocr_line' id='line_1_88' title="bbox 1787 2815 3349 2889; baseline 0.004 -20"><span class='ocrx_word' id='word_1_620' title='bbox 1787 2815 2019 2885; x_wconf 86' lang='lat' dir='ltr'><strong>singulis</strong></span> <span class='ocrx_word' id='word_1_621' title='bbox 2045 2832 2376 2885; x_wconf 79' lang='lat' dir='ltr'><strong>exponemus</strong></span> <span class='ocrx_word' id='word_1_622' title='bbox 2392 2818 2534 2887; x_wconf 92' lang='lat' dir='ltr'><strong>quod</strong></span> <span class='ocrx_word' id='word_1_623' title='bbox 2562 2819 2774 2889; x_wconf 78' lang='lat' dir='ltr'><strong>signum</strong></span> <span class='ocrx_word' id='word_1_624' title='bbox 2803 2818 2856 2872; x_wconf 90' lang='lat' dir='ltr'><strong>in</strong></span> <span class='ocrx_word' id='word_1_625' title='bbox 2887 2820 3110 2875; x_wconf 90' lang='lat' dir='ltr'><strong>zodiaco</strong></span> <span class='ocrx_word' id='word_1_626' title='bbox 3137 2821 3349 2877; x_wconf 87' lang='lat' dir='ltr'><strong>circulo</strong></span> 
     </span>
    </p>
   </div>
   <div class='ocr_carea' id='block_1_88' title="bbox 1787 2910 3347 2981">
    <p class='ocr_par' dir='ltr' id='par_1_88' title="bbox 1787 2910 3347 2981">
     <span class='ocr_line' id='line_1_89' title="bbox 1787 2910 3347 2981; baseline 0.004 -20"><span class='ocrx_word' id='word_1_627' title='bbox 1787 2910 2022 2963; x_wconf 86' lang='lat' dir='ltr'><strong>medium</strong></span> <span class='ocrx_word' id='word_1_628' title='bbox 2063 2911 2188 2963; x_wconf 63' lang='lat' dir='ltr'><strong>coeli</strong></span> <span class='ocrx_word' id='word_1_629' title='bbox 2221 2918 2422 2977; x_wconf 87' lang='lat' dir='ltr'><strong>teneat,</strong></span> <span class='ocrx_word' id='word_1_630' title='bbox 2456 2919 2510 2965; x_wconf 91' lang='lat' dir='ltr'><strong>et</strong></span> <span class='ocrx_word' id='word_1_631' title='bbox 2553 2927 2799 2981; x_wconf 75' lang='lat' dir='ltr'><strong>quzeuam</strong></span> <span class='ocrx_word' id='word_1_632' title='bbox 2831 2927 2958 2981; x_wconf 85' lang='lat' dir='ltr'><strong>pars</strong></span> <span class='ocrx_word' id='word_1_633' title='bbox 2997 2913 3163 2969; x_wconf 91' lang='lat' dir='ltr'><strong>illius.</strong></span> <span class='ocrx_word' id='word_1_634' title='bbox 3214 2914 3347 2968; x_wconf 83' lang='lat' dir='ltr'><strong>Item</strong></span> 
     </span>
    </p>
   </div>
   <div class='ocr_carea' id='block_1_89' title="bbox 1787 3003 3351 3071">
    <p class='ocr_par' dir='ltr' id='par_1_89' title="bbox 1787 3003 3351 3071">
     <span class='ocr_line' id='line_1_90' title="bbox 1787 3003 3351 3071; baseline 0.005 -19"><span class='ocrx_word' id='word_1_635' title='bbox 1787 3017 2033 3071; x_wconf 79' lang='lat' dir='ltr'><strong>quamam</strong></span> <span class='ocrx_word' id='word_1_636' title='bbox 2062 3003 2289 3057; x_wconf 77' lang='lat' dir='ltr'><strong>lixarum</strong></span> <span class='ocrx_word' id='word_1_637' title='bbox 2310 3004 2593 3059; x_wconf 85' lang='lat' dir='ltr'><strong>stellarum</strong></span> <span class='ocrx_word' id='word_1_638' title='bbox 2626 3004 2929 3060; x_wconf 90' lang='lat' dir='ltr'><strong>culminent</strong></span> <span class='ocrx_word' id='word_1_639' title='bbox 2968 3007 3022 3059; x_wconf 92' lang='lat' dir='ltr'><strong>in</strong></span> <span class='ocrx_word' id='word_1_640' title='bbox 3056 3014 3277 3061; x_wconf 92' lang='lat' dir='ltr'><strong>ortuum</strong></span> <span class='ocrx_word' id='word_1_641' title='bbox 3296 3014 3351 3060; x_wconf 89' lang='lat' dir='ltr'><strong>et</strong></span> 
     </span>
    </p>
   </div>
   <div class='ocr_carea' id='block_1_90' title="bbox 1788 3096 3345 3167">
    <p class='ocr_par' dir='ltr' id='par_1_90' title="bbox 1788 3096 3345 3167">
     <span class='ocr_line' id='line_1_91' title="bbox 1788 3096 3345 3167; baseline 0.001 -18"><span class='ocrx_word' id='word_1_642' title='bbox 1788 3109 2080 3149; x_wconf 90' lang='lat' dir='ltr'><strong>occasuum</strong></span> <span class='ocrx_word' id='word_1_643' title='bbox 2107 3096 2300 3160; x_wconf 91' lang='lat' dir='ltr'><strong>initiis,</strong></span> <span class='ocrx_word' id='word_1_644' title='bbox 2326 3110 2390 3150; x_wconf 91' lang='lat' dir='ltr'><strong>ac</strong></span> <span class='ocrx_word' id='word_1_645' title='bbox 2419 3096 2617 3151; x_wconf 77' lang='lat' dir='ltr'><strong>finibus</strong></span> <span class='ocrx_word' id='word_1_646' title='bbox 2648 3096 2845 3151; x_wconf 87' lang='lat' dir='ltr'><strong>sideris</strong></span> <span class='ocrx_word' id='word_1_647' title='bbox 2878 3097 3345 3167; x_wconf 84' lang='lat' dir='ltr'><strong>cujuslibet;tum</strong></span> 
     </span>
    </p>
   </div>
   <div class='ocr_carea' id='block_1_91' title="bbox 1790 3187 3351 3260">
    <p class='ocr_par' dir='ltr' id='par_1_91' title="bbox 1790 3187 3351 3260">
     <span class='ocr_line' id='line_1_92' title="bbox 1790 3187 3351 3260; baseline 0.003 -21"><span class='ocrx_word' id='word_1_648' title='bbox 1790 3194 1921 3255; x_wconf 91' lang='lat' dir='ltr'><strong>quot</strong></span> <span class='ocrx_word' id='word_1_649' title='bbox 1952 3187 2213 3241; x_wconf 86' lang='lat' dir='ltr'><strong>horarum</strong></span> <span class='ocrx_word' id='word_1_650' title='bbox 2235 3188 2583 3258; x_wconf 78' lang='lat' dir='ltr'><strong>:equabilium</strong></span> <span class='ocrx_word' id='word_1_651' title='bbox 2623 3189 2800 3257; x_wconf 90' lang='lat' dir='ltr'><strong>spatio</strong></span> <span class='ocrx_word' id='word_1_652' title='bbox 2821 3190 3246 3260; x_wconf 86' lang='lat' dir='ltr'><strong>unumquodque</strong></span> <span class='ocrx_word' id='word_1_653' title='bbox 3276 3191 3351 3243; x_wconf 89' lang='lat' dir='ltr'><strong>si-</strong></span> 
     </span>
    </p>
   </div>
   <div class='ocr_carea' id='block_1_92' title="bbox 1789 3277 3349 3344">
    <p class='ocr_par' dir='ltr' id='par_1_92' title="bbox 1789 3277 3349 3344">
     <span class='ocr_line' id='line_1_93' title="bbox 1789 3277 3349 3344; baseline 0.003 -13"><span class='ocrx_word' id='word_1_654' title='bbox 1789 3278 1891 3332; x_wconf 92' lang='lat' dir='ltr'><strong>dus</strong></span> <span class='ocrx_word' id='word_1_655' title='bbox 1926 3279 2151 3344; x_wconf 87' lang='lat' dir='ltr'><strong>oriatur,</strong></span> <span class='ocrx_word' id='word_1_656' title='bbox 2174 3286 2267 3332; x_wconf 88' lang='lat' dir='ltr'><strong>aut</strong></span> <span class='ocrx_word' id='word_1_657' title='bbox 2289 3277 2521 3332; x_wconf 84' lang='lat' dir='ltr'><strong>occidat.</strong></span> <span class='ocrx_word' id='word_1_658' title='bbox 2554 3277 2794 3344; x_wconf 89' lang='lat' dir='ltr'><strong>Quorum</strong></span> <span class='ocrx_word' id='word_1_659' title='bbox 2838 3280 3080 3334; x_wconf 90' lang='lat' dir='ltr'><strong>omnium</strong></span> <span class='ocrx_word' id='word_1_660' title='bbox 3108 3283 3349 3335; x_wconf 87' lang='lat' dir='ltr'><strong>rationes</strong></span> 
     </span>
    </p>
   </div>
   <div class='ocr_carea' id='block_1_93' title="bbox 1788 3370 3349 3439">
    <p class='ocr_par' dir='ltr' id='par_1_93' title="bbox 1788 3370 3349 3439">
     <span class='ocr_line' id='line_1_94' title="bbox 1788 3370 3349 3439; baseline 0.001 -17"><span class='ocrx_word' id='word_1_661' title='bbox 1788 3385 1952 3439; x_wconf 91' lang='lat' dir='ltr'><strong>quam</strong></span> <span class='ocrx_word' id='word_1_662' title='bbox 1992 3371 2235 3439; x_wconf 78' lang='lat' dir='ltr'><strong>proxime</strong></span> <span class='ocrx_word' id='word_1_663' title='bbox 2271 3370 2383 3424; x_wconf 77' lang='lat' dir='ltr'><strong>ﬁeri</strong></span> <span class='ocrx_word' id='word_1_664' title='bbox 2430 3371 2631 3439; x_wconf 88' lang='lat' dir='ltr'><strong>poterit</strong></span> <span class='ocrx_word' id='word_1_665' title='bbox 2664 3371 2942 3437; x_wconf 86' lang='lat' dir='ltr'><strong>inibimus,</strong></span> <span class='ocrx_word' id='word_1_666' title='bbox 2975 3372 3122 3424; x_wconf 89' lang='lat' dir='ltr'><strong>nulla</strong></span> <span class='ocrx_word' id='word_1_667' title='bbox 3159 3379 3216 3425; x_wconf 93' lang='lat' dir='ltr'><strong>ut</strong></span> <span class='ocrx_word' id='word_1_668' title='bbox 3242 3372 3349 3427; x_wconf 79' lang='lat' dir='ltr'><strong>dif-</strong></span> 
     </span>
    </p>
   </div>
   <div class='ocr_carea' id='block_1_94' title="bbox 1787 3462 3346 3533">
    <p class='ocr_par' dir='ltr' id='par_1_94' title="bbox 1787 3462 3346 3533">
     <span class='ocr_line' id='line_1_95' title="bbox 1787 3462 3346 3533; baseline -0.001 -15"><span class='ocrx_word' id='word_1_669' title='bbox 1787 3464 2016 3519; x_wconf 81' lang='lat' dir='ltr'><strong>ferentia</strong></span> <span class='ocrx_word' id='word_1_670' title='bbox 2072 3466 2245 3533; x_wconf 87' lang='lat' dir='ltr'><strong>possit</strong></span> <span class='ocrx_word' id='word_1_671' title='bbox 2293 3463 2533 3533; x_wconf 79' lang='lat' dir='ltr'><strong>agnosci.</strong></span> <span class='ocrx_word' id='word_1_672' title='bbox 2584 3462 2735 3517; x_wconf 85' lang='lat' dir='ltr'><strong>Hanc</strong></span> <span class='ocrx_word' id='word_1_673' title='bbox 2784 3479 2911 3519; x_wconf 77' lang='lat' dir='ltr'><strong>vero</strong></span> <span class='ocrx_word' id='word_1_674' title='bbox 2965 3464 3346 3517; x_wconf 79' lang='lat' dir='ltr'><strong>tractationem</strong></span> 
     </span>
    </p>
   </div>
   <div class='ocr_carea' id='block_1_95' title="bbox 1788 3555 3348 3625">
    <p class='ocr_par' dir='ltr' id='par_1_95' title="bbox 1788 3555 3348 3625">
     <span class='ocr_line' id='line_1_96' title="bbox 1788 3555 3348 3625; baseline -0.003 -14"><span class='ocrx_word' id='word_1_675' title='bbox 1788 3573 1912 3612; x_wconf 91' lang='lat' dir='ltr'><strong>cum</strong></span> <span class='ocrx_word' id='word_1_676' title='bbox 1950 3558 2205 3613; x_wconf 90' lang='lat' dir='ltr'><strong>omnibus</strong></span> <span class='ocrx_word' id='word_1_677' title='bbox 2259 3557 2325 3611; x_wconf 90' lang='lat' dir='ltr'><strong>iis</strong></span> <span class='ocrx_word' id='word_1_678' title='bbox 2360 3571 2479 3625; x_wconf 66' lang='lat' dir='ltr'><strong>qua:</strong></span> <span class='ocrx_word' id='word_1_679' title='bbox 2528 3556 2599 3610; x_wconf 91' lang='lat' dir='ltr'><strong>ab</strong></span> <span class='ocrx_word' id='word_1_680' title='bbox 2632 3556 2871 3625; x_wconf 88' lang='lat' dir='ltr'><strong>antiquis</strong></span> <span class='ocrx_word' id='word_1_681' title='bbox 2899 3555 3179 3610; x_wconf 88' lang='lat' dir='ltr'><strong>elaborata</strong></span> <span class='ocrx_word' id='word_1_682' title='bbox 3217 3561 3348 3611; x_wconf 90' lang='lat' dir='ltr'><strong>sunt</strong></span> 
     </span>
    </p>
   </div>
   <div class='ocr_carea' id='block_1_96' title="bbox 1790 3646 3348 3717">
    <p class='ocr_par' dir='ltr' id='par_1_96' title="bbox 1790 3646 3348 3717">
     <span class='ocr_line' id='line_1_97' title="bbox 1790 3646 3348 3717; baseline -0.003 -12"><span class='ocrx_word' id='word_1_683' title='bbox 1790 3652 2075 3714; x_wconf 85' lang='lat' dir='ltr'><strong>hactenus,</strong></span> <span class='ocrx_word' id='word_1_684' title='bbox 2106 3651 2172 3704; x_wconf 90' lang='lat' dir='ltr'><strong>ad</strong></span> <span class='ocrx_word' id='word_1_685' title='bbox 2223 3664 2382 3703; x_wconf 91' lang='lat' dir='ltr'><strong>usum</strong></span> <span class='ocrx_word' id='word_1_686' title='bbox 2421 3648 2721 3702; x_wconf 80' lang='lat' dir='ltr'><strong>faciliorem</strong></span> <span class='ocrx_word' id='word_1_687' title='bbox 2757 3663 2900 3711; x_wconf 84' lang='lat' dir='ltr'><strong>esse,</strong></span> <span class='ocrx_word' id='word_1_688' title='bbox 2935 3655 3050 3703; x_wconf 92' lang='lat' dir='ltr'><strong>tum</strong></span> <span class='ocrx_word' id='word_1_689' title='bbox 3085 3646 3153 3701; x_wconf 88' lang='lat' dir='ltr'><strong>ad</strong></span> <span class='ocrx_word' id='word_1_690' title='bbox 3183 3663 3348 3717; x_wconf 83' lang='lat' dir='ltr'><strong>quam</strong></span> 
     </span>
    </p>
   </div>
   <div class='ocr_carea' id='block_1_97' title="bbox 1788 3737 3351 3815">
    <p class='ocr_par' dir='ltr' id='par_1_97' title="bbox 1788 3737 3351 3815">
     <span class='ocr_line' id='line_1_98' title="bbox 1788 3737 3351 3815; baseline -0.002 -18"><span class='ocrx_word' id='word_1_691' title='bbox 1788 3744 2025 3815; x_wconf 86' lang='lat' dir='ltr'><strong>plurima</strong></span> <span class='ocrx_word' id='word_1_692' title='bbox 2069 3744 2119 3797; x_wconf 88' lang='lat' dir='ltr'><strong>in</strong></span> <span class='ocrx_word' id='word_1_693' title='bbox 2153 3741 2448 3810; x_wconf 84' lang='lat' dir='ltr'><strong>astrologia</strong></span> <span class='ocrx_word' id='word_1_694' title='bbox 2489 3741 2824 3795; x_wconf 83' lang='lat' dir='ltr'><strong>theoremata</strong></span> <span class='ocrx_word' id='word_1_695' title='bbox 2864 3740 3155 3809; x_wconf 85' lang='lat' dir='ltr'><strong>pertinere,</strong></span> <span class='ocrx_word' id='word_1_696' title='bbox 3188 3737 3351 3795; x_wconf 80' lang='lat' dir='ltr'><strong>facile</strong></span> 
     </span>
    </p>
   </div>
   <div class='ocr_carea' id='block_1_98' title="bbox 1790 3834 2591 3904">
    <p class='ocr_par' dir='ltr' id='par_1_98' title="bbox 1790 3834 2591 3904">
     <span class='ocr_line' id='line_1_99' title="bbox 1790 3834 2591 3904; baseline -0.006 -11"><span class='ocrx_word' id='word_1_697' title='bbox 1790 3841 1885 3894; x_wconf 85' lang='lat' dir='ltr'><strong>abs</strong></span> <span class='ocrx_word' id='word_1_698' title='bbox 1912 3849 1965 3894; x_wconf 82' lang='lat' dir='ltr'><strong>te</strong></span> <span class='ocrx_word' id='word_1_699' title='bbox 1999 3836 2351 3891; x_wconf 75' lang='lat' dir='ltr'><strong>animadverti</strong></span> <span class='ocrx_word' id='word_1_700' title='bbox 2382 3834 2591 3904; x_wconf 87' lang='lat' dir='ltr'><strong>judico.</strong></span> 
     </span>
    </p>
   </div>
   <div class='ocr_carea' id='block_1_99' title="bbox 1858 4027 3350 4108">
    <p class='ocr_par' dir='ltr' id='par_1_99' title="bbox 1858 4027 3350 4108">
     <span class='ocr_line' id='line_1_100' title="bbox 1858 4027 3350 4108; baseline -0.009 -16"><span class='ocrx_word' id='word_1_701' title='bbox 1858 4039 2043 4108; x_wconf 86' lang='lat' dir='ltr'><strong>Itaque</strong></span> <span class='ocrx_word' id='word_1_702' title='bbox 2071 4037 2265 4090; x_wconf 86' lang='lat' dir='ltr'><strong>Bootes</strong></span> <span class='ocrx_word' id='word_1_703' title='bbox 2296 4035 2471 4087; x_wconf 90' lang='lat' dir='ltr'><strong>oritur</strong></span> <span class='ocrx_word' id='word_1_704' title='bbox 2501 4047 2623 4087; x_wconf 91' lang='lat' dir='ltr'><strong>cum</strong></span> <span class='ocrx_word' id='word_1_705' title='bbox 2653 4030 2861 4085; x_wconf 88' lang='lat' dir='ltr'><strong>zodiaci</strong></span> <span class='ocrx_word' id='word_1_706' title='bbox 2893 4035 3045 4100; x_wconf 86' lang='lat' dir='ltr'><strong>parte</strong></span> <span class='ocrx_word' id='word_1_707' title='bbox 3078 4027 3192 4087; x_wconf 87' lang='lat' dir='ltr'><strong>illa,</strong></span> <span class='ocrx_word' id='word_1_708' title='bbox 3227 4041 3350 4095; x_wconf 68' lang='lat' dir='ltr'><strong>qua!</strong></span> 
     </span>
    </p>
   </div>
   <div class='ocr_carea' id='block_1_100' title="bbox 1788 4115 3344 4198">
    <p class='ocr_par' dir='ltr' id='par_1_100' title="bbox 1788 4115 3344 4198">
     <span class='ocr_line' id='line_1_101' title="bbox 1788 4115 3344 4198; baseline -0.012 -12"><span class='ocrx_word' id='word_1_709' title='bbox 1788 4133 1855 4186; x_wconf 85' lang='lat' dir='ltr'><strong>ab</strong></span> <span class='ocrx_word' id='word_1_710' title='bbox 1879 4130 2034 4185; x_wconf 88' lang='lat' dir='ltr'><strong>initio</strong></span> <span class='ocrx_word' id='word_1_711' title='bbox 2065 4128 2306 4198; x_wconf 80' lang='lat' dir='ltr'><strong>Virginis</strong></span> <span class='ocrx_word' id='word_1_712' title='bbox 2332 4127 2543 4196; x_wconf 83' lang='lat' dir='ltr'><strong>incipit,</strong></span> <span class='ocrx_word' id='word_1_713' title='bbox 2576 4138 2749 4193; x_wconf 88' lang='lat' dir='ltr'><strong>usque</strong></span> <span class='ocrx_word' id='word_1_714' title='bbox 2773 4122 2839 4175; x_wconf 88' lang='lat' dir='ltr'><strong>ad</strong></span> <span class='ocrx_word' id='word_1_715' title='bbox 2867 4121 2987 4189; x_wconf 84' lang='lat' dir='ltr'><strong>ejus</strong></span> <span class='ocrx_word' id='word_1_716' title='bbox 3020 4127 3227 4188; x_wconf 86' lang='lat' dir='ltr'><strong>partem</strong></span> <span class='ocrx_word' id='word_1_717' title='bbox 3256 4115 3344 4170; x_wconf 78' lang='lat'><strong>27.</strong></span> 
     </span>
    </p>
   </div>
   <div class='ocr_carea' id='block_1_101' title="bbox 1786 4212 3346 4279">
    <p class='ocr_par' dir='ltr' id='par_1_101' title="bbox 1786 4212 3346 4279">
     <span class='ocr_line' id='line_1_102' title="bbox 1786 4212 3346 4279; baseline -0.012 -2"><span class='ocrx_word' id='word_1_718' title='bbox 1786 4223 2059 4278; x_wconf 79' lang='lat' dir='ltr'><strong>Culminat</strong></span> <span class='ocrx_word' id='word_1_719' title='bbox 2088 4230 2267 4273; x_wconf 88' lang='lat' dir='ltr'><strong>autem</strong></span> <span class='ocrx_word' id='word_1_720' title='bbox 2317 4217 2529 4271; x_wconf 88' lang='lat' dir='ltr'><strong>oriente</strong></span> <span class='ocrx_word' id='word_1_721' title='bbox 2577 4214 2671 4267; x_wconf 93' lang='lat' dir='ltr'><strong>illo</strong></span> <span class='ocrx_word' id='word_1_722' title='bbox 2719 4212 2929 4266; x_wconf 83' lang='lat' dir='ltr'><strong>zodiaci</strong></span> <span class='ocrx_word' id='word_1_723' title='bbox 2985 4215 3346 4279; x_wconf 84' lang='lat' dir='ltr'><strong>segmentum,</strong></span> 
     </span>
    </p>
   </div>
   <div class='ocr_carea' id='block_1_102' title="bbox 1785 4295 3346 4384">
    <p class='ocr_par' dir='ltr' id='par_1_102' title="bbox 1785 4295 3346 4384">
     <span class='ocr_line' id='line_1_103' title="bbox 1785 4295 3346 4384; baseline -0.012 -18"><span class='ocrx_word' id='word_1_724' title='bbox 1785 4314 1930 4384; x_wconf 68' lang='lat' dir='ltr'><strong>quod</strong></span> <span class='ocrx_word' id='word_1_725' title='bbox 1956 4318 2040 4366; x_wconf 92' lang='lat' dir='ltr'><strong>est</strong></span> <span class='ocrx_word' id='word_1_726' title='bbox 2088 4325 2119 4363; x_wconf 89' lang='lat' dir='ltr'><strong>a</strong></span> <span class='ocrx_word' id='word_1_727' title='bbox 2170 4307 2333 4361; x_wconf 85' lang='lat' dir='ltr'><strong>Tauri</strong></span> <span class='ocrx_word' id='word_1_728' title='bbox 2366 4304 2624 4360; x_wconf 72' lang='lat' dir='ltr'><strong>vicesima</strong></span> <span class='ocrx_word' id='word_1_729' title='bbox 2670 4302 2900 4372; x_wconf 85' lang='lat' dir='ltr'><strong>septima</strong></span> <span class='ocrx_word' id='word_1_730' title='bbox 2946 4306 3100 4371; x_wconf 88' lang='lat' dir='ltr'><strong>parte</strong></span> <span class='ocrx_word' id='word_1_731' title='bbox 3146 4295 3346 4359; x_wconf 85' lang='lat' dir='ltr'><strong>media,</strong></span> 
     </span>
    </p>
   </div>
   <div class='ocr_carea' id='block_1_103' title="bbox 1788 4387 3353 4475">
    <p class='ocr_par' dir='ltr' id='par_1_103' title="bbox 1788 4387 3353 4475">
     <span class='ocr_line' id='line_1_104' title="bbox 1788 4387 3353 4475; baseline -0.013 -16"><span class='ocrx_word' id='word_1_732' title='bbox 1788 4420 1960 4475; x_wconf 84' lang='lat' dir='ltr'><strong>usque</strong></span> <span class='ocrx_word' id='word_1_733' title='bbox 1996 4402 2063 4456; x_wconf 90' lang='lat' dir='ltr'><strong>ad</strong></span> <span class='ocrx_word' id='word_1_734' title='bbox 2097 4400 2447 4455; x_wconf 88' lang='lat' dir='ltr'><strong>Geminorum</strong></span> <span class='ocrx_word' id='word_1_735' title='bbox 2472 4396 2562 4449; x_wconf 69' lang='lat'><strong>27.</strong></span> <span class='ocrx_word' id='word_1_736' title='bbox 2592 4394 2773 4447; x_wconf 90' lang='lat' dir='ltr'><strong>Prima</strong></span> <span class='ocrx_word' id='word_1_737' title='bbox 2808 4392 2967 4447; x_wconf 86' lang='lat' dir='ltr'><strong>stella</strong></span> <span class='ocrx_word' id='word_1_738' title='bbox 3015 4390 3199 4445; x_wconf 69' lang='lat' dir='ltr'><strong>Bootae</strong></span> <span class='ocrx_word' id='word_1_739' title='bbox 3240 4387 3353 4442; x_wconf 43' lang='lat' dir='ltr'><strong>ori,</strong></span> 
     </span>
    </p>
   </div>
   <div class='ocr_carea' id='block_1_104' title="bbox 1791 4479 3354 4563">
    <p class='ocr_par' dir='ltr' id='par_1_104' title="bbox 1791 4479 3354 4563">
     <span class='ocr_line' id='line_1_105' title="bbox 1791 4479 3354 4563; baseline -0.011 -14"><span class='ocrx_word' id='word_1_740' title='bbox 1791 4506 1878 4551; x_wconf 91' lang='lat' dir='ltr'><strong>tur</strong></span> <span class='ocrx_word' id='word_1_741' title='bbox 1916 4510 2000 4558; x_wconf 88' lang='lat' dir='ltr'><strong>ea,</strong></span> <span class='ocrx_word' id='word_1_742' title='bbox 2032 4508 2152 4563; x_wconf 73' lang='lat' dir='ltr'><strong>qua:</strong></span> <span class='ocrx_word' id='word_1_743' title='bbox 2175 4498 2258 4547; x_wconf 88' lang='lat' dir='ltr'><strong>est</strong></span> <span class='ocrx_word' id='word_1_744' title='bbox 2288 4490 2342 4543; x_wconf 91' lang='lat' dir='ltr'><strong>in</strong></span> <span class='ocrx_word' id='word_1_745' title='bbox 2363 4488 2572 4557; x_wconf 85' lang='lat' dir='ltr'><strong>capite;</strong></span> <span class='ocrx_word' id='word_1_746' title='bbox 2599 4484 2786 4539; x_wconf 85' lang='lat' dir='ltr'><strong>ultima</strong></span> <span class='ocrx_word' id='word_1_747' title='bbox 2809 4499 2929 4553; x_wconf 65' lang='lat' dir='ltr'><strong>quae</strong></span> <span class='ocrx_word' id='word_1_748' title='bbox 2956 4490 3041 4538; x_wconf 89' lang='lat' dir='ltr'><strong>est</strong></span> <span class='ocrx_word' id='word_1_749' title='bbox 3070 4481 3124 4536; x_wconf 92' lang='lat' dir='ltr'><strong>in</strong></span> <span class='ocrx_word' id='word_1_750' title='bbox 3159 4479 3354 4533; x_wconf 68' lang='lat' dir='ltr'><strong>dextro</strong></span> 
     </span>
    </p>
   </div>
   <div class='ocr_carea' id='block_1_105' title="bbox 1790 4570 3355 4659">
    <p class='ocr_par' dir='ltr' id='par_1_105' title="bbox 1790 4570 3355 4659">
     <span class='ocr_line' id='line_1_106' title="bbox 1790 4570 3355 4659; baseline -0.013 -16"><span class='ocrx_word' id='word_1_751' title='bbox 1790 4589 1944 4659; x_wconf 89' lang='lat' dir='ltr'><strong>pede.</strong></span> <span class='ocrx_word' id='word_1_752' title='bbox 1975 4586 2216 4639; x_wconf 88' lang='lat' dir='ltr'><strong>Aliorum</strong></span> <span class='ocrx_word' id='word_1_753' title='bbox 2253 4582 2515 4642; x_wconf 88' lang='lat' dir='ltr'><strong>siderum,</strong></span> <span class='ocrx_word' id='word_1_754' title='bbox 2546 4586 2726 4633; x_wconf 87' lang='lat' dir='ltr'><strong>ortum</strong></span> <span class='ocrx_word' id='word_1_755' title='bbox 2760 4576 2982 4630; x_wconf 89' lang='lat' dir='ltr'><strong>ineunte</strong></span> <span class='ocrx_word' id='word_1_756' title='bbox 3015 4571 3202 4635; x_wconf 82' lang='lat' dir='ltr'><strong>Boote,</strong></span> <span class='ocrx_word' id='word_1_757' title='bbox 3236 4570 3355 4624; x_wconf 86' lang='lat' dir='ltr'><strong>eul-</strong></span> 
     </span>
    </p>
   </div>
   <div class='ocr_carea' id='block_1_106' title="bbox 1788 4663 3351 4732">
    <p class='ocr_par' dir='ltr' id='par_1_106' title="bbox 1788 4663 3351 4732">
     <span class='ocr_line' id='line_1_107' title="bbox 1788 4663 3351 4732; baseline -0.013 -1"><span class='ocrx_word' id='word_1_758' title='bbox 1788 4673 1978 4732; x_wconf 60' lang='lat' dir='ltr'><strong>minat&#39;</strong></span> <span class='ocrx_word' id='word_1_759' title='bbox 2008 4673 2231 4729; x_wconf 89' lang='lat' dir='ltr'><strong>sinister</strong></span> <span class='ocrx_word' id='word_1_760' title='bbox 2287 4670 2550 4724; x_wconf 84' lang='lat' dir='ltr'><strong>humerus</strong></span> <span class='ocrx_word' id='word_1_761' title='bbox 2590 4666 2831 4729; x_wconf 86' lang='lat' dir='ltr'><strong>Orionis,</strong></span> <span class='ocrx_word' id='word_1_762' title='bbox 2863 4672 2918 4719; x_wconf 91' lang='lat' dir='ltr'><strong>et</strong></span> <span class='ocrx_word' id='word_1_763' title='bbox 2968 4663 3192 4718; x_wconf 88' lang='lat' dir='ltr'><strong>sinister</strong></span> <span class='ocrx_word' id='word_1_764' title='bbox 3232 4674 3351 4728; x_wconf 85' lang='lat' dir='ltr'><strong>pes,</strong></span> 
     </span>
    </p>
   </div>
   <div class='ocr_carea' id='block_1_107' title="bbox 1788 4750 3353 4839">
    <p class='ocr_par' dir='ltr' id='par_1_107' title="bbox 1788 4750 3353 4839">
     <span class='ocr_line' id='line_1_108' title="bbox 1788 4750 3353 4839; baseline -0.014 -15"><span class='ocrx_word' id='word_1_765' title='bbox 1788 4769 1883 4839; x_wconf 88' lang='lat' dir='ltr'><strong>qui</strong></span> <span class='ocrx_word' id='word_1_766' title='bbox 1915 4764 2277 4821; x_wconf 89' lang='lat' dir='ltr'><strong>semicubitali</strong></span> <span class='ocrx_word' id='word_1_767' title='bbox 2320 4760 2607 4817; x_wconf 80' lang='lat' dir='ltr'><strong>intervallo</strong></span> <span class='ocrx_word' id='word_1_768' title='bbox 2639 4757 3001 4812; x_wconf 90' lang='lat' dir='ltr'><strong>meridianum</strong></span> <span class='ocrx_word' id='word_1_769' title='bbox 3046 4750 3353 4813; x_wconf 68' lang='lat' dir='ltr'><strong>antededil;</strong></span> 
     </span>
    </p>
   </div>
   <div class='ocr_carea' id='block_1_108' title="bbox 1790 4844 3355 4920">
    <p class='ocr_par' dir='ltr' id='par_1_108' title="bbox 1790 4844 3355 4920">
     <span class='ocr_line' id='line_1_109' title="bbox 1790 4844 3355 4920; baseline -0.011 -3"><span class='ocrx_word' id='word_1_770' title='bbox 1790 4862 1896 4917; x_wconf 90' lang='lat' dir='ltr'><strong>sub</strong></span> <span class='ocrx_word' id='word_1_771' title='bbox 1942 4866 2098 4914; x_wconf 88' lang='lat' dir='ltr'><strong>ortus</strong></span> <span class='ocrx_word' id='word_1_772' title='bbox 2129 4857 2291 4912; x_wconf 80' lang='lat' dir='ltr'><strong>ﬁnem</strong></span> <span class='ocrx_word' id='word_1_773' title='bbox 2321 4851 2801 4914; x_wconf 84' lang='lat' dir='ltr'><strong>culminatlucida,</strong></span> <span class='ocrx_word' id='word_1_774' title='bbox 2824 4865 2945 4920; x_wconf 66' lang='lat' dir='ltr'><strong>quae</strong></span> <span class='ocrx_word' id='word_1_775' title='bbox 2963 4854 3048 4903; x_wconf 89' lang='lat' dir='ltr'><strong>est</strong></span> <span class='ocrx_word' id='word_1_776' title='bbox 3070 4846 3124 4900; x_wconf 94' lang='lat' dir='ltr'><strong>in</strong></span> <span class='ocrx_word' id='word_1_777' title='bbox 3149 4844 3355 4900; x_wconf 82' lang='lat' dir='ltr'><strong>femore</strong></span> 
     </span>
    </p>
   </div>
   <div class='ocr_carea' id='block_1_109' title="bbox 1787 4939 3354 5008">
    <p class='ocr_par' dir='ltr' id='par_1_109' title="bbox 1787 4939 3354 5008">
     <span class='ocr_line' id='line_1_110' title="bbox 1787 4939 3354 5008; baseline -0.012 0"><span class='ocrx_word' id='word_1_778' title='bbox 1787 4952 1970 5008; x_wconf 88' lang='lat' dir='ltr'><strong>Canis.</strong></span> <span class='ocrx_word' id='word_1_779' title='bbox 1999 4949 2169 5005; x_wconf 85' lang='lat' dir='ltr'><strong>Totus</strong></span> <span class='ocrx_word' id='word_1_780' title='bbox 2187 4948 2367 5003; x_wconf 91' lang='lat' dir='ltr'><strong>oritur</strong></span> <span class='ocrx_word' id='word_1_781' title='bbox 2398 4945 2602 5000; x_wconf 87' lang='lat' dir='ltr'><strong>Bootes</strong></span> <span class='ocrx_word' id='word_1_782' title='bbox 2625 4944 2777 4997; x_wconf 90' lang='lat' dir='ltr'><strong>horis</strong></span> <span class='ocrx_word' id='word_1_783' title='bbox 2808 4944 2921 4997; x_wconf 81' lang='lat' dir='ltr'><strong>fere.</strong></span> <span class='ocrx_word' id='word_1_784' title='bbox 2938 4939 3151 4995; x_wconf 90' lang='lat' dir='ltr'><strong>duabus</strong></span> <span class='ocrx_word' id='word_1_785' title='bbox 3169 4952 3354 5008; x_wconf 62' lang='lat' dir='ltr'><strong>requa-</strong></span> 
     </span>
    </p>
   </div>
   <div class='ocr_carea' id='block_1_110' title="bbox 1790 5047 1955 5101">
    <p class='ocr_par' dir='ltr' id='par_1_110' title="bbox 1790 5047 1955 5101">
     <span class='ocr_line' id='line_1_111' title="bbox 1790 5047 1955 5101; baseline -0.018 -1"><span class='ocrx_word' id='word_1_786' title='bbox 1790 5047 1955 5101; x_wconf 87' lang='lat' dir='ltr'><strong>libus.</strong></span> 
     </span>
    </p>
   </div>
   <div class='ocr_carea' id='block_1_111' title="bbox 1862 5223 3353 5303">
    <p class='ocr_par' dir='ltr' id='par_1_111' title="bbox 1862 5223 3353 5303">
     <span class='ocr_line' id='line_1_112' title="bbox 1862 5223 3353 5303; baseline -0.015 -5"><span class='ocrx_word' id='word_1_787' title='bbox 1862 5245 2074 5299; x_wconf 83' lang='lat' dir='ltr'><strong>Corona</strong></span> <span class='ocrx_word' id='word_1_788' title='bbox 2129 5240 2360 5303; x_wconf 88' lang='lat' dir='ltr'><strong>oriente,</strong></span> <span class='ocrx_word' id='word_1_789' title='bbox 2409 5235 2616 5290; x_wconf 87' lang='lat' dir='ltr'><strong>zodiaci</strong></span> <span class='ocrx_word' id='word_1_790' title='bbox 2672 5246 2832 5287; x_wconf 83' lang='lat' dir='ltr'><strong>arcus</strong></span> <span class='ocrx_word' id='word_1_791' title='bbox 2872 5229 3051 5285; x_wconf 88' lang='lat' dir='ltr'><strong>oritur</strong></span> <span class='ocrx_word' id='word_1_792' title='bbox 3100 5241 3131 5279; x_wconf 90' lang='lat' dir='ltr'><strong>a</strong></span> <span class='ocrx_word' id='word_1_793' title='bbox 3183 5223 3353 5293; x_wconf 83' lang='lat' dir='ltr'><strong>gradu</strong></span> 
     </span>
    </p>
   </div>
   <div class='ocr_carea' id='block_1_112' title="bbox 1790 5315 3354 5406">
    <p class='ocr_par' dir='ltr' id='par_1_112' title="bbox 1790 5315 3354 5406">
     <span class='ocr_line' id='line_1_113' title="bbox 1790 5315 3354 5406; baseline -0.014 -17"><span class='ocrx_word' id='word_1_794' title='bbox 1790 5333 2030 5406; x_wconf 79' lang='lat' dir='ltr'><strong>Virginis</strong></span> <span class='ocrx_word' id='word_1_795' title='bbox 2070 5331 2137 5386; x_wconf 73' lang='lat'><strong>‘27</strong></span> <span class='ocrx_word' id='word_1_796' title='bbox 2196 5344 2367 5400; x_wconf 90' lang='lat' dir='ltr'><strong>usque</strong></span> <span class='ocrx_word' id='word_1_797' title='bbox 2412 5326 2479 5381; x_wconf 90' lang='lat' dir='ltr'><strong>ad</strong></span> <span class='ocrx_word' id='word_1_798' title='bbox 2516 5324 2753 5381; x_wconf 87' lang='lat' dir='ltr'><strong>medium</strong></span> <span class='ocrx_word' id='word_1_799' title='bbox 2798 5322 2832 5376; x_wconf 89' lang='lat'><strong>5</strong></span> <span class='ocrx_word' id='word_1_800' title='bbox 2869 5320 3195 5406; x_wconf 67' lang='lat' dir='ltr'><strong>Chelarum;</strong></span> <span class='ocrx_word' id='word_1_801' title='bbox 3235 5315 3354 5406; x_wconf 34' lang='lat' dir='ltr'><strong>culi</strong></span> 
     </span>
    </p>
   </div>
   <div class='ocr_carea' id='block_1_113' title="bbox 1795 5402 3353 5480">
    <p class='ocr_par' dir='ltr' id='par_1_113' title="bbox 1795 5402 3353 5480">
     <span class='ocr_line' id='line_1_114' title="bbox 1795 5402 3353 5480; baseline -0.016 -1"><span class='ocrx_word' id='word_1_802' title='bbox 1795 5402 1966 5480; x_wconf 78' lang='lat' dir='ltr'><strong>minat</strong></span> <span class='ocrx_word' id='word_1_803' title='bbox 1996 5437 2028 5476; x_wconf 90' lang='lat' dir='ltr'><strong>a</strong></span> <span class='ocrx_word' id='word_1_804' title='bbox 2067 5420 2246 5475; x_wconf 92' lang='lat' dir='ltr'><strong>medio</strong></span> <span class='ocrx_word' id='word_1_805' title='bbox 2276 5418 2346 5472; x_wconf 75' lang='grc'><strong>27</strong></span> <span class='ocrx_word' id='word_1_806' title='bbox 2375 5417 2728 5473; x_wconf 86' lang='lat' dir='ltr'><strong>Geminorum</strong></span> <span class='ocrx_word' id='word_1_807' title='bbox 2750 5450 2764 5474; x_wconf 87' lang='lat'><strong>,</strong></span> <span class='ocrx_word' id='word_1_808' title='bbox 2812 5425 2987 5479; x_wconf 87' lang='lat' dir='ltr'><strong>usque</strong></span> <span class='ocrx_word' id='word_1_809' title='bbox 3036 5406 3101 5459; x_wconf 84' lang='lat' dir='ltr'><strong>ad</strong></span> <span class='ocrx_word' id='word_1_810' title='bbox 3155 5402 3353 5457; x_wconf 78' lang='lat' dir='ltr'><strong>Cancri</strong></span> 
     </span>
    </p>
   </div>
   <div class='ocr_carea' id='block_1_114' title="bbox 1791 5499 3361 5571">
    <p class='ocr_par' dir='ltr' id='par_1_114' title="bbox 1791 5499 3361 5571">
     <span class='ocr_line' id='line_1_115' title="bbox 1791 5499 3361 5571; baseline -0.015 0"><span class='ocrx_word' id='word_1_811' title='bbox 1791 5514 2031 5571; x_wconf 89' lang='lat' dir='ltr'><strong>medium</strong></span> <span class='ocrx_word' id='word_1_812' title='bbox 2086 5512 2139 5567; x_wconf 85' lang='lat'><strong>5.</strong></span> <span class='ocrx_word' id='word_1_813' title='bbox 2202 5509 2383 5563; x_wconf 83' lang='lat' dir='ltr'><strong>Prima</strong></span> <span class='ocrx_word' id='word_1_814' title='bbox 2431 5506 2658 5561; x_wconf 68' lang='lat' dir='ltr'><strong>Coronae</strong></span> <span class='ocrx_word' id='word_1_815' title='bbox 2702 5501 2860 5556; x_wconf 87' lang='lat' dir='ltr'><strong>stella</strong></span> <span class='ocrx_word' id='word_1_816' title='bbox 2908 5499 3084 5553; x_wconf 89' lang='lat' dir='ltr'><strong>oritur</strong></span> <span class='ocrx_word' id='word_1_817' title='bbox 3133 5509 3197 5550; x_wconf 82' lang='lat' dir='ltr'><strong>ea</strong></span> <span class='ocrx_word' id='word_1_818' title='bbox 3236 5509 3361 5563; x_wconf 69' lang='lat' dir='ltr'><strong>quae</strong></span> 
     </span>
    </p>
   </div>
   <div class='ocr_carea' id='block_1_115' title="bbox 1791 5586 3359 5676">
    <p class='ocr_par' dir='ltr' id='par_1_115' title="bbox 1791 5586 3359 5676">
     <span class='ocr_line' id='line_1_116' title="bbox 1791 5586 3359 5676; baseline -0.015 -13"><span class='ocrx_word' id='word_1_819' title='bbox 1791 5603 2291 5676; x_wconf 89' lang='lat' dir='ltr'><strong>splendidissimam</strong></span> <span class='ocrx_word' id='word_1_820' title='bbox 2330 5597 2627 5675; x_wconf 65' lang='lat' dir='ltr'><strong>praecedit,</strong></span> <span class='ocrx_word' id='word_1_821' title='bbox 2658 5593 2848 5650; x_wconf 88' lang='lat' dir='ltr'><strong>ultima</strong></span> <span class='ocrx_word' id='word_1_822' title='bbox 2893 5606 3046 5657; x_wconf 83' lang='lat' dir='ltr'><strong>vero,</strong></span> <span class='ocrx_word' id='word_1_823' title='bbox 3084 5586 3359 5645; x_wconf 87' lang='lat' dir='ltr'><strong>borealior</strong></span> 
     </span>
    </p>
   </div>
  </div>
