3816 6324
476 352 502 405 1
513 352 615 409 095

1456 340 1546 394 AD
1581 332 1851 393 EUSEBII
1885 330 2283 390 CHRONICON
2320 326 2691 385 APPENDIX.‘

3579 317 3699 374 1096

478 485 666 528 earum
706 483 825 540 quae
864 482 895 520 a
936 442 1375 536 splendidissima
1429 460 1699 515 orientem
1751 468 1946 511 versus
1990 459 2046 506 et

2173 450 2420 519 ῢτεφάνου
2445 449 2475 501 6
2506 443 2749 519 προηγοῦ
2758 456 2916 515 μενος
2941 438 3035 492 τοῦ
3062 434 3467 507 λαμπροτάτου,
3495 431 3702 502 ἔσχατος

391 610 396 619 ,
480 559 654 617 llrsas
686 527 983 613 recedqu
996 555 1112 610 Sub
1126 552 1513 609 ortusinitium
1541 550 1809 605 culminat
1839 562 1901 602 ea
1923 560 2045 615 qua:

2173 543 2200 596 ὲ
2220 544 2253 596 6
2276 540 2610 613 βορειότερος
2638 539 2747 591 τῶν
2767 537 2844 599 ὡς
2872 535 3008 606 πρὸς
3037 529 3299 593 ἀνατολὰς
3328 527 3426 580 καὶ
3452 528 3702 597 ’Δρκτους

387 650 392 657 ’
477 661 563 708 est
591 654 649 705 in
690 649 896 704 femore
923 647 1124 712 Canis;
1171 653 1445 716 postrema
1478 656 1633 702 vero,
1681 637 1882 701 lucida,
1924 651 2047 706 quae

380 747 387 752 “
466 741 651 815 'Hidri
677 748 833 809 caput
860 737 1115 808 praecedit
1148 753 1160 789 :
1196 751 1317 805 qua:
1343 734 1564 804 quidem
1582 731 1779 786 Cancri
1811 742 1864 784 et
1896 727 2048 784 Ursa

477 831 753 887 borealior
783 840 866 884 est
893 829 1124 882 duarum
1156 828 1463 889 stellarum,
1499 839 1621 894 qua:
1664 823 1719 877 in
1753 820 2047 876 anteriori-

368 924 405 963 θ’
465 922 584 977 *bus
614 918 846 991 pedibus
879 919 999 974 sitae
1024 925 1189 984 sunt;
1222 917 1472 988 proxime
1515 914 1711 970 deinde
1740 914 2047 975 stellarum,

479 1027 601 1083 quae
646 1014 795 1066 circa
852 1010 1107 1065 nebulam
1146 1008 1348 1064 Cancri
1407 1014 1558 1071 sunt,
1591 1007 1660 1061 ad
1709 1005 2048 1060 occidentem

463 1102 690 1173 positae.
751 1101 943 1157 Oritur
1006 1101 1225 1158 Corona
1295 1101 1549 1172 partibus
1610 1098 1826 1153 duabus
1887 1095 2052 1151 unius

482 1196 650 1251 horae.

552 1394 775 1450 Oriente
791 1390 1105 1464 lngeniculo
1120 1390 1298 1444 oritur
1320 1404 1443 1444 cum
1472 1403 1539 1445 eo
1562 1388 1771 1443 zodiaci
1803 1400 2050 1445 sezmen-

481 1496 597 1542 tum
628 1486 774 1557 quod
809 1498 894 1541 est
946 1500 978 1540 a
1025 1493 1179 1555 parte
1226 1482 1295 1537 12
1348 1480 1590 1553 Virginis
1643 1479 1710 1533 ad
1762 1477 2054 1533 mediam8

470 1579 720 1649 'Scorpii.
754 1577 1035 1633 Culminat
1077 1584 1258 1631 autem
1306 1588 1336 1628 a
1386 1574 1565 1628 media
1619 1572 1652 1627 8
1700 1569 2055 1626 Geminorum

485 1689 657 1744 usque
686 1670 755 1725 ad
784 1668 987 1725 Leonis
1020 1668 1249 1739 gradum
1282 1665 1350 1721 M
1380 1665 1569 1737 primae
1617 1663 1872 1719 oriuntur
1916 1669 2057 1716 aste-

483 1763 851 1834 rismi-hujus
894 1762 1095 1824 ambae,
1127 1773 1361 1830 quarum
1417 1757 1589 1812 altera
1636 1766 1720 1810 est
1759 1754 1815 1808 in
1866 1752 2057 1808 dextro

487 1855 645 1928 pede,
696 1856 868 1910 altera
902 1854 957 1907 in
1000 1853 1195 1908 dextro
1225 1865 1401 1922 genu,
1450 1848 1663 1912 ultima,
1692 1862 1813 1917 qua:
1860 1846 1916 1899 in
1960 1859 2057 1899 ex-

487 1961 661 2004 trema
677 1963 841 2002 manu
864 1947 1111 2004 sinistra.
1128 1943 1410 1999 Culminat
1425 1958 1488 1998 ex
1502 1941 1632 1998 aliis
1655 1941 1825 1995 stellis
1853 1938 2061 1994 oriente

490 2040 824 2113 lngeniculo,
857 2054 921 2096 ea
972 2039 1211 2109 primum
1261 2051 1384 2107 qua:
1419 2050 1487 2091 ex
1533 2043 1773 2105 quatuor
1799 2031 1864 2086 ad
1897 2032 2059 2101 pedes

480 2133 845 2189 Geminorum
886 2130 1010 2185 sitis
1042 2126 1286 2186 secunda
1318 2134 1405 2183 est
1434 2126 1503 2181 ab
1536 2125 1851 2189 occidente;
1878 2122 2063 2178 novis-

492 2226 633 2280 sima
663 2223 956 2281 australior
976 2221 1259 2277 ambarum
1283 2219 1336 2274 in
1368 2217 1572 2281 Leone,
1603 2233 1724 2288 qua:
1746 2217 1892 2271 circa
1917 2215 2062 2269 lum-

491 2319 686 2373 borum
720 2315 1057 2387 splendidam
1086 2313 1282 2384 posita:
1314 2319 1463 2366 sunt.
1494 2306 1680 2363 Oritur
1714 2307 2062 2378 lngeniculus

493 2412 672 2479 spatio
701 2408 959 2464 horarum
994 2407 1050 2473 4,
1080 2405 1163 2459 56'
1182 2404 1318 2460 fere.

563 2608 677 2665 XX.
710 2608 848 2665 Cum
880 2604 1200 2676 Ophiuchus
1257 2601 1456 2664 oritur,
1502 2598 1710 2654 zodiaci
1760 2611 1923 2651 arcus
1975 2596 2066 2653 ille

486 2704 659 2760 simul
685 2700 950 2762 ascendit,
981 2697 1075 2769 qui
1104 2704 1188 2752 est
1215 2712 1245 2749 a
1278 2694 1348 2750 29
1378 2695 1671 2750 Chelarum
1703 2692 1768 2745 ad
1800 2691 1871 2745 25
1904 2689 2067 2744 Scor-

490 2795 592 2866 pii.
617 2791 892 2848 Culminat
923 2804 953 2842 a
988 2788 1189 2845 Leonis
1217 2788 1250 2841 5
1271 2787 1443 2857 gradu
1481 2783 1550 2838 ad
1580 2782 1823 2854 Virginis
1852 2782 1920 2848 5;
1954 2781 2066 2852 pri-

497 2901 599 2941 mm
614 2887 867 2940 oriuntur
887 2881 1034 2936 illius
1055 2880 1245 2942 stellae,
1264 2893 1387 2948 qua:
1404 2879 1459 2931 in
1482 2877 1704 2931 sinistra
1727 2889 1889 2928 manu
1907 2880 2063 2928 sunt:

374 3010 377 3013 λ
492 2986 616 3031 suum
662 2991 783 3046 qua:
836 2974 893 3029 in
946 2973 1239 3043 Serpente;
1294 2978 1570 3040 postrema
1611 2969 1785 3022 oritur
1830 2966 2069 3022 secunda

500 3084 697 3125 versus
731 3080 991 3122 occasum
1050 3080 1118 3120 ex
1147 3070 1405 3134 quatuor,
1450 3075 1574 3131 quae
1615 3066 1745 3115 sunt
1795 3059 1851 3112 in
1896 3059 2070 3129 ipsius

2085 1802 2131 1858 Β

2146 634 2414 704 κειμένων
2465 629 2560 683 τοῦ
2607 630 3008 700 λαμπροτάτου.
3064 620 3401 692 Μεσουρανεῖ
3442 617 3503 671 δὲ
3547 618 3704 704 eam

2146 725 2205 776 ὲν
2241 702 2340 793 μὲν
2375 723 2442 791 τῇ
2470 720 2610 790 ἀρχῇ
2644 718 2743 787 τῆς
2772 713 3032 783 ἀνατολῆς
3069 710 3162 764 τοῦ
3193 707 3370 769 liuida;
3416 705 3447 757 6
3493 704 3585 757 ἐπὶ
3611 702 3704 754 τῶν

2150 814 2357 885 ἰσχίων,
2403 812 2630 879 ἔσχατος
2666 809 2725 863 δὲ
2754 809 2782 860 6
2814 803 3222 878 προηγούμενος
3247 800 3348 870 τῆς
3385 796 3483 850 τοῦ
3522 793 3704 865 Ὕδρου

2147 905 2407 976 κεφαλῆς,
2436 906 2465 957 6
2496 903 2758 973 ἐκφανὴς,
2798 901 2858 963 ὃς
2901 900 3017 951 ἔστι
3050 894 3143 949 τοῦ
3190 891 3473 963 Καρκίνου
3503 887 3598 942 καὶ
3626 886 3707 957 τῆς

2152 999 2389 1070 Ἄρκτου
2418 998 2448 1050 6
2483 993 2818 1066 βορειότερος
2842 989 2953 1043 τῶν
2987 991 3045 1042 ὲν
3070 987 3182 1048 τοῖς
3209 979 3569 1054 ἐμπροσθίοις
3598 976 3708 1029 ποσὶ

2141 1091 2243 1146 δύο
2271 1089 2514 1161 ἀστέρων
2542 1088 2619 1118 ⁸⁷·
2654 1083 2878 1155 ἔγγιστα
2919 1081 2977 1135 δὲ
3025 1079 3122 1135 καὶ
3163 1077 3271 1131 τῶν
3312 1074 3445 1146 περὶ
3474 1072 3540 1125 τδ
3569 1070 3708 1138 νεφέ-

2149 1183 2262 1236 λιον
2284 1181 2379 1236 τοῦ
2402 1179 2678 1250 Καρκίνου
2706 1175 2972 1245 κειμένων
2997 1174 3047 1226 οἱ
3072 1169 3207 1242 πρὸς
3230 1166 3407 1221 δύσιν.
3427 1161 3709 1217 Ἀνατέλλει

2144 1274 2208 1329 δὲ
2233 1274 2263 1325 6
2296 1272 2565 1342 Στέφανος
2598 1271 2656 1323 ὲν
2685 1267 2807 1320 δυσ)⁸
2838 1265 3028 1336 μέρεσι
3065 1267 3112 1315 α’
3143 1259 3310 1331 ὧρας.

2224 1386 2331 1440 Τοῦ
2380 1385 2437 1438 δὲ
2486 1384 2573 1438 Ἑν
2617 1383 2835 1451 γόνασιν
2881 1373 3281 1434 ἀνατέλλοντος,
3348 1364 3709 1422 συνανατέλλει

2154 1480 2254 1551 μὲν
2284 1480 2314 1532 6
2344 1476 2604 1542 ζωδιακὸς
2636 1473 2743 1529 ἀπὸ
2775 1470 3046 1543 Παρθένου
3080 1464 3188 1537 μοί.
3222 1464 3291 1535 ιβ’
3316 1462 3425 1524 ἕως
3464 1457 3710 1551 Σκορπιου

2158 1550 2268 1643 μοί.
2308 1576 2357 1640 η’
2406 1568 2607 1640 μέσης·
2652 1564 2976 1637 μεσουρανεῖ
3018 1559 3074 1613 δὲ
3113 1559 3221 1612 ἀπὸ
3254 1555 3506 1625 Διδύμων
3551 1557 3598 1621 η’
3633 1550 3713 1620 μέ-

2158 1683 2259 1738 σης
2305 1664 2409 1727 ’ἐως
2456 1661 2682 1725 Λέοντος
2735 1656 2794 1712 ιδ’
2831 1656 2940 1729 μοι.
2979 1653 3087 1708 Καὶ
3118 1651 3326 1738 πρῷτοι
3371 1644 3713 1738 μὲν

2157 1757 2248 1811 τοῦ
2299 1757 2387 1810 Ἐν
2436 1753 2692 1823 γούνασιν
2743 1746 3144 1807 ἀνατέλλουσιν,
3194 1733 3226 1796 6
3260 1758 3320 1794 τε
3358 1741 3418 1792 ὲν
3448 1737 3528 1809 τῷ
3574 1733 3713 1803 δεξιῷ

2160 1848 2281 1902 ποδὶ
2308 1847 2403 1901 καὶ
2428 1846 2457 1898 6
2489 1847 2545 1898 ὲν
2577 1842 2654 1913 τῷ
2673 1838 2829 1910 δεξιῷ
2862 1838 3068 1907 γόνατι,
3108 1834 3333 1903 ἔσχατος
3362 1829 3421 1882 δὲ
3451 1831 3481 1882 6
3511 1831 3568 1881 ἔν
3586 1826 3715 1897 ἄκρᾳ

2159 1945 2224 2014 τῇ
2253 1938 2518 2014 ἀριστερᾷ
2548 1936 2709 2007 χειρί.
2754 1930 3094 2001 Μεσουρανεῖ
3128 1925 3185 1979 δὲ
3222 1924 3332 1977 τῶν
3371 1919 3548 1976 ἄλλων
3578 1914 3716 2014 ἀστέ-

2163 2008 2305 2108 ρων,⁷
2348 2008 2727 2090 ἀνατέλλοντος
2779 2024 2873 2078 τοῦ
2915 2023 3004 2076 Ἐν
3056 2018 3315 2108 γούνασι,

2159 2098 2267 2178 τῶν
2299 2124 2356 2177 ὲν
2382 2124 2493 2184 τοῖς
2519 2118 2645 2172 mai
2673 2114 2781 2170 τῶν
2807 2111 3053 2183 Διδύμων
3087 2108 3150 2173 δν,
3175 2104 3475 2176 όδεύτερος
3511 2100 3615 2156 ἀπδ
3637 2098 3717 2154 δύο

2162 2233 2319 2278 σεως,
2354 2214 2579 2284 ἔσχατος
2631 2209 2687 2262 δὲ
2731 2205 2826 2260 τοῦ
2873 2205 3098 2265 Λέοντος
3127 2203 3156 2254 6
3199 2196 3521 2267 νοτιὼτερος
3549 2192 3651 2246 τῶν
3681 2191 3715 2261 β’

2160 2306 2269 2359 τῶν
2302 2283 2428 2376 περῖ
2445 2283 2544 2355 τὸν
2571 2299 2823 2370 λαμπρὸν
2849 2296 2940 2350 τὸν
2966 2295 3057 2347 ἐπὶ
3094 2291 3193 2361 τῆς
3220 2286 3429 2357 ὀσφύος
3466 2283 3715 2376 κείμενον.

2175 2374 2475 2450 Ἀνατέλλει
2503 2393 2560 2447 δὲ
2594 2394 2624 2446 6
2662 2391 2754 2443 Ἐν
2780 2389 3037 2461 ,γούνασιν
3092 2386 3151 2436 ἰν
3172 2380 3351 2452 ὥραις
3386 2379 3431 2433 δ’
3474 2377 3569 2430 καὶ
3589 2374 3718 2445 τρισὶ

2165 2487 2605 2561 πεμπτημορίοις
2634 2484 2710 2548 ὡς
2735 2483 2986 2551 ἔγγιστα.

2236 2604 2321 2659 Κ’.
2361 2602 2467 2657 Τοῦ
2521 2601 2577 2654 δὲ
2611 2596 2893 2668 Ὀφιούχου
2927 2591 3327 2653 ἀνατέλλοντος,
3366 2582 3717 2641 συνανατέλλει

2172 2698 2273 2770 μὲν
2312 2699 2339 2749 6
2366 2692 2629 2758 ζωδιακὸς
2657 2688 2764 2744 ἀπὸ
2797 2686 2989 2759 Χηλῶν
3034 2684 3077 2738 θ’
3101 2684 3194 2736 καὶ
3222 2688 3269 2734 κ’
3296 2678 3407 2750 μοί.
3437 2677 3542 2731 ἕως
3573 2675 3718 2770 Σκορ-

2176 2763 2301 2840 ίπίου
2340 2783 2449 2855 μοί.
2483 2789 2598 2852 κγ’·
2656 2777 2977 2851 μεσουρανεῖ
3018 2775 3075 2827 δὲ
3123 2771 3229 2826 ἀπὸ
3271 2770 3502 2830 Λέοντος
3546 2771 3593 2834 γ’
3628 2763 3718 2834 μοί.

2167 2882 2272 2945 ἕως
2307 2876 2579 2948 Παρθένου
2621 2873 2686 2926 λ’.
2737 2872 2847 2924 Καὶ
2880 2868 3086 2941 πρῶτοι
3124 2864 3222 2938 μὲν
3254 2862 3489 2932 ἀστέρες
3520 2855 3720 2948 amen

2168 2972 2314 3026 λουσι
2342 2945 2436 3022 τοῦ
2478 2965 2762 3036 Ὀφιούχου
2794 2964 2844 3015 οἱ
2890 2963 2946 3016 ὲν
2977 2962 3043 3031 τῇ
3088 2955 3357 3031 ἀριστερᾷ
3400 2950 3575 3023 χειρί·
3608 2945 3721 3001 ἀλλὰ

2174 3065 2280 3135 μὴν
2310 3061 2402 3115 καὶ
2429 3060 2479 3112 οἱ
2515 3059 2573 3110 ὲν
2607 3055 2682 3127 τῷ
2713 3057 2871 3125 Ὀφει
2905 3052 3177 3122 κείμενοι·
3209 3049 3440 3117 ἔσχατος
3476 3045 3532 3096 δὲ
3555 3041 3659 3095 τῶν
3678 3042 3721 3092 ἐν

489 3162 693 3217 dextro
725 3160 891 3230 pede;
917 3157 1183 3213 culminat
1206 3155 1357 3226 prior
1384 3152 1566 3208 lucida
1588 3168 1775 3208 earum
1802 3167 1922 3222 qua:
1942 3160 2065 3207 sunt

2173 3156 2247 3228 τῷ
2270 3152 2427 3224 δεξιῷ
2463 3150 2583 3203 1:061
2624 3147 2788 3204 αὐτοῦ
2816 3148 2858 3201 δ’
2896 3148 2924 3198 6
2956 3145 3000 3215 β’
3029 3144 3136 3198 ἀπὸ
3177 3141 3405 3202 δύσεως.
3463 3139 3724 3204 Μεσουρα-

494 3254 556 3308 in
589 3253 750 3317 collo,
793 3257 848 3306 et
876 3258 1098 3320 pectore
1117 3246 1338 3311 Leonis,
1369 3260 1491 3316 quae
1521 3250 1608 3299 est
1637 3242 1706 3298 ad
1737 3242 2071 3312 septentrio-

502 3358 624 3398 nem
656 3339 917 3406 secunda,
975 3338 1273 3394 novissima
1325 3350 1477 3399 vero,
1527 3351 1650 3405 quae
1680 3336 1734 3389 in
1767 3336 1944 3405 capite
1985 3343 2071 3391 est

492 3436 683 3491 Corvi.
711 3433 897 3490 Oritur
928 3429 1260 3502 Ophiuchus
1298 3428 1451 3482 horis
1480 3426 1714 3482 duabus.

574 3632 710 3687 Cum
746 3638 1022 3700 serpente,
1049 3645 1210 3700 quem
1230 3627 1564 3698 Ophiuchus
1586 3635 1755 3691 tenet,
1784 3628 1962 3682 oritur
1984 3644 2072 3682 ar-

498 3741 605 3780 cus
635 3724 845 3778 zodiaci
867 3723 936 3777 ab
962 3723 996 3776 8
1024 3729 1177 3792 parte
1203 3722 1496 3776 Chelarum
1519 3737 1691 3791 usque
1719 3723 1784 3774 ad
1809 3731 2014 3792 partem
2042 3725 2068 3777 1

504 3815 746 3870 mediam
796 3813 1096 3885 Sagittarii.
1127 3812 1407 3868 Culminat
1453 3815 1523 3868 ab
1562 3814 1597 3868 8
1645 3813 1822 3869 media
1877 3815 2075 3870 Cancri

502 3907 580 3959 ad
621 3906 861 3975 Virginis
905 3906 995 3959 ιι.
1029 3904 1213 3958 Prima
1243 3906 1525 3975 consurgit
1567 3906 1720 3960 stella
1764 3906 2075 3975 praeceden-

504 3999 648 4052 tium
674 3997 965 4061 borealior,
997 4011 1118 4067 quae
1151 3998 1205 4050 in
1238 3996 1412 4067 ipsius
1442 3997 1620 4067 capite
1654 4007 1814 4063 sunt;
1861 3999 2072 4064 ultima,

504 4106 633 4162 qua:
658 4098 742 4145 est
793 4091 849 4144 in
897 4098 1137 4144 extrema
1188 4088 1383 4143 cauda.
1417 4088 1694 4144 Culminat
1732 4091 1884 4160 prior
1921 4092 2078 4146 stella

510 4184 717 4246 lucida,
750 4196 875 4252 qua
915 4191 999 4237 est
1028 4182 1083 4236 in
1109 4181 1452 4236 extremitate
1479 4181 1679 4253 Argus,
1715 4182 2077 4237 semicubitali

508 4276 692 4346 Spatia
722 4274 950 4329 circiter
976 4273 1190 4329 distans
1218 4288 1250 4327 ι
1282 4273 1606 4339 meridiano,
1628 4283 1938 4344 postremus
1962 4274 2081 4328 cul-

513 4367 686 4422 minat
718 4364 1112 4429 Vindemiator,
1151 4371 1207 4420 et
1238 4364 1511 4420 borealior
1536 4363 1797 4420 humerus
1814 4362 2077 4436 Virginis,

514 4467 746 4528 utraque
790 4459 947 4513 stella
998 4456 1307 4513 semicubiti
1350 4453 1464 4511 fere
1516 4456 1804 4510 intervallo
1844 4455 2014 4511 distat
2047 4471 2076 4510 a
2106 4495 2154 4551 ι)

508 4550 838 4604 meridiano.
869 4549 1057 4604 Oritur
1096 4562 1324 4618 serpens
1345 4547 1497 4602 horis
1514 4548 1549 4601 ι
1576 4547 1696 4619 1/2.

580 4856 803 4911 Oriente
833 4853 999 4925 Lyra,
1044 4867 1169 4908 cum
1225 4866 1288 4905 ea
1327 4848 1535 4903 zodiaci
1586 4864 1747 4905 arcus
1779 4848 2026 4904 ascendit
2053 4865 2084 4901 ιι

2172 3227 2255 3306 νεῖ
2284 3249 2341 3302 δὲ
2365 3247 2541 3318 ἀστὴρ
2575 3249 2621 3297 α’
2654 3242 2752 3312 μὲν
2795 3241 2823 3292 6
2856 3237 2964 3291 τῶν
2998 3239 3055 3291 ὲν
3090 3235 3169 3307 τῷ
3195 3231 3452 3305 τραχήλῳ
3492 3229 3583 3283 xui
3612 3227 3721 3295 στήο

2173 3341 2256 3396 θει
2281 3341 2374 3395 τοῦ
2401 3339 2625 3400 Λέοντος
2668 3331 2918 3403 λαμπρὸς
2950 3330 2978 3382 6
3006 3328 3050 3399 β’
3095 3327 3188 3381 ἀπ’
3222 3327 3484 3407 Ἄρκτου,
3520 3322 3722 3391 ἔσχατος

2172 3432 2228 3486 δὲ
2276 3432 2304 3484 6
2359 3432 2416 3483 ὲν
2458 3430 2522 3499 τῇ
2554 3424 2762 3495 κεφαλῇ
2811 3421 2906 3475 τοῦ
2947 3420 3217 3491 Κόρακος.
3258 3413 3565 3469 ’Δνατέλλει
3611 3411 3661 3464 δὲ
3699 3411 3723 3460 6

2185 3522 2464 3594 Ὀφιοῦχος
2486 3522 2543 3572 ἐν
2576 3517 2745 3590 ὥραις
2768 3514 2793 3570 δ
2816 3513 2908 3567 ισί.
3576 3568 3579 3569 ν

2243 3634 2351 3689 Τοῦ
2380 3634 2437 3687 δὲ
2473 3635 2707 3701 Ὄφεως,
2740 3628 2798 3682 ὃν
2827 3626 2940 3697 ἔχει
2958 3628 2987 3680 6
3014 3622 3314 3694 Ὀφιοῦχος,
3343 3618 3721 3677 ἀνατέλλοντος,

2175 3724 2554 3782 συνανατέλλει
2602 3722 2700 3794 μὲν
2732 3719 2881 3790 αύτῷ
2911 3723 2939 3773 6
2965 3717 3227 3782 ζωδιακὸς
3256 3714 3371 3768 ἀπὸ
3409 3711 3601 3783 Χηλῶν
3627 3706 3719 3780 μοί.

2175 3826 2223 3892 η’
2246 3820 2351 3881 ἔως
2383 3814 2613 3880 Τοξότου
2646 3815 2755 3885 μοι.
2791 3820 2838 3866 α’
2875 3811 3047 3882 μέσης
3073 3824 3085 3835 ⁴
3121 3808 3453 3879 μεσουρανεῖ
3487 3806 3543 3858 δὲ
3577 3804 3604 3856 6
3629 3800 3722 3892 εἰτὸ

2177 3887 2452 3981 Καρκίνου
2494 3910 2542 3976 η’
2595 3905 2764 3974 μέσης
2812 3901 2917 3964 ἕως
2960 3896 3239 3969 Παρθένου
3293 3893 3372 3946 ιδ’.
3418 3892 3527 3945 Καὶ
3567 3896 3609 3943 α’
3640 3887 3722 3957 μὲν

2178 3999 2351 4070 ἀστὴρ
2381 3995 2660 4051 ἀνατέλλει
2687 3993 2793 4047 τῶν
2820 3996 2877 4046 ἐν
2902 3995 2968 4062 τῇ
2999 3988 3206 4058 κεφαλῇ
3233 3986 3401 4040 αὐτοῦ
3430 3988 3458 4039 6
3487 3984 3578 4054 βορ
3608 3980 3723 4033 ιότε⁸

2179 4107 2273 4161 ρος
2304 4088 2411 4141 τῶν
2445 4085 2783 4157 ἡγουμένων.
2817 4083 3040 4153 ἔσχατος
3067 4080 3124 4132 δὲ
3164 4082 3192 4132 6
3224 4079 3284 4130 ὲν
3325 4078 3474 4148 ἄκρᾳ
3505 4078 3566 4145 τῇ
3587 4071 3719 4141 οὐρᾷ.

2180 4182 2519 4252 Μεσουρανεῖ
2560 4178 2614 4231 δὲ
2659 4177 2834 4248 ἀστὴρ
2866 4182 2913 4228 α’
2956 4175 3054 4245 μὲν
3087 4175 3144 4224 ἔν
3178 4170 3256 4240 τῷ
3285 4169 3613 4241 ἀκροστολᾱρ
3639 4163 3722 4231 τῆς

2193 4272 2420 4343 Ἀργοῦς
2476 4269 2755 4340 λαμπρὸς,
2815 4267 2890 4330 ὡς
2955 4264 3255 4336 ἡμιπήχιον
3319 4258 3722 4327 ἀπολειπόμενος

2181 4363 2277 4416 τοῦ
2319 4359 2711 4433 μεσημϐρινοῦ,
2731 4358 2952 4428 ἔσχατος
2983 4355 3039 4413 δὲ
3068 4356 3096 4408 ὃ
3127 4371 3185 4407 τε
3213 4351 3615 4424 Προτρυγητὴρ,
3643 4346 3723 4399 καὶ

2181 4457 2210 4508 6
2247 4452 2578 4525 βορειότερος
2602 4444 2748 4520 ὦμος
2774 4447 2873 4517 τῆς
2898 4444 3194 4519 Παρθένου,
3221 4442 3300 4505 ὼς
3339 4443 3597 4513 πηχυαῖον
3624 4434 3725 4488 διά-

2184 4565 2363 4618 στημα
2410 4544 2503 4598 τοῦ
2555 4538 2924 4615 μεσημϐρινοῦ
2982 4534 3443 4604 ὑπολελειμμένος
3496 4530 3725 4595 ἑκάτερος

2176 4638 2381 4693 αὐτῶν.
2433 4635 2736 4689 Ἀνατέλλει
2770 4634 2826 4685 δὲ
2876 4633 2905 4683 6
2945 4631 3103 4696 Ὄφις
3160 4627 3218 4678 ἐν
3261 4625 3437 4696 ὥραις
3468 4624 3506 4676 ἃ
3555 4621 3637 4675 καὶ
3670 4620 3727 4687 ἡ·

2184 4728 2416 4801 μιωρίῳ.

2255 4841 2365 4911 ἰ’ἧς
2411 4840 2468 4892 δὲ
2519 4838 2702 4909 Δύρας
2747 4835 3176 4904 ἀνατελλούσης,
3229 4829 3594 4888 συνανατέλλει
3636 4823 3726 4895 μὲν

516 4948 692 5018 gradu
724 4916 1073 4999 nono-medio
1107 4941 1319 5010 Scorpii
1370 4954 1545 5009 usque
1574 4941 1640 4993 ad
1687 4939 1786 5006 18;
1822 4940 2059 4994 culmina

2184 4934 2321 5003 αὑτῇ
2364 4932 2393 4983 6
2425 4930 2686 4996 ζωδιακὸς
2728 4928 2840 4983 ἀπὸ
2881 4927 3144 4999 Σκορπίου
3192 4926 3301 4997 μοί.
3351 4926 3394 4977 θ’
3440 4922 3596 4993 μέσης
3632 4916 3727 4975 ἓως

519 5011 550 5092 ί
609 5036 788 5091 medio
839 5035 905 5090 1⁸5
962 5032 1161 5088 Leonis
1212 5047 1387 5101 usque
1431 5030 1499 5084 ad
1546 5030 1636 5085 26.
1674 5030 1853 5084 Prima
1912 5035 2065 5085 oritm

2187 5024 2454 5095 Σκορπίου
2491 5021 2593 5093 ιη”
2644 5023 2962 5092 μεσουρανεί
3002 5020 3061 5074 δὲ
3087 5018 3200 5072 ἀπὸ
3248 5017 3475 5077 Λέοντος
3525 5011 3623 5085 μοί-
3670 5012 3727 5072 τῖ’

518 5128 676 5197 Lyra:
698 5125 875 5187 stella,
905 5138 1027 5194 quae
1074 5137 1105 5176 a
1148 5099 1518 5191 septentrione
1563 5120 1777 5191 adjacet
1810 5121 2059 5176 lucidissi

2192 5116 2363 5185 μέσης
2389 5114 2494 5176 ἓως
2520 5114 2748 5174 Λέοντος
2796 5112 2904 5183 μοί.
2937 5117 2987 5176 ς’
3027 5109 3121 5162 καὶ
3150 5115 3219 5162 κ’.
3254 5108 3364 5160 Καὶ
3403 5104 3601 5176 πρῶτος
3642 5099 3728 5168 μὲν

526 5236 654 5285 mre;
690 5219 879 5273 ultima
908 5231 1058 5277 vero.
1091 5215 1158 5271 de
1195 5216 1410 5270 duabus
1453 5214 1672 5279 lucidis,
1709 5229 1831 5283 quae
1858 5214 1922 5267 in
1964 5214 2065 5282 ejus

2188 5204 2363 5275 ἀστὴρ
2400 5203 2677 5257 ἀνατέλλει
2708 5203 2810 5273 τῆς
2839 5200 3021 5271 Δύρας
3048 5200 3077 5250 6
3112 5199 3207 5251 ἀπ’
3239 5198 3458 5269 ἄρκτων
3496 5187 3732 5260 παρακεί-

520 5313 652 5381 jugo
684 5319 839 5372 sunt,
873 5324 995 5379 qua:
1022 5316 1106 5363 est
1158 5306 1226 5361 ad
1278 5306 1564 5362 orientem.
1613 5304 1773 5360 Prior
1822 5306 2062 5359 culmina

2194 5314 2350 5368 μενος
2383 5296 2459 5366 τῷ
2487 5295 2873 5367 λαμπροτάτῳ,
2904 5293 3126 5360 ἔσχατος
3159 5290 3216 5343 δὲ
3251 5293 3279 5343 6
3313 5289 3449 5358 πρὸς
3491 5277 3730 5339 ἀνατολὰς

524 5379 785 5455 australis
821 5396 1227 5469 Splendidarum
1275 5396 1505 5451 duarum
1564 5395 1619 5449 in
1650 5395 1837 5449 lumbo
1862 5393 2064 5450 Leonis

2189 5390 2296 5443 τῶν
2339 5391 2395 5441 ἐν
2436 5387 2512 5458 τῷ
2546 5387 2834 5457 ζυγὼματι
2870 5385 3039 5453 αὐτῆς
3073 5382 3117 5452 β’
3145 5380 3435 5452 λαμπρῶν.
3479 5379 3733 5441 Μεσουρσ-

523 5493 739 5552 ultima,
762 5506 883 5561 qua:
904 5491 959 5544 in
983 5490 1155 5546 cauda
1188 5488 1388 5544 Leonis
1410 5495 1495 5542 est.
1546 5487 1728 5541 lucida
1755 5506 1770 5543 ι
1797 5496 1851 5541 et
1884 5502 2005 5557 qua
2031 5487 2065 5539 il

2192 5485 2272 5535 νεῖ
2304 5482 2361 5535 δὲ
2392 5480 2569 5551 ἀστὴρ
2614 5485 2659 5531 α’
2706 5479 2805 5547 μὲν
2840 5476 2932 5530 τοῦ
2962 5475 3187 5536 Λέοντος
3217 5474 3248 5525 6
3296 5470 3594 5539 νοτιιῖνιερος
3636 5461 3733 5514 τῶν

521 5592 769 5638 extrema
818 5582 1041 5637 sinistra
1080 5580 1320 5653 Virginis
1350 5581 1436 5634 ala
1485 5580 1861 5635 semicubitale
1905 5555 2062 5635 inter

2195 5576 2237 5647 β’
2287 5574 2393 5627 τῶν
2442 5575 2534 5626 ἐπὶ
2581 5573 2679 5642 τῆς
2725 5570 2924 5639 ὀσφύος
2966 5565 3256 5638 λαμπρῶν,
3288 5565 3508 5636 ἔσχατος
3532 5560 3583 5613 δὲ
3611 5557 3640 5607 6
3685 5555 3735 5603 ὲν

594 5764 733 5833 "rp.
762 5761 1110 5835 ἐμπροσθίοις
1142 5760 1291 5813 δυσὶν
1331 5757 1590 5827 ἄστροισιν
