3816 6302
95 327 210 379 illi”

1039 320 1400 377 HIPPARCHI
1440 319 1530 374 AD
1562 319 2002 376 ΡΙΙᾸΕΝΟΜΕΝΑ
2039 321 2254 378 1.18.11.

3164 329 3303 388 i098

91 441 218 507 ἄκρα
250 435 317 506 τῇ
365 435 507 506 οὐρᾷ
544 434 636 489 τοῦ
668 436 890 502 Λέοντος
934 437 1202 512 λαμπρὸς,
1237 441 1332 494 καὶ
1358 443 1386 495 6
1415 443 1473 496 ὲν
1503 441 1641 516 ἀκρᾷ

1755 443 1953 497 stitium
2016 443 2222 498 habens
2270 458 2300 496 a
2351 443 2670 499 meridiano.
2711 443 2901 500 Oritur
2942 444 3084 520 Lyra
3124 459 3306 520 spatio

89 531 143 597 τῇ
171 527 441 598 ἀριστερᾷ
471 525 702 598 πτέρυγι
746 529 843 601 τῆς
888 530 1186 602 Παρθένου,
1229 532 1304 596 ὡς
1348 534 1648 605 ημιπήχιον

90 617 506 687 ὑπολειπόμενος
553 617 648 671 τοῦ
706 619 1096 692 μεσημϐρινοῦ.
1165 623 1467 677 Ἀνατέλλει
1511 625 1568 678 δὲ
1613 627 1648 698 ἡ

87 707 225 779 Λύρα
255 709 313 760 ἀν
341 706 385 758 δ’
419 711 858 782 πεμπτημορίοις
887 718 935 764 α’
963 710 1133 785 ὥρας.

147 795 248 849 Τοῦ
300 797 361 849 δὲ
413 797 663 869 Ὄρνιθος
703 800 1100 868 ἀνατέλλοντος,
1135 803 1510 859 συνανατέλλει
1549 806 1646 876 μὲν

87 884 405 950 ὁζωδιακὸς
444 887 552 940 ἀπὸ
599 889 792 960 Χηλῶν
841 890 886 956 ζ’
933 893 1026 945 καὶ
1075 899 1121 946 κ’
1153 894 1262 965 μοί.
1322 895 1492 967 μέσης
1544 897 1647 960 ἕως

87 979 168 1032 τοῦ
202 979 438 1044 Τοξότου
473 981 517 1050 β’
540 983 633 1036 καὶ
664 983 734 1035 κ’·
767 988 1090 1056 μεσουρανεῖ
1114 986 1171 1041 δὲ
1207 986 1316 1041 ἀπὸ
1344 989 1440 1058 τῆς
1470 989 1644 1060 ἀρχῆς

88 1068 166 1122 τοῦ
197 1071 432 1134 Λέοντος
459 1071 564 1136 ἕως
600 1073 792 1144 Χηλῶν
843 1081 872 1126 ι’
925 1075 1034 1144 μοί.
1090 1075 1278 1148 μέσης.
1313 1079 1422 1130 Καὶ
1463 1083 1511 1131 α’
1547 1079 1644 1148 μὲν

85 1162 247 1233 ἀστὴρ
277 1162 563 1217 ἀνατέλλει
605 1166 633 1217 6
661 1164 996 1234 βορειότατος
1020 1167 1128 1220 τῶν
1157 1169 1215 1220 ὲν
1245 1171 1311 1239 τῇ
1338 1167 1486 1239 δεξιᾷ
1515 1169 1643 1221 πτέ-

86 1268 196 1321 ρυγι
225 1253 293 1308 ⁸⁸.
330 1253 674 1324 Μεσουρανεῖ
703 1254 760 1307 δὲ
789 1256 963 1328 ἀστὴρ
1001 1264 1050 1311 α’
1085 1258 1182 1329 μὲν
1207 1259 1236 1310 6
1266 1260 1322 1312 ἐν
1348 1261 1413 1330 τῇ
1447 1259 1642 1332 καρδίᾳ

83 1345 164 1397 τοῦ
193 1346 426 1410 Λέοντος
456 1345 726 1418 λαμπρὸς,
771 1346 993 1418 ἔσχατος
1017 1348 1073 1401 δὲ
1135 1348 1227 1402 τοῦ
1271 1350 1582 1421 Κενταύρου
1613 1352 1642 1403 6

83 1435 386 1507 νοτιώτερος
416 1435 524 1490 τῶν
554 1437 658 1489 ὑπὸ
684 1438 775 1491 τὸν
807 1436 978 1503 δεξιὸν
1005 1433 1174 1510 ὦμον,
1199 1441 1292 1494 καὶ
1318 1441 1346 1492 6
1396 1441 1643 1512 Ἀρκτοῦ-

1749 537 1894 592 horae
1922 538 1978 603 0,
2006 538 2109 593 48'.

1818 802 1951 857 Cum
1985 801 2169 874 Cygno
2199 801 2454 858 zodiacus
2479 803 2656 860 oritur
2682 821 2712 860 a
2738 814 2890 876 parte
2914 806 3204 865 Chelarum
3231 810 3305 864 27

1749 897 1945 959 media,
1992 909 2167 964 usque
2195 893 2263 948 ad
2307 893 2584 964 Sagittarii
2615 896 2724 965 22;
2756 899 3018 953 culminat
3055 900 3122 955 al)
3147 901 3304 957 initio

1749 988 1965 1050 Leonis,
1993 986 2060 1040 ad
2084 985 2314 1041 mediam
2348 987 2414 1042 10
2439 988 2748 1046 Chelarum.
2783 990 2969 1046 Oritur
2993 993 3304 1062 prima,bo-

1746 1081 1944 1135 realior
1979 1079 2138 1148 129
2172 1094 2379 1141 earum,
2403 1096 2524 1150 qua:
2569 1089 2696 1137 sunt
2727 1082 2780 1136 in
2810 1083 2895 1136 ala
2923 1083 3134 1140 dextra.
3170 1083 3302 1141 Cul-

1746 1169 1918 1223 minat
1959 1171 2109 1239 prior
2141 1167 2288 1222 clara
2348 1169 2400 1222 in
2430 1169 2594 1225 corde
2625 1171 2851 1237 Leonis;
2880 1181 3152 1243 postrema
3174 1189 3304 1231 vero

1746 1261 2036 1315 australior
2078 1276 2266 1316 earum
2293 1300 2308 1325 ,
2361 1277 2479 1331 qua:
2525 1263 2629 1318 sub
2678 1264 2872 1318 dextro
2919 1276 3049 1319 sunt
3075 1267 3302 1321 humero

1746 1351 2036 1417 Centauri;
2085 1368 2184 1407 nec
2216 1368 2323 1407 non
2369 1354 2636 1409 Arcturus
2676 1356 3002 1411 semicubito
3030 1357 3244 1414 distans
3271 1375 3302 1412 ιι

1747 1443 2067 1498 meridiano.
2099 1441 2286 1497 Oritur
2313 1445 2530 1515 Cygnus
2558 1446 2708 1500 horis
2738 1447 2795 1511 4,
2813 1447 2912 1502 24'.

85 1544 182 1596 ρος,
228 1527 304 1591 ὥς
360 1528 661 1598 ήμιπήχιον
736 1527 1155 1600 ὑπολειπόμενος
1195 1529 1290 1583 τοῦ
1341 1529 1734 1602 μεσημϐρινοῦ.
1783 1530 2082 1585 Ἀνατέλλει
2151 1532 2207 1584 δὲ
2246 1535 2303 1586 ὲν
2368 1533 2537 1605 ὥραις
2577 1535 2618 1588 δ’
2647 1536 2741 1589 κα)⁸
2800 1537 2918 1590 δυσὶ
2980 1555 3304 1611 πεμπτημο-

84 1623 229 1692 ρίοις.

142 1717 267 1770 KA'.
299 1714 412 1768 Τοῦ
440 1715 499 1767 δὲ
520 1715 753 1786 Κηφέως
779 1717 912 1787 μόνα
935 1717 1004 1770 τὰ
1025 1716 1160 1788 πρὸς
1179 1719 1243 1788 τῇ
1267 1717 1477 1787 κεψαλῇ
1501 1715 1641 1787 μέρη

1813 1712 1951 1766 XXI.
1981 1713 2183 1783 Cephei
2216 1723 2399 1784 partes
2439 1714 2693 1768 oriuntur
2723 1731 2801 1770 ere
2828 1718 3002 1772 solum
3024 1735 3144 1789 quae
3175 1731 3304 1776 sunt

82 1806 376 1862 ἀνατέλλει.
429 1808 813 1862 Συνανατέλλει
852 1809 909 1861 δὲ
952 1809 1101 1880 αὐτῷ
1147 1811 1176 1861 6
1223 1808 1483 1872 ζωδιακὸς
1534 1808 1644 1861 ἀπὸ

84 1897 341 1969 Σκορπίου
379 1898 491 1969 μοί.
543 1896 586 1963 ζ’
627 1899 718 1952 καὶ
761 1906 806 1952 κ’
839 1899 1009 1970 μέσης
1043 1899 1147 1964 ἕως
1184 1899 1277 1952 τοῦ
1322 1897 1550 1964 Τοξότου
1591 1904 1643 1962 ς’

87 1990 280 2059 μέσηςο
329 1992 653 2060 μεσουρανεῖ
689 1989 746 2042 δὲ
793 1989 900 2042 ἀπὸ
937 1989 1211 2060 Παρθένου
1254 1988 1362 2060 μοί.
1403 1989 1446 2042 θ’
1480 1987 1647 2059 μέσης

83 2078 176 2141 ἕως
207 2077 492 2149 Παρθένου
520 2085 568 2130 α’
592 2079 685 2131 καὶ
709 2085 778 2132 κ’.
815 2079 872 2129 A'
904 2078 960 2130 δὲ
997 2079 1172 2150 ἀστὴρ
1199 2081 1522 2149 μεσουρανεῖ
1551 2076 1644 2130 τοῦ

83 2171 321 2241 Κόρακος
353 2170 382 2221 6
423 2172 483 2222 ἐν
507 2173 572 2241 τῇ
621 2169 756 2241 ούρᾷ
780 2170 1049 2242 λαμπρὸς,
1083 2171 1157 2234 ὥς
1195 2172 1490 2242 ὴμιπήχιον
1517 2171 1648 2224 ὑπο·

83 2258 394 2327 λειπόμενος
426 2257 522 2310 τοῦ
548 2259 940 2330 μεσημϐρινοῦ,
970 2259 1196 2329 ἔσχατος
1226 2260 1281 2313 δὲ
1305 2262 1333 2314 6
1363 2261 1646 2332 ἀριστερὸς

85 2350 258 2418 ἀγκὼν
291 2352 394 2422 τῆς
425 2353 701 2422 Παρθένου
731 2395 745 2419 ,
790 2355 864 2419 ὥς
905 2356 1202 2425 ἡμιπήχιον
1243 2354 1646 2426 προηγούμενος

84 2445 168 2496 τοῦ
201 2444 597 2517 μεσημϐρινοῦ.
646 2445 945 2499 Ἀνατέλλει
975 2445 1034 2499 δέ
1060 2447 1089 2498 6
1118 2447 1337 2516 Κηφεὺς
1377 2447 1434 2498 ὲν
1474 2452 1522 2514 γ’
1556 2445 1646 2514 ἔγ-

84 2551 233 2601 γιστα
267 2537 707 2607 πεμπτημορίοις
732 2537 881 2608 ὥρας
907 2544 976 2591 α’.

145 2626 257 2695 Τῆς
289 2627 348 2679 δὲ
396 2626 767 2691 Κασσιεπείας
809 2627 1223 2699 ἀνατελλούσης,
1269 2629 1644 2683 συνανατέλλει

86 2716 217 2786 μὲνό
233 2716 502 2782 ζωδιακὸς
531 2718 638 2772 ἀπὸ
660 2719 752 2772 τοῦ
771 2719 994 2785 Τοξότου
1030 2719 1074 2790 β’
1097 2721 1191 2773 καὶ
1215 2727 1262 2773 κ’
1291 2722 1402 2792 μοί.
1429 2720 1535 2783 ἕως
1554 2720 1645 2773 Αί-

81 2807 385 2879 γόκερω.ιβ’
407 2827 422 2841 ·
463 2815 788 2882 μεσουρανεῖ
816 2811 872 2864 δὲ
913 2813 1020 2866 ἀπὸ
1052 2813 1242 2884 Χηλῶν
1292 2815 1400 2885 μοί.
1441 2821 1508 2867 ια’
1539 2814 1644 2877 ἓως

82 2898 344 2970 Σκορπίου
370 2906 418 2968 γ’
449 2902 640 2972 μέσης.
670 2903 776 2954 Καὶ
794 2909 860 2971 α’
893 2903 990 2972 μὲν
1023 2905 1197 2976 ἀστὴρ
1225 2905 1502 2959 ἀνατέλλει
1530 2907 1558 2957 6
1585 2907 1643 2959 ἐν

81 2990 154 3061 τῷ
186 2992 358 3064 θρόνῳ
382 2993 555 3064 αὐτῆς
583 2995 850 3075 λαμπρὸς,
877 2996 1099 3067 ἔσχατος
1117 2998 1172 3051 δὲ
1192 3001 1220 3051 6
1239 3000 1294 3051 έν
1316 3002 1380 3069 τῇ
1411 2998 1637 3070 κεφαλῇ.

1747 1805 1814 1861 ad
1835 1814 2015 1876 caput.
2037 1804 2292 1860 Cooritur
2320 1806 2577 1861 zodiacus
2596 1821 2625 1859 a
2653 1807 2724 1860 27
2752 1808 2928 1863 media
2958 1819 3111 1880 parte
3140 1811 3304 1868 Scor~

1746 1901 1818 1972 pii
1851 1901 1917 1955 ad
1945 1901 2177 1955 mediam
2202 1900 2234 1954 6
2257 1898 2566 1971 Sagittarii;
2591 1902 2852 1957 culminat
2877 1919 2908 1958 a
2936 1904 3111 1960 media
3136 1905 3170 1961 9
3194 1905 3307 1962 Vir-

1748 1990 1891 2062 ginis
1922 1991 1988 2044 ad
2019 1989 2265 2058 ejusdem
2294 1990 2386 2046 2i.
2424 1991 2581 2046 Prior
2608 2001 2788 2048 autem
2822 1996 3086 2050 culminat
3106 2013 3226 2068 qua:
3249 2000 3303 2054 in

1747 2081 1918 2135 cauda
1949 2088 2032 2136 est
2059 2081 2221 2136 Corvi
2250 2083 2450 2150 lucida,
2483 2087 2638 2154 quasi
2676 2088 2999 2144 semicubito
3026 2090 3240 2148 distans
3275 2109 3305 2146 a

1745 2173 2087 2235 meridiano;
2118 2174 2327 2238 ultima,
2361 2175 2581 2230 sinister
2610 2175 2849 2246 Virginis
2895 2181 3117 2236 cubitus
3139 2221 3154 2246 ,
3186 2191 3307 2238 tan-

1746 2261 1983 2317 tumdem
2029 2263 2388 2318 meridianum
2445 2267 2790 2322 antecedens.
2826 2267 3013 2323 Oritur
3057 2270 3305 2341 Cepheus

1746 2347 1879 2404 hora
1914 2353 2302 2422 propemodum
2327 2354 2381 2418 0,
2413 2354 2515 2408 δύ’.

1814 2609 2155 2691 Ascendente
2197 2609 2494 2680 Cassiepea
2538 2611 2794 2668 zodiacus
2839 2613 3014 2668 oritur
3057 2630 3088 2670 a
3134 2618 3304 2689 gradu

1743 2699 1815 2754 22
1863 2700 2139 2772 Sagittarii
2179 2703 2245 2756 ad
2287 2704 2606 2773 Capricorni
2651 2706 2752 2772 l2;
2783 2707 3046 2761 culminat
3088 2725 3118 2763 a
3152 2720 3305 2780 parte

1745 2791 2034 2849 Chelarum
2070 2794 2130 2846 11
2164 2795 2231 2848 ad
2253 2794 2288 2848 3
2319 2795 2548 2850 mediam
2576 2794 2806 2866 Scorpii.
2836 2795 2991 2853 Prior
3014 2801 3189 2856 oritur
3216 2803 3303 2856 lu-

1745 2884 1868 2938 cida
1909 2885 1962 2938 in
2019 2885 2166 2941 illius
2195 2887 2431 2951 throno;
2462 2889 2671 2952 ultima,
2719 2905 2839 2960 quae
2881 2901 2966 2948 est
3013 2894 3069 2948 in
3105 2895 3301 2965 capite.

1743 2973 1927 3030 Prima
1977 2979 2240 3032 culminat
2283 2982 2574 3035 australior
2616 2997 2840 3050 earum,
2875 3000 2996 3055 quae
3029 2995 3156 3041 sunt
3201 2988 3304 3044 sub

83 3083 411 3155 Μεσουρανεῖ
441 3086 500 3138 δὲ
533 3087 707 3158 ἀσῑὴρ
733 3094 780 3139 α’
810 3088 907 3158 μὲν
934 3089 1026 3142 τοῦ
1058 3089 1368 3160 Κενταύρου
1398 3092 1426 3143 6
1453 3090 1639 3144 νοτιώ-

1755 3067 1936 3122 dextro
1997 3068 2224 3124 humero
2255 3070 2545 3136 Centauri,
2591 3088 2714 3128 cum
2768 3075 3034 3144 Arcturo;
3090 3076 3303 3141 ultima,

81 3189 232 3244 τερος
265 3176 372 3228 τῶν
413 3177 520 3229 ὑπὸ
551 3176 640 3229 τὸν
677 3177 849 3244 δεξιὸν
885 3174 1054 3250 ὦμον,
1093 3182 1184 3235 καὶ
1221 3184 1249 3235 6
1294 3182 1639 3253 Ἀρκτοῦρος,

83 3264 299 3334 ἔσχατος
323 3267 382 3320 δὲ
413 3268 443 3319 6
468 3267 631 3338 μέσος
656 3268 764 3321 τῶν
789 3272 846 3322 ὲν
873 3271 950 3341 τῷ
981 3273 1216 3343 μετώπῳ
1234 3272 1327 3325 τοῦ
1350 3274 1638 3345 Σκορπίου,

83 3357 171 3407 καὶ
205 3357 299 3410 τοῦ
327 3358 602 3427 Στεφάνου
641 3361 670 3411 6
702 3358 1000 3430 ἡγούμενος
1031 3361 1123 3414 τοῦ
1164 3361 1437 3432 λαμπροῦ.
1487 3365 1641 3417 Ἀνα-

82 3447 246 3501 τέλλει
274 3449 334 3502 δὲ
359 3453 392 3520 ἡ
430 3450 770 3505 Κασσιέπεια
796 3455 853 3506 ὲν
877 3451 996 3524 ὥρᾳ
1025 3460 1071 3505 α’
1101 3453 1195 3506 καὶ
1218 3461 1264 3522 τ
1291 3454 1464 3525 μέρει.

151 3539 257 3608 Τῆς
295 3541 350 3593 δὲ
408 3541 763 3614 Ἀνδρομέδας
803 3543 1216 3616 ἀνατελλούσης,
1264 3546 1642 3600 συνανατέλλει

74 3629 177 3697 ’μὲν
197 3633 330 3703 αὑτῇ
359 3635 388 3685 6
411 3633 672 3698 ζωδιακὸς
691 3634 799 3687 ἀπὸ
817 3636 1096 3706 Αίγόκερω
1119 3643 1176 3688 ιε’
1201 3636 1308 3706 μοί.
1331 3637 1436 3701 ἕως
1461 3639 1646 3709 ’Υδρο-

84 3720 201 3787 χόου
230 3722 337 3792 μοί,
365 3721 406 3774 δ’
427 3723 523 3776 καὶ
546 3728 596 3776 κ’
619 3723 804 3795 μέσης·
835 3727 1157 3794 μεσουρανεί
1176 3725 1232 3778 δὲ
1252 3725 1358 3778 ἀπὸ
1378 3726 1643 3796 Σκορπίου

87 3819 136 3875 ς’
165 3815 329 3883 μέσης
357 3813 464 3877 ἕως
493 3815 719 3880 Τοξότου
762 3816 810 3885 η’
842 3815 1032 3886 μέσης.
1070 3816 1178 3868 Καὶ
1205 3823 1251 3868 α’
1289 3817 1385 3886 μὲν
1413 3818 1441 3869 6
1469 3817 1644 3887 ἀστὴρ

85 3901 354 3955 ἀνατέλλει
388 3903 562 3972 αὐτῆς
589 3905 618 3955 6
648 3902 959 3974 νοτιώτερος
987 3903 1093 3956 τῶν
1125 3906 1183 3956 ὲν
1203 3907 1268 3974 τῇ
1299 3904 1447 3974 δεξιᾷ
1477 3905 1640 3974 χειρὶ,

83 3990 299 4060 ἔσχατος
328 3991 385 4043 δὲ
412 3991 442 4043 6
473 3993 532 4044 ὲν
559 3992 712 4063 ἄκρᾳ
731 3995 794 4063 τῇ
832 3994 1094 4064 ἀριστερᾷ
1121 3995 1282 4065 χειρί.
1307 3994 1646 4065 Μεσουρανεῖ

82 4081 137 4134 δὲ
153 4083 320 4155 ἀστὴρ
341 4091 389 4137 α’
405 4084 504 4154 μὲν
526 4087 618 4136 τοῦ
642 4085 909 4152 Στεφάνου
927 4087 956 4137 6
978 4085 1234 4155 ἐχόμενος
1249 4085 1341 4138 τοῦ
1365 4084 1641 4156 λαμπροῦ,

83 4172 303 4242 ἔσχατος
322 4174 378 4227 δὲ
404 4177 433 4227 ό
461 4174 749 4244 ἀριστερὸς
769 4172 952 4241 ἀγκὼν
975 4174 1068 4226 τοῦ
1105 4175 1192 4226 Ἐν
1213 4174 1450 4242 γόνασιν.
1492 4174 1645 4225 Ἀνα-

83 4264 252 4317 τέλλει
277 4265 332 4318 δὲ
367 4266 400 4335 ἡ
445 4265 768 4334 Ἀνδρομέδα
798 4267 854 4318 ὲν
882 4265 1051 4337 ὥραις
1084 4265 1128 4336 β’
1155 4266 1248 4320 καὶ
1274 4272 1322 4337 η’
1359 4267 1534 4336 μέρει.

153 4355 256 4408 Τοῦ
288 4357 345 4409 δὲ
373 4357 574 4410 Ἵππου
608 4356 1003 4420 ἀνατέλλοντος,
1036 4357 1409 4411 συνανατέλλει
1444 4357 1591 4428 αὐτῷ
1614 4359 1643 4410 6

1745 3174 1933 3214 earum
1961 3163 2136 3216 media
2160 3179 2280 3233 quae
2309 3172 2436 3218 sunt
2464 3165 2518 3218 in
2544 3164 2716 3220 fronte
2741 3165 2950 3237 Scorpii
2969 3209 2984 3233 ,
3017 3177 3070 3223 et
3100 3184 3304 3239 prmce-

1746 3250 1878 3304 dens
1920 3251 2154 3306 lucidam
2201 3252 2446 3308 Coronae.
2495 3253 2683 3309 Oritur
2739 3255 3026 3328 Cassiepea
3078 3261 3210 3316 hora
3250 3261 3304 3325 1,
3347 3257 3352 3262 ’

1743 3340 1846 3395 20’.

1815 3521 1951 3576 Cum
1994 3521 2340 3578 Andromeda
2391 3523 2570 3578 oritur
2624 3539 2785 3582 arcus
2816 3526 3023 3583 zodiaci
3057 3529 3306 3603 aCapri-

1745 3615 1897 3669 corni
1929 3625 2080 3685 parte
2111 3616 2196 3682 15,
2233 3618 2300 3670 ad
2325 3617 2548 3688 Aquarii
2579 3619 2650 3672 24
2682 3620 2946 3687 mediam;
2986 3621 3246 3676 culminat
3274 3637 3304 3675 a

1744 3705 1921 3760 media
1942 3706 1974 3760 6
2007 3706 2220 3776 Scorpii
2261 3708 2330 3762 ad
2361 3709 2592 3765 mediam
2613 3711 2645 3764 8
2679 3710 3172 3781 Sagittarii.Prima
3195 3713 3307 3766 ori-

1744 3807 1836 3852 tur
1881 3801 2175 3855 australior
2201 3816 2390 3856 earum
2441 3818 2562 3872 quae
2605 3811 2732 3858 sunt
2777 3805 2831 3857 in
2865 3805 3055 3859 dextra
3105 3821 3302 3869 manu;

1746 3891 1955 3953 ultima,
1981 3909 2101 3962 qua:
2124 3894 2177 3946 in
2215 3895 2557 3948 extremitate
2588 3895 2826 3951 sinistra:
2858 3911 3072 3951 manus.
3098 3897 3305 3951 Culmi-

1745 3991 1838 4037 nat
1872 3984 2066 4052 prima,
2099 4001 2219 4054 quae
2263 3986 2455 4040 lucida:
2491 3987 2720 4042 Coronae
2767 3990 3013 4058 proxima
3055 3998 3170 4056 est;
3206 4005 3304 4059 po-

1745 4081 1982 4129 stremus
2028 4089 2158 4129 vero
2206 4077 2425 4130 cubitus
2473 4077 2694 4132 sinister
2747 4078 3065 4147 lngeniculi.
3115 4077 3307 4134 Oritur

1746 4165 2087 4219 Andromeda
2106 4167 2256 4220 horis
2284 4166 2320 4219 2
2347 4167 2468 4237 1/8.

1817 4338 1952 4393 Cum
1992 4337 2178 4408 Equus
2208 4339 2404 4405 oritur,
2433 4338 2680 4394 ascendit
2712 4353 2833 4393 cum
2859 4353 2926 4393 eo
2950 4338 3208 4394 zodiacus
3235 4340 3304 4394 ab

84 4444 342 4510 ζωδιακὸς
381 4446 494 4500 ἀπὸ
533 4447 632 4516 τῆς
673 4447 846 4517 ἀρχῆς
877 4446 968 4499 τοῦ
1002 4447 1281 4516 Αἱγόκερω
1311 4446 1413 4510 ἓως
1460 4427 1641 4517 Ὑδρο-

1755 4432 1900 4487 initio
1916 4431 2229 4500 Capricorni
2257 4431 2324 4485 ad
2355 4431 2578 4499 Aquarii
2607 4440 2813 4500 partem
2847 4429 2934 4484 2|.
2976 4429 3250 4486 Culminat
3272 4447 3308 4487 τι

83 4540 211 4609 χόου
244 4538 346 4609 μοί.
375 4545 422 4591 α’
459 4539 552 4591 καὶ
583 4543 651 4589 κ’·
681 4540 997 4608 μεσουρανεί
1023 4537 1082 4591 δὲ
1109 4539 1215 4591 ἀπὸ
1250 4539 1442 4610 Χηλῶν
1471 4545 1517 4592 α’
1551 4539 1644 4591 καὶ

83 4635 130 4681 κ’
169 4627 333 4697 μέσης
361 4629 466 4690 ἕως
505 4628 548 4680 Τ
551 4626 732 4694 οξότου
766 4634 816 4692 ς’
849 4629 1040 4700 μέσης.
1088 4629 1196 4682 Καὶ
1243 4634 1291 4682 α’
1339 4630 1434 4699 μὲν
1477 4628 1641 4681 αὑτοῦ

78 4720 254 4790 ἀστὴρ
272 4719 550 4773 ἀνατέλλει
570 4721 599 4783 6
619 4718 931 4790 νοτιώτερος
953 4719 1060 4772 τῶν
1081 4719 1424 4791 ἐμπροσθίων
1445 4718 1641 4781 ποδῶν,

81 4812 304 4881 ἔσχατος
324 4812 381 4866 δὲ
405 4814 434 4865 ὁ
456 4811 548 4864 ἐπὶ
577 4811 672 4882 τῆς
700 4810 896 4879 ὀσφύος
928 4810 1194 4882 λαμπρός.
1225 4811 1561 4880 Μεσουρανεῖ
1588 4809 1644 4862 δὲ

81 4904 256 4976 ἀστὴρ
286 4911 332 4957 α’
364 4904 464 4974 μὲν
496 4905 526 4956 6
557 4905 615 4956 ὲν
652 4903 791 4973 μέσῃ
825 4905 892 4972 τῇ
925 4901 1076 4972 νοτία
1117 4901 1268 4972 Χηλῇ
1289 4940 1304 4964 ,
1340 4901 1555 4970 ἔσχατοι
1587 4900 1644 4953 δὲ

82 4996 179 5050 τοῦ
218 4997 501 5066 Ὀφιούχου
528 4997 576 5048 οἱ
605 4995 750 5066 παρά
775 4995 866 5048 τὸν
885 4994 1054 5059 δεξιὸν
1083 4989 1230 5064 ὦμον
1255 4999 1304 5062 γ’
1329 4993 1411 5046 ἐπ’
1433 4992 1645 5056 εὐθείας

84 5090 343 5160 κείμενοι,
372 5091 528 5152 ἐκτὸς
548 5089 697 5152 ὄντες
719 5087 906 5153 αὑτοῦ,
931 5088 1138 5142 καὶτοῦ
1179 5089 1266 5140 Ἐν
1288 5086 1506 5156 γόνασιν
1533 5089 1561 5138 6
1585 5088 1643 5139 ὲν

82 5181 164 5250 τῷ
190 5179 464 5253 ἀριστερῷ
499 5180 657 5251 μηρῷ
689 5180 958 5251 λαμπρὸς,
1001 5178 1194 5250 μικρὸν
1239 5176 1645 5248 προηγούμενος

82 5273 265 5326 αὐτοῦ.
307 5272 609 5326 Ἀνατέλλει
633 5272 689 5324 δὲ
715 5273 744 5326 6
771 5273 963 5335 Ἵππος
994 5273 1052 5324 ὲν
1081 5272 1249 5342 ὥραις
1279 5276 1347 5338 γ’.

155 5365 257 5417 Τοῦ
279 5365 334 5418 δὲ
367 5364 578 5417 Ὀῖστοῦ
605 5363 1000 5428 ἀνατέλλοντος,
1031 5361 1406 5416 συνανατέλλει
1432 5362 1528 5431 μὲν
1551 5361 1646 5414 αὐ-

81 5454 161 5525 τῷ
188 5457 216 5509 6
244 5456 508 5522 ζωδιακὸς
537 5455 644 5510 ἀπὸ
675 5454 768 5508 τοῦ
801 5455 1028 5522 Τοξότου
1066 5439 1178 5525 μοί.
1213 5460 1254 5506 ε’
1281 5453 1384 5516 ἓως
1418 5452 1644 5520 Τοξότου

81 5553 114 5599 ι’
147 5549 333 5621 μέσης·
373 5549 697 5619 μεσουρανεῖ
729 5546 784 5600 δὲ
819 5546 925 5599 ἀπὸ
953 5543 1231 5618 Παρθένου
1268 5543 1330 5598 ιθ¹
1363 5544 1468 5607 ἓως
1500 5545 1648 5616 Παρ-

166 5705 206 5736 ⁸⁸
231 5707 382 5760 Deest
409 5703 596 5756 ultima
632 5700 817 5754 oriens.

358 5797 628 5855 PATROL.
673 5791 786 5850 Gn.
829 5789 998 5850 XIX.

1745 4525 2034 4578 Chelarum
2078 4533 2230 4592 parte
2260 4522 2322 4576 2i
2365 4522 2540 4576 media
2579 4521 2647 4576 ad
2673 4519 2954 4592 Sagittarii
2987 4523 3218 4577 mediam
3248 4523 3302 4578 6.

1744 4615 1925 4670 Prima
1952 4616 2270 4684 ejus'oritur
2299 4614 2475 4675 stella,
2495 4629 2616 4682 quae
2643 4620 2726 4668 est
2751 4614 3044 4668 australior
3068 4616 3305 4670 anterio-

1743 4723 1864 4763 ru‘m
1900 4707 2128 4777 pedum;
2159 4706 2370 4769 ultima,
2402 4720 2522 4774 qua:
2549 4716 2632 4760 est
2659 4705 2714 4758 in
2755 4705 2918 4760 ilibus
2948 4706 3148 4761 lucida.
3176 4708 3306 4762 Cul-

1745 4800 1915 4853 minat
1952 4797 2102 4869 prior
2132 4797 2305 4852 media
2352 4799 2406 4851 in
2452 4797 2678 4852 australi
2723 4796 2920 4862 Chela,
2959 4797 3160 4852 ultima:
3186 4816 3306 4870 quae

1746 4891 1811 4945 ad
1841 4891 2093 4945 dextrum
2141 4890 2436 4944 humerum
2469 4886 2742 4958 Ophiuchi
2775 4899 2886 4944 tres
2925 4888 2981 4942 in
3035 4888 3303 4945 directum

1745 4983 1957 5052 posita,
1983 4989 2244 5052 extraque
2279 4981 2457 5051 ipsum
2488 4981 2626 5045 sitae,
2656 4995 2764 5034 una
2795 4996 2919 5035 cum
2951 4981 3150 5046 lucida,
3186 4999 3306 5053 quae

1745 5085 1828 5132 est
1855 5078 1910 5130 in
1955 5075 2180 5130 sinistro
2209 5073 2411 5128 feruore
2440 5072 2772 5144 Engonasin,
2810 5073 2968 5142 paulo
2999 5074 3176 5144 ipsum
3209 5091 3307 5129 an-

1744 5167 2017 5224 tecedens.
2050 5165 2238 5220 Oritur
2269 5164 2455 5235 Equus
2488 5165 2642 5219 horis
2672 5157 2727 5220 5.

1814 5359 1949 5412 Cum
1985 5357 2191 5428 Sagitta
2235 5355 2443 5410 zodiaci
2473 5370 2634 5411 arcus
2680 5357 2855 5410 oritur
2883 5371 2913 5409 a
2949 5364 3102 5426 parte
3142 5356 3174 5410 5
3201 5355 3304 5409 Sa-

1745 5449 1945 5522 gittarii
1967 5447 2032 5503 ad
2048 5448 2290 5518 ejusdem
2326 5447 2392 5501 l0
2419 5446 2683 5510 mediam;
2713 5445 2978 5500 culminat
3008 5459 3040 5498 a
3068 5445 3308 5514 ρει-1019

1748 5541 2006 5614 Virginis,
2057 5540 2124 5597 ad
2150 5539 2240 5594 25.
2273 5537 2471 5594 Prima:
2497 5537 2746 5594 oriuntur
2785 5551 2906 5609 quae
2939 5546 3068 5592 sunt
3103 5537 3160 5590 in
3193 5536 3309 5606 gly-

3007 5770 3083 5830 33
