3816 6306
92 328 206 385 HM

1060 314 1431 385 HOIPPARCHI
1466 325 1558 380 Al)
1595 320 2045 380 ΡΗΛΕΝΟΜΕΝΑ
2082 323 2211 379 LIB.
2248 323 2317 380 Il.

3164 314 3306 384 ΗΜ

91 452 129 502 κ’
154 445 257 508 ἕως
282 443 465 516 Κριοῦ
488 444 551 499 δ’.
571 444 688 500 ,Καὶ
708 450 757 499 α’
783 444 881 517 μὲν
910 445 1087 518 ἀστὴρ
1111 444 1257 500 δύνει
1281 445 1310 499 6
1331 443 1641 508 νοτιώτατος

1750 441 1933 497 stratis
1959 450 2041 498 est
2063 443 2298 497 maxime
2323 454 2529 506 earum,
2553 450 2675 512 quae
2700 440 2756 496 in
2781 434 3014 498 sinistro
3033 439 3205 513 pede;
3227 443 3312 494 ut-

90 537 183 590 τῶν
211 538 270 589 ὲν
295 535 380 606 τῷ
421 534 696 607 ἀριστερῷ
739 535 878 597 ποδὶ,
908 534 1131 606 ἔσχατος
1159 535 1215 589 δὲ
1252 538 1281 588 6
1315 534 1649 607 βορειότατος

88 628 180 681 τῶν
228 628 287 679 ὲν
337 626 416 698 τῷ
467 627 791 698 κολλορόὸῳ.
848 629 1192 698 Μεσουρανεῖ
1235 627 1295 680 δὲ
1338 627 1446 681 τῶν
1474 626 1648 681 ἀλλων

89 718 327 772 ἀπλανῶν
355 723 406 772 α’
432 719 534 788 μὲν
552 717 647 771 :06
673 718 939 789 Ὄρνιθος,
966 720 995 771 6
1014 720 1070 771 ὲν
1100 719 1240 792 μέσῃ
1267 721 1332 789 τῇ
1353 719 1489 791 οὐρᾷ
1511 718 1650 790 λαμ-

89 811 229 883 πρὸς,
260 811 359 863 καὶ
400 809 495 863 τοῦ
525 809 805 881 Αίγόκερω
841 809 871 861 6
900 809 1201 881 ἡγούμενος
1226 809 1338 864 τῶν
1365 810 1475 863 ἀπὸ
1496 810 1648 863 νότου

88 902 506 973 παρακειμένων
528 903 641 964 τοῖς
666 902 723 954 ὲν
749 903 813 972 τῇ
846 902 1001 972 οὐρᾷ,
1039 901 1265 971 ἔσχατος
1294 901 1352 954 δὲ
1383 899 1476 955 τοῦ
1509 904 1651 974 Περ-

90 992 210 1055 σέως
226 995 256 1045 6
283 995 344 1045 ὲν
368 995 438 1063 τῇ
465 994 649 1064 ’Ἀρπῃ
673 993 1029 1064 νεφελοειδὴς,
1051 994 1144 1046 καὶ
1163 992 1255 1045 :06
1279 993 1449 1064 Κριοῦ
1471 997 1499 1048 6
1524 996 1650 1050 61:6-

90 1102 233 1155 μενος
250 1083 361 1137 τῶν
377 1086 438 1138 ὲν
453 1086 519 1155 τῇ
542 1084 747 1156 κεφαλῇ
763 1090 833 1152 τ’,
858 1084 951 1137 καὶ
971 1086 999 1137 6
1023 1083 1321 1156 Σύνδεσμος
1336 1084 1443 1137 τῶν
1466 1084 1646 1144 λίνων.

88 1174 226 1226 Δύνει
260 1173 319 1226 δὲ
352 1173 381 1225 6
419 1172 639 1243 Βοώτης
670 1174 728 1227 ὲν
768 1172 937 1245 ὥραις
968 1176 1306 1246 ἰσημεριναῖς
1332 1173 1374 1227 δ’
1404 1174 1498 1228 καὶ
1528 1174 1649 1229 δυσὶ

90 1267 298 1337 μέρεσιν
334 1264 517 1337 ὥρας.

143 1358 245 1411 T06
275 1357 334 1410 66
359 1356 635 1426 Στεφάνου
656 1356 921 1423 δύνοντος,
942 1360 1331 1427 συγκαταδύνει
1358 1362 1456 1433 μὲν
1482 1362 1511 1415 6
1539 1362 1647 1427 ζω-

85 1447 253 1510 διακὸς
278 1446 393 1500 ἀπὸ
413 1445 514 1500 τοῦ
544 1445 770 1513 Τοξότου
801 1448 910 1517 μοί.
945 1455 995 1518 γ’
1030 1450 1124 1502 καὶ
1157 1457 1204 1504 κ’
1233 1450 1337 1515 ἕως
1368 1452 1650 1524 Δίγόκερω

84 1541 118 1593 δ’
144 1542 333 1612 μέσηςυ
363 1542 693 1611 μεσουρανεῖ
717 1540 775 1594 δὲ
800 1541 908 1595 ἀπὸ
938 1543 1039 1612 τῆς
1070 1544 1245 1615 ἀρχῆς
1276 1545 1382 1599 τῶν
1431 1546 1648 1617 Ἰχθύων

84 1628 175 1694 ἕως
217 1629 445 1700 Ἰχθύων
472 1630 583 1700 μοί.
626 1627 685 1682 ιδ’
716 1629 909 1703 μέσης.
942 1633 1053 1686 Καὶ
1083 1639 1131 1685 α’
1167 1633 1268 1705 μὲν
1299 1635 1473 1707 ἀστὴρ
1500 1635 1648 1690 δύνει

84 1723 109 1775 6
139 1722 522 1794 λαμπρότατος
562 1721 674 1775 τῶν
716 1724 776 1775 ὲν
817 1722 897 1795 τῷ
936 1723 1213 1797 Στεφάνῳ,
1260 1726 1487 1798 ἔσχατος
1524 1729 1582 1782 δὲ
1607 1730 1647 1783 '6

86 1814 471 1887 ἀμαυρότερος,
504 1814 599 1867 καὶ
627 1813 851 1885 ἔσχατος
881 1814 956 1869 ὢν
985 1817 1086 1887 τῆς
1113 1818 1387 1890 ἑπομένης
1418 1838 1647 1892 περιφε-

89 1909 244 1978 ρεὶας.
278 1909 628 1985 Μεσουρανεῖ
655 1908 713 1962 66
744 1909 854 1963 τῶν
874 1908 1047 1965 ἀλλων
1069 1911 1314 1983 ἀστέρων
1338 1919 1387 1966 α’
1417 1914 1516 1985 μὲν
1538 1915 1647 1972 τῶν

97 1972 299 2071 Ἰχθύων
323 1972 423 2054 :66
453 1972 770 2073 νοτιωτέρου
798 2003 827 2054 6
857 2004 915 2055 ὲν
946 2001 1093 2075 ἄκρᾳ
1114 2006 1180 2075 τῇ
1207 1972 1350 2076 οὐρᾷ
1372 1972 1645 2079 λαμπρὸς,

87 2093 166 2145 καὶ
189 2092 285 2146 :06
312 2092 456 2164 πρὸς
486 2091 638 2148 νότον
672 2093 836 2147 αὐτοῦ
864 2094 1117 2165 κειμένου
1145 2095 1643 2170 παραλληλογράμο

88 2202 175 2256 μου
198 2187 248 2240 οι
274 2184 600 2257 ἡγούμενοι,
639 2183 854 2255 ἔσχατοι
889 2186 948 2239 δὲ
983 2188 1012 2241 ὅ
1050 2204 1110 2241 τε
1144 2190 1203 2241 ὲν
1235 2190 1384 2262 μέσῳ
1422 2192 1501 2263 τῷ
1540 2190 1647 2245 σώ-

89 2296 203 2348 ματι
225 2279 325 2350 τῆς
346 2276 737 2342 Κασσιεπείας,
761 2278 856 2330 καὶ
875 2275 906 2330 ό
928 2280 986 2332 ὲν
1011 2282 1076 2350 τῇ
1100 2280 1363 2354 ἀριστερᾷ
1382 2284 1525 2355 χειρὶ
1547 2284 1645 2355 τῆς

96 2368 462 2441 Ἀνδρομέδας.
500 2365 656 2421 Δύνει
682 2366 738 2421 δὲ
762 2367 791 2419 6
821 2367 1090 2437 Στέφανος
1128 2371 1186 2423 ὲν
1220 2369 1339 2443 ὥρᾳ
1376 2379 1425 2426 α’
1449 2372 1525 2436 ὠς
1558 2372 1648 2442 έγ-

84 2473 249 2527 γιστα.

144 2551 245 2604 Τοῦ
287 2550 348 2605 66
398 2551 491 2605 Ἐν
525 2549 713 2618 γόνασι
752 2547 1018 2615 δύνοντος,
1061 2553 1451 2621 συγκαταδύνει
1486 2555 1585 2627 μὲν
1616 2554 1646 2610 6

84 2642 331 2707 ζωδιακὸς
359 2642 472 2696 ἀπὸ
499 2641 594 2694 :06
617 2640 843 2708 Τοξότου
875 2643 985 2713 μοί.
1015 2642 1073 2696 ιδ’
1092 2644 1198 2708 ἕως
1232 2645 1519 2718 ’Υδροχόου
1548 2655 1640 2713 ig"

86 2734 398 2803 μεσουρανεί
427 2731 487 2785 δὲ
528 2730 637 2785 ἀπὸ
671 2729 765 2784 :06
803 2730 1084 2803 Ὑδροχόου
1118 2733 1229 2804 μοί.
1259 2740 1308 2803 γ’
1336 2736 1430 2789 καὶ
1466 2744 1514 2790 κ’
1541 2738 1646 2802 ἕως

82 2817 280 2887 Ταύρου
318 2817 431 2889 μοί.
463 2823 512 2888 η’
549 2817 741 2889 μέσης.
777 2819 888 2872 Καὶ
923 2826 971 2872 α’
1009 2820 1107 2891 μὲν
1143 2824 1319 2895 ἀστὴρ
1356 2825 1502 2879 δύνει
1533 2830 1560 2880 6
1586 2830 1645 2882 ὲν

83 2906 216 2980 ἄκρα
240 2912 308 2980 τῇ
336 2909 490 2980 δεξιᾷ
522 2910 686 2981 χειρὶ,
724 2908 949 2980 ἔσχατος
986 2912 1044 2966 δὲ
1088 2915 1117 2967 6
1157 2915 1216 2967 ὲν
1256 2914 1333 2986 τῷ
1370 2917 1643 2991 ἀριστερῷ

82 3000 210 3055 ποδί.
249 3003 593 3073 Μεσουρανεῖ
632 3001 688 3053 δὲ
719 3001 826 3056 τῶν
860 3002 1034 3058 ἀλλων
1061 3006 1306 3079 ἀστέρων
1330 3010 1423 3063 τοῦ
1457 3011 1555 3082 μὲν
1584 3015 1643 3066 ὲν

80 3091 150 3162 τῷ
179 3093 447 3165 ’Υδροχόῳ
481 3093 672 3158 ὕδατος
705 3096 734 3149 ό
760 3098 1014 3168 ἐχόμενος
1039 3098 1147 3155 τῶν
1175 3101 1231 3155 ὲν
1259 3104 1325 3173 τῇ
1353 3103 1393 3155 6'
1416 3120 1643 3176 συστρο-

81 3185 168 3253 φῇ,
194 3184 289 3237 :06
329 3184 388 3238 66
416 3186 615 3239 Ἵππου
653 3187 680 3239 6
709 3186 1042 3259 βορειότερος
1074 3189 1182 3243 τῶν
1224 3192 1282 3246 ἐν
1314 3193 1392 3263 τῷ
1427 3194 1637 3263 σώματι

82 3276 328 3346 συνεχῶν,
357 3275 455 3330 τοῦ
484 3277 543 3331 δὲ
574 3278 807 3350 Κηφέως
845 3281 875 3333 6
911 3280 1198 3353 ἀριστερὸς
1241 3277 1391 3354 ὦμος
1431 3288 1641 3360 ήμιπή-

81 3382 185 3434 χιον
229 3366 656 3438 ὑπολειπόμενος
697 3368 792 3422 τοῦ
843 3371 1236 3443 μεσημϐρινοῦ.
1289 3377 1552 3446 Ἔσχατος
1580 3378 1639 3431 δὲ

83 3461 399 3530 μεσουρανετ
423 3457 517 3513 τοῦ
544 3460 602 3513 ὲν
629 3458 708 3531 τῷ
726 3462 895 3531 Κήτει
926 3464 1327 3536 τετραπλεύρου
1352 3468 1380 3520 6
1400 3469 1642 3524 νοτιώτε-

81 3565 165 3618 ρος
190 3550 298 3604 τῶν
325 3550 609 3622 ἑπομένων
631 3550 917 3625 λαμπρῶν,
953 3557 1047 3608 καὶ
1076 3558 1104 3609 6
1136 3557 1271 3628 πρὸς
1292 3561 1640 3633 μεσημϐρίαν

79 3638 315 3709 κείμενος
355 3639 799 3711 ἀκατονόμαστος
847 3643 1113 3717 λαμπρός.
1163 3647 1318 3702 Δύνει
1368 3650 1426 3703 δὲ
1471 3653 1500 3704 6
1553 3653 1640 3705 Ἐν

78 3731 286 3797 γόνασιν
321 3734 382 3786 ἐν
418 3732 592 3804 ὥραις
616 3733 659 3788 δ’
688 3734 784 3790 καὶ
808 3738 954 3807 τρισὶ
988 3740 1423 3812 πεμπτημορίοις
1450 3743 1524 3807 ὡς
1550 3743 1640 3812 ἔγ-

77 3838 247 3890 γιστα.

137 3919 261 3975 KA'.
290 3915 398 3973 Τοῦ
424 3918 483 3973 δὲ
511 3918 792 3991 Ὀφιούχου
822 3921 1087 3988 δύνοντος,
1124 3927 1515 3995 συγκαταδύνει
1541 3928 1641 3999 μὲν

75 4009 101 4059 6
123 4009 379 4076 ζωδιακὸς
412 4012 521 4066 ἀπὸ
545 4012 811 4085 Σκορπίου
845 4015 954 4086 μοί.
984 4024 1051 4070 ια’
1079 4018 1184 4082 ἕως
1212 4020 1493 4093 Αίγόκερω
1527 4022 1635 4093 μοί.

78 4098 118 4168 β’
135 4116 148 4130 ’
172 4106 497 4175 μεσουρανεί
518 4104 574 4158 66
599 4104 706 4158 ἀπὸ
725 4106 1003 4180 Αίγόκερω
1024 4115 1064 4161 ε’
1091 4111 1184 4163 καὶ
1209 4116 1255 4165 κ’
1283 4113 1387 4178 ἓως
1424 4113 1643 4184 Ἰχθύων

79 4201 140 4245 ια’
167 4196 360 4266 μέσης.
398 4198 508 4249 Καὶ
545 4203 593 4249 α’
620 4196 719 4266 μὲν
751 4199 924 4270 ἀστὴρ
950 4200 1093 4254 δύνει
1124 4205 1152 4256 6
1178 4205 1234 4256 ἐν
1263 4204 1340 4275 τῷ
1369 4206 1641 4277 ἀριστερῷ

75 4287 208 4353 ποδὶ,
238 4288 467 4359 ἔσχατος
496 4288 555 4341 δὲ
578 4290 606 4341 ὁ
640 4292 699 4342 ὲν
731 4292 796 4361 τῇ
822 4291 1053 4363 κεφαλῇ.
1080 4295 1420 4368 Μεσουρανεῖ
1448 4299 1505 4352 66
1531 4299 1639 4353 τῶν

73 4378 239 4432 ἄλλων
276 4380 523 4450 ἀστέρων
560 4387 609 4433 α’
641 4382 739 4451 μὲν
769 4382 862 4435 :06
886 4386 1166 4457 Αίγόκερω
1196 4389 1224 4440 6
1245 4389 1505 4460 ἑπόμενος
1530 4391 1639 4444 τῶν

73 4468 126 4522 εν
149 4475 215 4544 τῇ
249 4472 408 4544 οὐρᾷ,
452 4472 548 4525 καὶ
582 4473 677 4526 :06
719 4474 970 4546 Ὄρνιθος
1010 4478 1039 4529 6
1072 4477 1410 4549 βορειότατος
1441 4481 1549 4534 τῶν
1582 4483 1639 4536 ἐν
1672 4504 1718 4561 D

69 4564 134 4632 τῇ
160 4562 311 4635 δεξιᾷ
346 4564 580 4634 πτέρυγι
604 4581 616 4594 ·
652 4564 876 4635 ἔσχατος
907 4567 963 4620 δὲ
997 4571 1096 4633 τῆς
1134 4573 1501 4638 Κασσιεπείας
1531 4576 1560 4627 6
1582 4575 1640 4627 ἐν

68 4656 131 4722 τῇ
162 4655 398 4727 κεφαλῇ,
428 4656 523 4709 καὶ⁵
545 4658 574 4709 ὀ
603 4658 661 4711 ὲν
685 4657 763 4728 τῷ
788 4658 961 4732 δίφρῳ
994 4663 1186 4732 μικρός
1209 4680 1223 4694 ο
1253 4665 1346 4718 καὶ
1387 4667 1486 4736 τῆς
1528 4669 1643 4720 Ἀν-

68 4744 328 4817 δρομέδας
362 4752 391 4802 6
439 4747 777 4821 βορειότατος
803 4752 911 4805 τῶν
946 4755 1004 4806 ὲν
1044 4755 1122 4824 τῷ
1156 4757 1339 4828 στήθει
1360 4776 1375 4790 ο
1412 4760 1507 4812 καὶ
1546 4760 1639 4813 τοῦ

66 4836 281 4909 Κήτους
304 4842 334 4893 6
357 4839 677 4915 νοτιώτερος
708 4843 815 4896 τῶν
845 4846 902 4897 ὲν
932 4848 996 4917 τῇ
1024 4846 1179 4918 οὐρᾷ,
1207 4850 1400 4920 μικρὸν
1423 4851 1639 4905 ὑπολει-

66 4931 301 5001 πόμενος
339 4931 438 5003 :06
483 4934 875 5005 μεσημϐρινοῦ.
906 4936 1060 4992 Δύνει
1093 4938 1148 4992 δὲ
1195 4941 1223 4993 6
1267 4941 1546 5012 Ὀφιοῦχος
1582 4944 1607 4995 ὲ

65 5019 234 5093 ὥραις
263 5032 311 5094 γ’
340 5024 417 5089 ὠς
448 5024 696 5094 ἔγγιστα.
1590 5041 1597 5050 ‘

133 5115 254 5168 'O:‘
296 5114 362 5169 ἂν
408 5115 467 5168 δὲ
509 5118 539 5169 ὀ
577 5116 739 5184 Ὄφις
778 5116 957 5182 δύνει,
1006 5118 1065 5171 ὃν
1113 5117 1225 5190 ἔχει
1257 5123 1287 5174 ό
1333 5121 1638 5193 Ὀφιοῦχος,

66 5205 461 5273 συγκαταδύνει
492 5208 593 5279 μὲν
619 5208 766 5279 αὐτῷ
802 5210 832 5262 6
856 5208 1117 5274 ζωδιακὸς
1147 5210 1255 5265 ἀπὸ
1283 5213 1553 5283 Σκορπίου
1585 5234 1639 5281 gr

62 5295 154 5348 καὶ
179 5303 232 5349 κ’
276 5298 450 5369 μέσης
478 5298 586 5368 μοί.
618 5299 723 5362 ἓως
748 5299 1027 5370 Αἰγόκερω
1060 5302 1168 5371 μοί.
1207 5302 1251 5355 0'
1270 5320 1284 5334 '
1319 5308 1642 5377 μεσουρανεῖ

61 5385 114 5440 66
138 5389 251 5442 ἀπὸ
281 5390 569 5462 ’Υδροχόου
613 5391 721 5461 μοί.
750 5397 799 5464 η’
828 5391 934 5455 ἕως
967 5391 1183 5463 Ἰχθύων
1217 5400 1265 5447 κ’
1300 5395 1485 5466 μέσης.
1530 5399 1641 5452 Καὶ⁸

61 5479 271 5547 πρῶτοι
307 5496 408 5551 μεν
438 5480 672 5551 ἀστέρες
699 5480 942 5535 δύνουσιν
978 5483 1028 5534 οἱ
1069 5484 1126 5535 ὲν
1154 5481 1231 5554 τῷ
1262 5484 1493 5556 σώματι,
1526 5505 1641 5542 κοιη

60 5570 140 5621 vel
182 5569 337 5635 ὄντες
373 5572 468 5625 καὶ
513 5572 617 5641 τῆς
653 5572 946 5643 ἀριστερᾶς
985 5574 1165 5644 χειρὸς
1202 5574 1294 5628 τοῦ
1332 5576 1636 5648 Ὀφιούχου,

60 5658 287 5731 ἔσχατος
319 5665 378 5718 δὲ
421 5665 451 5717 6
493 5665 552 5716 ὲν
591 5663 737 5735 ἄκρᾳ
767 5668 833 5736 τῇ
866 5666 1022 5737 οὐρᾷ.
1055 5667 1394 5739 Μεσουρανεῖ
1435 5670 1491 5723 δὲ
1528 5671 1636 5725 τῶν

56 5751 233 5808 ἄλλων
261 5755 510 5828 ἀστέρων
537 5760 585 5807 α’
621 5755 718 5825 μὲν
746 5755 774 5806 ὁ
817 5755 875 5808 ὲν
926 5755 993 5826 τῷ
1030 5756 1188 5828 δεξιῷ
1232 5760 1354 5814 ποδὶ
1395 5761 1489 5815 τοῦ
1519 5763 1636 5835 Κη-

1748 533 1902 597 tima,
1930 548 2051 603 qua:
2081 539 2166 588 est
2197 532 2433 588 maxime
2476 532 2712 589 borealis
2740 531 2797 588 in
2843 532 3147 588 collorobo.
3179 530 3313 587 Cul~

1751 622 1924 677 minat
1968 638 2037 678 ex
2079 624 2203 679 aliis
2252 623 2624 679 inerrantibus
2665 623 2840 693 prima
2872 622 3094 694 quidem
3127 622 3311 677 lucida

1746 711 1940 783 Cygni,
1967 728 2087 783 qua:
2115 721 2198 769 est
2222 712 2277 768 in
2310 713 2518 781 cauda;
2551 720 2606 768 et
2630 713 2686 767 in
2724 711 3060 783 Capricorno
3092 720 3314 767 antece-

1747 803 1883 861 dens
1904 820 2091 861 earum
2118 820 2238 875 qua:
2266 805 2336 861 ab
2356 813 2545 860 austro
2581 804 2835 875 adjacent
2856 803 2925 859 iis
2953 818 3074 873 quae
3098 806 3231 857 sunt
3254 800 3312 855 in

1746 896 1952 955 cauda:
1994 899 2186 952 ultima
2220 912 2370 963 vero,
2411 898 2568 953 stella
2599 894 2806 962 Persei,
2841 910 2963 966 qua:
3008 894 3065 948 in
3104 891 3309 962 Harpe,

1748 990 2031 1054 nebulosa,
2049 1000 2103 1045 et
2130 989 2334 1046 Arietis
2359 989 2658 1045 succedens
2688 989 2854 1043 trium
2880 988 2938 1042 in
2959 988 3166 1057 capite:
3191 992 3309 1040 tum

1746 1079 1933 1137 Nodus
1958 1081 2214 1136 linorum.
2239 1079 2451 1136 Occidit
2485 1079 2682 1137 Bootes
2714 1079 2865 1135 horis
2897 1076 3311 1149 mquabilihusl

1746 1180 1801 1228 et
1829 1172 2042 1230 duabus
2073 1176 2341 1244 partibus.

1815 1350 2109 1409 Occidente
2129 1352 2342 1408 Corona
2362 1352 2527 1409 simul
2556 1350 2753 1409 occidit
2781 1348 3036 1406 zodiacus
3064 1363 3094 1403 a
3125 1345 3308 1420 Sagit-

1746 1445 1872 1501 tarii
1902 1454 2055 1515 parte
2078 1445 2150 1501 25
2173 1445 2239 1501 ad
2255 1444 2576 1516 Capricorni
2591 1443 2626 1497 ι
2654 1442 2884 1499 mediam
2907 1459 2923 1509 ε
2946 1440 3210 1497 culminat
3237 1438 3306 1494 ab

1747 1538 1906 1594 initio
1933 1537 2215 1605 'Piscium,
2242 1539 2312 1593 ad
2339 1538 2658 1593 earumdem
2696 1536 2762 1590 M
2810 1535 3042 1591 mediam
3070 1539 3303 1604 partem.

1743 1625 1928 1682 Prima
1958 1628 2157 1683 occidit
2190 1627 2629 1699 splendidissima
2667 1625 2912 1688 Corouaa.
2957 1624 3147 1678 ultima
3184 1635 3307 1694 quae

1747 1729 1832 1775 est
1858 1720 2232 1783 o‘bscurior,et
2260 1732 2535 1790 postrema
2564 1717 2908 1775 succedentis
2929 1716 3142 1772 circuli.
3175 1714 3308 1770 Cul-

1679 1781 1722 1842 Β
1748 1811 1922 1865 minat
1966 1827 2032 1866 ex
2080 1811 2204 1866 aliis
2237 1781 2410 1867 stellis
2444 1810 2595 1881 prior
2628 1809 2808 1864 lucida
2856 1810 2913 1864 in
2962 1808 3307 1864 extremitate

1747 1899 1924 1958 Piscis
1980 1901 2359 1969 australioris;
2390 1911 2444 1957 et
2493 1900 2862 1972 praecedentes
2914 1900 2970 1954 in
3014 1899 3305 1970 parallelo-

1745 2008 2013 2064 grammo,
2036 1993 2181 2064 quod
2210 1993 2314 2063 ipsi
2342 1993 2411 2048 ad
2438 1993 2719 2049 meridiem
2758 1992 2922 2048 situm
2949 1999 3065 2059 est;
3091 1995 3309 2062 postre-

1745 2103 1850 2142 mae
1895 2087 2219 2153 culminant,
2257 2102 2378 2157 quae
2408 2085 2464 2140 in
2505 2085 2684 2141 medio
2717 2099 2948 2156 corpore
2976 2083 3309 2161 Cassiepem,

1744 2187 1802 2234 et
1828 2194 1948 2250 qua:
1981 2179 2037 2233 in
2076 2179 2302 2234 sinistra
2334 2192 2498 2232 manu
2528 2176 2913 2232 Andromeda).
2942 2174 3160 2231 Occidit
3203 2174 3310 2231 Co-

1746 2285 1881 2326 rona
1908 2270 2299 2341 propemodum
2337 2269 2468 2324 hora
2493 2283 2623 2324 una.

1815 2534 1950 2590 Cum
1982 2529 2295 2603 lngeniculo
2322 2528 2522 2585 occidit
2555 2530 2814 2586 zodiacus
2860 2545 2889 2584 a
2919 2529 3090 2601 gradu
3123 2529 3307 2603 Sagit-

1744 2627 1870 2681 tarii
1896 2625 1961 2679 14
1988 2623 2057 2679 ad
2081 2621 2307 2693 Aquarii
2348 2621 2449 2690 l6;
2477 2622 2738 2677 culminat
2768 2621 2837 2676 ab
2866 2621 3088 2692 Aquarii
3112 2621 3203 2688 25,
3236 2622 3308 2679 ad

1745 2717 1987 2773 medium
2022 2714 2056 2770 8
2079 2712 2268 2768 Tauri.
2303 2710 2458 2767 Prior
2489 2712 2691 2767 occidit
2721 2728 2842 2782 qua:
2864 2721 2949 2768 est
2970 2713 3026 2767 in
3049 2715 3308 2770 extremi-

1744 2817 1858 2866 tate
1908 2808 2114 2863 dextraa
2163 2819 2396 2872 manus;
2431 2804 2618 2859 ultima
2647 2820 2767 2874 qua}
2796 2805 2851 2858 in
2897 2804 3121 2860 sinistro
3147 2806 3304 2876 pede.

1744 2899 2021 2958 Culminat
2047 2915 2115 2955 ex
2162 2896 2285 2953 aliis
2317 2896 2493 2953 stellis
2544 2895 2781 2967 primum
2822 2910 2942 2967 qua:
2983 2896 3040 2952 in
3078 2898 3307 2969 Aquarii

1748 3006 1891 3063 aqua
1921 2989 2133 3060 adjacet
2163 2989 2230 3042 iis
2256 3003 2378 3058 quae
2408 2994 2535 3041 sunt
2566 2986 2620 3039 in
2652 2984 3126 3057 4'conglobatione
3155 2996 3306 3044 :tum

1748 3080 1807 3136 in
1836 3080 1988 3151 Equo
2013 3078 2283 3135 borealior
2305 3091 2518 3140 earum,
2545 3092 2665 3147 quae
2691 3077 2742 3129 in
2778 3091 3005 3147 corpore
3033 3078 3309 3134 continua:

1746 3181 1904 3240 sunt;
1934 3174 2062 3227 item
2092 3170 2316 3226 sinister
2345 3169 2604 3224 humerus
2631 3167 2830 3239 Cephei
2869 3168 2962 3239 qui
2985 3169 3123 3226 citra
3145 3173 3310 3227 meri-

1745 3263 1890 3319 diem
1920 3270 2004 3318 est
2031 3261 2389 3318 semicubitali
2424 3260 2536 3316 fere
2567 3262 2763 3333 spatio.
2801 3258 3084 3317 Postrema
3112 3263 3309 3318 culmi-

1745 3365 1839 3410 nat
1866 3371 1933 3411 ex
1965 3352 2335 3425 quadrilatero
2363 3351 2481 3407 Ceti
2512 3368 2637 3423 quae
2662 3352 2961 3407 australior
2992 3364 3078 3410 est
3116 3369 3309 3411 succe-

1745 3447 1988 3502 dentium
2021 3444 2347 3509 lucidarum,
2388 3453 2443 3499 et
2471 3459 2591 3515 quae
2636 3443 2704 3498 ad
2745 3443 3026 3500 meridiem
3076 3446 3180 3502 sita
3223 3455 3310 3502 est

1745 3538 1927 3594 lucida
1962 3552 2158 3593 carens
2179 3536 2428 3592 nomine.
2463 3535 2677 3592 Occidit
2701 3535 3051 3608 Ingeuiculus
3077 3539 3228 3595 horis
3241 3539 3307 3605 ,4,

1745 3632 1827 3687 56'
1861 3631 2098 3686 circiter.

1817 3892 2004 3948 XXIV.
2022 3893 2322 3966 Anguifero
2345 3895 2648 3961 occidente,
2663 3894 2943 3952 descendit
2971 3910 3075 3951 una
3101 3897 3309 3953 zodiaci

1747 4001 1911 4041 arcus
1942 4002 1972 4039 a
1993 3986 2205 4058 Scorpii
2238 3987 2297 4040 il
2322 3989 2491 4056 gradu
2521 3988 2586 4041 ad
2608 3987 2924 4058 Capricorni
2953 3989 2987 4042 2
3007 4005 3022 4054 ;
3046 3990 3310 4044 culminat

1748 4091 1777 4130 a
1808 4075 2130 4146 Capricorni
2158 4076 2228 4131 25
2249 4075 2314 4129 ad
2346 4074 2587 4131 Piscium
2628 4075 2687 4128 11
2723 4075 2981 4130 medium.
3007 4075 3186 4131 Prima
3221 4091 3310 4131 oc-

1746 4166 2080 4233 cidit'stella,
2114 4183 2233 4237 qua:
2270 4167 2435 4222 estin
2478 4166 2703 4221 sinistro
2733 4165 2903 4235 pede;
2938 4167 3149 4230 ultima,
3186 4182 3308 4237 quae

1746 4264 1830 4312 est
1857 4257 1911 4310 in
1942 4256 2142 4326 capite.
2173 4256 2449 4311 Culminat
2479 4271 2545 4309 ex
2579 4255 2700 4310 aliis
2721 4255 2893 4310 stellis
2918 4255 3090 4324 prior,
3125 4255 3312 4325 Capri-

1746 4350 1899 4405 corni
1943 4349 2243 4406 succedens
2280 4348 2335 4402 in
2369 4347 2566 4412 cauda,
2622 4354 2677 4402 et
2710 4347 2881 4418 Cygni
2927 4346 3307 4403 borealissima

1746 4457 1813 4498 ex
1843 4442 1913 4496 iis
1943 4457 2064 4514 qua:
2094 4441 2294 4497 suntin
2317 4440 2402 4494 ala
2431 4440 2619 4494 dextra
2640 4458 2654 4493 :
2674 4439 2862 4492 ultima
2890 4453 3039 4504 vero,
3072 4454 3194 4509 qua:
3222 4446 3307 4494 est

1744 4538 1800 4593 in
1832 4538 2009 4607 capite
2037 4537 2364 4607 Cassiepeae,
2393 4543 2446 4592 et
2476 4551 2640 4607 parva
2657 4551 2777 4606 quae
2810 4536 2864 4590 in
2886 4535 3004 4605 ejus
3026 4544 3110 4592 est
3131 4537 3302 4592 solio:

1741 4640 1855 4685 tum
1894 4631 2131 4686 borealis
2174 4630 2410 4684 maxime
2440 4645 2507 4683 ex
2560 4629 2644 4683 his
2687 4643 2806 4697 quae
2835 4635 2963 4682 sunt
3001 4627 3056 4682 in
3086 4635 3306 4698 pectore

1742 4719 2101 4774 Andromedae
2133 4738 2146 4774 :
2180 4727 2236 4774 et
2267 4718 2666 4773 australissima
2708 4731 2894 4771 earum
2927 4733 3047 4787 quae
3087 4724 3214 4771 sunt
3247 4717 3310 4772 in.

1742 4810 1914 4864 cauda
1946 4808 2084 4873 Ceti,
2116 4809 2396 4879 paululum
2424 4808 2558 4862 citra
2581 4806 2940 4864 meridianum
2969 4807 3168 4878 posita.
3196 4806 3309 4863 Oc—

1742 4901 1876 4956 cidit
1899 4899 2221 4972 Ophiuchus
2260 4900 2408 4955 horis
2439 4898 2551 4954 fere
2580 4899 2633 4954 5.

1809 5124 1942 5179 Cum
1965 5123 2249 5195 Serpcnle,
2270 5141 2428 5195 quem
2459 5135 2603 5183 tenet
2636 5127 2974 5200 Ophiuchus.
2994 5127 3195 5184 occidit
3217 5144 3307 5184 ar-

1742 5232 1840 5272 cus
1864 5216 2069 5271 zodiaci
2097 5232 2127 5269 a
2156 5215 2368 5288 Scorpii
2401 5227 2554 5289 parte
2601 5220 2670 5274 26
2692 5221 2869 5277 media
2919 5219 2987 5275 ad
3032 5231 3241 5292 partem
3270 5222 3305 5277 9

1740 5304 2092 5376 Capricorni;
2122 5308 2385 5363 culminat
2422 5310 2491 5364 ab
2530 5310 2758 5382 Aquarii
2788 5312 2831 5367 8
2857 5311 2928 5368 ad
2965 5314 3197 5369 mediam
3235 5312 3307 5370 20

1741 5395 2001 5452 Piscium.
2032 5396 2230 5454 Prima:
2256 5401 2426 5456 stella:
2452 5402 2792 5459 descendunt
2813 5420 2932 5474 quae
2950 5413 3078 5460 sunt
3105 5407 3158 5459 in
3181 5420 3307 5460 cor-

1742 5504 1896 5559 pore,
1927 5504 2245 5547 communes
2278 5494 2513 5550 sinistrze
2537 5497 2720 5550 manui
2744 5495 3055 5567 Anguiferi;
3088 5497 3304 5558 ultima.

1742 5595 1862 5649 qua:
1893 5579 2050 5634 estin
2082 5592 2325 5638 extrema
2360 5584 2554 5640 cauda.
2587 5583 2862 5638 Culminat
2885 5600 2951 5639 ex
2980 5583 3104 5638 aliis
3134 5583 3307 5637 stellis

1739 5672 1912 5741 prior,
1944 5687 2063 5742 qua:
2109 5682 2193 5729 est
2228 5674 2284 5728 in
2334 5675 2527 5730 dextro
2558 5674 2695 5745 pede
2735 5674 2960 5747 Cephei,
3004 5683 3058 5730 et
3087 5690 3206 5745 qua:
3245 5674 3306 5732 in

1740 5765 1919 5822 media
1950 5782 2087 5822 urna
2123 5768 2350 5838 Aquarii
2382 5769 2572 5824 ultima
2596 5782 2812 5838 earum,
2836 5766 3147 5831 australior.
3178 5780 3301 5831 quae
