3816 6324
463 319 600 378 “0.5
1445 315 1536 370 AD
1560 313 1826 369 EUSEBII
1863 312 2255 371 CHRONICON
2283 313 2649 370 APPENDIX.
3563 313 3688 370 “04

463 443 592 494 sunt
630 437 687 492 in
709 435 880 492 cauda
911 433 1085 490 Piscis
1107 431 1398 497 australis;
1436 439 1488 486 et
1524 447 1647 502 qua:
1678 438 1762 486 est
1789 430 1843 486 in
1879 445 2022 502 genu

2152 433 2286 496 »έως,
2312 433 2406 486 καὶ
2433 433 2461 485 6
2501 433 2559 484 ἐν
2589 429 2729 501 μέσῃ
2751 431 2818 499 τῇ
2851 427 3065 482 κάλπιδι
3087 429 3181 482 τοῦ
3211 429 3523 501 Ύδροχόου,
3550 431 3678 502 ἔσχα

461 530 793 601 Cassiepeze.
816 527 1027 584 Occidit
1049 525 1285 595 Serpens
1311 523 1471 592 boris
1498 523 1611 578 fere
1640 524 1693 577 '5.

2152 541 2218 586 τος
2243 523 2298 577 δὲ
2329 523 2420 578 τοῦ
2450 540 2506 575 τε
2540 522 2714 575 νοτίου
2751 521 2952 591 Ἰχθύος
2989 523 3018 574 6
3043 521 3359 592 νοτιώτερος
3399 521 3512 575 τῶν
3542 525 3598 576 ὲν
3635 528 3691 594 τῇ

2127 616 2282 687 οὐρᾷ,
2314 615 2408 668 καὶ
2435 615 2533 685 τῆς
2557 614 2933 677 Κασσιεπείας
2960 615 2989 667 6
3015 616 3072 668 ὲν
3103 613 3182 684 τῷ
3214 614 3425 683 γόνατι.
3461 614 3619 667 Δύνει
3646 617 3691 669 δὲ

2126 709 2155 760 6
2173 709 2334 776 Ὄφις
2360 707 2419 762 ἐν
2441 705 2608 778 ὥραις
2635 711 2684 773 γ’
2707 706 2785 767 ὼς
2809 705 3052 774 ἔγγιστα.

527 811 664 866 Cum
698 809 838 880 Lyra
876 802 1154 861 descendit
1201 818 1330 873 pars
1378 799 1626 866 zodiaci,
1668 815 1791 870 qua:
1833 809 1917 854 est
1954 797 2024 852 ab

459 901 687 971 Aquarii
709 908 861 969 parte
886 897 920 951 4
948 897 1016 952 ad
1047 896 1150 963 £2;
1183 896 1445 949 culminat
1473 894 1542 948 ab
1564 893 1767 949 Arietis
1796 892 1868 947 25
1905 907 2023 947 me-

468 998 555 1052 dia
583 993 650 1048 ad
680 991 845 1047 Tauri
868 991 922 1045 '5.
946 989 1126 1043 Prima
1156 987 1359 1043 occidit
1387 987 1568 1050 stella,
1597 985 1914 1057 praecedens
1942 985 2026 1038 lu-

468 1088 736 1150 cidarum,
760 1098 883 1154 quae
911 1089 1039 1137 sunt
1069 1080 1126 1135 in
1151 1080 1322 1151 jugo;
1355 1079 1567 1143 ultima,
1600 1093 1722 1148 qua:
1747 1093 1778 1132 a
1809 1084 2027 1147 septen—

467 1177 738 1233 trionibus
770 1175 982 1245 adjacet
1009 1173 1220 1228 lucidaa.
1249 1170 1526 1226 Culminat
1553 1185 1618 1225 ex
1662 1170 1784 1224 aliis
1830 1169 2027 1240 prima,

466 1268 646 1324 media
672 1268 909 1330 illarum,
933 1279 1051 1336 quae
1076 1265 1130 1319 in
1153 1262 1353 1318 Arietis
1368 1262 1573 1329 cauda;
1596 1261 1810 1324 ultima,
1839 1274 2029 1316 earum

468 1359 771 1424 stellarum,
795 1372 916 1428 qua:
942 1357 1086 1411 inter
1109 1369 1378 1411 summam
1406 1351 1686 1423 cuspidem
1713 1350 1951 1406 Pleiadis
1975 1356 2030 1402 et

471 1453 815 1515 Sucularum,
849 1465 970 1520 quae
1018 1456 1147 1505 sunt
1178 1447 1234 1502 in
1261 1445 1453 1502 dextra
1486 1445 1686 1507 fronte,
1721 1445 1839 1498 sitae
1880 1449 2028 1504 sunt,

469 1544 741 1600 borealior
780 1550 836 1598 et
877 1539 1232 1611 splendidior,
1263 1539 1424 1594 besse
1454 1537 1622 1594 cubiti
1660 1535 1775 1591 fere
1821 1534 2034 1588 distans

2198 801 2308 870 Τῆς
2330 798 2386 851 δὲ
2413 799 2593 870 Δύρας
2616 796 2898 866 δυνούσης,
2924 796 3313 864 συγκαταδύνει
3343 797 3444 865 μὲν
3471 797 3501 847 6
3525 795 3692 860 ζωδια-

2130 891 2224 955 κὸς
2248 891 2355 944 ἀπὸ
2377 889 2468 944 τοῦ
2501 888 2785 960 ’Υδροχόου
2813 889 2922 959 μοί.
2945 888 2983 941 δ
3011 888 3114 951 ἕως
3149 887 3440 958 ’Υδροχόου
3475 888 3586 958 μοί.
3618 887 3692 956 ιβ’·

2135 983 2454 1054 μεσουρανεῖ
2492 981 2548 1034 δὲ
2577 980 2685 1033 ἀπὸ
2722 979 2896 1051 Κριοῦ
2928 987 2974 1048 γ’
3009 981 3102 1034 καὶ
3132 987 3179 1033 κ’
3218 981 3392 1050 μέσης
3433 981 3540 1044 ἕως
3568 981 3694 1034 Tau-

2133 1091 2228 1144 ρου
2264 1079 2333 1141 γ’.
2379 1071 2489 1126 Καὶ
2518 1078 2566 1126 α’
2607 1071 2705 1142 μὲν
2735 1071 2912 1142 ἀστὴρ
2954 1071 3095 1124 δύνει
3121 1073 3150 1125 6
3182 1070 3490 1142 ἡγούμενος
3516 1072 3624 1123 τῶν
3649 1073 3695 1124 ἐν

2131 1162 2207 1234 τῷ
2252 1161 2532 1233 ζυγώματι
2579 1161 2870 1232 λαμπρῶν,
2912 1161 3137 1231 ἔσχατος
3183 1161 3228 1214 δ’
3265 1162 3294 1214 6
3345 1163 3445 1213 ἀπ’
3495 1163 3697 1235 ἄρκτων

2132 1254 2534 1326 παρακείμενος
2560 1253 2637 1324 τῷ
2657 1253 2912 1324 λαμπρῷ.
2955 1255 3294 1325 Μεσουρανεῑ
3314 1253 3371 1306 δὲ
3391 1253 3503 1306 τῶν
3538 1254 3697 1308 ἄλλων

2133 1354 2180 1400 α’
2222 1347 2320 1417 μὲν
2363 1347 2391 1399 6
2421 1346 2582 1417 μέσος
2614 1344 2722 1399 τῶν
2760 1348 2817 1398 ὲν
2849 1348 2915 1416 τῇ
2946 1346 3084 1416 οὐρᾷ
3125 1341 3220 1398 τοῦ
3255 1345 3454 1416 Κριοῦ,
3488 1346 3698 1418 ἔσχατος

2132 1439 2186 1493 δὲ
2211 1438 2318 1493 τῶν
2347 1437 2549 1510 μεταξὺ
2583 1437 2675 1491 τοῦ
2706 1455 2765 1490 τε
2794 1437 3052 1504 ὀξυτάτου
3074 1437 3174 1508 τῆς
3197 1439 3459 1502 Πλειάδος
3488 1440 3700 1492 καὶτῶν

2144 1530 2370 1595 Ὑάδων,
2402 1529 2512 1582 τῶν
2537 1530 2629 1582 ἐπὶ
2666 1529 2760 1582 τοῦ
2790 1528 2964 1594 δεξιοῦ
3000 1528 3278 1600 μετώπου,
3306 1533 3337 1584 6
3376 1530 3699 1604 βορειότερος

473 1651 503 1690 a
532 1634 854 1691 meridiano.
890 1632 1023 1688 Item
1053 1633 1109 1686 in
1140 1630 1348 1700 majore
1379 1630 1588 1684 ambitu
1616 1626 1790 1682 Fluvii
1817 1625 2034 1682 Orionis

2152 1621 2312 1676 ιὺτῶν
2347 1623 2435 1676 καὶ
2468 1621 2882 1693 ὲκφανέστερος,
2911 1621 3341 1693 ὑπολειπόμενος
3371 1623 3470 1677 τοῦ
3504 1641 3696 1695 μεσημ-

474 1724 714 1782 secunda
741 1725 808 1780 ad
859 1723 1310 1796 septentrionem,
1338 1728 1393 1776 et
1419 1720 1622 1784 lucida,
1651 1734 1682 1773 a
1735 1718 2034 1774 meridiano

2152 1712 2319 1784 ερινοῦ
2345 1711 2418 1776 ὡς
2457 1711 2502 1782 β’
2542 1711 2680 1783 μέρη
2724 1712 2941 1782 πήχεως
2961 1729 2974 1743 ο
3011 1713 3106 1766 καὶ
3147 1712 3248 1784 τῆς
3281 1714 3530 1787 μεγάλης
3562 1733 3700 1787 περι-

472 1818 685 1873 distans
711 1816 937 1872 semisse
961 1814 1129 1870 cubiti
1153 1832 1167 1880 ;
1191 1813 1319 1868 item
1349 1827 1471 1882 quae
1495 1811 1637 1865 inter
1656 1809 2028 1880 prmcisionem

2152 1807 2355 1880 ρερείας
2396 1807 2490 1861 τοῦ
2511 1808 2618 1861 ἀπὺ
2641 1807 2736 1861 τοῦ
2777 1809 3028 1880 Ὠρίωνος
3057 1810 3312 1880 Ποταμοῦ
3351 1812 3381 1864 6
3407 1811 3454 1881 β’
3480 1812 3591 1866 τῶν
3618 1815 3700 1866 ἀπ’

475 1907 664 1974 Tauri,
695 1916 750 1962 et
776 1921 934 1970 eam,
972 1921 1092 1976 quae
1131 1912 1214 1960 est
1259 1904 1316 1958 in
1370 1903 1617 1974 scapula,
1662 1901 1821 1957 besse
1863 1899 2033 1955 cubiti

475 1998 787 2068 praecedens
815 1996 1201 2052 meridianum.
1224 1993 1434 2050 Occidit
1462 1993 1604 2065 Lyra
1633 1993 1842 2049 duabus
1874 1992 2036 2046 unius

476 2103 625 2146 ἔσται
651 2088 926 2159 partibus.

538 2372 724 2444 Cygno
752 2369 1116 2427 descendente
1174 2367 1435 2426 zodiacus
1479 2367 1680 2423 occidit
1713 2368 1781 2422 ab
1808 2364 2037 2436 Aquarii

481 2473 633 2536 parte
656 2464 835 2520 media
861 2464 893 2519 5
920 2464 986 2517 ad
1033 2464 1272 2517 Piscium
1299 2463 1398 2529 14;
1435 2461 1700 2516 culminat
1737 2459 1805 2512 ab
1835 2459 2038 2513 Arietis

478 2557 549 2612 24
587 2556 764 2612 media
805 2555 873 2610 ad
912 2554 1263 2610 Geminorum
1297 2552 1380 2608 12.
1419 2551 1601 2604 Prima
1635 2550 1836 2605 occidit
1858 2549 2036 2614 stella,

480 2668 602 2723 qua
630 2659 714 2707 est
740 2651 795 2704 in
818 2650 958 2704 rictu
991 2647 1130 2718 Equi
1156 2665 1171 2714 ;
1213 2645 1426 2709 ultima,
1448 2644 1721 2699 borealior
1739 2659 1801 2698 ex
1829 2642 1897 2696 iis
1921 2656 2042 2712 quae

481 2752 611 2800 sunt
639 2745 695 2798 in
717 2743 1060 2797 extremitate
1087 2741 1183 2793 alue
1215 2738 1442 2792 dextrze.
1477 2735 1554 2789 Ex
1581 2737 1704 2791 aliis
1728 2736 1899 2790 stellis
1923 2735 2040 2788 cul-

482 2837 654 2890 minat
683 2834 834 2905 prior
856 2831 1036 2886 lucida
1055 2832 1109 2884 in
1137 2829 1329 2884 dextro
1359 2829 1565 2884 femore
1586 2826 1804 2893 Persei;
1837 2835 1890 2881 et
1917 2839 2042 2882 suc-

481 2927 682 2983 cedens
718 2940 904 2982 earum
945 2939 1066 2995 qua:
1108 2923 1161 2976 in
1191 2919 1366 2976 cauda
1397 2926 1526 2976 sunt
1567 2919 1810 2986 Arietis;
1849 2917 2042 2971 ultima

482 3033 634 3084 vero,
655 3033 780 3074 cum
831 3017 989 3072 tertia
1023 3016 1090 3070 ab
1127 3029 1330 3068 occasu
1379 3027 1604 3076 earum,
1638 3027 1760 3081 quae
1809 3017 1936 3065 sunt
1984 3009 2042 3063 in

483 3107 710 3177 pedibus
733 3105 1080 3162 Geminorum
1119 3119 1132 3154 :
1161 3110 1274 3156 tum
1302 3101 1631 3157 antecedens
1660 3101 1825 3155 trium
1857 3100 1911 3153 in
1949 3114 2041 3170 ge-

2139 1901 2336 1973 ἄρκτου
2367 1901 2461 1953 καὶ
2505 1900 2778 1971 λαμπρὸς,
2816 1900 3242 1973 ὑπολειπόμενος
3267 1903 3364 1957 τοῦ
3408 1904 3702 1988 μόεσημϐρι-

2137 1991 2227 2044 νοῦ
2265 1991 2341 2054 ὡς
2373 1991 2706 2062 ἡμιπήχιον·
2751 1993 2843 2045 καὶ
2885 1995 2914 2045 6
2964 1991 3166 2062 μεταξὺ
3199 1995 3300 2064 τῆς
3327 2012 3388 2047 τε
3438 1996 3702 2068 ἀποτομῆς

2138 2081 2230 2134 τοῦ
2259 2081 2471 2152 Ταύρου
2500 2083 2594 2135 καὶ
2629 2082 2725 2135 τοῦ
2756 2085 2812 2136 ὲν
2852 2086 2920 2156 τῇ
2949 2084 3270 2157 ὠμοπλάτη,
3304 2088 3703 2158 προηγούμενος

2137 2174 2232 2228 τοῦ
2273 2173 2644 2244 μεσημϐρινοῦ
2692 2175 2767 2238 ὼς
2816 2175 2858 2245 β’
2902 2177 3046 2247 μέρη
3093 2178 3334 2247 πήχεως.
3384 2179 3544 2232 Δύνει
3581 2180 3633 2233 δὲ
3673 2181 3701 2250 ἡ

2140 2263 2293 2336 Λύρα
2321 2266 2377 2317 ἐν
2404 2264 2524 2317 δυσὶ
2555 2265 2776 2336 μέρεσιν
2803 2265 2972 2336 ὧρας.

2207 2356 2312 2410 Τοῦ
2340 2357 2396 2410 δὲ
2430 2357 2680 2428 Ὄρνιθος
2710 2357 2958 2422 δύνοντος
3004 2359 3398 2428 συγκαταδύνει
3433 2361 3534 2430 μὲν
3573 2359 3702 2430 αύτῷ

2137 2453 2164 2504 6
2207 2449 2468 2513 ζωδιακὸς
2510 2450 2617 2502 ἀπὸ
2666 2449 2758 2502 τοῦ
2811 2449 3096 2522 ’Υδροχόου
3147 2453 3257 2522 μοί.
3311 2459 3351 2504 ε’
3401 2453 3573 2522 μέσης
3614 2453 3703 2514 ἕως

2152 2540 2368 2612 Ἰχθύων
2401 2542 2511 2612 μοί.
2546 2541 2645 2593 ιδ’·
2680 2544 3004 2613 μεσουρανεῖ
3033 2542 3089 2595 δὲ
3125 2544 3234 2596 ἀπὸ
3258 2544 3356 2596 τοῦ
3395 2542 3568 2614 Κριοῦ
3605 2544 3697 2613 μοί.

2139 2633 2179 2686 δ’
2210 2635 2304 2688 καὶ
2345 2641 2392 2687 κ’
2425 2633 2596 2704 μέσης
2626 2634 2732 2698 ἓως
2763 2634 3008 2706 Διδύμων
3043 2633 3132 2705 ιβ’.
3175 2635 3288 2689 Καὶ
3333 2643 3382 2689 α’
3418 2637 3516 2706 μὲν
3547 2636 3701 2707 ἀστὴρ

2139 2726 2198 2780 δύ
2207 2744 2282 2780 νει
2296 2726 2325 2778 6
2340 2727 2397 2777 ὲν
2412 2725 2490 2796 τῷ
2507 2724 2694 2796 ῥύγχει
2707 2725 2819 2796 [τοῦ
2834 2726 3055 2798 Ἵππου]
3066 2767 3078 2789 ,
3093 2727 3316 2798 ἔσχατος
3333 2727 3393 2781 δὲ
3407 2730 3438 2782 6
3454 2727 3702 2800 βορειότε-

2145 2836 2234 2889 ρος
2247 2817 2355 2872 τῶν
2368 2820 2424 2871 ὲν
2440 2818 2583 2889 ἄκρᾳ
2602 2820 2668 2889 τῇ
2689 2818 2836 2888 δεξιᾷ
2849 2819 3101 2890 πτέρυγι.
3119 2820 3466 2890 Μεσουρανοῦ
3475 2838 3525 2873 σι
3544 2821 3596 2874 δὲ
3611 2821 3702 2873 τῶν

2140 2910 2312 2964 ἄλλων
2333 2911 2577 2984 ἀστέρων
2598 2911 2803 2982 πρῶτοι
2829 2912 2929 2981 μὲν
2953 2911 3047 2964 τοῦ
3064 2912 3317 2985 Περσέως
3339 2915 3370 2966 6
3399 2914 3457 2965 ὲν
3477 2913 3551 2984 τῷ
3565 2913 3702 2981 δεξιῷ

2145 2999 2302 3070 μηρῷ
2327 3000 2598 3071 λαμπρὸς,
2639 3000 2733 3053 καὶ
2755 2999 2848 3052 τοῦ
2874 3000 3044 3071 Κριοῦ
3068 3003 3097 3054 6
3123 3001 3391 3072 ἑπόμενος
3419 3003 3528 3056 τῶν
3557 3005 3610 3054 ὲν
3643 3006 3698 3071 τῇ

2142 3093 2307 3164 ούρᾷο
2344 3092 2557 3162 ἔσχατοι
2586 3093 2642 3146 δὲ
2675 3093 2782 3145 τῶν
2807 3093 3051 3164 Διδύμων
3092 3096 3120 3149 ὃ
3165 3113 3225 3148 τε
3268 3097 3455 3168 τρίτος
3483 3097 3586 3150 ἀπὸ
3626 3096 3703 3149 δύ-

487 3196 682 3259 nibus;
714 3196 856 3249 ultra
887 3194 1166 3249 meridiem
1207 3191 1313 3245 sita
1347 3191 1498 3262 131
1535 3190 1900 3247 semicubitali
1933 3189 2042 3246 fere

2152 3202 2282 3248 σεως
2307 3183 2414 3236 τῶν
2439 3187 2496 3237 ὲν
2533 3188 2646 3248 τοῖς
2677 3187 2820 3249 ποσὶ,
2849 3187 2943 3238 καὶ
2967 3186 2995 3238 6
3037 3185 3343 3256 ἡγούμενος
3379 3187 3492 3240 τῶν
3527 3189 3583 3240 ὲν
3607 3187 3701 3247 τοῖς

487 3290 680 3360 spatio.
705 3287 917 3344 Occidit
945 3286 1164 3358 Cygnus
1196 3287 1349 3343 horis
1379 3285 1600 3341 circiter
1638 3285 1691 3352 '5,
1730 3284 1831 3340 10'.

560 3553 724 3608 XXV.
767 3551 969 3621 Cephei
1013 3553 1195 3618 partes
1237 3559 1315 3599 ea:
1362 3544 1538 3599 solum
1587 3541 1878 3603 occidunt,
1929 3556 2049 3610 qua:

491 3655 618 3703 sunt
646 3645 711 3699 ad
743 3650 923 3713 caput.
948 3639 1086 3695 Cum
1115 3652 1178 3691 eo
1204 3635 1484 3691 descendit
1516 3635 1774 3689 zodiacus
1803 3634 1872 3688 ab
1897 3632 2051 3688 Arie-

490 3739 561 3793 tis
595 3738 627 3791 8
666 3742 816 3804 parte
862 3731 1037 3786 media
1073 3729 1141 3784 ad
1170 3729 1272 3794 M;
1307 3727 1568 3782 culminat
1593 3740 1620 3778 a
1671 3723 1864 3778 Cancri
1917 3724 1950 3778 9
1984 3724 2049 3780 ad

494 3828 580 3881 16.
632 3825 814 3878 Prima
859 3821 1015 3876 stella
1061 3819 1306 3874 occidit.
1341 3856 1354 3868 .
1389 3855 1404 3870 .
1439 3855 1452 3870 .
1484 3815 1759 3869 Culminat
1813 3831 1879 3870 ex
1926 3815 2048 3868 aliis

495 3916 666 3972 stellis
705 3914 896 3984 prima,
937 3910 1226 3965 australior
1251 3906 1444 3961 Cancri
1468 3921 1533 3960 ex
1565 3907 1650 3961 his
1679 3922 1798 3976 quae
1829 3907 1896 3960 ab
1926 3914 2047 3959 ortu

493 4009 641 4062 circa
671 4002 994 4058 nubeculam
1041 3999 1160 4054 sitae
1192 4007 1340 4064 sunt,
1386 3997 1664 4066 paululum
1697 3997 1833 4050 citra
1884 3997 2050 4050 meri-

495 4103 636 4156 diem
682 4097 897 4169 posita:
926 4103 1037 4148 tum
1069 4089 1270 4154 lucida,
1301 4104 1421 4160 qua:
1468 4088 1522 4141 in
1569 4087 1912 4142 extremitate
1950 4088 2056 4141 Ar-

495 4211 596 4264 gus
642 4189 892 4246 :ultimaz
951 4186 1286 4248 culminant,
1340 4180 1520 4237 lucida
1577 4181 1631 4236 in
1685 4182 2053 4238 anterioribus

497 4286 649 4342 Ursa:
677 4282 923 4354 genibus,
956 4278 1233 4346 paululum
1266 4277 1400 4330 citra
1427 4274 1786 4330 meridianum
1818 4275 1953 4340 sita;
2001 4282 2055 4330 et

2149 3277 2336 3345 γόνασι
2375 3284 2446 3344 γ’,
2477 3277 2886 3348 προηγούμενος
2923 3277 3017 3330 τοῦ
3055 3279 3454 3350 μεσημϐρινοῦ,
3487 3280 3561 3342 ὡς
3597 3281 3704 3349 ἡμι-

2150 3367 2359 3436 πὴχιον.
2411 3368 2568 3419 Δύνει
2619 3367 2675 3420 δὲ
2712 3369 2739 3420 6
2775 3371 2962 3440 Ὄρνις
2997 3371 3054 3421 ὲν
3091 3368 3265 3440 ὥραις
3312 3376 3362 3438 γ’
3400 3372 3496 3424 καὶ
3534 3378 3585 3435 ς·’
3621 3369 3704 3441 μέ-

2151 3474 2254 3529 ρει.

2221 3552 2348 3605 KE'.
2373 3550 2475 3603 Τοῦ
2489 3550 2544 3603 δὲ
2562 3549 2795 3620 Κηφέως
2815 3551 2960 3604 δύνει
2981 3552 3050 3605 τὰ
3067 3553 3300 3624 περὶτὴν
3315 3555 3557 3626 κεφαλὴν
3578 3557 3701 3626 μέρη

2153 3637 2332 3706 μόνον.
2359 3637 2468 3690 Καὶ
2502 3637 2888 3705 συγκαταδύνει
2926 3639 3022 3710 μὲν
3049 3641 3199 3712 αὐτῷ
3236 3645 3265 3696 6
3316 3642 3578 3709 ζωδιακὸς
3610 3645 3703 3698 ἀπὸ

2151 3729 2320 3801 Κριοῦ
2371 3730 2478 3800 μοί·
2523 3738 2572 3803 η’
2613 3731 2783 3803 μέσης
2827 3734 2931 3798 ἓως
2975 3735 3144 3807 Κριοῦ
3184 3738 3278 3790 ιδό
3317 3738 3701 3811 μεσουρανείδὲ

2151 3822 2257 3874 ἀπὸ
2276 3822 2548 3892 Καρκίνου
2583 3826 2696 3895 μοί.
2722 3825 2765 3877 θ’
2791 3825 2894 3890 ἕως
2922 3829 3195 3899 Καρκίνου
3216 3831 3326 3900 μοί.
3357 3840 3431 3896 ις’
3460 3834 3526 3888 θ’.
3544 3833 3642 3885 Καὶ
3661 3835 3702 3882 α’

2157 3913 2252 3982 μὲν
2293 3913 2468 3986 ἀστὴρ
2503 3914 2677 3968 δύνειο
2715 3919 3102 3989 μεσουρανοῦσι
3133 3920 3190 3973 δὲ
3222 3920 3332 3974 τῶν
3361 3922 3535 3976 ἄλλων
3564 3922 3699 3975 ἀστέ-

2156 4021 2261 4075 ρων
2290 4003 2335 4058 α’
2360 4006 2456 4075 μὲν
2475 4005 2569 4059 τοῦ
2595 4024 2653 4060 τε
2680 4009 2954 4080 Καρκίνου
2976 4013 3003 4063 6
3020 4011 3336 4082 νοτιώτερος
3349 4013 3460 4067 τῶν
3480 4015 3570 4067 ἀπ’
3592 4015 3701 4067 ἀναν

2153 4096 2308 4168 τολῆς
2363 4099 2490 4170 περὶ
2535 4098 2594 4152 τὸ
2637 4101 2879 4170 νεφέλιον
2923 4103 3209 4174 κειμένων,
3261 4107 3460 4178 μικρδν
3507 4105 3699 4159 ὑπολει-

2153 4187 2384 4257 πόμενος
2421 4189 2512 4242 τοῦ
2545 4191 2937 4263 μεσημϐρινοῦ,
2963 4195 3056 4246 καὶ
3091 4194 3192 4263 τῆς
3234 4195 3466 4266 Ἀργοῦς
3504 4199 3532 4249 6
3561 4198 3611 4249 ὲν
3633 4193 3700 4262 τῷ

2153 4273 2484 4346 ἀκροστολίῳ
2528 4275 2776 4349 λαμπρός
2796 4296 2810 4308 ·
2840 4279 3062 4350 ἔσχατος
3091 4282 3145 4334 δὲ
3184 4283 3286 4353 τῆς
3321 4286 3554 4356 ’Ἄρκτου
3592 4288 3616 4337 6
3651 4286 3700 4336 ἐν

496 4374 548 4427 in
579 4372 788 4428 Cancro
814 4367 989 4423 media
1027 4364 1212 4428 trium,
1247 4380 1368 4434 quae
1408 4371 1538 4419 sunt
1565 4364 1713 4418 circa
1757 4364 2042 4419 australem

2152 4368 2264 4429 τοῖς
2294 4367 2644 4437 ἐμπροσθίοις
2676 4371 2865 4437 γόνασι
2899 4372 3167 4445 λαμπρὸς,
3204 4375 3403 4446 μικρὸν
3441 4374 3698 4429 ὑπολειπό-

493 4464 729 4528 Chelen;
770 4476 868 4515 nec
905 4475 1013 4513 non
1054 4456 1240 4528 llydri,
1274 4471 1395 4526 qua:
1427 4456 1483 4509 in
1516 4453 1698 4509 radice
1726 4455 1886 4518 colli;
1933 4461 2042 4507 tum

2159 4473 2316 4526 μενος
2341 4458 2433 4510 τοῦ
2488 4462 2856 4533 μεσημϐρινοῦ
2879 4479 2890 4493 ·
2925 4465 3017 4517 καὶ⁵
3049 4464 3140 4516 τοῦ
3183 4466 3463 4536 Καρκίνου
3491 4469 3519 4520 6
3557 4466 3698 4535 μέσος

499 4557 673 4612 lucida
702 4556 758 4611 in
783 4553 1155 4613 Navisilatere,
1177 4551 1458 4620 paululum
1491 4549 1631 4603 citra
1662 4547 2042 4602 meridianum.

2152 4547 2256 4601 τῶν
2283 4547 2330 4616 γ’
2355 4549 2464 4602 τῶν
2489 4553 2614 4622 περὶ
2644 4551 2740 4623 τὴν
2770 4555 2948 4607 νοτίαν
2969 4554 3151 4626 Χηλήν
3173 4575 3184 4586 ·
3219 4535 3312 4610 καὶ
3350 4559 3445 4612 τοῦ
3474 4559 3650 4631 Ὕδρου
3674 4556 3698 4606 6

496 4651 590 4702 ἐπὶ
612 4652 710 4721 τῆς
738 4649 1014 4719 ἐκφύσεως
1041 4649 1133 4702 τοῦ
1166 4649 1462 4720 τραχήλων
1493 4649 1585 4700 καὶ
1654 4647 1751 4716 τῆς
1793 4643 2020 4716 Ἀργοῦς
2059 4645 2088 4695 δ
2153 4645 2210 4697 έν
2247 4645 2396 4717 μέσῳ
2441 4647 2518 4718 τῷ
2557 4648 2718 4720 τοίχῳ
2750 4651 2996 4722 λαμπρὸς
3055 4653 3249 4724 μικρὸν
3304 4654 3698 4723 ὑπολειπόμενος

496 4743 586 4796 τοῦ
620 4744 1014 4816 μεσημϐρινοῦ.

567 4877 860 4933 Occidente
883 4877 1169 4948 Cassiepea
1190 4878 1446 4931 zodiacus
1470 4893 1574 4930 una
1594 4877 1792 4932 occidit
1815 4879 1884 4933 ab
1903 4877 2057 4933 Arie-

488 4970 569 5025 ‘tis
592 4969 652 5020 21
701 4968 767 5021 ad
808 4967 971 5020 Tauri
1019 4968 1248 5021 mediam
1293 4975 1500 5035 partem
1545 4968 1649 5034 ‘24;
1683 4969 1944 5022 culminat
1989 4969 2056 5022 ab

2232 4877 2342 4948 Τῆς
2391 4879 2449 4932 δὲ
2496 4882 2862 4945 Κασσιεπείας
2894 4883 3170 4955 δυνούσης,
3211 4888 3590 4954 συγκαταδύνει
3614 4886 3699 4955 μὲν

2165 4971 2298 5041 αύτῇ
2333 4973 2361 5023 6
2385 4971 2641 5036 ζωδιακὸς
2678 4973 2784 5026 ἀπὸ
2814 4973 2985 5044 Κριοῦ
3019 4975 3128 5044 μοί.
3157 4982 3204 5028 α’
3238 4979 3333 5030 καὶ
3359 4979 3407 5031 κ’
3441 4980 3538 5042 ἕως
3574 4976 3696 5029 Ταύ-

500 5060 695 5112 Cancri
735 5059 805 5112 ΞΕ
845 5057 912 5112 ad
944 5056 1180 5127 Virginis
1209 5057 1258 5110 5.
1291 5057 1448 5111 Prior
1477 5059 1675 5113 occidit
1708 5061 1866 5115 stella
1895 5062 2048 5130 capi—

503 5150 605 5213 tis;
633 5149 845 5210 ultima,
879 5163 998 5217 qua:
1041 5156 1124 5202 est
1156 5149 1213 5202 in
1253 5149 1500 5216 pedibus.
1540 5151 1847 5206 Culminant
1879 5151 2057 5221 primo

502 5236 700 5292 Leonis
731 5237 972 5291 anterior
992 5251 1124 5305 pes;
1154 5244 1206 5290 et
1228 5253 1416 5291 earum
1449 5255 1568 5310 qua:
1605 5249 1732 5295 sunt
1762 5242 1817 5294 in
1853 5241 2054 5312 capite,

503 5329 839 5383 lucidissima
884 5344 1028 5383 :nec
1072 5345 1180 5383 non
1217 5330 1381 5402 Hydri
1438 5333 1900 5404 splendidissima.
1963 5334 2057 5389 Ul-

502 5420 658 5485 timo,
689 5418 950 5473 Draconis
984 5421 1221 5475 secunda
1250 5436 1436 5476 earum
1468 5439 1588 5493 qua:
1621 5423 1688 5478 ab
1719 5424 1893 5479 cauda
1929 5433 2058 5480 sunt

507 5509 717 5575 lucidae,
756 5519 809 5564 et
846 5525 1049 5580 quaem
1089 5519 1268 5568 rostro
1301 5513 1491 5582 Corvi;
1535 5529 1636 5569 nec
1683 5530 1792 5570 non
1831 5531 1950 5587 quae
2001 5518 2059 5572 in

575 5667 620 5697 ⁸³
645 5665 769 5730 Req.
798 5664 874 5719 ιδ’.

2165 5079 2259 5132 ρου
2305 5062 2345 5114 δ’
2377 5063 2471 5116 καὶ
2502 5070 2551 5116 κ’
2587 5064 2783 5134 μέσης·
2835 5071 3157 5138 μεσουρανεῖ
3194 5069 3251 5122 δὲ
3292 5071 3402 5123 ἀπὸ
3452 5070 3691 5142 Καρκίνου

2168 5153 2276 5223 μοί.
2308 5151 2348 5206 δ’
2378 5155 2470 5208 καὶ
2502 5162 2547 5208 κ’
2576 5156 2680 5218 ἕως
2707 5157 2976 5228 Παρθένου
3011 5166 3070 5212 ε’.
3101 5161 3209 5212 Καὶ
3235 5169 3282 5215 α’
3309 5162 3410 5233 μὲν
3434 5162 3594 5233 ἀστὴρ
3619 5160 3695 5212 δύ-

2163 5261 2241 5297 νει
2281 5247 2309 5298 6
2341 5247 2396 5298 ὲν
2427 5249 2490 5317 τῇ
2522 5247 2751 5320 κεφαλῇ,
2790 5248 3009 5320 ἔσχατος
3031 5250 3087 5303 δὲ
3115 5254 3145 5304 6
3171 5253 3229 5305 έν
3256 5256 3369 5317 τοῖς
3398 5254 3540 5306 ποσί.
3576 5252 3697 5304 Μεσ-

2163 5337 2444 5407 ουρανοῦσι
2459 5340 2515 5392 δὲ
2532 5340 2639 5393 τῶν
2653 5340 2822 5395 ἄλλων
2843 5341 3083 5412 ἀστέρων
3102 5342 3149 5397 α’
3168 5345 3267 5414 μὲν
3287 5344 3381 5398 τοῦ
3394 5346 3602 5406 Λέοντος
3614 5343 3638 5395 δ
3649 5355 3699 5392 τι

2165 5428 2491 5499 ὲμπρόσθιος
2522 5430 2674 5496 ποῦς,
2699 5431 2791 5484 καὶ
2817 5432 2921 5484 τῶν
2959 5435 3016 5487 ὲν
3039 5437 3104 5505 τῇ
3127 5438 3337 5510 κεφαλῇ
3363 5441 3390 5492 6
3421 5436 3697 5511 λαμπρότιο

2165 5535 2273 5586 τος,
2295 5521 2386 5574 καὶ
2411 5521 2718 5594 τοῦὝδρου
2752 5526 2779 5577 6
2805 5523 3196 5595 λαμπρότατος·
3224 5527 3440 5600 ἔσχατοι
3463 5530 3516 5584 δὲ
3545 5525 3626 5583 τοῦ
3649 5538 3698 5576 τι
