3816 6304
97 352 223 406 1105

1058 348 1422 405 lllPPABClll
1463 349 1552 404 AD
1591 349 2037 406 PHIENOMENA
2079 349 2204 402 LIB.
2249 349 2309 403 ll.

3191 352 3326 408 1106

97 467 396 539 Δράκοντος
419 470 446 520 6
482 466 527 538 β’
561 467 667 520 τῶν
691 469 799 522 ἀπὸ
819 469 915 538 τῆς
943 469 1002 521 ού
1013 471 1110 540 ρᾶς
1130 469 1418 540 λαμπρῶν,
1459 469 1552 521 καὶ
1576 468 1669 521 τοῦ

1790 470 1895 538 Ejus
1934 469 2127 539 capite.
2183 468 2394 523 Occidit
2427 464 2715 538 Cassiepea
2748 466 2899 524 horis
2926 465 2981 532 2,
3026 473 3078 523 et
3117 467 3327 525 duabus

95 561 336 629 Κόρακος
358 560 389 613 ὃ
415 576 475 612 τε
503 561 560 611 ὲν
589 559 666 629 τῷ
699 559 887 629 ῥύγχει
917 562 1012 613 καὶ
1035 564 1064 614 6
1094 562 1150 614 ὲν
1176 564 1240 632 τῇ
1265 561 1493 632 κεφαλῇ.
1513 560 1666 614 Δύνει

93 652 144 704 δὲ
171 653 202 721 ἡ
237 651 584 705 Κασσιέπεια
613 653 672 703 ὲν
695 652 864 722 ὥραις
899 650 943 722 β’
974 652 1068 706 καὶ
1095 652 1216 705 δυσὶ
1257 652 1477 723 μέρεσιν
1497 652 1665 722 ὥρας.

157 744 268 813 Τῆς
297 740 358 795 δὲ
416 743 774 814 Ἀνδρομέδας
822 743 1098 812 δυνούσης,
1137 743 1522 812 συγκαταδύνει
1571 743 1669 811 μὲν

95 838 223 906 αὐτῇ
253 838 285 888 6
329 835 598 900 ζωδιακὸς
624 833 730 888 ἀπὸ
773 833 989 902 Ἰχθύων
1049 821 1106 904 ﬂ"
1151 835 1246 887 καὶ
1275 840 1320 886 κ’
1363 833 1469 904 μοί.
1502 833 1670 903 μέσης

95 927 192 988 ἕως
224 925 401 996 Κριοῦ
432 932 482 995 η’
520 927 612 978 καὶ
635 925 681 979 κ’
717 927 885 997 μέσης
904 943 918 956 ⁸
953 927 1275 997 μεσουρανεῖ
1299 925 1355 978 δὲ
1387 924 1493 977 ἀπὸ
1524 924 1673 976 Διδύ-

99 1036 210 1088 μων
260 1017 311 1071 α’
354 1019 450 1071 καὶ
507 1025 553 1071 κ’
607 1020 778 1088 μέσης
823 1019 928 1081 ἓως
974 1018 1199 1080 Λέοντος
1239 1015 1303 1087 β’.
1348 1017 1456 1070 Καὶ
1492 1022 1538 1069 α’
1575 1016 1673 1085 μὲν

97 1111 266 1182 ἀστὴρ
295 1110 447 1164 δύνει
468 1111 496 1162 6
524 1111 580 1162 ἐν
610 1113 675 1182 τῇ
702 1111 933 1182 κεφαλῇ,
960 1111 1182 1180 ἔσχατος
1205 1111 1261 1163 δὲ
1285 1111 1313 1162 6
1345 1109 1675 1180 βορειότερος

93 1200 194 1253 τῶν
247 1203 308 1252 ὲν
352 1201 434 1271 τῷ
484 1200 639 1271 δεξιῷ
673 1201 812 1254 ποδί.
854 1198 1262 1271 Μεσουρανοῦσι
1292 1200 1348 1252 δὲ
1377 1200 1480 1251 τῶν
1503 1199 1676 1252 ἄλλων

95 1292 337 1363 ἀστέρων
369 1295 428 1344 ὲν
460 1294 601 1364 ἀρχῇ
648 1293 742 1363 μὲν
775 1293 804 1345 ὃ
827 1310 884 1345 τε
914 1295 970 1346 ὲν
994 1292 1072 1362 τῷ
1104 1291 1290 1362 ῥύγχει
1313 1292 1408 1362 τῆς
1437 1291 1676 1362 μεγάλης

100 1384 358 1453 Ἀρκτου,
395 1385 491 1436 καὶ
517 1386 545 1436 6
568 1385 626 1435 ἐν
653 1387 719 1454 τῇ
754 1381 963 1455 κειραλῇ
990 1384 1081 1436 τοῦ
1109 1383 1430 1454 ἡγουμένου,
1467 1384 1560 1436 καὶ
1583 1381 1676 1434 τοῦ

99 1475 268 1538 Κυνὸς
315 1477 343 1528 6
385 1474 722 1547 βορειότατος
771 1475 876 1528 :th
909 1478 966 1528 ὲν
996 1478 1059 1546 τῇ
1105 1475 1331 1544 κεφαλῇ’
1374 1473 1594 1544 ἔσχατον
1622 1473 1679 1526 δὲ

100 1562 497 1633 μεσουρανοῦσι
531 1563 625 1616 τοῦ
666 1581 724 1617 τε
760 1565 1059 1633 Δράκοντος
1108 1564 1136 1614 6
1180 1564 1238 1614 ἐν
1278 1562 1423 1634 ἄκρᾳ
1452 1565 1515 1632 τῇ
1545 1562 1680 1630 οὐρᾷ

99 1655 187 1706 καὶ
211 1658 240 1707 6
270 1655 436 1724 μέσος
462 1656 569 1709 τῷν
602 1659 660 1708 ὲν
687 1655 764 1726 τῷ
785 1655 1036 1727 τραχήλῳ
1063 1653 1224 1707 αὐτοῦ
1251 1653 1299 1722 γ’
1325 1655 1408 1708 ἐπ’
1444 1653 1676 1716 εὐθείας,

99 1747 185 1798 καὶ
212 1746 308 1798 τοῦ
345 1747 561 1818 Ταύρου
590 1749 619 1800 ὁ
647 1745 694 1815 γ’
721 1747 826 1799 τῶν
860 1746 996 1817 μετά
1022 1748 1111 1798 τὸν
1140 1745 1389 1816 λαμπρὸν
1419 1744 1682 1806 ἀνατολὰς

1771 561 1918 615 horae
1951 561 2215 631 partibus.

1837 738 1972 792 Cum
2020 737 2362 792 Andromeda
2408 736 2686 792 descendit
2738 752 2899 793 arcus
2942 739 3148 793 zodiaci
3184 756 3211 792 a
3241 739 3329 794 Pi-

1771 832 1943 885 scium
1975 840 2129 901 parte
2156 831 2228 884 22
2250 831 2425 885 media
2455 847 2626 900 usque
2651 831 2718 885 ad
2742 831 2940 886 Arietis
2963 833 3034 886 28
3058 832 3289 886 mediam
3312 850 3325 897 ;

1771 921 2032 974 culminat
2093 935 2122 973 a
2172 919 2524 975 Geminorum
2572 921 2634 974 2i
2698 922 2872 976 media
2914 921 2980 975 ad
3039 921 3235 976 Leonis
3272 923 3326 976 2.

1773 1011 1951 1066 Prima
1998 1011 2197 1066 occidit
2239 1027 2358 1082 quae
2391 1022 2473 1067 est
2517 1014 2573 1066 in
2621 1014 2830 1080 capite;
2879 1012 3090 1076 ultima,
3141 1029 3328 1067 earum

1772 1117 1893 1174 quae
1920 1114 2046 1159 sunt
2087 1104 2142 1158 in
2183 1103 2374 1158 dextro
2404 1105 2557 1174 pede,
2590 1106 2875 1160 borealior.
2909 1107 3221 1161 Culminant
3264 1122 3330 1160 ex

1775 1195 1898 1249 aliis
1929 1193 2125 1256 stellis,
2153 1195 2305 1249 initio
2331 1197 2571 1266 quidem,
2605 1213 2724 1267 quae
2747 1206 2830 1253 est
2863 1199 2916 1252 in
2949 1208 3130 1252 rostro
3158 1199 3331 1266 majo-

1776 1287 1854 1340 ris
1885 1285 2068 1352 Ursae;
2115 1295 2167 1340 et
2195 1303 2316 1356 qua:
2364 1289 2418 1341 in
2463 1289 2640 1358 capite
2690 1290 3041 1359 prtecedentis
3066 1289 3280 1344 Gemini
3314 1310 3327 1343 :

1775 1387 1891 1434 tum
1941 1380 2174 1434 maxime
2211 1380 2447 1435 borcalis
2489 1397 2676 1435 carum
2728 1398 2848 1454 quae
2897 1383 3106 1438 suntin
3155 1374 3332 1453 cipite

1776 1475 1959 1530 Canis.
1990 1474 2275 1530 Postremo
2305 1477 2606 1532 culminant
2646 1493 2707 1531 ea
2737 1493 2857 1547 qua:
2897 1485 2980 1533 est
3005 1478 3059 1532 in
3093 1485 3332 1536 extrema

1778 1565 1951 1620 cauda
1987 1565 2248 1622 Draconis
2268 1605 2284 1628 ,
2315 1575 2366 1622 et
2399 1569 2574 1622 media
2619 1570 2782 1624 trium
2814 1585 2933 1640 quae
2965 1571 3018 1624 in
3049 1570 3167 1639 ejus
3195 1570 3335 1625 collo

1781 1660 1834 1712 in
1857 1659 2123 1714 directum
2157 1659 2272 1714 sita:
2303 1667 2448 1714 sunt.
2478 1659 2609 1715 Item
2643 1662 2697 1715 in
2721 1661 2901 1716 Tauro
2931 1663 3087 1716 tertia
3112 1661 3178 1716 de
3200 1676 3335 1732 qua-

1785 1759 1928 1814 tuor,
1959 1767 2079 1821 quae
2118 1751 2185 1806 ad
2215 1753 2478 1806 orientem
2529 1761 2652 1807 sunt
2683 1762 2807 1824 post
2838 1754 3095 1810 lucidam.
3127 1751 3337 1809 Occidit

98 1834 154 1888 δ’.
186 1835 342 1888 Δύνει
382 1837 440 1890 δὲ
487 1841 519 1907 ἡ
570 1837 892 1908 Ἀνδρομέδα
942 1841 999 1891 ὲν
1041 1837 1208 1908 ὥραις
1249 1835 1294 1905 γ’
1317 1837 1391 1900 ὥς
1433 1835 1671 1904 ἔγγιστα.

1790 1841 2122 1896 Andromeda
2150 1841 2300 1896 horis
2331 1843 2575 1911 proxime
2598 1844 2794 1899 tribus.

165 1926 272 1980 Τοῦ
307 1927 366 1980 δὲ
401 1928 598 1982 Ἵππου
627 1928 890 1992 δύνοντος,
923 1927 1312 1996 συγκαταδύνει
1343 1927 1439 1998 μὲν
1473 1927 1621 1996 αύτῷ
1647 1927 1676 1979 6

101 2017 359 2082 ζωδιακὸς
397 2019 507 2072 61:6
550 2019 832 2091 Ὑδροχόου
867 2020 977 2091 μοξ.
1005 2027 1069 2089 ιγ’
1113 2020 1282 2089 μέσης
1313 2019 1418 2080 ἕως
1459 2017 1676 2087 Ἰχθύων

104 2111 206 2179 μοί.
248 2110 336 2180 ιγ’⁶
362 2112 770 2182 μεσουρανεῖ-δὲ
800 2111 905 2164 ἀπὸ
936 2110 1148 2181 Ταύρου
1183 2109 1223 2163 δ’
1255 2111 1426 2179 μέσης
1457 2109 1558 2172 ἕως
1585 2111 1674 2161 Δι-

99 2203 279 2274 δύμων
330 2203 400 2259 ια’
458 2205 651 2275 μέσης.
696 2205 807 2256 Καὶ
846 2202 893 2256 α’
937 2203 1036 2274 μὲν
1078 2203 1250 2274 ἀστὴρ
1279 2201 1423 2254 δύνει
1449 2203 1477 2254 6
1515 2202 1572 2252 ἐν
1597 2198 1676 2270 τῷ

105 2295 328 2366 στόματι
356 2294 523 2348 αὐτοῦ
549 2295 819 2365 λαμπρὸς,
850 2294 1072 2364 ἔσχατος
1099 2293 1154 2346 δὲ
1179 2295 1207 2346 6
1238 2293 1328 2344 ἐπὶ
1363 2292 1457 2362 τῆς
1479 2290 1677 2359 ὀσφύος

106 2384 378 2458 λαμπρός.
416 2386 758 2456 Μεσουρανεῖ
783 2385 841 2437 δὲ
867 2385 974 2436 τῶν
1005 2384 1176 2437 ἄλλων
1213 2381 1260 2436 α’
1293 2383 1390 2454 μὲν
1422 2384 1450 2434 ὃ
1495 2399 1552 2434 τε
1591 2381 1677 2450 βο-

106 2475 371 2546 ρειότερος
426 2473 534 2526 τῶν
589 2471 790 2543 μεταξὺ
839 2471 933 2524 τοῦ
973 2471 1140 2538 ὀξέως
1171 2471 1269 2541 τῆς
1303 2469 1556 2531 Πλειάδος
1585 2468 1677 2520 καὶ

104 2566 208 2620 τῶν
243 2566 454 2620 Ὑάδων
508 2564 615 2617 τῶν
648 2565 707 2617 ὲν
737 2564 814 2634 τῷ
843 2562 1114 2635 ἀριστερῷ
1168 2560 1421 2632 μετώπῳ,
1453 2561 1545 2612 καὶ
1582 2557 1676 2611 τοῦ

106 2657 314 2728 Ταύρου
339 2659 369 2710 6
398 2657 456 2709 ἐν
481 2659 548 2728 τῇ
581 2655 878 2727 ὠμοπλάτη
911 2653 1104 2725 μικρὸν
1135 2653 1556 2723 ὑπολειπόμενος
1582 2651 1674 2704 τοῦ

111 2746 504 2820 μεσημϐρινοῦο
541 2747 758 2816 ἔσχατοι
787 2746 842 2799 δὲ
873 2743 1264 2816 μεσουρανοῦσι
1293 2743 1399 2797 τῶν
1431 2744 1676 2814 Διδύμων

1851 1931 2006 2002 Equo
2050 1931 2416 1987 descendente
2458 1932 2658 1986 occidit
2703 1932 2958 1989 zodiacus
3008 1933 3076 1987 ab
3115 1932 3338 2002 Aquarii

1781 2030 1934 2094 parte
1955 2023 2022 2076 1³5
2051 2023 2228 2078 media
2260 2023 2326 2077 ad
2362 2019 2598 2078 Piscium
2632 2023 2735 2091 l3;
2771 2024 3032 2079 culminat
3058 2040 3086 2077 a
3122 2023 3284 2078 Tauri
3308 2024 3339 2078 ι

1779 2113 1954 2169 media
1977 2114 2042 2168 ad
2059 2113 2404 2168 Geminorum
2426 2117 2482 2168 11
2507 2110 2758 2172 mediam.
2780 2114 2936 2170 Prior
2951 2116 3148 2171 occidit
3164 2115 3339 2180 stella,

1781 2219 1902 2274 quae
1927 2205 1980 2257 in
2004 2204 2123 2272 ejus
2140 2211 2223 2258 est
2245 2219 2338 2259 ore
2364 2205 2575 2269 lucida;
2604 2206 2791 2260 ultima
2815 2222 2935 2275 quae
2961 2215 3044 2261 est
3071 2209 3126 2260 in
3158 2207 3342 2259 lumbo

1785 2294 1982 2348 lucida.
2011 2293 2242 2348 Medium
2283 2297 2403 2350 εαξιί
2439 2304 2584 2352 tenet
2614 2313 2679 2352 ex
2712 2297 2832 2352 aliis
2866 2299 3041 2367 primo
3074 2298 3344 2352 borealior

1746 2438 1758 2450 ,
1783 2400 1968 2440 earum
1995 2401 2112 2455 quae
2130 2397 2256 2439 sunt
2280 2387 2420 2466 inter
2434 2403 2660 2443 acumen
2681 2388 2997 2450 Pleiadis,et
3016 2387 3339 2442 Sucularum

1783 2492 1904 2546 qua:
1931 2477 1986 2531 in
2019 2477 2240 2532 sinistra
2269 2478 2466 2534 fronte.
2498 2479 2628 2535 ltem
2658 2479 2845 2544 Tauri,
2872 2497 2990 2550 qua:
3013 2488 3094 2534 est
3123 2479 3178 2533 in
3221 2493 3340 2533 sca-

1784 2567 1911 2637 pula
1938 2569 2214 2637 paululum
2252 2569 2388 2622 citra
2414 2571 2770 2625 meridianum
2801 2590 2812 2624 :
2853 2579 3123 2641 postremo
3149 2569 3334 2623 culmi-

1784 2665 1935 2724 nant,
1964 2659 2156 2714 tertius
2183 2659 2532 2715 Geminorum
2564 2661 2630 2715 ab
2653 2661 2930 2716 occidente
2974 2677 3097 2732 pes;
3131 2668 3181 2714 et
3206 2675 3341 2731 prae-

1785 2749 1985 2805 cedens
2007 2752 2171 2805 trium
2197 2752 2252 2805 in
2277 2753 2524 2822 genibus.
2550 2752 2762 2807 Occidit
2785 2751 2967 2822 Equus
2992 2753 3137 2806 horis
3157 2750 3192 2804 2
3216 2751 3337 2822 1/2.

110 2843 137 2895 δ
157 2859 212 2896 τε
238 2843 422 2913 τρίτος
441 2841 552 2896 ἀπὸ
583 2841 786 2904 δύσεως
813 2841 948 2905 ποῦς
975 2842 1068 2894 καὶ
1089 2840 1118 2891 6
1143 2841 1440 2911 ἡγούμενος
1498 2839 1605 2892 τῶν
1645 2841 1702 2892 ὲν
1732 2847 1846 2909 τοῖς
1885 2847 2072 2914 γόνασι
2098 2846 2166 2916 γ’.
2231 2848 2384 2903 Δύνει
2422 2849 2476 2902 δὲ
2510 2852 2538 2902 6
2566 2851 2760 2914 Ἵππος
2793 2853 2850 2904 ὲν
2891 2850 3060 2920 ὥραις
3086 2847 3203 2902 δυσὶ
3249 2846 3342 2901 καὶ

111 2933 380 3004 ἡμιωρίφο

176 3019 282 3075 Τοῦ
313 3022 372 3076 δὲ
413 3019 626 3076 Ὀῖστοῦ
655 3019 922 3085 δύνοντος,
956 3019 1344 3089 συγκαταδύνει
1393 3019 1491 3090 μὲν
1533 3017 1681 3088 αύτῷ

1860 3020 2065 3090 Sagitta
2109 3035 2231 3074 cum
2280 3021 2502 3085 occidit,
2537 3021 2817 3077 descendit
2863 3037 2968 3076 una
3013 3023 3269 3079 zodiacus
3312 3040 3349 3078 a

111 3118 138 3168 6
172 3113 431 3177 ζωδιακὸς
466 3112 574 3166 ἀπὸ
603 3112 882 3182 Αξγόκερω
912 3112 1018 3181 μοι.
1058 3109 1101 3176 ζ’
1137 3112 1229 3164 xa‘t
1262 3119 1308 3163 κ’
1361 3111 1533 3182 μέσης
1577 3111 1680 3173 ἕως

1790 3112 1962 3167 media
2000 3123 2151 3183 parte
2194 3113 2264 3166 27
2302 3113 2615 3184 Capricorni
2640 3116 2706 3169 ad
2749 3113 2784 3167 2
2822 3115 3056 3169 mediam
3095 3115 3342 3186 Aquarii;

124 3205 400 3278 Ὑδροχὸου
457 3204 568 3276 μοί.
601 3201 644 3274 β’
680 3204 850 3274 μέσης
873 3221 886 3233 '
923 3207 1246 3274 μεσουρανεῖ
1277 3202 1334 3254 δὲ
1367 3203 1474 3255 ἀπὸ
1516 3201 1686 3271 Κριοῦ

118 3297 220 3367 μοι.
256 3296 314 3350 ιδ’
353 3298 464 3360 ἕως
495 3297 666 3367 Κριοῦ
703 3295 811 3366 μοί.
839 3293 944 3348 κα⁹.
975 3296 1081 3347 Καὶ
1113 3303 1160 3347 α’
1195 3295 1292 3364 μὲν
1327 3295 1556 3365 ἀστέρες
1598 3295 1688 3346 δύ-

115 3407 288 3443 νουσιν
327 3391 380 3444 οἱ
425 3393 484 3444 έν
515 3393 582 3460 τῇ
634 3388 870 3458 γλυφίδι,
917 3387 1141 3457 ἔσχατος
1173 3387 1228 3439 δὲ
1273 3388 1301 3439 ὁ
1339 3386 1396 3438 ὲν
1424 3389 1490 3458 τῇ
1522 3386 1683 3440 ἀκίδι.

115 3481 520 3553 Ιίεσουρανοῦσι
549 3482 605 3534 δὲ
631 3481 736 3533 τῶν
766 3480 938 3534 ἄλλων
971 3479 1212 3550 ἀστέρων
1235 3478 1282 3530 α’
1309 3478 1407 3547 μὲν
1431 3476 1523 3530 τοῦ
1550 3478 1688 3548 Περ-

121 3573 251 3636 σέως
275 3575 302 3626 6
327 3575 385 3626 ὲν
408 3571 488 3642 τῷ
510 3571 668 3641 δεξιῷ
697 3570 849 3641 ὥμῳ,
879 3571 972 3623 καὶ
999 3569 1090 3623 τοῦ
1110 3570 1277 3640 Κριοῦ
1303 3570 1331 3620 6
1357 3568 1687 3640 βορειότερος

117 3663 218 3715 τῶν
248 3665 392 3735 ὑπὲρ
422 3664 524 3734 τὴν
553 3663 718 3734 οὐρὰν
746 3661 796 3730 γ’
830 3664 916 3714 ἐπ’
957 3661 1171 3724 εύθείας
1238 3662 1687 3732 ἀκατονομάστων

119 3756 209 3808 καὶ
238 3759 265 3808 6
291 3758 349 3810 ὲν
373 3755 454 3827 τῷ
494 3754 648 3825 νώτῳ
685 3753 870 3818 αὑτοῦ,
900 3753 1305 3824 προηγούμενος
1337 3752 1431 3806 τοῦ
1478 3770 1688 3824 μεσημο

119 3845 298 3915 δρινοῦ
344 3847 421 3910 ὥς
449 3847 747 3916 ἡμιπήχιον
774 3861 787 3876 ⁸
857 3845 952 3898 καὶ
979 3843 1070 3897 τοῦ
1098 3846 1307 3915 Κήτους
1335 3847 1362 3896 6
1390 3845 1688 3914 ἡγούμενος

119 3938 222 3990 τῶν
255 3939 312 3990 ἐν
337 3941 406 4009 τῇ
437 3954 527 3989 νοτ
540 3936 594 4008 ia
624 3936 828 4005 σιαγόνι
855 3934 902 4005 γ’
931 3935 1215 4006 λαμπρῶν·
1237 3934 1448 4004 ἔσχατοι
1473 3933 1528 3986 δὲ
1558 3950 1687 4004 μεσ-

118 4029 400 4100 ουρανοῦσι
455 4026 551 4080 τοῦ
584 4027 836 4099 Περσέως
882 4029 910 4080 6
953 4029 1007 4079 ὲν
1034 4025 1113 4097 τῷ
1143 4026 1291 4096 μέσῳ
1323 4024 1417 4076 τοῦ
1442 4024 1689 4094 σώματος

119 4118 383 4191 λαμπρὸς,
413 4118 610 4189 μικρὸν
638 4117 1045 4188 προηγούμενος
1069 4115 1162 4168 τοῦ
1191 4112 1578 4185 μεσημϐρινοῦ,
1597 4112 1688 4165 καὶ

115 4209 210 4262 τοῦ
241 4211 456 4281 Κήτους
485 4211 514 4262 6
543 4209 804 4279 ἑπόμενος
844 4208 948 4261 τῶν
983 4209 1040 4260 ὲν
1076 4209 1142 4278 τῇ
1173 4205 1321 4275 νοτία
1349 4204 1574 4272 σιαγόνι,
1601 4221 1689 4274 μι-

117 4302 246 4372 κρὸν
270 4301 694 4371 ὑπολειπόμενος
720 4299 813 4352 τοῦ
842 4297 1230 4370 μεσημϐρινοῦ.
1256 4295 1408 4349 Δύνει
1439 4295 1495 4348 δὲ
1518 4297 1546 4348 6
1579 4295 1686 4347 Ὀἰ-

121 4393 245 4455 στὺς
274 4395 332 4446 ὲν
360 4391 407 4460 γ’
446 4391 604 4463 μέρει
639 4391 804 4462 ὥρας.

1787 3203 2051 3255 culminat
2093 3203 2162 3256 ab
2208 3203 2404 3258 Arietis
2441 3211 2592 3274 parte
2639 3203 2705 3258 14
2745 3209 2810 3258 ad
2843 3203 2937 3258 21.
2971 3201 3166 3259 Primae
3197 3207 3341 3259 oeci-

1787 3293 1923 3348 dunt
1956 3295 2144 3359 stellae,
2177 3310 2295 3364 quae
2323 3304 2451 3350 sunt
2493 3295 2545 3348 in
2574 3310 2757 3357 crena,
2786 3296 2992 3362 ultima,
3025 3312 3144 3366 qua:
3175 3304 3258 3352 est
3290 3299 3343 3350 iu

1785 3384 2030 3454 cu5pide.
2066 3384 2381 3439 Culminant
2405 3401 2468 3438 ex
2495 3386 2615 3441 aliis
2639 3386 2811 3441 stellis
2839 3386 3010 3456 prima
3031 3387 3209 3441 dextri
3239 3389 3341 3441 ltu-

1787 3476 1924 3529 meri
1951 3473 2132 3531 Persei
2159 3516 2173 3540 ,
2203 3487 2254 3530 et
2288 3476 2558 3532 borealior
2580 3477 2742 3531 trium
2770 3478 3128 3547 appellatione
3155 3494 3342 3534 caren-

1789 3569 1945 3635 tium,
1981 3583 2103 3638 qua:
2146 3584 2309 3638 supra
2349 3569 2577 3622 caudam
2605 3569 2806 3624 Arietis
2853 3569 2909 3622 in
2951 3567 3216 3623 directum
3256 3585 3340 3639 po-

1789 3662 1906 3716 sitae
1949 3671 2095 3726 sunt,
2131 3671 2243 3715 tum
2292 3677 2412 3732 qua:
2456 3661 2512 3715 in
2562 3661 2708 3718 illius
2752 3661 2937 3725 dorso,
2983 3661 3343 3716 meridianum

1790 3753 2113 3808 semicubito
2145 3755 2369 3808 circiter
2400 3755 2744 3810 antecedens.
2779 3753 2904 3808 Item
2927 3754 3240 3825 praecedens
3263 3753 3344 3807 lu-

1787 3844 2033 3900 cidarum
2065 3847 2226 3900 trium
2257 3863 2378 3917 quas
2411 3848 2462 3900 in
2487 3847 2710 3903 australi
2739 3847 3052 3901 mandibula
3075 3845 3193 3902 Ceti
3215 3863 3229 3910 ;
3254 3861 3333 3916 po-

1788 3943 2004 3992 strema:
2037 3939 2359 4002 culminant,
2398 3940 2573 3994 lucida
2602 3955 2722 4008 quae
2747 3947 2829 3995 est
2855 3940 2912 3993 in
2934 3937 3112 3994 medio
3139 3937 3343 3998 Persei.

1788 4029 2066 4099 paululum
2109 4031 2437 4085 antecedens
2484 4030 2877 4095 meridianum,
2920 4039 2974 4085 et
3011 4029 3369 4099 subsequens.

1786 4136 1996 4185 earum,
2033 4136 2153 4190 qua:
2194 4121 2248 4174 in
2285 4123 2507 4175 australi
2555 4121 2867 4176 mandibula
2900 4120 3038 4184 Ceti,
3073 4123 3235 4192 paulo
3263 4121 3344 4176 ci-

1786 4219 1871 4266 tra
1901 4212 2281 4267 meridianum.
2313 4211 2524 4267 Occidit
2548 4211 2750 4283 Sagitta
2777 4213 2923 4267 liora:
2955 4213 3174 4267 triente.

185 4484 327 4550 Κῷ.
344 4483 450 4536 Τοῦ
467 4483 524 4536 δὲ
540 4483 720 4536 Ἀετοῦ
738 4482 1001 4547 δύνοντος,
1023 4479 1408 4551 συγκαταδύνει
1424 4481 1520 4551 μὲν
1536 4478 1680 4550 αὐτῷ

1855 4481 2043 4544 XXVI.
2085 4483 2218 4538 Cum
2245 4482 2438 4554 Aquila
2461 4481 2741 4538 descendit
2765 4496 2928 4536 arcus
2948 4479 3151 4534 zodiaci
3174 4493 3204 4532 a
3233 4493 3342 4533 me-

118 4576 148 4626 6
169 4573 427 4638 ζωδιακὸς
453 4575 564 4628 ἀπὸ
579 4574 862 4644 Αἱγόκερω
881 4574 988 4644 μοί.
1010 4572 1072 4638 ιζ’
1092 4574 1262 4644 μέσης
1287 4573 1389 4635 ἕως
1407 4571 1684 4642 Αἱγόκερω

118 4682 155 4732 γ
191 4668 284 4718 καὶ
307 4665 384 4719 κ’·
424 4667 746 4736 μεσουρανεῖ
773 4664 828 4717 δὲ
857 4663 964 4717 ἀπὸ
995 4663 1166 4735 Κριοῦ
1187 4664 1300 4734 μοί.
1322 4661 1364 4733 β’
1385 4664 1488 4726 ἕως
1513 4661 1682 4733 Κριοῦ

121 4761 231 4828 μοί.
266 4767 339 4829 η’.
371 4759 481 4813 Καὶ
509 4758 717 4830 πρῶτοι
747 4758 844 4828 μὲν
875 4758 1100 4828 ἀστέρες
1124 4757 1438 4810 δύνουσινόῑ
1477 4757 1534 4808 ὲν
1565 4758 1684 4818 ταῖς

118 4853 340 4925 πτέρυξι
373 4851 416 4922 β’
448 4851 653 4923 μικροὶ,
685 4849 908 4920 ἔσχατος
938 4850 997 4903 δὲ
1026 4850 1056 4902 6
1093 4849 1426 4920 βορειότερος
1476 4847 1582 4900 τῷν
1627 4849 1684 4900 ὲν

123 4963 197 5015 τῳ
232 4943 447 5015 σώματι
491 4941 534 5013 β’
580 4942 865 5013 λαμπρῶν.
901 4943 1237 5012 Μεσουρανεί
1275 4940 1332 4993 δὲ
1362 4939 1469 4992 :th
1513 4939 1684 4992 ἄλλων

124 5030 364 5102 ἀστέρων
421 5028 469 5084 α’
505 5030 604 5100 μὲν
637 5030 733 5100 τῆς
765 5029 1115 5099 Ἀνδρομέδας
1148 5031 1176 5081 6
1223 5030 1280 5081 ὲν
1309 5027 1385 5099 τῷ
1417 5027 1686 5099 ἀριστερῷ

126 5121 264 5184 ποῶ,
313 5123 406 5175 καὶ
441 5120 537 5173 τοῦ
570 5120 742 5192 Κριοῦ
771 5122 800 5172 6
837 5121 997 5192 μέσος
1017 5121 1126 5174 :th
1151 5122 1208 5172 ὲν
1239 5122 1304 5190 τῇ
1338 5120 1566 5191 κεφαλῇ,
1594 5121 1696 5173 καὶ.

124 5207 214 5260 τοῦ
232 5209 444 5278 Κήτους
465 5211 492 5261 6
521 5207 836 5279 νοτιώτερος
864 5208 972 5261 τῶν
1003 5207 1280 5279 ἑπομένων
1313 5209 1368 5259 ἐν
1398 5208 1474 5278 τῷ
1496 5225 1686 5280 τετρα-

125 5298 338 5368 πλεύρῳ
356 5315 370 5329 ·
406 5300 634 5370 ἔσχατος
658 5299 714 5352 δὲ
737 5299 828 5353 τοῦ
851 5299 1125 5370 Τριγώνου
1159 5301 1187 5350 6
1213 5300 1473 5368 ἑπόμενος
1502 5298 1606 5351 τῶν
1630 5302 1685 5352 έν

121 5391 185 5456 τῇ
236 5388 410 5457 βάσει,
456 5389 866 5462 προηγούμενος
917 5391 1024 5442 τῷν
1052 5393 1107 5444 ὲν
1137 5391 1200 5460 τῇ
1235 5389 1418 5460 βορεία
1455 5390 1682 5458 σιαγόνι.

124 5479 277 5532 Δύνει
303 5481 358 5534 δὲ
386 5483 415 5534 6
459 5480 641 5544 ’Δετὸς
668 5482 724 5532 ὲν
752 5479 799 5548 γ’
827 5481 979 5552 μέρει
1016 5481 1182 5552 ὥρας.

193 5570 295 5624 Τοῦ
327 5573 383 5626 δὲ
409 5573 662 5641 Δελφίνος
695 5571 958 5637 δύνοντος,
985 5573 1370 5641 συγκαταδύνει
1409 5574 1504 5643 μὲν
1535 5577 1561 5626 6
1582 5575 1686 5638 ζω-

127 5658 305 5726 διακὸς
333 5665 442 5718 ἀπὸ
472 5663 568 5718 τοῦ
606 5663 886 5734 ’Υδροχόου
916 5665 1024 5735 μοί.
1064 5663 1106 5735 β’
1128 5665 1233 5728 ἓως
1267 5665 1544 5736 ’Υδροχὼυ
1575 5667 1682 5736 μοὶ.

128 5749 176 5821 ‘q'
225 5755 422 5830 μέσηςο
481 5760 803 5829 μεσουρανεί
847 5757 902 5810 δὲ
937 5759 1042 5812 ἀπὸ
1092 5757 1260 5825 Κριοῦ
1295 5756 1338 5810 κ’
1377 5757 1542 5822 μέσης
1585 5760 1686 5821 ἓως

1789 4573 1877 4626 dia
1911 4581 2063 4642 parte
2098 4573 2164 4626 17
2191 4571 2508 4643 Capricorni
2537 4572 2604 4634 ad
2633 4572 2734 4639 25;
2778 4570 3041 4626 culminat
3073 4569 3142 4623 ab
3188 4568 3346 4622 Arie-

1791 4664 1861 4719 tis
1885 4665 1919 4718 ἓ
1950 4664 2017 4718 ad
2045 4664 2098 4718 8.
2123 4662 2317 4719 Primae
2349 4664 2604 4720 occidunt
2651 4663 2816 4720 stellae
2843 4663 2962 4717 duae
2992 4676 3189 4731 parvae,
3229 4674 3346 4730 qua

1790 4756 1846 4810 in
1899 4755 2040 4823 alis;
2089 4764 2385 4827 postrema,
2436 4757 2704 4811 borealior
2744 4755 3043 4810 lucidarum
3090 4751 3344 4814 duarum,

1789 4862 1912 4916 quae
1930 4857 2059 4903 sunt
2088 4849 2141 4901 in
2169 4863 2417 4918 corpore.
2445 4849 2519 4900 Ex
2551 4848 2675 4902 aliis
2695 4845 2867 4902 stellis
2888 4842 3147 4898 culminat
3170 4840 3348 4912 primo

1791 4955 1912 5011 quae
1938 4950 2016 4997 est
2048 4942 2100 4995 in
2133 4941 2490 4996 Andromedae
2518 4942 2742 4996 sinistro
2769 4939 2903 5008 pede
2927 4955 2946 5004 -,
2971 4944 3025 4990 et
3058 4935 3234 4989 media
3255 4947 3347 4988 ea-

1793 5049 1937 5096 rum,
1968 5049 2088 5104 qua:
2124 5032 2179 5086 in
2201 5033 2403 5089 Arietis
2431 5033 2629 5103 capite.
2671 5031 2802 5088 ltem
2834 5029 3124 5085 australior
3160 5041 3348 5083 succe-

1791 5124 2032 5179 dentium
2071 5125 2186 5180 Ceti
2245 5125 2299 5178 in
2329 5125 2735 5196 quadrilatero;
2770 5124 2959 5177 ultima
3011 5121 3366 5190 subsequens.

1791 5231 1977 5272 earum
2003 5233 2124 5287 qua:
2156 5225 2286 5272 sunt
2313 5218 2368 5272 in
2404 5218 2520 5273 basi
2565 5217 2854 5288 trianguli,
2884 5213 3192 5285 praecedens
3229 5212 3362 5265 illas.

1792 5324 1912 5378 quas
1970 5319 2098 5364 sunt
2146 5310 2200 5363 in
2253 5309 2458 5364 boreali
2509 5309 2838 5364 tnandibula.
2894 5306 3105 5360 Occidit
3157 5303 3368 5373 Aquila.

1793 5400 1940 5455 horae
1967 5399 2183 5455 triente.

1863 5571 2155 5628 Occidente
2191 5571 2458 5643 Delphino
2504 5587 2626 5626 cum
2665 5585 2730 5625 eo
2772 5566 3052 5626 descendit
3093 5563 3354 5618 zodiacus

1792 5665 1860 5720 ab
1882 5665 2104 5736 Aquarii
2131 5672 2283 5734 parte
2304 5664 2339 5716 2
2372 5665 2442 5719 ad
2481 5663 2712 5718 mediam
2738 5661 2806 5728 8;
2833 5659 3090 5716 culminat
3111 5655 3178 5709 ab
3199 5651 3353 5706 Aric—

1794 5760 1866 5816 tis
1887 5759 1958 5814 20
1981 5756 2162 5815 media
2199 5755 2266 5812 ad
2306 5755 2396 5814 29.
2432 5753 2584 5812 Prior
2632 5753 2833 5810 occidit
2887 5747 3211 5804 antecedens
3256 5756 3364 5793 θον
