3816 6322
474 345 618 404 H07

1462 343 1553 405 AD
1584 341 1855 401 EUSEBlt
1897 341 2296 401 CHRONICON
2330 341 2711 402 APPENDIX.‘

3594 339 3724 394 “08

475 480 600 519 rum
631 479 754 535 qua:
797 470 924 518 sunt
964 462 1020 519 in
1056 461 1268 531 cauda;
1316 469 1612 533 postrema,
1652 462 1923 519 borealior
1965 478 2045 519 ea-

2155 462 2328 535 Κριοῦ
2361 461 2405 515 θ’
2435 462 2529 516 καὶ
2561 460 2630 515 κ’.
2663 459 2775 515 Καὶ
2794 466 2844 512 α’
2880 457 2978 531 μὲν
3012 455 3185 530 ἀστὴρ
3210 455 3359 510 δύνει
3384 458 3413 511 6
3438 453 3724 527 ἡγούμενος

476 568 602 609 rum
641 568 765 625 qua
804 554 860 609 in
910 552 1233 608 succedente
1266 552 1435 608 latere
1482 551 1739 613 Rhombi.
1792 551 1871 617 Ex
1924 552 2048 611 aliis

479 643 655 700 stellis
685 644 839 714 prius
869 642 1175 698 culminant
1200 641 1382 697 lucida
1417 641 1581 697 medii
1616 643 1865 715 corporis
1917 641 2044 699 Per-

479 736 584 801 sei,
634 735 911 807 paululum
952 734 1286 791 antecedens
1338 734 1727 799 meridianum,
1771 743 1827 791 et
1859 750 2051 793 succe-

478 828 618 884 dens
655 842 843 883 carum
871 841 994 898 quae
1033 835 1165 881 sunt
1195 826 1249 880 in
1290 827 1519 882 australi
1549 827 1864 883 mandibula
1896 828 2044 894 (leti,

477 920 641 990 paulo
667 919 805 975 citra
835 918 1199 975 meridianum
1240 920 1367 975 sita.
1399 918 1685 977 Postremo
1715 921 2043 987 culminant,

477 1025 598 1081 qua:
634 1010 691 1066 in
714 1009 850 1081 pede
874 1010 1103 1067 sinistro
1123 1010 1344 1076 Persei;
1377 1019 1431 1067 et
1462 1011 1736 1068 borealior
1756 1028 1884 1083 pars
1907 1028 2048 1084 pm-

478 1102 726 1159 cedentis
772 1103 959 1161 lateris
999 1102 1256 1163 Pleiadis.
1310 1102 1524 1160 Occidit
1562 1092 1864 1174 Delphinus
1911 1105 2047 1161 hora

476 1195 726 1253 dimidia.

547 1367 687 1427 Cum
718 1368 917 1426 Perseo
953 1369 1238 1427 descendit
1270 1370 1528 1427 zodiacus
1557 1385 1589 1425 a
1626 1378 1781 1442 parte
1809 1370 1976 1427 Tauri
2009 1371 2047 1427 2

477 1461 545 1517 ad
572 1461 674 1528 29;
706 1463 971 1520 culminat
998 1479 1029 1517 a
1058 1462 1258 1519 Leonis
1290 1462 1474 1519 media
1508 1461 1541 1518 6
1562 1462 1630 1517 ad
1661 1462 1895 1519 mediam
1919 1462 2046 1520 Vir-

476 1555 620 1625 ginis
667 1555 754 1613 10.
785 1556 941 1612 Prior
973 1557 1129 1628 132
1177 1554 1383 1611 occidit
1424 1555 1695 1611 borealior
1715 1555 2047 1612 anteceden—

478 1646 612 1701 tium
656 1646 712 1703 in
737 1645 1047 1720 Gorgonio;
1074 1647 1265 1703 ultima
1293 1662 1425 1703 vero
1455 1662 1646 1704 earum
1677 1664 1799 1719 qua:
1830 1656 1959 1705 sunt
1987 1649 2044 1704 in

476 1738 673 1802 dextro
710 1755 871 1812 genu.
904 1738 1221 1795 Culminant
1260 1754 1329 1796 ex
1355 1740 1480 1796 aliis
1524 1741 1699 1798 stellis
1734 1741 1890 1799 ,ώωο
1922 1741 2046 1813 qui-

477 1829 602 1885 dem
629 1845 695 1886 ea
737 1846 859 1901 qua:
889 1839 974 1888 est
1010 1830 1066 1886 in
1106 1838 1298 1887 ventre
1343 1830 1565 1897 Leonis,
1609 1833 1724 1891 sive
1758 1812 2047 1906 propemo-
2074 1812 2119 1870 Β

481 1921 610 1978 dum
642 1923 965 1990 semicubito
987 1924 1125 1980 citra
1153 1924 1511 1980 meridianum
1545 1926 1670 1981 sita.
1694 1924 1827 1982 ltem
1849 1934 2047 1998 quarta

482 2029 672 2073 earum
718 2032 840 2087 qua:
882 2025 1013 2072 sunt
1054 2028 1179 2088 post
1213 2018 1450 2073 lucidam
1491 2017 1682 2091 llydri,
1722 2020 2048 2075 scmicubito

481 2103 598 2161 fere
634 2107 774 2164 citra
820 2108 1180 2171 meridianum
1231 2110 1431 2179 posita.
1463 2108 1595 2166 item
1632 2110 1823 2165 ultima
1859 2125 2046 2167 earum

479 2208 607 2264 qua:
626 2194 682 2254 in
710 2196 900 2259 carina
927 2204 1053 2253 sunt
1086 2196 1272 2254 Navis.
1313 2197 1612 2255 Postremae
1643 2200 1949 2256 culminant
1982 2216 2048 2257 ea

480 2299 603 2355 quae
632 2295 717 2348 est
751 2288 809 2343 in
841 2290 1015 2345 cauda
1045 2289 1232 2359 Corvi,
1261 2299 1316 2347 et
1345 2307 1466 2363 qua)
1496 2293 1551 2347 in
1581 2292 1755 2363 ipsius
1793 2293 2046 2363 pedibus.

480 2374 694 2441 Occidit
717 2377 953 2441 Perseus
982 2381 1136 2440 boris
1157 2381 1213 2450 2,
1241 2383 1348 2441 20'.

550 2554 684 2617 Cum
715 2556 921 2629 Auriga
955 2557 1239 2616 descendit
1261 2561 1523 2619 zodiacus
1548 2578 1579 2617 a
1604 2561 1769 2617 Tauri
1801 2569 1955 2634 parte
1979 2560 2050 2618 25

479 2645 549 2709 ad
589 2646 792 2713 Cancri
834 2650 1067 2707 mediam
1113 2653 1182 2719 2;
1231 2655 1493 2710 culminat
1544 2670 1576 2710 a
1609 2654 1855 2727 Virginis
1898 2655 1935 2711 2
1980 2654 2049 2710 ad

476 2738 770 2798 Cbelarum
811 2741 903 2798 22.
934 2742 1093 2799 Prior
1133 2744 1337 2801 occidit
1382 2762 1505 2817 quae
1537 2754 1622 2803 est
1654 2746 1711 2801 in
1749 2748 1884 2817 pede
1913 2749 2049 2805 sini-

480 2834 599 2884 stro
621 2842 643 2903 ί
664 2836 973 2900 postremae,
1002 2847 1123 2902 qua:
1152 2832 1207 2887 in
1242 2834 1438 2904 capite.
1478 2834 1795 2892 Culminant
1830 2854 1861 2895 e
1887 2846 2051 2895 caete-

478 2919 560 2975 ris
605 2920 801 2986 stellis,
855 2921 1013 2978 initio
1059 2940 1180 2994 quae
1237 2934 1324 2982 est
1378 2928 1434 2982 in
1484 2929 1830 2986 extremitate
1864 2932 2052 2987 cauda:

478 3005 766 3077 Draconis,
798 3017 853 3067 et
880 3011 1260 3071 borealissima
1289 3016 1554 3084 Corona;
1600 3025 1901 3089 postrema,
1930 3036 2052 3091 quae

2152 554 2260 611 τῶν
2300 556 2357 609 ὲν
2397 557 2463 626 τῇ
2503 553 2659 625 οὐρᾷ,
2691 551 2918 621 ἔσχατος
2941 549 2998 603 δὲ
3025 551 3055 603 6
3090 548 3429 622 βορειότερος
3453 547 3560 601 τῶν
3582 550 3638 600 ὲν
3662 550 3720 616 τῇ

2151 645 2392 717 ἑπομένῃ
2434 644 2641 716 πλευρᾷ
2667 641 2760 697 τοῦ
2807 640 3058 711 Ῥόμὸου.
3083 638 3499 712 Μεσουρανοῦσι
3541 639 3597 691 δὲ
3626 637 3723 691 τῶν

2150 736 2350 791 λοιπῶν
2376 735 2619 809 ἀστέρων
2655 732 2864 806 πρῶτοι
2893 732 2991 804 μὲν
3015 733 3043 785 ὃ
3067 749 3128 784 τε
3152 732 3210 784 ὲν
3241 731 3393 802 μέσῳ
3418 728 3499 800 τῷ
3523 728 3721 800 σώματι

2148 830 2243 884 τοῦ
2296 828 2550 902 Περσέως
2594 825 2865 899 λαμπρὸς,
2920 825 3112 897 μικρὸν
3169 821 3586 896 προηγούμενος
3633 820 3719 874 τοῦ

2153 918 2548 993 μεσημϐρινοῦ,
2580 918 2675 973 καὶ
2718 919 2748 971 6
2790 917 3053 987 ἑπόμενος
3088 914 3197 969 τῶν
3236 916 3295 969 ὲν
3324 917 3393 986 τῇ
3434 914 3585 985 νοτιᾳ
3610 929 3718 965 σια-

2147 1014 2266 1083 γόνι
2293 1011 2386 1066 τοῦ
2415 1012 2651 1083 Κήτους,
2692 1008 2886 1081 μικρὸν
2928 1007 3358 1079 ὑπολειπόμενος
3389 1005 3487 1060 τοῦ
3522 1021 3720 1077 μεσημ-

2148 1104 2353 1177 ϐρινοῦ·
2384 1103 2600 1174 ἔσχατοι
2628 1101 2684 1155 δὲ
2710 1101 2760 1155 οἱ
2789 1101 2847 1155 ἐν
2874 1100 2952 1172 τῷ
2974 1098 3248 1171 ἀριστερῷ
3266 1098 3459 1167 γόνατι
3479 1096 3572 1150 τοῦ
3591 1098 3720 1168 Περ-

2148 1196 2306 1259 σέως.
2341 1194 2564 1264 καὶτῆς
2610 1191 2866 1255 Πλειάδος
2918 1190 2979 1244 τὸ
3030 1189 3368 1262 βορειότερον
3428 1187 3593 1259 μέρος
3628 1186 3721 1256 τῆς

2145 1286 2454 1359 ἡγουμένης
2507 1284 2767 1357 πλευρᾶς.
2802 1283 2958 1337 Δύνει
3005 1282 3062 1336 δὲ
3092 1284 3120 1337 6
3156 1281 3351 1350 Δελφὶς
3376 1281 3438 1335 ὲν
3460 1279 3718 1350 ἡμιωρξῳ.

2221 1376 2329 1432 Τοῦ
2362 1376 2419 1430 δὲ
2454 1374 2707 1447 Περσέως
2737 1374 3004 1439 δύνοντος,
3033 1371 3432 1443 συγκαταδύνει
3462 1370 3560 1442 μὲν
3585 1370 3721 1441 αὐτῷ

2144 1470 2174 1523 6
2199 1467 2459 1533 ζωδιακὸς
2481 1467 2590 1521 ἀπὸ
2610 1467 2703 1521 τοῦ
2724 1466 2937 1539 Ταύρου
2975 1466 3085 1537 μοι.
3106 1465 3151 1536 β’
3180 1464 3285 1529 ἕως
3318 1464 3538 1536 Ταύρου
3556 1463 3663 1534 μοί.
3680 1463 3722 1514 θ’

2145 1558 2242 1614 καὶ
2266 1557 2333 1612 κ’·
2360 1576 2424 1631 με
2434 1575 2525 1612 σου
2535 1560 2685 1630 ρανεῖ
2697 1558 2755 1612 δὲ
2772 1557 2880 1612 ἀπὸ
2892 1557 3119 1621 Λέοντος
3141 1555 3194 1622 ς’
3213 1555 3388 1627 μέσης
3408 1556 3515 1619 ἔως
3533 1553 3726 1625 Παρθέ-

2144 1668 2234 1706 νου
2264 1649 2293 1704 ι’
2314 1651 2505 1723 μέσης.
2532 1651 2643 1705 Καὶ
2669 1656 2719 1703 α’
2750 1649 2848 1722 μὲν
2869 1648 3045 1721 ἀστὴρ
3069 1648 3213 1703 δύνει
3234 1648 3344 1702 τῶν
3364 1650 3427 1702 ὲν
3442 1648 3521 1719 τῷ
3545 1648 3725 1719 Γοργτν

2145 1742 2244 1814 νίῳ
2265 1746 2293 1799 6
2337 1743 2674 1816 βορειότερος
2709 1741 2817 1796 τῶν
2857 1741 3193 1814 ἡγουμένων,
3214 1740 3447 1812 ἔσχατος
3471 1739 3530 1793 δὲ
3549 1738 3655 1793 τῶν
3672 1741 3723 1793 ὲν

2145 1837 2223 1909 τῷ
2246 1837 2403 1908 δεξιῷ
2426 1836 2633 1906 γόνατι.
2652 1834 3060 1907 Μεσουρανοῦσι
3080 1834 3138 1888 δὲ
3153 1832 3263 1887 τῶν
3289 1833 3471 1889 ἄλλων
3491 1832 3724 1905 ἀστέρων

2146 1930 2204 1983 ἔν
2233 1931 2375 2001 ἀρχῇ
2414 1928 2513 2000 μὲν
2548 1928 2577 1982 6
2611 1945 2670 1980 τε
2711 1929 2769 1981 ἔν
2800 1930 2867 1999 τῇ
2905 1927 3104 1999 γαστρὶ
3131 1925 3227 1980 τοῦ
3247 1928 3497 1991 Λέοντος,
3534 1922 3615 1998 [ἦ]
3654 1925 3725 1989 ὡς

2145 2021 2449 2092 ἡμιπήχιον
2493 2018 2922 2090 ὑπολειπόμενος
2963 2017 3057 2073 τοῦ
3097 2017 3610 2090 μεσημϐρινοῦ,καὶ
3639 2016 3721 2069 τοῦ

2148 2109 2347 2183 ’Υδρου
2374 2110 2403 2162 6
2429 2106 2688 2181 τέταρτος
2710 2107 2819 2161 τῶν
2843 2106 2981 2179 μετὰ
3006 2107 3096 2161 τὸν
3120 2106 3397 2179 λαμπρὸν,
3419 2107 3496 2170 ὡς
3526 2107 3723 2178 ἡμιπή-

2147 2216 2264 2272 χιον
2316 2198 2726 2272 προηγούμενος
2776 2198 2873 2253 τοῦ
2909 2198 3304 2272 μεσημϐρινοῦ,
3341 2199 3437 2253 καὶ
3470 2199 3568 2270 τῆς
3607 2199 3720 2272 ’Δρ-

2146 2291 2278 2361 γοῦς
2299 2294 2328 2345 6
2348 2291 2571 2362 ἔσχατος
2601 2290 2711 2345 τῶν
2738 2291 2795 2345 ὲν
2825 2293 2893 2363 τῇ
2918 2293 3115 2362 τροπῇ·
3142 2290 3363 2361 ἔσχατοι
3387 2290 3445 2343 δὲ
3475 2306 3722 2361 μεσουρα-

2054 2441 2067 2455 ο
2148 2381 2331 2436 νοῦσιν
2351 2382 2380 2435 ὃ
2399 2400 2459 2435 τε
2476 2384 2534 2436 ὲν
2558 2384 2622 2454 τῇ
2644 2383 2781 2455 οὐρᾷ
2812 2381 2907 2435 τοῦ
2930 2382 3175 2453 Κόρακος
3195 2382 3292 2435 καὶ
3313 2384 3340 2435 6
3361 2384 3420 2435 έν
3440 2385 3553 2446 τοῖς
3577 2382 3720 2435 ποσὶν

2148 2472 2335 2528 αὐτοῦ.
2371 2473 2526 2528 Δύνει
2567 2472 2625 2528 δὲ
2652 2475 2682 2527 ὁ
2718 2473 2957 2546 Περσεὺς
2984 2474 3041 2527 ἐν
3070 2470 3240 2544 ὥραις
3270 2471 3315 2543 β’
3347 2472 3444 2525 καὶ
3476 2470 3525 2541 γ’
3557 2472 3717 2545 μέρει.

2221 2563 2329 2618 Τοῦ
2366 2564 2423 2618 δὲ
2463 2563 2707 2636 Ἦνιόχου
2743 2563 3009 2628 δύνοντος,
3035 2563 3431 2634 συγκαταδύνει
3468 2565 3565 2636 μὲν
3586 2563 3719 2635 αὐτῷ

2148 2655 2177 2709 6
2199 2653 2461 2719 ζωδιακὸς
2504 2654 2613 2709 ἀπὸ
2652 2654 2864 2727 Ταύρου
2908 2653 3017 2726 μοί.
3043 2650 3092 2724 γ’
3115 2655 3210 2709 καὶ
3244 2652 3293 2707 κ’
3327 2654 3437 2718 ἔως
3459 2654 3718 2727 Καρκίνου

2152 2744 2197 2818 β’
2223 2746 2393 2818 μέσης
2414 2762 2428 2779 ο
2467 2750 2787 2819 μεσουρανεῖ
2813 2747 2868 2800 δὲ
2902 2746 3009 2800 ἀπὺ
3034 2745 3311 2819 Παρθένου
3330 2744 3383 2817 β’·
3407 2746 3514 2810 ἕως
3540 2746 3720 2818 Χηλῶν

2152 2837 2197 2909 β’
2226 2839 2320 2894 καὶ
2351 2837 2421 2893 κ’.
2449 2839 2559 2893 Καὶ
2595 2836 2643 2895 α’
2681 2838 2780 2910 μὲν
2813 2838 2985 2911 ἀστὴρ
3012 2838 3159 2893 δύνει
3198 2839 3228 2892 6
3254 2838 3313 2891 ὲν
3349 2837 3430 2910 τῷ
3461 2837 3719 2914 ἀριστερῷ

2150 2929 2293 2995 ποδὶ,
2322 2929 2538 3002 ἔσχατοι
2567 2930 2624 2984 δὲ
2664 2931 2714 2983 οἱ
2750 2932 2807 2983 ὲν
2843 2933 2911 3002 τῇ
2951 2930 3182 3003 κεφαλῇ.
3227 2930 3640 3002 Μεσουρανοῦσι
3671 2930 3719 2984 δὲ

2149 3021 2259 3077 τῶν
2307 3020 2482 3077 ἄλλων
2510 3022 2751 3093 ἀστέρων
2781 3024 2840 3076 ὲν
2862 3023 3000 3094 ἀρχῇ
3035 3022 3133 3094 μὲν
3162 3023 3258 3076 τοῦ
3288 3024 3593 3096 Δράκοντος
3615 3025 3643 3076 6
3669 3024 3717 3077 ἐν

480 3098 542 3208 in
569 3101 756 3208 media.
778 3111 864 3159 est
900 3106 1128 3162 ausuali
1171 3106 1360 3165 Chela.
1396 3107 1615 3169 Occidit
1643 3110 1844 3183 Auriga
1886 3114 2045 3184 paulu

2155 3112 2299 3186 ἄκρᾳ
2320 3116 2385 3186 τῇ
2414 3114 2571 3186 οὐρᾷ,
2598 3113 2693 3167 καὶ
2724 3112 2817 3170 τοῦ
2840 3114 3109 3184 Στεφάνου
3133 3116 3161 3167 6
3190 3113 3554 3184 βορειότατος,
3578 3114 3719 3185 ἔσχα-

479 3191 606 3265 plus
637 3174 790 3260 horis
816 3196 870 3265 ὃ.

553 3371 827 3435 Hactenus
845 3376 913 3434 de
933 3380 1188 3439 omnibus
1202 3381 1413 3468 godiaci
1438 3383 1838 3443 borealioribus
1860 3387 2052 3459 imagi-

480 3463 663 3523 nibus.
697 3466 936 3525 Caeteras
968 3470 1110 3527 libro
1138 3463 1400 3544 secuente
1423 3475 1738 3543 reddemus,
1773 3480 1827 3534 id
1863 3480 2054 3537 obsera

477 3564 695 3624 vantes,
727 3566 789 3623 ut
816 3575 886 3624 ne
906 3560 1115 3631 justum
1143 3564 1364 3621 modum
1396 3566 1503 3621 iste
1531 3567 1668 3624 liber
1694 3569 1944 3626 excedat.

487 3758 641 3818 Finis
702 3761 847 3841 tibi
884 3765 1126 3841 secundi;
1156 3764 1572 3841 Enarrqtionum
1632 3768 1927 3841 Hipparchi
1983 3773 2055 3828 ad

811 3832 970 3889 Arati
997 3844 1048 3893 et
1076 3836 1291 3901 Eudoxi
1327 3838 1705 3897 Phamomena.

2154 3220 2245 3267 τος
2267 3202 2323 3257 δὲ
2350 3205 2379 3257 6
2406 3206 2464 3257 ὲν
2497 3203 2639 3278 μέσῃ
2667 3205 2732 3275 τῇ
2770 3204 2919 3275 νοτία
2947 3203 3122 3275 Χηλῇ.
3152 3202 3311 3258 Δύνει
3343 3203 3404 3262 δὲ
3431 3206 3462 3259 6
3493 3204 3717 3274 Ἡνίοχος

2160 3294 2340 3367 μικρῷ
2369 3295 2551 3350 πλεῖον
2582 3296 2616 3367 ἢ
2655 3294 2825 3367 ὥραις
2854 3301 2924 3365 γ’.

2226 3388 2525 3460 Εἰρηκότες
2561 3389 2625 3460 δὴ
2669 3389 2799 3462 περὶ
2843 3389 3062 3444 πάντων
3107 3389 3216 3445 τῶν
3251 3390 3605 3463 βορειοτέρων
3630 3387 3717 3442 τοῦ

2159 3479 2421 3546 ζωδιακοῦ
2465 3482 2699 3554 ἄστρων,
2751 3482 2881 3554 περὶ
2926 3482 3035 3537 τῶν
3066 3482 3268 3537 λοιπῶν
3296 3485 3357 3538 ἔν
3388 3484 3469 3555 τῷ
3494 3482 3716 3556 ἐχομένῳ

2157 3573 2530 3646 ἀποδώσομεν,
2573 3573 2956 3647 στοχαζόμενοι
2987 3574 3089 3648 τῆς
3118 3576 3468 3649 συμμετρίας
3490 3566 3581 3631 τοῦ
3604 3590 3716 3628 συν-

2157 3664 2458 3736 τάγματος.

2165 3777 2344 3845 Τένῑος
2386 3777 2718 3848 Ἱππάρχου
2744 3778 3139 3849 τῶννἈράτου
3176 3781 3278 3836 καὶ
3306 3781 3574 3848 Εὐδόξου
3591 3784 3713 3836 Φαι-

2480 3850 2749 3919 νομένων
2794 3848 3179 3921 Ἐξηγήσεων
3204 3852 3311 3908 τοῦ
3339 3849 3425 3917 β’.

1685 4114 2496 4233 ΙΠΠΑΡΧΟΥ

1107 4323 1267 4395 ιἸΩΝ
1288 4327 1582 4383 ΑΡΔΤΟΥ
1606 4327 1737 4383 ΚΑΙ
1761 4323 2103 4379 ΕΥΔΟΞΟΥ
2134 4328 2622 4386 ΦΑΙΝΟΜΕΝΩΝ
2654 4332 3090 4405 ΕΞΗΓΗΣῈΩΝ

1792 4466 2232 4555 ΒΙΒΛΙΟΝ
2301 4460 2412 4554 Γ.

1716 4744 2496 4860 HIPPARCHI

1108 4964 1705 5029 ENARRATIONUM
1736 4968 1833 5023 AD
1872 4967 2096 5024 ARATI
2124 4966 2216 5022 ET
2246 4965 2539 5024 EUDOXI
2570 4964 3075 5025 PHENOMENA

1590 5119 1955 5217 LIBER
2047 5119 2605 5211 TERTIUS.

2088 5296 2156 5313 0-

549 5378 709 5452 133
723 5376 768 5434 l.
785 5375 1078 5451 Superiora
1092 5381 1252 5449 libro,
1270 5384 1551 5452 A'Jscbrio,
1572 5386 1640 5443 de
1653 5387 2045 5449 borealioribus

2228 5385 2309 5451 Αν.
2348 5382 2763 5457 Προειρηκότες,
2793 5374 2838 5435 ὦ
2859 5380 3155 5453 Αἰσχρίων,
3196 5383 3255 5437 ἔν
3287 5382 3365 5455 τῷ
3395 5381 3497 5455 πρὸ
3528 5384 3701 5433 τούτου

475 5470 707 5528 zodiaco
739 5468 949 5525 circulo
984 5471 1314 5544 imaginibus
1343 5476 1582 5533 diximus
1607 5515 1624 5542 ,
1654 5492 1894 5548 quonam
1927 5494 2052 5535 cum

474 5560 635 5630 signo
661 5559 732 5616 de
756 5557 1046 5625 duodecim
1076 5563 1329 5621 oriantur.
1348 5575 1403 5622 et
1428 5566 1684 5625 occidant
1709 5585 1726 5633 ;
1760 5576 1873 5622 tum
1906 5569 2055 5639 quod

473 5649 698 5720 signum
733 5647 946 5706 oriente
980 5653 1259 5723 qualibet,
1291 5655 1377 5712 vel
1414 5654 1818 5723 descendente,
1857 5659 2055 5714 culmi-

475 5747 607 5811 net;
645 5754 900 5815 quaenam
937 5742 1057 5818 ipso
1094 5753 1287 5816 ortus,
1318 5747 1406 5806 vel
1441 5761 1675 5807 occasus
1726 5746 1919 5820 initio,
1959 5759 2052 5813 aut

2154 5476 2495 5548 συντάγματι
2507 5492 2572 5528 πε
2582 5474 2635 5545 pl
2647 5474 2754 5527 τῶν
2769 5472 3121 5545 βορειοτέρων
3136 5472 3352 5547 ἄστρων
3363 5472 3453 5529 τοῦ
3465 5470 3702 5537 ζωδιακοῦ
3777 5516 3790 5541 ,

2152 5572 2355 5627 κύκλου
2377 5613 2392 5637 ,
2421 5570 2526 5624 τίνι
2553 5586 2614 5622 τε
2655 5567 2829 5638 ζωδίῳ
2867 5567 2977 5620 τῶν
3011 5566 3078 5638 ιβ’
3106 5567 3340 5623 ’ἑκαστον
3385 5566 3551 5622 αὐτῶν
3587 5581 3703 5616 συν·

2152 5662 2431 5717 ανατέλλει
2469 5660 2565 5714 καὶ
2598 5657 2986 5728 συγκαταδύνει
3005 5700 3020 5725 ,
3054 5659 3151 5713 καὶ
3181 5659 3235 5712 τί
3263 5660 3467 5725 ζώδιον,
3495 5654 3701 5711 ἀνατέλ-

2152 5751 2337 5821 λοντος
2361 5750 2527 5810 αὐτοῦ
2552 5750 2586 5823 ἢ
2614 5747 2860 5814 δύνοντος
2883 5753 3282 5821 ,ομεσουρα,νεῖ,
3317 5750 3411 5808 καὶ
3443 5748 3569 5809 τινες
3602 5743 3701 5799 τῶν
