3816 6306
126 309 248 364 1109

1092 310 1462 369 HlPPARClll
1503 314 1592 368 AD
1630 313 2074 370 ΡΙΙΑΞΝΟΜΕΝΑ
2108 316 2234 370 LIB.
2278 317 2364 372 Ill.

3214 329 3364 386 mo-

121 422 358 476 ἀπλανῶν
408 420 654 494 ἀστέρων
704 423 794 475 ἐπὶ
843 423 937 477 τοῦ
991 427 1364 499 μεσημϐρινοῦ
1418 430 1674 497 γίνονται,

1786 446 1978 486 rursus
2017 429 2334 494 occidente,
2383 429 2752 490 inerrantibus
2806 450 2836 490 e
2884 438 3058 493 stellis
3109 441 3346 494 medium

119 515 406 586 ἀρχομένου
436 531 497 567 τε
540 513 703 568 αὐτοῦ
737 515 1046 570 ἀνατέλλειν
1077 518 1110 589 ἢ
1151 519 1327 574 δύνειν
1346 562 1361 586 ,
1392 522 1488 575 καὶ
1517 521 1677 575 πάλιν

119 607 345 670 δύνοντος
369 624 383 636 ·
417 607 498 660 ἔτι.
535 607 580 661 δ’
613 607 672 660 ἐν
714 609 907 671 πόσαις
956 610 1296 682 ἱσημεριναῖς
1336 612 1506 683 ὥραις
1544 614 1677 668 ἕκα-

120 715 229 761 στος
251 697 553 762 ἀνατέλλει,
587 699 619 770 ἢ
655 698 797 752 δύνει
819 716 832 729 °
875 697 973 752 νῦν
1011 702 1399 775 ύπογράψομεν
1432 704 1500 757 τὰ
1539 704 1679 758 αύτά

118 791 230 859 περὶ
255 790 483 844 ἑκάστου
515 789 622 842 τῶν
659 791 990 863 νοτιωτέρων
1015 793 1110 847 τοῦ
1141 794 1407 860 ζωδιακοῦ
1437 796 1676 868 ἄστρων,

116 883 199 936 καὶ
226 883 403 937 αὐτῶν
431 883 541 936 τῶν
575 882 640 953 ιβ’
668 883 894 948 ζωδίων.

174 974 288 1027 Τῶν
336 974 437 1044 μὲν
488 971 582 1028 οῦν
626 975 958 1046 νοτιωτέρων
991 975 1084 1028 τοῦ
1134 975 1398 1039 ζωδιακοῦ
1447 979 1672 1046 κύκλου,

113 1065 226 1118 ὅταν
260 1065 357 1135 μὲν
385 1067 416 1118 6
446 1065 646 1136 ’Ύδρος
674 1065 956 1137 ἀνατέλλῃ,
990 1068 1363 1122 συνανατέλλει
1399 1072 1496 1142 μὲν
1526 1072 1675 1144 αύτῷ

114 1154 416 1218 ὁζωδιακὸς
447 1155 555 1208 ἀπὸ
590 1156 862 1227 Καρκίνου
900 1156 1010 1227 μοί.
1056 1157 1118 1210 ιϐ’
1150 1158 1322 1230 μέσης
1349 1160 1454 1224 ἕως
1479 1163 1674 1234 Χηλῶν

115 1257 180 1316 ις’
213 1251 416 1322 μέσης·
453 1255 776 1323 μεσουρανεῖ
815 1253 871 1306 δὲ
912 1253 1018 1307 ἀπὸ
1062 1254 1232 1325 Κριοῦ
1273 1255 1381 1326 μοί.
1423 1261 1471 1323 γ’
1504 1256 1675 1327 μέσης

111 1343 204 1405 ἕως
227 1343 504 1414 Καρκίνου
540 1349 633 1413 ιη’.
668 1343 778 1396 Καὶ
808 1349 856 1396 α’
887 1344 984 1414 μὲν
1023 1345 1196 1416 ἀστὴρ
1224 1345 1502 1398 ἀνατέλλει
1533 1347 1560 1398 6
1585 1344 1675 1415 βο-

113 1435 370 1506 ρειότερος
403 1436 514 1489 τῶν
540 1437 596 1488 ὲν
624 1435 700 1508 τῷ
733 1436 992 1507 χάσματι,
1028 1436 1254 1506 ἔσχατος
1285 1437 1341 1490 δὲ
1374 1439 1402 1491 6
1435 1440 1491 1490 έν
1528 1437 1676 1511 ἄκρα

111 1529 168 1598 τῇ
197 1528 347 1600 ούρᾷ.
394 1530 737 1599 Μεσουρανεῖ
771 1529 826 1582 δὲ
864 1529 1039 1600 ἀστὴρ
1071 1535 1119 1582 α’
1149 1529 1247 1599 μὲν
1287 1527 1384 1582 τοῦ
1431 1546 1490 1582 τε
1531 1532 1673 1602 Περ-

112 1617 234 1681 σέως
253 1620 280 1672 6
306 1623 363 1672 ὲν
387 1622 455 1691 τῇ
484 1621 671 1694 Ἀρπῃ
691 1619 1051 1692 νεφελοειδὴς,
1081 1621 1174 1673 καὶ
1198 1622 1226 1674 6
1249 1619 1541 1692 σύνδεσμος
1565 1619 1674 1676 τῶν

121 1711 436 1781 ’1χούων,ὡς
465 1714 764 1784 ήμιπήχιον
806 1713 1232 1784 ὑπολειπόμενος
1273 1712 1382 1766 τῶν
1411 1715 1468 1768 ὲν
1489 1715 1554 1784 τῇ
1579 1731 1673 1766 κε-

1779 521 1979 574 cmlum
2015 528 2245 590 occupet
2273 538 2287 574 :
2326 519 2395 574 ad
2427 519 2545 574 haec
2579 530 2712 590 quot
2745 526 3208 595 aequinoctialium
3246 529 3364 594 ho-T

1777 629 1963 668 rarum
2005 615 2185 685 spatio
2221 614 2449 685 singula:
2486 623 2640 670 ortus
2681 633 2811 674 suos
2866 636 3206 692 occasusque
3264 613 3363 676 [εει-ι

1775 705 1947 759 ciant.
1986 704 2130 761 Idem
2165 721 2310 760 nunc
2361 705 2428 761 de
2478 709 2902 766 australioribus
2947 714 3172 767 zodiaco
3221 713 3344 767 ςαξιί

1775 798 2323 863 constellationibus,
2386 813 2450 855 ac
2509 800 2576 855 de
2640 801 2774 872 ipsis
2826 803 3112 859 duodecim
3174 807 3346 876 signis

1775 889 2016 944 scribere
2053 888 2425 946 instituemus.

1845 980 1921 1034 Ex
1957 981 2024 1036 iis
2056 969 2224 1052 igitur
2265 984 2610 1052 asterismis,
2657 985 2750 1055 qui
2805 988 3163 1045 australiores
3213 999 3342 1045 sunt

1774 1073 2001 1126 zodiaco
2034 1073 2275 1138 circulo,
2311 1073 2496 1146 Hydro
2536 1086 2825 1147 surgente,
2861 1080 3117 1134 zodiacus
3147 1096 3342 1137 ascen-

1773 1165 1852 1219 dit
1883 1182 1912 1219 a
1945 1164 2144 1220 Cancri
2175 1167 2240 1222 19
2272 1167 2448 1222 media
2485 1178 2673 1237 parte,
2705 1171 2772 1225 ad
2808 1173 3039 1227 mediam
3089 1176 3155 1228 16
3201 1175 3343 1230 Clie-

1772 1258 1982 1326 larum;
2013 1260 2275 1314 culminat
2307 1261 2376 1316 ab
2408 1263 2610 1318 Arietis
2647 1264 2822 1319 media
2856 1266 2890 1319 5
2920 1266 2986 1319 ad
3024 1266 3219 1322 Cancri
3251 1269 3338 1322 18.

1772 1347 1954 1404 Prima
1992 1351 2168 1405 oritur
2199 1353 2356 1407 stella
2403 1353 2680 1410 borealior
2713 1371 2900 1411 earum
2941 1374 3062 1427 qum.
3100 1360 3154 1412 in
3196 1361 3340 1415 rictu

1775 1450 1903 1498 sunt
1928 1458 1942 1507 ;
1970 1442 2157 1496 ultima
2177 1486 2191 1510 ,
2224 1459 2344 1513 qua:
2370 1445 2423 1498 in
2452 1446 2794 1501 extremitate
2824 1449 3030 1503 caudae.
3063 1449 3341 1504 Culmiuat

1775 1535 1926 1604 prior
1973 1549 2093 1604 qua:
2131 1532 2188 1589 in
2225 1535 2410 1591 Persei
2449 1547 2536 1592 est
2563 1536 2742 1608 Harpe
2772 1539 2981 1593 nebulae
3013 1540 3248 1605 similis;
3283 1550 3339 1597 et

1774 1629 1952 1684 nodus
1997 1628 2271 1694 Piscium,
2316 1631 2640 1686 semicubito
2681 1633 2900 1687 circiter
2942 1633 3151 1689 distans
3193 1649 3224 1689 a
3257 1635 3340 1688 lu-

1774 1721 1913 1775 cidis
1942 1721 2114 1778 tribus
2139 1722 2334 1792 capitis
2357 1722 2588 1790 Cancri;
2617 1723 2940 1780 semicubito
2965 1740 3182 1795 quoque
3204 1725 3338 1780 citra

110 1802 236 1874 φαλῇ
265 1803 357 1856 τοῦ
389 1804 666 1876 Καρκίνου
701 1804 968 1876 λαμπρῶν
997 1812 1068 1874 γ’,
1103 1805 1178 1868 ὡς
1204 1805 1504 1876 ἡμιπήχιον
1543 1805 1674 1856 ὑπο·

1786 1812 2136 1868 meridianum
2189 1817 2384 1885 posita.
2439 1813 2641 1870 Ultima
2687 1817 2987 1883 culminat,
3045 1818 3342 1873 azzstralicr

109 1892 413 1964 λειπόμενος
442 1893 538 1947 τοῦ
573 1894 945 1967 μεσημϐρινοῦ
976 1913 990 1926 ⁸
1019 1895 1246 1966 ἔσχατος
1269 1896 1324 1949 δὲ
1354 1898 1676 1967 μεσουρανεῖ

109 1983 190 2037 τοῦ
223 2002 280 2036 τε
317 1985 552 2049 Λέοντος
596 1988 624 2040 6
664 1985 982 2060 νοτιώτερος
1018 1987 1127 2041 τῶν
1159 1987 1478 2058 ἡγουμένων
1506 1989 1565 2041 ἐν
1605 1990 1672 2058 τῇ

109 2075 297 2148 κεφαλῇ
325 2116 340 2140 ,
372 2077 471 2130 καὶ
503 2076 604 2146 τῆς
640 2077 867 2150 Ἀργοῦς
892 2079 920 2131 6
945 2077 1262 2150 νοτιώτερος
1287 2077 1396 2132 τῶν
1425 2078 1483 2131 ὲν
1525 2077 1676 2149 μέσῳ

106 2167 174 2238 τῷ
212 2167 359 2240 ἱστῷ.
403 2168 708 2223 Ἀνατέλλει
753 2170 810 2224 δὲ
851 2172 879 2223 6
899 2170 1097 2244 ’Ύδρος
1134 2172 1191 2224 ὲν
1219 2169 1388 2240 ῶραις
1415 2171 1459 2236 ζ’
1488 2171 1582 2223 καὶ
1614 2185 1674 2222 ιε’

111 2259 273 2332 μέρει.

173 2351 332 2404 Ὅταν
381 2351 440 2404 δὲ
474 2351 501 2404 6
535 2351 762 2424 Κρατὴρ
807 2351 1073 2424 ἀνατέλλῃ
1097 2394 1112 2416 ,
1145 2353 1521 2408 συνανατέλλει
1575 2354 1676 2426 μὲν

107 2442 239 2513 αὐτῷ
278 2446 305 2496 6
338 2443 606 2508 ζωδιακὸς
653 2444 761 2497 ἀπὸ
800 2444 1025 2508 Λέοντος
1070 2445 1179 2516 μοί.
1218 2446 1262 2510 ζ’
1294 2448 1387 2500 καὶ
1420 2453 1466 2500 κ’
1500 2447 1674 2518 μέσης

107 2534 199 2598 ἕως
239 2537 520 2608 Παρθένου
572 2537 681 2608 μοι.
736 2543 802 2590 ια’
853 2538 1056 2610 μέσης·
1099 2542 1424 2610 μεσουρανεί
1463 2540 1520 2593 δὲ
1564 2539 1674 2594 ἀπὸ

107 2626 304 2700 Ταύρου
335 2635 388 2684 α’
420 2631 515 2683 καὶ
543 2637 592 2684 κ’
638 2629 808 2701 μέσης
830 2631 934 2695 ἕως
965 2632 1210 2702 Διδύμων
1242 2631 1434 2703 μέσης.
1480 2630 1591 2685 Καὶ
1623 2639 1673 2686 α’

111 2719 198 2788 μὲν
230 2720 406 2794 ἀστὴρ
439 2722 721 2776 ἀνατέλλει
755 2726 783 2776 6
813 2722 1150 2795 βορειότερος
1182 2724 1291 2777 τῶν
1324 2725 1381 2776 ἐν
1416 2726 1482 2796 τῇ
1517 2724 1673 2795 βάσει

105 2812 160 2873 δ’,
194 2814 416 2884 ἔσχατος
448 2815 506 2869 δὲ
533 2818 562 2869 6
584 2816 902 2880 νοτιὼτατος
931 2817 1037 2870 τῶν
1064 2818 1122 2870 έν
1141 2817 1218 2888 τῷ
1239 2819 1408 2889 Κήτει
1434 2823 1487 2882 ς’
1515 2817 1674 2870 ἀστέ-

111 2924 225 2974 ρων.
259 2909 674 2981 Μεσουρανοῦσι
703 2911 760 2964 δὲ
788 2911 994 2984 πρῶτοι
1026 2913 1122 2983 μὲν
1164 2913 1390 2985 ἀστέρες
1427 2913 1477 2964 οἱ
1514 2912 1572 2964 ὲν
1603 2915 1670 2984 τῇ

106 2999 299 3072 κεροιλῇ
328 3000 428 3054 τοῦ
463 3002 706 3073 Ἠνιόχου
743 3005 881 3057 κατά
921 3003 982 3058 τὸ
1014 3004 1175 3075 μέσον
1203 3005 1332 3057 αὐτὸ
1354 3006 1419 3070 ⁹⁰,
1455 3003 1670 3074 ἔσχατοι

106 3090 155 3143 δὲ
185 3093 286 3146 τῶν
309 3112 372 3147 τε
395 3095 643 3166 Διδύμων
671 3098 700 3150 6
744 3097 787 3150 δ’
819 3097 925 3150 ἀπὸ
955 3097 1157 3161 δύσεως
1189 3097 1298 3151 τῶν
1335 3099 1391 3150 ἐν
1410 3100 1521 3160 τοῖς
1546 3098 1672 3150 ποσὶ

1775 1905 2198 1975 prazccdentium
2248 1907 2302 1960 in
2355 1907 2531 1978 capite
2575 1906 2815 1963 Leonis:
2868 1911 3159 1965 australior
3210 1910 3337 1964 iteir

1773 2010 1963 2049 earum
2000 2011 2123 2066 quae
2159 1998 2213 2052 in
2256 1999 2400 2053 malo
2427 1999 2608 2054 medio
2638 2007 2766 2056 sunt
2798 1999 2980 2057 Navis.
3013 2001 3197 2057 Oritur
3226 2000 3340 2073 Hy-

1773 2086 1906 2142 drus
1940 2088 2091 2145 horis
2123 2097 2328 2160 septem
2350 2131 2366 2156 ,
2400 2097 2455 2147 et
2487 2101 2640 2163 parte
2676 2092 2827 2148 horae
2860 2095 2947 2150 15.

1846 2349 2066 2407 Oriente
2089 2352 2312 2410 Cratere
2339 2355 2598 2412 zodiacus
2625 2357 2861 2429 assurgit
2885 2373 2913 2412 a
2940 2356 3139 2413 Leonis
3165 2357 3336 2410 medi:

1774 2452 1927 2514 parte
1958 2444 2029 2498 27
2063 2461 2239 2516 usque
2275 2447 2343 2502 ad
2382 2447 2622 2521 Virginis
2662 2451 2897 2506 mediam
2938 2453 3039 2517 11;
3080 2451 3350 2505 culmina:

1776 2547 1806 2586 a
1832 2540 1987 2603 parte
2010 2532 2176 2590 Tauri
2204 2535 2383 2591 media
2407 2537 2471 2592 21
2504 2537 2572 2592 ad
2600 2539 2833 2592 mediam
2863 2580 2875 2592 .
2898 2578 2912 2591 .
2935 2539 3339 2597 .Geminorum.

1774 2622 1933 2679 Prior
1965 2625 2140 2680 oritur
2168 2626 2441 2683 borealior
2472 2628 2540 2684 de
2574 2637 2810 2700 quatuor
2839 2631 2893 2700 in
2923 2630 3081 2696 basi;
3117 2629 3304 2683 ultima
3325 2669 3339 2695 ,

1774 2733 1896 2788 qua:
1933 2724 2017 2772 est
2056 2719 2316 2773 australis
2356 2719 2592 2774 maxime
2631 2734 2729 2774 sex
2765 2720 2819 2774 in
2858 2717 2995 2776 Ceto
3035 2721 3336 2775 stellarum.

1775 2807 2098 2864 Culminant
2136 2811 2347 2880 priores
2384 2826 2463 2867 ea:
2499 2811 2702 2880 stellae,
2743 2827 2864 2882 quae
2903 2819 3032 2866 sunt
3069 2812 3127 2866 in
3164 2811 3342 2880 capite

1773 2903 2020 2975 Aurigaa,
2054 2904 2200 2960 circa
2229 2908 2468 2963 medium
2501 2908 2678 2979 ipsum
2712 2926 2727 2962 :
2766 2907 3105 2971 novissima,
3143 2910 3342 2976 quarta

1775 2995 1846 3051 ab
1877 3010 2076 3051 occasu
2107 2997 2176 3053 de
2204 3007 2438 3069 quatuor
2469 3015 2592 3071 qua:
2629 3007 2757 3054 sunt
2796 2999 2855 3054 in
2895 2998 3125 3069 pedibus
3159 2996 3341 3052 Gemi-

1778 3115 1975 3155 norum
1995 3141 2010 3164 ,
2043 3108 2097 3155 et
2121 3096 2303 3152 lucida
2334 3109 2532 3150 carens
2561 3092 2815 3156 nomine,
2847 3089 3043 3162 Lepori
3072 3089 3337 3160 subjecta.

104 3182 158 3246 ε,
185 3189 274 3240 καὶ
297 3190 326 3241 6
358 3187 466 3240 ύπὸ
496 3187 587 3240 τὸν
614 3189 810 3258 Δαγὼν
842 3189 1091 3261 λαμπρὸς
1127 3190 1300 3263 ἀστὴρ
1329 3189 1668 3260 ἀκατονόμα-

1786 3189 1962 3247 Oritur
1986 3191 2175 3247 Crater
2200 3189 2332 3244 liora
2363 3188 2389 3242 1
2412 3227 2428 3253 ,
2465 3183 2566 3242 15¹.

107 3293 235 3340 στος.
276 3279 582 3334 Ἀνατέλλει
616 3280 671 3333 δὲ
704 3283 731 3335 6
760 3281 988 3354 Κρατὴρ
1013 3283 1071 3336 ὲν
1099 3281 1217 3352 ὥρᾳ
1238 3287 1284 3334 α’
1303 3283 1396 3335 καὶ
1419 3281 1459 3334 δ’
1489 3281 1664 3353 μέρει.

166 3369 236 3423 B’.
283 3372 456 3426 Ὅταν
483 3372 541 3426 δὲ
567 3374 596 3426 6
622 3372 807 3444 Κόραξ
838 3374 1101 3448 ἀνατέλλῃ
1123 3413 1136 3440 ,
1165 3374 1537 3428 συνανατέλλει
1570 3374 1669 3445 μὲν

106 3461 240 3532 αὐτῷ
269 3465 298 3518 6
330 3464 600 3529 ζωδιακὸς
624 3465 730 3518 ἀπὸ
755 3465 1027 3539 Παρθένου
1064 3466 1174 3537 μοί.
1219 3473 1294 3532 ις’
1318 3465 1422 3530 ἕως
1462 3465 1673 3537 Παρθέ-

105 3569 184 3634 vsa
216 3555 323 3624 μοί.
354 3562 406 3625 γ’
448 3555 546 3610 καὶ
573 3563 622 3610 κ’
648 3571 664 3586 ⁸
701 3560 1026 3629 μεσουρανεῖ
1054 3558 1110 3610 δὲ
1140 3559 1246 3611 ἀπὸ
1283 3557 1528 3630 Διδύμων
1559 3558 1670 3628 μοι.

105 3639 162 3697 ιδ’
185 3647 284 3710 ἕως
309 3647 562 3719 Διδύμων
591 3649 698 3720 μοί.
725 3649 770 3720 β’
788 3649 882 3702 καὶ
906 3657 972 3703 κ’.
1006 3650 1115 3703 Καὶ
1136 3651 1352 3721 πρῶτος
1376 3651 1474 3723 μὲν
1499 3651 1673 3724 ἀστὴρ

102 3735 373 3791 ἀνατέλλει
426 3740 456 3792 6
502 3740 593 3792 ἐπὶ
625 3740 724 3810 τῆς
768 3739 966 3811 ὀσφύος
991 3781 1006 3805 ,
1039 3740 1262 3811 ἔσχατος
1299 3742 1355 3795 δὲ
1400 3744 1428 3795 6
1460 3745 1517 3796 ἐν
1561 3745 1674 3808 τοῖς

103 3829 238 3882 ποσί.
274 3832 621 3903 Μεσουρανεῖ
658 3832 713 3885 δὲ
746 3840 795 3885 α’
836 3833 935 3904 μὲν
966 3835 995 3886 6
1028 3835 1084 3886 ὲν
1117 3836 1183 3905 τῇ
1217 3833 1490 3905 ἡγουμένῃ
1528 3835 1673 3906 χειρὶ

101 3920 186 3972 τοῦ
211 3923 519 3994 ἡγουμένου
549 3923 803 3994 Διδύμου,
843 3923 938 3978 καὶ
974 3925 1002 3976 6
1039 3923 1212 3989 δεξιὸς
1245 3924 1381 3984 ποῦς
1418 3924 1511 3977 τοῦ
1554 3925 1675 4001 ἑπο-

105 4012 259 4080 μένου
289 4014 548 4086 Διδύμου,
578 4014 798 4086 ἔσχατοι
840 4015 898 4068 δὲ
921 4014 1030 4069 τῶν
1060 4032 1119 4067 τε
1150 4014 1394 4084 Διδύμων
1427 4015 1455 4068 6
1487 4021 1534 4083 γ’
1566 4015 1674 4068 ἀπὸ

100 4099 297 4169 δύσεως
323 4105 436 4159 τῶν
467 4107 528 4159 ὲν
570 4109 682 4168 τοῖς
724 4103 916 4176 ὤμοις,
965 4104 1058 4158 καὶ
1105 4103 1200 4157 τοῦ
1240 4103 1416 4166 Κυνὸς
1441 4106 1469 4157 6
1511 4104 1568 4155 ἐν
1604 4106 1672 4175 τῇ

101 4198 320 4266 ἑκφύσει
387 4198 497 4252 τῶν
531 4197 878 4269 ἐμπροσθίων
928 4195 1130 4269 μερῶν,
1181 4195 1373 4267 μικρὸν
1422 4194 1851 4268 ὑπολειπόμενος
1893 4200 1986 4254 τοῦ
2045 4200 2442 4273 μεσημϐρινοῦ.

99 4294 236 4363 τρισὶ
267 4294 709 4367 πεμπτημορέοις
732 4301 777 4347 α’
809 4293 976 4365 ὧρας.

168 4390 337 4442 Ὅταν
368 4389 425 4442 δὲ
448 4391 476 4441 6
509 4389 819 4459 Κένταυρος
846 4387 1130 4461 ἀνατέλλῃ,
1164 4386 1543 4441 συνανατὲλλει
1581 4386 1682 4458 μὲν

1848 3373 1911 3427 ll.
1953 3373 2174 3428 Oriente
2202 3371 2410 3433 Corvo,
2440 3367 2648 3423 zodiaci
2684 3381 2844 3422 arcus
2871 3364 3136 3419 attollitur
3165 3379 3194 3417 a
3222 3361 3346 3416 Vir-

1776 3467 1918 3538 ginis
1950 3465 2017 3520 16
2059 3465 2124 3519 ad
2158 3464 2258 3529 25;
2289 3463 2553 3518 culminat
2583 3477 2613 3515 a
2643 3458 2991 3515 Geminorum
3036 3457 3103 3511 14
3147 3456 3216 3511 ad
3251 3455 3342 3508 22.

1779 3557 1938 3612 Prior
1964 3557 2140 3611 oritur
2166 3555 2323 3611 stella
2341 3596 2356 3619 ,
2383 3569 2505 3625 qua:
2528 3561 2612 3609 est
2638 3553 2694 3607 in
2716 3551 2912 3607 lumbis
2930 3592 2946 3617 ,
2971 3550 3162 3604 ultima
3184 3587 3200 3610 ,
3227 3562 3347 3617 quae

1780 3657 1865 3706 est
1899 3649 1954 3702 in
1989 3649 2241 3718 pedibus.
2275 3647 2555 3702 Culminat
2586 3646 2761 3717 prima
2792 3658 2912 3712 quae
2941 3651 3025 3697 est
3057 3641 3113 3699 in
3145 3654 3350 3712 prmce-

1779 3742 1940 3797 dente
1988 3757 2150 3796 manu
2211 3741 2569 3813 przeccdentis
2620 3737 2875 3803 Gemini;
2931 3744 2984 3792 et
3024 3751 3119 3808 pes
3156 3735 3348 3789 dexter

1779 3832 2126 3888 succedentis
2154 3851 2168 3901 ;
2196 3841 2482 3903 postrema:
2501 3877 2514 3898 ,
2541 3831 2700 3888 tertia
2726 3829 2792 3884 ab
2816 3843 3014 3884 occasu
3039 3844 3102 3883 ex
3133 3826 3200 3881 iis
3229 3840 3349 3895 quae

1779 3933 1908 3981 sunt
1939 3925 1994 3980 in
2020 3924 2371 3981 Geminorum
2422 3924 2688 3988 humeris,
2720 3931 2918 3993 etquae
2951 3921 3007 3974 in
3035 3919 3218 3975 radice
3251 3933 3350 3971 an-

1778 4017 2040 4072 teriorum
2088 4018 2324 4088 partium
2364 4018 2531 4072 Canis
2553 4056 2567 4080 ,
2607 4016 2888 4086 paululum
2920 4014 3058 4068 citra
3085 4009 3347 4066 meridia-

1778 4125 1908 4163 num
1945 4110 2144 4179 posita.
2177 4109 2367 4166 Oritur
2395 4109 2605 4164 Corvus
2636 4108 2770 4162 hora
2802 4105 2835 4160 0
2855 4147 2870 4171 ,
2904 4104 3006 4160 36'.

2525 4197 2826 4252 Ἀνατέλλει
2881 4197 2938 4250 δὲ
2974 4198 3002 4248 6
3042 4191 3228 4264 Κόραξ
3293 4193 3351 4244 ὲν

1861 4385 1998 4440 Cum
2045 4384 2319 4439 Centauro
2371 4382 2626 4437 zodiacus
2677 4379 2854 4434 oritur
2899 4395 2930 4433 a
2975 4386 3129 4448 parte
3157 4378 3351 4433 Chela-

99 4479 240 4552 αύτῷ
293 4481 324 4533 6
367 4479 632 4544 ζωδιακὸς
679 4479 787 4532 ἀπὸ
835 4479 1029 4550 Χηλῶν
1071 4478 1182 4549 μοί.
1214 4484 1243 4530 ι’
1293 4478 1397 4541 ἓως
1448 4475 1674 4542 Τοξότου

1786 4493 1901 4532 rum
1936 4477 2001 4530 10
2027 4477 2095 4530 ad
2125 4475 2400 4545 Sagittarii
2432 4474 2464 4528 4
2484 4492 2498 4539 ;
2521 4474 2784 4528 culminat
2815 4487 2844 4524 a
2873 4482 3025 4540 parte
3054 4469 3252 4526 Cancri
3283 4469 3352 4522 12

102 4574 204 4643 μοί.
235 4575 302 4626 δ”
332 4575 656 4646 μεσουρανεῖ
686 4572 744 4625 δὲ
776 4572 886 4626 67:6
929 4571 1205 4642 Καρκίνου
1248 4571 1312 4641 ιβ’
1341 4571 1445 4634 ἕως
1476 4568 1681 4641 Παρθέ-

97 4681 182 4718 νου
220 4666 284 4730 ιζ¹
319 4666 511 4737 μέσης.
545 4666 658 4720 Καὶ
695 4671 743 4718 α’
779 4665 876 4735 μὲν
908 4663 1080 4735 ἀστὴρ
1131 4663 1410 4719 ἀνατέλλει
1449 4666 1478 4716 ὁ
1519 4664 1575 4715 ἐν
1601 4661 1679 4732 τῷ

96 4756 368 4828 ἀριστερῷ
399 4757 556 4828 ὤμῳ,
599 4756 823 4826 ἔσχατος
866 4757 923 4810 δὲ
959 4758 986 4809 6
1018 4756 1284 4827 ἑπόμενος
1311 4755 1420 4807 τῶν
1467 4755 1677 4825 ἐμπρο-

100 4845 258 4901 σθίων
291 4848 485 4902 ποδῶν.
512 4850 693 4902 Μεσου
704 4850 851 4920 ρανεῖ
875 4847 931 4900 δὲ
956 4853 1003 4900 α’
1032 4848 1130 4918 μὲν
1150 4847 1324 4919 ἀστὴρ
1349 4846 1451 4915 τῆς
1479 4863 1538 4898 τε
1565 4846 1682 4915 Ἀρ-

95 4937 220 5004 γοῦς
261 4941 292 4992 6
338 4939 447 4992 67:6
483 4938 689 5002 δύσεως
723 4937 831 4990 τῶν
872 4939 929 4991 έν
954 4937 1032 5008 τῷ
1076 4935 1502 5008 καταστρώματι
1536 4935 1677 5006 λαμ-

98 5029 270 5098 πρῶν,
300 5031 393 5083 καὶ
412 5027 520 5104 ,τοῦ
543 5029 744 5102 ’Ὑδρου
781 5030 880 5101 τῆς
917 5029 1096 5092 νοτίας
1127 5027 1374 5096 σιαγόνος
1418 5029 1447 5080 6
1479 5027 1679 5098 ἑπόμε-

94 5138 200 5186 νος,
229 5121 459 5192 ἔσχατος
489 5121 545 5175 δὲ
571 5124 600 5176 6
625 5121 1022 5194 Προτρυγητὴρ
1063 5121 1138 5183 ὡς
1190 5121 1487 5191 ήμιπήχιον
1546 5137 1676 5191 προ-

94 5214 399 5286 ηγούμενος
442 5213 537 5268 τοῦ
588 5214 983 5286 μεσημϐρινοῦ.
1025 5213 1326 5267 Ἀνατέλλει
1374 5212 1430 5266 δὲ
1471 5213 1499 5265 6
1542 5212 1678 5266 Κέν-

93 5324 296 5378 ταυρος
322 5308 377 5360 έν
403 5306 575 5378 ῶραις
602 5307 644 5359 δ’
673 5308 767 5360 καὶ
791 5313 838 5375 γ’
872 5307 1028 5377 μέρει
1048 5305 1214 5376 ὥρας.

161 5399 275 5452 Τοῦ
309 5399 364 5453 δὲ
395 5400 597 5470 Θηρίου
630 5400 1040 5463 ἀνατέλλοντος,
1074 5399 1103 5451 δ
1135 5399 1247 5467 ἔχει
1287 5399 1315 5451 6
1343 5397 1673 5468 Κένταυρος,

95 5492 474 5548 ουναυατέλλει
505 5491 606 5563 μὲν
639 5490 789 5561 αὐτῷ
813 5493 839 5544 6
864 5491 1125 5556 ζωδιακὸς
1147 5489 1255 5543 ἀπὸ
1287 5494 1335 5557 γ’
1366 5489 1459 5542 καὶ
1486 5496 1532 5542 κ’
1563 5489 1671 5559 μοί.

91 5581 184 5635 τοῦ
219 5583 495 5655 Σκορπίου
525 5584 630 5646 ἓως
662 5581 891 5648 Τοξότου
944 5590 1060 5636 κα’·
1103 5583 1427 5653 μεσουρανεῖ
1464 5579 1521 5634 δὲ
1567 5581 1674 5636 ἀπὸ

153 5733 357 5801 “Rea.
388 5742 562 5801 αὐτοὶ.
589 5741 630 5800 f.
654 5740 840 5797 αὑτοῦ.

1781 4569 1849 4624 ad
1883 4569 2116 4623 mediam
2150 4564 2390 4638 Virginis
2415 4567 2504 4622 l7.
2537 4564 2718 4619 Prima
2752 4563 2926 4618 oritur
2958 4561 3110 4617 stella
3141 4561 3351 4616 sinistri

1781 4664 2030 4726 humeri,
2077 4662 2288 4729 ultima;
2312 4677 2478 4727 vero,
2527 4657 2831 4714 succedens
2879 4657 3214 4710 anteriorum
3258 4670 3355 4723 pe-

1779 4757 1930 4812 dum.
1972 4755 2251 4810 Culminat
2299 4752 2475 4824 prima
2517 4751 2673 4806 stella
2712 4765 2832 4820 qua:
2869 4749 2937 4803 ab
2974 4763 3175 4802 occasu
3214 4746 3354 4801 luci-

1779 4851 1970 4905 darum
2010 4857 2096 4904 est
2132 4848 2188 4902 in
2230 4846 2366 4903 foris
2404 4846 2616 4916 Argus,
2656 4852 2710 4899 et
2749 4841 3050 4898 succedens
3089 4840 3346 4896 australis

1781 4940 2117 4995 mandibulm
2144 4939 2285 4994 Ceti.
2312 4936 2600 4992 Postremo
2628 4934 3001 4990 Vindemiator
3028 4931 3370 4987 scmicubito.

1783 5032 2098 5104 przecedens
2129 5031 2519 5086 meridianuun
2548 5025 2736 5085 Oritur
2769 5025 3078 5084 Centaurus
3101 5023 3252 5082 horis
3284 5025 3352 5089 4,

1779 5136 1832 5182 ct
1852 5125 1954 5181 20'.

1863 5395 2022 5467 135
2043 5393 2179 5450 Fera
2202 5435 2216 5459 ,
2245 5407 2406 5464 quam
2430 5392 2740 5447 Centaurus
2773 5398 2920 5446 tenet
2941 5430 2956 5452 ,
2990 5387 3226 5452 oriente,
3258 5399 3356 5438 zo-

1781 5492 1974 5547 diacus
2003 5489 2241 5559 emergit:
2261 5502 2289 5540 a
2311 5494 2467 5558 parte
2497 5483 2711 5553 Scorpii
2742 5483 2814 5538 9.5
2846 5483 2913 5537 ad
2945 5478 3224 5552 Sagittarii
3251 5477 3354 5542 είς

1784 5584 2047 5640 culminat
2080 5597 2111 5637 a
2143 5581 2383 5654 Virginis
2415 5581 2450 5636 3
2490 5578 2562 5635 ad
2591 5575 2768 5632 Librae
2797 5573 2879 5630 10.
2910 5574 3070 5628 Prior
3097 5570 3271 5626 oritur
3294 5581 3361 5624 ea
