3800 6326
493 274 629 332 ΜΗ

1494 281 1584 336 AD
1623 280 1893 339 EUSEBll
1930 279 2323 339 CHRONICON
2361 277 2723 337 APPENDIX.

3591 280 3716 333 illi

493 409 616 465 qua:
637 403 721 450 est
749 395 804 451 in
828 396 1177 453 antecedente
1201 396 1395 467 pedum
1425 398 1807 468 posteriorum,
1833 414 1954 469 qua:
1974 409 2050 457 est

2162 387 2436 470 Παρθένου
2461 404 2510 466 γ’
2538 396 2645 461 ἓως
2670 394 2841 464 Ζυγοῦ
2873 401 2926 449 ι’.
2954 394 3063 448 Καὶ
3100 400 3146 446 α’
3173 394 3271 465 μὲν
3309 393 3488 466 ἀστὴρ
3515 394 3720 449 ἀνατέλ-

494 482 768 541 borealior
817 488 1042 542 sitarum
1094 486 1196 541 sub
1243 486 1435 542 dextro
1484 487 1712 544 humero
1747 489 2049 557 Centauri;

497 576 684 638 ultima
715 593 876 642 vero,
923 579 1165 633 omnium
1211 578 1526 645 australior,
1580 590 1635 636 et
1684 582 1742 637 in
1793 584 2055 639 extremi-

496 678 625 735 tate,
660 685 779 741 qua;
806 670 861 723 in
893 670 1093 725 lumbis
1117 679 1202 725 est
1221 711 1235 733 ,
1282 670 1551 741 subjecta.
1578 670 1760 728 Prima
1788 673 2053 728 culminat

493 760 681 825 stella,
735 760 1146 819 succedentium
1195 778 1262 816 ex
1311 761 1378 816 iis
1417 778 1538 833 quae
1583 771 1713 819 sunt
1751 765 1806 817 in
1855 763 2053 819 Leonis

490 850 700 918 capite,
752 850 1038 916 borealior,
1093 859 1147 906 et
1195 866 1316 922 quze
1362 853 1419 906 in
1466 854 1835 910 anterioribus
1881 854 2054 924 ipsius

490 940 759 1008 pedibus;
802 942 993 995 ultima
1035 956 1162 996 vero
1204 941 1383 997 lucida
1409 981 1424 1006 ,
1466 958 1587 1014 qua:
1628 943 1682 998 in
1729 943 1930 1001 lumbis
1970 952 2055 999 est

490 1030 713 1099 majoris
742 1029 932 1086 Ursae:
964 1040 1018 1087 et
1048 1048 1168 1103 qua:
1197 1034 1250 1088 in
1280 1042 1428 1091 recto
1459 1043 1544 1091 est
1575 1034 1837 1106 trianguli
1865 1036 2055 1091 ortho-

486 1122 667 1192 gonii,
700 1122 793 1192 qui
827 1130 911 1178 est
947 1124 1051 1180 sub
1080 1125 1324 1181 Cratere.
1361 1125 1545 1181 Oritur
1574 1124 1708 1182 Fera
1740 1128 1917 1198 spatio
1954 1128 2054 1182 ho-

486 1229 670 1269 rarum
702 1214 739 1269 2
755 1258 771 1284 ,
807 1216 908 1272 ιδ’.

558 1396 664 1451 Ara
691 1413 815 1453 cum
845 1399 1042 1465 oritur,
1069 1415 1191 1455 cum
1222 1414 1286 1456 ea
1320 1399 1580 1459 zodiacus
1608 1401 1853 1455 ascendit
1888 1416 1917 1454 a
1953 1400 2053 1454 Sa-

488 1488 693 1556 gittarii
721 1499 874 1561 parte
902 1492 971 1546 15
995 1493 1063 1547 ad
1090 1492 1199 1561 25;
1229 1493 1492 1548 culminat
1520 1508 1549 1547 a
1579 1493 1870 1548 Chelarum
1902 1499 2054 1563 parte

485 1581 521 1633 Ξ
543 1579 608 1634 ad
638 1580 720 1636 ιο.
749 1581 907 1639 Prior
933 1584 1109 1645 oritur
1135 1586 1292 1640 stella
1314 1600 1434 1655 qua:
1462 1593 1547 1640 est
1572 1584 1628 1638 in
1660 1584 1819 1649 foco;
1844 1594 2053 1655 postre-

486 1688 574 1726 ma
606 1675 901 1731 australior
927 1691 1116 1737 earum
1144 1691 1265 1748 qua:
1295 1677 1350 1730 in
1386 1675 1524 1731 basi.
1570 1673 1753 1728 Prima
1787 1675 2053 1729 culminat

2161 491 2239 544 λει
2268 494 2296 545 ὀ
2338 494 2396 547 ἐν
2418 490 2495 561 τῷ
2523 489 2812 560 ἡγουμένῳ
2841 487 2947 543 τῶν
2987 485 3246 541 ὀπισθίων
3274 486 3451 540 ποδῶν
3473 502 3488 516 ⁸
3522 486 3630 539 ἐστι
3666 487 3719 541 δὲ

2160 577 2314 647 οὗτος
2357 585 2387 638 6
2430 582 2761 654 βορειότερος
2806 580 2915 634 τῶν
2952 577 3056 634 ὑπὸ
3094 579 3185 633 τὸν
3229 579 3404 644 δεξιὸν
3447 573 3595 650 ὦμον
3634 579 3720 633 τοῦ

2159 675 2472 746 Κενταύρου
2500 691 2515 705 ο
2551 673 2780 744 ἔσχατος
2819 672 2876 725 δὲ
2900 674 2928 727 ὀ
2952 672 3268 743 νοτιώτερος
3297 671 3516 724 πάντων
3543 670 3634 723 καὶ
3671 673 3720 724 ἐν

2160 767 2313 840 ἄκρῳ
2360 766 2438 837 τῷ
2466 766 2559 819 ἐπὶ
2590 765 2691 836 τῆς
2723 763 2922 832 ὀσφύος
2976 762 3352 834 ὑποκείμενος.
3400 763 3725 834 Μεσουρανεῖ

2159 856 2214 909 δὲ
2252 864 2300 909 α’
2326 856 2502 927 ἀστὴρ
2524 857 2553 909 6
2577 854 2686 908 τῶν
2720 856 2780 907 ὲν
2818 854 2886 923 τῇ
2911 851 3118 922 κεφαλῇ
3146 850 3241 904 τοῦ
3265 849 3499 913 Λέοντος
3532 849 3723 921 βορειό-

2160 966 2218 1001 τε
2225 965 2317 1020 ρος
2344 947 2454 1001 τῶν
2477 945 2777 1018 ἑπομένων,
2804 946 2899 997 xal
2925 945 2954 996 6
2976 945 3034 997 ὲν
3054 945 3167 1006 τοῖς
3190 941 3546 1013 ἐμπροσθίοις
3570 940 3722 995 αὐτοῦ

2162 1039 2340 1103 ποσὶν,
2373 1038 2600 1109 ἔσχατος
2641 1036 2698 1090 δὲ
2744 1038 2772 1089 6
2811 1035 2904 1089 ἐπὶ
2956 1035 3054 1105 τῆς
3100 1032 3300 1101 ὀσφύος
3344 1032 3447 1102 τῆς
3498 1031 3723 1102 μεγάλης

2164 1131 2399 1201 ’Ἄρκτου
2428 1127 2699 1199 λαμπρὸς,
2730 1127 2825 1180 καὶ
2860 1125 2954 1179 τοῦ
2985 1125 3090 1179 ὑπὸ
3116 1124 3207 1178 τὸν
3235 1123 3507 1194 Κρατῆρα
3542 1122 3724 1193 τριγώ-

2160 1238 2251 1274 νου
2282 1217 2607 1291 ὀρθογωνίου
2645 1218 2737 1270 ὲπὶ
2777 1216 2874 1287 τῆς
2917 1215 3083 1286 ὀρθῆς
3117 1215 3389 1286 κείμενος.
3436 1212 3721 1265 ’Δνατέὶλίι

2158 1313 2215 1367 δὲ
2238 1312 2298 1366 τὸ
2325 1311 2523 1384 Θηρίον
2549 1313 2606 1364 ὲν
2632 1308 2803 1382 ὥραις
2837 1308 2882 1379 β’
2910 1310 3004 1385 καὶ
3026 1308 3065 1361 δ’
3108 1307 3286 1379 μέρει.

2234 1404 2401 1460 Ὅταν
2437 1403 2494 1456 δὲ
2533 1403 2593 1456 τὸ
2630 1401 2995 1472 Θυμιατήριον
3025 1398 3313 1469 ἀνατέλλῃ,
3359 1397 3701 1451 συνανατέλλι

2162 1497 2259 1569 μὲν
2284 1493 2432 1566 αὐτῷ
2462 1496 2490 1547 6
2520 1493 2780 1558 ζωδιακὸς
2812 1490 2919 1546 67:6
2948 1490 3179 1556 Τοξὸτου
3218 1490 3330 1562 μοί.
3363 1496 3424 1543 ιε’
3447 1490 3552 1551 ἕως
3578 1488 3701 1554 Τοξό

2159 1603 2253 1639 του
2311 1585 2420 1657 μοί.
2460 1592 2510 1654 γ’
2543 1585 2637 1638 καὶ
2674 1590 2721 1637 κ’
2745 1600 2760 1615 ο
2791 1584 3113 1654 μεσουρανεῖ
3149 1581 3207 1635 δὲ
3248 1580 3358 1635 67:6
3398 1580 3593 1652 Χηλῶν
3625 1581 3722 1651 μοί.

2162 1676 2207 1748 β’
2241 1677 2345 1751 ἕως
2372 1676 2564 1749 Χηλῶν
2608 1675 2718 1747 μοί.
2749 1681 2801 1729 ι’.
2835 1675 2944 1728 Kal
2974 1680 3024 1727 α’
3068 1673 3165 1744 μὲν
3194 1673 3372 1745 ἀστὴρ
3406 1673 3724 1727 ἀνατέλλειό

488 1764 645 1820 stella
666 1806 682 1831 ,
718 1768 1016 1822 australior
1047 1783 1235 1823 earum
1270 1780 1393 1838 quae
1425 1772 1553 1819 sunt
1581 1765 1635 1819 in
1665 1765 1888 1821 sinistro
1917 1763 2050 1835 pede

2159 1767 2242 1821 ἐπὶ
2269 1765 2362 1819 τοῦ
2401 1765 2689 1837 έπιπύρου,
2718 1764 2939 1836 ἔσχατος
2965 1764 3020 1819 δὲ
3043 1764 3071 1815 6
3098 1761 3420 1835 νοτιώτερος
3450 1763 3563 1818 τῶν
3588 1764 3643 1815 έν
3665 1766 3723 1833 τῇ

486 1854 692 1921 Bootae,
714 1864 770 1912 et
793 1856 974 1912 lucida
1000 1861 1053 1912 in
1081 1858 1476 1929 posterioribus
1498 1856 1753 1911 Centauri
1785 1855 2011 1926 pedibus
2035 1872 2050 1920 ;

490 1953 765 2014 postrema
794 1963 916 2018 quae
949 1963 979 2002 a
1011 1949 1378 2018 septentrione
1415 1946 1592 2003 dextri
1630 1962 1768 2017 genu
1805 1961 1867 2000 ac
1899 1945 2051 2013 pedis

489 2035 666 2090 dextri
716 2034 959 2108 Virginis
1003 2039 1193 2092 ultima
1237 2048 1353 2105 est,
1401 2040 1725 2095 semicubito
1771 2037 1886 2094 fere
1915 2039 2051 2093 citra

490 2125 877 2185 meridianum.
906 2127 1093 2184 Oritur
1120 2131 1227 2183 Ara
1256 2130 1544 2186 semihorae
1577 2129 1773 2199 spatio.

2161 1857 2337 1928 βάσει.
2375 1860 2717 1927 Μεσουρανεῖ
2742 1856 2799 1910 δὲ
2830 1862 2877 1909 α’
2910 1856 3010 1927 μὲν
3040 1854 3213 1927 ἀστὴρ
3249 1854 3348 1908 τοῦ
3382 1872 3441 1908 τε
3473 1853 3677 1906 Βοὼτου
3700 1856 3725 1906 6

2158 1946 2475 2021 νοτιώτερος
2499 1948 2605 2002 τῶν
2643 1949 2700 2000 έν
2725 1945 2802 2017 τῷ
2843 1945 3113 2018 ἀριστερῷ
3151 1946 3295 2011 ποδὶ,
3325 1947 3424 1999 καὶ
3474 1945 3567 1998 τοῦ
3610 1946 3724 1997 Κεν-

2156 2038 2360 2111 ταύρου
2394 2040 2422 2091 ὀ
2453 2040 2511 2093 ὲν
2550 2041 2663 2103 τοῖς
2697 2037 2960 2100 ὀπισθίοις
3010 2037 3137 2090 7:00l
3182 2037 3437 2108 λαμπρός
3458 2055 3470 2068 ’
3516 2037 3725 2106 ἔσχατος

2157 2129 2214 2181 δὲ
2248 2128 2346 2198 τῆς
2380 2128 2659 2201 Παρθένου
2691 2131 2720 2181 ὀ
2755 2129 2847 2183 ἀπ’
2875 2129 3109 2200 ’Δρκτου
3158 2128 3251 2182 τοῦ
3296 2128 3475 2194 δεξιοῦ
3518 2129 3724 2197 γόνατος

488 2223 586 2276 καὶ
622 2221 716 2277 τοῦ
762 2222 935 2289 δεξιοῦ
978 2225 1156 2291 ποδὸς,
1217 2225 1294 2290 ὡς
1339 2227 1637 2298 ἡμιπήχιον
1679 2223 2102 2295 ὑπολειπόμενος
2154 2224 2247 2278 τοῦ
2284 2224 2678 2296 μεσημϐρινοῦ.
2720 2224 3017 2278 Ἀνατέλλει
3057 2225 3115 2279 δὲ
3159 2224 3219 2279 τὸ
3254 2225 3621 2298 Θυμιατήριον
3655 2225 3723 2276 ἔνι

488 2317 758 2391 ἡμιωρίιρ.

558 2430 649 2489 Ill.
690 2432 931 2491 Australi
970 2436 1127 2492 Pisce
1151 2436 1365 2492 oriente
1387 2475 1402 2499 ,
1444 2438 1620 2508 surgit
1652 2454 1757 2492 una
1791 2438 2051 2495 zodiacus

487 2536 519 2576 a
550 2531 704 2597 parte
734 2524 801 2579 17
835 2525 1012 2581 media
1043 2526 1267 2598 Aquarii
1303 2526 1373 2581 ad
1407 2525 1647 2599 Virginis
1676 2531 1906 2585 mediam
1943 2529 2050 2595 21;

487 2614 752 2673 culminat
792 2632 822 2672 a
857 2627 1009 2688 parte
1041 2616 1321 2691 Sagittarii
1354 2618 1389 2674 4
1420 2619 1487 2674 ad
1526 2619 1598 2674 25
1636 2620 1892 2677 mediam.
1933 2618 2054 2675 Prl—

485 2719 575 2759 ma
625 2707 866 2765 omnium
922 2708 1102 2769 oritur
1154 2711 1347 2778 stella,
1397 2710 1671 2767 borealior
1705 2726 1897 2767 earum
1932 2725 2056 2781 quae

487 2804 621 2851 sunt
646 2797 704 2854 in
738 2799 944 2869 cauda;
976 2808 1253 2872 postrema
1275 2843 1292 2869 ,
1330 2818 1453 2873 qua:
1487 2803 1542 2857 in
1581 2804 1927 2860 extremitate
1962 2818 2055 2863 ro-

486 2889 588 2945 stri
621 2888 822 2949 lucida.
849 2890 1126 2948 Culminat
1149 2893 1301 2965 prior
1322 2908 1443 2966 qua:
1469 2901 1554 2950 est
1583 2894 1639 2949 in
1657 2888 1810 2949 Arcu’
1831 2894 2050 2960 medio;

487 2990 544 3036 et
579 2983 872 3039 australior
908 2998 1096 3039 earum
1129 3000 1252 3057 quae
1290 2985 1346 3045 in
1384 2986 1579 3043 dextro
1615 2986 1895 3058 Anguiferi
1934 2986 2053 3042 sitae

2228 2434 2304 2489 Γ.
2344 2435 2511 2487 Ὅταν
2535 2433 2590 2487 δὲ
2626 2433 2657 2485 6
2688 2432 2857 2497 νότιος
2894 2431 3067 2503 ’ἰχθὺς
3097 2433 3385 2506 ἀνατέλλῃ,
3417 2434 3721 2487 συνανατέλ-

2157 2526 2240 2579 λει
2290 2526 2388 2596 μὲν
2412 2524 2559 2594 αὐτῷ
2588 2526 2617 2578 6
2644 2523 2903 2590 ζωδιακὸς
2935 2524 3044 2578 67:6
3077 2524 3362 2597 Ὑδροχόου
3405 2525 3517 2596 μοί.
3555 2524 3617 2589 ιζ’
3639 2527 3718 2597 μὲ-

2160 2637 2259 2692 σης
2283 2619 2389 2683 ἕως
2417 2617 2695 2686 Παρθένου
2740 2624 2790 2672 α’
2834 2618 2928 2672 καὶ
2953 2624 3001 2671 κ’
3028 2618 3200 2689 μέσης
3225 2635 3236 2646 ·
3267 2622 3595 2692 μεσουρανεῖ
3630 2620 3718 2673 ἀπὸ

2159 2710 2387 2775 Τοξότου
2424 2709 2465 2762 δ’
2500 2709 2605 2774 ἒως
2647 2708 2872 2776 Τοξότου
2901 2715 2942 2761 ε’
2981 2711 3074 2763 καὶ
3107 2716 3154 2763 κ’
3192 2708 3387 2782 μέσης.
3420 2711 3530 2765 Kal
3565 2718 3613 2764 α·
3637 2712 3717 2781 μὲν

2160 2796 2334 2869 ἀστὴρ
2354 2796 2629 2852 ἀνατέλλει
2652 2799 2680 2851 6
2710 2796 3047 2871 βορειότερος
3075 2799 3184 2853 τῶν
3212 2801 3271 2853 ἐν
3298 2803 3367 2872 τῇ
3398 2801 3559 2873 οὐρᾷ,
3579 2801 3713 2872 ἔσχαο

2158 2906 2250 2952 τος
2269 2889 2326 2941 δὲ
2358 2890 2386 2942 6
2413 2891 2470 2943 ὲν
2505 2889 2660 2961 ἄκρῳ
2683 2888 2761 2960 τῷ
2791 2889 2980 2962 ῥύγχει
3003 2890 3274 2963 λαμπρός.
3310 2894 3651 2965 Μεσουρανεί
3673 2892 3717 2945 ἂ

2157 2984 2205 3033 α’
2237 2978 2334 3049 μὲν
2374 2980 2405 3033 6
2441 2996 2502 3034 τε
2542 2981 2598 3034 ὲν
2634 2979 2784 3053 μέσῳ
2826 2980 2903 3052 τῷ
2933 2982 3116 3054 Τόξῳ,
3149 2983 3245 3036 καὶ
3272 2982 3365 3037 τοῦ
3400 2984 3718 3056 Ὀφιοιὶχουό

487 3081 618 3129 sunt
640 3074 869 3131 humero
887 3114 904 3142 ,
931 3075 1255 3133 semicubito
1280 3075 1393 3133 fere
1411 3078 1552 3133 citra
1580 3077 1937 3134 meridianum
1958 3093 2050 3150 po-

2159 3068 2470 3141 νοτιὼτερος
2509 3068 2616 3123 τῶν
2672 3071 2730 3123 ὲν
2763 3068 2842 3140 τῷ
2890 3069 3047 3142 δεξιῷ
3095 3068 3262 3142 ὤμῳ,
3311 3070 3390 3135 ὡς
3435 3073 3718 3142 ήμιπήχιον

486 3164 635 3230 sita;
671 3165 861 3221 ultima
900 3180 1057 3232 vero,
1097 3166 1279 3223 lucida
1317 3168 1521 3240 pedum
1556 3172 1967 3242 posteriorum;
2001 3177 2055 3225 et

487 3267 610 3323 qua
644 3254 701 3309 in
738 3255 1082 3312 extremitate
1119 3258 1306 3314 caudae
1345 3258 1661 3329 Serpentis,
1708 3275 1869 3329 quem
1908 3266 2056 3315 tenet

485 3340 834 3421 Ophiuchus:
859 3346 988 3403 item
1008 3348 1317 3418 praecedens
1333 3349 1565 3406 duarum
1588 3349 1912 3414 lucidarum,
1935 3365 2056 3419 qua:

485 3446 616 3493 sunt
648 3437 705 3494 in
732 3439 864 3510 iugo
895 3437 1187 3504 Fidiculm,
1214 3441 1577 3497 semicubitali
1611 3440 1725 3497 fere
1762 3440 2055 3496 interstitio

486 3528 844 3589 meridianum
878 3528 1228 3588 antecedens.
1261 3530 1449 3587 Oritur
1474 3530 1651 3589 Piscis
1680 3531 1814 3588 hora
1839 3533 1873 3586 0
1893 3570 1909 3596 .
1947 3528 2052 3588 68'.

558 3706 697 3762 Cum
720 3705 890 3771 Cetugs
916 3707 1116 3773 oritur,
1145 3709 1373 3781 emergit
1399 3724 1522 3765 cum
1549 3724 1615 3763 eo
1641 3707 1901 3765 zodiacus
1928 3725 1957 3763 a
1983 3709 2054 3766 20

488 3803 644 3867 parte
682 3796 920 3855 Piscium
960 3798 1029 3853 ad
1066 3796 1233 3855 Tauri
1271 3799 1305 3852 'l
1324 3816 1344 3867 ;
1402 3799 1666 3854 culminat
1706 3814 1738 3853 a
1778 3797 2053 3871 Sagittarii

488 3889 669 3943 media
691 3886 763 3951 24
786 3889 854 3944 ad
887 3887 1205 3958 Capricorni
1227 3890 1298 3943 22
1321 3891 1579 3945 mediam.
1601 3888 1779 3945 Prima
1809 3892 2052 3947 omnium

488 3978 666 4035 oritur
696 3980 853 4037 stella
873 4020 888 4045 ,
926 3980 1196 4036 borealior
1218 3995 1409 4036 earum
1439 3996 1560 4050 qua:
1592 3988 1718 4037 sunt
1752 3981 1807 4036 in
1836 3981 2010 4037 cauda
2035 4001 2049 4050 ;

488 4071 714 4142 ultima,
739 4073 1146 4131 succedentium
1176 4072 1481 4128 lucidarum
1515 4088 1637 4142 quae
1671 4074 1726 4128 in
1762 4073 2051 4129 Laterculo

485 4171 648 4232 sunt,
688 4164 1001 4221 australior.
1056 4164 1330 4219 Culminat
1367 4171 1492 4220 ante
1532 4164 1699 4229 alias,
1739 4165 2050 4236 prmcedens

484 4269 672 4310 earum
696 4271 817 4326 qua:
844 4265 972 4312 sunt
998 4256 1052 4310 in
1077 4256 1211 4327 jugo
1230 4255 1401 4319 Fidis,
1426 4265 1701 4327 postrema
1730 4274 1850 4328 qua:
1876 4266 1959 4313 est
1993 4257 2050 4313 in

485 4345 659 4402 cauda
686 4346 855 4421 Cygni
880 4347 1079 4404 lucida.
1103 4346 1288 4404 Oritur
1320 4346 1487 4405 Cetus
1519 4347 1670 4403 horis
1697 4347 1753 4406 2.

554 4521 756 4580 Orione
789 4524 1146 4587 ascendente,
1186 4540 1309 4581 cum
1351 4541 1418 4584 eo
1456 4526 1714 4583 zodiacus
1753 4525 1980 4598 emergit
2016 4539 2049 4579 a

483 4611 646 4668 Tauri
690 4612 761 4668 28
794 4614 969 4670 media
999 4614 1065 4670 ad
1097 4615 1291 4671 Cancri
1326 4617 1395 4684 5;
1429 4617 1692 4672 culminat
1724 4617 1793 4671 ab
1825 4616 2049 4688 Aquarii

484 4714 638 4775 parte
661 4704 696 4760 9
718 4706 786 4760 ad
809 4704 1052 4763 Piscium
1084 4706 1172 4762 15.
1197 4707 1375 4762 Prima
1402 4710 1685 4780 consurgit
1709 4708 1863 4764 stella
1883 4748 1899 4767 ,
1927 4723 2048 4779 quae

483 4805 567 4854 est
591 4797 649 4853 in
672 4797 895 4854 sinistra
921 4813 1120 4865 manu;
1166 4800 1378 4863 ultima,
1412 4816 1532 4870 qua:
1556 4811 1640 4856 est
1664 4800 1719 4855 in
1749 4798 1940 4855 dextro
1962 4816 2048 4871 pe-

483 4887 571 4941 de.
593 4886 865 4942 Culminat
884 4903 950 4943 ex
974 4887 1096 4943 aliis
1124 4889 1359 4957 primum
1386 4886 1584 4959 Cephei
1610 4904 1706 4960 pes
1732 4891 1924 4944 dexter
1948 4906 1964 4955 ;
1993 4898 2048 4947 et

483 4992 670 5034 earum
708 4994 830 5049 quas
865 4979 923 5034 in
959 4977 1184 5049 Aquarii
1224 4994 1359 5034 urna
1400 4986 1560 5045 sunt,
1601 4979 1798 5035 media.
1840 4979 2046 5036 Ultimo

482 5082 649 5133 vero,
686 5083 854 5140 parva
892 5069 1048 5124 stella
1084 5083 1205 5138 quae
1242 5071 1299 5123 in
1337 5068 1470 5125 sella
1498 5078 1582 5125 est
1610 5069 1954 5143 Cassiepeae;
1990 5077 2045 5127 et

484 5172 676 5212 earum
714 5156 949 5213 maxime
990 5156 1262 5223 borealis,
1303 5173 1425 5230 qua:
1464 5158 1520 5214 in
1556 5160 1919 5218 Andromedae
1949 5178 2045 5234 pce

485 5254 665 5303 ctore.
694 5244 862 5301 Orion
892 5244 1069 5316 spatio
1100 5244 1277 5312 surgit
1303 5246 1562 5303 horarum
1590 5248 1656 5314 2,
1694 5248 1796 5306 10'.
1886 5301 1901 5313 ι

551 5505 688 5561 Cum
710 5502 920 5567 Fluvio,
945 5505 1037 5575 qui
1057 5520 1137 5568 est
1162 5511 1231 5567 ab
1259 5510 1487 5573 Orione.
1517 5509 1779 5568 zodiacus
1807 5515 1982 5567 oritur
2006 5528 2038 5569 a

483 5606 637 5667 parte
663 5596 732 5651 1⁵5
759 5594 957 5659 Tauri,
991 5598 1055 5651 ad
1085 5597 1285 5656 Cancri
1326 5599 1431 5666 10;
1470 5601 1734 5656 culminat
1773 5618 1804 5656 a
1841 5604 2033 5671 Capri—

483 5689 637 5744 corni
663 5684 734 5741 27
763 5685 831 5742 ad
869 5684 1104 5744 Piscium
1130 5687 1220 5746 22.
1274 5689 1432 5747 Prior
1461 5692 1659 5762 oritur,
1707 5695 2035 5755 antecedens

2157 3160 2579 3231 ὑπολειπόμενος
2602 3160 2696 3215 τοῦ
2728 3161 3102 3234 μεσημϐρινοῦ
3127 3180 3140 3193 ·
3169 3162 3398 3234 ἔσχατος
3431 3162 3490 3217 δὲ
3524 3164 3553 3217 ὅ
3577 3178 3632 3215 τε
3668 3164 3717 3214 ὲν

2153 3254 2264 3315 τοῖς
2289 3251 2554 3316 ὀπισθίοις
2580 3252 2709 3306 ποσὶ
2738 3252 3008 3325 λαμπρὸς,
3032 3253 3127 3307 καὶ
3154 3253 3246 3307 τοῦ
3274 3254 3512 3323 Ὄφεως,
3541 3253 3598 3307 ὃν
3617 3252 3716 3323 ἔχει

2153 3343 2181 3395 ὀ
2224 3341 2523 3412 Ὀφιοῦχος,
2551 3344 2580 3396 6
2616 3343 2674 3396 ὲν
2722 3342 2868 3414 ἄκρᾳ
2907 3344 2974 3414 τῇ
3020 3343 3188 3414 ούρᾷο
3226 3344 3322 3396 καὶ
3351 3344 3451 3414 τῆς
3494 3342 3667 3414 Δύρας
3690 3342 3717 3393 6

2151 3432 2455 3503 ἡγούμενος
2513 3432 2622 3487 τῶν
2667 3434 2724 3487 ὲν
2777 3433 2855 3504 τῷ
2898 3432 3181 3503 ζυγώματι
3228 3433 3274 3504 β’
3310 3433 3606 3506 λαμπρῶν,
3649 3432 3715 3494 ὡς

2154 3522 2449 3594 ήμιπήχιον
2495 3522 2904 3594 προηγούμενος
2948 3522 3042 3577 τοῦ
3114 3523 3510 3596 μεσημϐρινοῦ.
3546 3524 3715 3576 νἈνα-

2153 3611 2327 3666 τέλλει
2354 3612 2411 3667 δὲ
2439 3615 2468 3667 6
2508 3613 2681 3684 Ἰχθὺς
2706 3614 2763 3667 ἐν
2791 3614 2834 3667 δ’
2856 3615 3307 3687 πεμπτημορίοις-
3325 3623 3374 3670 α’
3402 3614 3569 3687 ὧρας.

2228 3705 2396 3757 Ὅταν
2436 3703 2494 3758 δὲ
2531 3703 2592 3757 τὸ
2633 3705 2811 3776 Κῆτος
2847 3705 3110 3776 ἁνατέλλῃ
3128 3744 3144 3770 ,
3193 3707 3570 3761 συνανατέλλει
3622 3705 3712 3777 μὶν

2154 3793 2303 3864 αύτῷ
2334 3796 2362 3847 ὁ
2384 3793 2644 3859 ζωδιακὸς
2670 3793 2777 3847 67:6
2814 3793 3032 3865 ’ἰχθύων
3068 3799 3176 3867 μοί.
3208 3803 3255 3849 κ’
3282 3796 3388 3860 ἕως
3421 3795 3625 3868 Ταύρου
3647 3794 3705 3858 ζ’·

2156 3900 2323 3954 μεσου
2333 3886 2484 3956 ρανεῖ
2513 3882 2569 3937 δὲ
2593 3883 2704 3939 ἀπὸ
2726 3883 2954 3949 Τοξότου
2979 3885 3020 3938 δ’
3049 3886 3141 3939 καὶ
3161 3884 3208 3939 κ’
3236 3888 3409 3958 μέσης
3440 3887 3541 3951 ἕως
3567 3884 3709 3953 Δίτὸ-

2153 3988 2300 4044 κερω
2329 3971 2372 4042 β’
2412 3972 2506 4025 καὶ
2534 3977 2583 4033 κ’
2617 3970 2809 4043 μέσης.
2833 3973 2942 4027 Καὶ
2969 3980 3017 4026 α’
3053 3973 3152 4046 μὲν
3181 3975 3358 4048 ἀστὴρ
3390 3975 3656 4029 ἀνατέλλει
3683 3976 3708 4026 6

2154 4063 2491 4136 βορειότερος
2529 4062 2640 4119 τῶν
2680 4064 2739 4117 ἐν
2771 4067 2838 4137 τῇ
2876 4066 3045 4138 οὐρᾷ,
3078 4065 3303 4137 ἔσχατος
3330 4066 3388 4121 δὲ
3429 4067 3535 4121 τῶν
3560 4069 3611 4120 ὲν
3638 4065 3707 4137 τῷ

2154 4157 2554 4228 Τετραπλεύρῳ
2586 4155 2853 4228 λαμπρῶν
2884 4159 2914 4212 6
2937 4156 3254 4230 νοτιώτερος
3281 4160 3393 4213 τῶν
3423 4160 3702 4231 ἑπομένων.

2152 4246 2499 4317 Μεσουρανεῖ
2522 4246 2578 4300 δὲ
2605 4252 2653 4300 α’
2685 4246 2783 4318 μὲν
2809 4249 2838 4301 6
2867 4247 2967 4319 τῆς
2995 4249 3177 4322 Δύρας
3198 4250 3500 4323 ἡγούμενος
3531 4250 3628 4304 τῶν
3648 4251 3702 4301 ὲν

2151 4336 2230 4408 τῷ
2268 4337 2573 4409 ζυγὼματι,
2603 4339 2830 4409 ἔσχατος
2867 4338 2926 4392 δὲ
2952 4339 3044 4393 τοῦ
3085 4341 3335 4413 Ὄρνιθος
3359 4344 3387 4395 ὀ
3412 4330 3469 4396 έν
3489 4345 3549 4415 τῇ
3578 4342 3701 4413 οὐρᾷ

2082 4421 2127 4477 D
2151 4426 2424 4499 λαμπρός.
2474 4429 2778 4484 ’Δνατέλλει
2808 4429 2864 4484 δὲ
2889 4429 2949 4483 τὸ
2973 4431 3151 4504 Κῆτος
3177 4433 3235 4485 έν
3261 4431 3436 4503 ῶραις
3460 4434 3523 4504 β’.

2226 4521 2393 4573 Ὅταν
2444 4521 2502 4575 δὲ
2542 4525 2572 4576 6
2610 4522 2800 4594 Ὠρίων
2844 4523 3108 4596 ἁνατέλλῃ
3134 4565 3153 4588 ,
3200 4526 3568 4580 συνανατέλλει
3608 4524 3699 4595 μὲν

2148 4609 2297 4681 αὐτῷ
2327 4611 2356 4663 6
2388 4610 2652 4675 ζωδιακὸς
2680 4611 2788 4665 67:6
2825 4611 3039 4683 Ταύρου
3086 4619 3136 4683 η’
3164 4614 3260 4668 καὶ
3306 4622 3355 4668 κ’
3404 4616 3566 4688 μέσης
3603 4615 3697 4676 ἕως

2147 4702 2423 4773 Καρκίνου
2488 4704 2597 4774 μοί.
2657 4712 2705 4775 γ’
2728 4723 2742 4737 -
2795 4708 3117 4778 μεσουρανεί
3159 4706 3216 4760 δὲ
3275 4706 3386 4760 67:6
3436 4705 3697 4778 ’Υδροχόου

2150 4793 2260 4864 μοί.
2303 4793 2347 4847 θ’
2373 4793 2479 4859 ἓως
2512 4796 2733 4867 Ἰχθύων
2768 4804 2855 4867 ιγ,
2884 4799 2993 4852 Kal
3022 4804 3068 4851 α’
3106 4798 3205 4869 μὲν
3233 4798 3411 4871 ἀστὴρ
3443 4796 3698 4853 ἀνατέλλει

2145 4884 2175 4937 6
2202 4885 2259 4938 ὲν
2296 4886 2362 4956 τῇ
2397 4886 2660 4958 ἀριστερᾷ
2703 4889 2883 4960 χειρὶ,
2912 4887 3136 4958 ἔσχατος
3172 4886 3229 4941 δὲ
3271 4890 3301 4942 ὀ
3350 4890 3408 4941 ὲν
3452 4888 3525 4959 τῷ
3552 4883 3697 4954 δεξιῷ

2146 4972 2288 5026 ποδί.
2319 4974 2662 5047 Μεσουρανεί
2684 4976 2740 5029 δὲ
2770 4976 2879 5029 τῶν
2908 4975 3081 5030 ἄλλων
3116 4983 3164 5028 α’
3189 4977 3290 5047 μὲν
3322 4980 3351 5030 6
3386 4976 3547 5042 δεξιὸς
3570 4972 3695 5034 ποῦς

2142 5061 2238 5116 τοῦ
2264 5065 2521 5136 Κηφέως,
2556 5064 2782 5120 καὶτῶν
2823 5067 2879 5119 ὲν
2903 5069 2969 5138 τῇ
3002 5066 3217 5120 κάλπιδι
3246 5066 3341 5120 τοῦ
3381 5062 3643 5135 ’Υδροχόου
3667 5061 3693 5113 6

2147 5153 2309 5224 μέσος
2327 5195 2341 5220 ,
2367 5154 2592 5228 ἔσχατος
2617 5157 2674 5210 δὲ
2701 5157 2801 5227 τῆς
2823 5174 2882 5210 τε
2909 5158 3277 5224 Κασσιεπείας
3303 5161 3335 5213 6
3356 5160 3413 5212 ὲν
3436 5157 3510 5229 τῷ
3533 5156 3691 5223 δίφρῳ

2146 5245 2367 5318 μικρὸς,
2403 5248 2498 5301 καὶ
2546 5248 2643 5318 τῆς
2683 5247 3036 5321 Ἀνδρομέδας
3068 5250 3097 5302 6
3132 5248 3471 5321 βορειότατος
3503 5247 3596 5299 τῶν
3634 5245 3691 5295 ὲν

2140 5337 2217 5408 τῷ
2259 5337 2465 5409 στήθει.
2513 5339 2817 5394 ’Ᾱνατέλλει
2860 5340 2918 5393 δὲ
2950 5342 2979 5393 6
3018 5340 3207 5412 Ὠρίων
3240 5342 3298 5394 ὲν
3328 5340 3499 5415 ὥραις
3536 5337 3574 5408 β’
3598 5336 3688 5387 καὶ

2142 5437 2194 5495 ς’
2234 5430 2408 5503 μέρει.

2212 5521 2380 5576 Ὅταν
2409 5521 2465 5575 δὲ
2490 5524 2519 5576 6
2558 5523 2665 5576 ἀπὸ
2706 5524 2801 5577 τοῦ
2845 5523 3092 5593 Ὠρίωνος
3129 5521 3387 5593 Ποταμὸς
3418 5512 3683 5586 ἀνατέλλειν

2139 5612 2514 5666 συνανατέλλει
2550 5614 2648 5684 μὲν
2676 5615 2823 5686 αὐτῷ
2855 5616 2883 5667 ὀ
2915 5613 3175 5680 ζωδιακὸς
3200 5614 3312 5667 ἀπὸ
3342 5612 3545 5682 Ταύρου
3573 5606 3681 5676 μοί.

2141 5708 2207 5771 ιγ’
2238 5702 2342 5766 ἕως
2384 5703 2661 5776 Καρκίνου
2701 5703 2809 5775 μοί.
2842 5710 2899 5758 ι”
2946 5705 3272 5776 μεσουρανεῖ
3307 5703 3369 5758 δὲ
3403 5701 3504 5760 67:6
3534 5698 3684 5767 Διτο·
