3800 6312
61 320 180 377 1113

1040 318 1411 376 HIPPARCHI
1454 321 1541 375 AD
1575 320 2014 378 ΡΗᾹΞΝΟΜΕΝΑ
2052 320 2178 375 LIB.
2219 320 2304 378 Ill.

3141 323 3278 380 HM

61 433 280 503 κέρωτος
325 428 442 499 μοί.
473 428 518 493 ζ’
548 429 644 481 καὶ
681 435 728 481 κ’
761 431 872 492 ἕως
909 429 1124 500 Ἰχθύων
1161 432 1204 500 β’
1229 434 1321 486 καὶ
1340 439 1408 486 κ’.
1445 433 1553 486 Καὶ
1577 441 1624 487 α’

1747 435 2091 488 )orealiorum
2136 436 2192 488 in
2239 435 2774 505 parallelogrammo,
2811 437 2952 505 quod
2993 435 3046 489 in
3083 449 3280 505 magno

62 524 146 594 μὲν
168 519 347 591 ἀστὴρ
397 519 677 573 ἀνατέλλει
716 521 810 574 τοῦ
846 523 903 574 ἐν
940 525 1004 594 τῇ
1052 522 1261 595 μεγάλῃ
1301 524 1620 594 περιφερείᾳ

63 611 646 683 παραλληλογράμμου,
674 612 766 665 καὶ
793 611 963 680 ἐγγὺς
1004 611 1097 665 τοῦ
1128 613 1343 682 Κήτους
1369 613 1618 683 κειμένου

61 706 83 756 6
107 701 408 773 ἡγούμενος
435 701 545 754 τῶν
573 701 942 773 βορειοτέρων,
969 702 1191 772 ἔσχατος
1227 703 1283 756 δὲ
1317 705 1345 756 6
1375 703 1620 775 λαμπρό-

61 811 199 856 τατος
221 835 235 856 ,
266 792 366 845 καὶ
396 794 424 846 6
463 791 764 864 ἡγούμενος
786 831 800 855 ,
829 794 923 846 καὶ
955 795 983 846 6
1023 793 1341 864 νοτιώτερος
1381 795 1616 850 πάντων.

62 889 391 958 Μεσουρανεῖ
429 887 486 939 δὲ
532 886 645 938 τῶν
673 885 842 940 ἄλλων
883 892 932 938 α’
973 885 1070 955 μὲν
1106 892 1174 954 ιγ’
1217 886 1308 939 τοῦ
1354 904 1415 939 τε
1449 889 1477 940 6
1509 893 1557 940 α’
1590 888 1619 940 6

62 977 310 1046 ἑπόμενος
340 975 451 1029 τῶν
487 976 582 1028 ἀπ’
617 975 818 1046 ἄρκτου
860 973 1276 1045 παρακειμένων
1309 978 1422 1037 τοῖς
1453 975 1510 1026 ὲν
1549 978 1614 1046 τῇ

61 1067 198 1137 οὐρᾷ,
235 1067 330 1119 καὶ
366 1064 462 1118 τοῦ
491 1063 741 1136 Ὄρνιθος
765 1067 794 1118 6
817 1064 1129 1134 νοτιωτερος
1168 1065 1274 1118 τῶν
1311 1067 1366 1118 ἐν
1390 1065 1467 1136 τῷ
1495 1067 1617 1136 ἀρι-

65 1155 220 1225 στερῷ
245 1154 400 1207 ποδί·
438 1153 666 1223 ἔσχατος
689 1153 744 1205 δὲ
775 1153 872 1224 τῆς
898 1170 955 1205 τε
983 1154 1348 1218 Κασσιεπείας
1375 1157 1403 1207 6
1429 1157 1486 1208 έν
1507 1157 1617 1219 τοῖς

1738 525 1892 580 ﬂexu-
1924 541 2091 596 prope
2135 526 2320 580 Cetum
2361 526 2596 596 positum
2639 535 2760 592 est;
2802 535 3110 597 postrema,
3142 525 3280 581 luci-

1727 616 1952 672 dissima
1974 655 1989 679 ,
2025 625 2080 672 et
2115 617 2473 682 antecedens,
2510 628 2562 672 et
2590 617 2824 672 maxime
2859 618 3114 672 australis
3157 633 3278 673 om-

1724 706 1900 760 nium.
1939 705 2210 760 Culmiuat
2244 707 2576 776 reliquarum
2611 707 2885 764 stellarum
2923 706 3070 776 prior
3101 745 3117 760 .
3155 746 3167 758 .
3207 747 3219 760 .
3259 744 3274 758 .

1722 833 1738 850 .
1777 837 1790 849 .
1831 839 1844 851 .
1887 837 1901 850 .
1939 839 1951 851 .
1991 837 2004 850 .
2046 837 2058 849 .
2100 839 2113 852 .
2148 813 2267 867 quae
2298 812 2326 849 a
2358 799 2723 866 septentrione
2752 797 2998 866 adjacent
3030 799 3131 857 iis.
3158 813 3278 867 quae

1725 895 1852 944 sunt
1886 889 1940 942 in
1973 888 2150 942 cauda
2178 908 2190 943 :
2229 889 2354 942 item
2391 889 2680 943 australior
2710 904 2894 943 earum
2917 928 2931 952 ,
2965 905 3083 960 qua:
3120 889 3171 941 in
3201 889 3276 943 si-

1721 980 1904 1036 nistro
1929 979 2063 1050 pede
2087 981 2276 1051 Cygni.
2307 979 2501 1034 Ultima
2523 1019 2538 1045 ,
2567 997 2686 1050 qua:
2710 988 2793 1034 est
2821 979 2873 1033 in
2901 979 3126 1049 genibus
3154 978 3282 1031 Cas-

1722 1072 1918 1141 siepea:
1943 1112 1958 1137 ,
2004 1079 2058 1126 et
2094 1088 2214 1142 qua!
2249 1072 2303 1126 in
2338 1074 2676 1128 extremitate
2714 1072 2897 1127 caudae
2941 1071 3278 1125 australioris

1722 1157 1983 1214 Piscium.
2019 1159 2207 1215 Oritur
2232 1161 2426 1218 ﬂuvius
2457 1163 2510 1218 in
2547 1163 2695 1218 horis
2728 1165 2789 1227 5,
2825 1171 2876 1218 et
2909 1161 3010 1216 ὅθ’.

63 1249 266 1316 γόνασι,
301 1247 533 1301 καὶτῶν
576 1246 795 1318 Ἰχθύων
838 1246 932 1300 τοῦ
974 1248 1295 1320 νοτιωτέρου
1327 1250 1355 1300 6
1384 1250 1440 1301 ὲν
1476 1249 1622 1320 ἄκρα
1658 1254 1723 1322 τῇ
1747 1253 1901 1325 ούρᾷ.
1933 1257 2230 1310 Ἀνατέλλει
2260 1258 2316 1311 δὲ
2355 1258 2382 1309 6
2420 1259 2666 1329 Ποταμὸς
2693 1259 2750 1310 ἐν
2775 1257 2942 1329 ὥραις
2998 1262 3044 1324 γ’
3083 1253 3176 1308 ml.
3232 1258 3280 1321 γ’

65 1344 513 1416 πεμπτημορίοις.

123 1436 190 1490 Δ’.
214 1435 325 1488 Τοῦ
355 1435 410 1488 δὲ
434 1432 663 1502 Λαγωοῦ
694 1433 1090 1498 ἀνατέλλοντος,
1116 1435 1488 1488 συνανατέλλει
1520 1435 1617 1505 μὲν

1793 1433 1884 1490 1V.
1924 1433 2143 1490 Oriente
2172 1434 2376 1506 Lepore
2408 1435 2662 1490 zodiacus
2692 1437 2934 1490 ascendit
2965 1451 2995 1490 a
3029 1435 3284 1493 Gemino-

64 1525 194 1595 αύτῷ
242 1527 270 1578 6
314 1524 579 1590 ζωδιακὸς
617 1523 723 1576 61:6
766 1524 1009 1595 Διδύμων
1059 1525 1166 1594 μοί.
1211 1526 1255 1590 ζ’
1300 1526 1394 1578 καὶ
1439 1531 1488 1578 κ’
1515 1524 1618 1588 ἓως

1747 1543 1844 1581 ἰιιη
1881 1535 2034 1596 parte
2066 1526 2134 1579 27
2179 1527 2244 1580 ad
2285 1525 2482 1582 Cancri
2529 1527 2760 1581 mediam
2809 1527 2909 1591 12;
2953 1530 3213 1583 culminat
3251 1543 3282 1584 ι

65 1618 327 1687 Καρκίνου
364 1617 430 1686 ιβ’
464 1615 666 1687 μέσηςο
699 1619 1021 1688 μεσουρανεῖ
1039 1616 1094 1668 δὲ
1117 1616 1225 1668 61:6
1263 1615 1478 1685 Ἰχθύων
1507 1616 1616 1686 μοί.

1747 1617 1962 1671 ηερὶυω
2008 1616 2041 1669 4
2085 1615 2150 1669 ad
2179 1616 2266 1669 25.
2304 1615 2481 1670 Prima
2528 1619 2698 1689 surgit
2724 1617 3046 1673 antecedens
3092 1618 3257 1674 borea

64 1707 100 1758 δ’
124 1707 222 1771 ἓως
262 1707 487 1778 Ἰχθύων
529 1708 636 1778 μοί.
663 1715 701 1760 ε’
728 1709 822 1760 καὶ
851 1715 918 1761 κ’.
963 1709 1070 1760 Καὶ
1092 1713 1139 1759 α’
1172 1707 1272 1778 μὲν
1295 1707 1467 1778 ἀστὴρ
1493 1709 1621 1760 ἁνα-

1751 1708 1923 1761 iorum
1946 1746 1961 1771 ,
1997 1721 2116 1776 qua:
2141 1708 2350 1762 suntin
2393 1707 2652 1773 auribus;
2689 1708 2873 1762 ultima
2921 1709 3281 1777 posteriorum

65 1799 222 1852 τέλλει
249 1799 365 1852 τῶν
398 1801 455 1852 ὲν
477 1802 588 1862 τοῖς
621 1801 722 1852 ὠσὶ
750 1800 790 1853 6'
823 1803 851 1852 6
881 1799 1178 1869 ἡγούμενος
1217 1799 1324 1852 τῶν
1367 1799 1625 1870 βορειοτέ-

1747 1797 1924 1852 )edum
1959 1799 2266 1853 australior.
2296 1797 2568 1852 Culminat
2597 1814 2628 1854 e
2657 1799 2828 1855 stellis
2857 1799 3077 1868 reliquis
3111 1800 3281 1869 prior,

70 1908 184 1960 ρων,
209 1891 443 1962 ἔσχατος
481 1891 538 1945 δὲ
578 1894 606 1945 6
652 1891 967 1962 νοτιὼτερος
992 1891 1098 1943 τῶν
1130 1891 1188 1943 ὲν
1225 1892 1336 1954 τοῖς
1365 1890 1627 1954 ὀπισθίοις

1753 1889 1911 1942 ucida
1943 1905 2064 1960 qua:
2095 1890 2148 1944 in
2178 1890 2376 1946 lumbis
2407 1889 2576 1961 Equi,
2612 1899 2663 1946 et
2693 1909 2785 1962 pes
2814 1891 3011 1962 Cephei
3043 1893 3284 1951 sinister.

69 1982 197 2039 ποσί.
234 1986 576 2056 Μεσουρανεί
607 1983 663 2038 δὲ
701 1984 806 2038 τῶν
833 1983 1007 2038 ἄλλων
1050 1982 1262 2054 πρῶτος
1307 1982 1403 2052 μὲν
1442 1981 1533 2034 τοῦ
1566 1999 1624 2033 τε

1747 1979 1929 2034 Ultima
1953 2022 1967 2046 ,
2010 1981 2282 2036 borealior
2315 1982 2719 2036 succedentium
2762 1983 2816 2037 in
2856 1984 3114 2058 laterculo
3149 1983 3283 2038 Ceti.

70 2074 250 2128 Ἵππου
281 2077 309 2129 6
330 2075 424 2127 ἐπὶ
449 2074 549 2145 τῆς
577 2073 774 2142 ὀσφύος
800 2072 1068 2143 λαμπρὸς,
1101 2071 1195 2124 καὶ
1218 2070 1310 2124 τοῦ
1343 2071 1574 2141 Κηφέως
1597 2071 1625 2122 6

1727 2068 1913 2123 Oritur
1938 2067 2114 2140 Lepus
2143 2071 2275 2125 liora
2305 2073 2326 2124 1
2350 2110 2364 2136 ,
2401 2070 2500 2127 ιε’.

68 2167 341 2238 ἀριστερὸς
373 2166 510 2230 ποῦς
534 2181 548 2195 ο
581 2165 803 2236 ἔσχατος
833 2165 889 2218 δὲ
922 2163 1016 2217 τοῦ
1053 2165 1264 2235 Κήτους
1300 2163 1408 2216 τῶν
1451 2165 1508 2215 ὲν
1549 2161 1626 2214 τῷ
1663 2159 2048 2236 τετραπλεύρῳ
2109 2166 2138 2216 6
2204 2164 2536 2235 βορειότερος
2566 2164 2672 2216 τῶν
2711 2166 3007 2236 ἑπομένων.
3049 2165 3292 2220 Ἀνατέλ-

68 2257 136 2310 λει
165 2258 219 2311 δὲ
259 2257 291 2307 6
322 2256 549 2324 Δαγωὸς
578 2257 634 2309 ὲν
663 2255 780 2326 ὥρᾳ
802 2261 848 2308 α’
871 2256 964 2308 καὶ
988 2262 1028 2308 ε’
1060 2254 1235 2325 μέρει.

131 2352 294 2404 Ὅταν
322 2351 380 2404 δὲ
407 2353 436 2402 6
457 2349 616 2403 Κύων
640 2349 923 2420 ἀνατέλλῃ,
955 2349 1330 2402 συνανατέλλει
1362 2348 1459 2418 μὲν
1483 2348 1632 2418 αῦτῷ

67 2446 90 2496 6
120 2442 382 2507 ζωδιακὸς
419 2442 528 2496 61:6
561 2443 833 2514 Καρκίνου
869 2442 976 2513 μοί.
1021 2449 1080 2495 ιε’
1111 2442 1214 2505 ἓως
1243 2441 1470 2504 Λέοντος
1518 2441 1628 2510 μοί.

69 2542 101 2586 ε’
134 2535 304 2604 μέσης
331 2551 345 2564 ο
381 2537 708 2605 μεσουρανεῖ
741 2534 800 2587 δὲ
837 2535 944 2588 ἀπὸ
980 2533 1196 2603 ’ἰχθύων
1225 2532 1334 2604 μοί.
1376 2539 1424 2602 η’
1459 2533 1552 2586 καὶ
1582 2537 1630 2584 κ’

68 2627 159 2689 ἕως
182 2625 360 2698 Κριοῦ
385 2625 426 2678 δ’
449 2626 544 2678 καὶ
574 2633 621 2679 κ’
653 2627 842 2696 μέσης.
868 2627 976 2680 Καὶ
1005 2632 1052 2678 α’
1077 2625 1172 2696 μὲν
1201 2624 1374 2696 ἀστὴρ
1397 2612 1624 2677 ἀνατέλ-

69 2717 140 2770 λει
172 2719 199 2772 6
235 2720 300 2773 ὲν
340 2717 496 2789 ἄκρῳ
530 2717 608 2788 τῷ
638 2718 953 2790 ἐμπροσθίῳ
992 2720 1084 2772 καλ¹
1118 2717 1435 2790 βορειοτέρῳ
1467 2715 1618 2769 ποδί⁹

69 2809 284 2879 ἔσχατος
321 2810 379 2863 δὲ
405 2813 433 2863 6
466 2812 524 2863 ὲν
557 2810 702 2881 ἄκρα
738 2815 802 2882 τῇ
846 2812 1000 2882 οὐρᾷ.
1042 2811 1379 2882 Μεσουρανεῖ
1413 2809 1470 2862 δὲ
1515 2807 1624 2860 τῶν

72 2901 228 2955 ἄλλων
258 2909 309 2956 α’
341 2901 440 2972 μὲν
468 2903 496 2954 6
524 2903 580 2955 ἐν
625 2905 734 2966 τοῖς
763 2904 888 2955 ποσὶ
921 2904 1020 2972 τῆς
1049 2902 1446 2964 Κασσιεπείας,
1475 2901 1569 2954 καὶ⁵
1597 2901 1626 2952 6

75 2991 400 3063 βορειότερος
428 2992 539 3045 τῶν
569 2993 626 3045 ὲν
668 2993 746 3063 τῷ
779 2993 935 3064 δεξιῷ
971 2995 1093 3048 ποδὶ
1120 2995 1218 3064 τῆς
1250 2991 1626 3064 Ἀνδρομέδας,

1801 2347 1936 2402 Cum
1965 2348 2111 2402 Cane
2144 2347 2399 2403 zodiacus
2425 2350 2653 2418 emergit
2679 2363 2709 2401 a
2737 2348 2928 2402 Cancri
2963 2350 3029 2404 15
3059 2348 3124 2404 ad
3155 2349 3292 2405 Leo-

1731 2441 1818 2496 nis
1852 2441 2082 2496 mediam
2135 2441 2202 2506 5;
2239 2441 2499 2496 culminat
2529 2455 2561 2494 a
2597 2440 2668 2495 9.8
2700 2439 2935 2496 Piscium
2977 2440 3043 2494 ad
3091 2441 3292 2496 Arietis

1729 2533 1800 2586 24
1830 2531 2081 2587 mediam.
2115 2531 2273 2585 Prior
2301 2532 2474 2586 oritur
2504 2532 2691 2597 stella,
2723 2547 2842 2601 quae
2869 2532 2920 2584 in
2949 2532 3294 2586 extremitate

1732 2624 2086 2694 praecedentis
2117 2623 2547 2694 borealiorisque
2589 2623 2782 2692 pedis;
2828 2623 3013 2677 ultima
3038 2663 3052 2688 ,
3087 2638 3205 2692 qua:
3236 2623 3290 2676 in

1735 2723 1977 2770 extrema
2005 2715 2199 2769 cauda.
2228 2713 2305 2768 Ex
2332 2715 2454 2770 aliis
2481 2714 2741 2768 eulminat
2772 2729 2832 2768 ea
2856 2753 2870 2777 ,
2933 2728 3053 2783 quae
3096 2713 3150 2766 in
3198 2728 3294 2782 pe-

1736 2807 1896 2863 dibus
1951 2807 2296 2876 Cassiepeaa,
2347 2815 2402 2861 et
2460 2806 2731 2861 borealior
2789 2821 3005 2871 earum,
3055 2820 3174 2874 quae
3235 2805 3294 2860 in

1737 2901 1931 2956 dextro
1986 2899 2342 2955 Andromedae
2404 2899 2537 2970 pede
2597 2899 2872 2968 paululum
2937 2897 3292 2952 meridianum

1738 2991 2049 3056 antecedit;
2103 2992 2290 3046 ultima
2335 3005 2496 3055 vero,
2543 2987 2722 3042 lucida
2761 2989 2815 3041 in
2861 2987 3052 3041 dextro
3092 2985 3294 3040 feruore

77 3083 254 3154 μικρὸν
291 3082 704 3154 προηγούμενος
738 3083 831 3136 τοῦ
875 3083 1276 3154 μεσημϐρινοῦ⁹
1324 3082 1548 3153 ἔσχατος
1577 3083 1631 3136 δὲ

1747 3082 1963 3146 Persei,
2015 3093 2062 3137 et
2115 3081 2411 3138 succedens
2456 3093 2643 3134 earum
2689 3092 2807 3148 quae
2852 3083 2979 3132 sunt
3021 3075 3075 3128 in
3121 3074 3294 3128 cauda

72 3173 154 3226 τοῦ
183 3170 438 3246 Περσέως
467 3176 495 3227 6
536 3177 592 3228 ἐν
621 3173 698 3244 τῷ
722 3174 879 3245 δεξιῷ
910 3175 1068 3246 μηρῷ
1108 3175 1374 3247 λαμπρὸς,
1400 3177 1494 3229 καὶ
1537 3172 1630 3228 τοῦ

73 3267 336 3338 Καρκίνου
364 3269 394 3320 6
421 3267 683 3338 ἑπόμενος
708 3266 816 3320 τῶν
839 3269 896 3320 ἐν
920 3269 986 3337 τῇ
1010 3267 1164 3338 οὐρᾷ.
1202 3267 1503 3320 Ἀνατέλλει
1531 3266 1589 3319 δὲ
1605 3268 1634 3319 6

75 3361 222 3415 Κύων
251 3365 310 3415 ἐν
341 3363 464 3434 ὥρᾳ
505 3363 604 3432 μιᾷ
631 3361 726 3414 καὶ
752 3359 872 3414 δυσὶ
909 3359 1131 3431 μέρεσιν
1157 3359 1326 3432 ὥρας.

137 3454 237 3508 Τοῦ
263 3456 323 3508 δὲ
352 3455 632 3524 Πρόκυνος
673 3451 1050 3514 ἀνατέλλοντος
1071 3493 1086 3516 ,
1116 3451 1492 3504 συνανατέλλει
1537 3450 1636 3521 μὲν

76 3546 210 3618 αύτῷ
248 3548 278 3599 6
323 3545 590 3610 ζωδιακὸς
628 3545 733 3598 61:6
774 3543 1048 3614 Καρκίνου
1081 3542 1120 3595 δ’
1168 3542 1277 3612 μοί.
1323 3544 1497 3613 μέσης
1531 3543 1637 3604 ἕως

75 3640 340 3710 Καρκίνου
377 3639 492 3710 μοι.
522 3639 596 3692 θ’·
627 3640 946 3708 μεσουρανεί
971 3637 1027 3689 δὲ
1055 3636 1161 3690 61:6
1192 3635 1410 3705 Ἰχθύων
1447 3634 1556 3706 μοί.
1575 3641 1636 3688 ιε’

75 3731 167 3794 ἕως
205 3731 429 3802 Ἰχθύων
455 3730 563 3801 μοί.
586 3737 634 3783 κ’
661 3730 853 3800 μέσης.
885 3729 994 3781 Καὶ
1015 3735 1062 3781 α’
1095 3727 1193 3798 μὲν
1222 3727 1398 3798 ἀστὴρ
1425 3725 1639 3780 ἀνατέλο

75 3823 146 3874 λει
166 3825 194 3875 6
219 3825 528 3896 ἡγούμενος
565 3821 657 3874 καὶ
695 3819 911 3881 διπλοῦς
937 3860 950 3885 ,
985 3818 1208 3888 ἔσχατος
1237 3818 1293 3871 δὲ
1321 3819 1350 3870 6
1377 3819 1638 3887 ἑπόμενος

76 3917 159 3967 καὶ
181 3915 457 3987 λαμπρός.
480 3914 819 3983 Μισουρενεί
853 3911 908 3964 δὲ
947 3911 1056 3963 τῶν
1081 3909 1252 3964 ἄλλων
1283 3908 1383 3976 τῆς
1405 3909 1639 3960 Κασσιε-

77 4007 222 4068 πείας
244 4009 274 4059 6
307 4008 369 4058 έν
408 4004 558 4075 μέσῳ
595 4002 671 4073 τῷ
711 4001 944 4072 σώματι,
982 4001 1075 4054 καὶ
1095 3998 1187 4052 τοῦ
1214 4000 1426 4067 Κητοῦς
1445 3997 1551 4050 τῶν
1581 3998 1638 4048 ὲν

75 4104 132 4170 τῇ
160 4102 294 4172 οὐρᾷ
318 4100 363 4154 δ’
383 4099 435 4152 οἱ
460 4097 735 4167 ἑπόμενοι.
763 4095 1018 4165 Ἐσχατοι
1045 4093 1101 4146 δὲ
1131 4089 1517 4162 μεσουρανοῦσι
1542 4089 1639 4157 τῆς

74 4210 126 4245 τε
157 4191 521 4265 Ἀνδρομέδας
555 4191 582 4243 6
626 4189 877 4259 ἐχόμενος
908 4185 1018 4241 τῶν
1047 4187 1104 4238 ὲν
1129 4187 1195 4255 τῇ
1227 4181 1391 4254 ζώνῃ,
1420 4181 1514 4233 καὶ
1545 4177 1638 4232 τοῦ

75 4285 277 4354 Κήτους
302 4287 332 4338 6
366 4282 703 4354 βορειότερος
725 4279 833 4334 τῶν
854 4281 910 4332 ὲν
933 4278 1011 4349 τῷ
1049 4275 1451 4348 τετραπλεύρῳ.
1488 4272 1640 4324 Ἀνα-

74 4376 234 4430 τέλλει
254 4377 314 4430 δὲ
340 4377 370 4428 6
399 4373 659 4445 Προκύων
680 4373 736 4424 ἐν
760 4378 806 4440 γ’
839 4371 992 4441 μέρει
1017 4369 1184 4440 ὥρας.

136 4468 243 4537 Τῆς
292 4467 353 4520 δὲ
396 4463 624 4535 Ἀργοῦς
659 4462 1072 4531 ἀνατελλούσης,
1121 4455 1492 4511 συνανατέλλει
1540 4454 1606 4526 μὲ

75 4557 200 4628 αὐτῇ
219 4559 250 4610 6
275 4553 543 4621 ζωδιακὸς
564 4552 672 4607 61:6
699 4552 922 4615 Λέοντος
951 4551 1061 4622 μοί.
1100 4555 1151 4614 ς’
1173 4547 1275 4611 ἕως
1299 4544 1492 4618 Χηλῶν
1521 4545 1633 4615 μοί.

73 4645 107 4696 δ’
137 4648 310 4717 μέσης
330 4662 346 4676 ο
384 4645 712 4716 μεσουρανεῖ
742 4642 799 4696 δὲ
844 4642 952 4696 61:6
979 4639 1148 4712 Κριοῦ
1185 4647 1235 4704 ς’
1267 4638 1360 4691 καὶ
1389 4643 1436 4690 κ’
1473 4635 1641 4707 μέσης

74 4737 163 4802 ἕως
195 4738 482 4810 Καρκίνου
514 4736 554 4789 6P
593 4735 782 4807 μέσης.
816 4733 926 4788 Καὶ
959 4730 1004 4786 α’
1034 4731 1128 4802 μὲν
1157 4729 1331 4800 ἀστὴρ
1369 4727 1643 4782 ἀνατέλλει

75 4833 98 4880 6
127 4831 230 4884 ὑπὸ
261 4831 378 4883 τῶν
412 4831 470 4882 ὲν
495 4829 641 4900 ἄκρᾳ
665 4830 730 4897 τῇ
758 4827 894 4896 οὐρᾷ
925 4823 1018 4876 τοῦ
1054 4821 1226 4885 Κυνὸς
1251 4819 1324 4883 ὡς
1361 4818 1640 4890 τριπλοῦς,

75 4923 290 4992 ἔσχατος
350 4921 409 4974 δὲ
459 4922 487 4972 6
531 4919 848 4980 νοτιώτατος
900 4917 1007 4970 τῶν
1054 4916 1112 4968 ὲν
1143 4918 1208 4986 τῇ
1257 4915 1504 4983 ἀποτομῇ
1550 4912 1642 4965 τοῦ

78 5012 256 5066 Πλοίου
286 5014 388 5066 καὶ
407 5010 675 5081 λαμπρός.
703 5008 1041 5077 Μεσουρανεῖ
1055 5006 1110 5057 δὲ
1137 5003 1244 5055 τῶν
1271 5002 1441 5056 ἄλλων
1469 5008 1518 5053 α’
1547 5003 1644 5071 μὲν

75 5105 157 5158 τοῦ
179 5105 445 5178 Περσέως
467 5105 494 5155 6
518 5104 574 5155 ἐν
589 5099 667 5170 τῷ
689 5098 957 5171 ἀριστερῷ
976 5094 1152 5168 μηρῷ,
1167 5094 1258 5147 καὶ
1279 5095 1306 5145 6
1329 5090 1645 5155 νοτιώτατος

75 5198 172 5248 τῶν
210 5201 270 5252 ὲν
304 5198 378 5267 τῇ
407 5195 654 5263 ἀποτομῇ
686 5191 778 5244 τοῦ
805 5190 1015 5260 Ταύρου
1037 5206 1050 5218 ·
1076 5187 1299 5256 ἔσχατος
1337 5184 1393 5237 δὲ
1437 5185 1464 5236 6
1509 5200 1644 5252 1:90-

76 5290 198 5358 ῃγού
208 5305 379 5360 μενος
405 5287 505 5357 τῆς
528 5283 623 5338 τοῦ
646 5284 844 5354 Ὗδρου
868 5279 1106 5351 κεφαλῆς
1128 5281 1156 5332 6
1178 5275 1430 5346 ἐκφανὴς,
1447 5275 1476 5328 ὅ
1499 5276 1645 5327 ἐστιν

76 5382 125 5430 ὲν
146 5385 258 5446 τοῖς
287 5379 491 5441 νοτίοις
513 5377 640 5429 ποσὶ
671 5375 765 5427 τοῦ
791 5373 985 5437 Κυνός.

140 5473 212 5531 E'.
250 5470 419 5542 Ἑξῆς
441 5471 499 5522 δὲ
527 5467 758 5539 ἐροῦμεν
781 5465 909 5535 περὶ
934 5465 1031 5534 τῆς
1065 5459 1405 5522 καταδύσεως
1429 5458 1535 5510 τῶν
1562 5472 1646 5511 νο·-

78 5564 348 5634 τιωτέρων
389 5559 479 5613 τοῦ
512 5556 773 5623 ζωδιακοῦ
806 5553 1023 5608 κύκλου.

143 5655 311 5708 Ὅταν
335 5652 438 5724 μὲν
453 5646 547 5704 οὖν
559 5648 691 5719 δύνῃ
705 5650 732 5700 6
750 5648 966 5716 Ὕδρος,
987 5638 1372 5711 συγκαταδύνει
1391 5637 1486 5707 μὲν
1502 5634 1647 5706 αὐτῷ

80 5742 106 5794 ὁ
128 5745 394 5809 ζιώιακὸς
436 5743 544 5798 61:6
581 5739 822 5810 Διδύμων
853 5738 895 5791 θ’
955 5735 1046 5789 καὶ
1077 5741 1125 5788 κ’
1157 5731 1264 5804 μοί.
1304 5730 1406 5794 ἓως
1440 5727 1647 5798 Παρθέ-

1742 3177 1963 3233 Cancri.
1998 3174 2181 3231 Oritur
2212 3175 2376 3229 Canis
2405 3173 2537 3228 hora
2585 3186 2691 3225 una
2713 3210 2728 3234 ,
2778 3168 3002 3239 ejusque
3051 3167 3294 3237 partibus

1736 3270 1964 3326 duabus.

1811 3445 1944 3499 Cum
1973 3459 2032 3500 se
2052 3443 2300 3514 Procyon
2325 3441 2548 3507 attollit,
2573 3441 2748 3494 oritur
2773 3454 2876 3492 una
2899 3435 3108 3492 zodiaci
3134 3449 3295 3493 arrus

1739 3554 1767 3591 a
1812 3536 1966 3607 135
2005 3535 2203 3591 Cancri
2237 3535 2272 3587 4
2316 3542 2470 3604 parte
2518 3533 2726 3596 media,
2759 3531 2824 3585 ad
2852 3530 2924 3596 9;
2965 3529 3226 3584 culininat
3264 3545 3295 3583 a

1742 3630 1975 3685 Piscium
2025 3629 2092 3683 l5
2139 3627 2206 3681 ad
2243 3626 2314 3681 20
2354 3627 2606 3682 mediam.
2659 3623 2818 3678 l‘rior
2867 3622 3042 3677 oritur
3081 3628 3298 3676 antece-

1738 3723 1907 3786 dens,
1929 3730 1981 3776 et
2011 3721 2175 3792 dupla
2205 3737 2218 3786 ;
2249 3719 2439 3774 ultima
2461 3759 2476 3784 ,
2501 3717 2802 3774 succedens
2823 3759 2837 3777 .
2867 3722 2919 3770 et
2947 3712 3146 3769 lucida.
3177 3711 3298 3766 Pri-

1740 3830 1826 3870 ma
1861 3830 1929 3870 ex
1958 3815 2079 3868 aliis
2111 3813 2407 3876 culminat,
2443 3826 2562 3880 qua:
2590 3809 2644 3863 in
2674 3807 2851 3862 medio
2878 3805 3128 3876 corporis
3161 3802 3296 3858 Cas-

1739 3908 1932 3977 siepeze
1957 3925 1970 3961 :
1995 3916 2049 3960 et
2069 3905 2420 3961 succedentes
2442 3917 2625 3958 earum
2643 3908 3028 3971 quatuor,qua:
3045 3896 3099 3949 in
3126 3894 3299 3950 cauda

1739 4001 1858 4056 Ceti
1895 4007 2042 4055 sunt.
2084 3997 2404 4052 Novissima:
2448 3993 2750 4048 culminant
2797 3991 3040 4060 proxima
3075 4002 3294 4049 earum,

1739 4108 1860 4162 quae
1891 4091 1947 4145 in
1979 4087 2333 4144 Andromeda:
2359 4100 2496 4140 zona
2518 4123 2534 4146 ,
2565 4091 2620 4138 et
2650 4082 2920 4137 borealior
2957 4094 3020 4134 ex
3053 4078 3150 4162 iis,
3181 4090 3299 4148 quas

1743 4161 1796 4238 in
1834 4180 2096 4236 laterculo
2123 4175 2261 4232 Ceti.
2292 4173 2476 4230 Oritur
2505 4171 2750 4241 Procyon
2778 4167 2912 4222 hora
2941 4167 3004 4229 0,
3033 4161 3136 4218 20'.

1611 4473 1638 4508 ν
1667 4441 1717 4500 D
1823 4442 1970 4510 Argo
2016 4435 2140 4493 navi
2181 4434 2412 4496 oriente,
2448 4444 2570 4484 eum
2605 4442 2668 4482 ea
2707 4425 2959 4480 zodiacus
3004 4417 3238 4488 assurgit
3266 4431 3297 4470 a

1747 4532 1944 4587 Leonis
1982 4537 2135 4600 parte
2171 4527 2203 4581 6
2245 4525 2309 4577 ad
2347 4521 2636 4577 Chelarum
2668 4519 2700 4572 Δ
2736 4515 3006 4600 mediam;
3039 4510 3298 4600 (fulminat

1749 4617 1819 4672 ab
1852 4592 2051 4671 Arietis
2094 4612 2164 4667 96
2193 4610 2390 4675 media,
2422 4607 2487 4661 ad
2531 4603 2724 4658 Caneri
2763 4599 2995 4655 mediam
3035 4595 3088 4650 4.
3119 4592 3299 4649 Prima

1752 4710 1929 4766 oritur
1975 4723 2094 4778 qua:
2125 4722 2154 4760 e
2187 4703 2356 4760 stellis
2393 4701 2447 4753 in
2487 4694 2658 4752 cauda
2687 4693 2850 4747 Canis
2894 4690 2952 4744 fit
2994 4688 3157 4743 veluti
3202 4686 3302 4739 tri-

1744 4807 1868 4877 plex
1919 4823 1930 4858 :
1985 4801 2193 4864 ultima,
2233 4811 2352 4867 quae
2397 4795 2450 4848 in
2501 4787 2835 4846 abscissione
2870 4783 3032 4838 Navis
3073 4779 3297 4877 sitarum

1750 4869 2150 4952 australissima
2197 4897 2320 4953 est,
2369 4893 2422 4941 et.
2462 4883 2660 4939 lucida.
2704 4879 2884 4933 Prima
2932 4873 3188 4930 eulminat
3234 4869 3302 4924 de

1751 4991 1925 5048 stellis
1960 4985 2186 5056 reliquis
2215 4999 2299 5048 ea,
2333 4996 2452 5052 qua:
2479 4987 2562 5034 est
2598 4975 2653 5030 in
2686 4974 2908 5030 sinistro
2941 4968 3142 5024 femore
3167 4963 3297 5020 Per-

1746 5085 1822 5140 sei
1858 5102 1871 5138 :
1905 5089 1958 5138 et
2003 5075 2404 5135 australissima
2437 5085 2623 5128 earum
2665 5081 2785 5138 quae
2823 5069 2950 5120 sunt
2975 5063 3029 5115 in
3059 5057 3301 5114 sectione

1749 5175 1918 5231 Tauri
1956 5192 1968 5227 :
2009 5171 2218 5234 ultima,
2252 5164 2562 5238 pratcedens
2601 5159 2792 5230 capitis
2813 5153 2977 5227 llydri
2998 5148 3297 5223 splendida,

1745 5284 1866 5340 quae
1894 5272 1978 5322 est
2008 5264 2065 5318 in
2101 5259 2431 5316 australibus
2465 5253 2692 5326 pedibus
2717 5248 2902 5305 Canis.

1819 5446 1886 5502 ν.
1924 5441 2234 5500 Secundum
2270 5439 2382 5493 haec
2425 5448 2641 5506 agemus
2674 5430 2738 5486 de
2773 5418 3297 5496 occasu-australi0-

1747 5557 1866 5596 rum
1899 5537 2122 5593 zodiaco
2149 5531 2448 5587 ceelestium
2481 5525 2792 5596 imaginum.

1820 5626 2090 5698 Imprimis
2129 5637 2251 5678 eum
2306 5619 2522 5691 Hydrus
2569 5611 2790 5675 occidit,
2844 5603 3121 5663 descendit
3171 5614 3295 5698 eum

1747 5738 1812 5778 eo
1846 5690 2104 5775 zodiacus
2131 5731 2158 5769 a
2183 5719 2335 5784 parte
2356 5690 2704 5765 Geminorum
2724 5701 2796 5757 29
2824 5700 2887 5756 ad
2918 5694 3149 5768 Virginis
3193 5690 3252 5746 11
3280 5705 3296 5754 ;
