3800 6316
492 281 638 339 1115

1465 285 1559 340 ΔΙ)
1594 283 1865 341 ευεεθιι
1898 283 2290 343 CHBONICON
2326 287 2687 346 APPENDIX.

3571 293 3701 348 1116

487 398 755 453 Cll-7n
790 414 827 454 a
870 399 938 457 19
966 402 1145 459 Inedia
1183 400 1471 457 Cbelarum
1524 404 1593 458 ad
1640 403 1922 475 Sagittarii
1976 403 2028 459 11

2145 419 2238 455 νου
2272 410 2374 457 tu"
2410 406 2732 475 μεσουρανεῖ
2777 401 2837 456 δὲ
2886 402 2998 456 61:6
3040 403 3235 474 Χηλῶν
3292 403 3362 457 ιϐ’
3392 403 3562 477 μέσης
3600 408 3701 472 ἓως

492 489 757 543 mediam.
783 488 943 547 Prior
968 494 1189 559 occidit,
1217 495 1511 550 australior
1544 510 1734 550 earum
1762 510 1884 565 qua
1913 504 2046 551 sunt

487 576 547 631 in
575 581 715 634 rictu
745 598 763 634 :
794 584 1004 647 ultima,
1031 601 1152 655 qua:
1192 587 1249 641 in
1276 588 1617 643 extremitate
1654 589 1863 644 cauda.
1907 588 2042 644 Cul-

486 670 706 723 nui-ast
750 687 817 727 ex
847 676 968 728 aliis
994 677 1184 741 stellis,
1217 677 1375 733 initio
1411 678 1650 749 quidem,
1683 679 1884 745 lucida,
1921 696 2045 750 qua:

484 768 573 813 est
612 776 644 813 a
690 763 867 817 cauda
921 763 1185 822 Draconis
1231 769 1413 835 tertia,
1460 772 1783 826 semicubito
1825 773 2045 827 circiter

484 849 812 907 antecedens
878 854 1241 911 meridianum
1309 875 1325 914 :
1393 860 1520 914 item
1583 861 1763 915 lucida
1837 862 2042 932 cinguli

482 938 687 1003 Bootz.
715 958 817 999 nec
844 960 952 1000 non
980 948 1295 1017 praecedens
1342 948 1580 1005 lucidam
1618 953 1675 1006 in
1701 953 2043 1008 extremitate

480 1030 876 1102 borcChelz;
892 1045 945 1090 et
958 1053 1079 1108 qua:
1095 1037 1259 1110 llydri
1273 1049 1357 1097 est
1377 1041 1433 1097 in
1461 1051 1702 1096 extrema
1717 1044 1912 1109 cauda,
1928 1044 2041 1099 vel-

478 1131 541 1175 ut
556 1125 876 1182 semianbito
899 1130 1258 1186 meridianum
1274 1134 1614 1190 antecedens.
1631 1134 1913 1192 Postremo
1923 1137 2044 1192 cul-

478 1214 689 1269 minam
718 1215 985 1274 Draconis
1013 1223 1310 1280 australius
1341 1233 1555 1296 tempus
1592 1242 1607 1277 :
1643 1235 1700 1282 et
1731 1227 2036 1299 Serpentis,

476 1322 638 1376 quem
670 1318 815 1366 tenet
847 1312 1132 1384 Anguifer,
1166 1317 1223 1371 in
1249 1326 1495 1374 extrema
1532 1320 1705 1375 cauda
1731 1323 1835 1378 sita
1871 1343 1885 1377 :
1923 1335 2037 1378 tum

476 1401 804 1459 antecedens
842 1420 1057 1473 earum,
1088 1424 1211 1479 qua:
1246 1411 1304 1465 in
1337 1426 1470 1484 sago
1494 1409 1800 1484 Sagittarii.
1826 1413 2041 1471 Occidit

475 1486 692 1561 Hydrus
720 1493 874 1551 horis
896 1495 953 1550 4.

542 1672 766 1733 Cratere
795 1678 1100 1748 occidente,
1133 1698 1259 1740 cum
1292 1700 1361 1742 eo
1403 1686 1685 1745 descendit
1709 1688 1968 1748 zodiacus
2003 1707 2036 1747 a

472 1762 668 1821 Cancri
696 1776 853 1838 parte
879 1770 943 1825 2i
978 1772 1047 1827 ad
1072 1772 1271 1833 Leonis
1297 1778 1528 1834 mediam
1560 1781 1662 1846 £5;
1700 1782 1962 1836 culminat
2002 1798 2035 1837 a
2067 1750 2110 1804 B

472 1860 655 1914 media
714 1862 783 1919 13
842 1863 1053 1936 Scorpii
1102 1868 1170 1923 ad
1227 1870 1443 1926 initium
1499 1872 1798 1945 Sagittarii.
1852 1874 2035 1932 Prima

470 1949 679 2005 occidit
701 1967 912 2021 earum,
943 1973 1064 2027 qua:
1089 1968 1217 2015 sunt
1244 1961 1300 2016 in
1332 1963 1470 2031 basi,
1495 1964 1766 2021 borealior
1796 1986 1810 2020 :
1843 1968 2034 2022 ultima

471 2055 604 2097 vero
649 2044 963 2112 anstralidr,
1003 2056 1059 2104 et
1100 2049 1376 2107 borealior
1417 2070 1608 2110 earum
1654 2072 1776 2127 qua:
1812 2067 1941 2113 sunt
1977 2059 2034 2113 in

472 2130 648 2188 alveo.
683 2133 995 2193 Culminant
1038 2140 1267 2196 aliarum
1305 2145 1614 2210 stellarum,
1658 2148 1840 2215 initio,
1872 2148 2036 2205 Scor-

472 2222 552 2292 pii
598 2225 796 2283 tertius
830 2238 884 2283 et
925 2230 1153 2300 quintus
1194 2236 1495 2307 spondylus
1527 2254 1737 2304 eorum,
1769 2243 1864 2311 qui
1903 2256 2035 2297 sunt

470 2322 595 2383 post
634 2324 845 2385 pectus,
877 2329 933 2376 et
968 2324 1129 2379 tertia
1172 2335 1295 2396 post
1324 2327 1576 2384 dextrum
1626 2330 1909 2388 humerum
1942 2333 2031 2389 ln-

470 2405 727 2474 geniculi,
770 2408 827 2465 in
875 2411 1102 2471 brachio
1139 2418 1268 2483 sita,
1316 2420 1461 2475 velut
1511 2424 1834 2481 semicubito
1877 2428 2035 2483 meri-

467 2493 692 2553 dianum
746 2504 1100 2574 praecedens;
1153 2509 1345 2565 ultima
1384 2527 1541 2578 vero,
1575 2530 1697 2586 quze
1744 2517 1800 2571 in
1847 2518 2030 2574 radice

469 2587 675 2680 sinistri
706 2592 929 2652 femoris
944 2606 1029 2653 est
1058 2599 1354 2672 Ingeniculi
1389 2623 1403 2659 :
1436 2622 1537 2663 nec
1566 2623 1677 2664 non
1709 2611 1894 2680 cuspis
1920 2613 2027 2665 Ar-

468 2693 587 2737 cus.
618 2679 826 2741 Occidit
856 2685 1047 2746 Crater
1073 2691 1207 2748 hora
1239 2692 1292 2764 1,
1315 2695 1425 2753 20'.

537 2854 716 2916 Corvo
740 2860 1105 2923 descendente
1132 2869 1296 2925 simul
1321 2870 1580 2929 zodiacus
1602 2874 1802 2930 occidit
1829 2891 1861 2931 a
1893 2875 2033 2934 Leo-

466 2946 557 3004 nis
584 2950 665 3041 29_
684 2953 863 3041 media
919 2957 984 3012 ad
1025 2957 1316 3016 Cbelarnm
1353 2964 1452 3031 ll;
1487 2966 1752 3021 culminat
1787 2982 1819 3021 a
1850 2966 2029 3041 Sagit-

466 3038 593 3093 tarii
644 3038 714 3095 10
747 3042 818 3097 ad
867 3046 1098 3103 mediam
1145 3050 1466 3121 Capricorni
1519 3055 1576 3111 6.
1621 3055 1781 3113 Prior
1827 3038 2027 3116 occidit

467 3127 645 3195 stella,
685 3144 804 3201 qua:
837 3133 892 3188 in
922 3140 1321 3207 posterioribus
1354 3142 1671 3212 femoribus,
1700 3149 2022 3217 novissima,

466 3220 768 3278 succedens
812 3240 1021 3293 earum,
1052 3245 1174 3301 qua:
1206 3241 1336 3287 sunt
1373 3234 1430 3289 in
1473 3238 1675 3307 capite.
1712 3239 2026 3299 Culminant

465 3308 696 3368 aliarum
747 3317 1064 3387 stellarum,
1127 3323 1399 3396 principio
1452 3330 1671 3399 quidem
1734 3330 2023 3400 Draconis,

463 3414 584 3471 qua
614 3412 699 3461 est
737 3406 796 3462 in
829 3409 991 3476 rictu,
1034 3415 1349 3482 praacedens
1384 3422 1743 3479 meridianum
1787 3429 2027 3484 semicu-

462 3492 593 3585 bito
632 3496 787 3568 fere;
825 3501 954 3557 item
1011 3505 1311 3575 lngeniculi
1362 3510 1535 3566 cubiti
1581 3514 1794 3572 sinistri
1822 3516 2020 3585 ﬂexus,

464 3584 786 3644 semicubito
808 3590 1024 3647 circiter
1039 3596 1364 3653 antecedens
1390 3600 1783 3672 meridianum;
1814 3584 2025 3676 postre?

463 3685 575 3737 ma,
604 3678 914 3745 praecedens
941 3681 1241 3739 lucidarum
1267 3687 1453 3753 trium,
1477 3707 1598 3761 qua:
1617 3701 1746 3748 sunt
1772 3695 1828 3749 in
1848 3699 2024 3767 prima

465 3764 615 3830 spira
656 3764 954 3836 Draconis;
981 3788 1083 3827 nec
1118 3788 1229 3829 non
1259 3792 1345 3841 ea,
1379 3795 1500 3851 qua
1525 3792 1610 3838 est
1632 3783 1688 3838 iu
1717 3785 1802 3839 ala
1830 3764 2023 3846 dextra

465 3850 659 3949 Cygni,
691 3858 968 3949 paululum
998 3863 1134 3918 citra
1166 3867 1530 3925 meridianum
1577 3873 1790 3943 posita;
1821 3884 1876 3932 et
1899 3895 2022 3949 qua:

466 3939 523 3993 in
556 3944 781 4043 cuspide
809 3944 1028 4020 Sagitta:
1053 3967 1069 4018 ;
1098 3952 1226 4010 item
1262 3960 1553 4017 australior
1577 3939 1637 4019 in
1661 3939 1814 4023 vultu
1836 3939 2027 4043 Capri-

465 4035 640 4093 comi.
673 4035 883 4096 Occidit
907 4041 1045 4099 Fera
1062 4043 1212 4103 horis
1237 4047 1294 4105 2.

2142 493 2369 557 Τοξότου
2402 495 2468 547 ιϐ’
2498 495 2688 565 μέσης.
2719 495 2830 548 Καὶ
2859 500 2909 548 α’
2943 494 3044 564 μὲν
3079 495 3253 567 ἀστὴρ
3288 495 3437 550 δύνει
3460 498 3491 548 6
3521 498 3697 551 νοτώ-

2138 600 2298 656 τερος
2323 586 2432 638 τῶν
2461 588 2520 639 ἐν
2544 586 2624 656 τῷ
2651 586 2911 657 χάσματι,
2954 586 3178 657 ἔσχατος
3220 588 3278 641 δὲ
3309 590 3340 642 6
3383 592 3443 643 ὲν
3471 591 3614 663 ἄκρᾳ
3632 596 3697 663 τῇ

2139 677 2297 748 οὐρᾷ.
2330 677 2736 749 Μεσουρανοῢσι
2773 678 2830 731 δὲ
2857 678 2968 732 τῶν
2999 679 3173 733 ἄλλων
3204 681 3450 752 ἀστέρων
3479 684 3538 735 ὲν
3564 686 3697 755 ἀρχῇ

2142 767 2244 838 μὲν
2269 768 2362 821 τοῦ
2393 786 2452 822 τε
2483 769 2783 839 Δράκοντος
2817 770 2849 821 6
2879 775 2927 838 γ
2954 771 3064 824 ἀπὸ
3106 772 3207 842 τῆς
3236 773 3406 843 οὐρᾶς
3436 774 3697 847 λαμπρὸς,

2137 858 2217 921 ὥς
2256 860 2560 930 ἡμιπήχιον
2596 861 3006 931 προηγούμενος
3062 863 3158 916 τοῦ
3189 864 3584 937 μεσημϐρινοῦ,
3613 867 3697 920 καὶ

2136 949 2232 1003 τοῦ
2263 950 2472 1005 Βοώτου
2507 953 2538 1005 6
2563 952 2623 1005 ὲν
2648 956 2716 1023 τῇ
2752 953 2897 1024 ζώνῃ
2942 954 3211 1026 λαμπρὸς,
3251 957 3348 1009 καὶ
3372 960 3403 1011 6
3438 959 3701 1029 προηγού-

2140 1058 2303 1113 μενος
2328 1042 2423 1096 τοῦ
2447 1044 2506 1096 ὲν
2531 1042 2679 1116 ἄκρᾳ
2696 1047 2764 1115 τῇ
2794 1044 2990 1118 βορείῳ
3017 1046 3168 1119 Χηλῇ
3188 1048 3467 1120 λαμπροῦ,
3498 1054 3591 1104 καὶ
3607 1052 3696 1105 τοῦ

2138 1133 2340 1204 ’Υδρου
2374 1135 2404 1187 6
2435 1136 2494 1187 ὲν
2520 1135 2666 1206 ἄκρᾳ
2685 1139 2755 1207 τῇ
2785 1138 2923 1208 οὐρᾷ
2944 1176 2961 1201 ,
2993 1138 3071 1202 ὡς
3098 1141 3403 1211 ἡμιπήχιον
3439 1144 3698 1213 προηγού-

2138 1240 2300 1293 μενος
2348 1222 2441 1277 τοῦ
2494 1226 2903 1298 μεσημϐρινοῦ⁹
2943 1229 3167 1299 ἔσχατον
3208 1230 3267 1286 δὲ
3312 1234 3695 1304 μεσουρανοῦσι

2133 1314 2227 1367 τοῦ
2270 1332 2329 1367 τε
2367 1315 2668 1386 Δράκοντος
2695 1318 2726 1370 6
2764 1318 3079 1392 νοτιώτερος
3125 1323 3416 1393 κρόταφος,
3462 1326 3561 1379 καὶ
3605 1325 3693 1379 τοῦ

2138 1406 2372 1475 Ὄφεως,
2406 1407 2466 1462 δν
2496 1407 2610 1480 ἔχει
2646 1411 2676 1462 6
2708 1410 2989 1483 Ὀφιοῦχος
3014 1415 3045 1467 6
3076 1414 3135 1467 έν
3164 1415 3394 1487 ἄκρᾳτῇ
3425 1417 3583 1488 οὐρᾷ,
3606 1419 3693 1471 καὶ

2131 1496 2227 1551 τοῦ
2252 1498 2479 1563 Τοξότου
2508 1502 2538 1553 6
2568 1500 2867 1572 ἡγούμενος
2898 1504 3007 1558 τῶν
3042 1504 3103 1558 ἐν
3135 1509 3202 1579 τῇ
3238 1508 3518 1577 ἐφαπτίδι.
3548 1508 3693 1564 Δύνει

2132 1588 2190 1642 δὲ
2222 1590 2252 1641 6
2278 1590 2475 1661 ’Υδρος
2505 1593 2566 1646 ἐν
2592 1592 2765 1665 ὥραις
2782 1594 2846 1648 δ’.

2204 1682 2311 1735 Τοῦ
2336 1682 2392 1735 δὲ
2422 1685 2710 1758 Κρατῆρος
2724 1685 2988 1752 δύνοντος,
3011 1689 3402 1759 συγκαταδύνει
3434 1690 3534 1763 μὲν
3556 1693 3693 1765 αὐτῷ

2133 1776 2163 1828 6
2195 1774 2458 1840 ζωδιακὸς
2480 1777 2587 1830 61:6
2608 1779 2882 1850 Καρκίνου
2912 1782 3021 1851 μοί.
3063 1789 3113 1835 α’
3144 1785 3237 1838 καὶ
3261 1791 3310 1838 κ’
3331 1784 3440 1848 ἕως
3477 1785 3691 1851 Λέοντος

2138 1873 2205 1937 ιγ’
2233 1868 2404 1939 μέσης
2426 1885 2440 1898 ο
2470 1874 2790 1941 μεσουρανεῖ
2809 1872 2867 1925 δὲ
2886 1873 2996 1927 61:6
3021 1874 3116 1928 τού
3135 1875 3404 1948 Σκορπίου
3434 1875 3502 1947 ιβ’
3532 1877 3693 1949 μέσης

2131 1957 2237 2021 ἕως
2269 1958 2499 2023 Τοξότου
2527 1961 2719 2033 ἀρχῆς.
2778 1964 2888 2016 Καὶ
2919 1971 2968 2017 α’
2997 1966 3094 2036 μὲν
3137 1967 3314 2040 ἀστὴρ
3361 1968 3512 2024 δύνει
3556 1972 3586 2023 6
3607 1969 3688 2041 βο-

2134 2050 2402 2121 ρειότερος
2426 2051 2536 2105 τῶν
2570 2054 2629 2106 ὲν
2657 2057 2725 2125 τῇ
2771 2055 2946 2125 βάσει,
2980 2057 3205 2128 ἔσχατος
3229 2060 3288 2113 δὲ
3322 2062 3353 2114 6
3383 2063 3689 2133 νοτιιὶνπρος

2131 2141 2227 2194 καὶ
2253 2144 2283 2194 6
2305 2142 2637 2215 βορειότερος
2660 2145 2769 2199 τῶν
2794 2148 2854 2200 ἑν
2896 2148 2974 2220 τῷ
3006 2150 3175 2203 κύτει.
3211 2151 3615 2223 Μεσουρανοῦσι
3633 2153 3687 2207 δὲ

2128 2230 2238 2285 τῶν
2266 2232 2437 2287 ἄλλων
2473 2235 2715 2306 ἀστέρων
2746 2237 2803 2291 ὲν
2838 2238 2980 2311 ἀρχῇ
3017 2241 3115 2311 μὲν
3149 2240 3243 2295 τοῦ
3276 2244 3549 2316 Σκορπίου
3586 2248 3613 2299 6
3639 2253 3687 2313 γ’

2129 2326 2224 2379 καὶ
2253 2326 2283 2377 6
2308 2332 2349 2377 ε’
2382 2325 2670 2396 σφόνδυλος
2696 2329 2804 2382 τῶν
2831 2332 2968 2401 μετά
3000 2332 3061 2386 τὸ
3100 2333 3313 2405 στῆθος,
3348 2335 3447 2389 καὶ
3473 2336 3567 2390 τοῦ
3604 2338 3686 2390 ἐν

2127 2415 2346 2484 γόνασιν
2381 2418 2411 2469 6
2436 2423 2486 2485 γ’
2512 2418 2620 2471 61:6
2662 2420 2757 2473 τοῦ
2808 2420 2981 2485 δεξιοῦ
3030 2422 3204 2494 ὥμου,
3245 2425 3306 2477 ὲν
3332 2425 3411 2497 τῷ
3460 2427 3685 2499 βραχίονι

2127 2507 2395 2577 κείμενος,
2430 2510 2836 2581 προηγούμενος
2860 2514 2919 2566 δὲ
2945 2512 3039 2566 τοῦ
3068 2516 3446 2587 μεσημϐρινοῦ
3477 2519 3552 2583 ὡς
3570 2521 3685 2590 ἡμι-

2126 2600 2319 2669 πήχιον
2340 2616 2356 2632 ο
2401 2600 2625 2671 ἔσχατον
2671 2604 2729 2656 δὲ
2767 2604 2861 2657 τοῦ
2886 2621 2947 2659 τε
2983 2606 3071 2661 Ἑν
3100 2607 3322 2676 γόνασιν
3349 2612 3380 2662 6
3418 2612 3477 2662 ὲν
3502 2613 3565 2682 τῇ
3600 2614 3679 2664 ἐκ·

2126 2692 2284 2760 φύσει
2316 2691 2409 2746 τοῦ
2442 2694 2730 2767 ἀριστεροῦ
2761 2697 2958 2767 μηροῦ,
3000 2699 3095 2752 καὶ
3140 2698 3234 2752 τοῦ
3283 2701 3453 2767 Τόξου
3485 2705 3518 2773 ἠ
3549 2703 3678 2766 ἀκίς.

2123 2783 2279 2838 Δύνει
2306 2785 2363 2839 δὲ
2389 2788 2419 2839 6
2455 2787 2681 2859 Κρατὴρ
2704 2789 2762 2840 ὲν
2784 2787 2904 2860 ὥρᾳ
2926 2794 2974 2842 α’
2998 2790 3092 2842 καὶ
3118 2797 3168 2860 γ’
3204 2792 3388 2863 μέρει,

2194 2876 2300 2929 Τοῦ
2340 2877 2396 2929 δὲ
2425 2878 2674 2950 Κόρακος
2699 2878 2963 2944 δύνοντος,
3007 2882 3398 2951 συγκαταδύνξι
3428 2884 3527 2954 μὲν
3547 2883 3683 2955 αὐτῷ

2124 2967 2153 3019 6
2189 2968 2449 3033 ζωδιακὸς
2480 2970 2588 3024 61:6
2617 2970 2843 3035 Λέοντος
2877 2972 2960 3026 κθ¹
3005 2973 3117 3043 μοι.
3160 2974 3334 3047 μέσης
3374 2975 3481 3039 ἕως
3502 2975 3679 3047 Χηλῶν

2128 3066 2224 3114 ια”
2260 3065 2581 3134 μεσουρανεῖ
2604 3064 2663 3117 δὲ
2712 3064 2820 3118 ἀπὸ
2865 3063 3090 3130 Τοξότου
3123 3072 3154 3118 ι’
3187 3066 3293 3130 ἕως
3318 3066 3598 3138 Δίγόκερω
3632 3074 3680 3131 ς’

2131 3151 2321 3223 μέσης.
2348 3153 2458 3206 Καὶ
2475 3159 2524 3205 α’
2550 3154 2650 3223 μὲν
2678 3154 2852 3226 ἀστὴρ
2870 3154 3014 3209 δύνει
3041 3158 3071 3209 6
3090 3159 3149 3211 ὲν
3166 3161 3279 3221 τοῖς
3301 3159 3566 3223 ὀπισθίοις
3587 3176 3678 3229 μη-

2129 3246 2260 3315 ροῖς,
2301 3244 2523 3314 ἔσχατος
2547 3244 2606 3298 δὲ
2631 3247 2660 3299 6
2686 3246 2949 3318 ἑπόμενος
2978 3247 3084 3301 τῶν
3111 3249 3170 3302 ὲν
3195 3252 3262 3319 τῇ
3294 3249 3527 3321 κεφαλῇ.
3547 3251 3677 3303 Μεσ-

2123 3334 2407 3405 ουρανηῦσι
2429 3335 2486 3388 δὲ
2507 3336 2617 3388 τῶν
2651 3336 2823 3390 ἄλλων
2851 3338 3095 3410 ἀστέρων
3131 3340 3192 3393 ἐν
3217 3340 3316 3411 μὲν
3334 3343 3403 3412 τῇ
3431 3341 3568 3413 ἀρχῇ
3589 3339 3675 3394 τού

2123 3425 2423 3497 Δράκοντος
2445 3429 2474 3481 6
2493 3428 2552 3480 ὲν
2575 3427 2652 3499 τῷ
2669 3429 2906 3501 χάσματι
2930 3431 3339 3503 προηγούμενος
3358 3434 3455 3486 τοῦ
3481 3450 3674 3505 μεσημ-

2125 3517 2310 3590 ϐρινοῦ
2337 3518 2414 3583 ὡς
2441 3521 2738 3591 ήμιπήχιον
2760 3560 2776 3586 ,
2819 3522 2914 3575 καὶ
2943 3522 3037 3578 τοῦ
3071 3524 3160 3577 Ἐν
3187 3525 3457 3592 γόνασινδ
3477 3526 3675 3595 ἀριστε-

2126 3609 2217 3680 ρὸς
2260 3608 2470 3677 ἀγκὼν,
2508 3612 2916 3683 προηγούμενος
2978 3614 3056 3678 ὥς
3099 3617 3401 3688 ήμιπήχιον
3448 3617 3539 3672 τοῦ
3583 3633 3668 3687 με·

2122 3703 2421 3774 σημδρινοῦ
2445 3722 2461 3735 ·
2490 3704 2711 3776 ἔσχατον
2739 3707 2798 3761 δὲ
2829 3707 2923 3761 τοῦ
2959 3707 3260 3779 Δράκοντος
3293 3708 3405 3763 τῶν
3447 3712 3506 3763 ὲν
3539 3711 3599 3779 τῇ
3626 3711 3669 3760 α’

2122 3797 2324 3870 σπείρᾳ
2353 3797 2519 3869 τριῶν
2538 3798 2801 3869 λαμπρῶν
2827 3801 2857 3853 6
2881 3800 3179 3871 ἡγούμενος
3197 3799 3412 3853 καὶτοῦ
3442 3799 3668 3871 Ὄρνιθος

2120 3884 2151 3936 6
2180 3884 2239 3937 ὲν
2274 3884 2419 3957 ἄκρᾳ
2448 3888 2515 3957 τῇ
2541 3885 2691 3957 δεξιᾷ
2736 3887 2984 3959 πτέρυγι,
3026 3888 3218 3959 μικρὸν
3260 3888 3666 3959 ὑπολειπόμενος

2125 3972 2222 4028 τοῦ
2250 3976 2618 4047 μεσημϐριωῦ
2640 3993 2656 4009 ο
2686 3978 2780 4032 καὶ
2808 3978 2901 4032 τοῦ
2950 3978 3158 4032 Ὀῖστοῦ
3183 3978 3215 4031 6
3246 3979 3343 4033 ἐπὶ
3365 3980 3467 4049 τῆς
3481 3979 3659 4040 ἀκίδος·

2128 4066 2222 4119 καὶ
2240 4066 2336 4119 τοῦ
2358 4068 2638 4140 Δίγόκερω
2664 4071 2693 4123 6
2715 4068 3029 4142 νοτιιὶηερος
3055 4070 3164 4125 τῶν
3193 4073 3253 4125 ὲν
3277 4070 3359 4142 τῷ
3389 4071 3660 4144 προσώπῳ.

2125 4153 2281 4210 Δύνει
2302 4156 2361 4211 δὲ
2388 4158 2449 4211 τὸ
2475 4158 2673 4231 Θηρίον
2704 4162 2764 4216 ὲν
2793 4161 2963 4234 ὥραις
2984 4162 3124 4219 δυσί.

1504 4250 1706 4308 Desunt
1732 4254 1817 4309 hic
1843 4260 2108 4318 asterismi
2139 4264 2393 4324 Centauri
2415 4280 2465 4325 et
2493 4270 2666 4328 Ferat.

536 4352 622 4410 Vl.
664 4357 772 4413 Ara
808 4358 1092 4417 occidente
1140 4362 1396 4423 zodiacus
1435 4380 1468 4422 a
1506 4366 1704 4426 Leonis
1732 4372 1908 4428 media
1949 4374 2016 4430 i9

2189 4386 2281 4451 εἷ’.
2316 4383 2422 4439 Τοῦ
2470 4386 2529 4440 δὲ
2570 4387 2938 4462 Θυμιατηρίου
2986 4391 3252 4461 δύνοντος,
3289 4392 3656 4464 συγκαταδύνει

464 4447 532 4502 ad
569 4448 858 4506 Chelarum
897 4453 930 4508 9
965 4454 1355 4524 absconditur;
1396 4460 1712 4517 culminata
1736 4461 2016 4534 Sagittarii

462 4540 499 4596 5
526 4542 593 4597 ad
621 4540 938 4615 Capricorni
982 4547 1216 4604 mediam
1255 4550 1306 4605 9.
1336 4549 1517 4607 Prima
1564 4553 1765 4610 occidit
1803 4564 2018 4612 austra-

462 4630 567 4687 lior
593 4649 776 4690 earum
806 4652 927 4706 qua:
967 4638 1022 4694 in
1057 4642 1319 4713 margine,
1358 4645 1655 4716 eademque
1692 4648 1896 4719 dupla;
1936 4649 2020 4705 ul-

462 4723 594 4779 tima
624 4724 896 4783 borealior
922 4744 1110 4786 earum
1136 4748 1258 4803 qua:
1287 4734 1343 4788 in
1375 4735 1516 4791 basi.
1535 4737 1849 4795 Culminant
1880 4742 2016 4795 alia-

463 4827 584 4869 rum
631 4817 908 4874 stellarum
950 4819 1106 4876 initio
1156 4823 1375 4894 quidem
1426 4826 1630 4894 lucida,
1675 4845 1797 4901 qua:
1837 4840 1921 4887 est
1962 4832 2017 4888 in

463 4904 687 4963 sinistro
717 4907 1017 4979 lngeniculi
1061 4912 1285 4980 femore,
1325 4922 1381 4970 et
1421 4918 1597 4973 media
1642 4935 1853 4986 earum,
1896 4938 2019 4993 quae

463 5004 595 5051 sunt
627 4999 684 5053 in
718 5013 850 5054 arcu
893 5001 1172 5073 Sagittarii
1206 5023 1221 5057 :
1254 5007 1445 5062 ultima
1478 5010 1782 5068 lucidarnm
1810 5029 1931 5086 quae
1960 5018 2017 5072 in

464 5087 691 5156 genibus
716 5093 1026 5151 australior.
1057 5095 1389 5155 OcciditAra
1420 5101 1632 5161 duabus
1655 5106 1805 5162 horis
1836 5114 1890 5163 et
1912 5108 2013 5167 10'.

534 5372 768 5441 Quando
792 5372 967 5433 Piscis
994 5380 1248 5437 australis
1272 5382 1494 5449 occidit,
1524 5399 1648 5440 cum
1685 5400 1751 5442 eo
1787 5386 2019 5446 descen-

465 5462 542 5519 dit
572 5464 831 5520 zodiacus
863 5481 893 5521 a
921 5466 1194 5538 Sagittarii
1220 5479 1375 5541 parte
1403 5473 1474 5529 24
1497 5476 1563 5529 ad
1597 5474 1917 5546 Capricorni
1947 5477 2019 5537 18

467 5553 702 5609 mediam
726 5568 742 5619 ;
776 5554 1037 5612 culminat
1064 5573 1095 5613 a
1121 5558 1357 5618 Piscium
1389 5563 1423 5617 '5
1456 5564 1523 5619 ad
1550 5563 1752 5620 Arietis
1779 5565 1834 5621 2.
1856 5564 2015 5621 Prior

465 5642 670 5702 occidit
703 5644 880 5717 stella,
908 5648 1229 5719 lucidarum,
1273 5670 1394 5728 quae
1430 5655 1487 5713 in
1525 5657 1700 5713 cauda
1743 5668 1889 5726 sunt,
1918 5674 2015 5717 au-

2122 4474 2221 4545 μὲν
2245 4476 2275 4528 6
2301 4475 2561 4543 ζωδιακὸς
2584 4480 2690 4535 ἀπὸ
2724 4482 2950 4548 Λέοντος
2987 4484 3052 4539 ιϐ’
3095 4484 3206 4555 μοί.
3240 4486 3415 4559 μέσης
3440 4488 3537 4551 ἓως
3558 4486 3657 4554 Χη-

2116 4565 2223 4620 λῶν
2251 4567 2297 4621 θ’
2314 4584 2328 4595 ·
2364 4576 2685 4642 μεσουρανεῖ
2706 4574 2763 4628 δὲ
2798 4575 2905 4630 61:6
2929 4575 3153 4641 Τοξότου
3196 4583 3238 4629 ε’
3266 4577 3374 4643 ἕως
3402 4578 3655 4647 Δίγόκερω

2117 4658 2164 4712 θ’
2198 4659 2389 4733 μέσης.
2418 4663 2525 4716 Καὶ
2559 4664 2771 4737 πρῶτος
2802 4666 2900 4738 μὲν
2927 4667 3099 4739 ἀστὴρ
3129 4668 3276 4721 δύνει
3304 4671 3333 4722 6
3365 4668 3651 4736 νοτιώτερος

2115 4751 2223 4806 τῶν
2259 4754 2317 4807 ὲν
2347 4752 2425 4825 τῷ
2448 4755 2611 4825 χείλει
2650 4758 2744 4811 καὶ
2771 4757 2988 4831 διπλοῦς
3009 4776 3024 4790 ·
3059 4759 3283 4830 ἔσχατος
3314 4761 3371 4815 δὲ
3417 4763 3445 4815 6
3470 4758 3649 4831 βορειό-

2113 4860 2273 4916 τερος
2298 4843 2405 4898 τῶν
2427 4846 2485 4899 ὲν
2509 4849 2574 4919 τῇ
2599 4848 2769 4918 βάσει.
2813 4849 3216 4921 Μεσουρανοῦσι
3260 4850 3320 4904 δὲ
3360 4850 3469 4904 τῶν
3498 4849 3648 4904 ἄλλων

2114 4933 2359 5004 ἀστέρων
2392 4936 2449 4987 ἐν
2476 4934 2573 5005 μὲν
2602 4939 2665 5007 τῇ
2693 4938 2831 5009 ἀρχῇ
2858 4937 2950 4991 τοῦ
2979 4955 3037 4992 τε
3082 4939 3168 4990 Ἐν
3195 4939 3418 5007 γόνασιν
3448 4940 3475 4992 6
3510 4939 3560 4991 έν
3580 4933 3647 5005 τῷ

2115 5023 2387 5096 ἀριστερῷ
2415 5026 2573 5097 μηρῷ
2604 5025 2875 5099 λαμπρὸς,
2909 5029 3003 5083 καὶ
3046 5028 3140 5081 τοῦ
3172 5028 3402 5095 Τοξότου
3441 5029 3469 5081 6
3508 5026 3646 5097 μέσος

2112 5114 2221 5168 τῶν
2248 5116 2305 5167 ὲν
2332 5115 2411 5186 τῷ
2440 5115 2577 5187 τόξῳ
2595 5133 2608 5147 ·
2646 5116 2868 5189 ἔσχατον
2903 5118 2959 5171 δὲ
2986 5118 3079 5172 τοῦ
3111 5121 3392 5191 Αίγόκερω
3434 5120 3462 5172 6
3485 5115 3645 5171 νοτιὼ·

2112 5221 2269 5277 τερος
2291 5207 2399 5259 τῶν
2424 5208 2482 5259 έν
2517 5211 2628 5270 τοῖς
2654 5210 2842 5277 γόνασι
2877 5210 3159 5283 λαμπρῶν.
3194 5211 3348 5265 Δύνει
3379 5211 3435 5264 δὲ
3465 5210 3521 5264 τὺ
3553 5209 3647 5263 Θυ-

2115 5297 2402 5368 μιατήριον
2423 5298 2481 5349 ὲν
2508 5297 2677 5369 ὥραις
2701 5298 2746 5369 β’
2781 5302 2874 5354 καὶ
2903 5306 2957 5366 ς’
2983 5301 3161 5372 μέρει.

2122 5428 2130 5434 .
2187 5387 2354 5441 Ὅταν
2384 5387 2441 5442 δὲ
2477 5388 2507 5441 6
2552 5389 2724 5454 νότιος
2757 5391 2928 5462 ’ἰχθὺς
2971 5391 3120 5465 δύνῃ,
3156 5395 3534 5461 συγκαταδύνει
3556 5388 3645 5461 μὲν

2110 5476 2258 5547 αὐτῷ
2294 5480 2323 5531 6
2371 5477 2633 5543 ζωδιακὸς
2680 5481 2790 5535 ἀπὸ
2840 5480 3063 5549 Τοξότου
3107 5482 3218 5554 μοί.
3262 5484 3307 5538 δ’
3340 5486 3433 5539 καὶ
3470 5489 3514 5537 κ’
3550 5481 3646 5540 ἕως

2110 5568 2391 5641 Δίγόκερω
2416 5577 2486 5641 ιη’
2510 5571 2709 5642 μέσης·
2736 5575 3129 5645 μεσουρανεῖδὲ
3159 5576 3268 5631 ἀπὸ
3305 5578 3510 5649 Ἰχθύων
3538 5573 3641 5645 μοί.

2111 5667 2160 5731 γ’
2186 5659 2290 5733 ἕως
2328 5664 2498 5736 Κριοῦ
2534 5664 2647 5736 μοί.
2790 5666 2899 5720 Καὶ
2936 5674 2985 5721 α’
3021 5668 3121 5741 μὲν
3158 5670 3334 5745 ἀστὴρ
3357 5669 3649 5727 δύνειδνι-
