3800 6334
96 355 210 412 1117

1024 354 1393 412 HIPPARCHI
1434 356 1525 411 AD
1560 355 2009 412 PHJENOMENA
2044 354 2173 410 LIB.
2214 355 2306 411 III.

3155 341 3293 420 ius

93 467 320 538 τιώτερος
345 465 459 520 τῶν
495 467 553 521 ἐν
590 470 657 540 τῇ
686 468 823 540 οὐρᾷ
842 470 1129 543 λαμπρῶν,
1173 472 1396 545 ἔσχατος
1433 473 1491 526 δὲ
1526 475 1554 527 6
1579 473 1636 526 ὲν

1744 470 2006 536 stralior;
2049 468 2242 522 ultima
2284 482 2433 531 vero,
2468 466 2803 523 lucidissima
2836 467 3021 524 rostri.
3059 467 3138 524 Ex
3169 471 3292 527 aliis

91 559 156 629 τῷ
180 557 363 630 ῥύγχει
400 557 651 629 λαμπρὸς
685 560 908 632 σφόδρα.
954 562 1293 634 Μεσουρανεῖ
1320 563 1377 616 δὲ
1407 563 1515 616 τῶν
1544 563 1637 616 ἀλ-

91 653 180 703 λων
205 652 448 721 ἀστέρων
478 653 534 704 ὲν
568 653 707 723 ἀρχῇ
753 652 851 721 μὲν
890 652 1001 706 τῶν
1027 653 1241 724 Ἰχθύων
1273 654 1367 707 τοῦ
1393 654 1636 708 νοτιωτέ-

90 757 170 810 pou
194 742 219 793 6
242 741 296 793 ὲν
321 741 472 812 ἄκρᾳ
493 744 559 812 τῇ
584 744 719 814 οὐρᾷ
735 759 748 772 ·
780 742 1003 814 ἔσχατον
1037 745 1093 798 δὲ
1117 745 1218 815 τῆς
1254 763 1314 799 τε
1355 747 1637 817 Ἀνδρομέ-

90 830 168 893 δας
186 834 211 884 ὁ
237 833 529 904 ἀριστερὸς
561 834 715 899 ποῦς,
742 836 836 888 καὶ
870 835 964 889 τοῦ
992 837 1162 909 Κριοῦ
1182 840 1211 891 6
1250 838 1412 909 μέσος
1441 837 1549 892 τῶν
1575 840 1635 893 ὲν

89 925 142 992 τῇ
169 922 397 994 κεφαλῇ,
427 926 519 978 καὶ
543 925 636 978 τοῦ
664 927 722 979 ἐν
754 926 831 998 τῷ
876 930 1044 999 Κήτει
1070 929 1469 1002 τετραπλεύρου
1496 932 1525 983 ὀ
1549 946 1636 983 νο-

88 1011 319 1086 τιὼτερος
356 1016 467 1070 τῶν
503 1017 802 1088 ἑπομένων.
842 1020 999 1074 Δύνει
1040 1020 1098 1074 δὲ
1130 1023 1159 1075 6
1194 1022 1365 1093 Ἰχθὺς
1414 1024 1472 1077 ἐν
1516 1023 1636 1095 ὥρᾳ

88 1108 125 1159 α’
147 1101 230 1153 καὶ
256 1102 296 1155 δ’
326 1121 552 1175 πεμπτη
561 1107 786 1177 μορίοις.

145 1192 239 1246 Τοῦ
269 1193 326 1247 δὲ
350 1196 566 1266 Κήτους
592 1196 856 1263 δύνοντος,
886 1201 1274 1267 συγκαταδύνει
1304 1203 1400 1272 μὲν
1427 1201 1573 1273 αύτῷ
1605 1203 1637 1255 6

88 1280 326 1347 ζωδιακὸς
365 1285 475 1338 ἀπὸ
520 1286 802 1358 ’Υδροχόου
852 1288 962 1360 μοί.
1006 1296 1058 1361 η’
1104 1292 1196 1345 καὶ
1232 1298 1279 1345 κ’
1317 1292 1487 1363 μέσης
1528 1291 1634 1355 ἕως

86 1370 237 1441 Κριοῦ
262 1373 322 1425 ιδ’
348 1391 362 1403 '
406 1380 731 1447 μεσουρανεί
755 1377 809 1430 δὲ
839 1378 947 1431 ἀπὸ
995 1380 1208 1453 Ταύρου
1249 1381 1356 1452 μοί.
1391 1380 1434 1451 β’
1467 1381 1560 1435 καὶ
1584 1386 1632 1434 κ’

85 1459 173 1524 ἕως
203 1463 479 1534 Καρκίνου
510 1466 619 1536 μοί.
674 1473 732 1519 ιε’
764 1468 958 1538 μέσης.
994 1470 1102 1522 Καὶ
1143 1478 1189 1524 α’
1224 1472 1322 1541 μὲν
1349 1471 1519 1543 ἀστὴρ
1544 1470 1631 1525 δύο

84 1569 178 1605 νειν
208 1554 435 1625 ἄρχεται
470 1556 498 1607 6
537 1556 852 1629 v0:ttb:sp0;
877 1559 985 1614 τῶν
1027 1564 1086 1615 ὲν
1117 1565 1183 1634 τῇ
1214 1563 1371 1635 οὐρᾷ,
1409 1563 1634 1634 ἔσχατος

81 1642 129 1695 δὲ
149 1644 174 1695 6
208 1645 475 1716 ἑπόμενος
494 1645 603 1700 τῶν
628 1647 686 1700 ὲν
722 1649 800 1720 τῷ
835 1648 1028 1722 βορείῳ
1065 1651 1293 1724 χελυνίῳ
1320 1654 1386 1706 ⁹¹.
1416 1655 1637 1707 Μεσου-

83 1735 279 1804 ρανοῦσι
305 1737 366 1790 δὲ
404 1737 519 1791 τῶν
556 1738 731 1794 ἄλλων
764 1741 1007 1812 ἀστέρων
1045 1744 1103 1795 ὲν
1144 1744 1240 1815 μὲν
1270 1747 1335 1815 τῇ
1364 1745 1503 1816 ἀρχῇ
1537 1742 1632 1797 τοῦ

1734 560 1904 616 stellis
1929 559 2250 624 culminant,
2284 558 2459 623 initio,
2492 573 2614 628 quae
2646 565 2732 614 est
2762 558 2817 613 in
2851 569 3092 614 extrema
3118 561 3293 616 cauda

1737 652 2086 707 australioris
2122 649 2403 717 Piscium;
2454 658 2751 720 postremo,
2791 649 3153 707 Andromeda:
3196 666 3296 722 pes

1733 744 1955 799 sinister
1986 761 2003 811 ;
2042 750 2097 799 et
2128 741 2304 797 media
2329 756 2538 806 earum,
2573 756 2693 812 quae
2723 742 2778 796 in
2807 743 2983 812 capite
3015 751 3144 799 sunt
3181 745 3295 797 An-

1731 834 2025 899 dromedae,
2061 839 2115 889 et
2140 833 2409 897 laterculi,
2447 831 2593 902 quod
2630 840 2715 888 est
2744 833 2799 887 in
2821 833 2975 899 Ceto,
2999 836 3294 893 succeden-

1731 925 1867 981 tium
1894 924 2206 981 australior.
2234 922 2446 981 Occidit
2472 923 2649 981 Piscis
2671 924 2805 980 liora
2829 926 2880 992 1,
2901 927 2985 982 48¹

1796 1205 2091 1268 Occidente
2136 1204 2304 1276 Octo;
2329 1226 2454 1268 cum
2496 1226 2563 1268 eo
2604 1211 2885 1268 descendit
2922 1213 3178 1270 zodiacus
3222 1214 3292 1270 ab

1730 1303 1954 1373 Aquarii
1992 1310 2145 1373 parte
2173 1302 2244 1357 23
2276 1301 2453 1358 media
2493 1302 2559 1358 ad
2589 1302 2789 1360 Arietis
2823 1304 2922 1370 16;
2969 1305 3230 1359 culminat
3260 1320 3292 1359 a

1732 1395 1896 1450 Tauri
1934 1394 2006 1449 22
2038 1393 2106 1449 ad
2146 1394 2341 1450 Cancri
2382 1395 2449 1450 15
2505 1395 2757 1451 mediam.
2798 1395 3059 1453 Occidere
3105 1398 3295 1468 incipit

1732 1485 2028 1539 australior
2052 1501 2238 1543 earum
2283 1503 2405 1558 qua:
2433 1495 2562 1542 sunt
2593 1487 2649 1541 in
2680 1486 2854 1540 cauda
2880 1504 2894 1554 ;
2936 1488 3122 1542 ultima
3169 1503 3292 1543 suc-

1732 1575 1930 1631 cedens
1956 1576 2009 1630 in
2034 1577 2238 1634 boreali
2271 1593 2515 1634 convexo
2536 1579 2693 1651 136
2709 1580 2863 1652 tergi.
2882 1578 3200 1635 Culminant
3222 1595 3290 1635 ex

1733 1668 1854 1724 aliis
1895 1670 2090 1737 stellis,
2123 1670 2281 1726 initio
2321 1670 2562 1742 quidem,
2607 1672 2899 1728 australior
2943 1686 3130 1727 earum
3171 1687 3295 1743 qua:

1734 1770 1860 1815 sunt
1892 1761 1948 1816 in
1980 1762 2198 1835 Auriga:
2221 1765 2400 1835 capite
2426 1771 2481 1819 et
2508 1763 2702 1820 dextro
2738 1764 2895 1835 pede,
2922 1764 3112 1817 ultima
3142 1778 3291 1829 vero,

80 1845 129 1883 τε
165 1830 405 1901 Ἡνιόχου
435 1833 464 1883 6
488 1831 803 1904 νοτιώτερος
839 1834 947 1888 τῶν
979 1836 1037 1887 ὲν
1058 1838 1122 1906 τῇ
1158 1836 1365 1907 κεφαλῇ
1397 1836 1490 1890 καὶ
1520 1838 1553 1889 6
1573 1838 1634 1890 ὲν

1744 1853 1912 1908 lucida
1951 1869 2074 1925 qua:
2102 1862 2187 1912 est
2237 1856 2293 1910 in
2320 1855 2697 1913 anterioribus
2735 1856 2990 1911 cruribus
3029 1854 3201 1921 Ursae,
3239 1864 3299 1913 et

169 1917 322 1989 δεξιῷ
352 1917 495 1983 ποδὶ,
532 1918 758 1990 ἔσχατος
790 1921 847 1974 δὲ
891 1923 987 1994 τῆς
1017 1940 1077 1976 τε
1110 1925 1342 1996 Ἄρκτου
1366 1926 1395 1977 6
1428 1927 1485 1978 ὲν
1520 1928 1631 1989 τοῖς

79 2009 416 2081 ἐμπροσθίοις
440 2009 653 2064 σκέλεσι
684 2011 954 2085 λαμπρὸς,
999 2015 1093 2067 καὶ
1131 2016 1230 2086 τῆς
1269 2015 1494 2088 Ἀργοῦς
1518 2017 1547 2069 6
1573 2017 1633 2070 ὲν

81 2101 211 2170 μέσῳ
259 2100 373 2154 τῶν
422 2101 617 2173 τοίχων
664 2101 934 2176 λαμπρὸς,
964 2105 1368 2177 προηγούμενος
1404 2106 1498 2160 τοῦ
1538 2123 1635 2178 με-

79 2193 362 2266 σημϐρινοῦ
385 2194 462 2257 ὡς
502 2195 819 2266 ἡμιπήχιον.
857 2197 1011 2251 Δύνει
1030 2199 1086 2251 δὲ
1107 2198 1167 2252 :6
1185 2198 1366 2270 Κῆτος
1384 2201 1441 2254 ὲν
1463 2198 1636 2272 ὥραις

75 2282 109 2336 δ’
136 2285 444 2350 λειπούσαις
478 2286 527 2357 η’
559 2286 734 2358 μέρει.

135 2376 233 2429 Τοῦ
260 2377 319 2431 δὲ
352 2376 607 2449 Ὠρίωνος
633 2376 898 2443 δύνοντος.
938 2381 1325 2449 συγκαταδύνει
1357 2382 1456 2454 μὲν
1486 2381 1637 2454 αὐτῷ

75 2467 99 2525 ὁ
126 2465 380 2533 ζωδιακὸς
413 2467 522 2523 ἀπὸ
547 2468 759 2540 Ταύρου
788 2471 899 2540 μοί.
935 2471 979 2535 ζ’
1012 2472 1117 2536 ἕως
1163 2474 1376 2545 Ταύρου
1420 2474 1530 2544 μοί.
1566 2473 1630 2527 λ”

79 2559 465 2630 μεσουρανεῖδὲ
498 2561 605 2615 ἀπὸ
652 2563 880 2626 Λέοντος
933 2564 1044 2634 μοί.
1092 2563 1157 2634 ιβ’
1203 2564 1307 2627 ἕως
1357 2564 1633 2637 Παρθένου

76 2650 172 2719 μοί.
210 2658 293 2720 ιγ’.
328 2652 442 2706 Καὶ
483 2660 532 2705 α’
569 2653 668 2724 μὲν
698 2654 872 2725 ἀστὴρ
898 2653 1041 2709 δύνει
1079 2657 1108 2709 6
1144 2658 1202 2712 ἐν
1239 2656 1317 2727 τῷ
1362 2656 1635 2731 ἀριστερῷ

75 2738 199 2803 ποδὶ,
227 2740 448 2813 ἔσχατοι
472 2740 528 2794 δὲ
551 2744 598 2796 οἱ
622 2741 951 2815 βορειότατοι
972 2743 1080 2797 τῶν
1106 2746 1162 2798 ὲν
1190 2745 1268 2816 τῷ
1303 2747 1631 2820 κολλορόϐῳ.

72 2829 471 2904 Μεησουρανοῦσι
490 2834 548 2888 δὲ
572 2834 679 2889 τῶν
706 2836 879 2890 ἀλλων
904 2837 1149 2907 ἀστέρων
1180 2839 1237 2891 ὲν
1267 2840 1366 2910 μὲν
1390 2844 1457 2912 τῇ
1493 2843 1633 2914 ἀρχῇ

71 2920 160 2990 τῆς
186 2925 427 2996 μεγάλης
458 2926 692 2997 Ἄρκτου
722 2928 751 2980 6
779 2928 836 2980 ὲν
874 2932 987 2993 τοῖς
1005 2928 1270 2994 ὀπισθίοις
1299 2931 1508 2999 γόνασι,
1542 2935 1636 2987 καὶ

70 3011 155 3067 τοῦ
178 3015 406 3081 Λέοντος
427 3016 458 3069 6
485 3017 593 3071 61:6
624 3019 774 3073 νότου
805 3020 883 3091 τῷ
911 3021 1005 3074 ἐπὶ
1038 3021 1137 3093 τῆς
1178 3023 1375 3092 ὀσφύος
1400 3022 1636 3096 λαμπρῷ

71 3107 499 3215 παρακείμενος,
534 3108 758 3181 ἔσχατος
803 3111 859 3165 δὲ
900 3115 1000 3184 τῆς
1031 3113 1306 3185 Παρθένου
1350 3115 1380 3168 6
1429 3115 1637 3187 βορειό-
1665 3158 1713 3222 c

69 3211 213 3267 τερος
238 3193 412 3271 ὦμος.
449 3200 607 3255 Δύνει
654 3202 710 3256 δὲ
748 3205 777 3257 6
820 3203 1013 3276 Ὠρίων
1059 3206 1119 3259 ἐν
1161 3204 1335 3278 ὥραις
1375 3207 1527 3263 δυσὶν
1563 3209 1640 3275 ὥς

71 3285 304 3357 ἔγγιστα.

135 3384 295 3440 Ὅταν
315 3385 376 3439 δὲ
404 3387 435 3440 6
466 3385 576 3441 61:6
605 3385 696 3441 τοῦ
741 3386 991 3459 Ὠρίωνος
1019 3387 1270 3459 Ποταμὸς
1314 3389 1469 3465 δύνῃ,
1509 3407 1645 3463 συγ-

69 3476 343 3531 καταδύνει
373 3478 474 3549 μὲν
501 3478 649 3549 αὐτῷ
689 3480 717 3532 6
749 3478 1010 3545 ζωδιακὸς
1044 3480 1151 3534 ἀπὸ
1183 3480 1401 3551 Ἰχθύων
1440 3482 1550 3554 μοί.
1594 3483 1641 3549 ζ’

71 3564 167 3630 ἕως
201 3568 418 3641 Ταύρου
473 3569 585 3641 μοί.
631 3576 672 3623 ε’
712 3570 911 3642 μέσης·
951 3575 1276 3643 μεσουρανεῖ
1313 3572 1370 3626 δὲ
1412 3574 1521 3628 ἀπὸ
1551 3576 1642 3629 Δι-

69 3657 243 3730 δύμων
289 3662 330 3715 δ1
359 3661 467 3727 ἕως
517 3662 743 3727 Λέοντος
779 3669 810 3715 ι’
861 3665 1051 3734 μέσης.
1094 3665 1204 3718 Καὶ
1256 3671 1305 3718 α’
1334 3666 1432 3736 μὲν
1468 3666 1643 3740 ἀστὴρ

69 3748 204 3806 δύνει
226 3755 256 3806 6
287 3753 591 3826 ἡγούμενος
616 3755 712 3808 καὶ
739 3753 1120 3826 λαμπρότατος
1154 3756 1395 3821 πάντων,
1418 3756 1644 3828 ἔσχατος

68 3840 121 3907 δὲ
150 3845 180 3897 6
212 3852 282 3911 α’,
315 3845 410 3899 καὶ
443 3844 553 3898 ἀπὸ
599 3845 943 3917 μεσημϐρίας
974 3845 1375 3917 παρακείμενος
1402 3848 1482 3919 τῷ
1523 3845 1645 3901 ποδὶ

69 3934 155 3987 τοῦ
195 3936 473 4009 Ὠρίωνος.
508 3935 915 4009 Μεσουρανοῦσι
964 3936 1022 3990 δὲ
1052 3936 1161 3990 τῶν
1192 3936 1363 3991 ἄλλων
1396 3938 1644 4011 ἀστέρων

68 4025 124 4077 ὲν
153 4027 252 4097 μὲν
280 4030 349 4100 τῇ
377 4029 518 4100 ἀρχῇ
562 4027 659 4097 τῆς
688 4027 890 4091 δύσεως
925 4026 1033 4082 τῶν
1069 4046 1129 4081 τε
1160 4028 1405 4099 Διδύμων
1441 4032 1469 4083 6
1499 4030 1640 4102 Πρό-

70 4133 220 4183 πους,
271 4121 466 4193 μικρὸν
500 4119 923 4191 ὑπολειπόμενος
960 4118 1054 4172 τοῦ
1105 4118 1499 4192 μεσημϐρινοῦ,
1541 4121 1637 4175 καὶ

65 4207 156 4261 τοῦ
184 4209 413 4278 Λαγωοῦ
435 4210 488 4264 οί
516 4212 574 4263 ὲν
604 4210 750 4281 μέσῳ
768 4208 846 4281 τῷ
869 4208 1082 4280 σώματι
1103 4208 1170 4279 β’·
1202 4208 1427 4280 ἔσχατον
1451 4209 1511 4264 δὲ
1542 4227 1639 4282 με-

71 4298 394 4370 σούρανοῦσι
438 4297 535 4351 τοῦ
573 4314 633 4351 τε
677 4297 903 4361 Λέοντος
943 4299 972 4353 6
1016 4299 1279 4370 ἑπόμενος
1314 4299 1423 4352 τῶν
1474 4300 1532 4354 ὲν
1559 4300 1638 4373 τῷ

1731 1944 1912 2000 lucida
1957 1946 2121 2003 medii
2170 1947 2361 2004 lateris
2413 1946 2613 2019 Argus,
2655 1963 2777 2018 quae
2815 1948 3139 2004 semicubito
3185 1947 3297 2002 cir-

1732 2036 1868 2090 citer
1896 2037 2168 2092 antecedit
2206 2037 2592 2093 meridianum.
2630 2037 2844 2096 Occidit
2875 2037 3042 2096 Cetus
3063 2037 3213 2094 boris
3236 2038 3294 2106 4,

1731 2128 1915 2185 minus
1944 2136 2135 2183 octava
2155 2136 2330 2199 parte.

1804 2383 2004 2439 Orione
2049 2384 2298 2445 cadente.
2353 2397 2478 2438 cum
2523 2398 2590 2439 eo
2637 2372 2917 2440 descendit
2968 2384 3225 2441 zodiacus
3265 2400 3297 2439 a

1734 2473 1901 2529 Tauri
1949 2481 2103 2544 parte
2153 2474 2185 2527 7
2218 2473 2288 2527 ad
2338 2473 2445 2542 30;
2503 2474 2768 2530 culminat
2810 2490 2842 2530 a
2886 2474 3084 2531 Leonis
3124 2475 3190 2529 l2
3229 2476 3297 2531 ad

1734 2568 1974 2640 Virginis
2001 2568 2089 2623 15.
2123 2567 2281 2622 Prior
2310 2568 2513 2623 occidit
2546 2583 2610 2625 ea
2645 2584 2765 2639 quae
2800 2570 2957 2625 estin
2993 2571 3125 2640 pede
3165 2569 3300 2625 sini-

1736 2666 1871 2723 stro,
1924 2658 2127 2713 ultimae
2168 2673 2322 2725 vero,
2362 2672 2569 2723 earum,
2596 2673 2715 2728 quae
2743 2666 2872 2713 sunt
2911 2659 2965 2712 in
3015 2658 3298 2715 collorobo

1735 2747 1971 2801 maxime
1999 2745 2293 2801 australes.
2322 2744 2402 2799 Ex
2431 2744 2554 2798 aliis
2584 2745 2756 2800 stellis
2789 2746 3094 2801 culminant
3115 2745 3293 2811 initio,

1735 2852 1797 2893 ea
1819 2852 1938 2908 quae
1965 2843 2049 2892 est
2078 2836 2132 2890 in
2161 2833 2556 2919 posterioribus
2591 2835 2819 2906 genibus
2862 2835 3015 2893 Ursae
3050 2838 3297 2907 majoris,

1735 2939 1791 2987 et
1818 2946 1936 3002 qua:
1958 2931 2025 2984 ab
2054 2936 2242 2984 austro
2264 2926 2459 2982 lucidas
2478 2926 2712 2997 adjacet,
2741 2943 2863 2998 quae
2883 2938 2966 2985 est
2989 2930 3044 2984 in
3074 2930 3298 2994 lumbis,

1736 3032 2032 3093 postremo,
2050 3019 2324 3077 borealior
2338 3017 2578 3089 Virginis
2599 3018 2879 3077 humerus.
2898 3020 3109 3077 Occidit
3127 3019 3299 3077 Orion

1741 3115 1893 3171 boris
1923 3116 2141 3172 circiter
2171 3114 2227 3169 2.

1805 3381 1940 3439 Cum
1973 3381 2194 3440 Orionis
2225 3381 2418 3438 Fluvio
2439 3382 2700 3439 zodiacus
2736 3379 2939 3437 occidit
2968 3393 2999 3433 a
3034 3375 3300 3433 Piscium

1736 3482 1891 3547 parte
1914 3475 1944 3528 7
1966 3474 2035 3529 ad
2060 3472 2226 3530 Tauri
2258 3474 2293 3530 5
2316 3474 2544 3531 mediam
2568 3490 2583 3541 ;
2616 3472 2879 3528 culminat
2896 3487 2926 3525 a
2950 3470 3301 3527 Geminorum

1740 3568 1776 3623 4
1805 3568 1870 3622 ad
1900 3567 2100 3623 Leonis
2128 3567 2365 3623 mediam
2402 3568 2491 3624 10.
2520 3565 2679 3621 Prior
2717 3565 2921 3621 occidit
2948 3561 3300 3626 antecedens,

1744 3669 1799 3716 et
1852 3658 2189 3716 lucidissima
2238 3660 2505 3728 omnium,
2553 3657 2746 3713 ultima
2776 3672 2926 3719 vero,
2967 3670 3087 3726 quas
3128 3653 3304 3724 prima

1744 3760 1847 3820 est,
1888 3760 1943 3807 et
1975 3767 2005 3806 a
2040 3750 2271 3808 meridie
2316 3752 2530 3823 adjacet
2571 3749 2791 3808 Orionis
2822 3747 2967 3818 pedi.
3004 3746 3047 3800 E
3081 3744 3307 3815 reliquis

1746 3841 1939 3905 stellis,
1985 3856 2218 3898 occasus
2263 3841 2422 3898 initio
2465 3840 2771 3896 culminant
2802 3836 3015 3909 Propus
3051 3834 3306 3892 Gemino-

1743 3950 1886 3999 rum,
1929 3934 2206 4004 paululum
2246 3934 2385 3989 citra
2429 3933 2788 3988 meridianum
2845 3928 3076 4001 positus,
3106 3936 3159 3984 et
3203 3925 3309 3982 Le-

1743 4029 1894 4099 poris
1922 4030 1977 4084 in
1996 4029 2175 4086 medio
2199 4028 2349 4094 dum;
2371 4036 2647 4098 postremo
2670 4024 2986 4088 culminant,
3009 4020 3309 4079 succedens

1743 4120 1802 4175 in
1827 4128 1977 4191 tergo
2009 4119 2236 4185 Leonis,
2288 4127 2343 4175 et
2368 4134 2491 4189 quae
2534 4118 2590 4172 in
2619 4115 3015 4187 posterioribus
3037 4111 3192 4167 Ursae
3216 4118 3309 4181 ge-

1744 4211 1928 4276 nibus,
1961 4226 2149 4282 parum
2172 4210 2313 4266 citra
2333 4207 2694 4265 meridianum
2717 4205 2843 4263 sita.
2862 4200 3312 4261 OcciditFluvius

1744 4302 1898 4359 boris
1926 4305 1981 4369 4,
2013 4303 2119 4358 ιε’.

66 4390 241 4462 νώτῳ,
277 4391 499 4462 καὶτῆς
529 4391 764 4464 Ἀρκτου
801 4394 830 4445 6
862 4393 919 4445 ὲν
957 4395 1068 4455 τοῖς
1112 4391 1376 4457 ὀπισθίοις
1398 4396 1643 4463 γόνασιν,
1698 4395 1775 4460 ὥς
1820 4397 2120 4468 ἡμιπήχιον
2181 4394 2604 4466 ὑπολειπόμενος
2661 4393 2753 4447 τοῦ
2787 4383 3180 4465 μεσημϐρινοῦ.
3210 4382 3311 4437 Δύ-

67 4499 143 4536 νει
167 4483 227 4535 δὲ
261 4486 289 4536 6
314 4480 566 4552 Ποταμὸς
590 4482 646 4533 ἐν
672 4480 843 4551 ὥραις
870 4479 910 4533 δ’
940 4480 1033 4534 καὶ
1059 4480 1264 4551 ἡμίσει,
1297 4482 1390 4535 καὶ
1416 4488 1457 4534 ε’
1482 4483 1640 4556 μέρει
1675 4483 1844 4556 ὥρας.

132 4576 208 4628 Ζ’.
244 4572 352 4626 Τοῦ
380 4573 441 4627 δὲ
486 4570 715 4642 Λαγωοῦ
759 4571 1025 4635 δύνοντος,
1060 4571 1450 4641 συγκαταδύνει
1493 4573 1590 4645 μὲν
1620 4576 1636 4628 ὶ

1826 4575 1935 4630 Vll.
1975 4575 2269 4631 Occidente
2304 4573 2532 4644 Lepore,
2557 4571 2838 4628 descendit
2865 4586 2990 4626 cum
3030 4584 3096 4626 eo
3126 4565 3309 4622 zodia-

66 4663 333 4730 ζωδιακὸς
369 4665 479 4719 ἀπὸ
509 4664 681 4737 Κριοῦ
719 4663 829 4735 μοί.
872 4664 916 4729 ζ’
946 4663 1038 4717 καὶ
1072 4670 1119 4718 κ’
1157 4665 1328 4737 μέσης
1368 4666 1473 4729 ἕως
1511 4666 1653 4719 Ταύ-

68 4774 162 4829 ρου
196 4758 285 4811 ιδ”
323 4758 647 4829 μεσουρανεί
694 4755 752 4809 δὲ
822 4754 930 4808 ἀπὸ
981 4755 1257 4825 Καρκίνου
1305 4756 1416 4827 μοί.
1464 4756 1507 4809 λ’
1547 4756 1653 4821 ἕως

66 4849 300 4913 Λέοντος
336 4849 446 4920 μοί.
478 4853 528 4901 α’
558 4847 653 4900 καὶ
684 4853 750 4900 κ’.
789 4845 903 4900 Καὶ
936 4851 985 4901 α’
1029 4847 1127 4917 μὲν
1158 4846 1333 4919 ἀστὴρ
1365 4846 1509 4901 δύνει
1539 4848 1569 4900 6
1592 4849 1651 4901 ἰν

64 4942 178 5003 τοῖς
230 4937 593 5011 ἐμπροσθίοις
633 4938 811 5002 ποσὶν,
858 4935 1086 5007 ἔσχατος
1115 4937 1171 4990 δὲ
1220 4938 1249 4990 6
1289 4940 1347 4990 ὲν
1400 4938 1544 5011 ἄκρᾳ
1583 4942 1648 5011 τῇ

66 5033 226 5104 οὐρᾷ.
264 5029 677 5100 Μεσουρανοῦσι
714 5029 771 5082 δὲ
803 5030 911 5083 τῶν
942 5029 1114 5084 ἀλλων
1153 5030 1396 5101 ἀστέρων
1441 5033 1499 5085 ὲν
1546 5031 1646 5103 μὲν

62 5128 129 5197 τῇ
166 5126 315 5196 ἀρχῇ
364 5123 468 5193 τῆς
513 5138 575 5175 τε
599 5122 833 5192 ’Ἄρκτου
888 5119 983 5173 τοῦ
1046 5119 1291 5175 πλινθίου
1330 5122 1358 5174 6
1399 5121 1490 5173 ἐπὶ
1538 5123 1646 5176 τῶν

66 5214 239 5285 ὥμων
270 5215 461 5284 αὐτῆς,
499 5213 592 5266 καὶ
632 5210 727 5264 τοῦ
756 5210 1055 5282 Δράκοντος
1081 5213 1109 5263 6
1136 5211 1194 5263 ἐν
1225 5210 1371 5282 ἄκρᾳ
1393 5214 1457 5280 τῇ
1487 5211 1644 5282 ούρᾷ,

66 5305 161 5359 καὶ
197 5304 295 5359 τοῦ
325 5305 555 5366 Λέοντος
587 5304 616 5355 6
646 5304 704 5355 ἐν
744 5304 811 5373 τῇ
851 5301 1068 5374 καρδίᾳ,
1101 5301 1194 5355 καὶ
1224 5301 1326 5372 τῆς
1368 5302 1595 5372 Ἀργοῦς
1618 5304 1649 5355 6

68 5395 413 5467 βορειότερος
438 5395 547 5448 τῶν
576 5396 634 5452 ὲν
660 5394 727 5463 τῇ
769 5393 1039 5463 ἀποτομῇ,
1077 5390 1269 5462 μικρὸν
1303 5390 1649 5463 προηγούμε-

66 5502 158 5550 νος
194 5487 295 5539 τοῦ
330 5482 738 5556 μεσημϐρινοῦσ
772 5482 997 5554 ἔσχατον
1023 5482 1081 5536 δὲ
1117 5481 1509 5554 μεσουρανοῦσι
1550 5483 1646 5537 τοῦ

63 5593 124 5629 τε
154 5576 393 5641 Λέοντος
434 5576 464 5628 6
493 5573 739 5637 ὀπίσθιος
784 5574 919 5638 ποῦς
958 5574 1052 5628 καὶ
1091 5576 1120 5627 6
1159 5575 1217 5627 ἐν
1242 5576 1352 5637 τοῖς
1384 5574 1651 5639 ὀπισθίοις

1749 4681 1848 4722 cus
1889 4666 1958 4720 ab
1992 4665 2193 4722 Arietis
2223 4664 2294 4719 27
2318 4664 2493 4719 media
2524 4662 2591 4718 ad
2623 4660 2789 4716 Tauri
2831 4661 2938 4727 id;
2983 4658 3245 4714 culminat
3276 4671 3310 4711 a

1748 4765 1902 4831 parte
1926 4757 2123 4812 Cancri
2142 4756 2212 4813 50
2242 4756 2308 4811 ad
2348 4754 2547 4810 Leonis
2582 4753 2672 4808 2L
2699 4751 2881 4807 Prima
2904 4750 3102 4807 occidit
3129 4747 3305 4813 stella,

1747 4864 1869 4920 qua:
1924 4857 2007 4904 est
2046 4847 2104 4902 in
2152 4846 2519 4903 anterioribus
2569 4843 2836 4915 pedibus;
2881 4842 3070 4897 ultima
3104 4854 3224 4911 qua:
3251 4838 3307 4894 in

1748 4947 2088 4996 extremitate
2151 4939 2356 4994 caudae.
2409 4936 2453 4991 E
2501 4937 2674 4992 stellis
2731 4935 2960 5005 reliquis
3008 4932 3309 4988 culminant

1748 5031 1925 5095 initio,
1955 5031 2010 5084 in
2041 5028 2194 5086 Ursae
2219 5028 2504 5093 laterculo,
2526 5041 2646 5098 qua:
2673 5026 2727 5080 in
2752 5018 2997 5080 humeris
3026 5023 3170 5078 illius
3199 5028 3305 5082 est,

1751 5129 1806 5177 et
1844 5137 1964 5192 quae
2007 5121 2063 5175 in
2105 5129 2351 5176 extrema
2383 5120 2557 5176 cauda
2583 5117 2862 5181 Draconis,
2892 5115 3019 5170 item
3053 5128 3147 5170 cor
3175 5111 3310 5167 Leo-

1749 5211 1857 5278 nis,
1888 5218 1940 5266 et
1968 5226 2174 5278 earum,
2202 5226 2321 5281 quae
2348 5210 2403 5264 in
2432 5209 2595 5265 Navis
2620 5207 2983 5268 abscissione,
3014 5203 3306 5265 borcalior,

1750 5302 1970 5373 paulum
2009 5301 2337 5360 antecedens
2375 5301 2771 5366 meridianum;
2810 5303 3087 5368 postremo
3114 5293 3310 5349 culmi-

1750 5403 1883 5448 nant
1941 5393 2138 5449 Leonis
2164 5408 2259 5463 pes
2279 5392 2549 5464 posterior
2598 5399 2652 5447 et
2676 5406 2795 5462 qua:
2824 5391 2879 5444 in
2915 5385 3309 5461 posterioribus

1753 5484 2004 5538 cruribus
2039 5503 2053 5539 :
2097 5483 2225 5539 item
2271 5482 2662 5539 australissima
2702 5493 2887 5536 earum
2929 5492 3051 5549 quae
3087 5480 3214 5533 sunt
3251 5472 3310 5526 in

1751 5574 1870 5630 basi
1903 5575 2166 5632 Crateris.
2194 5574 2408 5632 Occidit
2436 5575 2615 5644 Lepus
2642 5572 2778 5627 hora
2808 5570 2863 5638 1,
2899 5570 3006 5626 20'.

66 5666 314 5730 σκέλεσι,
352 5664 451 5718 καὶ
476 5662 573 5716 τοῦ
608 5662 896 5734 Κρατῆρος
938 5665 966 5719 6
1001 5662 1318 5728 νοτιώτατος
1345 5662 1454 5718 τῶν
1490 5665 1548 5719 ὲν
1581 5666 1648 5739 τῇ
1686 5662 1863 5735 βάσει.
1903 5666 2058 5723 Δύνει
2079 5667 2135 5722 δὲ
2168 5669 2195 5722 6
2226 5666 2450 5736 Λαγωὸς
2482 5666 2540 5720 ὲν
2569 5663 2688 5736 ὥρα
2722 5662 2816 5716 καὶ
2845 5666 2893 5729 γ’
2926 5660 3101 5734 μέρει.

138 5779 188 5813 ’ί
229 5795 320 5850 γρ.
360 5776 627 5851 χελωνίῳ.
