3800 6330
482 335 624 395 HW

1477 336 1565 392 AD
1603 334 1871 392 EUSEBII
1907 334 2302 393 CIIROMCON
2339 335 2698 394 APPENDIX.

3582 344 3711 398 “‘20

550 451 847 508 Occidente
888 449 1055 513 Cane,
1107 458 1231 522 eum
1277 460 1343 505 eo
1382 448 1671 505 descendit
1719 448 1978 504 zodiacus
2011 463 2042 500 τι

2174 472 2180 488 ι
2217 449 2323 503 Τοῦ
2366 451 2422 504 δὲ
2453 451 2629 515 Κυνὸς
2660 449 2926 515 δύνοντος,
2964 452 3356 520 συγκαταδύνει
3395 452 3496 525 μὲν
3523 456 3711 526 αύτῷό

482 553 634 613 parte
676 541 842 597 Tauri
883 543 942 595 11
983 542 1048 596 ad
1085 541 1199 609 29;
1234 541 1499 596 culminat
1546 555 1578 594 a
1624 539 1825 595 Leonis
1859 539 1928 593 17
1973 539 2041 594 ad

481 629 722 702 Virginis
756 631 841 684 11.
884 628 1041 684 Prior
1090 628 1292 685 occidit
1327 629 1505 684 lucida
1543 629 1739 699 pedum
1772 629 2043 699 posterio-

484 737 644 787 rum;
673 721 863 777 ultima
896 736 1045 787 vero,
1081 721 1514 792 splendidarum,
1544 739 1667 793 quae
1696 730 1824 780 sunt
1864 723 1918 777 in
1950 738 2043 778 ea-

481 814 611 882 pite,
636 813 1063 879 australissima;
1089 813 1371 870 stellarum
1393 822 1713 869 ezeterarum
1738 814 2042 869 eulminant

421 929 427 935 -
479 905 656 967 initio,
692 904 1015 960 antecedens
1031 920 1374 976 earum,qum
1393 906 1447 960 in
1472 906 1867 976 posterioribus
1891 904 2044 962 Ursa!

480 994 747 1064 pedibus,
796 1003 852 1051 et
895 1010 1017 1066 quae
1064 996 1117 1050 in
1164 997 1363 1053 lumbis
1403 996 1601 1053 Leonis
1645 1017 1658 1053 :
1694 998 1900 1053 ultimae
1934 999 2045 1053 cul-

477 1086 706 1153 iuinant,
742 1102 975 1158 eaquae
1024 1088 1079 1142 in
1130 1089 1361 1159 pedibus
1403 1088 1607 1154 Corvi,
1647 1098 1701 1146 et
1747 1091 2044 1146 australior

477 1175 738 1232 humerus
767 1176 1008 1250 Virginis
1029 1221 1045 1247 ,
1078 1181 1215 1235 citra
1259 1180 1622 1236 meridianum
1658 1183 1798 1237 situs
1828 1183 2043 1239 duabus

476 1265 590 1323 fere
611 1270 783 1325 cubiti
815 1273 1083 1341 partibus.
1112 1271 1324 1328 Occidit
1346 1271 1512 1331 Canis
1533 1271 1876 1345 sesquihora.

544 1523 681 1578 Cum
718 1524 998 1599 Procyone
1025 1529 1304 1587 descendit
1334 1532 1592 1591 zodiacus
1626 1550 1656 1589 a
1688 1533 2040 1593 Geminorum

476 1622 631 1683 parte
679 1616 746 1672 15
769 1618 838 1674 ad
885 1619 985 1687 18;
1028 1624 1291 1679 euluiinat
1339 1627 1410 1683 ab
1458 1628 1615 1684 initio
1658 1628 1835 1686 Libra:
1872 1631 1941 1685 ad
1984 1631 2039 1689 4.

2141 538 2402 605 ζωδιακὸς
2434 542 2545 597 ἀπὸ
2587 541 2801 612 Ταύρου
2834 542 2942 614 μοι.
2992 549 3060 596 ια’
3101 543 3218 609 (Emi;
3247 543 3468 616 Ταύρου
3519 546 3627 616 μοί.
3670 546 3706 600 0'

2141 632 2236 684 xui.
2258 638 2305 685 κ’
2331 648 2346 661 °
2380 634 2703 706 μεσουρανετ
2723 632 2781 686 δὲ
2806 633 2913 686 ἀπὸ
2938 634 3165 696 Λέοντος
3194 634 3303 705 μοι.
3336 634 3403 699 ις’
3437 634 3547 699 ἕως
3573 637 3705 709 [Iap-

2143 720 2297 776 θένου
2335 731 2421 778 ια’.
2455 725 2563 778 Καὶ
2592 731 2640 778 α’
2671 725 2769 795 μὲν
2801 725 2973 797 ἀστὴρ
3002 725 3144 779 δύνει
3167 727 3197 778 6
3224 727 3281 779 ὲν
3311 728 3429 790 τοῖς
3453 728 3708 793 ὀπισθίοις

2142 812 2269 864 ποσὶ
2310 812 2582 883 λαμπρὸς,
2632 813 2859 884 ἔσχατος
2887 814 2944 866 δὲ
2970 816 2998 867 6
3030 813 3351 878 νατιιῦτατος
3401 816 3514 868 τῶν
3550 819 3608 869 ἐν
3649 823 3704 889 τῇ

2143 900 2351 972 κεφαλῇ
2380 890 2648 971 ὲκςῖανῶν.
2684 902 3090 976 Μεσουρανοῦσι
3121 904 3177 958 δὲ
3207 903 3318 958 τῶν
3353 904 3534 959 ἄλλων
3560 908 3707 961 ἀστέ-

2147 1009 2253 1064 ρων
2273 993 2331 1045 ἐν
2359 992 2459 1063 μὲν
2487 996 2553 1064 τῇ
2581 994 2720 1066 ἀρχῇ
2749 995 2848 1066 τῆς
2874 1012 2933 1048 τε
2963 996 3200 1067 ’Ἄρκτου
3218 998 3247 1050 6
3277 996 3588 1068 ἡγούμενος
3611 999 3707 1052 τῶν

2142 1084 2202 1138 ὲν
2234 1088 2346 1149 τοῖς
2377 1085 2643 1149 ὀπισθίοις
2692 1087 2837 1152 ποσὶ,
2870 1088 2966 1141 καὶ
3010 1087 3104 1141 τοῦ
3156 1089 3388 1153 Λέοντος
3420 1091 3452 1143 6
3484 1091 3578 1145 ἐπὶ
3617 1094 3707 1163 τῆς

2142 1174 2365 1244 ὀσφύος·
2393 1175 2610 1246 ἔσχατοι
2655 1176 2711 1231 δὲ
2753 1179 3141 1251 μεσουρανοῦσι
3187 1180 3282 1235 τοῦ
3316 1199 3381 1235 τε
3412 1183 3654 1254 Κόρακος
3679 1194 3704 1246 ὁ

2142 1268 2200 1320 ὲν
2227 1271 2341 1331 τοῖς
2368 1273 2516 1334 ποσὶ,
2560 1270 2656 1323 καὶ
2689 1270 2788 1341 τῆς
2837 1270 3115 1342 Παρθένου
3150 1274 3179 1325 6
3203 1271 3529 1344 νοτιώτερος
3552 1267 3707 1347 ὦμεν,

2143 1357 2563 1430 ὑπολειπόμενος
2595 1360 2689 1414 τοῦ
2729 1362 3101 1435 μεσημϐρινοῦ
3133 1362 3208 1427 ὡς
3239 1364 3283 1434 β’
3311 1363 3456 1438 μέρη
3483 1365 3704 1436 πήχεως.

2142 1448 2297 1502 Δύνει
2321 1449 2377 1503 δὲ
2405 1451 2434 1503 6
2464 1449 2624 1505 Κύων
2657 1452 2714 1504 ὲν
2740 1458 2789 1520 γ’
2821 1452 3126 1524 ήμιωριοις.

2212 1541 2318 1594 Τοῦ
2342 1542 2398 1595 δὲ
2430 1543 2701 1614 Πρόκυνος
2731 1544 2999 1609 δύνοντος,
3026 1544 3420 1614 συγκαταδύνει
3446 1544 3548 1615 μὲν
3576 1546 3707 1615 αὐτῷ

2141 1631 2170 1683 6
2195 1628 2453 1696 ζωδιακὸς
2485 1634 2593 1686 ἀπὸ
2636 1634 2881 1705 Διδύμων
2916 1634 3025 1705 μοι.
3064 1641 3122 1688 ιε’
3172 1634 3277 1700 ἕως
3311 1635 3565 1706 Διδύμων
3609 1638 3706 1707 μοί.

474 1705 631 1760 Prior
659 1709 857 1764 occidit
890 1711 1067 1777 stella,
1107 1716 1457 1783 antecedens,
1500 1727 1555 1773 et
1589 1719 1811 1790 duplex,
1847 1722 2039 1776 ultima

2154 1730 2212 1794 ιη’
2238 1740 2251 1754 ο
2297 1729 2619 1796 μεσουρανεῖ
2656 1726 2714 1780 δὲ
2758 1725 2865 1779 ἀπὸ
2900 1726 3001 1796 τῆς
3030 1726 3205 1798 ἀρχῆς
3240 1726 3349 1779 τῶν
3383 1705 3582 1799 Χηλῶν
3612 1705 3709 1791 ἕως

477 1799 798 1867 succedens,
830 1810 884 1857 et
924 1803 1123 1860 lucida.
1164 1805 1242 1862 Ex
1275 1808 1399 1863 aliis
1443 1810 1615 1866 stellis
1644 1786 1908 1867 eulminat
1939 1814 2044 1868 ini-

2154 1786 2338 1887 X'nli'ov
2371 1786 2479 1889 poi:
2507 1819 2571 1872 δ’.
2610 1819 2722 1873 Καὶ
2752 1824 2801 1871 α’
2834 1818 2933 1889 μὲν
3161 1786 3321 1872 ¹δύνει
3350 1823 3379 1874 6
3422 1786 3708 1891 ἡγούμενος

476 1890 575 1955 tio,
606 1906 793 1947 earum
824 1909 944 1966 qua:
972 1908 1101 1953 sunt
1132 1900 1186 1953 in
1219 1898 1413 1957 dextro
1446 1902 1628 1959 Bootae
1655 1905 1810 1975 pede,
1844 1906 2042 1971 media,

480 1982 640 2050 paulo
678 1984 815 2039 citra
859 1988 1220 2044 meridianum
1263 1994 1369 2047 sita
1402 2013 1415 2048 :
1446 2004 1500 2050 et
1530 1997 1804 2051 borealior
1831 2012 2041 2063 earum,

477 2087 600 2142 quae
640 2082 769 2129 sunt
815 2076 871 2132 in
909 2081 1089 2149 capite
1133 2081 1413 2149 Centauri,
1464 2080 1789 2143 semicubito
1827 2090 2046 2144 circiter

480 2166 812 2223 antecedens
843 2170 1200 2226 meridianum
1222 2192 1237 2241 ;
1264 2176 1560 2233 novissime
1582 2178 1906 2247 culminant,
1926 2198 2046 2252 qua:

479 2253 535 2308 in
568 2263 810 2313 extrema
846 2270 931 2315 est
962 2258 1115 2317 Ursa:
1140 2264 1333 2327 cauda.
1376 2268 1655 2337 paululum
1700 2271 1836 2325 citra
1888 2273 2045 2326 meri-

477 2346 700 2403 dianum
751 2352 927 2420 posita
954 2393 969 2418 ,
1002 2362 1056 2410 et
1100 2356 1371 2413 borealior
1399 2375 1609 2426 earum,
1653 2378 1775 2433 quae
1818 2374 1945 2420 sunt
1988 2366 2044 2420 in

475 2440 703 2498 sinistro
737 2444 873 2513 pede
900 2445 1084 2503 Bootae
1133 2467 1149 2504 :
1189 2448 1316 2506 item
1342 2464 1465 2521 qua:
1494 2453 1550 2507 in
1589 2464 1832 2510 extrema
1876 2455 2042 2526 Hydri

475 2532 671 2599 cauda,
718 2533 978 2593 Centauri
1023 2556 1240 2613 quoque
1283 2542 1473 2600 dexter
1506 2545 1786 2603 humerus.
1827 2548 2044 2605 Occidit

474 2620 723 2697 Procyon
747 2626 882 2683 hora
906 2631 958 2691 0,
988 2630 1091 2688 12’.

546 2907 683 2965 Cum
714 2908 861 2981 Argo
886 2910 1251 2973 descendente
1278 2888 1536 2976 zodiacus
1565 2918 1766 2975 occidit
1792 2920 1861 2975 ab
1889 2923 2046 2979 Arie-

475 3000 550 3057 tis
581 3010 738 3073 parte
772 3004 838 3059 16
877 3007 943 3063 ad
978 3008 1333 3066 Geminorum
1369 3012 1436 3067 18
1470 3031 1485 3081 ;
1514 3015 1776 3069 culminat
1805 3018 1872 3072 ab
1902 3017 2047 3072 Can-

2145 1909 2239 1963 καὶ
2263 1909 2500 1975 διπλοῦς,
2522 1909 2745 1981 ἔσχατος
2771 1909 2827 1963 δὲ
2845 1912 2873 1964 6
2897 1910 3157 1981 ἑπόμενος
3183 1911 3274 1964 καὶ
3289 1911 3356 1964 λα
3365 1912 3566 1982 μπρός.
3583 1913 3711 1965 Μεσ-

2143 2004 2364 2073 ουρανεῖ
2397 2002 2453 2056 δὲ
2491 2002 2597 2056 τῶν
2644 2001 2816 2056 ἀλλων
2855 2002 3098 2076 ἀστέρων
3132 2004 3189 2057 ὲν
3222 2003 3321 2075 μὲν
3355 2007 3423 2074 τῇ
3458 2005 3599 2075 ἀρχῇ
3627 2004 3709 2056 τοῦ

2144 2093 2356 2147 Βοώτου
2386 2095 2415 2147 6
2473 2094 2635 2164 μέσος
2679 2095 2786 2148 τῶν
2831 2094 2889 2148 ὲν
2915 2092 2991 2165 τῷ
3039 2090 3310 2165 ἀριστερῷ
3340 2093 3486 2160 ποδὶ,
3534 2093 3711 2165 μικρὸν

2147 2186 2569 2257 ὑπολειπόμενος
2597 2186 2688 2240 τοῦ
2732 2184 3123 2259 μεσημϐρινοῦ,
3166 2187 3260 2241 καὶ
3286 2186 3384 2240 τοῦ
3412 2186 3707 2258 Κενταύρου

2144 2279 2172 2331 6
2196 2278 2532 2351 βορειότερος
2558 2279 2664 2332 τῶν
2691 2281 2750 2333 ὲν
2789 2282 2854 2352 τῇ
2875 2278 3108 2351 κεφαλῇ,
3131 2279 3207 2344 ὡς
3246 2281 3552 2352 ήμιπήχιον
3600 2298 3711 2351 προ-

2144 2368 2279 2440 ηγού
2287 2384 2443 2439 μενος
2463 2368 2558 2422 τοῦ
2580 2367 2970 2441 μεσημϐρινοῦο
2998 2369 3222 2441 ἔσχατον
3246 2369 3304 2423 δὲ
3328 2369 3710 2444 μεσουρανοῦσι

2143 2460 2242 2531 τῆς
2268 2478 2327 2514 τε
2364 2462 2600 2531 ’Ἄρκτου
2633 2463 2662 2515 6
2701 2463 2758 2515 ὲν
2806 2462 2951 2533 ἄκρᾳ
2977 2463 3041 2532 τῇ
3089 2460 3246 2532 οὐρᾷ,
3300 2461 3710 2533 ὑπολειπόμενος

2148 2550 2342 2623 μικρὸν
2370 2551 2464 2605 τοῦ
2506 2538 2901 2623 μεσημϐρινοῦ,
2929 2551 3024 2605 καὶ
3072 2550 3166 2604 τοῦ
3214 2549 3433 2605 Βοώτου
3463 2554 3492 2604 6
3527 2551 3711 2623 βορειό-

2144 2630 2298 2715 τερος
2318 2642 2426 2696 τῶν
2458 2643 2516 2696 ὲν
2542 2641 2622 2714 τῷ
2648 2641 2918 2715 ἀριστερῷ
2947 2643 3087 2709 ποδὶ,
3126 2644 3221 2697 καὶ
3244 2642 3340 2697 τοῦ
3373 2643 3581 2716 ’Υδρου
3608 2647 3635 2698 6
3661 2647 3715 2697 ἐν

2145 2730 2289 2806 ἄκρᾳ
2318 2738 2384 2806 τῇ
2419 2735 2575 2806 οὐρᾷ,
2623 2735 2717 2788 καὶ
2757 2733 2852 2788 τοῦ
2904 2734 3218 2806 Κενταύρου
3263 2737 3292 2789 6
3336 2733 3513 2801 δεξιὸς
3558 2727 3706 2805 ὦμος.

2144 2826 2301 2881 Δύνει
2325 2825 2381 2881 δὲ
2412 2827 2441 2879 6
2480 2827 2742 2899 Προκύων
2769 2826 2827 2881 ὲν
2856 2833 2895 2879 ε’
2927 2826 3083 2898 μέρει
3109 2825 3280 2898 ὥρας.
3646 2812 3655 2819 ’

2215 2919 2324 2989 Τῆς
2357 2918 2413 2971 δὲ
2452 2918 2678 2991 Ἀργοῦς
2710 2917 2989 2991 δυνούσης,
3027 2918 3427 2987 συγκαταδύνει
3468 2921 3564 2992 μὲν
3590 2920 3708 2989 αὐτῇ

2145 3009 2174 3061 6
2200 3007 2458 3073 ζωδιακὸς
2486 3009 2593 3063 ἀπὸ
2620 3007 2790 3081 Κριοῦ
2822 3008 2933 3079 μοί.
2968 3016 3040 3073 ις’
3068 3009 3173 3073 ἕως
3212 3009 3466 3081 Διδύμων
3498 3010 3603 3080 μοί.
3632 3016 3710 3079 ιη’·

477 3094 559 3148 eri
611 3094 682 3149 17
721 3096 789 3152 ad
819 3096 996 3155 Librae
1033 3102 1087 3157 5.
1131 3102 1308 3157 Prima
1346 3104 1548 3159 occidit
1589 3106 1944 3175 lucidissima,
1994 3118 2046 3166 et

2154 3102 2472 3172 μεσουρανεῖ
2494 3099 2549 3153 δὲ
2577 3100 2682 3154 ἀπὸ
2699 3098 2972 3171 Καρκίνου
3005 3100 3113 3171 μοί.
3159 3100 3224 3165 ιζ’
3246 3100 3356 3166 ἕως
3382 3101 3576 3170 Χηλῶν
3614 3100 3707 3172 μοε.

479 3186 878 3245 australissima
907 3194 1115 3253 {earum
1147 3209 1267 3265 qua:
1309 3207 1436 3251 sunt
1476 3196 1530 3250 in
1562 3196 1800 3255 Temone
1832 3219 1845 3254 :
1879 3216 2043 3271 quam

477 3280 730 3335 nonnulli
782 3280 1062 3338 Canobum
1126 3285 1436 3353 nominant,
1494 3289 1708 3356 ultima,
1774 3292 2047 3347 borealinr

476 3385 689 3438 earum,
724 3391 847 3446 quae
879 3383 1009 3431 sunt
1043 3377 1099 3432 in
1128 3379 1292 3433 malo.
1321 3378 1638 3435 Culminant
1664 3399 1730 3438 ex
1764 3383 1887 3441 aliis
1922 3386 2049 3441 stel—

477 3463 569 3528 lis,
597 3467 753 3523 initio
787 3468 1006 3537 quidem
1036 3470 1334 3527 australior
1364 3473 1803 3531 antecedentium
1834 3493 2047 3542 earum,

479 3571 601 3626 qua
643 3565 773 3613 sunt
816 3557 874 3612 in
916 3558 1116 3617 Leonis
1158 3563 1356 3632 capite.
1408 3565 1733 3625 semicubito
1764 3567 1876 3625 fere
1911 3572 2050 3627 citra

480 3649 844 3703 meridianum
882 3651 1062 3719 posita
1093 3670 1107 3707 :
1141 3659 1195 3706 et
1220 3664 1342 3722 Qua:
1383 3656 1437 3708 in
1477 3658 1604 3712 colli
1636 3657 1801 3730 Hydri
1845 3663 2050 3731 radice,

481 3754 689 3808 parva;
743 3740 946 3795 ultimae
992 3742 1294 3798 culminant
1329 3760 1452 3814 quae
1496 3748 1551 3801 in
1591 3757 1832 3805 extrema
1881 3754 2053 3809 cauda

486 3837 615 3886 sunt
638 3831 861 3901 majoris
886 3831 1038 3890 Ursae
1065 3853 1078 3890 :
1107 3841 1160 3890 et
1176 3836 1450 3893 borealior
1476 3855 1663 3896 earum
1693 3856 1814 3913 ηοω
1840 3854 1967 3901 sunt
1998 3847 2054 3903 in

487 3921 713 3977 sinistro
734 3921 869 3992 pede
894 3922 1098 3989 Bootae,
1128 3923 1456 3981 semicubito
1482 3928 1702 3984 circiter
1726 3934 2055 3991 antecedens

484 4014 870 4081 meridianum,
894 4032 995 4072 nec
1016 4032 1126 4072 non
1148 4032 1268 4089 quae
1288 4019 1342 4073 in
1368 4027 1611 4076 extrema
1640 4020 1807 4093 Hydri
1833 4025 2005 4080 cauda
2039 4043 2052 4079 :

485 4113 602 4161 tum
645 4106 905 4164 Centauri
956 4108 1150 4166 dexter
1193 4111 1474 4178 humerus,
1524 4115 1802 4185 paululum
1842 4130 2059 4177 antece-

485 4198 622 4259 dens
652 4201 1036 4259 meridianum.
1063 4202 1276 4261 Occidit
1296 4204 1442 4277 Argo
1473 4206 1692 4265 circiter
1717 4209 1868 4267 horis
1898 4212 1954 4269 5.

2147 3198 2206 3244 ε’.
2231 3190 2341 3245 Καὶ
2370 3198 2418 3245 α’
2455 3191 2553 3261 μὲν
2584 3192 2757 3262 ἀστὴρ
2785 3191 2930 3245 δύνει
2956 3193 2984 3245 6
3008 3191 3395 3264 λαμπρότατος
3418 3193 3514 3247 καὶ
3543 3191 3711 3244 νοτιὼ-

2144 3300 2305 3347 τατος
2333 3282 2439 3337 τῶν
2466 3284 2521 3335 ὲν
2563 3281 2641 3353 τῷ
2672 3281 2940 3354 Πηδαλίῳ,
2972 3283 3031 3337 ὃν
3078 3301 3221 3347 τινες
3269 3284 3534 3338 Κάνωϐον
3565 3300 3715 3354 προσ-

2148 3373 2534 3445 αγορεύουσιν·
2581 3373 2806 3444 ἔσχατος
2869 3373 2926 3427 δὲ
2963 3374 2991 3426 6
3031 3372 3369 3447 βορειότερος
3410 3373 3523 3427 τῶν
3566 3374 3620 3426 ἐν
3648 3372 3716 3440 τῷ

2153 3466 2303 3538 ἱστῷ.
2335 3467 2744 3537 Μεσουρανοῦσι
2772 3464 2827 3517 δὲ
2847 3464 2954 3517 τῶν
2977 3464 3150 3519 ἄλλων
3174 3465 3423 3536 ἀστέρων
3456 3467 3513 3520 ὲν
3547 3466 3640 3537 μὲν
3658 3466 3715 3535 τῇ

2151 3557 2294 3629 ἀρχῇ
2328 3556 2420 3610 τοῦ
2446 3557 2672 3619 Λέοντος
2704 3555 2813 3610 τῶν
2836 3558 2893 3611 ὲν
2912 3560 2977 3628 τῇ
3005 3556 3212 3629 κεφαλῇ
3236 3559 3264 3611 6
3289 3556 3604 3629 voztcbrsgo;
3624 3556 3714 3609 τῶν

2152 3650 2490 3721 ἡγουμένων,
2513 3649 2587 3712 ὼς
2607 3649 2907 3720 ἡμιπὴχιον
2945 3649 3373 3720 ὑπολειπόμενος
3410 3649 3506 3703 τοῦ
3532 3665 3717 3720 μεσημ-

2153 3740 2358 3814 ϐρινοῦ,
2395 3743 2488 3795 καὶ
2508 3741 2602 3795 τοῦ
2632 3741 2829 3813 Ὕδρου
2859 3743 2888 3794 6
2922 3742 3060 3811 μετά
3077 3740 3175 3812 τὴν
3208 3741 3441 3810 ἔκφυσιν
3470 3740 3564 3795 τοῦ
3595 3756 3714 3807 τρα-

2155 3833 2318 3905 χήλου
2359 3832 2579 3905 μικράν
2616 3832 2834 3904 ἔσχατοι
2885 3832 2943 3887 δὲ
2983 3833 3377 3905 μεσουρανοῦσι
3418 3834 3518 3904 τῆς
3547 3850 3603 3887 τε
3634 3848 3715 3903 με-

2156 3926 2328 3998 γάλης
2364 3925 2600 3998 ’Ἄρκτου
2632 3928 2681 3979 οἱ
2716 3928 2773 3980 ὲν
2814 3923 2959 3998 ἄκρᾳ
2980 3928 3045 3997 τῇ
3080 3926 3240 3998 οὑρᾷ,
3267 3928 3365 3980 καὶ
3401 3925 3497 3981 τοῦ
3526 3925 3715 3981 Βοὼτου

2158 4020 2187 4072 6
2214 4017 2547 4089 βορειότερος
2583 4015 2692 4072 τῶν
2739 4019 2797 4070 ὲν
2828 4016 2904 4088 τῷ
2946 4017 3218 4090 ἀριστερῷ
3249 4018 3394 4085 ποδὶ,
3435 4019 3511 4084 ὡς
3533 4019 3717 4090 ήμιπή-

2158 4122 2274 4180 χιον
2313 4107 2721 4180 προηγούμενος
2754 4107 2845 4161 τοῦ
2894 4107 3270 4181 μεσημϐρινοῦ
3294 4111 3389 4164 καὶ
3417 4108 3511 4163 τοῦ
3540 4109 3715 4180 “rem.

2160 4203 2189 4254 6
2240 4202 2296 4255 ἐν
2345 4201 2490 4273 ἄκρᾳ
2544 4202 2610 4272 τῇ
2657 4200 2823 4274 οὑρᾷ·
2857 4201 2948 4255 καὶ⁸
3000 4198 3093 4255 τοῦ
3132 4200 3449 4275 Κενταύρου
3494 4201 3523 4253 6
3565 4198 3719 4264 δεξιὸς

2162 4285 2333 4362 ὦμος,
2370 4292 2563 4364 μικρὸν
2595 4291 3002 4365 προηγούμενος
3029 4290 3122 4345 τοῦ
3157 4290 3555 4366 μεσημϐρινοῦ.
3580 4289 3715 4343 Δύνει

2162 4384 2220 4438 δὲ
2248 4385 2282 4456 ή
2314 4382 2495 4456 ’Δργὼ
2524 4385 2581 4437 ὲν
2606 4383 2777 4456 ὥραις
2796 4390 2836 4437 ε’
2863 4384 2940 4446 ὡς
2962 4382 3208 4451 ἔγγιστα.

1553 4501 1633 4558 De
1662 4513 1783 4557 ortu
1810 4511 1861 4559 et
1899 4520 2091 4559 occasu
2131 4505 2403 4576 signorum
2434 4505 2660 4562 zodiaci.

560 4614 690 4677 Vill.
711 4618 989 4691 Expositis
1008 4619 1277 4676 hactenus
1292 4618 1382 4685 iis,
1406 4633 1529 4690 quae
1548 4620 1603 4675 in
1616 4620 2047 4693 uniuscujusque

2230 4622 2311 4675 H'.
2343 4621 2495 4675 Ἐπεὶ
2526 4620 2584 4675 δὲ
2624 4621 2733 4675 τῶν
2769 4618 2924 4685 ἐκτὸς
2955 4616 3048 4672 τοῦ
3081 4617 3352 4683 ζωδιακοῦ
3394 4615 3585 4672 κύκλου
3615 4631 3716 4668 κει-

490 4713 688 4770 sideris
744 4720 900 4768 extra
951 4711 1236 4768 zodiacum
1311 4712 1477 4781 positi
1550 4719 1675 4768 ortu
1744 4728 2058 4785 occasuque

490 4805 746 4861 accidunt
773 4843 788 4869 ,
840 4803 1100 4873 deinceps
1152 4800 1442 4857 duodecim
1506 4804 1717 4859 zodiaci
1773 4805 2054 4878 signorum

491 4902 715 4951 coortus
739 4900 793 4949 et
816 4907 1046 4948 occasus
1071 4890 1487 4962 explicabimus.

558 4985 725 5057 igitur
764 4984 977 5040 oriente
1016 4981 1251 5048 Cancro,
1280 4998 1404 5038 cum
1435 4998 1501 5038 eo
1530 4985 1786 5044 zodiacus
1820 4987 1998 5043 oritur
2027 5001 2059 5041 a

494 5076 846 5132 Geminorum
893 5082 1049 5145 parte
1089 5073 1161 5129 25
1205 5074 1275 5129 ad
1316 5073 1515 5129 Cancri
1562 5077 1666 5146 18;
1727 5080 1991 5134 culminat
2027 5094 2060 5135 a

494 5163 735 5220 Piscium
763 5162 799 5218 Β
822 5161 891 5216 ad
919 5162 1122 5218 Arietis
1153 5163 1178 5216 1
1213 5163 1467 5220 mediam.
1490 5164 1650 5220 Prior
1673 5168 1850 5224 oritur
1877 5171 2062 5236 stella,

500 5252 656 5325 137
674 5264 794 5321 quae
813 5251 869 5320 in
892 5259 1136 5306 extrema
1163 5251 1324 5307 borea
1343 5252 1507 5308 Chela
1527 5273 1543 5321 ;
1561 5256 1751 5311 ultima
1772 5272 1921 5323 vero,
1938 5274 2061 5330 quae

495 5345 552 5399 in
583 5341 925 5399 extremitate
952 5342 1209 5400 australis
1233 5342 1433 5399 Chelaa.
1462 5345 1734 5404 Culminat
1775 5366 1906 5407 vero
1933 5354 2063 5408 reli-

498 5435 623 5506 quis
656 5449 689 5490 e
721 5433 895 5490 stellis
926 5433 1076 5504 prior
1104 5433 1308 5499 lucida,
1334 5451 1456 5506 quae
1500 5447 1583 5494 est
1612 5439 1669 5494 in
1703 5441 2062 5498 Andromedae

497 5527 673 5597 capite
707 5541 721 5578 :
752 5525 1049 5582 novissima
1070 5541 1199 5583 vero
1218 5530 1527 5598 praecedens
1548 5530 1848 5588 lueidarum
1873 5534 2060 5601 trium,

499 5633 622 5687 quae
673 5624 805 5672 sunt
858 5618 915 5673 in
968 5616 1168 5676 Arietis
1225 5620 1424 5691 capite,
1473 5629 1527 5677 et
1572 5637 1602 5676 a
1651 5624 1877 5697 meridie
1929 5627 2062 5681 Ceto

502 5708 782 5781 adiacens,
854 5709 1003 5770 circa
1055 5711 1293 5769 medium
1361 5728 1560 5786 corpus
1616 5715 1812 5787 ipsius,
1864 5733 2060 5788 expers

2160 4712 2336 4784 μένων
2362 4710 2609 4784 ἀστέρων
2642 4710 3058 4781 ἀποδεδώκαμεν
3098 4708 3173 4763 τὰ
3211 4709 3573 4781 συμϐαίνοντα
3604 4705 3717 4777 περὶ

2160 4804 2259 4876 τὴν
2288 4803 2519 4857 ἑκάστου
2549 4802 2733 4857 αὐτῶν
2757 4802 3019 4871 ἀνατολήν
3039 4817 3097 4853 τε
3116 4802 3214 4855 καὶ
3238 4801 3417 4865 δύσιν,
3448 4799 3568 4871 ἑξῆς
3590 4800 3714 4852 ἁπο-

2156 4892 2401 4965 δὼσομεν
2430 4892 2529 4957 τὰς
2562 4894 2742 4948 αὐτῶν
2783 4892 2892 4947 τῶν
2937 4890 3003 4961 ιβ’
3029 4890 3239 4955 ζωδίων
3278 4889 3633 4952 συνανατολάς
3663 4903 3714 4940 τε

2159 4984 2254 5038 καὶ
2286 4983 2736 5054 συγκαταδύσεις.

2230 5076 2338 5130 Τοῦ
2371 5076 2470 5147 μὲν
2497 5072 2589 5131 οὖν
2618 5077 2895 5148 Καρκίνου
2923 5074 3331 5139 ἀνατέλλοντος,
3365 5068 3713 5128 συνανατέλλει

2164 5168 2263 5241 μὲν
2289 5167 2437 5238 αὑτῷ
2488 5170 2516 5222 6
2560 5168 2822 5234 ζωδιακὸς
2866 5167 2974 5222 ἀπὸ
3016 5167 3262 5237 Διδύμων
3312 5174 3363 5234 γ’
3400 5166 3495 5221 καὶ
3540 5169 3583 5216 κβ
3614 5159 3708 5231 pol.

2158 5262 2263 5327 ἕως
2303 5260 2578 5332 Καρκίνου
2616 5267 2707 5330 ιη”
2743 5258 3141 5331 μεσουρανεῖδὲ
3169 5256 3280 5311 ἀπὸ
3316 5256 3531 5327 Ἰχθύων
3551 5261 3591 5307 ε’
3621 5252 3710 5311 ἕως

2160 5353 2334 5425 Κριοῦ
2378 5358 2426 5405 α’
2472 5353 2663 5422 μέσης.
2709 5352 2819 5406 Καὶ
2857 5337 2911 5404 αι’
2951 5350 3047 5421 μὲν
3093 5348 3268 5420 ἀστὴρ
3313 5347 3583 5403 ἀνατέλλει
3611 5344 3640 5396 6
3664 5344 3711 5393 ἐν

2160 5445 2304 5516 ἄκρᾳ
2334 5445 2400 5514 τῇ
2446 5442 2639 5515 βορείῳ
2664 5445 2838 5515 Χηλῇ,
2868 5443 3091 5512 ἔσχατος
3131 5439 3189 5492 δὲ
3220 5442 3251 5494 6
3284 5440 3346 5493 ὲν
3381 5439 3523 5509 ἄκρᾳ
3546 5436 3610 5501 τῇ
3640 5447 3712 5481 νο-

2166 5535 2256 5607 τίᾳ
2290 5532 2464 5603 Χηλῇ.
2501 5533 2838 5604 Μεσουρανεῖ
2865 5532 2921 5586 δὲ
2947 5532 3055 5587 τῶν
3087 5530 3259 5586 ἄλλων
3289 5530 3533 5601 ἀστέρων
3549 5531 3597 5576 α’
3627 5521 3717 5591 μὲν

2164 5628 2193 5679 6
2224 5630 2280 5682 ὲν
2307 5630 2375 5699 τῇ
2406 5625 2612 5696 κεφαλῇ
2668 5628 2767 5698 τῆς
2798 5625 3147 5700 Ἀνδρομέδας
3185 5623 3473 5694 λαμπρὸς,
3510 5618 3717 5686 ἐσκατοε

2163 5720 2219 5774 δὲ
2248 5719 2343 5775 τοῦ
2387 5735 2445 5771 τε
2488 5717 2660 5790 Κριοῦ
2711 5719 2820 5772 τῶν
2870 5720 2926 5774 έν
2966 5721 3035 5790 τῇ
3078 5715 3291 5787 κεφαλῇ
3322 5722 3371 5786 γ’
3416 5701 3717 5785 λαμπᾳῦιό
