3800 6312
61 333 169 393 HE!

1030 322 1400 382 HIPPARCHI
1437 324 1530 380 AD
1564 324 2014 384 PHA‘INOMENA
2052 327 2179 383 LIB.
2219 328 2308 385 lli.

3169 327 3312 389 “22

61 453 358 526 ἡγούμενος,
414 447 507 502 καὶ
547 447 626 512 ὡς
675 446 812 519 πρὸς
852 444 1201 518 μεσημϐρίαν
1241 445 1492 518 κείμενος
1530 446 1624 501 τοῦ

1761 448 1989 513 ιοῐηίηἰε,
2021 458 2074 504 et
2107 449 2289 505 lucida
2324 469 2337 504 :
2375 451 2502 506 item
2543 450 2834 507 australior
2869 447 3306 518 succedentium,

61 546 267 615 Κήτους,
295 538 442 594 κατά
477 538 643 611 μέσον
680 536 845 592 αὑτοῦ
872 536 935 590 τὸ
968 536 1147 609 σῶμα,
1189 538 1630 610 ἀκατονόμαστος

64 637 137 692 καὶ
162 634 416 707 λαμπρός
436 649 450 664 ο
477 632 574 686 καὶ
617 631 728 686 τῶν
777 632 837 684 ἑν
869 629 947 702 τῷ
974 631 1365 703 τετραπλεύρῳ
1390 630 1485 685 τοῦ
1513 634 1629 704 Κή-

62 744 163 791 ιους
185 728 215 781 6
238 722 563 795 νοτιώτερος
592 721 705 777 τῶν
744 721 1054 793 ἑπομένωνο
1080 720 1177 775 καὶ
1207 722 1307 794 τῆς
1349 721 1632 794 Ἀνδρομέ-

1733 558 1854 612 quae
1881 544 1936 597 in
1967 540 2233 600 laterculo
2279 543 2442 601 Ceti:
2491 560 2595 601 nec
2630 560 2741 601 non
2785 560 2884 617 pes
2927 544 3153 601 sinister
3198 543 3312 599 An-

1732 634 2020 702 dromede;
2049 636 2331 707 paululum
2359 636 2497 692 citra
2538 637 2900 693 meridianum
2931 638 3091 695 situs.
3122 634 3312 693 Oritur

1734 723 1947 781 Cancer
1974 726 2110 781 hora
2141 727 2194 790 l,
2220 734 2274 782 et
2297 725 2369 781 24
2396 733 2575 798 parte.

60 824 136 887 δας
175 824 204 876 6
243 820 537 894 ἀριστερὸς
587 818 756 883 ποῦς,
813 817 1006 889 μικρὸν
1062 817 1486 889 ὑπολειπόμενος
1521 816 1616 872 τοῦ
1660 821 2053 894 μεσημϐρινοῦ.
2098 822 2402 877 ’Δνατέλλει
2433 822 2490 877 δὲ
2524 824 2554 876 6
2581 822 2855 895 Καρκίνος
2876 822 2936 876 έν
2960 820 3080 895 ὥρᾳ
3107 818 3178 889 α’,
3218 821 3312 876 καὶ

56 924 99 972 »κ’
116 919 203 971 καὶ
225 916 268 969 δ’
306 914 488 987 μέρει.

118 1009 284 1063 Ὅταν
313 1009 372 1061 δὲ
395 1009 425 1061 6
451 1005 604 1061 Λέων
636 1004 924 1078 ἀνατέλλῃ,
955 1004 1333 1059 συνανατέλλει
1359 1004 1456 1076 μὲν
1480 1003 1632 1077 αύτῷ

60 1100 358 1167 ὁζωδιακὸς
386 1099 810 1170 ἁπδΚαρκίνου
851 1098 964 1171 μοι.
991 1104 1042 1169 η’
1072 1097 1246 1170 μέσης
1270 1097 1376 1163 ἕως
1403 1096 1634 1162 Λέοντος

62 1195 117 1249 ιθν
145 1193 314 1266 μέσης
332 1209 349 1226 ’
388 1193 714 1265 μεσουρανεί
737 1191 795 1245 δὲ
823 1190 931 1245 ἀπὸ
962 1187 1184 1261 Ἰχθύων
1210 1196 1260 1243 κ’
1281 1189 1387 1254 ἕως
1419 1188 1632 1262 Ταύρου

65 1284 118 1355 ιβ’
147 1284 337 1355 μέσης.
373 1283 489 1337 Καὶ
518 1289 566 1336 α’
606 1281 706 1354 μὲν
747 1280 923 1353 ἀστὴρ
960 1279 1237 1335 ἀνατέλλει
1282 1280 1389 1335 τῶν
1433 1281 1526 1335 ἐπὶ
1566 1283 1633 1354 τῇ

62 1379 253 1450 κεφαλῇ
283 1379 314 1430 6
367 1377 709 1449 βορειότερος
758 1374 867 1429 τῶν
910 1376 1252 1448 ⁴ἡγουμένων,
1299 1374 1525 1446 ἔσχατος
1574 1374 1631 1429 δὲ

62 1472 153 1525 τῶν
178 1475 235 1525 έν
256 1473 374 1535 τοῖς
399 1469 670 1533 ὀπισθίοις
694 1469 842 1525 ποσί.
876 1471 1221 1543 Μεσουρανεῖ
1243 1469 1301 1523 δὲ
1324 1470 1429 1523 τῶν
1458 1468 1635 1525 ἄλλων

63 1564 293 1636 ἀστέρων
352 1561 403 1618 α’
460 1563 560 1634 μὲν
615 1563 715 1634 τῆς
765 1579 825 1616 τε
874 1562 1233 1635 Ἀνδρομέδας
1286 1563 1316 1616 6
1369 1562 1635 1633 ἑπόμενος

64 1657 154 1711 τῶν
175 1658 233 1710 ὲν
266 1658 336 1728 τῇ
370 1653 539 1727 ζώνῃ,
570 1655 662 1709 καὶ
687 1654 783 1708 τοῦ
831 1656 888 1710 ὲν
920 1654 999 1727 τῷ
1025 1655 1200 1728 Κήτει
1226 1652 1632 1727 τετραπλεύρου

63 1752 86 1801 ὀ
123 1746 458 1820 βορειότερος
506 1745 617 1800 τῶν
675 1745 988 1817 έπομένων’
1032 1745 1257 1818 ἔσχατος
1307 1745 1364 1799 δὲ
1416 1745 1526 1800 τῶν
1573 1762 1633 1798 τε

1798 1002 1934 1059 Cum
1962 1003 2145 1062 Leone
2186 1006 2509 1063 conscendit
2539 1006 2797 1063 zodiacus
2846 1023 2877 1063 a
2923 1007 3125 1063 Cancri
3157 1016 3312 1081 parte

1737 1095 1771 1151 8
1826 1096 2006 1153 media
2052 1098 2119 1154 ad
2156 1098 2357 1156 Leonis
2401 1099 2468 1155 19
2518 1101 2797 1166 mediam;
2844 1101 3107 1156 culminat
3146 1115 3177 1154 a
3219 1100 3314 1155 Pi-

1732 1186 1908 1243 scium
1951 1188 2023 1244 9.0
2055 1188 2123 1243 ad
2170 1189 2339 1245 Tauri
2370 1190 2437 1244 12
2474 1191 2729 1247 mediam.
2782 1189 2938 1246 Prior
2984 1192 3142 1248 stella
3178 1206 3313 1246 con-

1734 1280 1910 1350 surgit
1943 1282 2403 1351 antecedentium,
2435 1298 2557 1355 quae
2610 1290 2741 1339 sunt
2791 1283 2845 1338 in
2886 1282 3088 1354 capite,
3124 1282 3313 1337 borea-

1734 1373 1872 1439 lior;
1901 1381 2179 1444 postrema
2206 1392 2338 1434 vero
2371 1391 2560 1432 earnm
2584 1392 2706 1448 quae
2739 1384 2868 1433 sunt
2900 1376 2957 1431 in
2991 1374 3312 1447 posteriori-

1734 1465 1837 1522 bus
1861 1467 2091 1537 pedibus
2124 1508 2137 1521 .
2175 1508 2191 1523 .
2226 1511 2241 1524 .
2281 1510 2297 1524 .
2331 1468 2412 1524 Ex
2449 1469 2574 1527 aliis
2605 1470 2781 1526 stellis
2808 1470 3075 1527 culminat
3132 1468 3315 1543 prima

1736 1560 2040 1619 succedens
2082 1576 2294 1630 earum,
2331 1578 2451 1634 quae
2493 1571 2622 1621 sunt
2650 1565 2704 1618 in
2745 1562 3104 1619 Andromedae
3137 1578 3313 1628 zona,

1736 1659 1791 1707 et
1825 1653 2097 1709 borealior
2128 1655 2538 1711 succedentium
2569 1655 2627 1710 in
2656 1655 2776 1712 Ceti
2798 1655 3095 1725 laterculo;
3120 1655 3313 1710 ultima

1736 1759 1887 1808 vero,
1935 1745 2278 1802 lucidissima
2331 1744 2693 1811 Sucularum,
2741 1755 2790 1804 et
2828 1762 2950 1818 qua:
2992 1747 3048 1801 in
3095 1746 3314 1817 Aurigae

73 1840 263 1919 ’Υαδων
309 1840 340 1899 ὁ
370 1837 783 1910 λαμπρότατος·
820 1837 916 1892 καὶ
952 1837 1044 1891 τοῦ
1085 1837 1329 1909 Ἦνιόχου
1385 1839 1414 1892 6
1456 1839 1514 1892 ὲν
1550 1837 1630 1909 τῷ

1761 1835 1953 1891 sinistri
1996 1835 2167 1891 cubiti
2193 1834 2360 1900 ﬂexu,
2407 1836 2566 1909 quasi
2608 1836 2931 1892 semicubito
2963 1836 3100 1892 citra
3147 1835 3313 1890 meri-

67 1929 323 2002 ἀριστερῷ
367 1929 602 1999 ἀγκῶνι,
636 1929 712 1994 ὡς
754 1930 1051 2001 ήμιπήχιον
1085 1928 1511 2001 ὑπολειπόμενος
1542 1927 1634 1983 τοῦ

68 2022 450 2097 μεσημϐρινοῦ.
486 2020 790 2076 Ἀνατέλλει
825 2022 881 2076 δὲ
912 2025 941 2076 6
969 2022 1121 2078 Λέων
1154 2022 1212 2076 ὲν
1245 2021 1417 2094 ὥραις
1460 2027 1508 2091 γ’
1542 2021 1637 2076 καὶ

65 2115 98 2167 6'
129 2115 254 2170 μέοε
264 2132 299 2170 ι.
1052 2119 1057 2123 ’

166 2133 189 2168 ε
229 2133 299 2170 ει.

121 2133 228 2279 ἐἷῆέ
253 2208 312 2261 δὲ
346 2205 627 2278 Παρθένου
670 2205 1087 2277 ἀνατελλούσης,
1124 2206 1504 2262 συνανατέλλει
1537 2208 1639 2279 μὲν

68 2300 187 2369 αὐτῇ
216 2300 246 2351 6
268 2294 537 2361 ζωδιακὸς
570 2296 679 2349 ἀπὸ
715 2296 942 2360 Λέοντος
977 2296 1088 2368 μοί.
1121 2296 1167 2368 β’
1195 2298 1290 2352 καὶ
1317 2304 1366 2352 κ’
1394 2297 1499 2361 ἕως
1528 2299 1641 2370 Χη-

1738 1927 1962 1983 dianum
1996 1928 2197 2000 posita.
2227 1927 2416 1985 Oritur
2441 1927 2552 1985 Leo
2588 1928 2738 1985 horis
2767 1929 2822 1994 5,
2857 1928 2958 1985 15'.

1812 2208 1946 2264 Cum
1979 2209 2208 2295 Virgine
2228 2210 2441 2267 zodiaci
2471 2226 2601 2295 pars
2632 2213 2829 2278 oritur,
2860 2229 2984 2284 quae
3005 2221 3091 2271 est
3117 2230 3148 2272 a
3175 2214 3316 2273 Leo-

1741 2302 1828 2357 nis
1874 2300 1944 2355 2‘2
1987 2291 2064 2357 ad
2102 2302 2281 2359 Libra:
2325 2303 2388 2369 8;
2431 2291 2698 2358 culminat
2749 2320 2779 2358 a
2826 2305 3005 2361 media
3052 2314 3207 2378 parte
3249 2309 3317 2365 15

65 2390 156 2443 λῶν
182 2397 266 2461 η”
296 2391 625 2461 μεσουρανεῖ
648 2387 704 2441 δὲ
730 2388 839 2442 ἀπὸ
864 2388 1078 2460 Ταύρου
1109 2390 1219 2461 μοί.
1246 2396 1305 2443 ιε’
1338 2391 1511 2462 μέσης
1537 2391 1639 2455 ἕως

1761 2390 1909 2445 l‘auri
1946 2392 2013 2447 ad
2062 2392 2095 2447 9
2142 2391 2361 2449 Cancri.
2404 2392 2585 2449 Prima
2634 2394 2811 2450 oritur
2861 2411 3072 2465 earum,
3099 2406 3221 2469 quae
3258 2401 3317 2461 in

68 2485 325 2555 Καρκίνου
360 2481 427 2536 θ’.
463 2481 575 2535 Καὶ
613 2487 660 2533 α’
695 2480 794 2552 μὲν
824 2480 1001 2552 ἁστῂρ
1030 2481 1307 2535 ἑθατέλλει
1347 2481 1456 2536 τῶν
1489 2484 1545 2535 ὲν
1570 2485 1637 2553 τῇ

1761 2484 1920 2553 rapite
1945 2493 2093 2549 sunt,
2139 2486 2493 2542 antecedente
2530 2486 2834 2553 borealior;
2864 2497 3163 2559 postrema,
3186 2484 3319 2563 ἠυδε

67 2577 256 2648 κεφαλῇ
290 2577 319 2628 6
355 2573 696 2647 βορειότερος
741 2572 836 2626 τοῦ
884 2572 1211 2645 ἡγουμένου,
1257 2574 1483 2644 ἔσχατος
1520 2574 1577 2627 δὲ
1610 2574 1639 2626 6

1761 2584 1825 2629 :st
1863 2574 1919 2628 in
1958 2573 2151 2630 dextro
2181 2575 2335 2646 pede.
2369 2574 2647 2631 Culininat
2680 2586 2998 2633 caeterarum
3022 2580 3192 2649 prior,
3230 2582 3315 2636 lu-

68 2671 116 2721 ὲν
145 2669 216 2736 τῷ
243 2665 405 2738 δεξιῷ
439 2666 581 2721 ποδί.
615 2666 956 2737 Μεσουρανεί
994 2665 1053 2718 δὲ
1092 2664 1203 2719 τῶν
1245 2665 1420 2719 ἄλλων
1449 2672 1499 2718 α’
1539 2666 1638 2737 μὲν

1761 2666 1887 2728 :ida,
1917 2683 2039 2737 quae
2061 2668 2114 2721 in
2147 2667 2377 2723 sinistro
2401 2668 2631 2723 humero
2659 2678 2743 2726 est
2770 2670 3004 2743 Aurigae.
3034 2672 3318 2729 Postrema

67 2761 147 2815 τοῦ
177 2761 425 2831 Ἠνιύχου
462 2761 491 2812 6
530 2757 624 2811 ἐπὶ
674 2756 768 2811 τοῦ
819 2756 1111 2829 ἀριστεροῦ
1165 2755 1316 2827 ώμου
1364 2756 1636 2829 λαμπρὸς,

1761 2773 1901 2825 vero,
1938 2759 2139 2826 lucida,
2170 2775 2293 2830 qua:
2315 2767 2401 2815 est
2429 2759 2484 2814 in
2518 2762 2864 2819 extremitate
2889 2761 3096 2832 Navis;
3135 2771 3190 2820 et
3221 2764 3320 2820 bo-

68 2853 277 2922 έσχατος
306 2850 363 2904 δὲ
385 2850 487 2920 τῆς
510 2865 571 2902 τε
615 2847 843 2920 Ἀργοῦς
872 2850 900 2901 6
936 2850 993 2902 έν
1034 2847 1111 2920 τῷ
1136 2846 1470 2919 ἀκροστολίῳ
1498 2847 1630 2919 λαμ-

1761 2851 1943 2906 'ealior
1970 2866 2184 2916 earum,
2222 2867 2345 2923 qua:
2377 2852 2434 2906 in
2476 2853 2622 2907 rictu
2652 2861 2780 2909 sunt
2809 2853 3001 2926 Hydri,
3035 2855 3320 2927 quasi-se—

70 2946 217 3016 πρὸς·
256 2945 353 2999 καὶ
389 2941 486 2996 τοῦ
515 2942 720 3014 ’Υδρου
752 2943 781 2996 6
812 2940 1151 3013 βορειότερος
1190 2939 1301 2994 τῶν
1332 2941 1390 2994 ἐν
1418 2939 1496 3010 τῷ
1539 2939 1637 3011 χά-

1761 2944 2006 3000 nicubito
2034 2944 2174 3002 citra
2216 2947 2585 3003 meridianum
2633 2948 2757 3004 sita.
2801 2947 2990 3005 Oritur
3015 2948 3182 3024 Virgo
3213 2949 3318 3006 hoo

69 3055 240 3110 σματι,
269 3035 698 3107 ὑπολειπόμενος
746 3033 841 3088 τοῦ
892 3033 1266 3107 μεσημϐρινοῦ
1305 3034 1382 3099 ώς
1423 3034 1633 3105 ἡμιπή-
1739 3036 1818 3091 ris
1844 3038 1898 3101 5,
1930 3037 2036 3093 68'.

70 3148 187 3200 χιον.
234 3128 547 3183 Ἀνατέλλει
573 3127 631 3180 δὲ
666 3129 700 3199 ἡ
744 3126 1022 3200 Παρθένος
1045 3129 1103 3181 ὲν
1128 3128 1299 3200 ὥραις
1323 3135 1370 3198 γ’
1394 3128 1490 3181 καὶ
1518 3128 1639 3183 τέσ-
1665 3127 1709 3186 C

69 3240 213 3294 σαρσι
242 3239 470 3293 πέμπτη
480 3220 708 3292 μορίοις.

128 3315 197 3368 9'.
228 3316 399 3369 Ὅταν
447 3314 504 3367 δὲ
541 3313 597 3366 αἱ
632 3311 809 3383 Χηλαὶ
857 3311 1217 3378 ἀνατέλλωσι,
1265 3311 1639 3366 συνανατέλλει

14 3426 20 3433 ·
71 3406 158 3475 μὲν
205 3406 400 3467 αύταῖς
442 3404 473 3456 6
532 3400 794 3466 ζωδιακὸς
855 3402 963 3457 ἀπὸ
1013 3400 1208 3472 Χηλῶν
1255 3401 1365 3473 μοί.
1420 3399 1492 3468 ις’
1533 3402 1642 3467 ἕως

70 3497 325 3569 Σκορπίου
360 3495 472 3567 μοί.
513 3499 614 3559 ις’·
646 3496 973 3566 μεσουρανεῑ
1014 3493 1072 3546 δὲ
1120 3493 1228 3547 ἀπὸ
1264 3493 1540 3566 Καρκίνου
1573 3500 1639 3566 ιη’

68 3588 160 3653 ἕως
183 3589 415 3651 Λέοντος
449 3592 538 3640 ια’.
568 3585 676 3649 Καὶ
698 3584 746 3638 α’
772 3585 869 3657 μὲν
898 3584 1071 3656 ἀστὴρ
1096 3585 1375 3639 ἀνατέλλει
1408 3588 1437 3640 6
1459 3584 1643 3640 νοτιώ-

68 3696 208 3751 τερος
232 3679 344 3734 τῶν
385 3680 447 3732 ἐν
478 3677 675 3750 ἄκραις
719 3681 839 3741 ταῖς
870 3677 1077 3750 Χηλαῐς
1112 3677 1385 3751 λαμπρὸς,
1417 3677 1644 3750 ἔσχατος

67 3773 115 3824 δὲ
144 3776 171 3827 6
199 3770 529 3834 νοτιώτατος
575 3770 685 3825 τῶν
723 3772 780 3824 ὲν
826 3769 905 3842 τῷ
934 3769 1172 3841 μετώπῳ
1214 3770 1307 3824 τοῦ
1346 3773 1640 3843 Σκορπίου.

70 3866 395 3937 “accupast
427 3863 485 3917 δὲ
510 3862 619 3915 τῶν
650 3861 826 3917 ἀλλων
865 3861 1111 3933 ἀστέρων
1137 3869 1186 3919 α’
1222 3863 1322 3934 μὲν
1351 3864 1460 3919 τῶν
1488 3867 1546 3919 έν
1576 3869 1643 3939 τῇ

69 3958 269 4031 κεφαλῇ
300 3956 398 4012 τοῦ
451 3955 679 4018 Λέοντος
726 3957 755 4009 6
796 3954 1114 4028 νοτιώτερος
1152 3956 1261 4011 τῶν
1302 3959 1642 4030 ἡγουμένων,

71 4050 155 4103 καὶ
175 4050 276 4121 τῆς
311 4046 544 4120 ’Δργοῦς
567 4047 596 4098 6
618 4045 955 4119 βορειότερος
974 4047 1080 4100 τῶν
1109 4048 1166 4100 ὲν
1191 4048 1340 4120 μέσῳ
1371 4048 1450 4119 τῷ
1475 4050 1605 4122 ἱστῷ
1625 4068 1640 4081 ο

70 4138 282 4211 ἔσχατος
312 4137 370 4192 δὲ
404 4136 499 4190 τοῦ
527 4135 756 4198 Λέοντος
775 4137 804 4188 6
830 4134 1097 4203 ἑπόμενος
1129 4135 1238 4188 τῶν
1270 4137 1329 4189 ἐν
1377 4135 1454 4207 τῷ
1490 4135 1646 4208 νώτῳ

73 4233 394 4306 β’ἁστέρων.
441 4229 818 4283 Ἀνατέλλουσι
843 4227 900 4281 δὲ
932 4229 988 4281 αἱ
1026 4228 1202 4298 Χηλαὶ
1238 4232 1295 4283 ὲν
1330 4229 1450 4303 ὥρᾳ
1476 4231 1524 4284 α’
1551 4233 1646 4287 καὶ

70 4331 113 4392 γ’
150 4320 621 4396 πεμπτημορίοις.

132 4413 234 4467 Τοῦ
279 4414 340 4467 δὲ
392 4412 663 4482 Σκορπίου
707 4410 1104 4479 ἀνατέλλοντος,
1131 4414 1507 4469 συνανατέλλει
1549 4416 1648 4486 μὲν

1815 3303 1905 3359 IX.
1944 3305 2175 3372 Quando
2205 3306 2387 3363 Chelae
2437 3308 2715 3372 oriuntur,
2763 3324 2885 3362 cum
2936 3308 3023 3365 his
3071 3310 3320 3366 ascendit

1743 3397 2002 3454 zodiacus
2030 3414 2061 3455 a
2094 3399 2389 3455 Cbelarum
2432 3409 2588 3470 parte
2613 3398 2679 3453 16
2709 3399 2779 3454 ad
2828 3398 3042 3471 Scorpii
3070 3401 3169 3467 16;
3204 3405 3321 3458 cul-

1745 3492 1915 3547 minat
1961 3507 1992 3548 a
2029 3491 2231 3547 Cancri
2268 3493 2357 3557 18,
2407 3492 2474 3547 ad
2522 3492 2722 3549 Leonis
2758 3495 2844 3547 Η.
2894 3492 3053 3548 Prior
3093 3496 3321 3568 emergit

1745 3585 2040 3641 australior
2069 3595 2123 3641 et
2151 3580 2342 3640 lucida
2374 3601 2588 3650 earum,
2632 3600 2756 3656 quae
2803 3585 2858 3642 in
2893 3588 3157 3644 extremis
3192 3599 3322 3647 sunt

1744 3676 1964 3746 Chelis;
2003 3678 2196 3733 ultima
2228 3692 2358 3733 vero
2399 3693 2588 3733 earum
2621 3694 2742 3749 quae
2779 3679 2836 3733 in
2882 3678 3061 3737 fronte
3106 3679 3322 3754 Scorpii

1746 3777 1897 3834 sunt,
1945 3771 2261 3826 australior.
2320 3769 2652 3825 Caeterarum
2695 3771 2872 3842 prima
2911 3773 3178 3828 culminat
3224 3788 3324 3829 au-

1745 3862 1970 3919 stralior
2000 3862 2443 3918 antecedentium
2472 3876 2660 3917 earum
2695 3878 2820 3934 qua:
2858 3873 2990 3920 sunt
3030 3865 3088 3919 in
3123 3864 3324 3923 Leonis

1746 3956 1956 4024 capite;
1988 3960 2042 4009 et
2076 3953 2352 4009 borealior
2378 3968 2568 4009 earum
2603 3968 2723 4024 quae
2752 3964 2883 4011 sunt
2907 3956 2961 4012 in
2998 3959 3178 4029 Argus
3208 3974 3324 4015 me-

1747 4046 1839 4103 dio
1872 4047 2062 4112 malo;
2114 4054 2415 4117 postrema,
2465 4062 2587 4116 quae
2632 4048 2688 4102 in
2739 4047 2939 4105 Leonis
2973 4048 3141 4106 dorso
3171 4059 3321 4116 sunt,

1747 4138 1981 4193 duarum
2046 4138 2331 4193 stellarum
2403 4138 2771 4209 subsequens.
2827 4138 3093 4194 Oriuntur
3140 4140 3324 4199 Chelas

1748 4231 1884 4286 liora
1918 4231 1969 4296 1,
1995 4229 2099 4285 56'.

1820 4412 1959 4468 Cum
1989 4410 2219 4482 Scorpio
2260 4397 2523 4467 zodiacus
2561 4426 2589 4464 a
2620 4421 2774 4481 parte
2805 4414 2839 4467 5
2869 4412 3084 4485 Scorpii
3118 4414 3184 4470 ad
3220 4414 3322 4471 Sa-

68 4505 206 4578 αύέῴ
246 4508 276 4559 6
314 4505 580 4577 ζωδιακὸς
612 4503 717 4557 ἀπὸ
748 4504 1020 4575 Σκορπίου
1057 4505 1165 4576 μοί.
1197 4513 1247 4575 γ’
1281 4507 1386 4572 ἓως
1419 4507 1639 4573 Τοξότου

1761 4506 1959 4577 gittarii
1985 4506 2019 4560 9
2049 4503 2337 4571 ascendit;
2369 4504 2634 4559 culminat
2666 4519 2695 4558 a
2737 4504 2934 4562 Leonis
2975 4506 3009 4562 8
3042 4506 3220 4563 media
3254 4510 3324 4565 ad

72 4598 139 4651 θ’·
173 4601 503 4672 μεσουρανεῖ
548 4598 603 4651 δὲ
650 4598 759 4652 ἀπὸ
801 4597 1029 4662 Λέοντος
1075 4600 1186 4669 μοί.
1235 4607 1284 4672 η’
1331 4600 1505 4673 μέσης
1543 4601 1647 4666 ἕως

72 4692 340 4769 Παρθένου
368 4698 453 4757 κγ’
491 4688 683 4760 μέσης.
722 4687 831 4741 Καὶ
872 4695 919 4742 α’
956 4689 1053 4759 μὲν
1091 4690 1267 4764 ἀστὴρ
1312 4691 1587 4746 ἀνατέλλει
1620 4694 1648 4747 6

73 4785 405 4857 βορειότατος
427 4782 537 4835 τῶν
560 4783 617 4836 ἐν
647 4781 723 4852 τῷ
747 4779 1002 4853 μετώπῳ,
1029 4782 1254 4854 ἔσχατος
1280 4783 1336 4838 δὲ
1365 4787 1394 4838 6
1417 4791 1466 4854 γ’
1489 4786 1650 4855 σφόν-

69 4880 213 4946 δυλος
250 4880 361 4935 ἀπὸ
398 4877 495 4933 τοῦ
519 4879 577 4930 ὲν
608 4876 688 4947 τῷ
722 4876 1021 4948 Κενταύρῳ
1047 4876 1469 4949 ἀριθμούμενος,
1509 4887 1563 4945 ς’
1590 4879 1647 4933 δὲ

69 4973 136 5028 ὢν
156 4975 266 5028 τῶν
299 4971 441 5046 μετά
469 4970 596 5033 τοὺς
639 4970 697 5021 ὲν
726 4966 803 5038 τῷ
832 4967 1036 5039 στήθει.
1081 4970 1423 5042 Μεσουρανεῖ
1451 4971 1507 5025 δὲ
1538 4971 1647 5025 τῶν

70 5066 234 5121 ἄλλων
289 5064 510 5139 πρῶτος
545 5061 643 5134 μὲν
682 5061 783 5132 τῆς
827 5060 1067 5133 μεγάλης
1111 5062 1343 5133 Ἄρκτου
1403 5065 1430 5117 6
1468 5064 1527 5115 έν
1570 5063 1648 5135 τῷ

73 5160 252 5230 στήθει
274 5156 550 5229 λαμπρὸς,
590 5155 683 5208 καὶ
713 5153 807 5207 τοῦ
841 5153 1040 5225 ’Υδρου
1067 5152 1175 5207 τῶν
1212 5153 1353 5225 μετὰ
1387 5154 1481 5209 τὸν
1509 5155 1648 5228 λαμ-

72 5249 332 5316 πρότατον
358 5248 399 5301 ἃ
422 5246 534 5300 τῶν
560 5244 667 5316 πρὸ
696 5243 788 5298 τοῦ
819 5243 1108 5316 Κρατῆρος
1138 5245 1167 5296 6
1191 5242 1239 5313 γ’
1265 5244 1374 5298 ἀπὸ
1406 5245 1610 5311 δύσεως
1629 5264 1642 5277 ·

71 5337 291 5409 ἔσχατος
316 5339 374 5392 δὲ
402 5339 431 5392 ὃ
457 5353 519 5390 τε
553 5336 781 5407 Στάχυς,
832 5335 926 5388 καὶ
975 5332 1068 5387 τοῦ
1110 5334 1425 5407 Κενταύρου
1460 5339 1489 5391 6
1526 5339 1649 5409 ἀρι-

72 5432 255 5502 στερὸς
292 5425 477 5502 ὦμος,
518 5428 598 5490 ὡς
636 5428 942 5499 ἡμιπήχιον
972 5426 1382 5499 προηγούμενος
1422 5429 1516 5484 τοῦ
1553 5448 1650 5502 με-

72 5521 391 5595 σημΰρινοῦ.
438 5518 743 5574 Ἀνατέλλει
784 5518 843 5572 δὲ
892 5518 922 5571 6
967 5517 1233 5590 Σκορπίος
1277 5519 1334 5571 ὲν
1378 5518 1550 5592 ὥραις
1601 5528 1646 5590 γ’

70 5612 380 5680 λειπούσαις
421 5619 452 5667 t'
485 5610 663 5685 μέρει.

133 5707 242 5762 Τοῦ
295 5707 349 5761 δὲ
392 5705 625 5771 Τοξότου
673 5704 1072 5767 ἀνατέλλοντος,
1117 5702 1495 5758 συνανατέλλει
1547 5703 1647 5774 μὲν

70 5798 209 5871 αύτῷ
252 5803 286 5854 6
333 5798 597 5865 ζωδιακὸς
643 5797 750 5852 ἀπὸ
791 5798 1018 5865 Tag/nou
1067 5794 1176 5866 μοί.
1224 5803 1276 5861 ς’
1333 5796 1503 5868 μέσης
1540 5796 1645 5859 ἕως

1751 4598 1986 4655 mediam
2009 4597 2081 4653 23
2112 4595 2380 4669 Virginis.
2412 4596 2601 4653 Oritur
2624 4598 2802 4668 prima
2826 4598 3063 4656 borealis
3088 4601 3325 4660 maxime

1751 4690 1805 4744 in
1838 4689 2017 4745 fronte
2059 4689 2401 4759 positarum;
2450 4688 2748 4745 novissime
2780 4704 2910 4744 vero
2945 4691 3106 4749 tertia
3143 4699 3325 4747 verte-

1749 4780 1850 4837 bra
1873 4781 1942 4836 ab
1970 4796 2057 4846 ea,
2095 4795 2216 4850 quae
2258 4789 2342 4835 est
2374 4779 2427 4834 in
2458 4778 2756 4844 Centauro,
2801 4789 3126 4850 numerata;
3170 4792 3322 4839 sexta

1750 4888 1916 4945 porro
1949 4873 2017 4928 ab
2050 4873 2139 4937 iis,
2174 4887 2296 4943 quae
2330 4882 2461 4927 sunt
2492 4871 2549 4925 in
2578 4879 2821 4941 pectore.
2854 4871 3131 4928 Culminat
3160 4880 3325 4930 caete—

1749 4982 1936 5022 rarum
1981 4965 2152 5036 prior,
2200 4965 2379 5020 lucida
2418 4979 2541 5034 qua:
2588 4971 2675 5020 est
2720 4964 2776 5018 in
2826 4971 3047 5035 pectore
3097 4967 3324 5038 majoris

1750 5059 1937 5128 Ursae;
1963 5068 2018 5116 et
2048 5061 2104 5115 in
2132 5057 2320 5131 Hydro
2341 5067 2581 5131 quatuor
2613 5073 2643 5112 a
2678 5058 3021 5115 lucidissima
3044 5068 3172 5118 ante
3192 5060 3326 5118 Cra-

1750 5159 1920 5206 terem
1938 5151 2169 5206 sitarum
2192 5149 2261 5204 ab
2276 5147 2560 5205 occidente
2580 5149 2744 5205 tertia
2768 5167 2783 5218 ;
2807 5150 3106 5207 novissime
3124 5151 3288 5224 Spica
3305 5195 3321 5219 ,

1748 5253 1804 5302 et
1840 5243 2102 5299 Centauri
2149 5242 2377 5299 sinister
2423 5243 2711 5309 humerus,
2754 5244 2914 5315 quasi
2961 5244 3325 5302 semicubitali

1749 5337 1929 5409 spatio
1960 5336 2325 5393 meridianum
2350 5336 2686 5407 pracedens.
2721 5334 2909 5391 Oritur
2939 5337 3206 5409 Scorpius
3226 5337 3326 5392 ho-

1750 5433 1827 5488 ris
1856 5433 1910 5497 5,
1943 5430 2180 5501 demptis
2211 5428 2245 5483 6
2274 5429 2573 5501 scrupulis.

1819 5697 1956 5752 Cum
1988 5694 2318 5768 Sagittarius
2351 5694 2551 5758 oritur,
2581 5692 2836 5748 ascendit
2874 5706 3000 5748 cum
3040 5706 3108 5747 eo
3137 5691 3325 5747 mdia-

1749 5806 1848 5849 cus
1877 5808 1907 5848 a
1949 5800 2104 5863 parte
2141 5789 2175 5845 6
2204 5787 2487 5860 Sagittarii
2518 5783 2701 5843 media
2750 5787 2821 5844 ad
2863 5785 3185 5858 Capricorni
3220 5784 3319 5854 18;
3410 5783 3416 5789 ’
