3800 6326
479 321 617 378 1125

1487 323 1578 376 AD
1617 320 1880 378 EUSEBII
1917 320 2312 378 CIIRONICON
2355 316 2714 373 APPENDIX.

3558 315 3696 373 “25

476 431 742 489 culminat
770 446 800 485 a
831 439 983 502 parte
1013 432 1186 488 media
1212 431 1451 503 Virginis
1479 431 1554 486 20
1579 432 1645 485 ad
1669 423 1883 503 Scorpii
1909 448 2019 488 me-

2146 433 2411 503 Αἰγόκερω
2439 437 2536 502 ιη’·
2571 428 2896 501 μεσουρανεῖ
2920 426 2976 480 δὲ
3001 425 3107 480 ἀπὸ
3136 425 3412 500 Παρθένου
3446 433 3494 481 κ’
3530 427 3696 500 μέσης

475 525 623 578 diam
645 525 699 580 9.
733 522 888 577 Prior
919 524 1092 576 oritur
1121 525 1276 578 stella
1298 539 1419 594 quae.
1446 532 1530 578 est
1559 525 1612 578 in
1645 524 1909 594 cuspide;
1950 524 2034 604 ul-

477 618 613 670 tima
646 629 774 670 vero
808 614 1006 676 lucida,
1053 630 1172 684 quae
1218 624 1301 669 est
1339 615 1394 668 in
1441 615 1670 684 pedibus
1713 607 2035 685 posteriori-

451 706 602 798 ‘bus.
661 706 988 760 Cazterarum
1039 706 1318 760 stellarum
1362 706 1627 759 culminat
1669 708 1858 774 prima,
1913 720 2035 775 qua:

475 807 561 852 est
599 798 653 852 in
684 797 906 851 sinistro
935 795 1173 865 Virginis
1204 797 1375 850 cubiti
1405 796 1570 861 ﬂexu,
1608 799 1887 868 paululum
1928 812 2036 852 me-

478 888 746 941 ridianum
791 887 1155 954 antecedens;
1188 887 1378 940 ultima
1405 903 1556 951 vero,
1589 889 1765 942 media
1797 896 1850 943 et
1897 887 2036 941 luci-

476 976 700 1032 dissima
732 977 1031 1042 stellarum,
1061 992 1182 1046 quze
1214 977 1268 1030 in
1303 987 1522 1045 pectore
1559 976 1768 1049 Scorpii
1793 1019 1808 1043 ,
1842 985 1895 1033 et
1915 992 2035 1048 quae

474 1066 531 1119 in
565 1067 785 1121 sinistra
819 1083 978 1120 manu
1018 1078 1102 1122 est
1127 1066 1407 1136 Anguil‘eri
1441 1089 1454 1123 :
1493 1070 1618 1123 item
1652 1071 1807 1124 tertia
1839 1085 2037 1124 secun-

475 1156 604 1210 dum
657 1158 1047 1226 consequentia
1107 1159 1387 1227 signorum
1437 1159 1503 1212 ab
1551 1159 1730 1214 lucida
1770 1159 2033 1225 Coronae,

476 1249 635 1319 quasi
658 1249 966 1304 semicubiti
997 1250 1286 1304 intervallo
1315 1250 1674 1305 meridianum
1701 1252 2034 1323 przecedens.

475 1337 663 1394 Oritur
692 1336 1021 1409 Sagittarius
1050 1339 1202 1393 boris
1235 1337 1288 1393 5.

545 1427 614 1482 Χ.
656 1427 994 1497 Capricorno
1033 1429 1380 1493 ascendente,
1413 1427 1669 1484 zodiacus
1703 1429 1875 1484 oritur
1909 1445 2035 1487 cum

475 1532 542 1572 eo
566 1533 596 1571 a
640 1516 917 1588 Sagittarii
967 1526 1120 1588 parte
1153 1517 1224 1571 29
1256 1519 1429 1573 media
1465 1517 1532 1573 ad
1570 1519 1890 1589 Capricorni
1933 1521 2034 1588 27;

476 1609 740 1664 culminat
787 1624 816 1662 a
858 1608 1033 1663 Libra:
1076 1617 1228 1679 parte
1265 1609 1327 1664 19
1374 1610 1553 1664 media
1586 1611 1653 1664 ad
1685 1610 1751 1667 18
1800 1609 2034 1681 Scorpii.

475 1694 633 1751 Prior
665 1697 841 1750 oritur
870 1697 1028 1751 stella
1074 1698 1348 1752 borealior
1391 1699 1715 1766 lucidarum,
1750 1717 1870 1772 quae
1910 1709 2038 1758 sunt
2072 1691 2078 1697 ’

2137 525 2239 587 ἓως
2266 524 2528 596 Σκορπίου
2556 523 2598 575 θ’
2627 522 2816 592 μέσης.
2854 521 2962 574 Καὶ
2993 527 3040 572 a'
3079 520 3175 591 μὲν
3219 521 3398 592 ἀστὴρ
3419 521 3695 575 ἀνατέλλει

2134 615 2164 666 6
2199 617 2256 667 ὲν
2282 618 2348 685 τῇ
2379 614 2542 674 ἀκίδι,
2575 613 2798 683 ἔσχατος
2835 613 2891 665 δὲ
2935 613 2964 665 6
3009 613 3067 665 ἐν
3105 614 3214 675 τοῖς
3257 612 3528 675 ὀπισθίοις
3573 611 3702 666 ποσὶ

2135 705 2401 778 λαμπρός.
2433 708 2768 777 Μεσουρανεῖ
2796 705 2853 758 δὲ
2896 704 3002 758 τῶν
3035 704 3206 757 ἀλλων
3239 704 3488 773 ἀστέρων
3523 711 3570 756 a'
3605 706 3698 774 μὲν

2133 799 2234 868 τῆς
2285 799 2558 870 Παρθένου
2605 801 2632 851 6
2676 799 2736 850 ἐν
2781 796 2859 868 τῷ
2910 795 3176 868 ἀριστερῷ
3215 795 3462 864 ἀγκῶνι,
3511 796 3698 866 μικρὸν

2135 889 2538 960 προηγούμενος
2575 886 2666 940 τοῦ
2705 884 3072 957 μεσημϐρινοῦ
3096 900 3108 913 ·
3157 883 3382 953 ἔσχατος
3417 883 3477 935 δὲ
3509 883 3602 934 τοῦ
3643 899 3702 934 τε

2135 981 2402 1051 Σκορπίου
2433 980 2460 1031 6
2492 978 2660 1048 μέσος
2695 977 2801 1030 τῶν
2846 979 2902 1029 ὲν
2948 975 3025 1046 τῷ
3068 975 3248 1046 στήθει
3295 975 3697 1046 λαμπρότατος,

2137 1070 2230 1122 καὶ
2257 1070 2284 1120 6
2316 1071 2372 1122 ὲν
2405 1070 2470 1138 τῇ
2501 1068 2762 1137 ἀριστερᾷ
2790 1066 2931 1136 χειρὶ
2970 1064 3061 1118 τοῦ
3101 1062 3384 1133 Ὀφιούχου
3407 1081 3420 1093 ·
3470 1064 3564 1116 καὶ
3610 1063 3701 1114 τοῦ

2138 1160 2408 1230 Στεφάνου
2437 1160 2465 1211 6
2490 1159 2536 1228 γ’
2563 1158 2669 1212 ἀπὸ
2711 1158 2801 1210 τοῦ
2831 1156 3080 1228 λαμπροῦ
3120 1156 3210 1208 ἐπὶ
3238 1155 3306 1208 τὰ
3332 1155 3598 1224 ἑπόμενα,
3630 1153 3700 1218 ὡς

2137 1254 2431 1323 ἡμιπήχιον
2485 1249 2892 1321 προηγούμενος
2956 1247 3049 1302 τοῦ
3107 1245 3506 1319 μεσημϐρινοῦ.
3553 1249 3706 1300 Ἀναν-

2136 1340 2306 1392 τέλλει
2333 1340 2389 1392 δὲ
2417 1341 2444 1391 6
2475 1338 2706 1408 Τοξότης
2733 1341 2789 1392 ὲν
2822 1337 2990 1409 ὥραις
3022 1343 3090 1405 γ’.

2207 1432 2262 1485 I'.
2295 1432 2458 1484 Ὅταν
2491 1431 2546 1483 δὲ
2587 1431 2616 1482 6
2648 1431 2960 1501 Αἰγόκερως
3002 1428 3284 1502 ἀνατέλλῃ.
3330 1428 3704 1483 συνανατέλλει

2139 1521 2236 1590 μὲν
2276 1519 2421 1589 αὐτῷ
2449 1521 2477 1572 6
2506 1520 2764 1584 ζωδιακὸς
2795 1520 2901 1573 ἀπὸ
2936 1518 3161 1583 Τοξότου
3190 1519 3299 1590 μοί.
3328 1518 3372 1571 θ’
3406 1520 3500 1572 καὶ
3525 1527 3572 1571 κ’
3609 1519 3701 1588 μέ-

2140 1628 2237 1682 σης
2261 1611 2364 1674 ἕως
2393 1611 2762 1682 Λίγοκέρωτος
2795 1610 2838 1675 ζ’
2871 1610 2964 1665 καὶ
3009 1618 3085 1663 κ’·
3145 1613 3475 1682 μεσουρανεῖ
3507 1611 3562 1664 δὲ
3603 1611 3706 1663 ἀπὸ

2138 1701 2329 1772 Χηλῶν
2361 1703 2425 1755 ιθ¹
2454 1703 2624 1774 μέσης
2647 1703 2750 1766 ἓως
2779 1702 3043 1773 Σκορπίου
3071 1707 3158 1773 ιη’.
3188 1701 3298 1755 Kal.
3330 1701 3378 1754 α’
3406 1703 3506 1773 μὲν
3532 1704 3702 1774 ἁπὴρ

477 1786 532 1839 in
563 1786 822 1856 genibus;
852 1786 1063 1850 ultima,
1096 1787 1397 1843 succedens
1419 1789 1742 1858 lucidarum,
1768 1808 1886 1862 quae
1909 1801 2037 1848 sunt

2146 1793 2411 1849 ἀνατέλλει
2433 1795 2460 1846 6
2487 1794 2818 1866 βορειότερος
2843 1794 2949 1846 τῶν
2981 1796 3038 1846 ὲν
3061 1797 3169 1858 τοῖς
3198 1790 3388 1862 γόνασι
3419 1794 3702 1865 λαμπρῶν,

477 1876 534 1931 ἱη
565 1877 761 1931 cauda.
789 1877 1032 1930 Aliarum
1059 1879 1338 1932 stellarum
1371 1879 1607 1934 medium
1634 1882 1756 1935 εαξιί
1781 1885 2036 1940 verticem

478 1978 628 2025 tenet
665 1968 836 2038 prior,
868 1968 1208 2024 lucidissima
1234 1985 1442 2034 earum,
1471 1988 1593 2042 quae
1625 1984 1753 2029 sunt
1781 1975 1834 2030 in
1858 1976 2038 2032 Bootae

478 2061 700 2131 cingulo
729 2078 742 2114 :
769 2070 825 2114 et
866 2061 920 2113 in
962 2059 1148 2115 Chelis
1193 2061 1527 2118 antecedens
1571 2071 1829 2121 extrema:
1861 2067 2039 2124 Chelaz

480 2151 734 2206 borealis.
780 2150 908 2204 Item
935 2149 1136 2212 lucida,
1181 2166 1301 2220 qua:
1344 2152 1398 2205 in
1443 2151 1706 2223 Serpente
1737 2173 1834 2227 per
1872 2157 2040 2216 Ursas

479 2251 695 2299 meante
723 2243 792 2298 ab
818 2243 1162 2298 extremitate
1183 2243 1370 2298 caudae
1395 2245 1556 2300 tertia
1587 2260 1924 2315 numeratur,
1956 2266 2041 2307 se-

478 2333 778 2390 micubitali
825 2335 1001 2404 spatio
1044 2334 1402 2390 meridianum
1451 2338 1800 2408 przecedens;
1848 2343 2040 2397 ultimo

479 2427 741 2481 culminat
775 2425 963 2481 dexter
988 2426 1250 2482 humerus
1278 2428 1574 2499 Ingeniculi
1601 2447 1615 2495 ;
1643 2440 1694 2486 et
1727 2449 1848 2502 quae
1887 2449 1917 2487 a
1955 2450 2042 2506 se-

479 2516 790 2587 ptentrione
815 2517 1027 2586 adjacet
1051 2535 1116 2574 ex
1147 2519 1213 2575 iis
1246 2534 1366 2589 qua:
1407 2520 1460 2575 in
1488 2521 1682 2578 dextro
1712 2541 1871 2581 crure
1914 2536 2042 2580 sunt

479 2607 746 2679 ejusdem.
769 2608 954 2665 Oritur
981 2609 1345 2682 Capricornus
1376 2612 1508 2668 hora
1538 2615 1587 2679 1,
1621 2616 1723 2671 50'.

548 2793 685 2850 Cum
737 2794 975 2866 Aquario
1038 2796 1298 2852 zodiacus
1353 2796 1585 2868 emergit
1638 2811 1667 2849 a
1721 2796 2041 2867 Capricorni

477 2895 634 2958 parte
680 2887 714 2942 6
761 2889 826 2943 ad
869 2889 1092 2958 Aquarii
1134 2888 1197 2943 21
1247 2888 1516 2952 mediam;
1570 2890 1832 2943 culminat
1881 2905 1909 2942 a
1951 2889 2043 2942 Li-

480 2975 590 3029 bra:
615 2975 683 3028 27
715 2976 779 3030 ad
809 2975 1085 3048 Sagittarii
1111 2977 1160 3031 7.
1194 2977 1373 3030 Prima
1413 2978 1694 3032 stellarum
1729 2980 1908 3032 oritur
1939 2995 2040 3032 an-

480 3067 734 3122 tecedens
771 3083 890 3121 eam
935 3084 1056 3137 qua:
1105 3075 1188 3122 est
1233 3069 1286 3122 in
1343 3084 1508 3121 manu
1557 3069 1810 3135 sinistra;
1849 3071 2039 3124 ultima

480 3172 632 3225 vero,
665 3157 842 3211 lucida
872 3157 1024 3226 pedis
1048 3157 1243 3211 dextri.
1271 3154 1545 3210 Culminat
1573 3173 1603 3211 e
1633 3159 1840 3211 czeteris
1865 3159 2036 3227 prior,

481 3263 603 3318 qum
638 3255 722 3303 est
764 3247 819 3300 in
851 3237 1028 3316 capite
1075 3247 1275 3300 Bootze.
1318 3244 1545 3310 Ultima,
1579 3247 1850 3302 borealior
1881 3247 2043 3320 138

481 3353 671 3395 earum
693 3353 812 3409 qua:
837 3346 964 3394 sunt
987 3337 1042 3392 in
1073 3353 1201 3392 arcu
1235 3336 1552 3408 Sagittarii;
1584 3345 1637 3392 et
1666 3347 1774 3392 tres
1803 3339 1857 3394 in
1893 3340 2042 3396 dire-

481 3440 626 3486 ctum
655 3429 864 3499 positae,
908 3443 970 3481 ac
1005 3428 1228 3484 nomine
1270 3436 1541 3494 carentes,
1588 3443 1708 3496 quae
1741 3432 2042 3485 secundum

482 3520 734 3576 dextrum
764 3520 1047 3572 humerum
1071 3516 1342 3589 Ophiuchi
1375 3537 1387 3573 :
1421 3535 1520 3573 nec
1547 3534 1654 3573 non
1689 3521 1890 3581 lucida,
1923 3537 2044 3590 qua:

481 3621 565 3669 est
588 3613 644 3667 in
673 3611 898 3667 sinistro
939 3611 1146 3667 femore
1174 3611 1498 3683 Ingeniculi,
1532 3611 1688 3681 quasi
1715 3613 2044 3666 semicubito

483 3701 848 3758 meridianum
883 3702 1216 3771 praecedens.
1264 3699 1451 3755 Oritur
1482 3701 1760 3770 Aquarius
1798 3701 1949 3756 horis
1985 3702 2040 3767 2,

485 3803 538 3848 et
568 3793 811 3863 partibus
841 3791 1072 3848 duabus.

559 3993 809 4052 Piscibus
849 3996 1169 4059 orientibus,
1209 3994 1453 4050 ascendit
1483 4009 1607 4048 cum
1639 3992 1746 4048 illis
1789 3993 2046 4048 zodiacus

2137 1891 2360 1962 ἔσχατος
2387 1890 2440 1944 δὲ
2462 1893 2489 1945 6
2512 1889 2772 1961 ἑπόμενος
2797 1889 2904 1942 τῶν
2930 1893 2986 1942 ἐν
3005 1891 3067 1959 τῇ
3093 1888 3226 1960 οὐρᾷ
3249 1887 3541 1958 λαμπρῶν.
3567 1890 3704 1941 Μεσ-

2137 1983 2348 2051 ουρανεῖ
2377 1980 2432 2033 δὲ
2462 1980 2568 2033 τῶν
2599 1978 2770 2033 ἀλλων
2818 1985 2863 2031 α’
2902 1978 2999 2048 μὲν
3034 1977 3126 2031 τοῦ
3160 1994 3218 2029 τε
3269 1977 3484 2030 Bac-3100
3513 1977 3616 2029 τῶν
3649 1979 3704 2028 ἐν

2135 2075 2202 2142 τῇ
2231 2071 2372 2143 ζώνῃ
2399 2073 2428 2125 6
2455 2071 2853 2142 λαμπρότατος,
2885 2072 2976 2124 καὶ
3005 2069 3111 2124 τῶν
3152 2065 3348 2140 Χηλῶν
3381 2072 3410 2123 ὀ
3442 2070 3705 2140 προηγού-

2140 2179 2299 2232 μενος
2325 2161 2423 2231 τῆς
2442 2163 2615 2234 ἄκρας
2639 2162 2737 2231 τῆς
2759 2160 2971 2232 βορείας
3004 2160 3208 2231 Χηλῆς,
3242 2161 3336 2214 καὶ
3360 2161 3455 2213 τοῦ
3490 2160 3576 2214 διὰ
3600 2161 3704 2213 τῶν

2143 2253 2390 2323 ’Λρκτων
2429 2255 2640 2322 Ὄφεως
2667 2255 2694 2305 6
2725 2251 2772 2321 γ’
2801 2253 2894 2306 ἀπ’
2928 2253 3099 2324 ἄκρας
3126 2247 3222 2324 τῆς
3250 2254 3422 2325 οὐρᾶς
3445 2253 3702 2324 ἀριθμού-

2142 2361 2300 2415 μενος
2350 2343 2618 2415 λαμπρὸς,
2684 2344 2760 2408 ὠς
2813 2345 3110 2416 ἡμιπήχιον
3163 2345 3576 2418 προηγούμενος
3616 2345 3706 2399 τοῦ

2143 2435 2512 2507 μεσημϐρινοῦ
2534 2452 2546 2464 ·
2579 2436 2803 2505 ἔσχατος
2831 2436 2886 2490 δὲ
2915 2439 3236 2508 μεσουρανεῖ
3279 2435 3378 2490 τοῦ
3423 2439 3515 2490 Ἐν
3556 2440 3707 2506 760a-

2141 2543 2222 2578 σιν
2254 2528 2280 2580 ὃ
2318 2545 2374 2580 τε
2416 2527 2586 2592 δεξιὸς
2621 2522 2768 2598 ὦμος
2804 2529 2898 2582 καὶ
2929 2531 2957 2582 6
2989 2529 3094 2583 ἀπὸ
3124 2529 3325 2600 ἄρκτου
3373 2533 3708 2603 παρακείμε-

2138 2635 2225 2681 νος
2249 2617 2356 2672 τῶν
2398 2620 2456 2672 ὲν
2493 2623 2558 2689 τῇ
2595 2621 2742 2692 δεξιᾷ
2765 2623 2966 2696 κνήμῃ.
3015 2621 3315 2679 Ἀνατέλλει
3347 2626 3405 2680 δὲ
3437 2630 3465 2680 6
3491 2624 3709 2696 Αἰγόκεο

2143 2726 2248 2780 ρως
2274 2712 2330 2763 ὲν
2363 2709 2481 2782 ὥρα
2513 2711 2562 2763 α’
2591 2713 2686 2764 καὶ
2714 2713 2920 2783 ἡμίσει,
2952 2716 3044 2768 καὶ
3081 2723 3128 2783 γ’
3163 2716 3340 2788 μέρει.

2211 2803 2376 2854 Ὅταν
2407 2803 2461 2855 δὲ
2493 2806 2520 2857 6
2563 2804 2841 2875 ’Υδροχόος
2875 2806 3156 2880 ἁνατέλλῃ,
3203 2809 3581 2864 συνανατέλλει
3615 2812 3707 2881 μὲν

2141 2893 2288 2964 αὐτῷ
2319 2895 2347 2944 6
2379 2893 2641 2959 ζωδιακὸς
2685 2897 2790 2948 ἀπὸ
2829 2899 3106 2973 Λίγόκερω
3138 2901 3246 2968 μοί.
3285 2907 3338 2964 ς’
3381 2901 3490 2965 ἕως
3530 2903 3708 2972 ’Υδροο

2140 2985 2264 3054 χόου
2295 2993 2341 3038 α’
2371 2988 2463 3040 καὶ
2497 2994 2541 3039 κ’
2576 2988 2774 3059 μέσης⁶
2811 2993 3130 3060 μεσουρανεῖ
3155 2991 3209 3042 δὲ
3241 2991 3350 3044 ἀπὸ
3375 2993 3573 3064 Χηλῶν
3603 2996 3705 3064 μοί.

2143 3075 2186 3141 ζ’
2217 3077 2311 3130 καὶ
2336 3076 2382 3130 κ’
2407 3077 2510 3141 ἓως
2543 3080 2584 3130 Τ
2588 3079 2769 3145 οξότου
2797 3081 2860 3142 ξ’.
2885 3080 2995 3133 Καὶ
3019 3087 3066 3132 α’
3101 3080 3199 3150 μὲν
3232 3082 3411 3154 ἀστὴρ
3440 3080 3709 3137 ἀνατέλλει

2141 3169 2169 3220 6
2199 3168 2495 3242 ἡγούμενος
2531 3171 2624 3225 τοῦ
2661 3172 2721 3227 ἐν
2763 3175 2829 3245 τῇ
2881 3173 3139 3246 ἀριστερᾷ
3167 3174 3329 3247 χειρὶ,
3357 3175 3585 3248 ἔσχατος
3609 3177 3663 3232 δὲ
3684 3180 3710 3232 6

2141 3259 2200 3314 ὲν
2227 3262 2304 3332 τῷ
2333 3262 2488 3333 δεξιῷ
2517 3264 2636 3316 ποδὶ
2665 3265 2931 3336 λαμπρός.
2959 3268 3298 3338 Μεσουρανεί
3325 3264 3384 3322 δὲ
3414 3269 3522 3322 τῶν
3548 3271 3708 3324 ἄλλων

2143 3365 2192 3410 α’
2223 3358 2320 3428 μὲν
2347 3360 2374 3411 6
2408 3359 2464 3410 ὲν
2496 3361 2560 3428 τῇ
2593 3358 2800 3429 κεφαλῇ
2839 3359 2932 3412 τοῦ
2975 3358 3206 3421 Βοώτου,
3249 3359 3481 3430 ἔσχατος
3523 3361 3576 3414 δὲ
3622 3363 3709 3414 τοῦ

2145 3447 2369 3513 Τοξότου
2415 3451 2443 3502 6
2496 3448 2827 3522 βορειότερος
2876 3450 2982 3503 τῶν
3033 3453 3089 3503 ὲν
3139 3450 3216 3520 τῷ
3266 3451 3442 3520 τόξῳ’
3487 3453 3578 3506 καὶ
3623 3452 3709 3506 τοῦ

2157 3540 2434 3612 Ὀφιούχου
2477 3544 2524 3594 0i.
2577 3542 2727 3612 παρά
2771 3541 2861 3595 τὸν
2911 3542 3080 3609 δεξιὸν
3125 3541 3272 3612 ὦμον
3309 3550 3359 3612 γ’
3392 3545 3483 3596 ἐπ’
3509 3543 3710 3606 εὐθείας

2144 3629 2598 3702 ἀκατονόμαστοι·
2632 3631 2844 3684 καὶτοῦ
2888 3633 2975 3686 Ἐν
3026 3633 3247 3701 γόνασιν
3298 3633 3329 3685 6
3378 3635 3439 3687 ὲν
3485 3635 3561 3704 τῷ
3592 3635 3708 3704 691-

2149 3722 2325 3794 στερῷ
2362 3723 2520 3794 μηρῷ
2559 3723 2828 3795 λαμπρὸς,
2862 3723 2936 3786 ὡς
2976 3726 3274 3796 ἡμιπήχιον
3310 3726 3710 3797 προηγούμενος

2144 3812 2236 3866 τοῦ
2267 3813 2658 3884 μεσημϐρινοῦ.
2693 3813 2991 3866 ’Λνατέλλει
3020 3813 3075 3866 δὲ
3100 3817 3128 3868 6
3158 3815 3447 3886 ’Υδροχόος
3470 3819 3526 3870 ὲν
3552 3815 3709 3886 ὥραις

2148 3905 2192 3976 β’
2221 3906 2316 3958 καὶ
2345 3907 2464 3958 δυσὶ
2497 3906 2716 3976 μέρεσιν
2747 3905 2916 3976 ὥρας.

2219 3997 2384 4050 Ὅταν
2414 3996 2468 4048 δὲ
2505 3998 2551 4048 οἱ
2593 3996 2790 4066 Ἰχθύες
2827 3997 3174 4063 ἀνατέλλωσι,
3208 3999 3585 4054 συνανατέλλει
3615 4000 3707 4070 μὲν

488 4089 557 4143 ab
584 4088 810 4158 Aquarii
853 4099 1005 4157 parte
1032 4087 1062 4139 7
1112 4086 1178 4140 ad
1212 4086 1413 4142 Arietis
1465 4085 1568 4152 i6;
1609 4084 1872 4139 culminat
1913 4101 1942 4137 a
1975 4083 2038 4138 26

2146 4089 2327 4151 αὐτοῖς
2355 4089 2382 4140 6
2407 4087 2665 4151 ζωδιακὸς
2696 4087 2802 4140 ἀπὸ
2836 4088 3114 4158 Ὑδροχόου
3158 4090 3272 4159 μοί.
3321 4090 3364 4153 ζ’
3412 4091 3515 4153 ἕως
3547 4089 3706 4161 Κριοῦ

490 4179 700 4250 Scorpii
731 4179 798 4233 ad
843 4178 1161 4248 Capricorni
1185 4179 1236 4233 9.
1265 4178 1425 4232 Prior
1456 4179 1680 4247 emergit
1713 4195 1832 4248 qua:
1860 4179 1913 4232 in
1951 4195 2038 4232 ex-

2151 4177 2222 4242 ις’
2242 4195 2256 4209 ⁶
2291 4180 2610 4248 μεσουρανεῐ
2639 4177 2694 4230 δὲ
2729 4177 2836 4230 ἀπὸ
2878 4177 3144 4248 Σκορπίου
3178 4179 3291 4248 μοί.
3332 4186 3386 4244 ς’
3417 4181 3510 4234 καὶ
3538 4180 3583 4233 κ’
3613 4181 3708 4238 ἕως

487 4281 660 4329 tremo
707 4279 885 4327 rostro
933 4271 1108 4328 Piscis
1139 4267 1781 4338 australis;'novissima,
1819 4287 1940 4341 qua:
1991 4273 2038 4324 in

2146 4270 2428 4339 Αἰγόκερω
2460 4269 2568 4338 μοί.
2618 4269 2680 4322 θ’.
2714 4269 2826 4321 Καὶ
2863 4275 2910 4322 α’
2945 4270 3042 4340 μὲν
3073 4270 3252 4341 ἀστὴρ
3287 4271 3562 4324 ἀνατέλλει
3599 4274 3626 4324 6
3656 4274 3708 4322 ἐν

486 4364 637 4419 Nodo
671 4364 956 4418 linearum.
985 4362 1312 4418 Catterarum
1344 4364 1519 4434 prima
1545 4363 1808 4417 culminat
1837 4377 1956 4433 quae
1990 4363 2038 4415 in

2148 4363 2300 4433 ἄκρῳ
2325 4361 2402 4431 τῷ
2427 4361 2614 4431 ῥύγχει
2639 4361 2730 4414 τοῦ
2762 4361 2936 4414 νοτίου
2973 4360 3195 4431 Ἰχθύος,
3231 4363 3462 4434 ἔσχατος
3499 4364 3549 4416 δὲ
3587 4364 3615 4414 6
3656 4365 3708 4413 ὲν

487 4472 745 4528 processu
781 4456 953 4512 dextri
998 4455 1221 4511 femoris
1267 4455 1597 4526 lugeniculi;
1638 4464 1692 4512 et
1719 4471 1840 4526 qua:
1889 4470 1919 4508 a
1959 4471 2038 4510 se-

2149 4451 2224 4522 τῷ
2248 4449 2534 4519 Συνδέσμῳ
2556 4450 2659 4502 τῶν
2693 4449 2871 4503 λίνων.
2919 4450 3268 4519 Μεσουρανεῖ
3313 4452 3370 4504 δὲ
3412 4452 3520 4504 τῶν
3547 4450 3707 4504 ἄλλων

485 4548 886 4619 ptenlrionibus
923 4547 1130 4617 adjacet
1163 4546 1230 4601 iis
1261 4562 1382 4616 quae
1414 4555 1543 4601 sunt
1575 4547 1629 4600 in
1661 4547 1850 4600 aculeo
1881 4543 2038 4598 Scor<

2146 4547 2192 4595 α’
2221 4540 2318 4610 μὲν
2351 4539 2444 4591 τοῦ
2470 4555 2526 4591 τε
2563 4541 2649 4592 Ἐν
2680 4539 2898 4607 γόνασιν
2925 4541 2953 4592 6
2980 4542 3036 4592 ἐν
3056 4541 3120 4610 τῇ
3157 4542 3392 4612 ἐκφύσει
3425 4542 3516 4596 τοῦ
3545 4538 3706 4604 δεξιοῦ

485 4641 594 4710 pii;
633 4655 754 4711 quae
785 4648 967 4693 autem
1018 4641 1072 4694 in
1123 4639 1300 4708 capite
1343 4646 1428 4693 est
1476 4637 1798 4708 lngenieuli,
1829 4637 2038 4690 duabus

2146 4629 2341 4702 μηροῦ,
2362 4630 2456 4683 καὶ
2490 4629 2580 4682 τοῦ
2608 4629 2874 4697 Σκορπίου
2913 4631 2940 4682 6
2973 4629 3065 4682 ἀπ’
3110 4629 3338 4702 ἄρκτων
3385 4632 3708 4702 παρακείμε-

485 4733 704 4787 circiter
731 4732 894 4786 cubiti
931 4730 1177 4801 partibus
1221 4739 1305 4784 est
1336 4731 1474 4784 citra
1509 4729 1908 4794 meridianum;
1952 4743 2038 4798 po-

2146 4736 2228 4782 νος
2255 4721 2366 4780 τοῖς
2399 4719 2456 4771 ὲν
2493 4716 2834 4789 τῷκέντρῳο
2864 4717 2891 4768 6
2931 4716 2986 4769 δὲ
3030 4718 3086 4769 ἐν
3130 4722 3200 4790 τῇ
3248 4722 3458 4792 κεφαλῇ
3498 4720 3582 4773 τοῦ
3627 4721 3707 4770 Ἐν

485 4831 688 4878 stremo
719 4824 982 4877 culminat
1012 4822 1307 4877 australior
1332 4836 1540 4883 earum,
1569 4836 1688 4890 quae
1729 4822 1784 4874 in
1815 4820 2038 4892 genibus

2146 4811 2360 4881 γόνασιν
2409 4810 2755 4864 ὑπολείπεται
2804 4809 2896 4861 τοῦ
2951 4809 3334 4883 μεσημϐρινοῦ
3373 4814 3449 4876 ὡς
3492 4812 3531 4882 β’
3574 4810 3706 4880 μέρη

485 4915 842 4984 Capricorni:
873 4923 926 4969 et
963 4925 1082 4982 qua:
1125 4913 1179 4966 in
1212 4919 1434 4982 gutture
1473 4919 1557 4965 est
1594 4910 1744 4976 Avis,
1781 4918 1945 4980 atque
1990 4909 2038 4963 in

2146 4906 2388 4976 πήχεως·
2421 4902 2646 4972 ἔσχατον
2679 4902 2735 4955 δὲ
2765 4903 3080 4972 μεσουρανεί
3125 4902 3224 4955 τοῦ
3276 4922 3339 4957 τε
3388 4904 3652 4973 Αὶγόκερω
3684 4902 3707 4951 ὁ

483 5005 624 5060 ﬂexu
655 5008 751 5061 ala:
783 5007 1037 5060 dexterae.
1063 5003 1327 5057 Oriuntur
1354 5001 1540 5056 Pisces
1568 5003 1715 5056 horis
1749 5003 1801 5063 5,
1835 5003 1904 5054 6'.

2146 4996 2456 5066 νοτιώτερος
2499 4993 2604 5047 τῶν
2653 4996 2712 5047 ὲν
2772 4997 2882 5058 τοῖς
2931 4994 3155 5062 γόνασιν
3229 4997 3435 5061 αὐτοῦ,
3489 4995 3576 5048 καὶ
3617 4991 3704 5043 τοῦ

489 5099 736 5170 Ὄρνιθος
767 5101 794 5150 6
821 5099 878 5149 ὲν
908 5095 986 5165 τῷ
1007 5095 1258 5166 λάρυγγι,
1291 5096 1384 5147 καὶ
1408 5094 1498 5148 τοῦ
1525 5097 1581 5148 ὲν
1611 5095 1688 5166 τῷ
1709 5094 1916 5162 ἀγκῶνι
1945 5091 2044 5161 τῆς
2077 5089 2254 5155 δεξιᾶς
2319 5089 2611 5158 πτέρυγος.
2647 5086 3019 5140 Ἀνατέλλουσι
3043 5089 3100 5142 δὲ
3127 5089 3177 5140 οἱ
3212 5088 3418 5159 ’ἰχθύες
3447 5091 3503 5142 ὲν
3551 5085 3704 5154 ὥραις

485 5197 534 5258 γ’
561 5190 653 5242 καὶ
683 5187 711 5239 ι’
741 5187 913 5257 μέρει.

472 5277 474 5279 ’
555 5280 646 5334 XI.
688 5279 823 5332 Cum
859 5277 1038 5331 Ariete
1078 5275 1332 5332 zodiacus
1371 5277 1545 5331 oritur
1589 5293 1618 5331 a
1664 5277 1844 5333 media
1883 5286 2038 5346 parte

2209 5269 2312 5322 Μ’.
2337 5267 2427 5338 Τῷ
2449 5267 2506 5320 δὲ
2527 5265 2680 5338 Κριῷ
2715 5266 3089 5320 συνανατέλλει
3119 5265 3218 5336 μὲν
3253 5267 3282 5318 6
3322 5266 3576 5331 ζωδιακὸς
3602 5264 3704 5316 ἀπὲ

489 5371 556 5425 19
584 5369 823 5423 Piscium
859 5367 924 5420 ad
961 5366 1159 5420 Arietis
1193 5366 1258 5420 '24
1281 5384 1294 5432 ;
1319 5369 1577 5422 culminat
1605 5383 1634 5421 a
1662 5368 1937 5439 Sagittarii
1962 5368 2034 5421 24

2151 5361 2369 5432 ’ἰχθύων
2400 5359 2509 5430 μοι.
2545 5359 2608 5411 ιθ⁹
2639 5360 2807 5429 μέσης
2833 5359 2936 5424 ἕως
2959 5358 3130 5430 Κριοῦ
3153 5360 3196 5412 δ’
3225 5361 3320 5413 κα1¹
3346 5367 3430 5414 κ’·
3461 5374 3702 5430 μεσουρα-

487 5457 660 5512 media
694 5455 760 5509 ad
806 5454 1120 5524 Capricorni
1153 5456 1236 5510 M.
1268 5455 1448 5509 Prima
1477 5457 1651 5509 oritur
1698 5471 1760 5512 ea
1801 5473 1920 5526 qua:
1959 5464 2038 5510 est

2146 5457 2217 5507 vei
2248 5454 2303 5505 δὲ
2337 5453 2444 5505 ἀπὸ
2466 5451 2690 5514 Τοξότου
2713 5451 2753 5502 δ’
2777 5453 2871 5504 καὶ
2900 5458 2948 5504 κ’
2973 5453 3144 5524 μέσης
3183 5452 3293 5515 ἕως
3326 5453 3595 5521 Αὶγόκερω
3628 5447 3700 5498 ιδ’.

487 5551 543 5603 in
579 5547 838 5602 anteriori
893 5548 1058 5616 pede;
1106 5549 1316 5611 ultima,
1353 5549 1653 5604 succedens
1687 5565 1873 5605 earum
1920 5563 2038 5618 qua

2146 5546 2248 5597 Καὶ
2279 5550 2326 5594 α’
2364 5544 2460 5613 μὲν
2487 5543 2661 5613 ἀστὴρ
2704 5543 2978 5596 ἀνατέλλει
3025 5545 3054 5595 6
3109 5545 3204 5596 ἐπὶ
3247 5545 3342 5596 τοῦ
3387 5539 3704 5614 ὲμπροσθξού

489 5640 709 5693 suntin
765 5637 957 5692 cauda.
1003 5639 1326 5698 Ceterarum
1376 5640 1658 5704 culminat,
1710 5641 2038 5695 antecedens

2146 5634 2312 5699 ιτοδὸς,
2345 5633 2566 5703 ἔσχατος
2596 5635 2651 5687 δὲ
2687 5635 2715 5685 6
2752 5635 3010 5705 ἑπόμενος
3043 5635 3152 5689 τῶν
3196 5637 3255 5688 ἐν
3284 5640 3349 5708 τῇ
3387 5637 3535 5708 οὐρᾷ.
3565 5633 3705 5684 Μεσ-

485 5741 678 5784 earum
704 5740 824 5796 qua
857 5734 982 5782 sunt
1014 5727 1068 5782 in
1093 5727 1224 5798 jugo
1256 5723 1548 5782 Fidiculaaz
1588 5730 1714 5783 item
1732 5727 2035 5783 succedens

2146 5726 2349 5798 >09avsi
2389 5724 2444 5778 δὲ
2491 5725 2598 5778 τῶν
2647 5726 2817 5780 ἄλλων
2865 5727 2961 5802 τῆς
3009 5744 3067 5780 τε
3124 5727 3311 5800 Δύρας
3353 5731 3384 5782 6
3420 5724 3705 5798 ήγούμεψς
