3800 6316
95 323 214 377 1125

1033 320 1399 380 IIIPPARCHI
1434 323 1524 377 AD
1559 323 2006 380 PHENOMENA
2035 324 2163 380 LIB.
2196 324 2282 380 ΙΙΙ.

3160 322 3299 381 11ἳο

89 437 179 488 τῶν
195 434 250 484 ἐν
272 433 355 502 τῷ
379 431 685 503 ζυγὼματι,
713 433 806 486 καὶ
832 433 924 486 τοῦ
949 434 1173 500 Τοξότου
1200 435 1228 486 6
1252 435 1513 505 ἑπόμενος
1535 437 1634 488 τῶν

1743 452 1930 492 earum
1963 452 2082 506 quae
2106 445 2236 492 sunt
2275 437 2330 491 in
2363 443 2514 506 tergo
2544 433 2840 505 Sagittarii,
2881 435 3093 492 duabus
3123 437 3297 499 cubiti

90 528 137 578 ‘sv
154 523 226 594 τῷ
249 522 428 594 νώτῳ,
463 524 538 586 ὡς
577 523 618 593 β’
659 524 796 597 μέρη
838 527 1054 596 πήχεως
1095 525 1499 596 προηγούμενος
1547 527 1641 580 τοῦ

90 616 484 689 μεημόρινοῦ·
531 615 756 684 ἔσχατος
796 617 852 668 δὲ
882 619 1201 686 μεσουρανεϊ
1239 616 1330 669 τοῦ
1369 634 1428 669 τε
1462 617 1644 688 Ὑδρο-

87 711 194 780 χόου
237 712 266 762 ὁ
295 709 564 777 ἑπόμενος
588 707 696 760 τῶν
734 709 792 760 ὲν
832 710 896 778 τῇ
941 707 1202 779 ἀριστερᾷ
1232 707 1392 779 χειρὶ,
1421 707 1514 760 καὶ
1547 707 1642 761 τοῦ

90 799 355 869 Αἰγόκερω
379 801 409 851 6
439 800 498 852 ἐν
524 796 602 867 τῷ
634 796 838 866 στήθει,
860 799 951 850 καὶ
975 797 1066 850 τοῦ
1087 797 1334 865 Δελφῖνος
1356 798 1383 849 6
1410 798 1643 868 ἡγούμε-

85 909 161 952 νος
209 891 318 944 τῶν
358 891 418 942 ὲν
451 892 516 959 τῇ
558 890 715 959 οὐρᾷ.
756 890 1053 943 Ἀνατέλλει
1091 890 1150 942 δὲ
1179 889 1208 941 6
1238 889 1405 960 Κριὸς
1435 892 1492 944 ἐν
1523 891 1643 964 ῶρᾳ

85 979 124 1034 α’
151 982 241 1033 καὶ
267 981 390 1033 δυσὶ
416 980 870 1050 πεμπτημορίοις.

144 1074 245 1126 Τοῦ
287 1074 345 1126 δὲ
398 1072 612 1143 Ταύρου
660 1073 1054 1137 ἀνατέλλοντος,
1105 1077 1482 1130 συνανατέλλει
1544 1075 1642 1146 μὲν

83 1163 214 1234 αύτῷ
250 1166 279 1217 6
311 1163 574 1227 ζωδιακὸς
623 1165 729 1217 ἀπὸ
779 1165 989 1236 Ταύρου
1046 1167 1154 1236 μοί.
1201 1168 1244 1232 ζ’
1283 1169 1386 1232 ἕως
1429 1168 1642 1240 Ταύρου

86 1259 183 1327 μοί.
210 1257 254 1310 θ’
285 1257 382 1310 καὶ
426 1263 507 1310 κ’⁶
539 1260 860 1328 μεσουρανεῖ
900 1258 956 1310 δὲ
992 1258 1097 1311 ἀπὸ
1125 1259 1494 1332 Αίγοκέρωτος
1528 1261 1636 1331 μοί.

85 1351 122 1418 β’
143 1348 232 1402 καὶ
259 1355 306 1401 κ’
338 1348 509 1419 μέσης
546 1349 653 1411 ἕως
689 1348 970 1418 ’Υδροχόου
1001 1348 1075 1408 θ’.,
1111 1351 1219 1402 Καὶ
1247 1357 1293 1403 α’
1334 1351 1432 1420 μὲν
1467 1351 1642 1422 ἀστὴρ

82 1439 348 1492 ἀνατέλλει
372 1441 401 1492 6
426 1439 746 1502 νοτιῶτατος
782 1440 891 1492 τῶν
928 1442 986 1493 ὲν
1027 1445 1093 1512 τῇ
1125 1443 1371 1512 ἀποτομῇ
1394 1441 1454 1504 δ’,
1479 1428 1673 1512 ἓσχα-’

78 1549 159 1594 τος
193 1532 250 1585 δὲ
291 1534 321 1585 6
358 1533 418 1585 ἐν
454 1531 609 1601 ἄκρῳ
648 1531 726 1602 τῷ
760 1530 917 1603 δεξιῷ
963 1533 1167 1604 κέρατι.
1207 1534 1546 1603 Μεσουρανεῖ
1584 1533 1642 1585 δὲ

77 1623 175 1676 τῶν
202 1623 381 1678 ἄλλων
425 1631 474 1678 α’
501 1625 597 1694 μὲν
643 1624 736 1676 τοῦ
779 1625 1024 1695 Ὄρνιθος
1070 1624 1099 1676 6
1145 1626 1202 1678 ὲν
1234 1623 1371 1694 μέσῃ
1410 1626 1476 1694 τῇ
1505 1623 1643 1695 οὐρᾷ

77 1713 336 1784 λαμπρὸς,
374 1714 600 1785 ἔσχατος
645 1715 700 1767 δὲ
737 1714 831 1768 τοῦ
875 1715 1108 1786 Κηφέως
1155 1716 1183 1767 6
1235 1715 1640 1786 προηγούμενος

1749 530 1994 600 partibus
2019 529 2343 584 antecedens
2371 527 2768 595 meridianum;
2804 536 3076 598 postrema
3100 533 3298 586 culmi-

1741 628 1835 674 nat
1857 619 2081 690 Aquarii
2118 620 2418 676 succedens
2463 635 2672 682 earum,
2703 635 2823 689 quae
2862 630 2990 674 sunt
3035 623 3090 676 in
3134 639 3298 680 manu

1741 710 1987 773 sinistra,
2013 720 2066 766 et
2095 727 2216 782 quae
2245 711 2300 764 in
2331 718 2548 780 pectore
2577 710 2895 781 Capricorni
2919 728 2932 777 ;
2969 715 3297 769 antecedens

1739 803 1867 857 item
1911 818 2122 866 earum,
2155 819 2277 873 quae
2321 811 2451 857 sunt
2499 804 2554 857 in
2587 803 2760 858 cauda
2809 802 3078 873 Delphini.
3113 806 3300 862 Oritur

1739 890 1898 949 Aries
1929 893 2060 947 hora
2091 894 2138 958 ι,
2168 893 2272 948 24'.

1812 1069 1994 1124 Tauro
2019 1081 2348 1141 emergente,
2379 1070 2634 1127 zodiacus
2669 1073 2868 1137 oritur,
2903 1089 2931 1126 a
2957 1083 3109 1144 parte
3133 1075 3297 1130 Tauri

1743 1159 1775 1212 7
1807 1161 1873 1214 ad
1901 1159 1998 1226 29;
2031 1160 2292 1215 culminat
2324 1177 2356 1215 a
2382 1160 2702 1231 Capricorni
2728 1162 2799 1216 22
2823 1165 2998 1218 media
3027 1165 3093 1217 ad
3115 1165 3299 1235 Aqua-

1739 1249 1807 1304 rii
1838 1249 1890 1304 9.
1925 1249 2081 1304 Prior
2111 1251 2287 1304 oritur
2333 1251 2732 1306 australissima
2773 1253 2841 1307 de
2883 1262 3138 1322 quatuor,
3179 1270 3300 1325 qua!

1741 1350 1870 1399 sunt
1901 1343 1954 1396 in
1979 1343 2354 1409 abscissione;
2381 1344 2594 1408 ultima,
2614 1359 2734 1414 quae
2757 1354 2840 1400 est
2870 1345 2927 1399 in
2955 1347 3299 1401 extremitate

1738 1436 1915 1491 dextri
1941 1451 2134 1492 cornu.
2161 1436 2490 1491 Caiterarum
2522 1438 2800 1492 stellarum
2836 1439 3098 1493 culminat
3124 1440 3299 1509 prima

1739 1529 1942 1594 lucida,
1972 1545 2093 1598 quae
2131 1535 2215 1584 est
2246 1529 2300 1583 in
2333 1529 2506 1582 cauda
2550 1530 2724 1583 media
2763 1527 2970 1602 Cygni;
3001 1539 3296 1600 postrema,
3325 1572 3328 1576 .

1739 1621 1928 1685 trium,
1966 1635 2086 1690 qua:
2114 1621 2168 1674 in
2195 1620 2374 1690 capite
2401 1620 2600 1690 Cephei
2625 1630 2773 1683 sunt,
2803 1622 3152 1689 antecedens,
3190 1639 3298 1677 una

1739 1728 1863 1768 cum
1895 1711 2088 1767 dextro
2119 1711 2268 1768 illius
2302 1712 2457 1782 pede,
2501 1713 2827 1768 semicubito
2866 1713 3087 1769 circiter
3133 1715 3300 1769 meri-

75 1807 175 1860 τῶν
202 1808 260 1860 ὲν
289 1809 358 1878 τῇ
390 1807 599 1879 κεφαλῇ
629 1813 676 1876 γ’
695 1823 709 1838 ο
755 1809 849 1862 καὶ¹
898 1810 927 1860 6
972 1807 1140 1872 δεξιὸς
1173 1807 1336 1860 αὑτοῦ
1381 1807 1536 1871 ποῦς,
1567 1807 1634 1871 ὡς

1742 1805 1962 1859 dianum
1997 1804 2345 1874 praecedens;
2378 1819 2479 1859 nec
2526 1819 2632 1858 non
2665 1804 2718 1858 in
2761 1805 2983 1875 Aquarii
3024 1820 3161 1860 urna
3187 1821 3301 1862 me-

77 1897 367 1967 ήμιπήχιον
433 1898 839 1969 προηγούμενος
912 1899 1004 1952 τοῦ
1074 1899 1482 1970 μεσημϐρινοῦ·
1548 1899 1640 1952 καὶ

1745 1899 1856 1962 dia,
1895 1897 2218 1952 semicubito
2248 1895 2361 1952 fere
2389 1897 2750 1952 meridianum
2798 1897 3146 1952 antecedens.
3185 1897 3304 1952 Ori-

75 1989 104 2041 6
157 1989 320 2060 μέσος
370 1988 482 2043 τῶν
541 1992 599 2042 ὲν
647 1993 713 2060 τῇ
771 1989 991 2044 κάλπιδι
1045 1991 1139 2044 τοῦ
1184 1991 1464 2062 ’Υδροχόου
1490 2030 1505 2054 ,
1569 1990 1634 2054 ὡς

1750 1997 1842 2045 tur
1871 1987 2085 2044 Taurus
2115 1989 2247 2042 hora
2280 1988 2330 2050 1,
2361 1996 2416 2042 et
2444 1988 2566 2058 1/8.

74 2078 367 2149 ἡμιπήχιον
430 2078 838 2150 προηγούμενος
883 2079 976 2132 τοῦ
1031 2080 1426 2151 μεσημϐρινοῦ.
1472 2079 1768 2133 Ἀνατέλλει
1795 2078 1853 2131 δὲ
1884 2079 1914 2131 6
1947 2077 2154 2149 Ταῦρος
2185 2079 2243 2130 ὲν
2271 2077 2390 2149 ὥρα
2413 2084 2462 2131 α’
2492 2080 2584 2132 καὶ
2608 2084 2657 2149 η’
2690 2079 2864 2150 μέρει.

137 2186 257 2241 Τῶν
285 2186 344 2240 δὲ
379 2185 624 2256 Διδύμων
655 2186 1049 2241 ἀνατελλόντων
1067 2229 1083 2254 ,
1129 2190 1504 2243 συνανατέλλει
1536 2189 1632 2260 μὲν

73 2279 244 2343 αὐτοῖς
278 2280 308 2332 6
352 2277 615 2342 ζωδιακὸς
653 2278 760 2332 ἀπὸ
804 2279 1051 2350 Διδύμων
1093 2279 1202 2350 μοί.
1239 2279 1284 2350 β’
1321 2280 1491 2351 μέσης
1529 2280 1633 2344 ἕως

72 2368 308 2436 Διδύμων
347 2367 426 2419 λ’⁶
481 2370 802 2438 μεσουρανεῖ
845 2368 902 2421 δὲ
938 2369 1046 2422 ἀπὸ
1081 2369 1363 2440 ’Υδροχόου
1409 2370 1516 2440 μοί.
1565 2375 1633 2421 ια’

76 2459 237 2530 μέσης
263 2460 370 2522 ἕως
410 2458 628 2528 Ἰχθύων
657 2459 701 2512 θ’
733 2460 922 2531 μέσης.
952 2462 1060 2514 Καὶ
1089 2460 1136 2514 α’
1173 2462 1271 2532 μὲν
1302 2462 1475 2533 ἀστὴρ
1505 2463 1634 2515 ἀνα-

71 2551 233 2604 τέλλει
262 2553 291 2603 6
323 2553 382 2604 ὲν
415 2553 482 2622 τῇ
512 2552 772 2622 ἀριστερᾷ
815 2553 957 2623 χειρὶ
1006 2553 1100 2605 τοῦ
1141 2554 1444 2624 ἡγουμένου
1489 2553 1641 2607 Διδύ-

77 2661 192 2712 μου,
222 2645 449 2716 ἔσχατος
481 2643 539 2697 δὲ
583 2646 611 2698 6
642 2645 699 2698 ὲν
737 2647 801 2716 τῇ
849 2645 996 2716 δεξιᾷ
1044 2646 1184 2716 χειρὶ
1233 2645 1324 2698 τοῦ
1371 2646 1634 2716 ἑπομένου

73 2736 316 2806 Διδύμου.
351 2737 691 2808 Μεσουρανεῖ
719 2735 775 2789 δὲ
817 2737 924 2789 τῶν
966 2737 1138 2791 ἄλλων
1176 2738 1420 2806 ἀστέρων
1465 2745 1512 2791 a’
1539 2737 1637 2807 μὲν

70 2827 160 2881 τοῦ
188 2828 421 2899 Κηφέως
448 2831 477 2881 6
509 2830 567 2881 ὲν
602 2829 678 2900 τῷ
716 2828 925 2900 σώματι
965 2829 1234 2901 λαμπρὸς,
1274 2830 1368 2882 καὶ
1411 2828 1504 2881 τοῦ
1543 2829 1636 2882 ’Υ-

68 2919 282 2990 δροχόου
322 2923 351 2974 6
381 2923 440 2974 ὲν
464 2921 542 2992 τῷ
574 2922 730 2994 δεξιῷ
773 2923 892 2976 ποδὶ
923 2921 1189 2994 λαμπρὸς,
1219 2924 1312 2976 καὶ
1341 2922 1432 2976 τοῦ
1462 2921 1638 2975 νοτίου

79 3012 277 3083 Ἰχθύος
305 3015 333 3068 6
362 3015 421 3066 ἐν
455 3013 532 3084 τῷ
563 3015 752 3086 ῥύγχει
797 3014 1072 3086 λαμπρός·
1107 3014 1333 3084 ἔσχατος
1363 3013 1418 3066 δὲ
1445 3029 1639 3083 μεσου-

1808 2186 2052 2243 Geminis
2093 2186 2421 2252 orientibus,
2458 2203 2581 2241 cum
2610 2187 2677 2242 iis
2716 2188 2973 2242 zodiacus
2999 2188 3238 2258 assurgit
3271 2201 3301 2242 a

1739 2278 2087 2334 Geminorum
2107 2286 2260 2348 parte
2280 2277 2315 2330 2
2337 2278 2512 2332 media
2535 2277 2599 2331 ad
2625 2279 2726 2343 50;
2751 2279 3014 2333 culminat
3032 2280 3100 2334 ab
3121 2279 3304 2348 Aqua-

1741 2373 1811 2427 rii
1843 2370 1904 2425 11
1941 2368 2118 2424 media
2146 2369 2213 2424 ad
2258 2369 2491 2425 mediam
2526 2370 2766 2426 Piscium
2805 2371 2858 2425 9.
2899 2369 3082 2424 Prima
3125 2373 3304 2425 oritur

1742 2478 1805 2518 ea
1833 2479 1954 2533 quae
1992 2471 2075 2518 est
2108 2463 2162 2516 in
2208 2463 2430 2516 sinistra
2467 2477 2628 2515 manu
2664 2462 3020 2532 prrecedentis
3051 2461 3298 2529 Gemini;

1741 2555 1950 2620 ultima,
1977 2569 2097 2624 qua:
2118 2563 2200 2609 est
2230 2555 2280 2607 in
2313 2553 2503 2607 dextra
2535 2553 2877 2608 succedentis
2908 2552 3139 2608 Gemini.
3172 2552 3303 2608 Cul-

1739 2645 1910 2699 minat
1943 2645 2092 2714 prior
2138 2649 2458 2698 caaterarum
2513 2644 2815 2708 stellarum,
2853 2643 3035 2698 lucida
3075 2643 3128 2696 in
3177 2658 3301 2697 cor-

1739 2752 1872 2808 pore
1915 2736 2150 2807 Cephei;
2204 2743 2257 2791 et
2295 2735 2495 2799 lucida,
2531 2751 2650 2805 qua:
2697 2736 2752 2790 in
2809 2736 2998 2790 dextro
3032 2736 3167 2806 pede
3214 2743 3300 2789 est

1739 2827 1966 2898 Aquarii
1999 2848 2012 2883 :
2043 2827 2169 2882 item
2217 2826 2398 2881 lucida
2453 2827 2508 2880 in
2550 2836 2730 2880 rostro
2774 2825 2949 2880 Piscis
2999 2825 3296 2888 australis;

1742 2920 1930 2974 ultima
1985 2919 2250 2974 culminat
2302 2917 2660 2971 Andromedaa
2707 2917 2885 2972 media
2929 2917 3128 2980 trium,
3177 2929 3299 2984 quae

1742 3019 1871 3066 sunt
1901 3011 1953 3064 in
1981 3010 2170 3063 dextro
2191 3009 2435 3063 humero.
2454 3007 2714 3062 Oriuntur
2733 3007 2945 3063 Gemini
2969 3007 3102 3061 hora
3122 3007 3172 3070 1,
3193 3007 3294 3060 50’.

74 3109 219 3175 ρανεί
258 3107 359 3178 τῆς
394 3107 750 3180 Ἀνδρομέδας
797 3110 825 3162 6
881 3107 1042 3178 μέσος
1083 3107 1192 3160 τῶν
1241 3109 1298 3160 ὲν
1350 3107 1427 3178 τῷ
1471 3105 1628 3179 δεξιῷ
1667 3105 1806 3180 ὤμῳ
1862 3113 1930 3176 γ’.
1971 3105 2338 3159 Ἀνατέλλουσι
2400 3103 2456 3156 δὲ
2502 3104 2551 3156 oi
2606 3102 2822 3173 Δίδυμοι
2863 3103 2922 3155 ὲν
2957 3101 3076 3174 ὥρᾳ
3119 3108 3168 3154 α’
3205 3100 3298 3155 καὶ

67 3198 136 3251 S"
165 3201 257 3256 καὶ
291 3208 339 3271 γ’
367 3201 547 3272 μέρει.

183 3339 319 3407 Περὶ
353 3338 466 3406 τῆς
497 3339 1000 3409 συηαταδύσεως
1030 3338 1148 3392 τῶν
1181 3340 1256 3404 ιβ’
1280 3339 1512 3399 ζωδίων.

139 3495 236 3549 IB'.
266 3495 438 3548 Πάλιν
480 3493 558 3556 δὲ,
585 3491 677 3546 τοῦ
708 3495 806 3565 μὲν
835 3494 1110 3565 Καρκίνου
1135 3493 1400 3556 δύνοντος,
1431 3509 1633 3560 συγκα-

64 3585 276 3640 ταδύνει
307 3587 405 3656 μὲν
430 3584 577 3656 αὐτῷ
600 3588 628 3640 6
651 3586 910 3651 ζωδιακὸς
935 3586 1043 3639 ἀπὸ
1067 3585 1311 3657 Διδύμων
1341 3584 1447 3656 μοί.
1475 3585 1516 3648 ζ’
1541 3583 1634 3636 καὶ

66 3685 113 3729 κ’
163 3677 328 3749 μέσης
377 3677 484 3740 ἓως
526 3677 798 3747 Καρκίνου
848 3683 896 3730 κ’
951 3677 1152 3747 μέσης·
1204 3677 1524 3747 μεσουρανεῖ
1575 3672 1640 3732 δὲ,

63 3768 173 3821 ἀπὸ
193 3769 381 3840 Χηλῶν
422 3768 485 3832 ιζ’
514 3767 619 3832 ἕως
655 3769 919 3839 Σκορπίου
961 3767 1047 3838 ιβ’.
1080 3769 1189 3821 Καὶ
1225 3774 1272 3820 α’
1319 3768 1417 3837 μὲν
1460 3764 1632 3836 ἀστὴρ

63 3862 208 3914 δύνει
238 3865 265 3915 6
296 3865 352 3915 ἐν
380 3865 493 3926 τοῖς
525 3862 651 3914 ποσὶ
680 3861 773 3914 τοῦ
813 3862 1089 3932 Καρκίνου
1119 3860 1379 3930 ἐκφανὴς,
1411 3858 1504 3911 καὶ
1545 3857 1630 3909 ἐπ’

63 3954 280 4018 εὐθείας
303 3955 555 4025 κείμενος
581 3953 658 4018 ὡς
680 3954 816 4024 πρὸς
843 3953 995 4006 δύσιν
1023 3956 1132 4017 τοῖς
1163 3951 1499 4021 νοτιωτέροις
1521 3951 1632 4010 τοῖς

65 4063 132 4097 πε
145 4047 196 4116 ρ“ι
227 4046 284 4098 τὸ
321 4044 564 4114 νεφέλιον
594 4044 654 4096 τὸ
683 4046 738 4097 ὲν
765 4043 842 4113 τῷ
870 4044 1149 4114 Καρκίνῳ,
1178 4042 1399 4112 ἔσχατος
1424 4041 1479 4093 δὲ
1520 4041 1546 4093 6
1574 4041 1632 4092 ὲν

63 4136 214 4208 ἄκρᾳ
242 4139 304 4208 τῇ
337 4135 524 4208 βορείᾳ
555 4135 705 4207 Χηλῇ
749 4134 840 4188 τοῦ
887 4135 1183 4207 Καρκίνου.
1225 4131 1632 4203 Μεσουρανοῦσι

61 4232 120 4284 δὲ
151 4231 258 4284 τῶν
285 4231 458 4287 ἄλλων
491 4231 732 4302 ἀστέρων
760 4230 853 4283 τοῦ
882 4248 939 4283 τε
981 4229 1188 4283 Βοὼτου
1213 4233 1240 4284 6
1263 4229 1434 4296 δεξιὸς
1473 4228 1628 4293 ποῦς,

62 4325 161 4377 καὶ
188 4324 296 4377 τῶν
340 4323 535 4395 Χηλῶν
565 4325 593 4376 6
622 4326 678 4376 ὲν
706 4323 850 4394 ἄκρᾳ
875 4326 938 4393 τῇ
974 4323 1124 4394 νοτία
1157 4323 1305 4394 Χηλῇ
1347 4322 1593 4393 λαμπρός
1615 4341 1626 4351 ·

61 4414 292 4483 ἔσχατον
316 4415 371 4468 δὲ
417 4413 805 4484 μεσουρανοῦσι
843 4412 934 4465 τοῦ
962 4430 1020 4466 τε
1056 4415 1142 4466 Ἐν
1167 4415 1383 4482 γόνασιν
1412 4416 1439 4466 6
1473 4414 1529 4464 ὲν
1554 4409 1632 4482 τῷ

58 4505 221 4577 δεξιῷ
252 4506 514 4577 βραχίονι,
549 4511 595 4573 γ’
624 4504 698 4557 ῶν
728 4504 836 4558 ἀπὸ
875 4504 965 4557 τοῦ
999 4503 1169 4570 δεξιοῦ
1207 4504 1377 4576 ῶμου,
1413 4504 1506 4558 καὶ
1537 4502 1631 4556 τοῦ

55 4597 328 4667 Σκορπίου
357 4599 385 4650 6
416 4602 486 4665 γ’,
513 4596 606 4649 καὶ
635 4597 663 4648 6
696 4594 758 4657 6',
785 4596 876 4648 καὶ
903 4597 930 4646 6
959 4603 999 4647 ε’
1028 4596 1314 4664 σφόνδυλος
1353 4593 1460 4647 τῶν
1493 4593 1630 4665 μετὰ

1901 3334 1978 3389 De
2009 3333 2281 3388 duodecim
2313 3333 2602 3403 imaginum
2629 3333 2753 3386 cwli'
2776 3331 3127 3387 descensione.

1800 3510 1917 3566 XII.
1954 3510 2185 3575 Rursus,
2210 3511 2490 3567 occidente
2514 3511 2748 3576 Cancro,
2771 3510 3054 3567 descendit
3081 3527 3203 3567 cum
3232 3528 3297 3568 eo

1733 3603 1992 3657 zodiacus
2037 3617 2066 3655 a
2105 3601 2276 3674 gradu
2321 3601 2673 3657 Geminorum
2717 3603 2787 3656 27
2825 3603 2893 3656 ad
2931 3602 3129 3658 Cancri
3183 3619 3298 3658 me-

1733 3693 1878 3747 diam
1911 3693 2014 3760 20;
2061 3695 2326 3748 culminat
2361 3709 2393 3748 a
2443 3693 2732 3748 Chelarum
2758 3695 2825 3748 17
2853 3695 2918 3750 ad
2960 3693 3170 3766 Scorpii
3205 3695 3292 3749 12.

1733 3781 1915 3836 Prima
1968 3785 2124 3839 stella
2175 3783 2379 3838 occidit
2422 3784 2624 3848 lucida,
2668 3800 2789 3855 quaa
2833 3791 2917 3839 est
2965 3784 3019 3839 in
3067 3786 3296 3856 pedibus

1733 3875 1954 3943 Cancri,
1987 3877 2040 3931 in
2080 3877 2350 3933 directura
2382 3877 2580 3947 posita,
2613 3877 2681 3931 ad
2712 3892 2968 3933 occasum
3006 3878 3297 3933 australiu-

1735 3985 1825 4025 res
1865 3971 2182 4040 respiciens,
2239 3986 2360 4040 qua:
2401 3971 2549 4024 circa
2603 3971 2930 4025 nubeculam
2976 3971 3030 4024 in
3083 3970 3296 4026 Cancro

1733 4068 1890 4126 sunt;
1933 4061 2144 4125 ultima,
2187 4076 2309 4130 qua:
2335 4069 2419 4116 est
2459 4061 2514 4114 in
2543 4062 2886 4117 extremitate
2915 4062 3150 4116 borealis
3184 4061 3297 4115 forr

1734 4151 1872 4220 cipis
1928 4149 2164 4216 Cancri;
2232 4159 2552 4205 caeterarum
2613 4151 2891 4204 stellarum
2956 4151 3291 4215 culminant,

1734 4239 1914 4295 Bootae
1946 4255 2041 4310 pes
2069 4239 2289 4305 dexter;
2323 4250 2375 4294 et
2415 4239 2704 4294 Chelarum
2743 4241 2944 4303 lucida,
2980 4256 3100 4310 quae
3123 4249 3205 4296 est
3237 4243 3291 4296 in

1733 4333 2077 4388 extremitate
2105 4332 2363 4386 australis
2401 4331 2614 4395 Chelae;
2657 4341 2931 4401 postremo
2964 4333 3288 4395 culmiuant,

1733 4441 1853 4496 quae
1879 4434 1964 4480 est
1989 4426 2040 4478 in
2068 4424 2295 4478 brachio
2324 4424 2514 4480 dextro
2538 4427 2859 4496 Ingeniculi,
2891 4434 2942 4481 et
2973 4435 3056 4482 est
3086 4427 3154 4481 ab
3188 4429 3293 4482 hu-

1733 4529 1884 4570 mero
1913 4514 2105 4568 dextro
2135 4513 2320 4579 tertia;
2361 4514 2487 4568 item
2517 4512 2731 4583 Scorpii
2767 4516 2946 4578 tertia,
2987 4524 3200 4585 quarta,
3238 4525 3292 4570 et

1733 4602 1922 4671 quinta
1953 4603 2205 4657 vertebra
2240 4618 2426 4656 earum
2457 4618 2577 4672 quae
2608 4613 2736 4658 sunt
2771 4612 2895 4675 post
2936 4613 3146 4675 pectus.
3181 4604 3290 4660 0c-

53 4688 119 4740 τὸ
155 4687 367 4757 στῆθος.
411 4686 567 4757 Δύνει
597 4685 654 4739 δὲ
691 4688 720 4738 6
754 4684 1020 4757 Καρκίνος
1073 4685 1132 4740 ὲν
1173 4684 1292 4757 ὥρᾳ
1345 4691 1394 4737 α’
1440 4685 1531 4738 καὶ
1581 4689 1630 4752 γ’

1742 4693 1864 4748 cidit
1885 4693 2095 4750 Cancer
2124 4693 2257 4748 hora
2290 4694 2342 4759 1,
2372 4694 2477 4750 56'.

54 4799 130 4832 πε
142 4779 524 4852 μπτημορίοις.

134 4893 238 4946 Τοῦ
262 4894 316 4946 δὲ
333 4893 561 4954 Λέοντος
591 4889 856 4953 δύνοντος,
877 4887 1261 4956 συγκαταδύνει
1291 4887 1390 4957 μὲν
1418 4885 1564 4956 αύτῷ
1599 4887 1628 4938 6

53 4986 322 5050 ζωδιακὸς
341 4985 450 5038 ἀπὸ
468 4982 740 5054 Καρκίνου
767 4981 876 5052 μοί.
905 4979 951 5034 α’
972 4981 1065 5034 καὶ
1094 4988 1139 5033 κ’
1165 4980 1336 5050 μέσης
1351 4979 1454 5042 ἓως
1478 4980 1622 5049 Παρ-

53 5081 216 5132 θένου
240 5082 347 5150 μοί.
373 5079 454 5132 ιδ’·
479 5079 798 5149 μεσουρανεῖ
816 5075 871 5127 δὲ
892 5075 998 5126 ἀπὸ
1019 5075 1281 5141 Σκορπίου
1309 5072 1418 5143 μοί.
1440 5079 1505 5140 ιγ’
1521 5073 1626 5134 ἓως

51 5171 285 5234 Τοξότου
313 5178 360 5224 α’
393 5171 489 5222 καὶ
513 5176 560 5222 κ’
588 5169 778 5238 μέσης.
810 5168 919 5220 Καὶ
945 5174 992 5218 α’
1025 5168 1120 5236 μὲν
1151 5165 1323 5236 ἀστὴρ
1360 5165 1502 5218 δύνει
1533 5164 1624 5218 τοῦ

49 5262 284 5328 Λέοντος
335 5266 364 5317 6
409 5265 467 5315 ὲν
513 5264 625 5324 τοῖς
652 5261 1003 5332 ἐμπροσθίοις
1050 5259 1224 5321 ποσὶν,
1260 5258 1481 5328 ἔσχατος
1507 5257 1564 5310 δὲ
1596 5258 1624 5309 6

44 5357 115 5406 ἐν
144 5353 284 5426 ἄκρᾳ
307 5358 373 5425 τῇ
405 5355 562 5425 οὐρᾷ.
589 5355 928 5425 Μεσουρανεῖ
951 5354 1008 5406 δὲ
1031 5353 1140 5406 τῶν
1178 5350 1350 5404 ἄλλων
1377 5351 1624 5420 ἀστέρων

47 5447 116 5496 ἐν
166 5444 262 5513 μὲν
303 5447 370 5516 τῇ
402 5445 546 5515 ἀρχῇ
583 5444 681 5511 τῆς
721 5443 923 5507 δύσεως
967 5442 1061 5497 τοῦ
1115 5460 1174 5496 τε
1216 5443 1302 5495 Ἐν
1335 5441 1553 5510 γόνασιν
1598 5443 1627 5494 6

42 5534 226 5600 δεξιὸς
257 5536 412 5599 ποῦς,
437 5535 532 5588 καὶ
568 5533 660 5586 τοῦ
711 5535 990 5605 Ὀφιούχου
1043 5535 1102 5587 1:6
1147 5534 1428 5606 ἀριστερὸν
1473 5533 1624 5602 γόνυ,

44 5625 136 5687 ὡς
199 5627 500 5697 ἡμιπήχιον
582 5626 1002 5696 ὑπολειπόμενον
1058 5626 1153 5680 τοῦ
1217 5627 1624 5698 μεσημϐρινοῦ,

43 5715 156 5767 καὶ
177 5715 264 5770 τοῦ
293 5715 566 5778 Σκορπίου
593 5719 622 5770 6
659 5723 704 5769 α’
733 5717 1018 5782 σφόνδυλος
1037 5735 1049 5748 ·
1080 5718 1302 5788 ἔσχατον
1341 5720 1395 5773 δὲ
1433 5737 1627 5792 μεσου-

1799 4893 1934 4948 Cum
1976 4893 2154 4948 Leone
2195 4893 2397 4948 occidit
2445 4893 2703 4948 zodiacus
2735 4907 2764 4946 a
2796 4892 2996 4947 Cancri
3038 4899 3191 4962 parte
3219 4892 3283 4947 2i

1729 4986 1903 5039 media
1943 4985 2008 5038 ad
2043 4986 2109 5039 16
2149 4986 2423 5055 Virginis;
2481 4985 2746 5040 culminat
2790 4999 2821 5038 a
2872 4984 3086 5056 Scorpii
3120 4986 3187 5039 15
3218 4986 3290 5040 ad

1735 5076 2011 5148 Sagittarii
2053 5077 2118 5130 21
2155 5078 2411 5133 mediam.
2451 5076 2631 5131 Prima
2676 5077 2876 5132 occidit
2925 5076 3124 5132 Leonis
3168 5093 3292 5146 quae

1731 5169 1888 5224 estin
1920 5168 2286 5223 anterioribus
2312 5169 2540 5238 pedibus
2567 5187 2580 5235 ;
2614 5169 2822 5232 ultima,
2857 5181 2978 5237 qua!
3005 5174 3089 5222 est
3119 5168 3172 5220 in
3193 5182 3287 5221 ex-

1731 5263 2002 5317 tremitate
2026 5262 2235 5318 caudae.
2256 5261 2531 5318 Culminat
2561 5263 2791 5316 aliarum
2824 5261 3103 5316 stellarum
3135 5261 3291 5315 initio

1729 5355 1947 5426 quidem
1993 5369 2247 5418 occasus,
2285 5353 2498 5410 Gemini
2538 5370 2634 5424 pes
2665 5355 2891 5420 dexter;
2927 5359 2981 5408 et
3008 5351 3289 5422 Anguiferi

1729 5447 2013 5504 sinistrum
2036 5462 2200 5518 genu,
2226 5447 2382 5516 quasi
2415 5445 2738 5501 semicubito
2766 5445 2902 5498 citra
2927 5443 3288 5498 meridianum

1728 5539 2012 5609 positum:
2044 5547 2097 5592 et
2140 5536 2354 5607 Scorpii
2404 5537 2702 5607 spoudylus
2731 5537 2793 5600 i;
2847 5542 3126 5604 postremo
3172 5533 3292 5585 cul-

1731 5630 1940 5683 minant
1963 5629 2227 5685 Draconis
2257 5628 2532 5683 borealius
2559 5635 2810 5694 tempus;
2857 5636 2911 5679 et
2943 5640 3063 5696 qua:
3096 5622 3149 5674 in
3178 5637 3292 5673 me-

1730 5723 1820 5778 dio
1850 5731 2002 5793 tergo
2032 5721 2335 5793 Sagittarii,
2369 5720 2528 5792 quasi
2570 5716 2898 5775 semicubito
2927 5712 3293 5772 meridianum
