3800 6330
545 23 1161 34 m-ﬁM—u—ig—F—
1193 30 1196 31 ν

474 333 608 386 ΗΞἹ

1488 322 1578 378 AD
1611 319 1876 378 EUSEBII
1915 315 2308 375 CllRONlCON
2350 313 2708 370 APPENDIX.

3567 312 3692 367 “33

474 445 823 504 antecedens.
863 444 1074 502 Occidit
1107 442 1215 498 Leo
1261 439 1412 494 boris
1438 437 1492 502 Ξ,
1541 444 1598 491 et
1634 435 1849 490 duabus
1887 435 2033 487 borae

2164 431 2355 484 πανοῦσι
2397 428 2492 482 τοῦ
2514 445 2574 481 τε
2627 426 2927 498 Δράκοντος
2975 423 3004 475 6
3052 422 3386 494 βορειότερος
3433 424 3695 495 κρόταφος

475 538 742 607 partibus.

550 806 771 876 Virgine
812 803 1114 863 occidente,
1142 799 1405 854 zodiacus
1446 795 1730 852 descendit
1762 811 1794 848 a
1842 794 2040 850 Leonis

479 898 550 950 27
584 905 736 964 parte
768 895 833 949 ad
863 894 1038 948 Libra:
1065 894 1124 960 7;
1161 893 1426 946 culminat
1471 904 1500 942 a
1549 887 1828 959 Sagittarii
1855 887 1915 939 11
1972 885 2038 940 ad

480 986 797 1058 Capricorni
838 987 892 1040 4.
922 984 1109 1038 Prima
1153 983 1357 1038 occidit
1383 997 1444 1037 ea
1477 996 1598 1051 qua:
1631 987 1716 1036 est
1750 979 1803 1032 in
1836 979 1921 1032 ala
1965 976 2041 1032 si-

480 1078 686 1144 nistra;
719 1077 930 1141 ultima,
961 1091 1082 1147 qua:
1118 1083 1203 1130 est
1241 1075 1294 1128 in
1331 1074 1498 1128 boreo
1531 1072 1684 1142 pede.
1730 1070 2042 1124 Culminant

482 1169 709 1223 aliarum
748 1169 1048 1233 stellarum,
1083 1167 1239 1221 initio
1263 1165 1482 1236 quidem
1513 1161 1780 1233 Ophiucbi
1805 1159 2042 1216 secunda

485 1261 556 1315 ab
581 1260 923 1318 extremitate
949 1258 1112 1329 139
1139 1257 1346 1312 caudae.
1378 1256 1508 1310 Item
1558 1255 1612 1308 in
1647 1253 1928 1325 Sagittarii
1965 1253 2043 1306 la-

484 1353 693 1406 terculo
724 1351 1052 1406 antecedens
1091 1348 1497 1410 obscuriorum,
1529 1362 1651 1417 qua:
1686 1346 1740 1400 in
1776 1345 2044 1415 oppositis

481 1454 612 1498 sunt
659 1442 916 1512 angulis;
973 1449 1252 1512 postremo
1299 1439 1624 1506 culminant,
1673 1438 1874 1501 lucida,
1926 1451 2045 1508 qum

479 1543 568 1589 est
601 1534 655 1587 in
698 1534 878 1590 medio
911 1547 1140 1600 corpore
1178 1532 1388 1603 Cygni;
1419 1541 1472 1586 et
1513 1531 1807 1586 australior
1850 1544 2044 1584 succe-

483 1625 726 1679 dentium
786 1625 841 1678 in
887 1625 1118 1679 rhombo
1160 1623 1426 1693 Delphini.
1480 1621 1693 1677 Occidit
1736 1619 1902 1691 Virgo
1951 1620 2047 1674 bo—

484 1719 561 1772 ris
588 1717 643 1780 2,
677 1717 779 1771 12'.

558 1975 697 2032 λιιι.
728 1975 909 2030 Chelas
945 1990 1068 2028 cum
1097 1972 1374 2037 occidunt,
1419 1971 1701 2026 descendit
1724 1986 1828 2025 una
1869 1969 2052 2024 zodia-

490 2087 590 2126 cus
623 2068 969 2124 aChelarum
1025 2075 1178 2136 parte
1227 2065 1293 2119 17
1333 2063 1508 2118 media
1558 2062 1624 2116 ad
1682 2060 1892 2132 Scorpii
1949 2061 2050 2128 {5;

491 2163 754 2218 culminat
802 2177 833 2214 a
881 2160 1197 2230 Capricorni
1255 2167 1407 2228 parte
1466 2158 1531 2211 10
1576 2157 1642 2210 ad
1693 2156 1762 2209 9.8
1793 2154 2049 2209 mediam.

490 2253 646 2310 Prior
679 2254 878 2309 occidit
904 2253 1083 2315 stella,
1116 2250 1292 2305 lucida
1324 2264 1444 2319 qua:
1478 2256 1562 2303 est
1609 2249 1663 2302 in
1710 2246 2052 2302 extremitate

491 2349 749 2404 australis
779 2348 984 2411 Cbelze;
1045 2346 1258 2408 ultima,
1288 2359 1408 2414 quae
1435 2351 1519 2399 est
1546 2347 1601 2396 in
1632 2340 1832 2395 boreali
1863 2339 2049 2394 Cbela.

490 2442 823 2496 Caeterarum
875 2439 1158 2494 stellarum
1211 2436 1545 2497 culminant,
1590 2433 1766 2494 initio,
1821 2430 2054 2483 maxime

489 2536 722 2591 borealis
754 2550 820 2589 ex
849 2533 936 2596 iis,
977 2546 1098 2601 qua:
1127 2539 1254 2584 sunt
1285 2529 1338 2582 in
1389 2530 1475 2581 ala
1514 2527 1725 2590 dextra,
1762 2522 2054 2577 novissime

491 2643 610 2697 qua
633 2628 689 2682 in
712 2641 808 2682 ore
835 2623 968 2694 Equi
994 2622 1193 2677 lucida.
1217 2619 1484 2676 Occidunt
1509 2617 1688 2673 Cbela:
1715 2618 1847 2670 bora
1881 2615 1930 2677 I,
1954 2611 2049 2667 15⁸.

463 2889 468 2894 ’
563 2891 694 2946 Cum
752 2889 978 2960 Scorpio
1025 2887 1254 2943 cadente
1303 2884 1502 2939 occidit
1558 2896 1665 2936 una
1714 2879 1971 2935 zodiacus
2024 2892 2055 2932 a

493 2992 644 3054 parte
675 2983 742 3037 l5
770 2982 947 3036 media
967 2980 1260 3036 Cbelarum
1307 2977 1371 3031 ad
1407 2975 1620 3045 Scorpii
1644 2974 1713 3038 6;
1742 2973 2002 3028 culminat
2025 2984 2055 3023 a

495 3075 814 3145 Capricorni
844 3073 1021 3128 media
1055 3073 1170 3126 Ἰξιιί
1196 3069 1513 3139 Capricorni
1536 3067 1625 3120 22.
1661 3065 1817 3120 Prior
1860 3062 2056 3119 occidit

497 3169 652 3221 stella
674 3181 795 3237 quae
846 3175 930 3222 est
967 3166 1022 3219 in
1052 3165 1086 3218 3
1115 3162 1418 3234 spondylo;
1472 3169 1748 3231 postrema
1788 3155 2060 3212 borealior

497 3273 702 3321 earum,
725 3272 846 3326 qua:
875 3265 1001 3312 sunt
1031 3258 1088 3311 in
1137 3255 1330 3308 fronte.
1367 3251 1716 3321 Reliquarum
1781 3252 2060 3304 stellarum

497 3350 816 3412 rulminant,
851 3350 1004 3403 initio
1027 3347 1246 3418 quidem
1283 3361 1472 3400 earum
1499 3359 1620 3413 quae
1659 3343 1712 3395 in
1754 3341 1838 3394 ala
1871 3341 2060 3394 dextra

497 3441 689 3510 Cygni,
722 3439 920 3503 media,
963 3440 1121 3509 quasi
1150 3437 1471 3492 semicubito
1511 3435 1649 3488 citra
1699 3432 2060 3486 meridianum

497 3534 707 3605 posita;
736 3539 790 3586 et
820 3531 1090 3585 borealior
1123 3543 1310 3583 earum
1335 3542 1456 3595 qua:
1501 3533 1628 3580 sunt
1658 3525 1713 3578 in
1743 3523 2062 3592 Capricorni

499 3625 728 3694 genibus
759 3641 773 3678 :
799 3623 1091 3677 novissime
1120 3620 1444 3680 culminant,
1466 3616 1646 3669 lucida
1679 3616 1734 3668 in
1766 3613 1940 3667 cauda
1959 3608 2064 3683 Cy-

500 3718 591 3785 gni
629 3715 825 3781 media,
844 3723 898 3768 et
913 3712 1232 3781 Capricorni
1250 3709 1565 3780 prazcedens
1587 3708 1911 3771 lucidarnm,
1945 3722 2065 3776 qua:

503 3808 559 3859 in
592 3806 788 3867 cauda,
819 3821 849 3857 a
878 3805 1181 3858 meridiano
1227 3803 1486 3857 dcliciens
1543 3802 1700 3856 besse
1731 3799 1844 3854 fere
1873 3799 2061 3853 cubiti.

504 3899 715 3954 Occidit
749 3897 1010 3970 Scorpius
1036 3897 1168 3951 bora
1199 3896 1250 3952 l.

575 4161 868 4217 Occidente
901 4161 1188 4232 Sagittario
1211 4200 1224 4225 ,
1259 4159 1540 4215 descendit
1582 4173 1690 4213 una
1742 4157 1995 4211 zodiacus
2036 4171 2065 4210 a

507 4264 655 4322 parte
686 4252 896 4323 Scorpii
931 4254 965 4307 '5
993 4253 1060 4306 ad
1099 4251 1375 4322 Sagittarii
1402 4251 1472 4304 27
1497 4251 1729 4305 mediam
1757 4268 1771 4314 ;
1801 4250 2064 4302 culminat

504 4360 535 4398 a
567 4347 882 4416 Capricorni
902 4344 972 4400 20
1001 4345 1068 4398 ad
1119 4343 1356 4400 Piscium
1391 4345 1425 4398 5
1452 4345 1704 4399 mediam.
1759 4342 1938 4396 Prima
1976 4356 2067 4394 oc-

2136 523 2230 576 καὶ
2254 521 2346 574 τοῦ
2375 521 2603 584 Τοξότου
2630 521 2660 572 6
2701 520 2758 570 ἐν
2793 517 2944 587 μέσῳ
2962 515 3040 585 τῷ
3064 513 3235 584 νώτῳ,
3277 514 3353 579 ὡς
3409 517 3694 587 ἠμιπήχιον

2137 613 2542 686 προηγούμενος
2569 610 2662 664 τοῦ
2692 606 3084 680 μεσημϐρινοῦ.
3115 605 3271 660 Δύνει
3311 606 3368 659 δὲ
3405 609 3435 659 6
3471 607 3619 661 Λέων
3644 613 3694 662 ἐν

2136 705 2304 777 ὥραις
2339 704 2382 773 β’
2422 703 2515 756 καὶ
2547 702 2668 755 δυσὶ
2708 701 2927 771 μέρεσιν
2952 699 3120 770 ῶρας.

2207 795 2318 864 Τῆς
2345 794 2402 847 δὲ
2428 793 2699 864 Παρθένου
2728 791 3006 860 δυνούσης,
3031 790 3420 858 συγκαταδύνει
3448 797 3546 861 μὲν
3570 792 3693 863 αὑτῇ

2137 891 2166 943 6
2199 886 2460 951 ζωδιακὸς
2508 886 2616 941 ἀπὸ
2662 886 2890 948 Λέοντος
2935 885 2978 949 ζ’
3012 885 3105 937 καὶ
3145 883 3194 936 κ’
3229 885 3339 953 poi.
3379 884 3485 947 ’ἐως
3516 885 3696 954 Χηλῶν

2139 980 2184 1043 ζ’
2204 997 2216 1010 ·
2253 982 2572 1051 μεσουρανεῖ
2610 979 2680 1032 δὲ·
2711 979 2818 1032 ἀπὸ
2847 978 3072 1042 Τοξότου
3110 984 3176 1030 ια’
3203 978 3309 1040 ’ἐως
3340 978 3698 1050 Δίγοκέρωτος

2138 1074 2200 1126 δ’.
2231 1073 2341 1125 Καὶ
2364 1078 2410 1124 α’
2441 1071 2538 1141 μὲν
2570 1071 2744 1141 ἀστὴρ
2781 1070 2924 1124 δύνει
2967 1071 2996 1123 6
3038 1071 3097 1123 ὲν
3141 1069 3286 1141 ἄκρᾳ.
3332 1073 3400 1141 τῇ
3449 1073 3700 1143 ἀριστερᾷ

2141 1167 2403 1238 πτέρυγι·
2433 1165 2659 1236 ἔσχατος
2682 1165 2738 1217 δὲ
2763 1165 2792 1216 6
2829 1165 2885 1216 ὲν
2908 1162 2986 1233 τῷ
3011 1162 3205 1234 βορείῳ
3251 1162 3388 1214 ποδί.
3427 1163 3700 1233 Macro-apa-

2141 1259 2289 1314 νοῦσι
2317 1259 2372 1311 δὲ
2401 1258 2509 1310 τῶν
2533 1257 2708 1310 ἄλλων
2741 1256 2987 1330 ἀστέρων
3032 1257 3089 1309 ἐν
3121 1254 3218 1324 μὲν
3257 1257 3325 1325 τῇ
3352 1257 3496 1326 ἀρχῇ
3528 1254 3619 1307 τοῦ
3650 1271 3701 1306 τε

2153 1348 2435 1419 Ὀφιούχου
2465 1348 2494 1399 6
2521 1346 2564 1417 β’
2596 1348 2690 1399 ἀπ’
2719 1347 2894 1417 ἄκρας
2923 1347 3021 1416 τῆς
3057 1346 3243 1418 οὐρᾶς,
3290 1345 3386 1398 καὶ
3424 1344 3518 1397 τοῦ
3551 1342 3702 1408 Τοξό-

2141 1459 2235 1495 106
2263 1440 2369 1492 τῶν
2395 1440 2454 1491 ἐν
2482 1437 2560 1509 τῷ
2586 1437 2970 1509 τετραπλεύρῳ
3007 1440 3035 1490 6
3066 1438 3366 1509 ἡγούμενος
3400 1437 3508 1490 τῶν
3541 1438 3705 1508 ἀμαυ-

2145 1529 2379 1602 ροτέρων
2416 1528 2782 1596 ἀντιγωνίων’
2829 1526 3052 1597 ἔσχατον
3095 1527 3150 1579 δὲ
3191 1527 3586 1598 μεσουρανοῦσι
3621 1526 3704 1580 τοῦ

2142 1639 2204 1675 τε
2238 1621 2487 1694 Ὄρνιθος
2519 1623 2547 1674 6
2585 1623 2642 1674 ἐν
2677 1621 2825 1691 μέσῳ
2853 1621 2928 1691 τῷ
2957 1620 3164 1691 σώματι
3193 1621 3465 1694 λαμπρὸς,
3500 1624 3593 1676 καὶ
3621 1623 3704 1676 τοῦ

2147 1714 2398 1783 Δελφῖνος
2423 1713 2530 1766 τῶν
2559 1715 2616 1766 έν
2647 1712 2722 1782 τῷ
2751 1713 2938 1783 ῥόμϐῳ
2960 1715 2988 1765 6
3032 1711 3353 1784 νοτιὼτερος
3383 1713 3494 1767 τῶν
3527 1715 3707 1786 ἑπομέ-

2076 1784 2123 1842 Β
2150 1821 2273 1856 νων.
2299 1802 2451 1854 Δύνει
2481 1802 2538 1854 δὲ
2579 1803 2612 1870 ἡ
2657 1801 2927 1873 Παρθένος
2966 1803 3023 1855 ὲν
3061 1800 3231 1874 ῶραις
3276 1802 3319 1871 β’
3353 1804 3451 1856 καὶ
3488 1784 3707 1874 πέμπτῳ

2154 1894 2326 1965 μέρει.

2219 1987 2318 2040 ll".
2356 1988 2524 2040 Ὅταν
2551 1986 2607 2039 δὲ
2633 1987 2688 2039 αἰ
2730 1985 2906 2057 Χηλαὶ
2939 1985 3155 2048 δύνωσι,
3203 1988 3596 2055 συγκαταδύνει
3619 1989 3707 2058 μὲν

2151 2080 2342 2142 αὑταῖς
2367 2081 2395 2132 6
2450 2078 2710 2143 ζωδιακὸς
2753 2079 2861 2132 ἀπὸ
2910 2079 3102 2143 Χηλῶν
3148 2080 3258 2150 μοί.
3299 2079 3363 2143 ιζ’
3405 2081 3576 2153 μέσης
3615 2083 3708 2144 ἕως

2151 2170 2420 2241 Σκορπεου
2457 2170 2566 2241 μοί.
2612 2177 2703 2223 ιε”
2739 2174 3058 2242 μεσουρανεί
3085 2171 3266 2224 δὲάπὸ
3291 2171 3572 2244 Αἰγόκερω
3610 2174 3707 2243 μοί.

2155 2261 2185 2313 ι’
2215 2261 2318 2324 ἕως
2366 2263 2649 2332 Αξγὸκερω
2696 2262 2803 2332 poi.
2840 2263 2890 2333 η’
2930 2264 3022 2316 καὶ
3058 2263 3106 2315 κ’
3153 2263 3348 2334 μέσης.
3397 2266 3506 2317 Καὶ
3548 2271 3594 2317 α’
3624 2266 3709 2334 μὲν

2151 2351 2324 2423 ἀστὴρ
2355 2351 2499 2405 δύνει
2521 2354 2548 2405 6
2577 2355 2634 2406 ὲν
2662 2354 2807 2424 ἄκρᾳ
2826 2356 2891 2424 τῇ
2912 2353 3062 2423 νοτία
3081 2354 3230 2424 Χηλῇ
3263 2354 3535 2425 λαμπρὸς,
3563 2357 3709 2425 ἔσχα-

2150 2460 2240 2507 τος
2261 2444 2318 2496 δὲ
2339 2446 2367 2497 6
2398 2445 2455 2496 ὲν
2497 2445 2636 2516 μέσῃ
2668 2448 2732 2516 τῇ
2780 2445 2973 2517 βορείῳ
3007 2445 3178 2516 Χηλῇ.
3217 2449 3624 2518 Μεσουρανοῦσι
3662 2448 3709 2500 δὲ

2152 2534 2258 2587 τῶν
2291 2535 2464 2588 ἄλλων
2505 2536 2748 2608 ἀστέρων
2781 2539 2840 2590 έν
2879 2537 2978 2608 μὲν
3007 2540 3072 2608 τῇ
3118 2541 3260 2609 ἀρχῇ
3290 2539 3385 2591 τοῦ
3422 2540 3661 2612 Ὄρνιθος
3687 2544 3711 2593 6

2155 2626 2490 2698 βορειότατος
2540 2629 2649 2682 τῶν
2683 2630 2739 2680 ἐν
2769 2632 2832 2699 τῇ
2867 2627 3015 2700 δεξιᾷ
3047 2631 3299 2700 πτέρυγι,
3335 2631 3559 2702 ἔσχατον
3602 2632 3652 2683 δὲ
3688 2633 3710 2684 6

2153 2721 2210 2771 ὲν
2237 2719 2312 2789 τῷ
2356 2721 2578 2790 στόματι
2624 2721 2714 2773 τοῦ
2751 2721 2946 2775 Ἵππου
2996 2721 3264 2793 λαμπρός.
3299 2723 3528 2777 Δύνουσι
3579 2724 3632 2777 δὲ
3663 2724 3710 2776 αἱ

2155 2810 2332 2880 Χηλαὶ
2363 2813 2418 2862 ἐν
2451 2809 2571 2881 ὥρᾳ
2594 2810 2642 2862 α’
2670 2811 2765 2863 καὶ
2799 2811 2841 2862 δ’
2878 2810 3054 2882 μέρει.

2224 2902 2329 2954 Τοῦ
2357 2902 2414 2954 δὲ
2439 2903 2706 2973 Σκορπίου
2737 2901 3000 2966 δύνοντος,
3031 2902 3424 2971 συγκαταδύνει
3459 2904 3554 2973 μὲν
3582 2901 3710 2971 αύτῷ

2156 2995 2184 3046 6
2214 2993 2473 3057 ζωδιακὸς
2507 2993 2614 3046 ἀπὸ
2646 2993 2839 3062 Χηλῶν
2874 2992 2982 3064 poi.
3022 2993 3087 3060 ιγ’
3123 2993 3294 3064 μέσης
3332 2993 3439 3058 ἓως
3460 2994 3708 3064 ,Σκορπίου

2164 3087 2272 3157 poi.
2310 3086 2395 3150 ς’”
2431 3088 2753 3157 μεσουρανεῖ
2798 3085 2853 3137 δὲ
2899 3085 3005 3138 ἀπὸ
3034 3083 3315 3155 Αῐγόκερω
3347 3085 3391 3149 ζ’
3422 3085 3590 3155 μέσης
3624 3086 3712 3145 “sui;

2161 3178 2440 3248 Αἰγόκερω
2467 3177 2511 3247 β’
2539 3177 2632 3230 καὶ
2662 3184 2727 3230 κ’.
2763 3178 2872 3230 Καὶ
2895 3176 2942 3230 α’
2978 3177 3074 3246 μὲν
3097 3177 3270 3248 ἀστὴρ
3297 3177 3441 3230 δύνει
3468 3181 3496 3231 6
3523 3179 3612 3229 ἐπὶ
3631 3175 3711 3228 τοῦ

2160 3269 2210 3339 γ’
2244 3267 2530 3338 σφονδύλου
2558 3268 2828 3339 κείμενος,
2859 3267 3082 3338 ἔσχατον
3113 3269 3169 3320 δὲ
3195 3270 3223 3320 6
3259 3267 3595 3339 βορειότερος
3620 3266 3710 3319 τῶν

2161 3363 2217 3413 ὲν
2242 3359 2318 3430 τῷ
2349 3358 2604 3430 μετώπῳ.
2634 3357 3040 3430 Μεσουρανοῦσι
3065 3358 3122 3411 δὲ
3154 3358 3261 3410 τῶν
3288 3358 3464 3411 ἄλλων
3491 3358 3713 3426 ἀστέρων

2163 3455 2220 3505 ἐν
2246 3453 2342 3523 μὲν
2368 3455 2434 3523 τῇ
2466 3453 2605 3522 ἀρχῇ
2640 3451 2730 3503 τοῦ
2762 3451 3010 3522 Ὄρνιθος
3034 3453 3061 3502 6
3094 3450 3255 3520 μέσος
3279 3452 3386 3506 τῶν
3413 3455 3472 3505 έν
3495 3455 3558 3522 τῇ
3582 3449 3713 3517 δεξιᾷ

2162 3544 2411 3615 πτέρυγι,
2449 3543 2865 3612 ὑπολειπόμενος
2912 3541 2987 3605 ὡς
3026 3544 3327 3613 ἡμιπήχιον
3371 3542 3467 3595 τοῦ
3518 3558 3709 3612 μεσημ-

2163 3635 2368 3707 ϐρινοῦ,
2405 3635 2498 3688 καὶ
2525 3634 2617 3687 τοῦ
2651 3634 2931 3705 Αἰγόκερω
2965 3636 2993 3686 6
3023 3635 3362 3706 βορειότερος
3402 3635 3511 3687 τῶν
3542 3638 3594 3687 ἐν
3614 3635 3711 3693 τοῖς

2161 3726 2381 3793 γόνασιν
2401 3741 2414 3753 ·
2448 3723 2672 3795 ἔσχατον
2700 3723 2754 3775 δὲ
2794 3723 3183 3794 μεσουρανοῦσι
3216 3724 3312 3776 τοῦ
3340 3742 3399 3776 τε
3431 3721 3663 3795 Ὄρνιθος
3689 3724 3711 3772 6

2163 3817 2220 3870 ἐν
2255 3816 2394 3887 μέσῃ
2415 3817 2482 3885 τῇ
2514 3817 2650 3886 οὐρᾷ
2673 3814 2944 3885 λαμπρὸς,
2975 3815 3068 3868 καὶ
3097 3814 3189 3868 τοῦ
3217 3816 3499 3886 Αἰγόκερω
3524 3819 3550 3868 6
3575 3813 3713 3885 ἡγού-

2167 3926 2324 3980 μενος
2363 3907 2470 3960 τῶν
2506 3909 2564 3959 ὲν
2593 3911 2655 3979 τῇ
2683 3908 2819 3979 οὐρᾷ
2857 3907 3144 3979 λαμπρῶν,
3181 3907 3601 3978 ὑπολειπόμενος
3631 3904 3708 3958 τοῦ

2131 4012 2134 4018 '
2167 3999 2534 4071 μεσημϐρινοῦ
2563 4000 2637 4062 ῶς
2661 3999 2706 4069 β’
2741 4000 2880 4069 μέρη
2913 4000 3150 4069 πήχεως.
3181 3998 3340 4052 Δύνει
3370 3999 3428 4052 δὲ
3470 3996 3710 4068 Σκορπέος

2165 4093 2222 4143 ἐν
2246 4090 2362 4144 ῶοα
2389 4091 2457 4144 α’.

2246 4107 2362 4162 ωρᾳ
2389 4108 2423 4144 α
2444 4131 2457 4144 .

2234 4180 2339 4232 Τοῦ
2373 4179 2428 4232 δὲ
2470 4179 2696 4243 Τοξότου
2733 4179 2995 4246 δύνοντος,
3033 4179 3426 4246 συγκαταδύνει
3465 4180 3555 4250 μὲν
3584 4175 3709 4244 αὖτῷ

2163 4273 2192 4325 6
2225 4269 2482 4335 ζωδιακὸς
2511 4269 2620 4322 ἀπὸ
2651 4270 2918 4340 Σκορπίου
2953 4269 3060 4339 poi.
3094 4268 3144 4336 γ’
3174 4269 3278 4332 ἕως
3309 4267 3534 4334 Τοξότου
3565 4267 3604 4330 ζ’
3631 4267 3709 4318 καὶ

2166 4362 2215 4415 κ’
2245 4362 2442 4432 μέσης·
2494 4369 2812 4433 μεσουρανεῖ
2842 4361 2896 4413 δὲ
2937 4360 3044 4414 ἀπὸ
3087 4361 3374 4433 Λξγόκερω
3412 4361 3519 4432 poi.
3549 4361 3592 4413 κ’
3620 4360 3708 4420 ἕως

505 4438 636 4492 cidit
657 4437 834 4492 lucida
873 4439 1192 4509 posterioris
1221 4437 1404 4508 pedis;
1459 4438 1647 4492 ultima
1679 4437 1950 4492 borealior
1969 4449 2058 4488 ea-

2179 4452 2396 4524 Ίχθύων
2428 4459 2467 4504 ε’
2502 4453 2690 4523 μέσης.
2726 4454 2834 4506 Καὶ
2858 4451 2906 4505 α’
2939 4452 3034 4521 μὲν
3060 4452 3236 4524 ἀστὴρ
3259 4452 3405 4505 δύνει
3433 4456 3461 4507 6
3491 4451 3708 4522 λαμπρὸς

506 4545 647 4596 rum,
679 4547 800 4601 quae
820 4541 945 4587 sunt
976 4533 1030 4586 in
1060 4547 1210 4602 sago.
1241 4532 1569 4587 Caeterarum
1602 4531 1878 4585 stellarum
1913 4528 2065 4582 initio

508 4625 810 4678 cnlminant
846 4640 965 4694 quae
992 4632 1076 4679 est
1105 4625 1157 4677 in
1181 4624 1370 4679 dextra
1402 4639 1566 4676 manu
1593 4622 1792 4692 Cephei
1818 4639 1832 4687 ;
1865 4630 1918 4674 ct
1951 4636 2071 4690 quae

511 4721 564 4773 in
589 4718 728 4775 ﬂexu
755 4720 851 4772 ala:
877 4719 1112 4774 sinistrae
1144 4718 1347 4788 Cygni;
1374 4732 1474 4770 nec
1499 4732 1607 4769 non
1655 4716 1952 4771 succedens
1980 4730 2070 4769 ea—

509 4826 628 4864 rum
651 4825 771 4880 quae
791 4818 916 4864 sunt
949 4810 1005 4862 in
1043 4818 1193 4879 tergo
1215 4805 1551 4877 Capricorni,
1583 4805 1939 4859 meridianum
1965 4807 2071 4858 cir-

510 4898 644 4950 citer
665 4897 992 4951 antecedens
1016 4914 1030 4962 ;
1052 4895 1348 4950 novissime
1375 4894 1697 4963 culminant,
1725 4896 1947 4950 sinister
1977 4909 2071 4964 pes

511 4989 732 5058 Cephei,
775 4997 968 5058 etquae
991 4989 1045 5042 in
1076 4987 1334 5042 umbilico
1357 4995 1441 5044 est
1470 4987 1626 5058 Equi.
1657 4989 1866 5046 Occidit
1891 4987 2071 5059 Sagit-

512 5085 681 5138 tarius
708 5083 856 5136 boris
886 5083 920 5135 5

584 5365 723 5420 XIV.
743 5367 878 5421 Cum
895 5365 1228 5438 Capricorno
1250 5368 1532 5424 descendit
1547 5369 1803 5424 zodiacus
1823 5383 1854 5421 a
1875 5369 2076 5438 parte2

514 5459 834 5530 Capricorni
871 5460 937 5514 ad
983 5461 1052 5514 24
1109 5462 1376 5528 mediam;
1416 5464 1679 5518 culminat
1719 5477 1751 5516 a
1779 5462 1954 5515 media
1984 5459 2074 5513 Pi-

517 5555 694 5606 scium
723 5551 782 5603 11
819 5551 885 5606 ad
915 5553 1114 5607 Arietis
1133 5553 1186 5609 9.
1219 5553 1400 5609 Prima
1425 5555 1622 5610 occidit
1666 5554 1958 5608 australior
1986 5570 2078 5608 ea-

517 5658 639 5696 rnm
671 5656 793 5711 qum
839 5643 893 5697 in
923 5645 1219 5716 geniculis;
1278 5647 1468 5699 ultima
1526 5645 1827 5700 succedens
1889 5659 2076 5700 earum

515 5749 634 5805 quae
672 5742 798 5789 sunt
839 5738 891 5792 in
930 5737 1123 5793 cauda.
1155 5737 1507 5809 Reliquarum
1557 5738 1835 5794 stellarum
1885 5739 2079 5793 culmi-

2168 4546 2196 4596 6
2227 4546 2282 4596 ὲν
2314 4541 2388 4612 τῷ
2429 4542 2654 4613 ὀπισθίῳ
2687 4543 2823 4605 ποδὶ,
2858 4541 3076 4612 ἔσχατος
3103 4541 3162 4594 δὲ
3209 4545 3238 4595 6
3269 4543 3594 4615 βορειότερος
3617 4541 3708 4593 τῶν

2171 4639 2228 4688 ὲν
2256 4638 2320 4706 τῇ
2356 4635 2621 4703 ὲφαπτίδι.
2644 4633 3044 4705 Μεσουρανοῦσι
3071 4633 3129 4687 δὲ
3157 4633 3266 4689 τῶν
3290 4636 3463 4690 ἄλλων
3494 4633 3709 4704 ἀστέρων

2172 4729 2226 4779 ὲν
2255 4728 2350 4798 μὲν
2366 4729 2430 4797 τῇ
2465 4729 2604 4798 ἀρχῇ
2632 4727 2723 4779 τοῦ
2746 4727 2977 4797 Κηφέως
3000 4727 3028 4777 6
3060 4726 3283 4798 ὲνᾶκρᾳ
3306 4733 3374 4799 τῇ
3403 4729 3543 4800 δεξιᾷ
3564 4725 3706 4798 χειρὶ,

2171 4818 2267 4871 καὶ
2289 4815 2382 4869 τοῦ
2414 4817 2660 4888 Ὄρνιθος
2688 4820 2716 4870 6
2743 4820 2798 4870 ὲν
2827 4817 2902 4886 τῷ
2931 4815 3135 4882 ἀγκῶνι
3164 4819 3266 4889 τῆς
3295 4821 3574 4890 ἀριστερᾶς
3595 4817 3707 4869 πτέ-

2175 4927 2356 4984 ρυγος,
2388 4911 2482 4963 καὶ
2504 4909 2597 4963 τοῦ
2618 4911 2898 4980 Αἰγόκερω
2920 4910 2948 4960 6
2967 4909 3233 4980 ἑπόμενος
3254 4911 3363 4964 τῶν
3382 4916 3440 4966 ἐν
3467 4913 3539 4982 τῷ
3557 4910 3707 4977 νώτῳ,

2173 5000 2580 5074 προηγούμενος
2601 5000 2693 5053 τοῦ
2719 4999 3090 5072 μεσημϐρινοῦ
3121 5001 3194 5065 ὡς
3223 5005 3546 5074 ἡμιπήχιον·
3571 5002 3711 5069 ἔσχα-

2172 5111 2263 5146 τον
2288 5094 2342 5146 δὲ
2366 5093 2756 5164 μεσουρανοῦσι
2783 5093 2875 5146 106
2898 5110 2955 5145 τε
2973 5094 3205 5164 Κηφέως
3220 5096 3248 5147 6
3269 5095 3549 5167 ἀριστερὸς
3571 5092 3704 5152 παῦς’

2169 5187 2266 5240 καὶ
2296 5187 2387 5240 τοῦ
2414 5187 2610 5240 Ἵππου
2639 5188 2666 5239 ὁ
2700 5189 2756 5238 ὲν
2787 5186 2862 5257 τῷ
2899 5186 3142 5258 ὀμφαλῷ.
3171 5187 3328 5240 Δύνει
3355 5188 3413 5240 δὲ
3443 5191 3471 5241 6
3504 5185 3709 5251 Τοξότης

2175 5279 2233 5330 ὲν
2265 5278 2431 5350 ὥραις
2461 5278 2528 5346 γ’.

2247 5369 2342 5421 ΙΔ’.
2380 5368 2486 5421 T06
2519 5369 2575 5420 δὲ
2609 5368 2890 5439 Αἰγόκερω
2915 5367 3181 5433 δύνοντος,
3215 5368 3594 5438 συγκαταδύνει
3621 5362 3708 5434 μὲν

2177 5459 2325 5530 αὐτῷ
2348 5461 2377 5511 6
2403 5460 2662 5525 ζωδιακὸς
2685 5460 2790 5513 ἀπὸ
2812 5459 3091 5530 Αἰγόκερω
3120 5460 3230 5530 poi.
3263 5460 3307 5531 β(
3338 5461 3440 5523 ἕως
3460 5459 3710 5526 Αἰγόκερω

2182 5553 2291 5623 poi.
2314 5553 2354 5606 δ’
2385 5556 2477 5607 καὶ
2496 5553 2544 5606 κ’
2575 5553 2741 5623 μέσης
2759 5569 2774 5581 ·
2801 5552 3204 5622 μεσουρανεῖλδὲ
3234 5554 3343 5608 ἀπὸ
3383 5552 3585 5624 Ἰχθύων
3609 5545 3707 5617 μοί-

2183 5651 2248 5696 ια¹
2279 5645 2449 5716 μέσης
2480 5646 2583 5708 ἕως
2610 5643 2778 5713 Κριοῦ
2799 5644 2861 5696 θ’.
2894 5645 3000 5695 Καὶ
3031 5643 3081 5695 α’
3112 5645 3210 5714 μὲν
3231 5646 3408 5718 ἀστὴρ
3432 5643 3565 5697 δύνει
3587 5640 3611 5690 6
3632 5651 3712 5686 v0-

2179 5736 2434 5808 τιώτερος
2465 5736 2571 5790 τῶν
2609 5739 2665 5790 ὲν
2686 5738 2797 5798 τοῖς
2821 5733 3104 5803 γονατίοις,
3137 5735 3364 5805 ἔσχατος
3391 5736 3445 5790 δὲ
3474 5737 3501 5788 6
3528 5728 3709 5795 ἑπόμεο
