3800 6312
109 316 232 374 1129
1078 314 1447 373 HIPPABCHI
1483 318 1576 374 AD
1612 319 2062 380 PHIENOMENA
2100 325 2229 380 LIB.
2272 321 2357 381 Ill.
3214 337 3348 395 H30

107 451 185 498 νος
215 432 331 486 τῶν
381 431 444 486 ὲν
481 434 548 503 τῇ
582 431 736 504 οὐρᾷ.
777 431 1188 501 Μεσουρανοῦσι
1243 433 1300 488 δὲ
1351 435 1462 488 τῶν
1506 437 1650 492 ἄλλω

1785 449 1937 507 nant,
1991 442 2146 499 initio
2207 443 2429 515 quidem
2465 443 2752 500 obscurior
2776 461 2964 502 earum
2993 464 3115 520 quae
3142 463 3270 509 sunt
3292 458 3349 514 in

106 525 342 598 ἀστέρων
372 527 434 579 ὲν
465 523 566 596 μὲν
607 527 673 596 τῇ
709 526 850 598 ἀρχῇ
893 525 994 596 τῆς
1026 527 1398 590 Κασσιεπείας
1439 529 1468 580 ὁ
1495 529 1654 599 ιᾶιμαυ¹

1779 533 1918 589 solio
1944 534 2276 605 Cassiepeaa,
2303 542 2357 590 et
2393 550 2580 590 earum
2607 551 2728 606 qua:
2751 549 2879 593 sunt
2904 539 2959 593 in
2991 539 3349 603 Andromedae

107 620 315 691 ρότερος
341 617 458 670 τῶν
478 619 536 670 έν
567 615 645 688 τῷ
667 617 861 689 δίφρῳ,
896 618 990 670 καὶ
1015 618 1116 690 τῆς
1156 618 1514 690 Ἀνδρομέδας
1539 623 1566 674 6
1589 621 1654 691 βο

1777 635 2015 696 pectore,
2065 627 2337 682 borealior
2363 642 2376 679 :
2406 626 2704 684 novissime
2768 629 3090 697 culminant,
3127 635 3348 696 sinister

108 710 368 782 ρειὸτερος
389 709 503 762 τῶν
526 710 584 762 ὲν
608 708 686 780 τῷ
709 709 926 782 στήθει·
958 705 1183 781 ἔσχατον
1204 710 1261 763 δὲ
1284 728 1447 781 μεσου
1457 712 1654 784 ρανοῦσ

1775 716 2036 773 humerus
2093 717 2297 782 Persei,
2329 718 2468 773 citra
2525 719 2810 776 meridiem
2871 721 3084 780 duabus
3124 727 3348 785 circiter

103 800 184 853 τοῦ
209 817 268 852 τε
286 801 550 872 Περσέως
568 803 596 853 6
624 800 907 872 ἀριστερὸς
934 798 1103 871 ὦμος,
1129 801 1557 872 ὑπολειπόμενος
1577 803 1654 856 τοξ

1774 812 2021 882 partibus
2047 811 2395 868 eubitisitus.
2431 811 2641 868 Occidit
2665 813 3030 886 Capricornus
3061 817 3196 875 hora
3229 821 3255 876 1
3293 828 3348 878 et

105 894 472 978 μεσημϐρινοῦ
505 895 580 958 ὼς
610 895 653 965 β’
687 896 825 968 μέρη
857 897 1096 968 πήχεως.
1133 895 1289 950 Δύνει
1311 897 1369 951 δὲ
1397 900 1425 951 6
1447 899 1674 968 Δίγόκε-

102 1003 196 1056 ρως
223 987 283 1038 ἐν
315 985 441 1057 ὥρᾳ
465 985 514 1038 α’
551 987 645 1039 καὶ
672 987 718 1056 β’
745 988 966 1059 μέρεσιν
991 987 1160 1058 ὥρας.

161 1079 263 1132 Τοῦ
284 1079 342 1131 δὲ
382 1079 668 1150 ’Υδροχόου
688 1079 955 1146 δύνοντος,
977 1081 1367 1150 συγκαταδύνει
1399 1082 1498 1153 μὲν
1521 1084 1670 1156 αὑτῷ

98 1174 122 1226 6
170 1171 437 1237 ζωδιακὸς
496 1173 604 1225 ἀπὸ
654 1173 1028 1244 Αἰγοκέρωτος
1077 1174 1186 1245 μοί.
1221 1175 1290 1246 ιη’
1345 1176 1517 1248 μέσης
1565 1177 1671 1241 ἕως

104 1266 386 1337 Ὕδροχόου
423 1265 517 1319 ιεό
555 1270 876 1338 μεσουρανεί
904 1267 960 1321 δὲ
992 1268 1100 1322 ἀπὸ
1132 1267 1305 1341 Κριοῦ
1343 1270 1450 1341 μοι.
1490 1271 1538 1339 γ’
1563 1271 1668 1337 ἕως

94 1357 294 1429 Ταύρου
321 1357 370 1422 ζ’
409 1357 596 1428 μέσης.
633 1358 744 1411 Καὶ
780 1357 828 1412 α’
870 1359 968 1429 μὲν
995 1359 1170 1430 ἀστὴρ
1199 1359 1343 1413 δύνει
1370 1361 1398 1412 6
1430 1359 1666 1432 ἡγούμε-

92 1465 169 1512 νος
194 1448 306 1502 τῶν
338 1452 400 1502 ἐν
423 1453 489 1520 τῇ
518 1451 782 1521 ἀριστερᾷ
811 1449 974 1521 χειρὶ,
1011 1449 1236 1520 ἔσχατος
1262 1449 1320 1503 δὲ
1342 1452 1371 1504 6
1401 1451 1665 1522 ἑπόμενος

90 1541 184 1595 τῶν
212 1544 271 1595 ἐν
288 1545 356 1612 τῇ
393 1541 631 1595 κάλπιδι.
652 1542 1060 1614 Μεσουρανοῦσι
1085 1542 1143 1596 δὲ
1170 1543 1278 1596 τῶν
1304 1542 1478 1598 ἄλλων
1506 1544 1666 1597 ἀστέ-

92 1647 187 1704 ρων
210 1635 270 1687 έν
304 1635 407 1705 μὲν
440 1637 508 1705 τῇ
556 1635 696 1705 ἀρχῇ
724 1634 816 1688 τοῦ
849 1635 1102 1707 Περσέως
1137 1637 1166 1688 6
1191 1637 1249 1689 ὲν
1284 1637 1350 1706 τῇ
1394 1636 1544 1706 ἅρπῃ
1577 1652 1665 1689 νε-

89 1725 356 1796 φελοειδὴς
389 1723 486 1788 ὢν,
511 1725 724 1796 καὶτῆς
761 1725 1114 1797 Ἀνδρομέδας
1137 1728 1166 1778 6
1196 1725 1479 1797 ἀριστερὸς
1505 1725 1661 1790 ποῦς,

1773 903 1988 961 duobus
2027 904 2172 960 horae
2203 903 2470 975 partibus.

1841 1083 1980 1137 Cum
2009 1082 2252 1154 Aquario
2298 1082 2556 1139 zodiacus
2607 1085 2809 1140 occidit
2837 1100 2868 1140 ο
2905 1085 3226 1157 Capricorni
3257 1089 3340 1154 l8,

1769 1173 1949 1228 media
2001 1174 2069 1229 ad
2125 1173 2349 1244 Aquarii
2382 1173 2481 1242 l5;
2537 1174 2806 1230 culminat
2835 1177 2904 1232 ab
2953 1178 3152 1235 Arietis
3201 1181 3235 1235 5
3276 1181 3345 1236 ad

1771 1263 1934 1318 Tauri
1985 1265 2216 1320 mediam
2248 1265 2297 1318 7.
2329 1263 2489 1320 Prior
2537 1266 2737 1322 occidit
2771 1269 2949 1335 stella,
3010 1271 3343 1330 antecedens

1767 1371 1978 1424 earum,
2013 1375 2133 1429 quae
2171 1367 2298 1414 sunt
2328 1360 2381 1412 in
2404 1359 2629 1416 sinistra
2663 1375 2862 1429 manu;
2899 1363 3110 1428 ultima,
3152 1379 3343 1420 succe-

1768 1447 1904 1504 dens
1929 1463 2139 1514 earum,
2167 1465 2288 1520 quae
2321 1449 2376 1503 in
2399 1465 2559 1505 urna.
2617 1449 2972 1522 Reliquarum
3017 1455 3336 1521 culminant,

1767 1538 1924 1594 initio
1945 1539 2185 1609 quidem,
2237 1555 2299 1595 ea
2341 1556 2461 1611 quae
2501 1548 2586 1597 est
2643 1542 2697 1596 in
2736 1542 2904 1614 harpe
2935 1542 3120 1600 Persei
3170 1547 3342 1601 nebu-

1767 1628 1881 1683 losa
1901 1647 1916 1696 ;
1936 1637 1991 1685 et
2019 1629 2380 1687 Andromeda:
2413 1648 2510 1704 pes
2551 1633 2796 1700 sinister,
2825 1635 3105 1705 paululum
3123 1646 3341 1693 antece—

1765 1717 1902 1775 dens
1931 1721 2292 1776 meridianum
2329 1738 2341 1773 :
2376 1721 2506 1776 item
2534 1721 2734 1777 Arietis
2766 1737 2953 1777 earum
2977 1738 3098 1792 quae
3127 1734 3256 1778 sunt
3284 1726 3340 1780 in

90 1817 272 1887 μικρὸν
323 1816 737 1888 προηγούμενος
777 1815 871 1870 τοῦ
914 1817 1323 1890 μεσημϐρινοῦδ
1359 1818 1560 1889 ὁμοίως
1599 1819 1654 1872 δὲ

1766 1811 1960 1882 capite,
1984 1811 2197 1880 media;
2226 1813 2418 1867 ultima
2461 1803 2612 1879 vero,
2640 1829 2760 1884 qua:
2802 1822 2886 1869 est
2915 1814 2970 1868 in
3005 1814 3168 1870 Tauri
3213 1832 3339 1871 sca-

86 1909 168 1960 καὶ
191 1907 286 1960 τοῦ
318 1907 494 1978 Κριοῦ
518 1910 545 1961 6
574 1908 736 1979 μέσος
756 1908 866 1961 τῶν
891 1910 948 1961 ὲν
968 1911 1033 1980 τῇ
1065 1909 1272 1981 κεφαλῇ
1300 1927 1314 1940 ο
1344 1908 1568 1980 ἔσχατος
1597 1909 1656 1963 δὲ

84 1998 189 2070 ὁσέν
217 2001 287 2069 τῇ
317 1997 622 2072 ὠμοπλάτη
654 1997 746 2052 τοῦ
780 1998 1016 2071 Ταύρου,
1077 2000 1153 2063 ὡς
1192 2001 1492 2071 ἡμιπήχιον
1518 2016 1654 2070 προ-

85 2089 377 2162 ηγούμενος
403 2088 498 2143 τοῦ
532 2089 926 2162 μεσημϐρινοῦ,
957 2092 1050 2145 καὶ
1075 2090 1186 2144 τῶν
1213 2091 1418 2145 Ὑάδων
1443 2094 1472 2145 6
1497 2093 1554 2146 ὲν
1579 2091 1656 2163 τῷ

84 2183 286 2254 ῥύγχει,
323 2184 402 2246 ὡς
453 2184 752 2254 ἡμιπήχιον
777 2182 1201 2254 ὑπολειπόμενος
1229 2183 1322 2237 τοῦ
1355 2183 1656 2257 μεσημϐρι-

82 2274 181 2328 νοῦ.
217 2273 382 2329 Δύνει
411 2273 470 2327 δὲ
498 2275 526 2326 6
569 2273 847 2344 ’Υδροχόος
875 2276 934 2326 ἐν
976 2274 1146 2345 ὥραις
1184 2274 1230 2345 β’
1263 2277 1356 2329 καὶ
1400 2277 1450 2348 η’
1478 2276 1652 2350 μέρει.

143 2365 259 2419 Τῶν
305 2365 365 2419 δὲ
408 2364 631 2435 Ἰχθύων
667 2365 952 2430 δυνόντων,
991 2366 1380 2434 συγκαταδύνει
1417 2367 1517 2438 μὲν
1554 2368 1656 2421 αὑ-

80 2460 178 2521 τοῖς
220 2459 249 2511 6
301 2455 569 2520 ζωδιακὸς
615 2455 722 2508 ἀπὸ
763 2455 1046 2528 ’Υδροχόου
1109 2457 1218 2527 μοί.
1255 2464 1304 2525 γ’
1334 2457 1430 2510 καὶ
1470 2463 1519 2510 κ’
1552 2456 1658 2522 ἓως

83 2547 236 2618 Κριοῦ
295 2547 408 2618 μοί.
440 2545 514 2598 ε’·
559 2547 884 2617 μεσουρανεί
937 2545 995 2598 δὲ
1013 2545 1120 2598 ἀπὸ
1164 2545 1381 2617 Ταύρου
1437 2545 1546 2617 μοί.
1593 2545 1656 2611 ιζ’

81 2639 171 2703 ἓως
190 2640 473 2711 Καρκίνου
495 2644 570 2703 ς’.
590 2637 697 2692 Καὶ
723 2643 770 2689 α’
791 2637 889 2708 μὲν
919 2638 1093 2709 ἀστὴρ
1113 2637 1256 2692 δύνει
1277 2641 1304 2691 6
1335 2639 1390 2690 ὲν
1405 2638 1558 2711 ἄκρῳ
1579 2636 1658 2709 τῷ

82 2732 257 2802 ῥύγχει
291 2730 388 2784 τοῦ
437 2730 778 2802 βορειοτέρου
823 2729 1058 2801 Ἰχθύος·
1101 2732 1424 2802 μεσουρανεῖ
1459 2729 1516 2783 δὲ
1546 2729 1656 2784 τῶν

78 2824 236 2878 ἄλλων
269 2823 519 2894 ἀστέρων
547 2824 605 2876 ὲν
650 2823 746 2893 μὲν
782 2825 847 2893 τῇ
881 2824 1022 2895 ἀρχῇ
1057 2823 1149 2876 τοῦ
1184 2841 1243 2876 τε
1269 2822 1481 2894 Ταύρου
1520 2823 1550 2875 6
1595 2821 1653 2876 ὲν

77 2920 136 2988 τῇ
162 2917 390 2988 έκφύσει
437 2915 533 2968 τοῦ
577 2915 749 2981 δεξιοῦ
793 2916 1042 2987 κέρατος,
1075 2917 1170 2970 καὶ
1211 2914 1305 2969 τοῦ
1345 2916 1588 2986 Ἰὶνιὸχου
1626 2917 1656 2969 6

77 3010 350 3082 ἀριστερὸς
397 3004 587 3080 ὦμος,
626 3008 703 3073 ὡς
746 3011 1048 3082 ἡμιπήχιον
1099 3009 1506 3081 προηγούμενος
1554 3007 1653 3062 τοῦ

1760 1901 1888 1972 pula
1919 1903 2116 1968 media,
2159 1903 2316 1974 quasi
2352 1903 2678 1959 semicubito
2723 1905 3085 1961 meridianum
3125 1915 3341 1963 antece-

1757 1991 1914 2059 dens,
1942 2000 1996 2048 et
2053 1991 2375 2050 Sucularum
2400 2009 2520 2065 quae
2552 2002 2636 2051 est
2677 1995 2732 2049 in
2765 2004 2965 2062 rostro,
3025 1998 3340 2054 semicubito

1759 2082 1871 2139 fere
1897 2084 2163 2140 collocata
2204 2087 2345 2142 citra
2394 2087 2776 2144 meridianum.
2817 2089 3032 2146 Occidit
3063 2093 3340 2164 Aquarius

1758 2175 1911 2233 horis
1935 2176 1972 2230 2
2009 2177 2132 2248 l/8.

1832 2355 2081 2413 Piscibus
2156 2357 2536 2416 occidentibus
2603 2359 2886 2416 descendit
2950 2360 3207 2417 zodiacus
3269 2362 3340 2417 ab

1757 2449 1984 2520 Aquarii
2012 2456 2167 2519 parte
2193 2449 2265 2504 S5
2309 2449 2377 2504 ad
2407 2449 2690 2516 ArietisS;
2745 2450 3010 2506 culminat
3032 2466 3063 2506 a
3081 2451 3248 2505 Tauri
3268 2451 3336 2504 l7

1759 2544 1826 2598 ad
1859 2542 2057 2598 Cancri
2085 2541 2138 2596 6.
2164 2539 2323 2596 Prior
2342 2542 2544 2597 occidit
2573 2557 2692 2612 quae
2711 2550 2796 2598 est
2827 2543 2883 2597 in
2912 2551 3092 2599 rostro
3138 2545 3336 2612 borea-

1760 2634 1913 2690 lioris
1959 2633 2154 2698 Piscis,
2207 2634 2472 2690 culminat
2539 2636 2769 2690 aliarum
2826 2636 3106 2690 stellarum
3155 2636 3334 2701 initio,

1759 2742 1883 2798 quae
1904 2736 1989 2782 est
2014 2726 2068 2782 in
2092 2740 2355 2796 processu
2387 2741 2560 2781 cornu
2585 2725 2758 2780 dextri
2790 2723 2955 2780 Tauri
2981 2743 2996 2792 ;
3030 2732 3084 2780 et
3114 2725 3337 2780 sinister

1759 2819 2021 2874 humerus
2087 2817 2372 2884 Heniochi,
2436 2818 2763 2874 semicubito
2805 2818 2916 2874 fere
2969 2817 3335 2873 meridianum

1758 2909 2072 2981 praecedens
2111 2923 2126 2961 :
2163 2907 2458 2964 novissime
2517 2923 2648 2964 vero
2700 2908 3006 2962 culminant
3061 2907 3335 2963 borealior

1759 3019 1970 3072 earum,
2004 3017 2125 3074 qua:
2153 3003 2209 3057 in
2235 3001 2601 3056 anterioribus
2630 3001 2784 3056 Ursa:
2809 2999 3098 3068 cruribus;
3129 2999 3258 3055 item
3303 3016 3336 3054 e

83 3104 450 3176 μεσημϐρινοῦ
472 3121 486 3133 ’
521 3102 744 3174 ἔσχατον
769 3103 825 3156 δὲ
865 3103 1260 3175 μεσουρανοῦσι
1292 3103 1393 3174 τῆς
1435 3119 1491 3155 τε
1523 3103 1654 3174 Ἀρι

1766 3103 1998 3168 quatuor
2046 3095 2192 3150 circa
2225 3094 2550 3148 nubeculam
2581 3093 2635 3147 in
2667 3092 2880 3148 Cancro
2911 3093 3139 3148 sitarum
3181 3093 3333 3146 occi-

76 3213 192 3250 κτου
219 3201 249 3252 6
279 3196 619 3269 βορειότερος
644 3195 753 3248 τῶν
783 3197 839 3248 ἐν
856 3198 968 3260 τοῖς
993 3196 1346 3269 ἐμπροσθίοις
1382 3194 1648 3258 σκέλεσιν,

79 3291 160 3342 καὶ
193 3291 286 3345 τοῦ
319 3290 599 3362 Καρκίνου
631 3289 682 3342 οἱ
722 3287 849 3359 περ)⁸
887 3288 948 3342 τὸ
980 3290 1226 3359 νεφέλιον
1258 3289 1366 3343 τῶν
1397 3290 1456 3342 ὲν
1499 3286 1650 3358 αὑτῷ

1760 3189 2006 3246 dentales
2029 3188 2169 3251 duae,
2197 3201 2413 3242 necnon
2459 3185 2755 3241 australior
2783 3186 3118 3240 anteriorum
3165 3184 3332 3239 Canis

1758 3283 1977 3356 pedum.
2013 3279 2283 3337 Occidunt
2312 3277 2500 3335 Pisces
2522 3278 2674 3334 boris
2703 3277 2880 3333 tribus
2902 3286 2956 3332 et
2975 3277 3225 3333 semisse.

79 3384 336 3454 κειμένων
360 3385 401 3437 δ’
438 3383 483 3454 β’
505 3384 714 3456 οίπρὸς
734 3385 906 3452 δύσιν,
939 3385 1034 3440 καὶ
1062 3384 1154 3438 τοῦ
1181 3384 1354 3448 Κυνὸς
1382 3384 1410 3437 6
1430 3380 1747 3452 νοτιωτερος
1779 3379 1887 3432 τῶν
1920 3373 2263 3448 ἐμπροσθίων
2305 3372 2501 3427 ποδῶν.
2562 3371 2788 3425 Δύνουσι
2830 3369 2886 3424 δὲ
2925 3371 2972 3423 οἱ
3010 3367 3214 3440 ’ἰχθύες
3273 3367 3335 3422 ἐν

78 3478 232 3550 ὥραις
262 3488 312 3552 γ
333 3481 433 3536 καὶ
462 3482 738 3553 ὴμιωρίῳ.

133 3638 228 3694 IE‘.
252 3639 364 3694 T06
384 3639 443 3693 δὲ
464 3639 637 3712 Κριοῦ
656 3639 922 3708 δύνοντος,
956 3637 1352 3708 συγκαταδύνει
1378 3637 1476 3709 μὲν
1499 3632 1646 3704 αὑτῷ

70 3732 96 3784 6
139 3732 404 3796 ζωδιακὸς
454 3733 564 3786 ἀπὸ
599 3733 819 3804 Ἰχθύων
873 3732 984 3803 μοί.
1029 3731 1072 3784 θ’
1105 3732 1197 3784 καὶ
1239 3737 1285 3784 κ’
1319 3730 1424 3794 ἕως
1471 3724 1645 3799 Κριοῦ

75 3823 172 3891 μοί.
193 3830 246 3889 ς’
271 3824 370 3877 καὶ
399 3830 447 3877 κ’
463 3841 477 3854 ·
516 3825 838 3895 μεσουρανεῖ
859 3821 915 3875 δὲ
938 3821 1046 3874 ἀπὸ
1077 3821 1321 3891 Διδύμων
1353 3819 1462 3890 μοι.
1487 3817 1529 3870 θ’
1553 3814 1646 3869 καὶ

71 3923 112 3969 κ’
135 3917 236 3982 ἕως
264 3917 550 3991 Καρκίνου
581 3915 625 3970 θ’
659 3918 751 3970 καὶ
784 3924 852 3972 κ’.
888 3916 998 3970 Καὶ
1031 3922 1077 3968 α’
1116 3915 1211 3985 μὲν
1239 3913 1415 3984 ἀστὴρ
1446 3911 1589 3964 δύνει
1618 3910 1646 3960 6

68 4009 118 4062 ἐν
142 4013 248 4074 τοῖς
277 4009 641 4082 ἐμπροσθίοις
663 4009 839 4073 ποσὶν,
863 4009 1090 4080 ἔσχατος
1113 4007 1168 4059 δὲ
1199 4007 1226 4058 6
1248 4004 1513 4074 ἑπόμενος
1535 4001 1642 4053 τῶν

1829 3624 1946 3681 XV.
2000 3623 2136 3679 Cum
2192 3621 2376 3677 Ariete
2438 3620 2695 3676 zodiacus
2750 3617 2953 3675 occidit
2997 3632 3030 3673 a
3083 3615 3326 3673 Piscium

1752 3727 1907 3792 parte
1925 3718 1996 3773 29
2027 3717 2093 3771 ad
2123 3715 2322 3770 Arietis
2379 3711 2485 3780 26;
2517 3711 2781 3768 culminat
2807 3725 2838 3764 a
2868 3709 3220 3765 Geminorum
3253 3705 3324 3760 29

1756 3814 1823 3868 ad
1844 3810 2041 3868 Cancri
2065 3809 2156 3863 (ἐξ).
2191 3807 2347 3862 Prior
2379 3803 2579 3860 occidit
2598 3803 2776 3866 stella,
2800 3816 2922 3872 quae
2944 3807 3030 3856 est
3055 3799 3110 3854 in
3158 3805 3327 3852 ante—

1756 3903 1995 3960 rioribus
2033 3901 2290 3971 pedibus;
2338 3897 2529 3951 ultima
2578 3908 2729 3960 vero,
2793 3891 3092 3948 succedens
3136 3900 3328 3945 earnm

1757 4009 1877 4065 quae
1911 4003 2038 4048 sunt
2066 3993 2119 4045 in
2148 3989 2340 4044 cauda.
2373 3985 2707 4041 Caeterarum
2725 3982 2989 4037 culminat
3016 3978 3194 4043 initio,
3223 3976 3329 4032 Ca—

67 4101 117 4151 ἐν
147 4105 208 4172 τῇ
251 4101 413 4173 οὐρᾷ.
447 4101 787 4171 Μεσουρανεῖ
826 4099 882 4152 δὲ
922 4097 1030 4150 τῶν
1084 4095 1258 4149 ἄλλων
1298 4093 1542 4162 ἀστέρων
1586 4092 1642 4142 ἐν

1766 4087 1835 4141 lis
1860 4086 1915 4139 in
1947 4083 2286 4139 extremitate
2312 4077 2500 4132 caudae
2520 4075 2718 4146 posita,
2745 4071 3068 4130 semicubito
3097 4069 3213 4124 fere
3248 4069 3328 4123 ci-

70 4191 156 4259 μὲν
181 4196 248 4264 τῇ
290 4195 436 4264 ἀρχῇ
470 4191 564 4245 τοῦ
599 4191 772 4254 Κυνὸς
802 4193 830 4244 6
869 4192 926 4243 ὲν
956 4189 1102 4260 ἄκρᾳ
1129 4189 1196 4257 τῇ
1228 4185 1381 4256 οὐρᾷ,
1412 4183 1486 4246 ὼς
1516 4185 1647 4252 ἧμιν

66 4282 703 4352 πήχιονιὺπολειπόμενος
725 4280 818 4334 τοῦ
862 4274 1254 4352 μεσημϐρινοῦ,
1293 4273 1388 4327 καὶ
1414 4271 1508 4324 τοῦ
1534 4271 1645 4342 Πη-

63 4375 232 4428 δαλίου
265 4378 294 4429 6
318 4378 376 4428 έν
411 4375 553 4447 μέσῃ
582 4377 647 4445 τῇ
673 4374 826 4445 νοτίου⁴
864 4372 1074 4444 πλευρᾷ
1093 4390 1104 4399 ·
1136 4369 1362 4438 ἔσχατον
1390 4364 1446 4418 δὲ
1471 4363 1571 4433 τῆς
1585 4378 1645 4414 τε

1750 4185 1833 4231 tra
1862 4174 2250 4236 meridianum,
2285 4178 2338 4226 et
2371 4185 2492 4240 quae
2520 4169 2573 4222 in
2629 4165 2810 4222 medio
2867 4162 3094 4219 australi
3151 4161 3322 4215 latere

1750 4267 2042 4334 Temonis;
2086 4265 2402 4328 novissime,
2454 4261 2782 4316 antecedens
2829 4270 3038 4321 earum,
3099 4270 3219 4325 quae
3265 4253 3323 4308 in

1751 4360 2150 4436 posterioribus
2169 4356 2324 4412 Ursae
2349 4353 2600 4424 pedibus,
2633 4349 2960 4406 semicubito
2983 4346 3201 4401 circiter
3221 4361 3322 4399 an-

68 4467 297 4538 ’Δρκτου
327 4467 358 4518 6
380 4465 685 4538 ἡγούμενος
714 4462 821 4516 τῶν
845 4462 901 4515 ὲν
920 4464 1034 4526 τοῖς
1068 4459 1334 4521 ὀπισθίοις
1366 4456 1542 4519 ποσὶν,
1565 4452 1641 4514 ὡς

1766 4454 2008 4512 Lecedens
2047 4450 2432 4508 meridianum,
2464 4453 2518 4500 et
2558 4443 2858 4498 Incidarum
2890 4441 2946 4495 in
2968 4439 3112 4494 collo
3140 4453 3205 4492 ac
3234 4453 3325 4507 pe-

62 4559 354 4631 ἡμιπήχιον
383 4555 794 4628 προηγούμενος
829 4553 921 4607 τοῦ
963 4550 1356 4624 μεσημϐρινοῦ,
1390 4547 1484 4601 καὶ⁹
1542 4544 1635 4598 τοῦ

63 4651 285 4714 Λέοντος
317 4649 428 4703 τῶν
461 4651 522 4701 ὲν
563 4645 640 4717 τῷ
677 4645 931 4717 τραχήλῳ
959 4645 1053 4697 καὶ
1085 4643 1270 4713 στήθει
1312 4637 1580 4710 λαμπρῶν
1611 4640 1640 4691 6

1749 4549 1898 4598 ctore
1923 4539 2124 4594 Leonis
2158 4553 2186 4591 a
2212 4534 2685 4606 septentrionibus
2711 4531 2896 4593 tertia,
2927 4529 3174 4600 partibus
3226 4543 3323 4582 cu-

1747 4635 1847 4689 biti
1876 4633 2089 4687 duabus
2122 4630 2236 4685 fere
2275 4629 2413 4684 citra
2472 4625 2854 4680 meridianum.
2911 4618 3122 4675 Occidit
3165 4618 3324 4673 Aries

60 4751 101 4812 γ’
126 4747 218 4798 ἀπ’
250 4747 495 4816 ἄρκτων,
522 4741 597 4805 ὡς
619 4741 662 4811 β’
698 4739 836 4810 μέρη
861 4739 1079 4810 πήχεως
1105 4734 1528 4805 ὑπολειπόμενος
1544 4729 1638 4784 τοῦ

1766 4729 1891 4784 toris
1922 4725 2153 4782 duabus.

64 4839 456 4912 μεσημϐρινοῦ.
486 4836 642 4890 Δύνει
673 4833 729 4886 δὲ
755 4835 782 4885 6
808 4831 973 4904 Κριὸς
1002 4833 1058 4884 ὲν
1079 4829 1247 4900 ὥραις
1275 4828 1340 4900 β’.

121 4929 226 4982 Τοῦ
258 4929 317 4981 δὲ
348 4927 565 4997 Ταύρου
595 4923 861 4987 δύνοντος,
892 4919 1280 4989 συγκαταδύνει
1317 4917 1412 4988 μὲν
1441 4916 1590 4987 αὑτῷ
1612 4918 1640 4970 6

61 5018 316 5082 ζωδιακὸς
349 5017 462 5072 ἀπὸ
502 5014 674 5086 Κριοῦ
732 5013 840 5084 μοί.
873 5019 919 5065 κ’
949 5011 1050 5075 ἕως
1099 5010 1310 5082 Ταύρου
1360 5009 1467 5080 μοί.
1515 5007 1635 5072 urg-'-

61 5113 382 5182 μεσουρανεῖ
408 5109 465 5162 δὲ
500 5106 610 5161 ἀπὸ
641 5104 916 5176 Καρκίνου
959 5102 1066 5174 μοί.
1093 5099 1138 5171 β’
1173 5101 1266 5153 καὶ
1290 5105 1337 5153 κ’
1360 5099 1464 5163 ἕως
1497 5100 1641 5171 Παρ-

59 5201 207 5257 θένου
232 5202 302 5267 ζ’.
334 5204 448 5256 Καὶ
480 5207 527 5254 α’
555 5199 652 5270 μὲν
677 5199 852 5270 ἀστὴρ
873 5197 1016 5250 δύνει
1045 5198 1073 5248 6
1103 5193 1422 5262 νοτιώτερος
1448 5192 1556 5246 τῶν
1581 5196 1639 5246 ὲν

57 5299 113 5367 τῇ
156 5298 413 5367 ἀποτομῇ
448 5295 514 5360 δ’,
546 5292 771 5362 ἔσχατος
815 5290 869 5344 δὲ
906 5292 934 5343 6
972 5291 1028 5341 ὲν
1061 5287 1215 5357 ἄκρῳ
1260 5284 1339 5355 τῷ
1369 5285 1640 5356 ἀριστερῷ

57 5391 266 5461 κέρατι,
297 5385 711 5458 Μεσουρανοῦσι
739 5383 795 5436 δὲ
827 5381 934 5435 τῶν
971 5380 1144 5436 ἄλλων
1168 5375 1412 5447 ἀστέρων
1452 5379 1509 5431 ὲν
1541 5377 1640 5447 μὲν

54 5485 113 5552 τῇ
139 5484 288 5554 ἀρχῇ
319 5480 415 5534 τοῦ
437 5477 636 5549 ’Υδρου
661 5478 690 5529 6
719 5471 1037 5536 νοτιώτατος
1064 5471 1174 5527 τῶν
1198 5472 1255 5524 ὲν
1275 5469 1354 5540 τῷ
1383 5469 1639 5540 τραχήλῳ

55 5579 118 5638 γ’,
130 5573 362 5642 ἔγγιστα
381 5569 491 5624 τῶν
509 5569 603 5621 ἀπ’
620 5569 685 5620 'A
696 5583 856 5638 ρκτου
870 5563 1139 5633 κειμένων
1155 5560 1250 5615 τοῦ
1273 5559 1546 5631 λαμπροῦ,
1562 5559 1636 5624 ὡς

55 5665 352 5736 ἡμιπήχιον
383 5658 813 5728 ὑπολειπόμενος
837 5655 932 5710 τοῦ
976 5651 1370 5727 μεσημϐρινοῦο
1412 5650 1638 5722 ἔσχατον

55 5753 105 5806 δὲ
135 5749 541 5828 μεσουρανοῦσι
563 5748 659 5817 τῆς
681 5746 956 5818 Παρθένου
979 5747 1006 5797 ὁ
1035 5745 1093 5797 ὲν
1123 5743 1264 5815 μέσῃ
1282 5743 1349 5814 τῇ
1371 5741 1636 5811 ἀριστερᾷ

373 5845 649 5908 ΡΑτ-ιιοι.
681 5840 797 5900 Gn.
835 5835 1012 5896 XIX.

1820 4910 1954 4965 Cum
1985 4907 2167 4963 Tauro
2194 4905 2452 4961 zodiacus
2471 4903 2677 4960 occidit
2703 4903 2772 4959 ab
2807 4901 3010 4957 Arietis
3047 4909 3202 4970 parte
3251 4901 3322 4956 20

1751 5003 1908 5075 140
1968 5001 2036 5056 ad
2099 4999 2264 5054 Tauri
2321 4997 2430 5065 26;
2487 4997 2752 5052 culminat
2807 5011 2838 5050 a
2885 4994 3086 5052 Cancri
3130 4994 3202 5048 22
3253 4993 3323 5050 ad

1746 5094 1985 5166 Virginis
2023 5093 2077 5146 7.
2110 5091 2268 5147 Prior
2297 5092 2500 5149 occidit
2534 5091 2710 5155 stella,
2745 5104 2866 5162 quae
2896 5098 2981 5144 est
3025 5089 3322 5144 australior

1746 5192 1975 5246 sitarum
2020 5189 2078 5242 in
2108 5189 2431 5259 praecisione
2459 5189 2727 5260 quatuor;
2758 5187 2968 5250 ultima,
3001 5201 3121 5256 qua:
3153 5193 3238 5241 est
3266 5185 3324 5238 in

1745 5282 2086 5338 extremitate
2123 5279 2329 5336 sinistri
2361 5296 2554 5336 cornu.
2590 5279 2942 5350 Reliquarum
2996 5277 3320 5338 culminant,

1745 5372 1902 5426 initio
1958 5371 2197 5441 quidem,
2254 5369 2652 5426 australissima
2705 5382 2890 5423 earum
2936 5381 3057 5437 quae
3107 5371 3234 5420 sunt
3267 5363 3324 5416 in

1744 5464 1905 5529 collo,
1935 5462 2100 5518 trium
2121 5481 2137 5529 ;
2156 5477 2277 5533 quae
2299 5461 2561 5532 proxima:
2581 5470 2710 5516 sunt
2744 5459 2809 5513 iis
2825 5473 2946 5529 quae
2989 5457 3056 5511 ad
3102 5464 3323 5525 septen-

1744 5555 1954 5609 triones
1984 5554 2236 5622 objacent
2263 5552 2490 5612 lucida:
2515 5549 2844 5607 semicubito
2871 5547 2982 5602 fere
3003 5547 3141 5600 citra
3161 5543 3322 5598 meri-

1743 5647 1965 5702 dianum
1992 5647 2192 5718 posita,
2222 5645 2520 5701 novissime
2547 5641 2871 5705 culminant,
2899 5654 3018 5709 qua:
3059 5637 3116 5690 in
3146 5635 3323 5690 media

1744 5740 1970 5797 sinistra
1997 5738 2081 5793 ala
2093 5736 2368 5815 -Virginis,
2399 5735 2682 5806 paululum
2703 5731 3085 5790 meridianum'
3115 5742 3318 5798 prace-

2968 5820 3040 5882 36
