3800 6362
465 363 596 420 1151

1442 358 1534 414 ΑΙ)
1565 358 1830 416 EUSEBII
1867 358 2262 417 CHRONICON
2300 357 2659 414 APPENDIX.

3570 353 3682 412 H5!

463 480 599 536 dens
631 501 642 534 :
669 487 796 536 item
821 491 986 549 parva
1019 478 1073 531 in
1099 473 1259 531 Corvi
1295 475 1475 530 medio
1531 491 1781 548 corpore.
1812 475 2022 534 Occidit

2143 476 2374 548 ττέρυγι,
2412 475 2606 547 μικρὸν
2630 485 3034 544 προηγουμενος
3064 466 3155 522 τοῦ
3185 466 3575 538 μεσημβρινοῦ,
3601 471 3675 522 καὶ

465 573 681 630 Taurus
707 572 857 628 horis
875 571 929 625 ι.

540 753 782 809 Geminis
811 748 1183 804 occidentibus
1219 745 1480 802 zodiacus
1522 746 1856 802 descendita
1881 755 2035 818 parte

463 848 500 902 4
531 846 882 902 Geminorum
919 843 987 896 ad
1027 842 1064 896 2
1108 841 1342 895 mediam
1397 839 1628 906 Cancri;
1687 839 1943 893 culminat
2001 853 2034 893 a

465 945 619 1009 parte
644 935 883 1006 Virginis
913 933 977 986 l7
998 932 1064 988 ad
1119 931 1409 987 Chelarum
1456 931 1526 984 22
1571 929 1824 986 mediam.
1880 929 2035 984 Prior

464 1025 664 1080 occidit
691 1025 868 1088 stella,
896 1038 1019 1094 quae
1067 1031 1296 1078 vocatur
1338 1022 1587 1091 Propus;
1644 1022 1857 1086 ultima,
1913 1036 2035 1092 quae

462 1124 545 1172 est
575 1116 629 1169 in
662 1115 854 1170 dextra
896 1129 1062 1168 manu
1095 1113 1440 1169 succedentis
1492 1112 1726 1169 Gemini.
1779 1111 2041 1183 Reliqua-

461 1219 585 1259 rum
614 1204 879 1258 culminat
906 1203 1064 1258 initio
1091 1202 1337 1273 quidem,
1363 1201 1744 1258 Vindemiator
1765 1211 1818 1258 et
1845 1205 2036 1260 dexter

458 1297 724 1352 humerus
747 1293 1008 1367 Virginis,
1035 1295 1358 1350 semicubito
1377 1292 1487 1349 fere
1518 1295 1874 1350 meridianum
1906 1311 2037 1364 prae—

461 1387 701 1455 cedens;
730 1388 1027 1443 novissime
1047 1387 1313 1441 culminat
1333 1385 1535 1451 lucida,
1568 1402 1690 1457 qua:
1736 1397 1821 1443 est
1843 1379 1912 1442 in'
1943 1403 2036 1443 ex-

461 1478 736 1534 tremitate
761 1479 944 1534 boreae
969 1476 1149 1533 Chelze
1174 1517 1190 1544 ,
1221 1477 1437 1533 duabus
1471 1477 1642 1532 cubiti
1699 1476 1812 1532 fere
1864 1479 2036 1548 parti-

458 1569 564 1624 bus
611 1570 749 1625 citra
797 1568 1182 1626 meridianum.
1225 1567 1496 1626 Occidunt
1535 1565 1749 1625 Gemini
1786 1569 1937 1625 horis
1974 1570 2030 1637 2,

457 1658 564 1714 10'.

2133 567 2226 621 τοῦ
2242 569 2491 639 Κόρακος
2523 569 2552 618 6
2577 567 2636 618 ἒν
2662 563 2809 634 μέσῳ
2833 561 2918 631 τῷ·
2931 559 3141 631 σώματι
3170 560 3383 632 μικρός.
3416 557 3568 610 Δύνει
3590 559 3676 613 δὲὸ

2134 658 2344 730 Ταῦρος
2376 660 2434 713 ὲν
2467 657 2639 730 ὥραις
2662 662 2731 725 γ’.

2204 749 2323 803 Τῶν
2345 750 2402 802 δὲ
2421 749 2670 818 Διδύμων·
2685 745 2968 810 δυνόντων,
2993 743 3382 813 συγκαταδύνει
3407 741 3506 813 μὲν
3525 744 3678 806 αὐτοῖς

2132 842 2162 894 6
2187 841 2448 904 ζωδιακὸς
2473 841 2580 894 ἀπὸ
2609 838 2854 909 Διδύμων
2885 837 2994 908 μοί.
3028 837 3068 890 δ’
3088 836 3190 898 ἕως
3223 834 3503 904 Καρκίνου
3539 833 3579 902 β’
3600 835 3677 904 μὲο

2135 950 2233 1003 σης
2251 949 2265 962 °
2301 935 2625 1004 μεσουρανεῖ
2644 931 2701 985 δὲ
2723 930 2830 984 ἀπὸ
2851 928 3126 1002 Παρθένου
3157 925 3266 997 μοί.
3295 923 3361 988 ιζ’
3388 926 3494 987 ἕως
3513 925 3678 994 Χηλῶν

2136 1023 2180 1093 β’
2213 1023 2308 1076 καὶ⁸
2328 1029 2385 1087 ,κ’
2419 1023 2607 1094 μέσης.
2639 1024 2748 1076 Καὶ
2773 1029 2821 1076 α’
2854 1021 2951 1093 μὲν
2965 1019 3136 1091 ἀστὴρ
3162 1019 3307 1072 δύνει
3326 1020 3354 1070 6
3375 1016 3679 1087 καλούμενος

2134 1114 2403 1186 Πρόπους,
2439 1114 2663 1185 ἔσχατος
2684 1114 2742 1167 δὲ
2785 1115 2814 1168 6
2845 1114 2902 1166 ὲν
2934 1115 3000 1184 τῇ
3028 1110 3176 1181 δεξιᾷ
3196 1110 3338 1180 χειρὶ
3366 1107 3462 1162 τοῦ
3504 1109 3676 1178 ἑπομέ-

2134 1223 2222 1260 νου
2251 1206 2500 1277 Διδύμου.
2549 1208 2890 1279 Μεσουρανεῖ
2923 1205 2979 1258 δὲ
3006 1204 3112 1258 τῶν
3161 1203 3333 1258 ἄλλων
3376 1202 3611 1271 ἀστέρων
3635 1203 3679 1253 ὲν

2138 1299 2235 1368 μὲν
2261 1301 2328 1369 τῇ
2359 1299 2502 1372 ἀρχῇ
2531 1299 2559 1352 ὅ
2585 1316 2645 1351 τε
2681 1296 3095 1372 Προτρυγητὴρ,
3123 1295 3214 1348 καὶ
3240 1295 3340 1364 τῆς
3378 1292 3681 1364 Παρθένουὸ

2132 1392 2304 1459 δεξιὸς
2349 1386 2520 1464 ὦμος,
2578 1393 2657 1456 ὡς
2699 1394 2994 1463 ἡμιπήχιον
3032 1387 3443 1461 προηγούμενος
3483 1385 3574 1439 τοῦ
3606 1403 3683 1456 με·

2137 1483 2464 1556 σημ6ρινοῦ·
2508 1485 2736 1555 ἔσχατον
2765 1485 2822 1538 δὲ
2869 1483 3190 1554 μεσουρανεῖ
3223 1480 3333 1534 τῶν
3359 1477 3552 1550 Χηλῶν
3584 1479 3610 1529 ό
3636 1477 3683 1528 ὲν

2133 1571 2280 1644 ἄκρᾳ
2302 1576 2369 1645 τῇ
2396 1573 2578 1646 βορεία
2611 1575 2762 1646 Χηλῇ
2807 1574 3078 1645 λαμπρὸς,
3111 1572 3188 1636 ῶς
3230 1570 3274 1642 β’
3308 1571 3450 1642 μέρη
3490 1570 3682 1640 πήχεως

2135 1662 2558 1736 ὑπολειπόμενος
2582 1664 2676 1718 τοῦ
2715 1661 3107 1736 μεσημϐρινοῦ.
3141 1662 3369 1717 Δύνουσι
3397 1662 3455 1715 δὲ
3485 1663 3532 1714 οἱ
3555 1661 3686 1721 Δίδυι

2139 1771 2228 1824 μοι
2261 1756 2319 1810 ὲν
2346 1755 2515 1828 ὥραις
2542 1756 2585 1826 β’
2618 1756 2712 1810 καὶ
2745 1762 2796 1821 ς’
2827 1757 2998 1827 μέρει.

1225 1873 1303 1935 De
1330 1879 1587 1935 distantia
1640 1881 1918 1935 stellarum
1941 1875 2167 1940 invicem
2192 1903 2282 1960 per
2307 1891 2589 1946 intervalla
2613 1904 2924 1962 temporum.

532 1992 672 2048 XVI.
700 1991 906 2048 Praeter
930 1990 1223 2046 orientium
1246 1998 1301 2046 et
1329 1992 1697 2048 occidentium
1726 2007 1850 2048 cum
1889 1994 2028 2050 side-

2198 2005 2314 2080 ICf'.
2341 2003 2523 2075 Χωρὶς
2550 2004 2607 2058 δὲ
2633 2003 2732 2074 τῆς
2755 2005 2812 2056 ἐν
2833 2004 2953 2066 ταῖς
2987 1999 3372 2064 συνανατολαῖς
3394 2001 3490 2053 καὶ
3518 1999 3681 2053 δύσεσι
3729 2040 3768 2080 κη

449 2083 613 2141 ribus
668 2083 876 2138 zodiaci
919 2083 1156 2154 partium
1213 2082 1542 2148 doctrinam,
1602 2100 1760 2140 usum
1809 2086 2033 2155 insuper

461 2176 739 2248 egregium
773 2175 974 2230 habere
1010 2175 1144 2229 mihi
1175 2174 1409 2239 videtur,
1455 2176 1596 2230 scire
1625 2191 1747 2242 nos,
1780 2193 2030 2247 quaenam

460 2269 743 2325 stellarum
777 2267 1132 2322 inerrantium
1162 2268 1419 2322 horarum
1457 2268 1917 2338 aequinoctialium
1947 2271 2034 2326 in-

454 2358 701 2414 tervallis
726 2357 984 2429 deinceps
1037 2357 1273 2414 invicem
1321 2357 1547 2414 distent.
1593 2359 1751 2416 Utilis
1786 2363 1934 2418 enim
1967 2379 2032 2420 ea

458 2465 550 2507 res
580 2455 664 2506 est
681 2450 747 2505 ad
770 2449 958 2504 horam
991 2457 1180 2506 exacte
1211 2458 1483 2507 nocturno
1506 2460 1751 2524 tempore
1767 2455 2029 2526 colligen-

458 2542 617 2596 dam:
648 2549 760 2596 tum
792 2542 857 2597 ad
889 2540 1138 2613 ecliptica
1167 2543 1308 2600 lunae
1336 2546 1535 2615 spatia,
1561 2554 1616 2601 et
1646 2546 1700 2601 id
1735 2563 1906 2618 genus
1936 2561 2031 2602 co-

459 2636 772 2708 gnoscenda
799 2636 1031 2706 reliqua,
1055 2651 1177 2706 qua:
1203 2636 1271 2691 ad
1322 2636 1571 2692 siderum.
1611 2639 2031 2710 contemplatio-

458 2741 582 2780 nem
600 2727 892 2796 pertinent.

527 2817 894 2884 Quamobrem
925 2818 982 2872 in
1011 2833 1076 2875 eo
1115 2819 1344 2882 circulo,
1373 2820 1468 2890 qui
1508 2835 1606 2890 per
1657 2821 1814 2892 polos
1859 2820 2031 2893 tropi-

460 2927 664 2982 cosque
703 2910 1056 2976 describitur,
1088 2912 1349 2967 stellaest
1381 2910 1438 2966 in
1467 2913 1810 2968 extremitate
1845 2914 2031 2968 caudae

459 3001 648 3065 Canis,
671 3007 835 3070 atque
851 2999 914 3054 in
947 3015 1013 3055 eo
1040 2999 1411 3066 semicirculo,
1435 3001 1529 3071 qui
1559 3001 1809 3056 mstivum
1859 3002 2031 3074 tropi-

461 3109 588 3148 cum
622 3094 884 3149 continet.
914 3093 1124 3148 Abhac
1163 3093 1320 3148 stella
1374 3093 1596 3149 borario
1646 3093 1812 3150 distat
1863 3095 2032 3150 inter-

461 3186 626 3250 vallo,
683 3201 803 3257 quae
854 3185 913 3239 in
980 3199 1241 3255 processu
1296 3185 1422 3241 colli
1455 3185 1622 3258 liydri
1687 3187 1867 3257 posita
1923 3194 2026 3243 est.

461 3275 714 3332 Proxime
770 3277 936 3332 etiam
998 3276 1179 3333 lucida
1246 3276 1304 3333 in
1363 3271 1732 3334 anterioribus
1796 3278 2028 3350 genibus

459 3363 635 3423 Ursae.

530 3457 838 3514 Secundum
878 3459 1158 3514 horarium
1186 3457 1531 3513 intervallum
1584 3458 1843 3514 terminat
1899 3458 2031 3513 stel-

458 3550 567 3604 lula
591 3552 753 3620 paulo
783 3551 906 3621 plus
943 3550 1169 3605 cubitali
1213 3549 1390 3620 spatio
1435 3565 1532 3604 cor
1563 3549 1761 3606 Leonis
1810 3557 2030 3606 antece-

459 3642 613 3697 dens.
640 3640 844 3696 Eadem
867 3639 1082 3697 stellnla
1115 3640 1444 3712 spondylum
1490 3641 1750 3711 praecedit
1799 3641 2028 3705 circulo,

458 3731 550 3800 qui
583 3745 680 3800 per
708 3730 868 3800 polos
918 3729 1162 3796 ducitur,
1220 3728 1519 3785 secundum
1574 3730 1854 3787 horarium
1896 3731 2032 3789 deﬁ-

447 3821 643 3875 niente
670 3819 927 3890 spatium.
1988 3805 1991 3807 ’

531 3993 778 4050 Tertium
812 3993 961 4049 horae
999 3995 1237 4066 spatium
1290 3995 1691 4053 circumscribit
1727 3999 2027 4056 australior

457 4087 772 4152 ambarum,
803 4102 922 4157 qua:
950 4101 1016 4142 ex
1049 4094 1281 4158 utraque
1309 4096 1462 4161 parte
1497 4089 1750 4174 adjacent
1809 4093 2026 4158 lucidas,

449 4193 582 4251 aqua;
599 4179 766 4236 est-in
801 4178 999 4236 lumbis
1026 4179 1245 4238 Leonis.

527 4353 1008 4421 Quartamvdeﬁnit
1036 4356 1226 4412 horam
1251 4358 1306 4413 in
1329 4356 1555 4428 Virgine
1583 4360 1763 4426 stella,
1799 4376 1920 4431 quae
1945 4369 2030 4418 est

459 4447 518 4501 in
553 4448 750 4518 angulo
779 4455 932 4504 recto
953 4449 1263 4521 orthogonii
1305 4451 1586 4523 trianguli,
1621 4453 1714 4522 qui
1749 4454 1852 4509 sub
1894 4453 2030 4508 Cra-

451 4547 576 4595 tere
593 4541 734 4596 situs
767 4549 871 4606 est,
924 4549 1086 4614 atque
1143 4543 1199 4598 in
1246 4544 1450 4602 lumbis
1478 4552 1564 4601 est
1591 4546 1820 4616 majoris
1855 4545 2028 4613 Ursae,

2055 3341 2099 3401 C

2133 2094 2383 2166 Θεωρίας,
2412 2094 2706 2166 εὔχρηστον
2741 2089 2880 2148 εἶναι
2908 2091 3112 2164 νομίζω
3141 2093 3236 2146 καὶ
3262 2093 3324 2145 τὸ
3368 2091 3682 2163 παρακολου-

2133 2186 2244 2239 θεῖν
2274 2187 2421 2257 ήμᾶς
2448 2188 2590 2250 τίνες
2613 2186 2720 2240 τῶν
2751 2185 3001 2239 ἀπλανῶν
3019 2184 3262 2254 ἀστέρων
3280 2184 3582 2254 ,ἀπέχουσιν
3604 2183 3681 2236 ἀπ’

2131 2277 2373 2349 ἀλλήλων
2389 2277 2529 2330 κατὰ
2557 2276 2624 2331 τά
2651 2277 2778 2347 ἑξῆς
2803 2275 3000 2348 ῶριαῖα
3024 2277 3316 2346 ἰσημερινά
3340 2275 3678 2345 διαστήματα.

2132 2371 2300 2426 Τοῦτο
2326 2371 2434 2442 γὰρ
2461 2373 2594 2442 ἡμῖν
2615 2369 2912 2442 εὖχρηστόν
2935 2372 3080 2422 ἐστιν
3103 2366 3240 2439 πρός
3273 2383 3335 2419 τε
3355 2367 3416 2419 τὸ
3435 2367 3530 2438 τὴν
3555 2361 3681 2436 ὥραν

2130 2463 2230 2533 τῆς
2251 2463 2442 2527 νυκτὸς
2473 2462 2714 2534 ἀκριϐῶς
2743 2459 3171 2530 συλλογίζεσθαι,
3199 2461 3295 2513 καὶ
3327 2459 3464 2530 πρὸς
3490 2457 3546 2510 τὸ
3577 2459 3682 2519 τοὺς

2131 2553 2505 2617 ὲκλειπτικοὺς
2525 2553 2625 2623 τῆς
2649 2551 2876 2623 σελήνης
2898 2550 3140 2622 χρόνους,
3173 2550 3269 2602 καὶ
3294 2548 3460 2619 ἓτιρα
3488 2545 3681 2599 πλείονα

2131 2645 2411 2697 κατανοεῖν
2441 2642 2548 2696 τῶν
2577 2643 2635 2696 ὲν
2664 2640 2987 2712 ἀστρολογίᾳ
3005 2639 3182 2709 Θεωρη
3191 2636 3398 2708 μάτων.

2213 2821 2337 2875 Ἐπὶ
2364 2821 2461 2893 μὲν
2487 2815 2577 2876 οὗν
2594 2819 2702 2875 τῶν
2720 2818 2810 2874 διὰ
2830 2817 2934 2872 τῶν
2950 2815 3224 2889 τροπικῶν
3244 2813 3487 2886 σημείων
3507 2813 3594 2866 καὶ
3610 2811 3682 2864 διὰ

2129 2913 2239 2967 τῶν
2257 2912 2433 2967 πόλων
2459 2911 2805 2984 γραφομένου
2827 2907 3023 2963 κύκλου
3045 2910 3219 2963 κεῖται
3243 2905 3422 2977 ἀστὴρ
3437 2907 3464 2958 ό
3485 2907 3540 2957 ὲν
3559 2904 3682 2972 ἄκρᾳ

2129 3005 2195 3074 τῇ
2219 3003 2356 3074 οὐρᾷ
2383 3002 2478 3055 τοῦ
2526 3002 2723 3065 Κυνὸς,
2756 3002 2813 3054 ὲν
2833 2999 2910 3071 τῷ
2941 2999 3032 3054 τὸν
3071 2997 3278 3070 θερινὸν
3308 2995 3564 3068 τροπικὸν
3598 3010 3682 3063 ση-

2134 3094 2283 3164 μεῖον
2323 3091 2500 3162 ἔχοντι
2548 3090 2855 3163 ἡμικυκλίῳ
2891 3089 3161 3160 κείμενος.
3210 3087 3345 3140 Ἀπὸ
3396 3087 3580 3139 τούτου
3601 3083 3684 3136 τοῦ

2131 3185 2358 3256 ἀστέρος
2384 3184 2577 3254 ἀπέχει
2609 3183 2830 3256 ὼριαῖον
2857 3181 3128 3252 διάστημα
3147 3178 3241 3233 τοῦ
3263 3196 3325 3232 τε
3355 3178 3552 3249 ’Υδρου
3579 3177 3605 3228 6
3633 3177 3684 3226 ὲν

2129 3280 2196 3348 τῇ
2230 3275 2458 3346 ὲκφύσει
2494 3274 2587 3328 τοῦ
2629 3275 2897 3346 τραχήλου
2928 3273 3194 3344 κείμενος.
3227 3273 3500 3340 Ἔγγιστα
3526 3271 3577 3323 δὲ
3605 3267 3687 3322 καὶ

2129 3368 2227 3439 τῆς
2259 3368 2496 3438 Ἀρκτου
2529 3367 2557 3419 6
2582 3366 2638 3418 ἐν
2672 3366 2786 3427 τοῖς
2810 3362 3161 3434 ἐμπροσθίοις
3191 3361 3386 3430 γόνασι
3433 3359 3682 3431 λαμπρός.

2135 3487 2140 3498 ι
2201 3458 2276 3511 Τὸ
2299 3457 2356 3510 δὲ
2387 3456 2637 3528 δεύτερον
2679 3456 2901 3525 ὡριαῖον
2928 3453 3202 3523 διάστημα
3236 3446 3483 3524 ἀφορίζει
3513 3451 3612 3503 τῶν
3633 3449 3686 3499 ὲν
3757 3477 3760 3480 -

2129 3548 2208 3620 τῷ
2237 3549 2428 3602 Λέοντι
2472 3549 2500 3601 6
2547 3546 2954 3620 προηγούμενος
3007 3544 3187 3617 μικρῷ
3231 3543 3480 3616 μεῖζονῆ
3523 3541 3686 3610 πῆχυν
3766 3557 3767 3576 ι

2130 3638 2224 3693 τοῦ
2254 3641 2313 3693 ὲν
2353 3642 2416 3711 τῇ
2448 3639 2648 3711 καρδίᾳ
2692 3636 2947 3711 λαμπροῦ
2984 3637 3179 3708 μικρὸς
3221 3635 3557 3708 ἀστερίσκος.
3588 3630 3684 3683 Τοῦ

2129 3746 2190 3784 τε
2225 3729 2510 3800 σφονδύλου
2552 3725 2872 3799 προηγεῖται
2905 3721 3057 3790 οὗτος
3080 3729 3108 3780 6
3146 3727 3467 3796 ἀστερίσκος
3488 3722 3574 3776 τοῦ
3605 3720 3688 3773 διὰ

2034 3843 2041 3853 ·
2129 3821 2238 3875 τῶν
2294 3821 2473 3875 πόλων
2518 3819 2718 3873 κύκλου
2757 3820 2818 3872 τὸ
2848 3819 2892 3889 β’
2922 3819 3141 3891 ῶριαῖον
3189 3817 3466 3888 διάστημα
3511 3813 3689 3884 ἀφορί-

2132 3911 2336 3976 ζοντος.

2201 3997 2276 4052 Τὸ
2318 3996 2374 4051 δὲ
2427 3995 2609 4069 τρίτον
2642 3997 2869 4070 ῶριαῖον
2915 3997 3188 4070 διάστημα
3239 3998 3370 4073 περὶ
3401 3997 3568 4070 μέσον
3600 3994 3687 4047 τὸν

2130 4091 2336 4144 Λέοντα
2360 4090 2608 4162 ἀφορίζει
2633 4088 2726 4143 τοῦ
2753 4089 2976 4153 Λέοντος
3007 4093 3034 4144 6
3063 4089 3381 4164 νοτιώτερος
3404 4091 3507 4144 τῶν
3527 4089 3567 4159 β’
3583 4087 3688 4141 τῶν

2130 4178 2190 4244 ἐξ
2216 4179 2473 4252 ἑκατέρου
2502 4175 2700 4251 μέρους
2731 4179 3145 4250 παρακειμένων
3173 4181 3250 4253 τῷ
3269 4183 3364 4235 ἐπὶ
3383 4181 3478 4251 τῆς
3503 4177 3692 4248 ὀσφύος

2131 4269 2386 4342 λαμπρῷ.

2202 4362 2274 4414 Τὸ
2302 4361 2358 4414 δὲ
2381 4361 2640 4434 τέταρτον
2677 4362 2899 4435 ὡριαῖον
2930 4363 3202 4433 διάστημα
3232 4365 3363 4434 περὶ⁸
3399 4365 3490 4434 τὴν
3521 4360 3690 4430 ἀρχὴν

2129 4451 2230 4522 τῆς
2260 4452 2536 4524 Παρθένου
2569 4454 2820 4526 ἀφορίζει
2856 4455 2948 4508 τοῦ
2976 4455 3078 4508 ὑπὸ
3120 4455 3211 4509 τὸν
3245 4457 3506 4527 Κρατῆρα
3541 4454 3696 4524 ὀρθο-

2131 4545 2328 4614 γωνίου
2373 4545 2638 4616 τριγώνου
2677 4549 2706 4600 6
2730 4547 2825 4600 ἐπὶ
2862 4547 2961 4618 τῆς
3010 4546 3173 4617 ὀρθῆς
3215 4549 3416 4615 γωνίας
3455 4546 3694 4616 κείμενα

453 4631 677 4697 τιυείᾱο,
725 4633 907 4688 minus
967 4633 1226 4690 vicesima
1287 4635 1437 4691 horae
1493 4644 1648 4708 parte
1697 4639 1836 4693 citra
1881 4639 2029 4695 bona;

2143 4635 2328 4706 ἀστήρ.
2376 4634 2432 4688 '0
2457 4635 2514 4688 δὲ
2559 4637 2652 4690 ἐπὶ
2689 4637 2788 4709 τῆς
2819 4636 3016 4705 ὀσφύος
3056 4637 3155 4707 τῆς
3199 4638 3438 4708 μεγάλης
3465 4638 3694 4704 ’Ἄρκτου

462 4733 668 4793 quartae
688 4723 1025 4780 limitaneum
1054 4725 1345 4782 circulum.

534 4902 748 4969 Quintae
770 4902 918 4958 horae
944 4904 1212 4959 terminus
1236 4913 1321 4960 est
1361 4906 1420 4960 in
1468 4907 1646 4963 media
1678 4907 1924 4980 Virgine,
1980 4909 2028 4964 si

2135 4726 2384 4797 λαμπρὸς
2430 4725 2648 4782 ἔλαττον
2688 4727 2721 4799 ἢ
2757 4736 2803 4782 κ’
2834 4728 2998 4802 μέρος
3037 4727 3186 4799 ὧρας
3234 4729 3565 4783 ὑπολείπεται
3602 4725 3697 4778 τοῦ

2136 4817 2233 4888 τὴν
2258 4816 2298 4869 δ’
2329 4816 2478 4888 ὤραν
2508 4819 2858 4890 ἀφορίζοντος
2892 4819 3113 4872 κύκλου.

2206 4907 2316 4978 Τὴν
2357 4907 2414 4961 δὲ
2457 4908 2715 4980 πέμπτην
2747 4908 2895 4980 ὥραν
2940 4909 3186 4980 ἀφορίζει
3232 4913 3361 4983 περὶ
3407 4911 3566 4983 μέσην
3603 4909 3702 4978 τὴν

463 5008 653 5055 exacte
683 4999 834 5069 loqui
858 5000 1108 5064 velimus,
1145 5001 1301 5056 stella
1329 5001 1510 5070 nulla;
1542 5018 1729 5059 verum
1761 5005 1885 5073 plus
1935 5003 2029 5059 de-

2143 5000 2409 5073 Παρθένον
2439 5001 2683 5074 ἀκριϐῶς
2727 5004 2826 5074 μὲν
2863 5003 3036 5067 οὐδεὶς
3077 5005 3274 5078 ἀστὴρ,
3303 5006 3380 5077 τῷ
3409 5007 3460 5059 δὲ
3487 5012 3512 5056 ι’
3539 5005 3704 5074 μέρει

464 5091 606 5144 cima
635 5091 783 5143 horae
809 5099 960 5158 parte
986 5087 1166 5144 deﬁcit
1188 5091 1256 5145 ab
1288 5091 1381 5146 illo
1419 5093 1650 5149 termino
1713 5093 2031 5152 Vindemia-

464 5187 570 5242 tor,
596 5187 650 5234 et
675 5179 854 5233 lucida
884 5179 941 5232 in
972 5178 1162 5235 dextro
1186 5179 1413 5238 humero
1444 5181 1702 5254 Virginis.

2137 5090 2285 5163 ῶρας
2317 5092 2478 5146 πλέον
2521 5092 2945 5165 ὑπολειπόμενος
2979 5095 3006 5147 ὃ
3037 5111 3096 5146 τε
3129 5095 3512 5168 Προτρυγητὴρ
3551 5097 3654 5147 καὶ
3677 5094 3705 5143 ὁ

2135 5184 2227 5236 ἐπὶ
2250 5182 2342 5237 τοῦ
2363 5183 2538 5252 δεξιοῦ
2570 5184 2720 5258 ῶμου
2749 5187 2848 5259 τῆς
2871 5186 3147 5258 Παρθένου
3188 5190 3436 5260 κείμενος
3453 5187 3708 5259 λαμπρὸς

2131 5274 2328 5347 ἀστήρ.
3026 5271 3029 5274 ’

538 5370 715 5426 Sexta:
767 5372 913 5428 horae
956 5374 1113 5431 limes
1162 5384 1247 5432 est
1282 5378 1338 5432 in
1391 5381 1761 5450 aequinoctiali
1818 5385 2025 5440 circulo

388 5497 392 5502 -
463 5462 874 5531 quamproxime
897 5464 1112 5534 quidem
1143 5468 1198 5522 in
1220 5467 1494 5525 Centauro
1524 5471 1704 5526 lucida
1730 5475 2028 5532 succedens

462 5569 676 5620 earnm,
707 5569 828 5623 quae
847 5565 972 5610 sunt
996 5559 1048 5612 in
1062 5562 1458 5617 australissima
1475 5573 1628 5631 parte
1649 5565 1844 5635 thyrsi,
1878 5583 2027 5637 qua:-

465 5659 573 5714 que
604 5645 922 5702 semicubito
945 5648 1057 5704 fere
1085 5650 1318 5716 distant,
1350 5667 1414 5706 ac
1445 5653 1683 5709 medium
1723 5655 1837 5712 fere
1885 5657 2028 5713 Cen-

456 5735 610 5790 tauri
634 5743 820 5807 pectus
846 5751 1128 5811 occupant.
1161 5740 1294 5824 Item
1323 5744 1500 5828 media
1523 5760 1733 5825 earum,
1759 5765 1879 5820 qua:
1899 5761 2029 5807 sunt

2200 5391 2311 5462 Τὴν
2330 5391 2387 5445 δὲ
2415 5392 2580 5463 ἕκτην
2613 5393 2761 5466 ῶραν
2806 5385 3055 5466 ἀφορίζει
3101 5396 3194 5448 ἐπὶ
3223 5396 3318 5450 τοῦ
3363 5396 3445 5449 διὰ
3475 5393 3583 5446 τῶν
3627 5396 3710 5446 [-3-

2133 5481 2408 5553 ημερινῶν
2433 5484 2670 5554 σημείων
2683 5485 2902 5549 κύκλου,
2931 5485 3158 5554 ἔγγιστα
3176 5490 3275 5558 μὲν
3289 5488 3380 5543 τοῦ
3397 5487 3708 5557 Κενταύρου

2131 5573 2160 5624 ό
2192 5573 2456 5643 ἑπόμενος
2480 5576 2591 5630 τῶν
2620 5578 2678 5630 ἐν
2706 5576 2785 5647 τῷ
2824 5579 3128 5648 νοτιωτάτῳ
3163 5581 3318 5650 μέρει
3359 5579 3446 5632 τοῦ
3497 5578 3713 5649 θύρσου

2132 5664 2420 5736 λαμπρῶν,
2449 5669 2543 5721 καὶ
2569 5669 2645 5732 ὡς
2669 5671 2966 5741 ἡμιπήχιον
2995 5671 3372 5743 διεστηκότων,
3411 5673 3458 5725 οἳ
3493 5674 3714 5734 κεῖνται

2075 5833 2083 5842 .
2121 5757 2274 5840 ,κατά
2316 5759 2478 5827 μέσον
2507 5779 2624 5827 πως
2669 5763 2730 5816 τὸ
2769 5763 2962 5836 στῆθος
2991 5764 3085 5817 τοῦ
3133 5765 3473 5838 Κενταύρου·
3509 5764 3623 5817 τοῦ
3656 5765 3718 5817 δὲ
