3800 6314
199 273 330 329 1155

1168 271 1531 328 IIIPPARCIII
1567 268 1656 324 AD
1693 263 2136 322 PHIENOMENA
2174 261 2300 316 LIB.
2341 262 2424 318 ΙΙΙ.

3177 273 3180 277 ’
3267 269 3406 324 1154

197 387 404 442 Βοὼτου
424 390 452 442 6
489 389 650 459 μέσος
682 391 790 445 τῶν
817 393 874 445 ὲν
913 390 989 462 τῷ
1017 389 1288 462 ἀριστερῷ
1325 389 1465 453 ποδὶ,
1499 389 1574 452 ὡς
1604 388 1650 420 ⁸⁸
1670 389 1748 440 εί-

1874 401 1904 437 η
1931 381 2062 453 pede
2092 380 2316 436 sinistro
2331 378 2532 444 Bootrc,
2552 377 2806 433 vicesima
2822 377 2934 434 fere
2955 387 3103 448 parte
3128 379 3343 440 distans
3373 402 3401 437 a

197 480 382 534 κοστδν
418 481 580 552 μέρος
618 482 838 554 ὡριαίου
868 483 1226 552 διαστήματος
1261 481 1606 534 ὑπολείπεται
1652 478 1744 532 106

197 571 290 634 τὰς
322 577 374 635 ς’
394 570 542 640 ὥρας
570 572 914 642 ἀφορίζοντος
944 573 1162 626 κύκλου.

265 662 360 714 IZ'.
375 661 498 713 Τῶν
518 663 571 714 δὲ
587 661 784 733 μεταξὺ
801 664 891 715 τοῦ
906 661 1290 733 φθινοπωρινοῦ
1325 663 1411 732 ίση
1421 661 1634 733 μερινοῦ
1651 678 1746 732 ση-

201 753 348 823 μείου
379 754 473 806 καὶ
516 753 608 806 106
640 755 942 825 χειμερινοῦ
991 753 1250 826 τροπικοῦ
1281 760 1332 817 ς’
1357 753 1595 824 ὼριαίων
1636 753 1748 806 δια-

201 845 487 915 στημάτων
515 845 573 898 16
612 848 706 916 μὲν
731 853 776 899 α’
804 846 1020 916 ὼριαῖον
1050 847 1141 899 ἐπὶ
1166 845 1257 898 106
1297 845 1424 917 περὶ
1459 845 1628 916 μέσας
1650 843 1748 906 τάς

197 937 380 1006 Χηλὰς
413 935 612 988 κύκλου
645 936 889 1007 ἀφορίζει
915 937 990 1000 ὡς
1013 937 1256 1005 έγγιστα,
1285 936 1378 990 106
1404 954 1461 989 τε
1490 935 1696 988 Βοώτου
1721 937 1749 988 6

196 1028 478 1098 ἀριστερὸς
498 1022 663 1097 ὦμος,
695 1030 787 1080 καὶ
809 1031 838 1082 6
871 1030 927 1082 έν
967 1029 1111 1101 ἀκρᾳ
1139 1032 1204 1100 τῇ
1239 1029 1387 1100 νοτία
1423 1029 1573 1099 Χηλῇ
1607 1028 1747 1098 λαμ-

194 1117 331 1189 πρὸς
362 1118 564 1187 ἀστήρθ
597 1119 626 1170 6
650 1119 744 1188 μὲν
767 1113 915 1190 ὦμος
940 1119 1244 1192 ἀδιαφόρως
1271 1120 1449 1173 πλεῖον
1476 1119 1751 1173 ὑπολειπό-

199 1225 376 1279 μενος,
401 1210 435 1280 ή
463 1207 518 1261 δὲ
538 1209 689 1280 Χηλὴ
716 1210 790 1272 ὡς
819 1212 1133 1282 τριακοστὸν
1164 1211 1327 1282 μέρος
1369 1212 1747 1282 προηγουμένη

193 1299 286 1352 106
310 1299 596 1369 εἰρημένου
630 1299 718 1354 διά
737 1299 844 1352 τῶν
881 1300 1054 1354 πόλων
1078 1302 1292 1356 κύκλου.

263 1390 336 1440 Τὸ
355 1389 412 1442 δὲ
437 1388 479 1458 β’
508 1389 724 1460 ὡριαίον
749 1389 1018 1461 διάστημα
1047 1391 1291 1461 ἀφορίζει
1317 1393 1444 1462 περὶ
1462 1390 1560 1462 τὴν
1578 1389 1750 1462 ἀρχὴν

193 1482 284 1534 τοῦ
314 1480 582 1550 Σκορπίου
607 1480 699 1534 106
735 1499 795 1533 τε
829 1482 1107 1552 ὐφιούχου
1139 1483 1168 1533 6
1201 1482 1532 1554 βορειότερος
1563 1484 1670 1536 τῶν
1691 1485 1749 1536 ὲν

193 1577 258 1646 τῇ
282 1573 431 1644 δεξιᾷ
457 1575 598 1645 χειρὶ
626 1574 670 1645 β’
701 1575 939 1644 ἀστέρων
963 1573 1246 1645 λαμπρῶν,
1279 1575 1327 1628 οἳ
1365 1578 1567 1629 κείντάι
1594 1577 1650 1628 ὲν
1673 1574 1752 1645 τῷ

194 1665 407 1736 σώματι
431 1665 526 1719 106
562 1667 772 1735 Ὄφεως
805 1665 941 1736 μετὰ
964 1664 1134 1730 δεξιὸν
1159 1667 1283 1734 γόνυ
1319 1666 1412 1719 τοῦ
1445 1665 1745 1737 Ὀφιούχου,

1848 483 2010 531 sexta:
2043 473 2188 527 horae
2221 470 2496 524 limitaneo
2521 469 2746 524 circulo.

1923 647 2078 703 XVII.
2110 651 2254 704 Inter
2283 652 2543 718 punctum
2591 646 2900 715 :equinoctii
2948 648 3296 713 autumnalis,
3349 661 3402 704 et

1847 739 2057 794 hiberni
2090 741 2283 809 tropici
2333 753 2427 792 sex
2456 738 2796 791 horariorum
2846 738 3251 794 intervallorum
3293 744 3401 812 pri-

1849 847 1994 884 mum
2019 834 2273 886 terminat
2304 833 2360 886 in
2412 833 2640 896 circulo,
2670 832 2762 901 qui
2815 834 3019 888 medias
3058 834 3251 892 Chelas
3282 855 3404 908 per-

1848 923 2064 984 transit,
2088 923 2334 991 proxime
2363 922 2580 992 quidem
2618 923 2841 976 sinister
2874 923 3135 980 humerus
3194 926 3401 986 Bootae:

1848 1021 1902 1068 et
1932 1014 2108 1068 lucida
2145 1013 2200 1067 in
2227 1015 2563 1069 extremitate
2614 1015 2871 1069 australis
2908 1016 3105 1081 Chelae,
3145 1034 3176 1073 e
3207 1021 3405 1089 quibus

1848 1105 2107 1160 humerus
2134 1104 2274 1158 haud
2296 1106 2466 1158 multo
2497 1105 2731 1174 amplius
2760 1105 2897 1160 citra
2933 1122 2946 1157 :
2973 1107 3138 1163 Chela
3161 1126 3289 1165 vero
3317 1115 3406 1166 tri-

1849 1194 2052 1250 cesima
2098 1200 2252 1262 parte
2303 1195 2441 1248 ultra
2491 1201 2575 1248 est
2607 1194 2869 1251 circulum
2923 1196 3094 1263 illum,
3127 1214 3282 1268 quem
3310 1217 3405 1272 per

1851 1286 2000 1356 polos
2025 1286 2262 1341 transire
2288 1286 2544 1340 diximus.
2945 1310 2947 1312 ·
3124 1289 3130 1294 ’

1921 1375 2230 1432 Secundum
2291 1378 2568 1432 horarium
2621 1379 2976 1437 interstitium
3049 1382 3403 1450 determinat,

1850 1469 1995 1523 circa
2024 1469 2238 1523 initium
2270 1468 2504 1540 Scorpii,
2529 1471 2801 1526 borealior
2829 1473 3130 1529 lucidarum
3151 1477 3402 1545 duarum,

1850 1575 1972 1630 quae
1998 1561 2054 1614 in
2081 1561 2272 1616 dextra
2294 1570 2423 1616 sunt
2451 1560 2745 1632 Ophiuchi,
2773 1579 2999 1634 quaeque
3026 1567 3079 1620 in
3137 1572 3406 1638 serpentis

1851 1665 2079 1720 corpore
2127 1658 2252 1721 post
2299 1650 2564 1722 Ophiuchi
2607 1654 2857 1708 dextrum
2918 1671 3058 1725 genu
3111 1659 3226 1713 sitae
3257 1669 3403 1714 sunt.

191 1724 290 1809 τού
311 1756 369 1810 δὲ
410 1724 678 1825 Στεφάνου
714 1724 1004 1828 6169011706
1014 1724 1182 1828 μενος.
1201 1757 1293 1810 τοῦ
1323 1724 1574 1830 λαμπροῦ
1705 1724 1749 1810 λι

1874 1745 1919 1796 it
1958 1743 2270 1812 praecedens
2301 1744 2532 1798 lucidam
2554 1745 2780 1800 Coronae
2809 1724 3080 1801 tricesima
3126 1749 3235 1804 fere
3263 1752 3410 1806 horae

195 1846 357 1918 μέρος
381 1844 528 1916 ὥρας
565 1845 911 1898 ὑπολείπεται
935 1845 1028 1898 τοῦ
1060 1844 1146 1899 διὰ
1173 1844 1281 1898 τῶν
1312 1845 1489 1898 πόλων
1519 1844 1745 1898 κύκλουσ

189 1936 388 2006 ὁμοίως
408 1937 467 1988 δὲ
494 1936 586 1989 καὶ
607 1939 635 1989 6
675 1937 835 2007 μέσος
860 1935 967 1990 τῶν
1005 1937 1063 1989 ὲν
1092 1935 1172 2008 τῷ
1203 1934 1438 2007 μετώπῳ
1469 1935 1562 1989 τοῦ
1586 1937 1752 2009 Σκορ-

195 2028 318 2080 πίου
349 2033 398 2094 γ’
426 2026 690 2097 λαμπρῶν
711 2028 972 2098 ἀστέρων.

259 2117 370 2189 Τὴν
401 2118 459 2172 δὲ
486 2123 535 2186 γ’
562 2118 712 2188 ὥραν
749 2119 992 2192 ἀφορίζει
1030 2119 1160 2190 περὶ
1185 2118 1246 2174 16
1275 2120 1436 2190 μέσον
1458 2119 1548 2173 106
1583 2121 1756 2192 Σκορ-

193 2209 315 2262 πίου
344 2208 436 2262 106
490 2209 577 2262 Ἐν
599 2211 816 2278 γόνασιν
837 2214 866 2265 6
891 2212 983 2264 ἐπὶ
1002 2211 1096 2264 106
1126 2212 1300 2276 δεξιοῦ
1328 2211 1479 2284 ὤμου
1503 2215 1753 2284 κείμενος

190 2303 385 2374 ἀστὴρ,
410 2302 504 2356 καὶ
527 2305 555 2356 6
580 2304 636 2357 έν
661 2303 799 2378 μέσῃ
820 2307 884 2375 τῇ
907 2302 1054 2376 δεξιᾷ
1075 2305 1259 2377 κνήμῃ
1287 2306 1472 2372 αὑτοῦ,
1489 2306 1566 2372 ὡς
1596 2307 1638 2360 λ’
1669 2307 1754 2378 μέ-

195 2413 285 2466 ρος
311 2396 461 2468 ὥρας
499 2396 634 2465 πρὸς
661 2397 924 2460 ἀνατολὰς
951 2398 1367 2469 παραλλάσσων.

263 2489 372 2560 Τὴν
400 2489 459 2542 δὲ
479 2489 521 2542 δ’
554 2489 801 2561 ἀφορίζει
823 2491 950 2561 περὶ
975 2491 1072 2560 τὴν
1098 2489 1270 2562 ἀρχὴν
1288 2492 1382 2546 106
1410 2493 1636 2561 Τοξότου
1660 2493 1754 2548 106

192 2595 250 2632 τε
295 2581 382 2633 Ἑν
420 2581 644 2648 γόνασιν
676 2583 704 2634 6
745 2584 802 2635 ὲν
847 2581 924 2651 τῷ
967 2581 1234 2653 ἀριστερῷ
1282 2585 1442 2657 μηρῷ
1484 2585 1753 2658 λαμπρὸς,

193 2670 403 2741 καὶτῆς
431 2674 634 2742 μικρᾶς
666 2673 899 2744 Ἀρκτου
932 2677 980 2728 οί
1019 2675 1390 2750 λαμπρότατοι
1419 2683 1512 2736 καὶ
1531 2683 1758 2756 ἡγούμε-

195 2779 271 2814 νοι
289 2762 396 2816 τῶν
417 2765 476 2816 ὲν
499 2763 578 2834 τῷ
602 2765 820 2836 πλινθίῳ
843 2767 905 2831 δ’,
928 2767 1020 2820 καὶ
1034 2767 1132 2826 τοῦ
1161 2769 1444 2846 Ὀφιούχου
1467 2774 1574 2830 τῶν
1604 2778 1660 2830 ὲν
1681 2775 1758 2848 τῷ

193 2850 344 2923 δεξιῷ
365 2852 500 2923 ῶμῳ
529 2855 557 2906 6
581 2854 936 2928 βορειότερος.

261 2945 369 3020 Τὴν
405 2945 464 2996 δὲ
490 2951 528 3003 ε’
570 2944 716 3024 ὥραν
757 2947 1004 3027 ἀφορίζει
1030 2958 1157 3030 περὶ
1193 2958 1354 3028 μέσον
1383 2957 1475 3014 τοῦ
1507 2959 1757 3026 Τοξότου,

1849 1841 2004 1903 parte
2033 1835 2171 1890 citra
2205 1837 2472 1891 circulum
2514 1844 2600 1892 est
2652 1849 2750 1908 per
2799 1837 2951 1907 polos
3015 1847 3406 1900 transeuntem.

1853 1925 2114 1984 Similiter
2140 1931 2306 1984 etiam
2332 1930 2509 1987 media
2544 1931 2850 1987 lucidarum
2899 1932 3084 2001 trium,
3136 1951 3256 2004 qua:
3284 1947 3412 1992 sunt

1821 2085 1830 2094 _
1849 2019 1904 2075 in
1941 2018 2117 2076 fronte
2154 2019 2364 2090 Scorpii

1923 2109 2160 2167 Tertiam
2188 2113 2375 2168 definit
2405 2115 2591 2170 horam
2646 2119 2794 2175 circa
2852 2121 3087 2178 medium
3130 2125 3416 2195 Scorpium

1852 2205 2029 2270 stella,
2065 2221 2186 2276 quae
2232 2207 2288 2260 in
2349 2207 2545 2263 dextro
2595 2208 2824 2267 humero
2878 2223 2961 2269 est
3003 2213 3416 2285 Ingeniculi:et

1851 2312 1973 2367 qua:
2000 2308 2085 2354 est
2106 2298 2165 2352 in
2187 2298 2432 2368 ejusdem
2467 2316 2627 2356 crure
2660 2301 2872 2370 dextro,
2904 2306 3175 2362 tricesima
3199 2309 3418 2366 circiter

1853 2391 2000 2446 hora:
2024 2399 2177 2463 parte
2207 2392 2274 2446 ad
2301 2392 2561 2447 orientem
2593 2395 2891 2452 declinans.

1923 2483 2141 2550 Quarta
2163 2484 2312 2539 horae
2366 2484 2526 2540 limes
2555 2493 2640 2541 est
2667 2487 2815 2542 circa
2866 2487 3080 2544 initium
3139 2488 3416 2562 Sagittarii

1865 2576 2046 2631 lucida
2067 2577 2124 2631 in
2177 2576 2381 2632 femore
2425 2577 2648 2632 sinistro
2681 2579 2974 2649 lngeniculi
3012 2588 3108 2636 :et
3141 2573 3418 2640 lucidi§ti-

1855 2683 1976 2732 mae,
2001 2667 2494 2739 antecedentesque
2524 2669 2676 2742 141
2721 2671 2788 2726 de
2808 2680 3042 2742 quatuor
3074 2673 3131 2728 in
3157 2674 3418 2733 laterculo

1855 2760 2084 2815 minoris
2114 2758 2297 2828 Ursae;
2334 2769 2450 2815 tum
2490 2761 2762 2817 borealior
2793 2777 3003 2829 earum,
3038 2779 3161 2835 quae
3193 2773 3324 2821 sunt
3360 2767 3418 2823 in

1855 2849 2122 2923 Ophiuchi
2149 2852 2340 2908 dextro
2369 2853 2618 2909 humero.

1927 2945 2180 3012 Quintam
2209 2945 2398 3000 horam
2427 2944 2752 3001 determinat
2793 2947 2939 3004 circa
2971 2948 3210 3005 medium
3241 2948 3422 3020 Sagit-

193 3041 283 3095 106
316 3060 374 3096 τε
408 3044 636 3110 Τοξότου
676 3048 703 3099 6
733 3049 994 3119 ἑπόμενος
1017 3050 1122 3105 τῶν
1162 3051 1220 3104 ἐν
1244 3054 1309 3124 τῇ
1345 3052 1554 3124 κεφαλῇ
1588 3059 1656 3122 γ’,
1691 3052 1758 3118 ὡς

1874 3038 2086 3101 larium,
2117 3036 2416 3093 succedens
2444 3036 2608 3091 trium
2631 3038 2684 3092 in
2709 3039 2886 3108 capite
2915 3038 3221 3112 Sagittarii,
3259 3044 3422 3098 trice-

195 3131 234 3183 λ’
267 3132 429 3205 μέρος
458 3133 608 3206 ῶρας
641 3137 773 3208 πρὸς
803 3139 1063 3204 ἀνατολάς
1089 3141 1504 3213 παραλλάσσων.

263 3225 373 3296 Τὴν
410 3224 468 3277 δὲ
504 3231 558 3290 ς’
590 3225 735 3297 ῶραν
763 3229 1008 3300 ἀφορίζει
1036 3231 1126 3284 ἐπὶ
1170 3230 1264 3284 τοῦ
1307 3231 1395 3286 διὰ
1431 3231 1538 3285 τῶν
1567 3250 1754 3302 τροπι-

195 3314 304 3368 κῶν
336 3317 581 3387 σημείων
615 3317 811 3372 κύκλου
838 3321 914 3385 ὡς
943 3321 1168 3391 ἔγγιστα
1212 3323 1318 3375 τῶν
1368 3325 1426 3377 ὲν
1459 3323 1536 3394 τῷ
1581 3327 1632 3347 “
1654 3328 1672 3348 ⁶
1709 3331 1757 3394 γ’

195 3406 466 3479 λαμπρῶν
519 3411 548 3462 6
603 3408 951 3483 βορειότερος,
1002 3413 1076 3477 ὡς
1127 3411 1176 3466 κ’
1219 3413 1382 3487 μέρος
1435 3415 1561 3486 μιᾶς
1612 3414 1759 3488 ὥρας

197 3498 623 3570 ὑπολειπόμενος
653 3500 744 3554 τοῦ
779 3501 1000 3557 κύκλου.

263 3593 373 3645 IH'.
415 3592 536 3646 Τῶν
564 3593 622 3646 δὲ
666 3594 866 3664 μεταξὺ
895 3595 985 3649 106
1019 3596 1327 3671 χειμερινοῦ
1367 3596 1629 3671 τροπικοῢ
1664 3616 1760 3671 ση-

200 3683 352 3754 μείου
384 3683 602 3737 καὶτοῦ
649 3685 862 3756 ὲαρινοῦ
915 3693 966 3752 ς’
1010 3688 1246 3760 ὡριαίων
1287 3689 1666 3761 διαστημάτων
1702 3690 1763 3743 16

199 3777 298 3847 μὲν
342 3783 391 3828 α’
426 3776 649 3848 ὠριαῖον
678 3777 948 3849 διάστημα
999 3779 1245 3851 ἀφορίζει
1291 3780 1384 3834 106
1433 3783 1684 3851 Δελφῖνος
1736 3783 1764 3834 6

199 3869 538 3942 βορειότερος
569 3869 674 3924 τῶν
721 3871 1034 3944 ἡγουμένων
1064 3874 1120 3925 ὲν
1155 3873 1232 3944 τῷ
1286 3874 1492 3945 ῥόμϐῳ,
1538 3875 1630 3928 καὶ
1670 3872 1762 3926 106

197 3961 576 4032 Δίγοκέρωτος
605 3963 634 4014 6
663 3962 958 4033 ἡγούμενος
988 3964 1094 4017 τῶν
1124 3967 1181 4018 ὲν
1208 3964 1284 4035 τῷ
1312 3963 1484 4036 νώτῳ.

267 4054 344 4106 Τὸ
375 4053 433 4106 δὲ
477 4053 519 4106 δ’
544 4053 762 4124 ὡριαίον
797 4055 1067 4126 διάστημα
1101 4056 1348 4126 ἀφορίζει
1382 4056 1508 4128 περὶ
1537 4057 1636 4129 τὴν
1663 4059 1766 4129 ἀρ-

197 4143 299 4214 χὴν
346 4143 440 4195 106
481 4143 761 4214 ’Υδροχόου
800 4145 906 4197 τῶν
947 4149 1004 4199 ὲν
1038 4147 1115 4216 τῷ
1156 4148 1380 4218 στόματι
1423 4148 1516 4201 106
1569 4150 1766 4203 Ἵππου

197 4236 452 4309 λαμπρὸς
495 4237 688 4309 ἀστὴρ,
725 4237 935 4291 καὶτοῦ
969 4241 1201 4309 Κηφέως
1234 4243 1262 4294 6
1305 4241 1620 4313 νοτιώτερος
1660 4242 1768 4296 τῶν

201 4329 634 4401 προηγουμένων
664 4327 756 4381 106
789 4330 959 4396 δεξιοῦ
987 4330 1156 4401 ὤμου.

1857 3131 1997 3188 sima
2031 3129 2249 3184 circiter
2285 3129 2433 3184 horae
2455 3137 2606 3198 parte
2629 3130 2694 3184 ad
2716 3133 2978 3187 orientem
3010 3132 3313 3189 declinans.

1930 3221 2106 3277 Sexta:
2164 3220 2311 3275 hora:
2361 3219 2632 3275 terminus
2660 3228 2743 3275 est
2801 3222 2856 3276 in
2910 3223 3139 3289 circulo,
3189 3225 3282 3294 qui
3329 3240 3424 3294 per

1859 3315 2168 3372 solstitialia
2195 3321 2396 3384 puncta
2431 3313 2649 3378 transit,
2681 3329 2842 3384 quam
2876 3315 3123 3384 proxime
3151 3316 3423 3374 borealior

1859 3421 1889 3461 e
1918 3405 2112 3461 lucidis
2141 3405 2337 3471 tribus,
2373 3404 2636 3461 vicesima
2665 3405 2886 3461 circiter
2915 3405 3064 3462 hora:
3096 3417 3250 3477 parte
3286 3409 3424 3465 citra

1860 3497 2124 3554 circulum
2153 3497 2352 3568 posita.

1930 3589 2118 3644 XVIII.
2149 3589 2210 3644 In
2239 3605 2304 3645 eo
2340 3589 2642 3660 quadrante
2665 3629 2680 3655 ,
2729 3589 2820 3660 qui
2860 3590 2928 3645 ab
2972 3590 3180 3646 hiberni
3232 3590 3423 3660 tropici

1860 3689 2063 3752 puncto
2092 3682 2158 3737 ad
2192 3682 2574 3753 atquinoclium
2628 3669 2855 3737 vernum
2911 3683 3184 3752 pertinet,
3242 3697 3274 3737 e
3328 3697 3423 3737 sex

1864 3775 2098 3831 borariis
2144 3774 2442 3830 intervallis
2479 3773 2715 3845 primum
2761 3775 3020 3830 terminat
3063 3775 3117 3829 in
3157 3773 3422 3844 Delphino

1868 3865 2138 3922 borealior
2195 3867 2629 3922 antecedentium
2695 3868 2752 3921 in
2805 3867 3066 3932 rhombo,
3119 3875 3172 3922 et
3208 3874 3423 3922 antece-

1865 3955 2000 4013 dens
2029 3973 2238 4023 earum,
2269 3974 2389 4028 quae
2419 3967 2545 4012 sunt
2571 3959 2628 4013 in
2662 3957 2828 4014 dorso
2853 3958 3195 4028 Capricorni.

1943 4049 2253 4104 Secundum
2306 4049 2582 4104 horarium
2633 4049 2978 4104 intervallum
3041 4049 3228 4104 deﬁnit
3280 4049 3426 4110 circa

1866 4138 2080 4194 initium
2130 4140 2392 4209 Aquarii,
2445 4139 2625 4192 lucida
2674 4155 2796 4209 quae
2830 4140 2884 4193 in
2933 4155 3027 4194 ore
3057 4149 3141 4194 est
3183 4139 3341 4208 Equi,
3373 4147 3426 4195 et

1869 4231 2160 4286 australior
2190 4230 2628 4286 antecedentium
2661 4229 2839 4285 dextri
2870 4230 3085 4286 humeri
3131 4229 3353 4300 Cephei.

270 4423 349 4474 T6
389 4420 448 4473 δὲ
499 4427 547 4488 γ’
589 4420 807 4492 ὠριαῖον
847 4423 1116 4492 διάστημα
1158 4422 1405 4494 ἀφορίζει
1440 4424 1567 4496 περὶ
1605 4424 1758 4496 μέσον

1941 4407 2136 4463 Tertiae
2158 4407 2305 4462 horae
2335 4406 2487 4460 limes
2519 4414 2604 4461 est
2642 4403 2791 4460 circa
2829 4402 3066 4458 medium
3093 4402 3391 4472 Aquarium
3411 4443 3427 4468 ,

196 4513 293 4567 106
343 4511 624 4584 Ὑδροχόου
656 4515 683 4564 6
702 4513 860 4583 μέσος
873 4513 980 4566 τῶν
1000 4517 1057 4567 ὲν
1084 4517 1149 4585 τῇ
1173 4515 1384 4587 κεφαλῇ
1418 4515 1510 4568 τοῦ
1532 4518 1768 4586 Κηφέως

197 4611 248 4674 Υ
283 4604 533 4675 ἀστέρων
590 4604 676 4656 ἐπ’
719 4603 931 4667 εὐθείας
978 4605 1262 4674 κειμένων,
1311 4609 1403 4658 καὶ¹
1446 4605 1539 4660 τοῦ
1571 4607 1767 4660 Ἵππου

198 4697 310 4750 τῶν
359 4698 419 4749 ὲν
465 4695 544 4766 τῷ
576 4694 826 4766 τραχήλῳ
861 4694 901 4765 β’
928 4696 1170 4767 ἀστέρων
1221 4698 1250 4749 ὁ
1296 4695 1646 4769 βορειότερος,
1696 4698 1771 4760 ὡς

198 4789 530 4862 τριακοστὸν
584 4787 745 4858 μέρος
791 4787 936 4856 ὥρας
965 4789 1368 4860 προηγούμενος
1396 4788 1488 4843 106
1529 4789 1617 4843 διά
1662 4788 1770 4843 τῶν

199 4883 388 4938 πόλων
427 4880 649 4935 κύκλου.

270 4976 348 5028 Τὸ
373 4975 430 5028 δὲ
453 4973 494 5026 δ’
513 4973 733 5044 ὡριαῖον
753 4972 1023 5042 διάστημα
1049 4971 1295 5042 ἀφορίζει
1313 4964 1450 5043 ¹περὶ
1471 4972 1570 5044 τὴν
1598 4973 1774 5045 ἀρχὴν

199 5067 310 5120 τῶν
352 5064 577 5136 Ἰχθύων
607 5063 706 5134 τῆς
735 5063 1083 5136 ’ᾼνδρομέδας
1111 5063 1219 5117 τῶν
1248 5065 1305 5117 ὲν
1353 5067 1420 5134 τῇ
1453 5064 1600 5136 δεξιᾷ
1630 5067 1773 5136 χειρὶ

199 5159 450 5231 ἀστέρων
488 5158 517 5209 6
544 5153 881 5219 νοτιώτατος,
911 5155 983 5218 ὠς
1012 5160 1059 5207 κ’
1091 5154 1253 5224 μέρος
1297 5155 1444 5226 ὥρας
1472 5157 1774 5228 ιὺπολειπό.

203 5266 370 5321 μενος
397 5246 495 5303 106
530 5247 618 5301 διὰ
647 5265 754 5299 των
785 5246 958 5300 πόλων
990 5243 1212 5299 κύκλου.

272 5345 350 5396 T6
398 5343 456 5396 δὲ
511 5347 552 5394 ε’
613 5340 830 5411 ὠριαῖον
892 5338 1161 5410 διάστημί
1221 5338 1342 5410 περὶ
1395 5338 1592 5410 μέσους
1646 5341 1774 5403 τοὺς

212 5434 429 5504 Ἰχθύας
481 5428 731 5502 ἀφορίζει
774 5433 875 5500 τῆς
923 5430 1278 5504 Καστνχζάς
1336 5429 1365 5483 6
1406 5431 1462 5484 ὲν
1509 5429 1656 5501 μέσῳ
1695 5428 1772 5500 τῷ

1131 5491 1184 5507 αα.

199 5502 441 5592 σώματι,
474 5520 571 5572 καὶ
599 5521 779 5590 τρίτος
808 5517 914 5568 ἀπὸ
945 5517 1042 5590 τῆς
1070 5502 1309 5592 κεφαλῆς
1355 5519 1772 5592 ἀριθμούμενος.

306 5680 357 5711 ⁸⁸
389 5678 432 5748 f.
464 5677 544 5740 ὃς.

1869 4499 2046 4554 media
2075 4498 2238 4552 trium
2265 4498 2566 4565 stellarum,
2598 4511 2718 4565 quae
2751 4503 2878 4551 sunt
2917 4495 2974 4548 in
3007 4495 3183 4564 capite
3227 4494 3430 4565 Cephei

1869 4591 1925 4645 in
1972 4591 2237 4645 directum
2282 4590 2507 4660 positae;
2555 4605 2657 4644 nec
2697 4603 2806 4643 non
2849 4586 3122 4641 borealior
3163 4587 3429 4652 duarum,

1869 4696 1989 4752 quae
2018 4687 2146 4736 sunt
2173 4680 2252 4749 .in
2282 4677 2420 4750 Equi
2465 4681 2606 4736 collo
2631 4722 2645 4747 ,
2709 4677 2986 4734 tricesima
3030 4677 3247 4733 circiter
3287 4677 3435 4734 horae

1872 4769 2135 4838 particula
2185 4769 2486 4838 circulum,
2537 4772 2629 4842 qui
2676 4785 2771 4842 per
2811 4769 2965 4840 polos
3017 4770 3243 4834 transit,
3275 4776 3433 4826 aute-

1872 4861 2091 4918 cedens.

1864 4973 1868 4976 ν
1945 4951 2200 5016 Quartam
2250 4953 2437 5008 horam
2490 4953 2678 5009 deﬁnit
2739 4958 2885 5012 circa
2934 4958 3173 5013 Piscium
3221 4957 3435 5012 initium

1875 5042 2271 5098 australissima
2296 5058 2481 5098 earum
2515 5060 2636 5114 quae
2666 5053 2793 5102 sunt
2829 5047 2882 5102 in
2912 5048 3100 5103 dextra
3133 5063 3293 5102 manu
3326 5047 3438 5102 An-

1875 5132 2180 5200 dromedae,
2213 5135 2473 5188 vicesima
2502 5143 2658 5205 parte
2691 5136 2803 5193 fere
2841 5139 2979 5194 citra
3012 5154 3134 5194 eum
3174 5139 3437 5194 circulum

1876 5222 2054 5293 posita
2077 5262 2092 5287 ,
2122 5223 2215 5294 qui
2243 5240 2338 5294 per
2367 5226 2521 5295 polos
2563 5229 2775 5284 transit.

1948 5314 2206 5379 Quintum
2267 5316 2544 5372 horarium
2618 5319 2963 5375 intervallum
3034 5323 3179 5377 circa
3231 5319 3439 5376 medios

1879 5404 2063 5460 Pisces
2097 5405 2284 5462 deﬁnit
2313 5423 2396 5474 ea,
2422 5425 2542 5479 quae
2569 5419 2651 5465 est
2670 5411 2724 5465 in
2761 5413 2941 5467 medio
2969 5427 3196 5485 corpore
3225 5412 3440 5468 Cassie-

1881 5511 2013 5575 pew,
2038 5511 2155 5568 quae
2179 5515 2208 5554 a
2235 5500 2411 5572 capite
2431 5501 2594 5558 tertia
2624 5510 2962 5559 numeratur.
