3800 6328
547 27 554 31 .
577 22 1118 31 ΙᾙΗ--ῑυ--“-
1129 26 1145 28 -

418 280 554 337 H55
633 273 641 280 ’

1399 271 1486 324 AD
1522 268 1783 325 EUSEBII
1821 265 2006 324 (ΞΗΠο
2020 263 2224 322 NICON
2262 261 2624 320 APPENDIX.

3498 257 3618 314 H36

487 395 708 449 Sextam
737 393 928 446 horam
951 389 1204 445 terminat
1241 387 1487 457 proxime
1520 386 1588 441 ab
1619 385 1822 440 circulo
1844 384 1970 448 isto,

2144 381 2217 435 Τὸ
2263 381 2320 434 δὲ
2364 387 2416 447 ς’
2447 380 2667 450 ὡριαῖον
2718 377 2991 447 διάστημα
3032 371 3279 445 ἀφορίζει
3331 373 3426 427 ἀπ’
3472 373 3613 427 αὐτού

417 483 510 555 qui
544 499 642 554 per
662 480 1060 553 aequinoctialia
1091 484 1312 549 puncta,
1339 477 1603 548 polusque
1625 475 1970 542 describitur,

417 591 540 647 quae
573 574 870 630 summitati
911 573 1050 642 ejus,
1084 584 1203 640 qua
1238 583 1404 638 supra
1451 568 1688 623 Arietem
1717 569 1822 623 sita
1852 576 1971 632 est,

421 669 687 730 imminet,
714 674 766 722 et
797 663 1124 719 antecedens
1156 660 1458 715 lucidarum
1494 661 1678 723 trium,
1701 675 1821 730 qua
1848 668 1976 714 sunt

419 761 476 815 in
500 761 675 830 capite
701 759 897 813 Arietis
921 776 935 823 ,
969 771 1090 826 quae
1120 754 1375 810 vicesima
1401 755 1620 809 circiter
1649 753 1800 810 horae
1819 760 1974 825 parte

420 853 558 908 citra
579 850 842 906 circulum
871 849 1100 903 locatur.

491 943 548 997 lu
579 957 642 997 eo
673 940 994 1013 quadrante,
1029 939 1122 1010 qui
1157 939 1224 995 ab
1246 939 1551 1010 mquiuoctii
1589 938 1741 993 verni
1775 943 1975 1008 puncto

423 1036 489 1089 ad
512 1035 685 1089 aestivi
717 1033 911 1104 tropici
951 1041 1211 1103 punctum
1246 1032 1572 1103 porrigitur,
1621 1031 1860 1101 primum
1893 1029 1977 1082 in-

422 1126 704 1182 tervallum
751 1125 1028 1179 borarium
1072 1124 1330 1178 terminat
1374 1122 1709 1178 lucidissima
1756 1135 1975 1187 earum,

421 1231 543 1287 quae
571 1223 700 1272 sunt
723 1215 779 1270 in
810 1213 1107 1286 Gorgonio,
1132 1215 1275 1285 quod
1306 1215 1526 1271 sinistra
1555 1215 1692 1284 gerit
1727 1213 1977 1268 Perseus.

494 1307 803 1363 Secundum
862 1307 1205 1362 intervallum
1255 1307 1510 1361 terminat
1557 1307 1703 1361 circa
1762 1304 1978 1360 initium

425 1400 586 1454 Tauri
615 1398 915 1455 succedens
962 1400 1129 1454 trium
1185 1397 1390 1453 directa
1437 1398 1578 1453 serie
1623 1397 1922 1468 positarum
1951 1411 1982 1451 e

421 1492 662 1564 quinque
693 1491 885 1558 stellis,
917 1507 1037 1562 quae
1069 1492 1214 1546 circa
1245 1491 1492 1546 dextrum
1524 1489 1708 1545 Persei
1741 1505 1904 1560 genu.

491 1579 661 1636 Tertii
687 1580 953 1635 intervalli
982 1581 1140 1636 limes
1167 1589 1249 1636 est
1277 1573 1424 1635 c’irca
1452 1577 1689 1633 medium
1714 1577 1978 1641 Taurum,

423 1687 606 1740 earum
649 1689 770 1744 quae
797 1683 922 1728 sunt
949 1674 1005 1726 in
1034 1673 1173 1742 pelle
1193 1713 1206 1738 ,
1239 1687 1400 1743 quam
1431 1672 1595 1726 Orion
1640 1670 1864 1727 sinistra
1895 1677 1978 1724 te-

2075 475 2303 544 ἔγγιστα
2337 471 2430 526 τοῦ
2461 471 2547 525 διά
2593 470 2700 524 τῶν
2741 465 3066 538 ίστιμερινῶν
3109 463 3349 534 σημείων
3397 463 3490 515 καὶ
3523 462 3612 514 τῶν

2077 567 2253 620 πόλων
2282 563 2627 636 γραφομένου
2671 559 2893 622 κύκλου,
2927 558 3026 610 οὐκ
3057 555 3137 608 ἔτι
3182 555 3228 588 ’³
3257 554 3358 625 τῆς
3397 552 3614 624 κορυφῆς

2076 659 2322 729 κείμενος
2345 654 2438 709 τοῦ
2467 654 2606 726 ὑπὲρ
2631 652 2720 706 τὸν
2746 649 2913 722 Κριὸν
2943 646 3213 718 κειμένου,
3245 647 3273 699 ὁ
3303 645 3361 697 δὲ
3397 644 3444 675 ⁸⁸
3475 643 3610 713 ἡγού-

2079 763 2237 817 μενος
2265 745 2371 798 τῶν
2413 745 2470 797 ὲν
2517 745 2583 813 τῇ
2614 739 2819 810 κεφαλῇ
2854 736 2947 790 τοῦ
2981 733 3149 808 Κριοῦ
3182 741 3230 803 γ’
3263 731 3542 804 λαμπρῶν,
3567 732 3617 795 ὃς

2076 836 2315 891 είκοστὺν
2351 834 2510 906 μέρος
2539 833 2686 904 ὥρας
2717 830 3065 884 ὑπολείπεται
3090 830 3184 883 καὶ
3215 827 3310 882 τοῦ
3347 827 3554 881 κύκλου.

2147 928 2268 982 Τῶν
2311 928 2369 981 δὲ
2417 925 2617 998 μεταξὺ
2653 921 2745 976 τοῦ
2792 920 3103 993 ἰσημερινοῦ
3151 920 3246 973 καὶ
3284 918 3380 972 τοῦ
3430 917 3622 988 θερινού

2079 1021 2306 1094 σημείου
2337 1019 2396 1084 ἒξ
2419 1018 2656 1089 ὼριαίων
2681 1017 3057 1087 διαστημάτων
3089 1013 3147 1066 τὸ
3169 1014 3266 1084 μὲν
3295 1018 3344 1065 α’
3367 1012 3614 1084 διάστημα

2079 1113 2324 1187 ἀφορίζει
2373 1113 2402 1164 6
2447 1109 2823 1182 λαμπρότατος
2855 1107 2962 1160 τῶν
3003 1108 3060 1159 ἐν
3107 1105 3183 1176 τῷ
3228 1105 3464 1176 γονατίῳ
3507 1105 3614 1171 ⁸⁸,ὀ

2079 1203 2188 1274 ἔχει
2223 1203 2250 1254 6
2288 1199 2528 1272 Περσεὺς
2560 1200 2616 1251 ὲν
2642 1201 2707 1268 τῇ
2736 1196 2997 1267 ἀριστερᾷ
3021 1193 3182 1265 χειρί.

2150 1293 2224 1347 Τὸ
2269 1292 2326 1346 δὲ
2377 1291 2418 1362 β’
2463 1290 2736 1360 διάστημα
2783 1287 3004 1358 ὠριαίον
3065 1284 3314 1356 ἀφορίζει
3368 1285 3496 1356 περὶ
3532 1285 3614 1356 τὴν

2079 1382 2250 1453 ἀρχὴν
2277 1379 2369 1434 τοῦ
2417 1379 2629 1450 Ταύρου
2665 1377 2760 1432 τοῦ
2796 1375 3044 1447 Περσέως
3076 1376 3184 1428 τῶν
3215 1375 3342 1445 περὶ
3367 1375 3430 1426 τὸ
3472 1373 3614 1439 δεξιὸν

2080 1475 2208 1543 γόνυ
2237 1480 2276 1525 ε’
2309 1473 2551 1544 ἀστέρων
2592 1473 2620 1524 6
2665 1469 2923 1540 ἑπόμενος
2955 1467 3060 1522 τῶν
3091 1467 3177 1520 ἐπ’
3211 1467 3426 1530 εὐθείας
3451 1465 3613 1538 τριῶν.

2151 1565 2224 1618 Τὸ
2267 1565 2324 1618 δὲ
2357 1571 2405 1632 γ’
2431 1563 2650 1636 ὼριαῖον
2694 1561 2967 1631 διάστημα.
3011 1558 3257 1629 ἀφορίζει
3296 1559 3427 1629 περὶ
3477 1559 3616 1630 μέσον

2081 1657 2170 1711 τὸν
2201 1655 2410 1727 Ταῦρον
2438 1654 2544 1708 τῶν
2577 1657 2632 1708 ὲν
2659 1656 2726 1725 τῇ
2752 1653 2900 1725 δορᾷ,
2936 1651 3003 1723 ἦν
3043 1650 3156 1722 ἔχει
3186 1654 3214 1705 6
3255 1652 3447 1722 Ὠρίων
3483 1652 3534 1704 ἐν
3561 1654 3614 1723 τῇ

423 1773 536 1829 net,
569 1733 793 1835 quarta,
820 1773 874 1819 et
903 1733 1152 1834 septi-ma.
1194 1733 1336 1818 'ltem
1380 1761 1660 1832 splendida
1689 1761 1747 1814 in
1782 1759 1973 1814 mediis

2092 1748 2336 1822 ὶριστερᾷ
2383 1748 2546 1819 χειρὶ,
2586 1749 2614 1800 ὁ
2653 1745 2693 1800 δ(
2737 1746 2830 1798 καὶ
2857 1746 2886 1798 6
2923 1743 2988 1809 ζ’,
3021 1744 3114 1798 καὶ
3145 1743 3238 1797 τοῦ
3267 1744 3482 1816 Ταύρου
3506 1745 3532 1796 6
3569 1745 3616 1797 ὲν

423 1853 590 1910 Tauri
641 1855 901 1910 cornibus
938 1893 955 1920 ,
1026 1869 1146 1925 quae
1197 1869 1318 1908 cum
1363 1853 1560 1910 lucidis
1613 1860 1978 1910 extremorum

423 1960 693 2001 cornuum
753 1945 1084 2018 triangulum
1146 1945 1534 2018 propemodum
1603 1945 1980 2016 mquilaterum

425 2037 573 2093 facit.

495 2129 753 2195 Quartam
781 2131 968 2185 horam
1000 2129 1188 2186 deﬁnit
1214 2129 1360 2183 circa
1392 2127 1740 2184 Geminorum
1767 2127 1980 2182 initium

415 2219 725 2274 succedens
762 2234 1081 2289 parvarum,
1128 2225 1180 2274 et
1226 2217 1526 2273 lucidarum
1565 2220 1831 2282 duarum,
1863 2232 1984 2288 quae

424 2316 575 2364 recto
598 2323 768 2363 cornu
797 2308 863 2363 ad
889 2309 1153 2363 orientem
1185 2308 1240 2363 in
1278 2308 1542 2363 directum
1586 2307 1776 2379 posita
1803 2314 1933 2362 sunt
1964 2324 1978 2360 :

423 2415 545 2470 quae
571 2413 625 2456 et
655 2401 712 2455 in
746 2399 964 2458 Orionis
995 2401 1302 2468 collorobo,
1333 2415 1400 2456 ac
1430 2400 1718 2456 borealiori
1747 2399 1982 2455 termino

425 2497 571 2547 sunt.
617 2490 869 2547 Proxime
918 2508 1045 2548 vero
1082 2503 1329 2564 quartam
1363 2494 1553 2548 horam
1581 2493 1842 2551 terminat
1878 2508 1983 2547 au-

404 2576 641 2641 rsrfalior
670 2581 972 2638 lucidarum
1018 2581 1282 2650 duarum,
1329 2600 1450 2656 quae
1481 2595 1610 2642 sunt
1661 2586 1716 2640 in
1756 2583 1982 2656 Leporis

423 2674 600 2730 medio
627 2689 872 2745 corpore.

493 2852 753 2919 Quintum
787 2854 1064 2910 horarium
1117 2857 1354 2926 spatium
1391 2857 1648 2912 terminat
1690 2856 1836 2911 circa
1866 2869 1981 2910 me-

413 2942 546 2998 dios
576 2941 830 3001 Geminos
870 2944 1172 3002 lucidarum
1219 2946 1386 3001 trium
1411 2988 1428 3013 ,
1479 2961 1602 3018 qua:
1643 2945 1700 3001 in
1756 2945 1984 3017 genibus

426 3044 552 3090 sunt
577 3035 962 3105 Geminorum,
1017 3040 1229 3106 media;
1288 3053 1411 3109 qua:
1442 3037 1722 3093 tricesima
1765 3037 1986 3092 circiter

429 3125 575 3182 hora:
601 3135 753 3197 parte
783 3130 1037 3197 praecedit
1062 3129 1330 3186 circulum
1373 3143 1469 3200 per
1500 3129 1656 3200 polos
1691 3137 1984 3185 transeun-

429 3225 568 3280 tem,
614 3232 825 3274 necnon
859 3219 1038 3275 lucida
1069 3220 1431 3292 posteriorum
1459 3218 1626 3276 Canis
1659 3219 1880 3290 pedum.

2086 1841 2268 1911 μέσοις
2314 1841 2426 1903 τοῖς
2471 1839 2695 1910 κέρασιν
2741 1835 3000 1909 ἐκφανὴς,
3056 1835 3369 1908 ἰσόπλευρον
3416 1836 3618 1904 ἔγγιστα

2081 1931 2341 2003 τρίγωνον
2388 1929 2556 1984 ποιῶν
2602 1928 2740 2002 μετά
2784 1927 2893 1984 τῶν
2941 1928 3000 1982 ἑν
3048 1926 3238 1999 ἀκροις
3279 1929 3393 1991 τοῖς
3448 1928 3617 1999 κέρασι

2080 2023 2367 2095 λαμπρῶν.

2151 2117 2226 2170 Τὸ
2268 2115 2323 2168 δὲ
2351 2115 2393 2168 δ’
2420 2115 2642 2186 ὡριαῖον
2673 2111 2942 2182 διάστημα
2974 2110 3219 2182 ἀφορίζει
3253 2110 3383 2180 περὶ
3409 2109 3504 2180 τὴν
3535 2111 3618 2180 ἀρ-

2081 2208 2181 2280 χὴν
2214 2206 2321 2262 τῶν
2348 2205 2616 2278 Διδύμων,
2644 2205 2738 2260 τοῦ
2771 2207 2982 2277 Ταύρου
3005 2205 3111 2259 τῶν
3143 2206 3227 2256 ἐπ’
3254 2203 3468 2266 εὐθείας
3489 2202 3620 2272 ἄκρῳ

2080 2301 2156 2371 τῷ
2179 2299 2336 2370 δεξιῷ
2370 2298 2560 2369 κέρατι
2588 2297 2724 2370 πρὸς
2748 2297 3010 2359 ἀνατολὰς
3043 2294 3310 2366 κειμένων
3341 2293 3385 2364 β’
3415 2292 3618 2364 μικρῶν,

2081 2390 2175 2442 καὶ
2203 2387 2452 2457 ὲκφανῶν
2481 2387 2649 2440 ὅντων
2699 2385 3034 2459 ἀστερίσκων
3072 2386 3101 2438 6
3137 2383 3399 2453 ἑπόμενος
3432 2382 3618 2435 αὐτῶνθ

2083 2482 2219 2537 εἰσὶν
2243 2482 2299 2536 δὲ
2327 2474 2471 2535 οὗτοι
2517 2481 2609 2534 καὶ
2646 2481 2703 2535 ὲν
2734 2479 2810 2551 τῷ
2859 2475 3157 2548 κολλοϐόρῳ
3177 2476 3224 2508 ³⁸
3261 2473 3358 2528 τοῦ
3401 2474 3622 2546 Ὠρίωνος

2082 2574 2176 2628 ἐπὶ
2219 2572 2313 2627 τοῦ
2365 2572 2702 2645 βορειοτέρου
2748 2571 3016 2643 πέρατος·
3070 2567 3298 2637 ἔγγιστα
3354 2567 3413 2620 δὲ
3459 2565 3548 2637 τὴν
3585 2564 3621 2616 δ’

2081 2664 2331 2736 ἀφορίζει
2356 2665 2452 2719 καὶ
2490 2663 2584 2718 τοῦ
2627 2659 2852 2731 Λαγωοῦ
2878 2662 2906 2715 6
2931 2658 3244 2730 νοτιώτερος
3274 2657 3385 2712 τῶν
3410 2658 3467 2711 ιν
3493 2655 3621 2728 μέσῳ

2078 2757 2159 2829 τῷ
2189 2757 2401 2829 σώματι
2430 2755 2474 2827 β’
2500 2754 2789 2827 λαμπρῶν.

2153 2851 2227 2905 Τδ
2265 2850 2323 2903 δὲ
2362 2856 2403 2903 ε’
2432 2850 2653 2921 ῶριαῖον
2697 2846 2969 2917 διάστημα
3011 2841 3258 2916 ἀφορίζει
3289 2841 3417 2913 περὶ
3449 2839 3621 2912 μέσους

2082 2943 2208 3008 τοὺς
2235 2941 2496 3012 Διδύμους
2527 2939 2637 2994 τῶν
2665 2938 2910 3011 Διδύμων
2940 2938 2970 2990 6
2999 2935 3162 3010 μέσος
3196 2936 3306 2988 τῶν
3335 2935 3393 2985 ὲν
3419 2934 3522 2995 τοῖς
3545 2929 3622 2997 γό-

2011 3082 2054 3140 C
2084 3051 2206 3090 νασι
2337 3032 2626 3106 λαμπρῶν,
2658 3028 2807 3140 ὡς’λζ
2839 3022 3621 3140 μέροςὶῶραςυπρρηῖούμενῖς

2089 3124 2182 3178 τοῦ
2219 3123 2307 3179 διὰ
2326 3123 2435 3178 τῶν
2475 3123 2654 3178 πόλων
2683 3121 2903 3188 κύκλου,
2935 3119 3030 3174 καὶ
3059 3115 3154 3173 τοῦ
3193 3115 3369 3180 Κυνὸς
3394 3114 3425 3168 ὁ
3452 3115 3505 3168 ὲν
3528 3112 3621 3206 τοῖς

2021 3211 2032 3230 ’
2091 3217 2358 3282 ὀπισθίοις
2387 3216 2516 3271 ποσὶ
2545 3214 2809 3288 λαμπρός.

501 3371 544 3402 ³³
566 3373 688 3431 Cor.
716 3377 745 3430 6
768 3377 878 3436 ὲπί.
952 3378 999 3410 ’⁵
1024 3378 1066 3448 f.
1090 3378 1119 3432 ὅ
1143 3393 1222 3431 τε.
1299 3373 1349 3408 ’³
1379 3373 1422 3445 f.
1455 3325 1744 3446 Γοργονίφ.
1808 3373 1855 3407 ⁸⁸
1882 3371 1926 3443 f.
1953 3373 1973 3427 l

2092 3369 2293 3444 ,ορ66ῳ.

459 3531 3596 3572 ________________________________..___——

1368 3700 2700 3837 ΕΡΑΤΟΣΘΕΝΟΥΣ

1687 3935 1792 3990 EN
1814 3935 2009 4005 ΔΛΛῼ
2045 3932 2408 3989 ιηΠΑΡΧοΥ

1239 4097 1412 4187 ΕΙΣ
1448 4090 1592 4186 TA
1626 4090 2059 4211 APATOY.
2107 4091 2818 4192 ¢AINOMENA.,

1483 4359 2572 4482 ERATOSTHENIS

1686 4583 1922 4647 ALIAS
1963 4581 2392 4646 HIPPARCHI

1211 4767 1362 4858 AD
1431 4765 1787 4858 ARATI
1880 4759 2671 4854 PHAENOMENA
2704 4741 2866 4850 (⁷⁸).

509 5029 662 5101 142
700 5028 742 5085 l.
795 5023 1186 5097 Apparentium
1233 5024 1634 5080 enarrationem
1691 5025 1973 5083 instituere

2154 5029 2233 5083 A'.
2276 5025 2385 5098 Τὴν
2417 5026 2517 5093 μὲν
2547 5025 2708 5093 δεῖξιν
2730 5025 2839 5081 τῶν
2861 5025 3193 5097 φαινομένων
3217 5025 3333 5080 δέον
3371 5020 3612 5078 ποιεῖσθαι

430 5121 510 5176 sic
540 5124 768 5189 oportet,
795 5124 855 5170 ut
883 5115 950 5169 ad
971 5113 1250 5169 meridiem
1273 5113 1504 5170 obversa
1532 5114 1744 5185 sphaera
1767 5154 1783 5181 ,
1815 5131 1987 5187 oppo-

429 5214 550 5267 sita:
579 5210 878 5263 habeantur
900 5205 1070 5268 Ursae,
1095 5212 1249 5262 ortus
1275 5206 1342 5261 ad
1361 5206 1604 5262 dextram
1638 5207 1730 5272 sit,
1754 5222 1985 5264 occasus

429 5298 500 5353 ad
525 5297 820 5355 sinistram.
843 5293 1116 5348 Naturalis
1138 5307 1300 5362 porro
1323 5293 1547 5366 Sphazrae
1568 5297 1755 5351 mundi
1777 5297 1985 5367 positus

429 5397 513 5446 est
543 5386 838 5458 ejusmodi,
876 5394 936 5439 ut
981 5385 1038 5438 in
1087 5385 1299 5454 tropico
1326 5386 1514 5442 ωειίνο
1563 5388 1987 5443 culminetCan-

429 5494 554 5548 cer;
589 5478 766 5534 Cbela:
800 5477 854 5531 in
901 5477 1266 5547 aequinoctiali
1315 5477 1678 5549 horoscopum
1723 5485 1980 5548 teneant;

2085 5117 2220 5190 πρὸς
2242 5117 2320 5188 τῷ
2340 5117 2494 5187 νότῳ,
2511 5116 2697 5181 ἀντίας
2724 5117 2912 5188 ἔχοντα
2934 5116 3030 5182 τὰς
3049 5119 3332 5189 Ἀρκτους,
3368 5115 3506 5181 δεξιά
3528 5112 3614 5172 τὰς

2085 5206 2368 5271 ἀνατολὰς,
2397 5205 2704 5278 εὐωνύμους
2747 5206 2803 5259 δὲ
2841 5206 2940 5271 τὰς
2983 5207 3180 5272 δύσεις.
3244 5207 3303 5261 Ἢ
3338 5208 3391 5260 δὲ
3432 5199 3614 5275 φυσικὴ

2086 5297 2232 5361 θέσις
2267 5299 2365 5368 τῆς
2399 5296 2630 5368 σφαίρας
2679 5297 2773 5351 τοῦ
2815 5298 3018 5370 κόσμου
3053 5301 3169 5353 ἐστὶ
3211 5300 3441 5368 τοιαύτη,
3487 5295 3612 5347 ὥστε

2085 5387 2226 5458 ἔχειν
2271 5387 2700 5459 μεσουρανοῦντα
2726 5389 2995 5461 Καρκίνον
3022 5391 3112 5444 ἐπὶ
3141 5391 3232 5444 τοῦ
3267 5387 3466 5461 θερινοῦ
3502 5397 3612 5452 τρο-

2086 5479 2268 5547 πικοῢ,
2299 5480 2618 5546 ἀνατολικάς
2647 5481 2829 5554 Χηλὰς
2873 5481 2964 5536 ἐπὶ
3002 5481 3094 5536 τοῦ
3132 5478 3451 5554 ίσημερινοῦ,
3479 5475 3610 5530 δυτι-

499 5633 610 5704 (Ἱ4)
646 5631 1149 5703 Pseudepigraphus
1185 5633 1273 5691 hic
1311 5633 1558 5700 libellus;
1587 5649 1712 5691 nam
1745 5633 1995 5690 neutrius
2031 5643 2132 5690 est.
