3800 6310
215 322 347 372 1ιὸ’1
1233 324 1504 382 INCERTI
1539 327 1630 382 AD
1667 325 1874 382 ARATI
1913 329 2381 388 PHENOMENA»
3295 340 3428 395 “38

213 432 305 488 κὸν
348 433 540 506 Κριὸν,
587 434 884 507 Δράκοντος
928 439 1166 512 κεφαλήν
1211 442 1347 514 πρὸς
1395 444 1471 516 τῷ
1516 446 1745 516 ὁρίζοντι

1872 449 2030 506 Aries
2080 455 2135 506 in
2186 450 2470 506 occidente
2514 459 2793 519 versetur;
2844 449 3105 510 Draconis
3149 466 3308 527 caput
3353 461 3430 514 iu-

212 526 530 599 Περιέχεται
582 527 636 581 δὲ
680 530 782 583 ὑπὸ
828 531 920 584 τοῦ
947 533 1234 604 ὁρίζοντος.
1285 536 1347 589 Ἡ
1393 538 1449 591 δὲ
1494 540 1633 594 κατὰ
1673 543 1772 615 τὴν

212 619 470 690 ἐξήγησιν
493 619 639 685 θέσις
653 622 758 700 τῶν
774 623 998 694 Ἀράτου
1011 627 1384 698 Φαινομένων
1395 631 1511 685 ἐστὶ
1528 635 1770 706 τοιαύτη,

212 711 336 766 ὥστ’
376 713 521 783 ἔχειν
557 716 986 788 μεσουρανοῦντα
1019 720 1328 794 Αίγάκερων
1354 725 1446 778 ἐπὶ
1473 724 1565 779 τοῦ
1588 744 1771 799 χειμε-

213 804 355 876 ρινοῦ
403 806 686 876 τροπικοῦ,
729 809 1040 866 ἀνατολικὸν
1069 813 1237 883 Κριὸν
1265 815 1356 868 ἐπὶ
1398 815 1490 870 τοῦ
1522 817 1770 890 ἰσημερι-

207 896 319 960 νοῦ,
347 896 572 961 δυτικάς
597 899 802 969 Χηλὰς,
851 902 1152 971 Δράκοντος
1191 906 1430 979 κεφαλὴν
1476 907 1587 964 ἄνω
1633 910 1769 982 πρὸς

207 987 280 1059 τῷ
312 987 568 1059 ὁρίζοντι,
598 990 732 1044 ὅπου

203 1101 536 1171 Μίσγονται
571 1101 778 1168 δύσιές
829 1120 892 1158 τε
920 1105 1019 1159 καί
1047 1107 1294 1163 ἀντολαὶ
1317 1109 1684 1182 ἀλλήλῃσιν.

205 1213 358 1284 Ἔχει
407 1215 466 1268 δὲ
513 1215 608 1268 καὶ
662 1215 855 1280 πόλους
888 1217 980 1270 δύο
1000 1235 1014 1248 ·
1067 1220 1324 1294 ἀρκτικὸν
1351 1222 1471 1278 ὅλον
1525 1225 1767 1282 τοιοῦτον

205 1304 498 1377 μετέωρον,
545 1307 638 1360 τὸν
682 1308 776 1360 καὶ
813 1307 1020 1378 βόρειον
1064 1312 1369 1384 λεγόμενον·
1405 1316 1762 1389 ἀνταρκτικὸν

198 1395 254 1449 δὲ
281 1397 340 1449 ὲν
373 1396 454 1468 τῷ
479 1398 695 1466 ἀφανεῖ,
718 1398 808 1451 τὸν
837 1401 929 1452 καὶ
958 1401 1129 1455 νότιον
1155 1403 1462 1475 λεγόμενον.
1512 1408 1664 1478 Ἔχει
1705 1409 1761 1466 δὲ

198 1487 430 1553 κύκλους
481 1490 749 1560 μεγάλους
793 1491 1062 1564 τέσσαρας
1117 1496 1284 1565 χωρὶς
1330 1497 1424 1551 τοῦ
1467 1500 1758 1570 ὁρίζοντος,

197 1581 319 1634 ἐ.πεὶ
347 1581 668 1653 προείρηται
700 1583 798 1654 μὲν
825 1583 961 1654 ἔχων
1003 1587 1388 1660 μεσημϐρινὸν,
1425 1591 1756 1664 ἰσημερινὸν,

197 1673 483 1738 ζωδιακὸν,
523 1673 815 1744 γαλαξίαν·
866 1675 1178 1748 ἐλαχίστους
1223 1679 1282 1732 δὲ
1313 1680 1613 1754 τέσσαρας·
1655 1686 1756 1756 άρ-

1872 543 2091 597 Cumbat
2119 541 2410 597 horizonti.
2454 540 2569 596 Hoc
2620 543 2763 597 enim
2795 544 2862 598 ab
2891 545 3169 600 horizonte
3196 547 3428 603 circum-

1871 634 2146 688 scribitur.
2200 632 2399 689 Verum
2442 633 2531 688 hic
2569 633 2624 688 in
2653 638 2986 705 exponendis
3013 639 3165 695 Arati
3198 639 3426 697 Pharna-

1870 724 2035 778 mem‘s
2065 724 2290 795 sphaarae
2330 726 2546 794 positus
2592 726 2949 794 observatur,
2992 738 3052 784 ut
3089 731 3144 786 in
3199 733 3426 789 hiberno

1867 815 2078 886 trepico
2122 815 2384 871 culminet
2417 816 2812 888 Capricornus;
2863 821 2919 874 in
2955 823 3313 892 aequinoctiali
3357 828 3424 882 ad

1866 915 2044 961 ortum
2076 907 2146 962 sit
2177 907 2366 973 Aries;
2396 909 2463 962 ad
2501 925 2758 965 occasum
2789 912 3002 981 Chelze;
3046 913 3306 973 Draconis
3337 935 3426 972 ca-
3469 991 3471 995 ι

1864 1008 1962 1070 put
1992 1015 2157 1071 supra
2183 1000 2517 1056 horizontem
2547 1004 2833 1072 respiciat;
2869 1005 2962 1058 ubi

1971 1111 2265 1169 Miscentur
2285 1130 2521 1181 occasus,
2545 1124 2594 1168 et
2619 1124 2763 1171 ortus
2783 1117 3020 1176 inuicem.

1864 1248 2034 1306 Habet
2079 1258 2133 1306 et
2167 1251 2321 1321 polos
2367 1257 2506 1309 duos
2542 1276 2555 1312 :
2600 1259 2893 1322 arcticum,
2933 1259 3024 1328 qui
3069 1266 3216 1316 totus
3245 1264 3419 1319 subli-

1861 1342 1964 1397 mis
1987 1350 2090 1406 est,
2114 1357 2178 1396 ac
2208 1344 2407 1401 bereus
2429 1347 2593 1403 etiam
2638 1351 2973 1420 appellatur;
3018 1355 3372 1410 antarcticum
3401 1399 3415 1421 ,

1859 1430 1952 1499 qui
1997 1446 2271 1501 nunquam
2307 1443 2600 1504 apparente
2630 1439 2834 1494 circulo
2867 1442 3204 1507 continetur,
3239 1452 3291 1500 et
3321 1462 3419 1502 au-

1859 1522 2041 1578 stralis
2072 1523 2290 1579 dicitur.
2316 1525 2488 1582 Habet
2513 1544 2642 1584 vero
2661 1530 2899 1588 circulos
2925 1535 3160 1604 majores
3184 1547 3419 1608 quatuor

1858 1622 2055 1683 praeter
2086 1615 2424 1673 horizontem
2463 1638 2476 1674 :
2510 1636 2649 1690 quos
2671 1623 2784 1692 jam
2813 1624 3052 1682 diximus
3094 1644 3215 1684 esse
3256 1634 3419 1686 meri-

1857 1705 2113 1772 diauum,
2156 1710 2620 1782 :equinoctialem,
2667 1716 2983 1785 zodiacum,
3025 1719 3278 1776 lacteum.
3318 1724 3418 1778 Mi-

195 1765 399 1830 κτικὸν,
446 1765 564 1819 ὅλον
612 1767 902 1839 μετέωρον,
940 1769 1024 1838 ἐφ’
1053 1763 1100 1838 ᾧ
1138 1773 1555 1845 κατεστήρικται
1593 1777 1745 1840 ζὼδια

195 1857 430 1886 -λρηιιη
511 1857 730 1886 ,Διιικλι
791 1859 879 1886 ἓΑ-
951 1861 1174 1886 ιτ---ε.-
1214 1862 1312 1886 1._1
1362 1864 1432 1886 _.".
1460 1884 1466 1886 _
1530 1883 1583 1886 __
1625 1867 1691 1886 Λ·-

2099 1763 2111 1772 ,
2219 1763 2236 1779 _
2667 1763 2983 1785 _v_._-_...,
3027 1763 3278 1776 ..............

1857 1812 2017 1854 nores
2053 1798 2183 1855 item
2205 1812 2481 1871 quatuor:
2518 1809 2800 1876 arcticum,
2829 1815 2922 1882 qui
2971 1820 3117 1869 totus
3153 1823 3372 1886 apparet
3395 1856 3410 1880 ,

192 1857 466 1928 τέσσαρα,
511 1857 735 1928 Ἀρκτοι
789 1859 902 1924 δύο,
951 1861 1174 1931 Κηφεὺς
1210 1862 1317 1916 ἀπὸ
1359 1864 1469 1920 τῶν
1521 1867 1753 1938 στηθῶν,

192 1950 451 2022 Δράκων·
503 1948 712 2020 θερινὸν
759 1952 1034 2021 τροπικὸν,
1076 1952 1258 2008 πλεῖον
1303 1955 1493 2026 ἔχοντα
1517 1958 1577 2012 τὸ
1614 1960 1756 2032 ὑπὲρ

191 2041 314 2112 γῆν,
341 2037 510 2114 ἧσσον
542 2041 598 2094 δὲ
633 2042 695 2094 τὸ
740 2042 844 2095 ὑπὸ
875 2042 998 2113 γῆν,
1025 2045 1108 2113 ἐφ’
1132 2040 1176 2114 ᾧ
1201 2050 1621 2120 κατεστήρικται
1651 2051 1757 2116 ζὼ-

189 2133 274 2186 δια
297 2139 369 2203 η’,
406 2132 643 2202 Βούηης,
670 2133 957 2202 Στέφανος,
997 2136 1084 2188 Ἐν
1103 2136 1376 2205 γούνασιν,
1407 2140 1581 2212 Λύρα,
1605 2143 1756 2195 Κασ-

192 2224 425 2288 σιέπεια,
465 2224 937 2298 Ἦνίοχος,¹’ορνις.
963 2228 1221 2300 Περσεύς.
1267 2227 1328 2284 Ὀ
1364 2229 1420 2284 δὲ
1447 2232 1752 2304 χειμερινὸς

189 2314 446 2386 τροπικὸς
472 2316 652 2369 πλεῖον
675 2316 785 2387 ἔχει
819 2318 879 2371 τὸ
918 2319 1023 2372 ὑπὸ
1045 2321 1168 2391 γῆν,
1194 2315 1361 2392 ἧσσον
1404 2321 1462 2375 δὲ
1497 2323 1558 2376 τὸ
1609 2323 1756 2396 ὑπὲρ

189 2409 322 2478 γῆν·
373 2406 463 2478 ἐφ’
514 2400 558 2475 ᾧ
601 2409 1021 2481 κατηστέρισται
1078 2411 1244 2476 ζὼδια
1300 2420 1384 2478 ς’·
1446 2415 1748 2486 Ἠριδανὸς,

201 2498 398 2573 Ἀργὼ,
429 2499 758 2572 Κένταυρος,
788 2502 872 2572 ἐφ’
985 2504 1200 2577 Θηρίον,
1242 2504 1522 2577 Θυτήριον,
1579 2506 1750 2576 ’ἰχθὺς

191 2589 361 2659 μέγας
387 2590 562 2656 νότιος
597 2592 826 2665 ἀφανής.

265 2790 321 2845 ’0
349 2790 407 2845 δὲ
443 2793 753 2864 ίσημερινὸς
795 2793 990 2859 κύκλος
1037 2789 1148 2850 ἴσον
1187 2795 1298 2868 ἔχει
1346 2798 1406 2851 τὸ
1453 2797 1591 2872 ὑπὲρ
1640 2801 1748 2872 γῆν

185 2883 278 2937 καὶ
318 2882 380 2937 τὸ
422 2885 526 2938 ὑπὸ
567 2885 692 2956 γῆν,
727 2887 810 2956 ἐφ’
862 2880 906 2954 ᾧ
950 2888 1366 2960 κατηστέρισται
1433 2887 1597 2956 ζώδια
1639 2892 1742 2962 ιβ’·

185 2975 396 3042 Ἵππος,
437 2977 733 3048 Ὀφιοῦχος,
769 2979 852 3049 ἐφ’
879 2971 922 3049 ᾧ
951 2981 1130 3050 Ὀφις,
1167 2981 1378 3052 ’Υδρος,
1416 2981 1500 3052 ἐφ’
1532 2975 1576 3050 ᾧ
1610 3001 1745 3037 κατ-

183 3066 493 3138 ηστέρισται
517 3069 764 3141 Κρατὴρ,
783 3070 983 3140 Κόραξ,
1000 3070 1279 3143 Προκύων,
1312 3072 1510 3138 Ἀετὸς,
1526 3073 1743 3143 Δελφὶς,

195 3127 402 3230 ὀρῶν,
465 3127 727 3227 Ὀῖστὸςξι
747 3127 1014 3216 Δελτιωτὸν
1033 3127 1060 3228 ,’
1113 3127 1743 3236 Ἀνδρᾉμέδαξλαγώδξξ
1771 3127 1814 3186 ⁸

182 3253 378 3322 Κῆτος,
429 3252 613 3317 Κύων,
657 3249 947 3307 ὥστέῐναι
987 3253 1058 3308 τὰ
1104 3254 1282 3309 πάντα
1327 3253 1491 3320 ζὼδια
1542 3257 1755 3310 εἰκοσι--

179 3343 303 3406 τρία
351 3343 431 3376 ⁸⁷·
465 3344 635 3414 χωρὶς
678 3342 788 3398 τῶν
845 3345 1127 3417 ἐπισήμων
1163 3347 1221 3401 ὲν
1269 3346 1449 3411 αὐτοῖς
1496 3347 1749 3419 ἀστέρων

182 3434 687 3505 κατηστερισμένων
720 3441 791 3504 η’,
820 3429 931 3488 οἷον
963 3437 1055 3489 ἐπὶ
1085 3435 1179 3489 τοῦ
1231 3436 1440 3492 Βοώτου
1488 3439 1744 3511 Ἀρκτοῦ-

183 3539 288 3592 ρος,
323 3523 415 3576 ἐπὶ
439 3523 531 3576 τοῦ
586 3523 829 3595 Ἤνιόχου
870 3523 970 3590 Αἴξ
1012 3542 1073 3579 τε
1117 3525 1212 3579 καὶ
1238 3527 1474 3599 Ἔριφοι,
1519 3527 1613 3580 ἐπὶ
1643 3528 1741 3582 τοῦ

180 3615 386 3688 Ταύρου
416 3614 692 3681 Πλειάδες,
724 3617 941 3680 Ὑάδες·
965 3618 1058 3672 ἐπὶ
1088 3619 1188 3690 τῆς
1213 3619 1488 3690 Παρθένου
1508 3618 1739 3690 Στάχυς,

179 3708 606 3780 Προτρυγητήρ·
648 3708 868 3781 ὲπὶλτοῦ
918 3709 1092 3775 Κυνὸς
1131 3711 1361 3782 Σείριος,
1421 3713 1515 3767 καὶ
1543 3713 1597 3766 εἴ
1616 3730 1742 3767 τινα

176 3798 379 3863 τούτοις
412 3800 595 3871 ὃμοια.

254 3891 311 3944 '0
337 3891 393 3944 δὲ
421 3891 682 3956 ζωδιακὸς
715 3892 913 3958 κύκλος
955 3893 1067 3966 ἔχει
1112 3894 1276 3961 ζὼδια
1314 3896 1416 3968 ιβ’·
1441 3898 1746 3971 Καρκίνον,

176 3981 392 4048 Λέοντα,
420 3982 715 4054 Παρθένον,
758 3985 964 4057 Χηλὰς,
1005 3987 1033 4040 ὅ
1067 3990 1179 4041 ἐστι
1223 3990 1412 4058 Ζυγὸς,
1449 3991 1734 4062 Σκορπίον,

176 4071 438 4145 Τοξότην,
493 4073 836 4146 Δίγόκερων,
897 4077 1210 4148 ’Υδροχόον,
1261 4079 1499 4150 Ἰχθύας,
1545 4083 1736 4155 Κριὸν,

174 4163 413 4236 Ταῦρον,
463 4164 766 4236 Διδύμους·
833 4166 972 4221 ὥστε
1034 4165 1174 4224 εἶναι
1223 4170 1292 4226 τὰ
1343 4172 1519 4227 πάντα
1570 4173 1737 4240 ζώδια

172 4262 254 4324 κγ’
280 4256 348 4310 ··.

238 4348 357 4402 Εἰσὶ
380 4349 439 4403 δὲ
480 4349 575 4402 καὶ
607 4347 873 4421 πλάνητες
906 4351 1133 4426 ἀστέρες
1163 4353 1331 4426 χωρὶς
1361 4354 1510 4426 ήλίου
1538 4373 1603 4410 τε
1640 4359 1734 4415 καὶ

174 4439 398 4511 σελήνης
434 4445 510 4492 ε’·
539 4439 764 4512 Κρόνος,
807 4442 962 4508 Ζεὺς,
1008 4443 1204 4516 Ἀρης,
1250 4446 1552 4520 Ἀφροδίτη,
1611 4448 1732 4522 Ἐρα

1854 4447 2005 4502 solem
2027 4485 2044 4511 ,
2078 4447 2317 4517 quinque
2347 4463 2362 4502 :
2391 4443 2701 4513 Saturnus,
2725 4444 2955 4516 Jupiter,
2983 4445 3148 4513 Mars,
3175 4445 3411 4515 Venus.

174 4546 294 4600 μης·

234 4622 345 4693 Τὴν
370 4621 430 4676 δὲ
457 4620 566 4676 τῶν
601 4621 937 4692 φαινομένων
957 4624 1215 4697 ἐξήγησιν
1240 4627 1532 4699 πεποίηται
1565 4631 1736 4702 Ἀρα-

166 4727 272 4776 τος.
327 4711 636 4784 ἀρξάμενος
685 4714 794 4767 ἀπὸ
841 4713 948 4769 τῶν
990 4716 1234 4787 ἄρκτων,
1289 4718 1385 4772 καὶ
1426 4719 1734 4791 περιλαϐὼν

164 4806 338 4859 πάντα
386 4807 457 4858 τὰ
503 4805 687 4878 βόρεια
735 4807 994 4861 κυκλόθεν
1058 4809 1219 4881 μέχρι
1277 4811 1370 4865 τοῦ
1427 4810 1729 4875 ζωδιακοῦ·

166 4890 278 4949 εἶτα
329 4897 590 4967 μεταϐὰς,
626 4899 720 4952 καὶ
765 4897 1067 4968 ἀρξάμενος
1119 4899 1226 4953 άπὸ
1284 4901 1379 4954 τοῦ
1445 4903 1693 4975 Ὠρίωνος
1715 4921 1728 4935 ·

165 4988 282 5042 ἐπεὶ
314 4988 569 5060 λαμπρός
615 4991 754 5043 ἐστι.
789 4990 870 5044 Τὰ
919 4991 965 5044 δ’
995 4991 1105 5045 ἀπὸ
1147 4991 1241 5045 τοῦ
1275 4992 1540 5057 ζωδιακοῦ
1584 4996 1732 5049 νότια

165 5081 338 5134 πάντα
367 5080 611 5134 καλεῖται
647 5082 806 5154 μέχρι
833 5081 927 5136 τοῦ
976 5083 1359 5156 ἁνταρκτικοῦ.
1402 5081 1517 5138 Εἶθ’
1558 5086 1730 5152 οὕτως

167 5172 402 5241 μέτεισιν
437 5174 532 5226 ἐπὶ
561 5173 630 5227 τὰ
665 5175 810 5246 ἑξῆς.

226 5266 448 5319 Τούτων
496 5264 668 5329 οὕτως
718 5268 966 5336 ἐχόντων,
1019 5269 1202 5322 λοιπὸν
1250 5269 1580 5340 μεταϐατέω
1637 5275 1730 5327 ἐπὶ

162 5357 281 5421 τοὺς
311 5359 609 5427 τέμνοντας
650 5358 882 5422 κύκλους
917 5361 1011 5413 καὶ
1039 5361 1107 5414 τὰ
1155 5361 1463 5432 τεμνόμενα
1505 5364 1597 5416 ὑπ’
1632 5367 1730 5418 αύ-

161 5447 264 5500 τῶν
293 5448 480 5513 ζὼδια.
541 5450 772 5520 Ὀμοίως
819 5450 877 5504 δὲ
905 5451 996 5504 ὲπί
1030 5469 1091 5505 τε
1123 5453 1220 5516 τὰς
1249 5456 1608 5520 συνανατολὰς
1636 5459 1730 5511 καὶ

159 5539 256 5603 τὰς
300 5541 728 5610 συγκαταδύσεις
758 5542 954 5609 αὐτῶν,
987 5544 1135 5607 ὅπως
1175 5545 1337 5616 μηδὲν
1381 5548 1730 5620 ῦπολίπωμεν

250 5733 294 5767 ⁸⁷
327 5733 444 5790 Ima
489 5736 798 5807 τριάκοντα.
894 5737 953 5770 ³⁸*
974 5741 1090 5793 Ima
1127 5737 1240 5810 μβζ.

1855 1893 1912 1946 in
1945 1907 2118 1962 eoque
2140 1902 2374 1964 quatuor
2396 1896 2585 1953 insunt
2616 1903 2909 1968 asterismi,
2952 1905 3106 1962 Ursae
3137 1908 3276 1974 duae,
3313 1909 3414 1965 Cc-

1854 1984 2027 2053 pheus
2061 1992 2281 2053 pectore
2306 1994 2486 2058 tenus,
2509 1997 2563 2046 et
2588 1990 2801 2062 Draco;
2828 1996 3073 2052 aestivum
3106 2001 3369 2070 tropicum
3395 2041 3412 2068 ,

1852 2075 2012 2145 cujus
2035 2091 2163 2146 pars
2186 2093 2354 2148 supra
2392 2090 2589 2137 terram
2617 2085 2792 2154 major
2819 2089 3068 2158 exsistit,
3099 2091 3279 2146 minor
3310 2094 3413 2149 sub

1851 2174 2016 2222 terra.
2066 2169 2240 2240 Atque
2281 2171 2327 2225 is
2361 2173 2514 2244 signa
2541 2183 2664 2232 octo
2714 2181 3125 2250 complectitur,
3167 2183 3408 2252 Booten,

1851 2259 2141 2328 Coronam,
2178 2261 2579 2332 lngeniculum,
2632 2266 2931 2326 Fidiculam
2957 2313 2972 2338 ,
3023 2273 3366 2347 Cassiepeam
3391 2320 3406 2343 ,

1850 2349 2141 2422 Aurigam,
2178 2353 2460 2426 Cygnum,
2517 2358 2796 2417 Perseum.
2849 2363 3117 2423 llibernus
3167 2371 3409 2438 trapicus

1849 2441 2046 2511 majori
2081 2458 2147 2498 ex
2174 2453 2330 2514 parte
2368 2447 2470 2502 sub
2510 2455 2712 2504 terram
2755 2451 3106 2524 deprimitur;
3144 2458 3406 2516 minorem

1849 2547 2015 2604 supra
2059 2543 2260 2590 terram
2315 2538 2531 2594 attollit.
2579 2538 2637 2594 In
2691 2556 2757 2596 eo
2793 2554 2919 2599 sunt
2968 2547 3406 2605 constellationes

1849 2639 1945 2680 sex
1968 2646 1981 2681 :
2007 2625 2298 2694 Eridanus,
2324 2629 2489 2701 Argo,
2514 2630 2843 2699 Centaurus,
2869 2635 2924 2689 in
2949 2653 3056 2706 quo
3078 2637 3235 2706 Fera,
3272 2643 3402 2707 Ara,

1847 2716 2022 2774 Piscis
2052 2733 2281 2790 magnus
2313 2723 2570 2778 australis
2605 2739 2712 2779 non
2753 2741 3038 2796 apparens.

1914 2805 2337 2878 Equinoctialis
2367 2812 2608 2869 circulus
2635 2829 2704 2870 ex
2740 2831 2895 2886 aequo
2933 2833 3096 2888 supra
3153 2819 3404 2893 infraque

1846 2904 2052 2952 terram
2103 2900 2240 2956 situs
2283 2909 2368 2958 est
2391 2920 2419 2972 ;.
2463 2905 2522 2959 in
2564 2921 2630 2962 eo
2685 2907 2838 2978 signa
2896 2919 3023 2965 sunt
3079 2913 3399 2971 duodecim:

1845 2985 2054 3059 Equus,
2084 2989 2420 3062 Ophiuchus,
2456 2995 2510 3049 in
2562 3011 2671 3068 quo
2711 2997 2945 3070 Serpens
2988 3010 3109 3058 est:
3155 3002 3399 3076 Hydrus,

1846 3077 1901 3134 in
1943 3096 2054 3150 quo
2104 3085 2412 3140 continetur
2459 3095 2516 3143 et
2561 3087 2750 3144 Crater
2782 3109 2795 3145 :
2827 3090 3070 3160 Corvus,
3122 3094 3408 3169 Procyon.

1845 3169 2059 3242 Aquila,
2081 3173 2328 3245 Delphin,
2364 3176 2551 3244 Orion,
2586 3176 2791 3250 Sagitta
2815 3220 2831 3245 ,
2877 3181 3124 3239 Deltotou
3144 3226 3158 3250 ,
3191 3185 3402 3243 Andro-

1843 3263 2030 3330 meda,
2078 3264 2278 3336 Lepus,
2323 3269 2523 3336 Cetus,
2557 3272 2740 3329 Canis.
2791 3274 2868 3329 ita
2899 3275 3229 3346 colliguntur
3275 3279 3400 3332 uni-

1841 3360 2011 3411 verse
2049 3357 2201 3428 signa
2229 3360 2332 3415 tria
2368 3370 2422 3418 et
2453 3363 2677 3434 viginti;
2713 3373 2910 3434 praeter
2952 3366 3192 3438 insignes
3215 3371 3398 3427 stellas

1842 3451 1985 3509 octo,
2004 3460 2126 3516 qua:
2152 3447 2208 3502 iu
2237 3449 2348 3505 illis
2372 3451 2648 3508 collocatae
2662 3463 2808 3522 sunt,
2826 3455 2970 3510 velut
2997 3457 3049 3510 in
3083 3456 3266 3521 Boote,
3293 3461 3396 3513 Ar-

1841 3543 2051 3603 cturus,
2085 3538 2139 3592 in
2173 3538 2375 3610 Auriga
2399 3539 2617 3612 Capella
2648 3553 2702 3600 et
2724 3544 2906 3613 Haedi;
2942 3548 2996 3600 in
3017 3545 3200 3603 Tauro
3227 3548 3398 3606 Pleia-

1839 3623 1938 3679 des
1974 3634 2028 3680 et
2052 3624 2306 3698 Hyades;
2341 3629 2396 3684 in
2426 3628 2647 3702 Virgine
2675 3631 2856 3704 Spica,
2897 3633 3306 3702 Vindemiator;
3339 3641 3404 3695 in.

1838 3711 1988 3770 Cane
2013 3713 2222 3783 Sirius,
2255 3725 2310 3774 et
2334 3719 2380 3775 si
2401 3735 2522 3792 quae
2547 3730 2680 3778 sunt
2710 3724 2980 3794 ejusmodi
3011 3728 3148 3783 aliae.

1909 3891 2177 3952 Zodiacus
2201 3896 2370 3968 signis
2388 3898 2674 3955 duodecim
2694 3901 3061 3973 distinguitur,
3084 3920 3203 3975 quae
3229 3916 3357 3962 sunt
3378 3925 3391 3938 ο

1837 3985 2068 4057 Cancer,
2094 3989 2224 4054 Leo,
2251 3989 2435 4061 Virgo,
2461 3991 2639 4046 Chelae
2659 4034 2674 4058 ,
2717 3993 2831 4049 sive
2857 3993 3057 4062 Libra;
3093 3995 3349 4068 Scorpius
3375 4041 3391 4068 ,

1838 4076 2185 4148 Sagittarius,
2219 4081 2608 4151 Capricornus,
2640 4083 2932 4154 Aquarius,
2958 4083 3163 4149 Pisces,
3199 4088 3356 4143 Aries
3376 4129 3392 4151 ,

1837 4168 2081 4237 Taurus,
2124 4171 2356 4228 Gemini.
2410 4172 2750 4246 Colliguntur
2799 4175 2952 4246 signa
2986 4177 3040 4230 in
3071 4184 3240 4232 totum
3290 4180 3393 4234 tria

1833 4270 1887 4317 et
1911 4261 2116 4334 viginti.

1902 4353 2138 4410 Planeta:
2166 4363 2424 4425 praeterea
2463 4355 2634 4411 stellae
2681 4365 2809 4412 sunt
2849 4365 3044 4428 praeter
3102 4358 3285 4413 lunam
3329 4375 3393 4414 ac

1835 4537 2156 4595 Mercurius.

1913 4630 2305 4702 Apparentium
2348 4630 2741 4702 expositionem
2803 4647 2870 4688 eo
2903 4633 3114 4700 ,ordine
3169 4633 3407 4690 tradidit.

1835 4721 2057 4784 Aratus,
2089 4729 2150 4776 ut
2181 4737 2212 4775 a
2243 4721 2702 4792 septentrionibus
2730 4737 2980 4789 exorsus,
3014 4724 3252 4779 borealia
3283 4726 3392 4780 cir-

1833 4829 1959 4868 cum
1991 4814 2174 4870 omnia
2205 4814 2706 4885 comprehenderet,
2749 4831 2922 4886 usque
2953 4815 3022 4871 ad
3069 4815 3346 4871 zodiacum
3373 4837 3385 4871 :

1835 4907 1962 4963 hinc
1992 4908 2061 4962 ab
2090 4907 2290 4962 Orione
2314 4923 2510 4964 rursus
2548 4908 2891 4978 auspicatus,
2941 4907 3086 4978 quod
3113 4923 3178 4963 ea
3209 4908 3389 4962 lucida

1834 5001 1907 5057 sit
1939 5002 2116 5065 stella,
2148 5001 2360 5071 reliqua
2394 5008 2718 5071 pertexeret.
2747 4998 2918 5055 Porro
2953 5015 3074 5072 qua:
3101 5017 3132 5054 a
3166 5001 3391 5056 zodiaco

1833 5103 1961 5150 sunt
1991 5093 2253 5164 deinceps
2286 5094 2354 5148 ad
2390 5093 2770 5161 antarcticum,
2805 5095 3064 5149 australia
3099 5094 3280 5149 omnia
3308 5093 3391 5148 di-

1832 5194 2049 5242 cuntur.
2089 5185 2296 5240 Exinde
2320 5185 2388 5238 ad
2416 5185 2522 5240 alia
2557 5186 2754 5240 transit
2785 5186 3004 5242 Aratus.

1899 5277 1996 5333 His
2018 5277 2412 5333 animadversis
2439 5293 2583 5332 nunc
2612 5278 2680 5333 ad
2700 5293 2795 5334 eos
2823 5279 3057 5335 circulos
3087 5279 3384 5342 veniemus,

1829 5368 1920 5437 qui
1945 5367 2212 5438 aphaeram
2241 5376 2473 5435 secant,
2496 5377 2550 5424 et
2582 5370 2761 5440 signa,
2802 5385 2921 5440 quae
2953 5370 3020 5424 ab
3067 5371 3173 5426 illis
3196 5385 3388 5426 secan-

1831 5469 1938 5515 tur.
1974 5457 2104 5516 ltcm
2139 5460 2208 5516 de
2248 5461 2462 5516 illorum
2507 5464 2784 5518 coortibus
2829 5470 2884 5517 et
2917 5463 3269 5518 cooccasibus
3306 5463 3388 5516 di-

1830 5566 2038 5617 cemus,
2067 5552 2204 5608 nihil
2237 5563 2329 5620 ut,
2368 5552 2514 5624 quod
2544 5553 2765 5623 quidem
2791 5553 2948 5626 1&3
2977 5554 3044 5609 ad
3096 5553 3405 5610 constella-.

3620 417 3641 460 \
