3800 6320
419 361 559 418 H59
1366 352 1703 408 APPENDIX
1743 352 1834 407 AD
1864 351 2131 408 EUSEBII
2167 347 2622 408 CHRONICON-.
3499 335 3612 395 illo

419 485 599 539 tiones
629 484 840 547 attinet,
873 479 930 534 in
970 475 1254 548 prazteritis
1280 474 1647 544 relinquatur.
1689 471 1796 528 Sed
1841 472 1973 526 illud
2005 522 2009 531 ,

2129 471 2182 525 ὒν
2233 471 2371 543 πρὸς
2410 471 2502 524 τὸν
2539 459 2989 535 καταστερισμόν.
3031 457 3178 528 Πλην
3226 453 3444 526 νοητέον
3493 455 3610 510 τοῦθ’

422 583 548 629 ante
572 589 684 628 non
715 569 1068 645 ignorandum
1098 578 1202 631 est,
1224 564 1451 621 Aratum
1481 564 1711 618 istorum
1734 564 1979 618 omnium

2129 584 2166 619 τι
2216 565 2358 618 κατά
2401 564 2599 625 πλάτος
2641 562 2670 615 ὁ
2717 559 2948 628 Ἄρατος
2988 552 3077 606 τὸν
3112 550 3240 622 περὶ
3270 547 3449 602 αὐτῶν
3484 549 3612 618 λόγον

422 639 840 737 explicationem
894 659 1117 732 pingui,
1151 667 1210 713 ut
1253 659 1407 712 aiunt
1433 697 1448 720 ,
1495 656 1737 712 Minerva
1786 656 1889 710 hoc
1924 657 1981 710 in

2129 658 2380 727 εποίηται
2426 655 2514 709 διά
2557 652 2650 706 τοῦ
2699 650 3040 737 ποιήματος,
3067 642 3148 737 μη
3189 642 3366 695 πάντα
3407 639 3614 712 ἀκριϐῶς

423 768 671 828 poemate
702 755 1038 816 instituisse;
1077 765 1178 807 nec
1205 751 1258 805 in
1287 749 1544 805 omnibus
1575 749 1708 805 satis
1727 755 1983 803 accurate

2129 747 2539 818 αταδεξάμενος,
2571 742 2704 796 ἀλλά
2731 755 2852 794 τινα
2882 733 3223 809 παραλιπὼν,
3257 733 3402 804 ἅπερ
3429 733 3512 785 ἐπὶ
3535 734 3614 800 τῆς

425 864 547 905 esse
575 855 847 902 versatum
875 865 890 900 ε
922 844 1166 914 quaedam
1199 843 1452 898 omisisse
1476 883 1491 908 ,
1535 858 1657 913 quae
1685 843 1740 895 in
1773 841 1983 912 sphaera

2129 841 2327 911 φαῑρας
2354 840 2654 912 θεωρεῖται.
2698 831 2838 901 Ἐγὼ
2866 831 2922 884 δὲ
2955 829 3022 882 τὰ
3053 825 3521 898 παραλελειμμένα
3541 826 3613 876 ὑπ’

426 938 857 994 considerantur.
893 933 1008 1006 Ego
1051 949 1184 990 vero
1211 950 1332 1005 qua:
1362 934 1431 988 ah
1478 934 1575 989 iilo
1621 933 1986 1004 praetermissa

2129 931 2253 986 ύτοῢ
2288 926 2722 1002 προσαποδὼσω,
2744 926 2891 986 ὅπως
2927 921 3088 994 μηδὲν
3119 919 3342 990 ἐλλείπῃ
3374 918 3478 972 τῶν
3509 917 3615 990 πρὸς

427 1037 554 1086 sunt
583 1043 876 1099 reponam,
931 1043 999 1082 ne
1031 1025 1166 1098 quid
1195 1025 1264 1080 ad
1294 1025 1458 1096 hujus
1491 1025 1864 1096 integritatem
1897 1039 1987 1077 ar-

2129 1025 2188 1097 ὴν
2217 1023 2466 1096 Θεωρίαν.

427 1122 668 1193 gumenti
702 1119 1060 1175 desideretur.

497 1212 784 1267 Trifariam
810 1227 973 1282 porro
1012 1212 1199 1267 divisa:
1237 1221 1368 1266 sunt
1392 1209 1674 1266 sententiae
1703 1210 1771 1266 de
1787 1209 1990 1265 coorti-

2175 1203 2451 1273 Ἐγένοντο
2503 1199 2561 1254 δὲ
2610 1195 2828 1270 τρισσαὶ
2868 1193 3084 1256 στάσεις
3132 1191 3262 1262 περὶ
3306 1188 3563 1244 ἀνατολῶν
3584 1189 3618 1220 ’⁸

427 1306 530 1360 bus
551 1313 606 1359 et
633 1306 1008 1360 cooccasibus.
1052 1303 1281 1370 Quidam
1315 1304 1460 1357 enim
1491 1317 1678 1357 eorum
1710 1301 1991 1355 tractatio-

2129 1298 2188 1353 αὶ
2230 1291 2692 1364 συγκαταδύσεων.
2721 1290 2782 1342 Οἱ
2833 1287 2932 1358 μὲν
2970 1284 3079 1356 γὰρ
3131 1283 3338 1352 ἔφασαν
3385 1280 3479 1351 τὴν
3512 1297 3623 1370 πραξ-

428 1413 550 1453 nem
575 1395 1020 1450 accommodasse
1039 1402 1234 1463 putant
1253 1395 1479 1446 Aratum
1507 1393 1573 1447 ad
1599 1392 1739 1461 signi
1768 1391 1991 1446 orientis

2129 1389 2359 1462 ’ματειαν
2393 1381 2532 1439 εἶναι
2558 1382 2636 1453 τῷ
2680 1379 2912 1451 Ἀράτῳ,
2942 1376 3198 1446 ἄρχοντος
3225 1371 3526 1427 ἀνατέλλειν
3551 1369 3622 1422 τοῦ

429 1487 677 1550 initium;
713 1485 930 1555 quidam
961 1459 1245 1539 ad'ortum
1285 1483 1447 1537 medii
1481 1481 1618 1551 signi
1636 1459 1672 1547 ;‘
1687 1479 1777 1533 alii
1803 1478 1871 1532 ad
1903 1476 1994 1530 ab-

2129 1459 2393 1543 ωδιακοῦ,
2433 1477 2484 1529 οἱ
2537 1474 2595 1528 δὲ
2659 1470 2981 1542 μεσοῦντοςο
3027 1466 3077 1519 οἱ
3133 1465 3191 1517 δὲ
3235 1462 3344 1515 ἀπὸ
3402 1460 3495 1530 τῆς
3523 1459 3624 1555 ὅλης

433 1577 666 1632 solutum
700 1577 868 1631 telius
899 1583 1175 1630 exortum.
1205 1573 1318 1629 Hoc
1369 1589 1499 1629 vero
1550 1573 1852 1627 consistere
1885 1585 1991 1624 non

2129 1571 2380 1641 ινατολῆς.
2419 1567 2588 1620 Τοῦτο
2633 1564 2690 1617 δὲ
2742 1563 2838 1632 οὐχ
2885 1559 3137 1630 ἕστηκεν.
3173 1553 3306 1608 Ἀπὸ
3346 1552 3455 1624 γὰρ
3487 1549 3628 1622 ἀρχῆς

431 1673 626 1736 potest.
674 1664 809 1719 Nam
856 1681 885 1718 a
921 1666 1193 1736 principio
1226 1665 1293 1719 ad
1335 1663 1494 1718 ﬁnem
1547 1661 1755 1716 zodiaci
1801 1659 1994 1714 circuli

2129 1682 2203 1728 ως
2233 1662 2486 1732 τελευτῆς
2517 1657 2611 1712 τοῦ
2638 1653 2900 1722 ζωδιακοῦ
2931 1650 3132 1705 κύκλου
3187 1647 3410 1719 ἔρχεται
3441 1644 3524 1697 ἐπὶ
3552 1641 3630 1702 τὰς

433 1768 590 1813 ortus
637 1757 919 1827 signorum
957 1771 1302 1826 occasusque
1333 1761 1608 1825 peragrat,
1647 1752 1997 1823 quemadmo-

2129 1752 2360 1815 ινατολάς
2387 1767 2446 1803 τε
2479 1748 2574 1802 καὶ
2595 1741 3038 1815 συγκαταδύσεις,
3058 1739 3116 1791 ὃν
3133 1736 3332 1808 τρόπον
3349 1734 3491 1787 ἔστιν
3507 1730 3594 1784 ὑπὸ
3615 1729 3628 1758 ‘

435 1849 563 1904 dum
593 1849 649 1903 in
675 1823 883 1918 sphaera
909 1848 1039 1904 licet
1061 1823 1281 1903 intueri.
1308 1823 1447 1901 sunt
1470 1846 1634 1916 igitur
1661 1859 1780 1914 qua:
1811 1858 1999 1899 secan-

2129 1849 2199 1919 ἧς
2238 1844 2471 1914 σφαίρας
2517 1836 2833 1894 θεάσασθαι.
2871 1833 3056 1888 Ἔστιν
3104 1825 3196 1883 οὖν
3239 1827 3310 1880 τά
3357 1823 3633 1895 τεμνόμενα

436 1949 526 1994 tur
557 1940 823 2010 imagines
861 1941 951 1995 57.

507 2033 757 2087 Arcticus
811 2034 993 2102 itaque
1049 2031 1290 2086 circulus
1339 2035 1490 2084 secat
1519 2026 1787 2097 imagines
1815 2025 1952 2080 duas
1984 2043 1997 2078 :

438 2125 622 2181 Bootae
672 2125 907 2180 medium
940 2124 1110 2178 cubiti
1152 2123 1373 2183 licitum,
1424 2129 1478 2176 et
1529 2118 1728 2189 Cephei
1777 2127 1999 2188 pectus;

439 2218 584 2272 hunc
606 2233 734 2273 vero
773 2217 1038 2271 circulum
1064 2215 1250 2270 omisit
1274 2214 1498 2268 Aratus.

510 2307 756 2364 Alstivus
783 2307 1027 2378 tropicus
1059 2317 1210 2363 secat
1252 2307 1515 2376 imagines
1539 2303 1727 2359 decem
1754 2321 1767 2356 :
1796 2299 2001 2355 Henio-

439 2398 528 2452 chi
581 2414 778 2471 genua,
811 2396 1079 2469 Ophiuchi
1133 2397 1413 2461 humeros,
1467 2393 1748 2464 Serpentis
1777 2393 2001 2456 collum,

439 2496 604 2558 caput
621 2489 754 2543 Avis
801 2497 857 2545 et
887 2491 1178 2555 cervicem,
1221 2489 1451 2560 ungulas
1478 2486 1637 2556 Equi,
1666 2483 1849 2540 Persei
1875 2485 2008 2540 sini-

440 2587 614 2636 strum
663 2581 947 2636 humerum
995 2597 1119 2637 cum
1173 2582 1397 2638 sinistra
1426 2581 1581 2646 tibia,
1611 2579 1865 2634 dextram
1891 2576 2006 2640 An-

439 2672 713 2728 dromedae
748 2690 968 2729 manum
995 2714 1011 2738 ,
1072 2675 1256 2744 capita
1303 2673 1681 2736 Geminorum,
1733 2670 2005 2724 Cancrum

441 2767 698 2832 medium,
727 2767 961 2823 Leonem
989 2782 1084 2837 per
1107 2767 1345 2821 medium
1377 2805 1391 2819 .
1420 2806 1436 2822 .
1467 2805 1483 2830 ,
1509 2765 1768 2819 humeros
1795 2758 2007 2831 Ophiu-

441 2855 550 2921 chi,
572 2858 767 2912 collum
796 2856 1094 2927 Serpentis.

510 2948 932 3019 Aiquinoctialis
959 2949 1202 3005 circulus
1217 2948 1414 3004 transit
1431 2963 1528 3019 per
1555 2945 1821 3016 imagines
1846 2942 2008 3013 quin-

441 3038 655 3095 decim:
689 3039 825 3110 Equi
858 3048 1018 3110 caput
1046 3049 1099 3096 et
1149 3040 1435 3105 cervicem,
1479 3037 1748 3107 Ophiuciii
1801 3049 2004 3105 genua,

2101 1939 2216 2004 ζῶα
2247 1937 2350 2002 λζ’.

2181 2031 2239 2085 Ὀ
2288 2029 2384 2101 μὲν
2427 2019 2521 2081 οὗν
2564 2021 2822 2096 ἀρκτικὸς
2864 2017 3060 2081 κύκλος
3099 2015 3288 2086 τέμνει
3331 2009 3494 2076 ζώδια
3529 2007 3632 2101 δύο-ο

2100 2099 2311 2177 Βοώτου
2342 2119 2503 2192 μέσον
2543 2114 2766 2185 ἀγκῶνα
2785 2154 2800 2178 ,
2825 2113 2920 2164 καὶ
2947 2107 3182 2180 Κηφέως
3225 2104 3430 2177 στήθη·
3461 2103 3553 2156 οὐκ
3571 2099 3636 2152 εἴ·

2103 2228 2237 2286 ρηκε
2267 2211 2323 2264 δὲ
2351 2207 2480 2280 περὶ
2506 2205 2694 2261 τούτου
2728 2205 2980 2274 Ἀρατος.

2184 2301 2241 2354 'O
2265 2299 2322 2352 δὲ
2355 2297 2564 2370 θερινὸς
2595 2293 2855 2368 τροπικὸς
2885 2291 3071 2361 τέμνει
3116 2287 3283 2353 ζὼδια
3313 2292 3345 2340 ι’
3365 2301 3381 2316 ·
3423 2282 3640 2352 Ἥνιύχου

2101 2391 2326 2462 γόνατα,
2368 2387 2652 2459 Ὀφιούχου
2681 2385 2885 2456 ὤμους,
2916 2384 3132 2450 Ὄφεως
3159 2378 3450 2449 τράχηλον,
3482 2377 3641 2446 Ὄρνι-

2103 2487 2194 2551 θος
2226 2482 2468 2554 κεφαλὴν
2499 2481 2594 2535 καὶ
2619 2479 2681 2532 τὸ
2710 2475 3050 2546 ύπαυχένιον,
3077 2473 3273 2526 Ἵππου
3308 2470 3498 2532 ὁπλὰς,
3525 2469 3644 2538 Περ-

2105 2579 2241 2641 σέως
2263 2569 2410 2647 ὦμον
2435 2571 2717 2646 ἀριστερὸν
2748 2569 2842 2623 καὶ
2867 2567 3080 2638 κνήμην
3104 2563 3421 2636 ἀριστεράν,
3456 2560 3644 2629 Ἀνδρο-

2107 2668 2271 2741 μέδας
2315 2669 2473 2738 χεῖρα
2517 2661 2733 2727 δεξιὰν,
2775 2657 3020 2728 Διδύμων
3071 2653 3352 2724 κεφαλὰς,
3397 2651 3646 2722 Καρκίνον

2107 2759 2303 2832 μέσον,
2348 2757 2553 2812 Λέοντα
2610 2750 2760 2825 παρὰ
2791 2750 2955 2821 μέσον
2985 2750 3006 2780 ²
3040 2745 3337 2819 παρεόντε,
3387 2743 3644 2813 Ὀφιούχου

2104 2851 2310 2924 ὤμους,
2345 2846 2614 2921 τράχηλον
2639 2846 2873 2912 Ὄφεως.

2185 2943 2244 2996 '0
2281 2941 2339 2995 δὲ
2371 2935 2682 3010 ἰσημερινδς
2718 2931 2916 2996 κύκλος
2942 2930 3128 3000 τέμνει
3166 2927 3334 2993 ζώδια
3358 2933 3446 2980 te"
3475 2926 3647 2979 Ἵππου

2104 3032 2346 3103 κεφαλὴν
2387 3029 2483 3084 καὶ
2523 3024 2825 3101 τράχηλον,
2882 3021 3167 3092 Ὀφιούχου
3205 3019 3442 3090 γόνατα,
3473 3017 3651 3088 Ὕδρου

442 3130 612 3203 llydri
633 3109 854 3194 collum,
875 3109 1174 3196 craterem,
1200 3130 1458 3195 Corvum,
1480 3127 1736 3185 Orionem
1765 3124 2004 3181 medium

2129 3123 2391 3195 τράχηλον,
2426 3117 2694 3191 Κρατῆρα
2715 3154 2732 3179 ,
2761 3113 3023 3184 Κόρακα,
3078 3111 3308 3181 Ὠρίωνα
3353 3109 3512 3180 μέσον
3546 3109 3650 3178 ἀριο

2241 3214 2253 3223 -
2346 3213 2381 3223 η
2424 3210 2482 3223 λ.
2618 3208 2631 3223 .
2690 3205 2701 3223 ι
2741 3222 2744 3223 ,
2798 3200 3154 3223 Ir-,\____1_-__
3203 3199 3416 3223 φ,,ξ,,,,
3451 3197 3630 3223 ,,ι,,,,,,

443 3223 744 3282 sinistrum.
775 3223 950 3280 Piscis
976 3225 1228 3288 caudam,
1271 3222 1508 3278 medium
1539 3220 1799 3282 Arietem.
1835 3216 2002 3273 Tauri

445 3329 642 3384 genua,
696 3313 933 3384 Virginis
981 3315 1194 3385 pedem,
1249 3313 1445 3369 Chelas
1508 3312 1740 3377 medias,
1790 3309 2002 3379 Scorpii

445 3413 671 3476 partem.
709 3404 957 3462 Omissus
984 3414 1068 3462 est
1089 3405 1355 3476 Procyon.

521 3493 787 3566 Trepicus
823 3497 1083 3550 hibernus
1131 3494 1316 3550 decem
1351 3494 1504 3563 signa
1541 3491 1734 3546 dividit
1771 3489 2004 3545 :Erida-

447 3602 578 3640 num
601 3586 846 3648 ﬂuvium,
878 3587 1056 3656 Argus
1087 3585 1243 3639 navis
1271 3599 1524 3654 puppem.
1553 3581 1811 3637 Centauri
1839 3581 2009 3634 inter-

448 3681 757 3750 scapilium,
791 3679 956 3733 Canis
1004 3677 1228 3745 majoris
1276 3674 1613 3745 posteriores
1654 3673 1840 3742 pedes,
1889 3669 2007 3726 Ceti

447 3773 696 3834 caudam,
725 3769 949 3838 Leporis
972 3769 1231 3830 medium,
1271 3766 1484 3834 Scorpii
1519 3765 1788 3829 aculeum,
1832 3762 2009 3833 Sagit-

449 3861 576 3915 tarii
598 3875 808 3922 arcum,
835 3857 1226 3928 Capricornum
1258 3856 1519 3920 medium,
1555 3853 1720 3924 pedes
1748 3851 2005 3925 Aquarii:

451 3952 527 4004 ita
550 3958 784 4020 quatuor
817 3957 946 4004 sunt
977 3957 1226 4003 secantes
1261 3947 1452 4002 circuli
1479 3964 1494 4013 ;
1530 3946 1685 4017 signa
1710 3959 1860 4012 vero,
1890 3959 2010 4016 quae

452 4042 521 4096 ah
556 4041 666 4097 illis
693 4048 964 4104 secantur,
991 4040 1100 4094 duo
1136 4046 1188 4095 et
1209 4039 1452 4110 triginta.

455 4173 711 4240 Quanam
752 4173 980 4227 caelestes
1020 4174 1271 4243 imagines
1300 4189 1408 4226 una
1446 4188 1590 4243 cum_
1614 4169 1887 4224 duodecim
1922 4187 2012 4224 zo-

695 4243 835 4297 diaci
862 4243 1024 4313 signis
1048 4241 1192 4297 ortus
1214 4259 1529 4312 occasusque
1563 4241 1787 4310 faciant.

523 4355 585 4411 II.
626 4357 764 4413 Cum
792 4356 1074 4412 duodecim
1108 4355 1315 4411 zodiaci
1361 4355 1531 4424 signis
1569 4354 1821 4410 caelestes
1867 4359 2015 4408 aste-

454 4449 606 4504 rismi
635 4449 690 4502 in
720 4449 867 4503 hunc
887 4447 1104 4503 modum
1134 4447 1383 4502 oriuntur
1405 4454 1460 4502 et
1480 4446 1757 4502 occidunt.

2110 3214 2319 3286 στερδν,
2346 3210 2547 3282 ’ἰχθύος
2579 3205 2769 3277 οὐρὰν,
2798 3203 2965 3274 Κριὸν
2995 3200 3174 3272 μέσον,
3203 3199 3418 3271 Ταύρου
3451 3197 3650 3266 γόνατα,

2109 3301 2386 3374 Παρθένου
2438 3298 2609 3359 πόδα,
2663 3292 2848 3365 Χηλὰς
2899 3290 3108 3362 μέσας,
3160 3287 3432 3358 Σκορπίου
3488 3286 3649 3357 μέρος.

2110 3396 2372 3464 Παρεῖται
2402 3387 2685 3461 Προκύων.

2193 3486 2251 3538 ὐ
2284 3483 2340 3536 δὲ
2378 3477 2684 3553 χειμερινὸς
2721 3473 2918 3537 κύκλος
2949 3472 3135 3542 τέμνει
3163 3467 3328 3534 ζὼδια
3358 3466 3422 3521 ι”
3458 3466 3653 3538 Ἠριδα-

2111 3576 2201 3630 νὸν
2239 3571 2502 3644 ποταμὸν,
2559 3567 2785 3639 Ἀργοῦς
2842 3564 2970 3636 νηὸς
3013 3561 3267 3633 πρύμναν
3293 3602 3309 3626 ,
3365 3555 3654 3626 Κενταύρου

2117 3665 2472 3739 μετάφρενον,
2489 3662 2666 3723 Κυνὸς
2691 3655 2922 3730 μεγάλου
2946 3654 3225 3716 όπισθίους
3256 3653 3444 3716 πόδας,
3460 3652 3654 3720 Κὴτους

2115 3757 2312 3830 ούράν,
2338 3751 2564 3823 Δαγωοῦ
2599 3751 2789 3823 μέσον,
2839 3745 3108 3819 Σκορπίου
3141 3745 3364 3816 κέντρον
3383 3784 3398 3808 ,
3447 3739 3653 3830 Τοξότου

2113 3826 2286 3915 τόξον,
2311 3845 2592 3916 Αἰγόκερω
2620 3842 2802 3913 μέσον,
2841 3837 3126 3910 ’Υδροχόου
3150 3836 3317 3899 πόδας
3336 3853 3351 3866 ο
3373 3834 3507 3887 ὥστε
3537 3826 3655 3883 εἶναι

2116 3939 2310 4001 αὐτοὺς
2345 3935 2637 4006 τέμνοντας
2691 3931 2922 3993 κύκλους
2950 3928 3012 3989 δ’,
3060 3928 3126 3980 τά
3157 3926 3213 3979 δὲ
3258 3926 3553 3996 τεμνόμενα
3578 3920 3653 3973 ὑπ’

2117 4029 2295 4084 αὐτῶν
2325 4026 2490 4093 ζώδια
2519 4025 2813 4097 τριάκοντα
2844 4021 2936 4074 καὶ
2964 4019 3122 4073 ἑπτά.

2119 4165 2264 4220 Ποῖα
2294 4163 2414 4216 τῶν
2451 4159 2667 4222 ζωδίωγ
2691 4153 3214 4211 συναγατέλλουσι
3249 4150 3348 4222 καὶ
3370 4159 3656 4222 ’συγκατο-

2268 4219 2521 4287 δύνουσι
2546 4229 2668 4294 τοῖς
2694 4228 2764 4281 ἐν
2789 4225 2867 4292 τῷ
2899 4222 3152 4288 ζωδιακῴ
3177 4222 3255 4286 ιβ’
3286 4219 3522 4284 ζωδίοις.

2190 4349 2265 4401 B'.
2299 4342 2754 4399 Συνανατέλλουσι
2775 4339 2831 4392 δὲ
2872 4337 2967 4392 καὶ
2991 4332 3451 4404 συγκαταδύνουσι
3483 4331 3587 4390 τοῖς
3608 4326 3657 4376 ὲν

2119 4431 2197 4503 τῷ
2229 4429 2478 4500 ζωδιακῷ
2507 4430 2575 4500 ιβ’
2603 4427 2812 4492 ζωδίοις
2844 4424 2914 4478 τά
2947 4423 3246 4494 φαινόμενα
3277 4421 3466 4484 οὕτως.

525 4538 745 4594 Oriente
772 4538 1007 4602 Cancro,
1035 4537 1213 4594 .Orion
1245 4545 1394 4593 totus
1443 4537 1711 4592 exoritur.
1759 4534 2009 4591 Orionem

2190 4521 2466 4592 Καρκίνου
2512 4519 2892 4580 ἀνατέλλοντος
2911 4555 2927 4580 ,
2974 4513 3252 4568 ἀνατέλλει
3290 4512 3409 4575 ὅλος
3465 4505 3654 4602 Ὠρίων.

457 4627 687 4698 appello,
738 4643 895 4696 quem
934 4627 1128 4698 vulgus
1157 4627 1559 4699 Ἀλετροπόδιον
1603 4627 1889 4681 nominat:
1924 4625 2015 4695 qui

455 4716 688 4784 primum
706 4717 878 4770 oritur
894 4731 1078 4771 mense
1090 4715 1254 4771 Julio.
1285 4715 1452 4770 Canis
1470 4729 1598 4770 vero
1613 4716 1829 4770 circiter
1843 4715 2017 4784 Augu—

459 4806 529 4860 sti
552 4807 800 4876 septimo.
831 4805 953 4861 Haec
969 4818 1052 4862 est
1072 4807 1353 4877 splendida
1379 4808 1557 4873 stella,
1578 4823 1698 4877 quaa
1724 4808 1777 4861 in
1799 4807 2016 4861 maxilla

459 4897 622 4953 Canis
642 4897 905 4963 cernitur,
929 4913 993 4954 ac
1017 4898 1154 4954 ﬁxas
1175 4913 1365 4952 omnes
1388 4899 1758 4968 magnitudine
1776 4906 2012 4968 superat:

461 4988 587 5064 item
633 4986 830 5044 ﬂuvius
860 4987 1152 5044 Eridanus.
1211 4987 1426 5042 Occidit
1460 4994 1640 5042 autem
1672 4989 1907 5051 Corona,
1967 4999 2021 5043 et

462 5075 636 5132 Piscis
675 5077 838 5133 dorso
880 5087 1057 5143 tenus,
1099 5077 1414 5148 Ophiuchus
1442 5078 1507 5132 ad
1536 5079 1796 5136 humeros
1821 5095 2014 5149 usque,

433 5188 435 5190 ·
462 5166 742 5236 Serpentis
771 5170 992 5237 collum,
1018 5167 1389 5240 Arctophylax
1415 5177 1563 5227 totus
1592 5171 1727 5226 fere.

532 5339 709 5398 Leone
739 5343 972 5410 oriente,
1029 5351 1188 5401 totus.
1224 5346 1448 5417 emergit
1489 5344 1758 5416 Procyon.
1815 5344 2018 5415 Lepus,

464 5433 630 5505 Hydri
659 5442 842 5504 caput,
876 5434 1039 5493 Canis
1072 5439 1375 5494 anteriores
1405 5441 1594 5509 pedes.
1626 5437 1898 5492 Occidunt
1927 5453 2018 5492 re-

462 5522 622 5592 liquae
651 5529 833 5593 partes
861 5539 1044 5579 eorum
1071 5542 1191 5597 quze
1219 5542 1342 5582 cum
1372 5525 1584 5582 Cancro
1610 5533 1894 5595 coeperunt
1925 5541 2016 5580 oc-

572 5702 617 5736 ”
655 5701 694 5767 f.
726 5703 1111 5758 συνανατολῶν.
1187 5705 1203 5737 ¹
1236 5704 1278 5774 f.
1308 5703 1418 5758 ἐπε.
1496 5705 1516 5736 ²
1541 5700 1824 5757 Mendosus
1855 5703 2018 5756 locus.

2133 4613 2324 4686 Ὠρίων
2357 4611 2474 4664 ἐστὶ
2513 4610 2575 4663 τὸ
2604 4609 2892 4680 λεγόμενον
2924 4608 3050 4678 παρ’
3091 4602 3326 4667 ἰδιώταις
3368 4594 3659 4670 ’Δλετροπύ-

2120 4706 2250 4758 διον.
2277 4702 2513 4775 Πρώτως
2532 4702 2589 4755 δὲ
2621 4700 2898 4755 ἀνατέλλει
2918 4698 3056 4752 κατά
3080 4697 3178 4768 τὴν
3197 4696 3279 4766 κβ⁹
3305 4694 3396 4749 τοῦ
3429 4689 3656 4746 Ἰουλίου⁶

2121 4799 2150 4850 ό
2177 4797 2234 4850 δὲ
2267 4795 2430 4848 Κύων
2473 4792 2615 4848 κατά
2663 4793 2761 4864 τὴν
2789 4791 2832 4856 ζ’
2860 4791 2954 4844 τοῦ
2999 4789 3329 4857 Αὐγούστου.
3365 4789 3514 4840 Ἐστι
3549 4781 3599 4834 δὲ
3636 4777 3660 4826 6

2123 4885 2373 4960 λαμπρὸς
2403 4884 2498 4938 τοῦ
2525 4883 2714 4955 θηνυὸς
2744 4884 2764 4914 ³
2808 4882 3004 4953 μείζων
3029 4879 3137 4932 τῶν
3169 4879 3421 4933 ἀπλανῶν
3463 4874 3660 4927 πάντων

2125 4980 2402 5052 ἀστέρων·
2446 4977 2540 5031 καὶ
2570 4976 2812 5047 ποταμὸς
2851 4973 3148 5046 Ἠριδανός.
3193 4972 3350 5025 Δύνει
3387 4970 3440 5022 δὲ
3464 4964 3659 5028 Στέφα-

2125 5091 2235 5138 νος,
2293 5071 2496 5142 Ἰχθύος
2533 5068 2595 5123 τὸ
2649 5069 2819 5140 ἥμισυ
2861 5067 2965 5130 ἕως
3017 5066 3108 5119 ἐπὶ
3156 5065 3349 5137 ῥάχιν,
3403 5054 3660 5128 Ὀιριοῦχος

2122 5165 2226 5228 ἓως
2251 5163 2435 5234 ὤμων,
2462 5165 2674 5231 Ὄφεως
2703 5158 2989 5231 τράχηλος,
3025 5155 3389 5230 Ἀρκτοφύλαξ
3410 5149 3536 5220 παρ’
3564 5143 3658 5196 ὁλε-

2123 5271 2236 5323 γον.

2197 5345 2421 5407 Λέοντος
2469 5341 2866 5406 ἀνατέλλοντος,
2902 5339 3179 5394 ἀνατέλλει
3231 5333 3480 5408 Προκύων
3517 5324 3656 5384 ὅλοςῗ

2123 5433 2371 5502 Λαγωὸς,
2401 5433 2603 5503 ’Υδρου
2648 5432 2881 5502 κεφαλὴ,
2917 5429 3092 5492 Κυνὸς
3134 5424 3445 5500 ἐμπροσθιοι

2123 5525 2277 5578 Δύνει
2300 5525 2356 5578 δὲ
2386 5524 2455 5578 τά
2487 5524 2649 5578 λοιπά
2679 5524 2787 5578 τῶν
2811 5523 2908 5577 σὺν
2935 5520 3193 5594 Καρκίνῳ
3225 5501 3661 5589 προκαταδεδυκύ·

2097 5702 2118 5734 ³
2156 5701 2201 5770 f.
2233 5701 2330 5773 τῆς
2354 5701 2562 5770 γένυος.
