3800 6312
157 253 189 312 ’1
203 256 292 312 ιιι

1216 254 1492 312 INCERTI
1531 252 1621 308 AD
1659 248 1867 306 ARATI
1906 248 2374 306 PHENOMENA.

3250 248 3388 304 ωε

152 388 298 436 ,τωνο
334 371 551 424 Βοὼτου
595 371 656 423 τὸ
706 369 909 435 λοιπὸν,
943 369 1232 442 Στέφανος,
1275 372 1586 442 Ὀφιοῦχος,
1632 370 1723 424 καὶ

1860 384 2009 424 asum
2032 367 2230 429 facere,
2254 366 2488 432 Corona,
2513 363 2852 434 Ophiuchus,
2874 361 3100 436 ejusque
3127 365 3385 435 Serpens,

171 464 326 532 Ὄφις
355 461 543 525 αὑτοῦ,
578 461 798 532 ’ἰχθύες,
834 462 1034 532 Κῆτος,
1077 463 1163 515 Ἑν
1201 463 1419 531 γόνασιν
1446 463 1563 526 ὅλος
1592 462 1728 532 πλὴν

167 552 378 620 κνήμης
411 551 722 621 ἀριστερᾶς.

234 641 516 712 Παρθένου
547 641 960 711 ἀνατελλούσης,
979 641 1256 696 ἀνατέλλει
1281 643 1477 714 ’Υδρος
1509 643 1612 706 ἕως
1635 645 1728 696 τοῦ

167 734 486 804 Κρατῆρος,
522 733 696 797 Κυνὸς
729 733 962 803 μεγάλου
994 733 1228 787 ὀπίσθιοι
1274 734 1466 800 πόδες,
1503 734 1731 805 Ἀργοῦς

165 825 408 895 τρόπεως
446 823 688 896 πρύμνα.
735 824 891 878 Δύνει
919 825 974 878 δὲ
1020 825 1204 896 Λύρα,
1235 824 1450 893 Δελφὶς,
1495 825 1728 891 Ὀῖστὸς,

170 919 354 986 Ὄρνις
383 915 489 979 ἓως
517 917 704 987 οὐρᾶς,
742 916 988 987 ποταμοῦ
1029 917 1310 987 Ἠριδανοῦ
1339 917 1528 988 πρῶτα
1565 917 1727 990 μέρη,

169 1008 362 1060 Ἵππου
391 1008 624 1078 κεφαλὴ,
663 1008 756 1062 καὶ
789 1009 983 1080 αὐχήν.

234 1097 431 1168 Χηλῶν
491 1097 934 1163 ἀνατελλουσῶν,
983 1098 1261 1153 ἀνατέλλει
1311 1099 1527 1168 Βοώτης
1575 1099 1730 1164 ὅλος,

180 1188 356 1259 Ἀργὼ
397 1189 531 1252 ναῦς
579 1190 963 1261 ὅλη,⁹’Υδρος,
1012 1190 1272 1262 Κρατὴρ,
1319 1190 1538 1264 Κόραξ,
1586 1192 1733 1256 δεξιά

169 1282 346 1352 κνήμη
381 1281 475 1334 τοῦ
505 1282 591 1334 Ἐν
611 1281 827 1349 γόνασιν
855 1281 959 1345 ἕως
987 1283 1413 1354 γόνατος,ἦμισυ
1441 1285 1731 1354 Στεφάνου,

167 1372 330 1442 ἀκρον
362 1373 462 1449 τῆς
495 1373 660 1443 οὐρᾶς
691 1372 799 1434 τοῦ,
823 1374 1155 1446 Κενταύρου.
1189 1377 1448 1447 Παρεῖται
1483 1376 1732 1449 Κρατὴρ,

168 1463 543 1534 Κόραξ.Δύνει
577 1465 633 1517 δὲ
661 1465 855 1518 Ἵππου
878 1466 939 1518 τὸ
973 1466 1179 1531 λοιπὸν,
1211 1467 1458 1539 Ὄρνιθος
1493 1469 1731 1539 μεγάλου

167 1553 321 1624 οὐρὰ,
373 1555 728 1626 Ἀνδρομέδας
769 1550 998 1627 κεφαλὴ,
1033 1558 1128 1610 καὶ
1168 1559 1350 1628 Κῆτος
1379 1559 1484 1622 ἓως
1523 1559 1734 1630 λοφιᾶς,

167 1645 403 1715 Κηφέως
431 1645 662 1718 κεφαλὴ,
691 1648 786 1701 καὶ
815 1643 976 1719 ὦμοι,
1009 1649 1105 1702 καὶ
1136 1653 1338 1722 χεῖρες.

1826 459 2036 524 Pisces,
2071 455 2258 523 Cetus,
2293 456 2642 527 lngeniculus
2689 465 3117 529 totus,,excepta
3163 457 3388 514 sinistra

1827 551 1984 610 tibia.

1899 641 2125 698 Oriente
2159 641 2380 712 Virgine
2412 639 2628 712 Hydrus
2659 641 2836 703 oritur
2883 656 3057 711 usque
3087 639 3153 694 ad
3204 639 3395 694 Crate-

1829 748 1968 799 rem,
2007 732 2234 803 majoris
2263 732 2428 787 Canis
2457 733 2790 802 posteriores
2828 733 3014 802 pedes,
3069 733 3247 804 Argus
3299 749 3392 786 ca-

1830 826 1964 880 rina:
1991 825 2207 897 puppis.
2232 823 2441 880 Occidit
2459 824 2721 890 Fidicula,
2757 824 3005 896 Delphin,
3038 824 3265 896 Sagitta,
3291 825 3396 897 Cy-

1830 935 1970 990 gnus
1993 919 2165 974 cauda
2195 929 2375 982 tenus,
2419 917 2638 973 Eridani
2682 918 2828 972 lluvii
2863 918 3163 974 anteriores
3193 929 3393 989 partes,

1833 1009 1969 1080 Equi
1993 1016 2157 1079 caput
2186 1017 2239 1064 et
2259 1009 2465 1086 cervix.

1901 1099 2451 1164 OricntibusCho1is
2509 1099 2704 1156 Bootes
2740 1108 2888 1155 totus
2933 1100 3196 1161 exoritur,
3251 1099 3396 1169 Argo

1833 1195 1988 1250 navis
2023 1194 2255 1270 integra,
2305 1192 2546 1267 Hydrus,
2576 1193 2787 1256 Crater,
2823 1191 3051 1256 Corvus,
3103 1190 3396 1260 lugeniculi

1832 1287 1966 1340 tibia
1990 1285 2176 1339 dextra
2211 1301 2383 1355 usque
2414 1285 2480 1339 ad
2510 1301 2672 1356 genu,
2712 1284 2935 1338 dimidia
2957 1281 3191 1345 Corona,
3221 1288 3398 1334 extre-

1832 1377 1997 1434 mitas
2030 1375 2216 1430 cauda:
2245 1375 2530 1430 Centauri.
2563 1375 2813 1430 Omissus
2856 1382 2939 1429 est
2971 1372 3162 1427 Crater
3189 1379 3242 1426 et
3264 1370 3399 1424 Cor-

1834 1482 1955 1521 vus.
1986 1466 2275 1529 Occidunt,
2305 1463 2442 1536 Equi
2471 1466 2762 1534 reliquum,
2790 1464 2922 1520 Avis
2949 1464 3172 1534 majoris
3202 1463 3397 1527 cauda,

1835 1555 2193 1612 Andromeda:
2223 1563 2407 1626 caput,
2447 1553 2613 1609 Cetus
2639 1555 2851 1616 cervice
2880 1551 3285 1624 tcnus,_Cephei
3309 1567 3402 1604 ca-

1835 1655 1954 1718 put,
1989 1647 2198 1702 humeri
2251 1663 2316 1702 ac
2350 1663 2566 1704 manus.

238 1737 512 1806 Σκορπίου
560 1718 969 1805 ἀνατέλλοντος,
1022 1718 1296 1794 ἀνατέλλει
1343 1742 1610 1810 Στεφάνου
1675 1741 1738 1794 τὸ

1911 1739 2044 1795 Cum
2073 1738 2299 1810 Scorpio
2329 1739 2557 1794 dimidia
2589 1753 2716 1810 pars
2741 1738 2908 1794 altera
2938 1737 3166 1791 Corona:
3200 1733 3398 1796 oritur,

169 1829 348 1883 λοιπὸν
391 1830 586 1900 ἥμισυ,
636 1831 834 1902 ’Υδρου
869 1831 1035 1902 ούρά,
1078 1833 1390 1906 Κενταύρου
1442 1833 1599 1904 σῶμα
1644 1833 1748 1887 καὶ.Δ

171 1919 418 1990 κεφαλὴ,
455 1920 550 1972 καὶ
583 1918 643 1972 τὸ
690 1919 906 1991 Θηρξον,
937 1919 966 1972 ὃ
1012 1920 1124 1990 ἔχει
1163 1923 1220 1973 ἐν
1257 1925 1324 1993 τῇ
1364 1921 1512 1994 δεξιᾷ
1562 1923 1736 1994 χειρὶξ,

183 2011 462 2081 Ὀφιούχου
503 2009 710 2081 κεφαλή
752 2028 811 2063 τε
848 2013 942 2065 καλ⁹
970 2013 1126 2084 χεὶρ,
1166 2013 1259 2066 καὶ
1292 2011 1480 2084 πρώτη
1519 2012 1736 2084 καμπὴ,

171 2103 204 2154 ὀ
246 2103 333 2155 Ἐν
373 2105 594 2178 γόνασιν
642 2104 792 2168 ὅλος,
848 2104 986 2175 πλὴν
1033 2106 1272 2176 κεφαλῆς
1304 2105 1396 2158 καὶ
1447 2106 1740 2178 ἀριστερᾶς

173 2195 369 2267 χειρός.
399 2195 557 2248 Δύνει
598 2195 654 2248 δὲ
681 2195 800 2258 ὅλος
837 2196 1108 2268 Ποταμὸς,
1147 2197 1338 2268 Ὠρίων
1377 2197 1506 2268 παρ’
1539 2197 1739 2266 ὀλίγον,

173 2291 383 2360 Κήτους
415 2287 598 2357 λοφιά,
649 2287 974 2360 Ἀνδρομέδα
995 2329 1009 2354 ,
1042 2289 1344 2352 Δελτωτὺν,
1380 2291 1738 2356 Κασσιέπεια,

174 2381 395 2451 Κηφεὺς
448 2381 558 2434 ἀπὸ
593 2379 834 2450 κεφαλῆς
873 2381 978 2446 ἕως
1023 2381 1243 2450 ὀσφύος.
1303 2382 1564 2455 Παρείται
1610 2381 1739 2434 Δελ-

175 2473 361 2528 τωτόν.

241 2564 470 2631 Τοξότου
501 2565 895 2632 ἀνατέλλοντος,
931 2568 1209 2624 ἀνατέλλει
1242 2569 1525 2641 Ὀφιούχου
1559 2568 1740 2638 σῶμα,
1816 2555 1825 2565 ’

181 2656 389 2723 Ὄφεως
420 2656 481 2709 τὸ
512 2657 721 2722 λοιπὸν,
763 2657 858 2711 τοῦ
897 2659 986 2712 Ἐν
1010 2660 1198 2728 γόνασι
1239 2659 1448 2730 κεφαλὴ
1485 2659 1580 2714 καὶ
1625 2659 1746 2730 ἀρι-

178 2748 339 2819 στερά
375 2749 536 2821 χεὶρ,
589 2749 765 2823 Λύρα,
818 2751 1062 2821 Κηφεύς.
1102 2752 1259 2806 Δύνει
1291 2753 1348 2805 δὲ
1381 2752 1546 2807 Κύων
1587 2751 1741 2818 ὅλος,

188 2838 404 2908 Ὠρίων,
455 2839 712 2907 Λαγωὸς,
747 2840 989 2911 Ἡνίοχος
1021 2841 1159 2912 πλὴν
1195 2843 1411 2913 κνήμης
1451 2843 1746 2914 ἀριστερᾶς

173 2929 264 2980 καὶ
288 2929 388 2998 τῆς
430 2930 634 3000 χειρὸς,
660 2933 743 2998 ἐφ’
781 2925 849 3003 ἧς
880 2933 1016 2985 εἰσιν
1059 2932 1177 2997 Αἲξ,
1219 2933 1464 3003 Ἕριφοι,
1502 2933 1744 3003 Περσεὺς

177 3020 309 3091 πλὴν
328 3021 422 3074 τοῦ
437 3021 612 3087 δεξιοῦ
642 3022 816 3087 ποδὸς,
857 3024 1080 3096 Ἀργοῦς
1104 3023 1349 3095 πρύμνα,
1380 3024 1663 3096 Προκύων.

242 3113 528 3184 Δίγόκερω
581 3115 958 3180 ἀνατέλλοντος
977 3156 992 3181 ,
1044 3115 1322 3170 ἀνατέλλει
1370 3117 1551 3180 Ἀετὸς
1585 3117 1704 3180 ὅλος
1725 3157 1740 3183 ,

190 3201 416 3266 Ὀῖστός,
439 3203 725 3275 Θυτήριον,
758 3204 974 3274 Δελφίς,
1008 3205 1214 3275 Ὄρνις.
1237 3203 1391 3258 Δύνει
1415 3205 1472 3258 δὲ
1500 3206 1744 3276 Ἦνιόχου

179 3292 243 3345 τὰ
273 3293 464 3358 λοιπὰ,
518 3293 727 3364 κεφαλὴ
782 3294 877 3347 καὶ
929 3293 1050 3365 χεὶρ
1091 3294 1351 3366 ἀριστερὰ
1376 3336 1390 3359 ,
1433 3288 1578 3367 ἐφ’ᾖ
1622 3287 1759 3360 Αἲξ,’

184 3384 429 3454 Ἔριφοι,
469 3382 648 3454 Ἀργὼ
684 3384 777 3455 ὅλη
799 3423 814 3448 ,
851 3384 1050 3456 ’Υδρος
1093 3384 1198 3449 ἕως
1233 3387 1562 3458 Κρατῆρος,
1605 3387 1746 3439 Κεν-

181 3475 377 3545 ταύρου
414 3473 654 3527 ὀπίσθιοι
691 3474 869 3538 πόδες.

262 3566 551 3638 ’Υδροχόου
583 3566 982 3632 ἀνατέλλοντος,
1009 3567 1285 3621 ἀνατέλλει
1307 3569 1502 3622 Ἵππου
1537 3567 1746 3639 κεφαλὴ

187 3657 276 3710 καὶ
331 3657 494 3720 πόδες
558 3657 908 3729 ἐμπρόσθιοιο
958 3659 1052 3741 καὶ
1083 3659 1422 3712 Κασσιέπεια
1467 3661 1742 3731 παρεῖται.

187 3747 337 3800 Δύνει
363 3747 420 3800 δὲ
450 3745 762 3817 Κενταύρου
805 3747 1044 3813 ὀπίσθια,
1072 3748 1270 3819 ’Ύδρος
1301 3766 1361 3801 τε
1394 3749 1489 3803 καὶ
1520 3749 1748 3820 Κρατὴρ

187 3837 289 3901 ἓως
316 3838 590 3908 Κόρακος.
624 3839 885 3908 Παρεῖται
918 3839 1168 3911 Κρατήρ.

189 4021 281 4091 οὐχ
311 4022 467 4089 ὅλος,
519 4023 871 4095 Ἀνδρομέδας
903 4024 1074 4089 δεξιὸν
1116 4023 1297 4094 μέρος.
1341 4022 1498 4076 Δύνει
1543 4022 1601 4075 δὲ
1627 4021 1746 4084 ὅλος

190 4113 514 4184 Κένταυρος,
543 4115 760 4186 ’Ύδρος,
787 4115 994 4187 Κόραξ,
1018 4116 1267 4185 Κρατήρ.

250 4205 419 4277 Κριοῦ
465 4206 876 4271 ἀνατέλλοντος,
904 4206 1180 4262 ἀνατέλλει
1227 4204 1435 4276 κεφαλὴ
1474 4203 1566 4258 καὶ
1597 4198 1745 4274 ὦμος

188 4295 458 4366 Περσέως,
501 4297 858 4368 Ἀνδρομέδας
902 4296 1190 4368 ἀριστερὸν
1242 4297 1426 4367 μέρος.
1479 4294 1747 4348 Δελτωτὸν

193 4390 460 4456 παρεῖται.
497 4387 652 4441 Δύνει
683 4388 740 4442 δὲ
768 4389 1050 4461 Θυτὴριον,
1089 4388 1478 4459 Ἀρκτοφύλαξ.

257 4479 468 4551 Ταύρου
523 4479 933 4545 ἀνατέλλοντος,
985 4481 1258 4534 ἀνατέλλει
1308 4482 1549 4552 Περσεὺς
1595 4481 1714 4545 ὅλος
1733 4520 1749 4547 ,

201 4570 444 4642 Ἠνιόχου
479 4572 640 4636 ποδὸς
662 4572 947 4645 ἀριστεροῦ
987 4574 1154 4644 ἀκρον
1185 4574 1278 4626 καὶ
1313 4573 1580 4646 ἀριστερά
1607 4574 1748 4644 χεὶρ,

191 4664 271 4731 ἐφ’
370 4665 508 4718 εἰσιν
556 4663 676 4729 Αἲξ,
708 4665 958 4735 Ἔριφοι,
998 4665 1214 4734 Κήτους
1256 4665 1414 4734 λοφιά
1447 4666 1542 4720 καί
1593 4665 1748 4738 ούρά.

191 4755 339 4809 Δύνει
365 4757 422 4809 δὲ
464 4755 840 4827 Ἀρκτοφύλαξ
867 4757 964 4810 σὺν
990 4759 1056 4828 τῇ
1082 4763 1129 4811 α’
1164 4758 1330 4830 μοίρᾳ.
1349 4759 1446 4812 τοῦ
1483 4758 1678 4829 Κριοῦ.

261 4931 504 5002 Διδύμων
537 4931 952 4995 ἀνατελλόντων,
991 4932 1268 4990 ἀνατέλλει
1311 4934 1552 5004 ποταμὸς
1601 4936 1752 5007 Ἥρι-

193 5021 360 5088 δανὸς,
394 5023 612 5094 Κῆτος,
653 5025 863 5096 Ὠρίων⁴
899 5023 1053 5077 Δύνει
1097 5026 1154 5078 δὲ
1204 5027 1482 5097 Ὀφιοῦχος
1521 5027 1625 5091 ἕως
1663 5045 1754 5101 γο-

196 5113 382 5169 νάτων.

264 5207 327 5257 ‘A
377 5206 476 5275 μὲν
527 5199 623 5258 οὖν
661 5206 826 5277 ἐχρῆν
859 5207 988 5276 περὶ
1025 5209 1123 5278 τῆς
1169 5208 1402 5280 σφαίρας
1437 5209 1630 5275 εἰπεῖν,
1679 5211 1754 5276 ὡς

196 5297 320 5366 πρὸς
352 5299 682 5368 εἰσαγωγὴν,
727 5299 908 5368 σχεδὸν
951 5299 1100 5352 ταῦτ’
1133 5299 1299 5352 ἐστίν.
1331 5299 1662 5366 Ἀκολούθως
1695 5303 1753 5355 δὲ

197 5387 285 5440 καὶ
315 5389 348 5459 ἡ
377 5389 450 5459 γῆ
491 5391 608 5441 ἐστι
643 5390 1007 5460 σφαιροειδὴς,
1043 5390 1238 5460 ἔχουσα
1275 5390 1437 5459 μέσον
1471 5392 1633 5460 ἄξονα
1681 5393 1756 5446 δι-

195 5475 406 5544 ήκοντα,
439 5477 499 5540 ὃς
521 5479 712 5548 κρατεί
743 5477 909 5547 αὐτὴν
942 5477 1225 5548 ἀκίνητον,
1265 5478 1401 5548 έχων
1440 5481 1507 5534 τὰ
1539 5481 1751 5549 πέρατα

199 5565 548 5640 ἔνηρεισμένα
600 5568 656 5622 εν
721 5586 777 5622 τε
797 5567 875 5638 τῷ
902 5568 1096 5640 βορείῳ
1125 5570 1269 5640 πόλῳ
1307 5571 1401 5625 καὶ
1425 5572 1503 5642 τῷ

199 5659 363 5726 νοτίῳ.

1838 1829 2006 1901 llydri
2047 1831 2219 1885 cauda
2246 1871 2260 1896 ,
2304 1829 2562 1885 Centauri
2621 1845 2820 1901 corpus
2863 1836 2916 1884 et
2962 1836 3146 1898 caput,
3190 1840 3402 1882 necnon

1839 1921 1998 1988 Fera,
2048 1937 2209 1993 quam
2243 1923 2436 1979 dextra
2462 1938 2627 1977 manu
2671 1920 2976 1993 prehendit,
3002 1919 3283 1990 'Opbiuchi
3314 1933 3406 1972 ca-

1839 2024 1958 2086 put,
1989 2029 2206 2079 manus,
2251 2015 2570 2084 primusque
2614 2013 2810 2081 ﬂexus,
2856 2011 3203 2084 lngeniculus
3233 2018 3404 2073 totus,

1842 2113 2038 2176 praeter
2088 2113 2250 2177 caput
2287 2114 2344 2162 et
2394 2107 2675 2161 sinistram
2705 2120 2949 2160 manum.
2983 2103 3250 2159 Occidunt
3276 2116 3406 2156 vero

1842 2197 2064 2253 Fluvius
2087 2204 2254 2262 totus,
2287 2197 2452 2254 Orion
2484 2205 2633 2253 totus
2660 2197 2794 2262 fere,
2815 2195 2933 2252 Ceti
2960 2195 3163 2259 cervix,
3191 2191 3405 2246 Andro-

1841 2292 2020 2357 meda,
2075 2290 2352 2352 Deltoton,
2418 2290 2732 2360 Cassiepea,
2777 2287 3024 2359 Cepheus
3062 2302 3093 2340 a
3126 2287 3304 2357 capite
3339 2285 3405 2338 ad

1844 2382 2082 2439 lumbos.
2111 2380 2386 2438 Omissum
2416 2391 2500 2436 est
2529 2379 2825 2443 Deltotom,

1915 2557 2143 2615 Oriente
2165 2556 2469 2628 Sagittario
2494 2557 2673 2612 oritur
2720 2554 2987 2627 Ophiuchi
3025 2570 3247 2626 corpus,
3279 2555 3410 2612 reli-

1845 2666 2012 2721 quum
2032 2650 2327 2721 Serpentis,
2345 2647 2638 2722 lngeniculi
2654 2655 2816 2720 caput
2830 2663 2952 2703 cum
2975 2647 3196 2702 sinistra
3218 2662 3405 2712 manu,

1844 2743 2111 2811 Fidicula,
2133 2743 2402 2814 Cepheus.
2433 2741 2699 2797 Occidunt
2721 2741 2884 2796 Canis
2901 2747 3068 2807 totus,
3093 2738 3283 2803 Orion,
3307 2739 3409 2794 Le—

1845 2853 1970 2908 pus,
1995 2835 2330 2901 Heniochus,
2369 2841 2596 2905 excepta
2634 2834 2855 2890 sinistra
2893 2832 3023 2888 tibia
3047 2839 3102 2886 et
3128 2846 3314 2895 manu,
3351 2831 3409 2886 in

1845 2941 1955 2997 qua
1983 2934 2112 2982 sunt
2139 2926 2358 2997 Capella
2401 2931 2456 2982 et
2497 2923 2679 2986 Haedi.
2711 2923 2966 2987 Perseus,
2999 2931 3226 2993 excepto
3248 2920 3412 2992 jpedc
3450 2965 3452 2967 .

1848 3019 2093 3081 sinistro,
2125 3017 2325 3087 puppis
2347 3017 2544 3087 Argus,
2567 3021 2621 3070 et
2652 3013 2925 3086 Procyon.

1917 3106 2052 3164 Cum
2081 3107 2415 3178 Capricorno
2440 3107 2614 3162 oritur
2641 3105 2834 3177 Aquila
2857 3113 2993 3172 tota,
3027 3104 3255 3176 Sagitta,
3279 3104 3408 3167 Ara,

1847 3200 2099 3270 Delphin,
2125 3197 2364 3271 Cygnus.
2393 3197 2662 3254 Occidunt
2692 3196 2955 3252 Heniochi
2990 3196 3223 3265 reliqua,
3247 3202 3413 3265 caput

1852 3290 2014 3363 144
2046 3291 2253 3346 scilicet
2276 3299 2330 3346 et
2371 3289 2594 3345 sinistra
2627 3304 2844 3352 manus,
2883 3288 2939 3341 in
2964 3303 3070 3357 qua
3099 3288 3277 3356 Capra
3303 3294 3408 3347 est,

1848 3390 1904 3437 et
1953 3379 2134 3448 Haedi,
2181 3381 2326 3451 Argo
2368 3387 2501 3444 tota,
2540 3378 2756 3452 Hydrus
2798 3378 3020 3434 Cratere
3056 3385 3235 3442 tenus,
3271 3376 3414 3432 Cen-

1750 3483 1753 3486 '
1851 3473 1995 3528 tauri
2031 3472 2364 3543 posteriores
2395 3471 2580 3541 pedes.

1923 3565 2145 3620 Oriente
2169 3563 2410 3635 Aquario
2431 3563 2608 3618 oritur
2642 3562 2780 3634 Equi
2810 3570 2995 3634 caput,
3027 3578 3148 3618 cum
3176 3561 3416 3617 anterio-

1855 3654 2007 3710 rihus
2027 3653 2280 3725 pedibus,
2308 3660 2362 3707 et
2395 3652 2686 3722 Cassiepea
2723 3652 3107 3723 praatermissa.
3145 3651 3414 3707 Occidunt

1852 3747 2154 3816 posteriora
2205 3744 2486 3808 Centauri,
2555 3759 2772 3801 necnon
2835 3743 3075 3816 Hydrus,
3124 3753 3179 3801 et
3225 3745 3446 3800 Crater-

1754 3852 1762 3861 ’
1850 3852 2023 3909 usque
2055 3837 2124 3892 ad
2152 3835 2412 3892 Corvum.
2440 3834 2692 3892 Omissus
2720 3843 2803 3892 est
2833 3835 3046 3892 Crater.

268 3927 485 3998 Ἰχθύων
539 3927 933 3982 ἀνατελλόντων
955 3969 969 3994 ,
1022 3930 1298 3984 ἀνατέλλει
1351 3931 1522 3994 νότιος
1577 3918 1761 4000 ’ῐχθὺς

1921 3927 2172 3982 Piscibus
2210 3926 2536 3991 orientibus,
2582 3927 2841 3982 australis
2887 3926 3064 3983 Piscis
3110 3941 3220 3982 non
3267 3933 3416 3982 totus

1853 4019 2118 4083 exoritur,
2150 4026 2205 4072 et
2237 4016 2597 4072 Andromeda:
2634 4034 2759 4087 pars
2803 4018 3012 4075 dextra.
3062 4017 3234 4074 Totus
3261 4011 3420 4074 Cen—

1857 4117 2049 4164 taurus
2070 4109 2292 4173 occidit,
2325 4107 2563 4178 Hydrus,
2589 4108 2819 4173 Corvus,
2852 4109 3066 4164 Crater.

1929 4203 2064 4258 Cum
2121 4203 2278 4258 Aries
2321 4202 2514 4266 oritur,
2554 4211 2719 4272 caput
2769 4201 2954 4257 Persei
3009 4217 3134 4258 cum
3174 4202 3416 4259 humeris

1858 4294 2054 4358 oritur,
2099 4293 2457 4364 Andromedae
2487 4293 2709 4348 sinistra
2755 4309 2902 4363 pars.
2952 4293 3414 4353 Deltoton-omis-

1779 4400 1824 4455 ι)
1855 4401 1975 4442 sum
2000 4391 2106 4440 est.
2147 4383 2357 4438 Occidit
2385 4375 2578 4437 Araet
2602 4380 2994 4454 Arctophylax.

1919 4475 2058 4531 Cum
2086 4475 2304 4530 Taurus
2327 4473 2522 4537 oritur,
2552 4473 2784 4530 Perseus
2814 4481 2960 4530 totus
2988 4481 3232 4530 exortum
3261 4473 3411 4537 facit,

1852 4571 1982 4625 item
2019 4567 2236 4638 Aurigae
2269 4566 2479 4621 sinistri
2519 4565 2674 4637 pedis
2703 4566 3041 4630 extremitas,
3086 4573 3140 4621 et
3185 4565 3436 4622 sinistra.

1821 4689 1824 4691 λ
1851 4673 2048 4717 manus
2069 4699 2084 4724 ,
2110 4657 2166 4711 in
2198 4671 2306 4726 qua
2329 4655 2505 4724 Capra
2535 4663 2744 4711 suntet
2784 4654 2959 4722 Haedi,
2991 4655 3108 4712 Ceti
3135 4656 3323 4711 cervix
3356 4668 3411 4712 et

1852 4751 2046 4806 cauda.
2110 4748 2323 4806 Occidit
2378 4748 2745 4821 Arctophylax
2802 4763 2931 4804 cum
2995 4747 3198 4806 Arietis
3258 4755 3447 4818 parte.

1892 4856 2048 4896 rima.

1853 4857 2048 4912 prima.

1922 4933 2058 4988 Cum
2111 4932 2352 4988 Geminis
2395 4933 2570 4994 oritur
2618 4932 2815 4995 ﬂuvius
2861 4931 3165 4996 Eridanus,
3224 4930 3424 4999 Cetus,

1855 5025 2045 5086 Orion.
2075 5025 2284 5086 Occidit
2310 5025 2627 5097 Ophiuchus
2666 5025 2894 5096 genibus
2917 5032 3097 5084 tenus.

1925 5203 2051 5260 Haec
2074 5204 2188 5261 fere
2220 5212 2348 5262 sunt
2377 5219 2498 5275 qua?
2527 5203 2594 5258 ad
2620 5203 2809 5262 rudem
2845 5198 3290 5260 informationem
3343 5198 3412 5254 de

1856 5295 2064 5366 sphaera
2095 5295 2324 5350 dicenda
2356 5294 2596 5350 fuerunt.
2640 5293 2775 5349 Illud
2806 5309 3148 5365 consequens
3171 5299 3278 5357 est,
3313 5297 3421 5343 ter-

1854 5402 1972 5440 ram
2021 5385 2257 5440 rotunda
2288 5393 2540 5442 constare
2584 5385 2778 5449 forma,
2830 5399 2992 5455 quam
3031 5382 3244 5438 medius
3295 5394 3422 5449 per-

1855 5477 2052 5533 transit
2092 5479 2232 5542 axis,
2282 5486 2336 5534 et
2375 5493 2492 5533 eam
2550 5477 2878 5532 immobilem
2935 5481 3149 5530 coercet
3193 5492 3207 5528 :
3263 5471 3422 5550 cujus

1855 5578 2095 5625 extrema
2125 5586 2221 5641 per
2250 5580 2538 5640 utrumque
2567 5569 2770 5639 polum,
2795 5567 3067 5623 borealem
3099 5562 3426 5621 australem-

1860 5676 1965 5733 que
1997 5661 2223 5733 trajecta
2259 5669 2405 5718 sunt.
