3800 6326
469 285 608 344 ωδ

1473 291 1565 345 AD
1604 293 1872 351 ECSEBII
1906 289 2296 350 CHROXICON
2335 288 2696 344 APPENDIX.

3541 289 3662 345 ll“

540 403 703 461 Zona
730 414 859 462 sunt
890 407 944 460 in
975 421 1040 462 ea
1068 409 1309 478 quinque
1334 427 1352 463 :
1397 413 1862 481 septentrionalis,
1908 431 2009 484 qua

2203 412 2357 480 Ἔχει
2409 410 2467 462 δὲ
2501 408 2677 474 ζώνας
2721 413 2796 460 ε”
2843 406 3052 479 βόρειόν
3093 424 3154 460 τε
3205 407 3335 477 ὃλην
3384 408 3658 479 μετέωρον,

467 506 586 552 tota
617 500 866 562 sublimis
889 507 1006 564 est,
1046 500 1436 562 inhabitabilis,
1468 503 1762 572 frigoribus
1801 507 2020 574 infesta,

470 590 804 661 Saturnique
829 591 1079 661 propria;
1107 593 1316 655 arstiva,
1345 593 1503 662 cujus
1539 610 1669 664 pars
1700 613 1865 668 supra
1917 607 2026 654 ter-

466 697 586 736 ram
642 683 817 751 major
869 683 1091 747 eminet,
1138 683 1318 737 minor
1356 685 1461 739 sub
1505 697 1650 741 terra
1680 689 2020 760 deprimitur.

467 771 546 828 Ea
570 782 655 828 est
686 773 994 828 habitabilis
1029 774 1399 845 undiquaque.
1441 787 1761 852 temperata,
1791 780 1908 837 Iovi
1940 785 2025 838 di-

465 871 620 924 cata;
646 864 1059 934 aequinoctialis,
1078 866 1235 934 cujus
1255 883 1382 938 pars
1410 871 1635 940 aqualis
1662 871 1802 925 infra
1831 889 2025 944 supra-

463 967 570 1021 que
611 960 811 1007 terram
859 962 1063 1017 exstat,
1106 965 1320 1018 exusta,
1368 957 1528 1013 Πετιί
1565 961 1896 1030 peculiaris;
1939 965 2025 1019 hi-

462 1044 650 1108 berna,
703 1043 862 1113 cujus
897 1045 1071 1115 major
1114 1047 1218 1101 sub
1246 1057 1391 1104 terra
1436 1067 1589 1122 pars,
1623 1068 1788 1124 supra
1817 1063 2021 1113 terram

459 1137 638 1190 minor
680 1137 915 1201 exsistit,
945 1137 999 1191 in
1030 1139 1216 1194 orbem
1263 1141 1541 1210 habitata;
1573 1151 1892 1215 temperata,
1934 1163 2025 1204 sa-

457 1243 555 1280 cra
588 1226 782 1283 Veneri
811 1247 827 1291 ;
855 1231 1113 1286 australis
1152 1248 1262 1288 non
1299 1249 1589 1306 apparens,
1617 1237 1838 1303 alsiosa.
1865 1240 2024 1297 inho-

457 1321 622 1391 spita,
657 1321 924 1377 Hercurio
953 1323 1155 1378 dicata.

523 1414 741 1468 Arctica
785 1430 922 1468 zona
974 1425 1192 1471 constat
1232 1421 1506 1490 scrupulis
1565 1426 1920 1495 sexagesimis
1949 1425 2020 1493 6;

456 1505 850 1574 aquiuoctialis
910 1507 944 1562 8
985 1527 999 1562 :
1049 1508 1210 1564 habet
1243 1511 1311 1564 ab
1341 1519 1568 1583 utraque
1595 1525 1747 1586 parte
1774 1517 2021 1586 equino-

455 1597 632 1650 ctialis
675 1596 901 1663 circuli;
929 1598 1019 1652 hic
1059 1600 1203 1654 enim
1231 1601 1461 1656 mediam
1509 1604 1681 1674 ipsam
1706 1605 1898 1660 dividit
1926 1622 2022 1677 per

456 1695 623 1740 totam
657 1689 960 1757 sphaeram;
994 1692 1181 1746 aestiva
1215 1695 1471 1764 scrupula
1509 1696 1543 1750 5
1568 1696 1810 1764 obtinet;
1840 1707 2022 1754 antar-

2130 503 2414 572 ἀοίκητον,
2481 499 2930 570 κατεψυγμένην
2977 499 3186 569 Κρόνου
3204 539 3221 561 ,
3271 499 3486 570 θερηήςν
3526 501 3658 552 πλέον

2129 594 2357 664 ἔχουσαν
2376 594 2436 647 τὸ
2467 594 2611 664 ὑπὲρ
2641 594 2765 664 γῆν,
2793 586 2959 662 ἧσσον
2981 591 3040 644 δὲ
3065 590 3128 644 τό
3153 592 3257 643 ὑπὸ
3280 591 3409 659 γῆν,
3433 591 3655 644 κυκλόθεν

2123 684 2435 754 οίκησίμην,
2465 683 2746 753 εὔκρατον,
2774 682 2920 744 Διός·
2951 681 3288 752 ίσημερινὴν,
3323 681 3440 733 ίσον
3467 681 3655 749 ἔχουσαν

2122 776 2185 828 τὸ
2217 777 2322 828 ὑπὸ
2359 775 2485 845 γῆν,
2517 776 2631 828 ἴσον
2682 775 2736 827 ἃ
2765 774 2827 827 τὺ
2865 774 3004 844 ὑπὲρ
3053 772 3189 842 γῆν,
3220 772 3652 841 διακεκαυμένῳ,

2127 866 2359 936 Ἀρεωςο
2384 864 2716 937 χειμερινὴν,
2735 865 2894 917 πλέον
2915 864 3142 934 ἔχουσαν
3163 862 3223 914 τὺ
3371 862 3497 932 γῆν,
3520 858 3655 933 ἧσσον

2121 955 2178 1008 δὲ
2215 955 2277 1008 τὺ
2329 955 2471 1028 ὑπὲρ
2519 956 2659 1025 γῆν,
2713 954 2974 1008 κυκλόθεν
3014 953 3356 1024 ᾠκισμένην·
3389 951 3652 1023 sincrum,

2135 1046 2474 1117 Ἀφροδίτης’
2504 1047 2696 1113 νότιον,
2725 1047 2928 1117 ἀφανῆ,
2954 1045 3390 1116 κατεψυγμένην,
3416 1044 3651 1113 ἀοίκητον,

2135 1135 2359 1207 Ἑρμοῦ.

2205 1436 2269 1489 Ἡ
2299 1437 2398 1508 μὲν
2430 1431 2523 1490 οὖν
2558 1437 2792 1508 ἀρκτικὴ
2820 1435 2961 1507 ζώνη
3011 1437 3124 1507 ἔχει
3162 1434 3431 1506 throni
3460 1435 3528 1501 ς’,
3552 1438 3582 1506 ἡ
3608 1436 3653 1490 δὲ

2123 1527 2410 1598 ίσημερινὴ
2438 1534 2509 1599 η’,
2533 1527 2593 1592 ἐξ
2627 1529 2887 1600 ἑκατέρου
2916 1528 3079 1599 μέρος
3120 1528 3214 1581 τοῦ
3245 1529 3552 1599 ἰσημεριιηῦ
3579 1530 3655 1598 μέ-

2123 1635 2251 1688 ρους
2278 1620 2557 1673 τεθεικότα
2575 1637 2590 1653 ο
2620 1612 2775 1683 οὗτος
2799 1620 2907 1690 γὰρ
2936 1620 3128 1690 μέσην⁵
3145 1619 3313 1690 αὐτὴν
3334 1622 3515 1689 τέμνει
3541 1620 3654 1670 κατὰ

2120 1709 2219 1780 τὴν
2280 1709 2409 1780 ὅλην
2456 1713 2727 1783 σφαῖραν·
2784 1714 2818 1782 ἡ
2865 1711 2922 1764 δὲ
2969 1711 3154 1782 θερινὴ
3207 1713 3475 1782 ἑξηκοστά
3524 1709 3585 1763 ε’·
3625 1713 3653 1781 ἡ

454 1778 596 1831 ctica
637 1778 691 1832 6.
733 1778 920 1850 Itaque
973 1784 1224 1852 superior
1272 1785 1509 1851 ambitus
1549 1796 1710 1841 terra;
1763 1792 2009 1860 scrupula

2119 1778 2452 1872 ἀνταρκτικὴ
2475 1778 2739 1872 ἑξηκοστὰ
2770 1778 2843 1867 cf"
2861 1803 3002 1856 ὥστε
3030 1778 3167 1856 εἶναι
3181 1778 3403 1874 τῆς-τῆς
3421 1804 3513 1872 τὴν
3529 1778 3654 1873 napi;

453 1869 662 1940 colligit
697 1872 946 1940 tricena;
987 1875 1213 1930 totidem
1259 1877 1507 1934 inferior.
1537 1877 1709 1936 Totus
1741 1897 1869 1953 ergo
1897 1899 2009 1938 am-

2119 1909 2261 1961 τειον
2284 1896 2306 1924 ⁸
2324 1893 2627 1965 ἑξηκοστῶν
2650 1895 2694 1947 λ’
2714 1910 2728 1924 ·
2746 1896 2944 1964 ὁμοίως
2972 1895 3028 1946 δὲ
3055 1896 3147 1947 καὶ
3172 1897 3234 1948 τὺ
3253 1895 3358 1947 ὑπὸ
3383 1895 3482 1964 γῆν
3497 1894 3655 1962 {Erm-

453 1960 602 2017 bitus
630 1965 913 2035 sexaginta
933 1970 1208 2038 scrupulis
1239 1981 1476 2028 constat.
1508 1973 1856 2046 Sexagesima
1900 1978 2021 2032 cui-

453 2067 562 2121 que
584 2057 843 2125 scrupulo
871 2058 1171 2112 stadiorum
1189 2060 1354 2125 4,200
1379 2073 1711 2134 competunt.
1736 2065 2015 2139 Colligun-

454 2150 548 2198 tur
565 2145 861 2201 stadiorum
894 2149 948 2202 in
975 2157 1088 2204 tota
1125 2159 1269 2206 terra
1289 2151 1544 2217 250,000.

739 2259 819 2315 De
857 2261 922 2316 iis
965 2279 1081 2331 qua
1118 2265 1172 2318 in
1201 2265 1420 2320 sublimi
1447 2278 1756 2328 cernuntur.

525 2365 613 2424 ΙΠ.
653 2369 732 2424 Ex
770 2373 927 2443 aquis
972 2390 1093 2446 qua:
1145 2375 1202 2430 in
1237 2384 1384 2432 terra
1433 2389 1581 2446 sunt,
1637 2381 2015 2440 exhalationes

451 2459 581 2512 oriri
632 2460 891 2516 dicuntur
924 2482 939 2519 :
980 2480 1211 2535 quarum
1253 2468 1421 2524 altera
1461 2477 1547 2525 est
1575 2471 1800 2526 humida
1831 2483 1885 2530 et
1915 2491 2014 2530 va-

449 2551 610 2620 pida;
647 2554 818 2610 altera
859 2555 1008 2611 sicca
1041 2565 1096 2613 et
1135 2557 1362 2615 fumida.
1414 2559 1573 2616 Prior
1630 2563 1917 2621 abundans
1960 2573 2015 2624 et

449 2654 662 2710 coacta,
709 2648 922 2704 nubes:
954 2657 1181 2718 mutata,
1238 2652 1454 2722 pluvias
1486 2661 1541 2708 et
1573 2655 1779 2712 imbres
1829 2657 2012 2727 edicit,

447 2750 512 2791 ac
555 2745 767 2802 ventos,
820 2741 914 2810 qui
947 2750 1144 2795 natura
1181 2759 1281 2799 sua
1332 2745 1571 2802 indidem
1609 2748 1885 2805 oriuntur.
1918 2750 2015 2806 Est

446 2835 624 2880 autem
657 2829 854 2883 nebula
886 2831 1060 2888 nubes
1104 2847 1368 2903 aquarum
1400 2837 1631 2902 sterilis,
1669 2838 1787 2894 sive
1813 2841 2014 2910 vapida

445 2916 738 2973 exhalatio.
770 2920 987 2988 Caligo,
1034 2932 1150 2978 atra
1199 2926 1372 2982 nubes
1399 2937 1455 2982 et
1503 2929 1683 2998 plena.
1734 2929 2012 2986 Serenitas

445 3023 540 3062 aer
577 3009 798 3067 innubis
851 3022 906 3068 et
951 3015 1213 3088 liquidus.
1270 3017 1616 3084 Obscuritas,
1649 3022 1794 3078 aeris
1824 3021 2010 3078 densi-

442 3105 530 3154 tas
555 3099 935 3173 incomposita.
967 3107 1177 3178 Κνηκίς
1207 3117 1294 3164 est
1325 3112 1500 3166 nubes
1533 3113 1879 3178 tenuissima,
1908 3114 2012 3168 hu-

2118 1983 2255 2037 στῶν
2280 1984 2324 2036 λ’
2344 2001 2358 2015 °
2390 1985 2635 2053 γίνεσθαι
2662 1982 2753 2038 οὖν
2768 1985 2895 2056 ὃλην
2919 1986 3015 2056 τὴν
3043 1985 3147 2054 γῆν
3167 1984 3471 2054 ἑξηκοστῶν
3495 1983 3549 2048 ξ’.
3575 1983 3655 2035 Δῦ-

2115 2092 2272 2128 ναται
2291 2076 2348 2130 δὲ
2371 2075 2457 2147 ἔχε
2467 2094 2513 2128 ιν
2541 2076 2601 2130 τὺ
2616 2076 2904 2146 έῂκοστὸν
2935 2076 3179 2139 σταδίους
3203 2076 3293 2138 ,δσθ
3312 2093 3325 2104 ⁸
3359 2074 3653 2142 συνάγεσθαι

2114 2162 2207 2221 οὖν
2226 2167 2319 2221 ἐπὶ
2339 2168 2401 2221 τὸ
2429 2168 2559 2222 αὐτὸ
2579 2170 2632 2223 αί
2655 2169 2751 2239 τῆς
2779 2169 2904 2239 ’ὅλης
2935 2167 3160 2220 σταδίων
3188 2167 3297 2239 μοί.
3323 2168 3345 2198 ⁵
3369 2174 3417 2220 κ’
3441 2169 3529 2219 καὶ
3550 2174 3601 2220 ε’.

2635 2278 2776 2347 Περὶ
2805 2279 3162 2348 μεταρσίων.

2184 2391 2261 2444 1".
2290 2391 2531 2446 Γίνονται
2561 2386 2673 2455 οὖν,
2705 2393 2888 2463 φησιν,
2915 2390 3308 2460 ἀναθυμιάσεις
3333 2391 3399 2443 ἐκ
3425 2390 3527 2443 τῶν
3553 2389 3654 2443 ὑδά-

2112 2499 2222 2535 των
2250 2483 2350 2552 τῆς
2389 2484 2518 2552 γῆς,
2547 2485 2580 2553 ἡ
2622 2483 2721 2554 μὲν
2756 2483 2898 2553 ὑγρὰ
2944 2483 3039 2535 καὶ
3084 2481 3360 2551 ἀτμώδης,
3392 2483 3424 2550 ἡ
3457 2481 3512 2534 δὲ
3539 2481 3653 2550 ξηρὰ

2113 2572 2209 2624 καὶ
2241 2572 2551 2641 καπνώδης.
2593 2573 2703 2625 Καὶ
2744 2573 2777 2642 ἡ
2829 2570 3196 2633 πλεονάζουσα
3225 2571 3371 2640 ὑγρὰ
3414 2571 3505 2622 καὶ
3548 2587 3653 2622 συν-

2115 2661 2376 2731 ισταμένη
2408 2662 2546 2730 νέφη
2597 2663 2772 2722 ποιεῖ,
2827 2661 2922 2713 καὶ
2969 2660 3109 2714 κατὰ
3151 2659 3453 2731 μεταϐολὴν
3495 2661 3654 2720 ὑετοὺς

2114 2751 2209 2803 καὶ
2232 2750 2493 2821 ὄμϐρους,
2529 2751 2624 2803 καὶ
2653 2749 2957 2822 πνεύματα,
2987 2752 3086 2805 ὅσα
3114 2754 3176 2805 ὲκ
3212 2751 3418 2806 τούτων
3450 2751 3649 2818 γίνεται.

2115 2840 2272 2892 Ἔστι
2317 2839 2374 2893 δὲ
2414 2840 2615 2910 ὀμίχλη
2647 2841 2807 2909 νέφος
2845 2842 3036 2908 ἄγονον
3086 2840 3306 2904 ὓδατος,
3358 2841 3392 2910 ἢ
3427 2839 3653 2909 ἀτμιὶιότμς

2110 2932 2496 3002 ἀναθυμίασις.
2537 2933 2709 3001 Ζόςρος
2737 2933 2794 2986 δὲ
2833 2934 2991 3002 νέφος
3027 2933 3192 3003 μέλαν
3239 2950 3300 2985 τε
3339 2935 3435 2985 καὶ
3471 2932 3652 3001 πεπλη-

2115 3023 2377 3096 ρωμένον.
2426 3021 2623 3094 Δίθρία
2659 3023 2716 3075 δὲ
2767 3023 2877 3094 ἀὴρ
2917 3023 3172 3092 ἀνέφελος
3223 3023 3318 3075 καὶ⁵
3366 3023 3647 3093 ἀνὸμιχλος.

2124 3116 2317 3186 Ἀχλὺς
2346 3115 2404 3168 δὲ
2431 3115 2603 3184 πάχος
2635 3114 2794 3184 ἀέρος
2821 3113 3139 3169 ἀσύστατον.
3169 3115 3377 3182 Κνηκὶς
3399 3115 3455 3166 δὲ
3481 3112 3647 3180 νεφέλη

443 3205 596 3247 more
651 3209 844 3249 vacua.
876 3195 985 3253 Bos
1037 3209 1126 3254 est
1185 3201 1384 3255 humor
1424 3202 1634 3273 puriori
1665 3205 1908 3274 allapsus
1939 3222 2007 3262 ex

2119 3204 2434 3276 λεπτοτάτη,
2469 3203 2600 3274 κενὴ
2633 3203 2840 3267 ὕδατος.
2870 3203 3066 3276 Δρόσος
3089 3199 3156 3256 δὲ’
3179 3204 3344 3274 ὑγρὸν
3377 3204 3435 3270 ἐξ
3464 3204 3649 3273 αἰθέρος

440 3280 660 3346 aethere,
703 3300 771 3339 ex
820 3288 970 3342 tenui
1008 3291 1238 3345 materia
1269 3294 1606 3350 consistens.
1653 3293 1810 3351 Stilla
1868 3312 2009 3366 aqua

440 3380 526 3427 est
557 3377 868 3432 minutatim
903 3381 956 3434 in
984 3390 1161 3440 terras
1198 3384 1466 3440 irroraus.
1511 3385 1704 3441 Pluvia
1736 3396 1820 3444 est
1855 3389 2008 3444 stilla

440 3463 680 3531 densior,
710 3477 765 3523 et
789 3471 957 3541 jugis.
991 3471 1190 3542 Imber,
1221 3478 1432 3548 exigua
1459 3480 1813 3534 collectiones
1837 3495 2011 3550 aqua-

441 3570 561 3610 rum
581 3574 612 3613 e
635 3561 781 3616 nube
810 3566 1114 3622 mutatione
1145 3567 1320 3622 facta.
1354 3569 1571 3624 Glacies
1595 3581 1675 3627 est
1705 3587 1846 3640 aqua
1875 3588 2008 3627 con-

439 3653 610 3700 creta.
633 3646 859 3715 Pruina,
880 3667 972 3707 ros
993 3670 1101 3709 non
1128 3659 1344 3726 penitus
1371 3669 1710 3727 compactus.
1735 3660 1858 3723 Nix,
1886 3662 2007 3730 plu-

438 3734 650 3792 viarum
678 3740 824 3794 stilla
858 3743 913 3795 in
949 3745 1094 3800 nube
1123 3759 1401 3803 concreta.
1452 3751 1631 3818 Νιφάς
1660 3761 1744 3806 est
1782 3753 1876 3806 nix
1917 3761 2003 3810 te-

438 3830 620 3885 nuiter
641 3833 863 3889 cadens.
897 3834 1138 3904 Grando,
1166 3839 1338 3896 imber
1365 3851 1451 3896 est
1481 3851 1793 3900 concretus.

510 4002 668 4061 Sicca
691 4015 872 4063 autem
901 4010 1172 4067 exhalatio
1206 4030 1328 4070 cum
1367 4031 1397 4069 a
1427 4015 1630 4088 frigore
1657 4020 1998 4091 propellitur,

439 4105 630 4155 ventos
657 4099 842 4155 eﬂicit.
888 4100 1138 4160 lncidens
1177 4107 1364 4162 eadem
1403 4117 1457 4163 et
1508 4109 1839 4168 inﬂammata
1892 4114 1999 4169 ful-

2111 3295 2322 3366 αἰθρίου
2379 3293 2520 3347 κατά
2577 3293 2833 3346 σύστασιν
2882 3294 3103 3365 λεπτήν.
3168 3294 3366 3358 Ψακάς
3415 3295 3471 3348 δὲ
3527 3294 3646 3364 ὕδωρ

2108 3384 2320 3447 λεπτῶς
2362 3384 2768 3454 διεστιασμένον
2815 3399 2874 3434 τε
2931 3383 3022 3435 ἐπὶ
3057 3385 3157 3453 τῆς
3205 3383 3327 3452 γῆς.
3384 3383 3558 3444 ’Υετὸς
3601 3382 3646 3432 δὲ

2107 3474 2288 3544 ψακὰς
2312 3475 2449 3545 ἁδρὰ
2477 3474 2573 3527 καὶ
2618 3474 2865 3543 συνεχής.
2895 3473 3139 3544 Ὄμϐρος
3166 3474 3221 3526 δὲ
3259 3475 3430 3544 μικρά
3470 3473 3646 3542 συστὴ-

2112 3585 2258 3638 ματα
2287 3566 2477 3629 ὓδατος
2516 3565 2582 3618 ὲκ
2611 3565 2805 3631 νέφους
2846 3565 2987 3618 κατὰ
3032 3565 3358 3636 μεταϐολήν.
3403 3567 3570 3631 Παγος
3599 3563 3644 3614 δέ

2107 3657 2256 3710 ἐστιν
2286 3656 2430 3727 ὕδωρ
2481 3655 2747 3726 πεπηγός.
2787 3656 2972 3727 Πάχνη
3020 3657 3076 3709 δὲ
3129 3657 3415 3728 ἠμιπαγὴς
3459 3656 3642 3727 δρόσος.

2104 3748 2253 3802 Χιὼν
2284 3749 2342 3801 δὲ
2371 3747 2541 3800 ὑετῶν
2581 3747 2761 3817 ψακὰς
2789 3743 2848 3800 ἐν
2883 3749 3032 3816 νέφει
3070 3749 3360 3818 πεπηγότι.
3396 3747 3565 3816 Νιφάς
3598 3743 3646 3796 δέ

2103 3841 2220 3892 ἐστι
2250 3838 2384 3909 χιὼν
2413 3839 2686 3892 πίπτουσα
2709 3839 2940 3903 λεπτῶς.
2963 3839 3185 3904 Χάλαζα
3207 3841 3262 3893 δέ
3291 3843 3435 3894 ἐστιν
3464 3838 3643 3910 όμὸρος

2104 3931 2389 4002 πεπηγώς.

2183 4025 2248 4079 Ἡ
2277 4026 2335 4078 δὲ
2367 4022 2508 4096 ξηρὰ
2527 4023 2888 4094 ἀναθυμίασις
2911 4025 2976 4077 ὲκ
2995 4023 3088 4077 τοῦ
3111 4023 3216 4077 ὑπὸ
3228 4023 3431 4093 ψύχους
3449 4021 3468 4053 ⁸
3491 4019 3641 4091 μενὼ-

2103 4117 2249 4180 σθεις
2275 4116 2508 4188 ἀνέμους
2538 4117 2783 4187 ὲμποιεῖ’
2816 4116 3164 4186 ἐμπίπτουσα
3191 4115 3248 4168 δὲ
3284 4115 3380 4167 καὶ
3406 4114 3640 4181 ﬁtﬁt-90;

436 4189 584 4243 mina
621 4190 823 4262 gignit;
871 4195 1088 4263 quando
1121 4196 1408 4252 confertim
1440 4202 1699 4270 erumpit,
1753 4204 1999 4259 nondum

2119 4208 2382 4279 γινομένη,
2417 4207 2744 4279 κεραυνούς⁸
2778 4207 2950 4278 ἀθρόα
2977 4207 3034 4260 δὲ
3075 4206 3371 4277 φερομένη,
3396 4204 3638 4306 ἡμίπυρνις

434 4294 664 4337 accensa
713 4285 966 4354 penitus,
1004 4288 1252 4345 turbines
1299 4291 1507 4361 igneos,
1570 4299 1626 4346 at
1652 4294 1806 4350 nullo
1835 4297 1999 4351 modo

2119 4300 2252 4369 ιῦσα,
2283 4305 2632 4377 πρηστῆραςο
2670 4305 2744 4376 μὴ
2766 4303 3135 4375 πεπυρωμένη
3162 4301 3218 4354 δέ
3247 4318 3362 4364 πως
3385 4297 3634 4366 τυφῶνας·

435 4385 719 4437 succensa,
747 4377 1032 4447 typhones.
1061 4379 1196 4435 Cum
1229 4393 1315 4437 est
1342 4377 1596 4450 solutior,
1619 4387 1891 4455 ecnephias
1916 4387 1997 4442 fa-

2099 4397 2357 4469 ἀνειμένη
2390 4398 2448 4452 δὲ
2479 4399 2512 4468 ἠ
2537 4399 2674 4468 αὑτὴ
2701 4396 2956 4466 ἐκνεφίας
2992 4397 3153 4449 ποιεῖ.
3180 4393 3453 4464 Κεραυνὸς
3482 4390 3534 4441 δὲ
3558 4385 3634 4438 καὶ

432 4461 528 4516 cit.
552 4461 817 4520 Caeterum
849 4466 1077 4535 fulmen,
1103 4479 1332 4540 prester,
1355 4482 1410 4528 et
1439 4475 1642 4546 typhon
1671 4476 1994 4533 incumbens

2119 4461 2376 4561 πρηστὴρ.
2399 4461 2698 4558 καιτυφιος
2726 4461 3082 4558 κατασκήψας
3109 4488 3138 4540 ό
3162 4461 3400 4555 σκηπτὸς
3423 4482 3630 4548 λέγεται.

434 4555 673 4623 σκηπτός
718 4557 939 4614 dicitur.
997 4559 1123 4617 Hzec
1170 4564 1361 4633 paucis
1414 4580 1478 4621 ac
1505 4567 1831 4638 compendio
1870 4583 1995 4638 per-

435 4647 723 4705 strinxisse
786 4650 1085 4729 sulliciat.f“
1107 4653 1264 4710 Nunc
1331 4656 1401 4712 ad
1464 4659 1749 4726 sequentia
1801 4675 1994 4731 perge:

431 4753 571 4796 mus.

1025 4851 1104 4908 De
1139 4853 1357 4910 munda.

499 4961 586 5019 IV.
621 4963 854 5020 Mundus
879 4974 961 5030 est
983 4982 1269 5039 compages
1291 4985 1357 5024 ex
1383 4971 1522 5026 caelo
1543 4977 1811 5043 terraque,
1835 4982 1888 5029 et
1920 4974 1988 5030 iis

431 5055 640 5110 naturis
672 5067 1066 5126 coagmentata,
1093 5075 1213 5128 qua:
1241 5069 1469 5131 utroque
1497 5067 1987 5123 continentur.Cm—

431 5142 539 5196 lum
581 5153 664 5199 est
690 5144 740 5198 id
768 5147 912 5214 quod
946 5148 1128 5201 omnia
1161 5165 1281 5216 qua:
1314 5162 1460 5217 sunt,
1496 5165 1688 5224 praeter
1720 5158 1982 5226 seipsum,

429 5236 827 5305 complectitur.
865 5236 1056 5294 Ether
1086 5248 1169 5297 est
1199 5245 1513 5301 tenuissima
1545 5250 1862 5305 substantia:
1885 5251 1988 5307 dif-

433 5326 594 5390 fusio,
647 5335 840 5398 suapte
892 5339 1087 5387 natura
1129 5335 1302 5390 calida
1332 5346 1384 5392 et
1429 5341 1749 5409 splendida;
1785 5357 1847 5396 ac
1870 5343 1986 5414 pri-

432 5415 662 5484 migenia
697 5424 806 5480 lux,
837 5436 1010 5491 neque
1051 5425 1119 5479 ah
1163 5427 1330 5481 altera
1357 5430 1700 5499 participata.
1754 5433 1860 5487 Aer
1902 5443 1987 5489 est

2101 4578 2348 4632 Τοσαῦτα
2401 4579 2500 4648 μὲν
2536 4578 2756 4650 ἀρκέσει
2800 4579 2876 4640 ὡς
2918 4578 2977 4630 ἐν
3016 4576 3250 4644 ἐπιτομῇ
3296 4567 3633 4642 περὶτούτων

2103 4670 2388 4742 εἰρῆσθαι·
2419 4671 2547 4740 ἑξῆς
2577 4671 2633 4724 δὲ
2662 4671 2730 4723 τὰ
2761 4667 3029 4724 ἀκόλουθα
3054 4666 3259 4720 τούτων
3285 4665 3524 4736 ἐροῦμεν.

2661 4866 2801 4936 Περὶ
2846 4867 3097 4936 κόσμου.

2163 4985 2237 5038 Δ’.
2273 4985 2494 5056 Κόσμος
2533 4982 2651 5036 ἐστὶ
2691 4982 2942 5053 σύστημα
2990 4979 3218 5050 οὐρανοῦ
3262 4978 3354 5032 καὶ
3402 4974 3518 5044 γῆς,
3551 4967 3629 5022 καὶ

2091 5076 2200 5130 τῶν
2253 5079 2310 5129 ὲν
2351 5077 2561 5140 τούτοις
2612 5075 2845 5146 φύσεων.
2898 5073 3136 5144 οὐρανὸς
3184 5072 3240 5126 δὲ
3288 5072 3349 5122 τὸ
3404 5064 3626 5136 περιὲχΟν

2092 5167 2270 5220 πάντα
2303 5169 2370 5221 τὰ
2395 5167 2542 5229 ὄντα,
2578 5166 2716 5236 πλὴν
2759 5162 2945 5217 αὐτοῦ.
2978 5163 3150 5233 Αἰθὴρ
3178 5161 3234 5214 δὲ
3282 5158 3458 5250 οὐσίας
3493 5151 3626 5250 χύεξα

2087 5257 2149 5310 τὸ
2176 5258 2522 5320 λεπτότατον,
2556 5255 2755 5328 θερμὸν
2782 5256 2938 5325 φύσει
2971 5254 3062 5307 καὶ
3092 5251 3343 5322 λαμπρόν
3361 5268 3373 5280 ⁸
3401 5248 3457 5300 τὸ
3492 5248 3613 5315 πρυ)

2087 5363 2179 5398 τον
2218 5346 2352 5414 φῶς,
2399 5347 2494 5399 καὶ
2547 5347 2620 5416 μὴ
2666 5345 2805 5397 κατὰ
2842 5344 3072 5415 μετοχὴν
3122 5342 3306 5413 ἑτέρου
3344 5334 3622 5416 γινόμενδγο

2100 5433 2230 5505 Ἀὴρ
2260 5435 2317 5487 δὲ
2343 5435 2496 5488 οὐσία
2523 5415 2722 5502 κοῦφη,
2756 5431 2976 5503 ζοφερά,
3008 5430 3148 5484 κατὰ
3171 5428 3396 5500 μετοχὴν
3415 5425 3466 5477 δὲ
3497 5415 3624 5487 γινὸ-

431 5507 734 5560 suhstantia
760 5508 893 5566 levis
915 5523 966 5568 et
997 5515 1313 5589 caliginosa,
1356 5536 1476 5591 qua:
1525 5525 1982 5578 communicatum

2119 5527 2304 5578 Levov".
2343 5526 2408 5578 Ἠ
2463 5526 2522 5578 δὲ
2567 5524 2743 5596 θερμὴ
2790 5525 2883 5576 καὶ
2914 5521 3147 5593 φωτεινὴ
3177 5521 3312 5574 θεῶν
3351 5518 3406 5582 ἐξ
3429 5511 3622 5580 αἰθέρος

501 5659 525 5692 ⁸
550 5661 589 5727 Ῑ.
617 5660 920 5732 ὑπέργειον.
1009 5671 1031 5702 ⁵
1056 5671 1098 5734 ρ.
1134 5673 1410 5744 μυριάδες.
1500 5675 1522 5706 ⁸
1544 5674 1696 5744 [μὲν
1717 5674 1972 5732 ὠσθεῖσα.

2119 5678 2201 5732 Hic
2230 5681 2373 5735 locus
2401 5681 2716 5748 deprauatus
2745 5689 2792 5733 et
2822 5681 3057 5734 mutilus.
