3800 6316
112 297 227 353 1M5

113 512 279 565 στάσιν
314 509 457 578 έχον,
509 507 624 562 ἀλλ’
672 509 760 561 ἀεὶ
811 511 1084 582 φερομένη
1120 509 1322 580 κύκλῳ.
1356 509 1560 573 Πόλος⁶
1593 510 1651 562 δὲ

111 601 377 656 καλοῦνται
400 601 448 652 οἱ
477 599 618 652 κατὰ
648 600 889 671 κορυφὴν
911 601 1065 654 τόποι
1089 601 1190 670 τῆς
1218 600 1451 671 σφαίρας
1470 617 1483 630 ·
1510 600 1652 666 ἄξων

109 691 236 746 δὲτὸ
283 691 372 744 διὰ
404 690 565 761 μέσον
601 691 700 760 τῆς
747 691 980 762 σφαίρας
1020 691 1202 762 διῆκον
1230 691 1477 762 πνεῦμα·
1515 693 1652 764 ὅπερ

109 785 234 837 ἐστὶν
264 783 451 837 εὐθεῖά
475 800 577 847 τις.
603 783 806 837 Κύκλοι
827 784 884 836 δὲ
913 782 1160 852 λέγονται
1187 783 1246 836 ὲν
1277 781 1357 853 τῷ
1399 784 1613 856 οὐρανῷ
1631 801 1646 816 ο

107 875 253 940 ζῶναι
279 875 337 928 δὲ
360 874 453 928 ἐπὶ
481 875 579 945 τῆς
605 875 708 946 γῆς
729 892 745 907 ο
778 875 1023 947 κόλουροι
1052 875 1109 928 δέ
1131 876 1266 928 εἰσιν
1296 880 1370 939 ς’.

163 1146 311 1208 Οὗτοι
341 1154 399 1208 δὲ
427 1155 476 1207 οἱ
503 1154 815 1222 ἀναγκαῖοι’·
837 1156 865 1208 6
889 1154 1278 1226 μεσημϐρινὸς,
1303 1153 1398 1208 καὶ
1431 1154 1460 1206 6
1487 1151 1580 1206 τοῦ
1604 1151 1651 1185 ⁸’

106 1247 248 1316 μέσον
292 1245 527 1315 τέμνων.
577 1246 775 1317 Νοητοὶ
816 1246 914 1317 μὲν
962 1243 1056 1300 οὖν
1081 1242 1224 1301 οὗτοι
1249 1261 1260 1278 ³
1309 1244 1562 1314 αἰσθητὸς
1592 1245 1649 1298 δὲ

103 1338 422 1406 ὁγαλαξίας.
463 1338 521 1391 Ὀ
552 1339 763 1408 τέμνων
789 1339 882 1392 καὶ
913 1339 1108 1410 ὁρίζων
1138 1338 1304 1392 ἐστίν.
1346 1335 1571 1408 Ὀρίζων
1592 1337 1650 1390 δὲ

103 1428 297 1496 λέγεται
331 1431 359 1482 ὁ
381 1428 587 1491 διιστὰς
608 1428 716 1482 τῶν
741 1429 1034 1500 ὁρωμένων
1071 1429 1140 1482 τὰ
1171 1428 1244 1499 μὴ
1270 1425 1518 1500 ὁρώμενα
1549 1425 1650 1495 τῆς

103 1519 320 1591 σφαίρας
340 1537 355 1551 ·
391 1519 485 1572 καὶ
517 1519 630 1572 ἔστι
650 1537 756 1574 των
792 1519 1081 1588 μεγίστων.
1110 1519 1310 1588 Τέμνει
1343 1517 1398 1570 δὲ
1425 1518 1515 1571 τὸν
1543 1516 1650 1580 ζω-

100 1608 288 1671 διακὸν,
320 1611 415 1661 καὶ
445 1609 698 1678 τέμνεται
729 1609 820 1662 ὑπ’
859 1605 1043 1661 αὑτοῦ.
1087 1607 1235 1660 Ὄλοι
1259 1606 1305 1659 δ’
1331 1606 1437 1660 είσὶ
1461 1605 1650 1659 κύκλοι

101 1696 165 1761 ἒξ,
190 1697 235 1750 oi
265 1698 550 1768 τράνοντες
577 1700 598 1731 ⁹
623 1698 715 1751 καὶ
744 1696 1064 1768 διορίζοντες
1093 1696 1161 1750 τὰ
1184 1694 1644 1767 δωδεκατημόρια.

1137 295 1414 353 INCERTI
1439 297 1528 352 AD
1565 298 1773 354 ARA’I‘I
1799 294 2276 360 ΡΗΕΝΟΜΕΝΔ.

114 399 422 486 συνεστηκός
441 431 456 445 ο
488 415 546 479 ὃς
572 415 651 468 ὣν
682 414 935 488 λαμπρὸς
972 418 1068 474 καὶ
1101 417 1373 489 πυρώδης,
1400 417 1652 471 οὐδέποτε

1762 420 1974 479 aliunde
2003 423 2275 488 calorem,
2319 439 2384 482 ac
2435 431 2615 487 lumen

3171 312 3307 370 1146

2739 470 2758 487 .
2804 445 2867 487 ex
2921 432 3118 488 aethere
3160 449 3308 489 com-

1752 520 1972 583 pactum
2005 535 2018 570 :
2053 517 2145 586 qui
2195 532 2318 572 cum
2359 519 2675 589 splendidus
2706 521 3001 594 igneusque
3032 525 3123 591 sit,
3158 528 3308 584 nullo

1753 611 1992 672 tempore
2016 607 2376 676 conquiescit,
2418 610 2509 665 sed
2542 611 2596 664 in
2619 611 2804 666 orbem
2826 623 3086 684 perpetuo
3121 631 3307 673 move-

1750 697 1862 746 tur.
1900 693 2062 750 Polos
2089 697 2367 767 appellant
2400 698 2519 754 loca
2550 700 2796 770 quaadam
2827 702 2882 756 in
2923 704 3146 773 sphaere
3188 723 3309 762 ver-

1749 781 1856 837 tice
1889 800 1902 836 :
1937 797 2090 840 axem
2133 802 2280 852 vero,
2334 789 2586 860 spiritum
2639 793 2734 862 qui
2775 794 3043 863 sphaeram
3073 797 3306 852 mediam

1750 876 2018 946 pervadit,
2068 878 2171 934 hoc
2215 888 2300 936 est
2350 882 2546 938 lineam
2605 885 2758 957 145
2792 896 3012 941 rectam.
3059 886 3308 945 Circulos

1749 967 2098 1026 nominamus
2130 971 2186 1026 in
2234 973 2376 1028 ccelo
2407 992 2421 1030 :
2471 990 2638 1031 zonas
2665 976 2723 1031 in
2747 983 2911 1032 terra.
2965 975 3151 1034 Coluri
3180 985 3310 1034 sunt

1748 1070 1868 1113 88!.

1822 1147 1928 1206 Sed
1959 1150 2014 1206 hi
2045 1160 2173 1208 sunt
2220 1155 2456 1213 maxime
2483 1157 2780 1213 necessarii
2812 1177 2826 1212 :
2860 1159 3222 1225 meridianus;
3254 1165 3309 1214 et

1757 1241 1854 1312 qui
1888 1243 2124 1300 medium
2160 1256 2329 1302 secat.
2367 1247 2545 1319 Atque
2590 1249 2645 1304 hi
2692 1249 2912 1321 quidem
2951 1250 3307 1320 intelligentia

1751 1335 1889 1396 sola,
1946 1351 2056 1390 non
2111 1337 2290 1408 reipsa
2339 1343 2665 1395 consistunt.
2693 1344 2764 1395 At
2808 1341 3014 1396 lacteus
3066 1341 3307 1396 circulus

1749 1437 1917 1478 sensu
1979 1439 2194 1494 quoque
2251 1427 2570 1498 percipitur.
2615 1427 2784 1484 Porro
2839 1444 2996 1499 quem
3045 1429 3307 1484 circulum

1759 1529 1950 1570 secare
1975 1516 2210 1572 medium
2249 1518 2506 1583 diximus,
2547 1517 2688 1574 idem
2735 1527 2788 1576 et
2821 1521 3043 1576 horizon
3087 1518 3305 1573 dicitur.

1749 1605 2103 1662 llorizontem
2127 1624 2404 1670 vocamus,
2433 1611 2526 1681 qui
2559 1611 2784 1681 sphaera:
2813 1619 2994 1681 partes
3032 1626 3146 1674 eas,
3188 1626 3310 1681 quae

1747 1695 2020 1762 videntur,
2070 1707 2284 1769 separat
2329 1700 2396 1756 ab
2453 1701 2520 1757 iis
2574 1717 2693 1771 qua:
2745 1701 2968 1756 minime
3013 1700 3306 1766 videntur;

99 1782 570 1855 Δωδεκατημόριον
604 1784 661 1837 δέ
691 1784 837 1837 ἐστιν
865 1785 1093 1839 ἕκαστον
1119 1783 1313 1857 τμῆμα
1339 1783 1448 1838 τῶν
1489 1785 1548 1838 ἐν
1575 1781 1653 1854 τῷ

1762 1786 1914 1857 isque
1947 1788 2088 1844 inter
2128 1791 2394 1846 maximos
2444 1801 2854 1856 annumeratur,
2886 1806 3079 1848 secans
3122 1790 3309 1845 zodia—

99 1870 347 1942 ζωδιακῷ.

1749 1893 1898 1944 cum,
1931 1889 1986 1936 et
2019 1880 2260 1938 vicissim
2303 1882 2373 1937 ab
2418 1899 2484 1938 eo
2515 1892 2718 1940 sectus.
2773 1883 2912 1939 Sunt
2961 1891 3139 1938 autem
3188 1879 3313 1936 uni-

98 1980 234 2021 verse
256 1967 444 2023 circuli
475 1983 591 2034 sex,
621 1968 712 2038 qui
743 1968 1180 2024 dodecatemoria
1208 1965 1550 2040 distinguunt
1587 1979 1654 2022 ac
1689 1968 2073 2030 determinant.
2115 1975 2612 2032 Dodecatemorium
2640 1985 2725 2034 est
2780 1983 3114 2049 segmentum
3139 1971 3313 2046 quod-

99 2057 212 2112 libet
239 2074 426 2114 eorum
457 2074 576 2128 qua:
597 2069 724 2114 sunt
755 2059 811 2114 in
841 2058 1087 2114 zodiaco.

399 2171 463 2225 Τί
495 2170 757 2241 διαφέρει
800 2169 1028 2239 ἄστρον
1060 2171 1331 2238 ἀστέρος.

160 2284 226 2336 E'.
261 2283 513 2356 Διαφέρει
541 2283 598 2338 δὲ
633 2283 832 2354 ἄπρον
864 2283 1112 2355 ἀστέρος.
1144 2281 1216 2335 Τὸ
1248 2281 1346 2353 μὲν
1370 2292 1477 2351 γαρ
1501 2281 1650 2334 ἐστιν

97 2376 297 2428 εἴδωλον
340 2378 403 2428 ὲκ
450 2375 657 2429 πολλῶν
702 2377 944 2448 ἀστέρων
989 2373 1416 2448 μεμορφωμένον
1437 2391 1450 2404 ο
1498 2372 1560 2426 τὸ
1593 2372 1651 2426 δὲ

1994 2171 2138 2238 Quid
2166 2174 2375 2228 intersit
2401 2183 2604 2228 astrum
2628 2173 2766 2226 inter
2787 2180 2837 2225 et
2865 2171 3092 2226 stellam.

1822 2277 1887 2334 ν.
1923 2277 2110 2335 Diﬂert
2125 2289 2331 2338 astrum
2361 2299 2389 2338 a
2415 2285 2590 2339 stella.
2623 2283 2717 2338 Est
2731 2285 2874 2339 enim
2894 2285 3022 2338 illud
3046 2285 3223 2355 imago
3249 2301 3314 2342 ex

1755 2370 1943 2426 multis
1972 2371 2146 2427 stellis
2169 2373 2434 2444 eﬂigiata;
2467 2374 2581 2428 haec
2611 2388 2743 2428 vero
2772 2374 3025 2443 simplex,
3059 2383 3111 2428 et
3155 2377 3315 2430 unica

98 2467 219 2520 κατὰ
274 2467 398 2536 μίαν
445 2469 663 2539 γραφὴν
717 2466 1178 2539 περιοριζόμενον.
1231 2467 1457 2535 Φέρεται
1515 2464 1573 2518 δὲ
1625 2464 1653 2518 6

1763 2459 2128 2531 descriptione
2169 2469 2453 2519 constans.
2487 2461 2749 2518 Caeterum
2795 2463 2876 2516 sol
2929 2470 3118 2516 contra
3151 2472 3315 2532 atque

96 2559 226 2625 ἣλιος
252 2559 348 2630 τὴν
380 2559 624 2612 ἐναντίαν
665 2557 837 2630 φορὰν
875 2558 953 2630 τῷ
995 2558 1206 2630 οὐρανῷ
1230 2574 1245 2589 ⁸
1288 2557 1427 2610 ὥστε
1459 2557 1653 2626 δισσήν

1762 2553 1953 2607 celum
1981 2555 2218 2624 agitatur
2242 2593 2258 2617 ,
2293 2554 2428 2610 adeo
2462 2561 2520 2607 ut
2551 2553 2818 2622 duplicem
2851 2559 3057 2605 motum
3087 2550 3310 2606 habeat:

95 2646 243 2700 αὐτοῦ
304 2647 514 2717 κίνησιν
566 2642 743 2700 εῖναιο
784 2647 884 2717 τὴν
941 2648 1038 2717 μὲν
1068 2648 1164 2701 σὺν
1187 2645 1266 2717 τῷ
1305 2646 1512 2716 κόσμῳ,
1556 2645 1653 2716 τὴν

1762 2644 1993 2698 alterum
2028 2659 2372 2700 communem
2416 2657 2540 2698 cum
2570 2641 2793 2706 mundo,
2830 2641 3155 2710 peculiarem
3182 2641 3318 2696 alte-

96 2737 142 2788 δὲ
171 2739 289 2790 κατ’
329 2738 460 2792 ίδίαν
488 2739 556 2791 ¹⁹.
606 2739 759 2808 Ἔχει
791 2738 846 2791 δὲ
872 2737 964 2791 τοῦ
996 2737 1095 2809 μὲν
1155 2738 1344 2808 θέρους
1375 2739 1408 2808 ἠ
1452 2736 1653 2808 ἡμέρα,

1762 2750 1898 2790 rum.
1927 2735 2098 2792 Habet
2117 2744 2297 2792 autem
2329 2736 2549 2791 aestivus
2571 2734 2706 2798 dies,
2731 2732 2949 2804 quando
2976 2733 3056 2787 sol
3082 2733 3313 2796 obtinet,

95 2828 170 2882 ὅτε
195 2829 339 2882 ἐστὶν
378 2831 406 2882 6
432 2830 583 2898 ἥλιος
611 2831 668 2882 ὲν
706 2829 986 2901 Καρκίνῳ,
1031 2828 1173 2882 κατὰ
1202 2828 1298 2899 τὴν
1335 2826 1584 2881 Ἐλλάδαο
1619 2828 1652 2897 ἡ

1762 2827 1812 2882 in
1855 2824 2084 2892 Graecia,
2291 2841 2398 2881 nox
2442 2838 2571 2879 vero
2602 2821 2738 2878 duas
2767 2822 3024 2893 quintas;
3053 2829 3107 2874 at
3139 2821 3316 2876 hieme

95 2919 145 2972 δὲ
173 2921 268 2986 νὺξ
294 2921 384 2974 καὶ
413 2920 506 2973 δύο
535 2920 755 2992 πέμπτη
787 2921 922 2991 μόνα
949 2921 990 2951 ¹¹
1011 2937 1024 2950 ’
1068 2921 1160 2973 ἐπὶ
1201 2919 1258 2973 δὲ
1304 2916 1570 2990 χειμῶνος
1591 2917 1652 2970 τὸ

1762 2927 1948 2974 contra
1971 2933 2092 2975 sese
2129 2934 2218 2974 res
2258 2918 2438 2973 habet.
2473 2916 2663 2972 Sidera
2699 2916 2989 2985 ἀμφιφανη
3025 2919 3312 2976 vocantur,

97 3011 365 3066 ἀνάπαλιν.
399 3015 606 3082 ’Δστρα
651 3012 938 3082 ἁμφιφανῆ
980 3011 1063 3076 δὶς
1103 3011 1212 3082 γὰρ
1256 3011 1353 3082 τὴν
1390 3013 1432 3042 ¹²
1481 3010 1650 3082 αὐτὴν

1762 3027 1878 3082 quae
1906 3011 1992 3067 bis
2022 3011 2212 3068 eadem
2243 3017 2403 3066 nocte
2445 3016 2763 3065 cernuntur.
2792 3003 2851 3060 In
2901 3003 3128 3060 australi
3177 3001 3316 3058 nihil

97 3102 273 3172 ὁρᾶται
294 3103 481 3158 νύκτα.
502 3103 589 3158 Ἐν
608 3101 687 3174 τῷ
720 3102 874 3174 νοτίῳ
901 3103 1000 3157 οὐκ
1015 3101 1157 3157 ἐστιν
1189 3101 1315 3156 ίδεϊν
1325 3118 1380 3156 τι
1390 3101 1649 3156 τοιοῦτον.

1762 3113 1980 3177 apparet
2004 3101 2297 3175 ejusmodi.

453 3312 641 3365 Πόσοι
671 3311 726 3364 οι
754 3309 975 3376 πάντες
1000 3307 1270 3376 ἀστέρες.

165 3424 249 3490 ς’.
265 3421 399 3488 Τοὺς
411 3423 618 3486 πάντας
637 3423 868 3495 ἀστέρας
889 3420 1328 3492 εἶναιἹππαρχός
1342 3437 1508 3492 φησιν
1524 3427 1648 3484 ,απ”

97 3511 198 3564 ὅσοι
223 3508 312 3566 οὖν
340 3513 604 3585 πληροῦσι
637 3515 706 3568 τὰ
737 3516 797 3568 ἐν
833 3515 949 3578 τοῖς
987 3512 1329 3583 φαινομένοις
1373 3510 1649 3582 ὁρώμενα.

109 3605 379 3674 Ἀντίζυγα
405 3606 462 3659 δέ
493 3608 610 3660 ἐστι
637 3605 803 3670 ξὼδια
825 3605 951 3661 τάδε
972 3624 985 3636 ·
1027 3606 1214 3678 Κριὸς,
1257 3603 1433 3676 Χηλαί
1452 3621 1466 3636 ·
1507 3605 1552 3657 Τ
1555 3603 1652 3658 αὖ-

99 3713 200 3765 ρος,
239 3697 534 3768 Σκορπίος·
580 3698 838 3768 Δίδυμοι,
885 3696 1152 3768 Τοξότης⁸
1202 3696 1299 3750 καὶ
1339 3696 1653 3768 Δίγόκερως

97 3787 339 3856 Καρκίνῳ
360 3804 374 3818 ο
404 3786 594 3841 Λέοντι
633 3787 915 3859 Ὑδροχόος
936 3803 950 3819 ο
988 3787 1248 3859 Παρθένῳ
1288 3786 1510 3858 ’1χθύες.

318 3921 447 3988 Περὲ
483 3919 604 3974 τῶν
631 3919 742 3989 τῆς
774 3919 1044 3988 σελήνης
1077 3917 1422 3990 σχημάτων.

158 4031 231 4084 Z'.
265 4030 380 4086 Τῶν
413 4032 468 4086 δὲ
501 4033 793 4103 σχημάτων
815 4033 912 4104 τῆς
944 4032 1170 4104 σελήνης
1200 4030 1475 4101 φωτεινῶν
1518 4031 1652 4084 εἰσιν

98 4122 196 4175 οἵδε
223 4122 389 4196 [μέν]
415 4124 718 4196 Μηνοειδὴς
749 4125 844 4196 μὲν
875 4119 966 4178 οὖν
992 4125 1158 4188 ἐστιν,
1185 4124 1312 4177 ὅταν
1343 4120 1448 4175 ὑπὸ
1475 4138 1654 4194 γραμ-

101 4216 210 4284 μῶν
257 4219 602 4290 περιφέρειαν
653 4217 1007 4288 περιέχηται’
1069 4215 1350 4287 διχότομος
1395 4213 1472 4279 δὲ,
1526 4213 1654 4267 ὅταν

95 4307 1652 4376 ήμικύκλων..........ο.οο

161 4400 423 4472 Διαφορὰς
459 4397 751 4471 τέμνεσθαι
783 4399 880 4469 τῆς
912 4397 1178 4469 σφαίραςο
1209 4395 1308 4466 τὴν
1347 4394 1405 4448 δὲ
1444 4393 1654 4465 παράλ-
1683 4426 1729 4482 D

94 4487 250 4559 ληλον
279 4493 366 4544 κιιῖ⁵
396 4491 493 4564 τὴν
522 4489 820 4561 λεγομένην
853 4487 1012 4560 λοξὴν
1031 4506 1046 4521 ο
1081 4487 1162 4542 ἔτι
1194 4487 1253 4540 δὲ
1278 4486 1376 4558 τὴν
1409 4484 1649 4558 ὁρθινήν.

97 4579 466 4653 Παραλλήλους
519 4583 618 4654 μὲν
663 4584 719 4635 ὲν
765 4579 843 4651 τῷ
876 4579 1066 4651 κόσμῳ
1099 4577 1412 4649 συμὸέϐηκε
1452 4575 1652 4644 λέγειν,

97 4669 205 4723 ὅσοι
229 4671 314 4724 τὸν
341 4673 499 4726 αὑτὸν
521 4671 703 4742 έχουσι
732 4669 894 4723 πόλον
921 4671 988 4740 τῇ
1023 4668 1160 4738 αὑτῇ
1196 4667 1402 4738 σφαίρᾳ
1420 4685 1434 4699 ο
1462 4665 1654 4737 ὀρθοὺς

95 4761 148 4814 δὲ
174 4761 356 4815 τούσδε
383 4765 507 4826 τοὺς
529 4763 639 4816 ἀπὸ
674 4761 781 4815 τῶν
807 4760 1005 4816 πόλων.
1035 4759 1235 4824 Λοξοὺς
1257 4759 1312 4811 δὲ
1336 4751 1410 4812 ὧν
1443 4757 1511 4810 τὰ
1542 4755 1658 4809 ἐπί-

98 4853 231 4905 ποδα
266 4854 561 4925 κέκρυπται
593 4855 636 4886 ¹³
673 4854 809 4925 πρὸς
837 4853 962 4916 τοὺς
993 4851 1316 4922 λεγομένους
1341 4849 1534 4922 ὀρθοὺς
1560 4848 1654 4902 καὶ

95 4946 220 5008 τοὺς
250 4947 635 5020 παραλλήλους.
676 4945 943 5015 ’Δπείρως
975 4943 1031 4996 δὲ
1061 4940 1391 4995 ἐπινοεῖσθαι
1415 4937 1653 5009 δυναμέ-

98 5052 201 5088 νων
247 5038 300 5090 ὲν
342 5039 488 5110 τρισὶ
530 5039 814 5108 διαφοραῖς
858 5035 1096 5096 κύκλων,
1130 5032 1348 5103 νοητέον
1391 5029 1496 5083 ὑπὸ
1544 5027 1653 5080 τῶν

103 5126 488 5198 μαθηματικῶν
546 5130 672 5192 τοὺς
731 5130 811 5191 είς
864 5126 963 5197 τὴν
1023 5125 1210 5197 χρείαν
1267 5123 1366 5192 τῆς
1423 5119 1654 5191 θεωρίας

100 5219 283 5288 ἔχοντα
314 5222 700 5295 παρειλῆφθαι.
734 5219 1119 5291 Παραλλήλους
1160 5218 1216 5270 δὲ
1249 5217 1337 5269 τόν
1364 5232 1424 5268 τε
1457 5215 1651 5286 ἀρκτι-

97 5310 193 5362 κὸν
225 5314 310 5366 καὶ
337 5315 426 5368 τὸν
455 5315 664 5388 θερινὸν
696 5313 976 5387 τροπικὸν,
1010 5313 1105 5366 καὶ
1145 5309 1235 5364 τὸν
1267 5306 1648 5379 ἀνταρκτικόν.

102 5401 245 5472 ’Δρα
264 5421 319 5457 τε
354 5405 412 5459 δὲ
436 5407 616 5472 αὐτὸς,
643 5407 736 5461 καὶ
765 5405 812 5440 ⁸⁸
837 5406 924 5460 ἀεὶ
953 5401 1203 5474 φανερὸς,
1235 5399 1322 5453 διὰ
1346 5398 1409 5452 τό
1431 5415 1490 5452 τε
1517 5397 1653 5451 πάν-

204 5621 228 5652 ¹⁸
256 5622 292 5690 f.
324 5625 492 5680 πόλοι.
567 5625 612 5658 ⁸⁶
643 5622 684 5692 f.
715 5622 796 5677 τό.
847 5622 869 5654 ⁹
901 5617 1310 5692 [πρανοῦντες.
1349 5615 1423 5647 ’¹⁰
1452 5613 1584 5692 flare
1611 5629 1653 5666 η]

1767 5625 1885 5692 osa;
1919 5677 1930 5692 _
1960 5605 2073 5692 “‘f.
2099 5603 2510 5692 πεμπτημόρια.
2589 5600 2630 5631 ¹²
2657 5599 2696 5668 Ῑ.
2725 5595 2864 5650 κατὰ
2884 5594 3000 5662 τήν.

2273 3299 2416 3364 Quot
2457 3297 2563 3350 sint
2607 3295 2794 3350 ειειιω.

1820 3409 1911 3468 Vl.
1945 3411 2142 3467 Stellas
2185 3425 2374 3466 omnes
2418 3408 2758 3479 Hipparchus
2780 3403 2976 3461 asserit
3001 3418 3124 3460 esse
3145 3403 3313 3459 £080;

1752 3518 1871 3574 qua:
1898 3502 2157 3557 nimirum
2202 3501 2648 3557 constellationes
2698 3504 3016 3568 apparentes
3059 3492 3315 3550 eﬂiciunt.

1751 3593 2015 3665 Opposita
2055 3593 2213 3662 signa
2243 3589 2610 3652 suutzAries,
2643 3586 2842 3653 Chelae;
2879 3585 3111 3649 Taurus,
3155 3580 3320 3636 Scor—

1751 3688 1895 3760 pius;
1917 3686 2152 3751 Gemini,
2171 3683 2522 3756 Sagittarius;
2543 3682 2671 3737 item
2697 3679 3060 3751 Capricornus
3081 3673 3320 3742 Cancro,

1751 3779 1921 3837 Leoni
1952 3778 2246 3850 Aquarius,
2274 3775 2487 3848 Virgini
2509 3773 2720 3830 Pisces.

2223 3913 2300 3968 De
2330 3912 2516 3983 ﬁguris
2553 3907 2852 3963 lunaribus.

1819 4029 1934 4085 VII.
1975 4028 2292 4082 llluminata:
2322 4033 2460 4080 lunae
2488 4023 2696 4096 efﬁgies
2733 4024 2852 4077 istae
2886 4026 3034 4074 sunt.
3060 4016 3324 4072 Cornicu-

1751 4119 1860 4174 lata
1905 4119 2125 4181 dicitur,
2173 4115 2392 4186 quando
2435 4113 2580 4168 illius
2608 4111 2843 4166 ambitus
2872 4108 3031 4162 lineis
3078 4106 3323 4160 contine-

1753 4218 1862 4266 tur.
1885 4209 2174 4264 Dimidiata
2203 4221 2350 4271 vero,
2381 4219 2505 4259 cum
2547 4242 2562 4258 .
2605 4243 2620 4258 .
2665 4243 2679 4257 .
2721 4240 2736 4256 .
2780 4239 2796 4255 .
2834 4240 2849 4255 .
2892 4236 2907 4252 .
2949 4237 2963 4252 .
3010 4238 3026 4253 .
3067 4234 3082 4248 .
3128 4233 3143 4248 .
3183 4233 3197 4247 .
3243 4232 3258 4246 .
3301 4231 3318 4250 .

1817 4383 2253 4457 Equidistantes
2291 4378 2631 4448 appellantur
2674 4375 2728 4429 in
2779 4370 3001 4436 mundo,
3032 4368 3123 4439 qui
3171 4383 3322 4422 eum-

1756 4478 1878 4534 dem
1920 4476 2120 4531 habent
2155 4487 2279 4528 eum
2322 4470 2532 4539 sphzera
2567 4467 2683 4537 ipsa
2724 4465 2946 4534 polum:
2979 4462 3070 4530 qui
3100 4457 3321 4528 quidem

1754 4585 1878 4626 cum
1894 4567 2034 4640 polis
2053 4561 2374 4635 comparati,
2391 4560 2523 4616 recti
2543 4557 2912 4612 nominantur.
2932 4550 3147 4621 Obliqui
3167 4556 3318 4640 sunt,

1753 4637 1988 4733 quorum
2035 4657 2195 4728 plana
2238 4653 2573 4708 inclinantur
2620 4647 2688 4702 ad
2738 4653 2938 4708 rectos,
2988 4650 3042 4697 et
3095 4637 3321 4709 atquidi-

1754 4740 1982 4811 stantes.
2013 4751 2149 4806 Cum
2181 4755 2360 4802 autem
2395 4744 2624 4800 inﬁnitis
2664 4740 2840 4797 modis
2865 4733 3160 4806 excogitari
3193 4745 3322 4802 pos-

1756 4849 1868 4904 sint
1900 4846 1954 4899 in
1979 4841 2181 4913 triplici
2203 4838 2508 4895 differentia
2529 4835 2742 4896 circuli,
2771 4826 3180 4898 intelligendum
3211 4828 3318 4913 est,

1757 4954 1853 4994 eos
1887 4910 2152 4990 duntaxat
2190 4948 2220 4986 a
2262 4926 2661 4984 mathematicis
2699 4922 2970 4977 adhibitos
3006 4917 3194 4976 fuisse,
3225 4910 3320 4981 qui

1757 5029 1826 5084 ad
1855 5029 2068 5080 illarum
2094 5038 2273 5078 rerum
2299 5017 2808 5086 contemplationem
2849 5008 3098 5065 utilitatis
3119 5001 3322 5073 aliquid

1757 5120 2032 5175 all‘errent.
2061 5113 2308 5170 l’aralleli
2347 5120 2492 5173 sunt,
2518 5109 2773 5172 arcticus,
2801 5103 3022 5159 aestivus
3057 5097 3320 5166 tropicus,

1757 5219 1813 5266 et
1843 5207 2200 5264 antarcticus.
2232 5203 2489 5256 Arcticus
2519 5201 2656 5254 alias
2686 5210 2900 5266 semper
2931 5203 3197 5262 apparens
3227 5200 3324 5240 vo-

1756 5311 1932 5364 catur,
1972 5297 2116 5368 quod
2145 5301 2408 5366 perpetuo
2440 5290 2707 5352 videatur,
2741 5302 2839 5341 nec
2888 5273 3125 5352 unquam
3176 5272 3325 5330 occi-

1758 5393 1889 5447 dat.
1925 5428 1940 5443 .
1978 5430 1993 5445 .
2027 5427 2042 5441 .
2077 5427 2092 5442 .
2138 5387 2484 5442 Concurrunt
2532 5395 2631 5452 pro
2679 5379 2963 5449 regionum
3020 5370 3322 5427 varietate:

3079 5588 3122 5621 ιι
3150 5588 3190 5658 ί.
3220 5581 3330 5640 ἐπί-

109 5674 535 5750 πεδαᾮέκλιται.
611 5674 739 5763 ιη(
758 5674 1022 5762 ἆρκτῖκδξ
1049 5691 1106 5744 δὲ
1131 5691 1159 5743 ὁ
1181 5674 1342 5751 αὐτὸς
1372 5685 1486 5752 καί,
1523 5693 1622 5740 etc.
1678 5680 1830 5746 Mox,
1857 5677 1944 5733 διὰ
1973 5678 2033 5730 τὸ
2061 5674 2312 5729 πάντοτε.
