3800 6326
476 281 656 369 ”ιιι7

1530 299 1618 353 ΑΙ)
1656 295 1926 357 EUSEBII
1961 292 2358 354 CHRONICON
2398 295 2758 352 APPENDIX.

3611 299 3730 354 H48

519 430 763 488 verticali
794 433 996 500 puncto
1021 423 1093 479 ad
1116 429 1378 486 austrum,
1405 418 1490 473 vel
1522 415 1830 487 aquilonem
1866 412 2076 483 longius

2204 426 2296 462 τοτε
2346 411 2658 479 φαίνεσθαι,
2718 426 2812 464 και
2869 411 3132 482 μηδέποτε
3174 410 3374 468 δύνειν.
3405 453 3420 468 .
3448 453 3463 468 .
3493 454 3508 468 .
3539 414 3731 486 Συμπίο

519 526 868 582 abscedente.

589 707 857 777 Tmpi‘cus
906 703 1143 758 circulus
1190 700 1271 758 sic
1317 697 1699 755 informandus
1744 697 1937 752 animo
1973 704 2078 761 est,

523 806 782 868 tanquam
812 795 894 852 sol
929 796 986 849 in
1018 794 1209 850 aestivo
1242 791 1478 848 solstitio
1514 792 1726 862 positus
1763 789 2083 859 parallelum

521 889 687 944 istum
718 903 748 942 a
780 903 839 943 se
867 886 1200 957 descriptum
1235 885 1492 940 sensibus
1539 883 1795 952 objiciat:
1848 879 2086 949 aequino-

520 979 850 1035 ctialis-ideo
879 979 1100 1043 dicitur,
1126 979 1268 1049 quod
1291 977 1545 1033 noctibus
1569 975 1684 1031 dies
1713 982 2082 1045 exaequentur,

520 1085 645 1125 cum
677 1069 744 1124 ad
770 1085 892 1124 eum
927 1071 1193 1124 circulum
1251 1068 1552 1123 secundum
1597 1080 1819 1122 sensum
1865 1064 1949 1118 sol
1995 1077 2085 1116 ac-

520 1159 779 1224 cesserit;
809 1159 1072 1214 hibernus
1101 1157 1348 1227 tr0picus
1377 1163 1624 1220 vocatur,
1653 1154 1796 1223 quod
1827 1168 1949 1208 eum
1980 1152 2088 1206 cir-

521 1250 704 1303 culum
756 1249 838 1304 sol
910 1249 1183 1318 attingens
1239 1248 1527 1302 hibernum
1573 1244 1864 1301 solstitium
1925 1241 2086 1308 facit;

523 1341 860 1394 antarcticus
912 1341 1020 1393 alio
1083 1339 1303 1394 nomine
1351 1353 1620 1407 nunquam
1686 1351 1938 1405 apparens
2006 1333 2090 1388 di-

522 1431 668 1484 citur
690 1445 755 1484 ex
793 1445 858 1484 eo
893 1429 1040 1499 quod
1083 1430 1278 1498 reipsa-
1307 1428 1602 1498 contingit,
1643 1435 1705 1480 ut
1748 1426 1899 1480 nullo
1929 1425 2091 1479 modo

523 1521 800 1575 videatur.
836 1519 1192 1590 Obliquorum
1225 1521 1333 1575 duo
1373 1528 1524 1584 sunt,
1559 1519 1652 1588 qui
1687 1519 1742 1572 in
1772 1532 1969 1573 sensus
2007 1517 2093 1570 in-

525 1620 778 1676 currunt,
817 1613 1076 1667 zodiacus
1114 1619 1169 1668 et
1211 1613 1454 1678 lacteus;
1523 1617 1578 1664 at
1618 1610 1934 1664 horizontes
1980 1608 2094 1662 sola

2179 515 2370 555 πτουσι
2396 501 2537 556 κατὰ
2570 501 2668 564 τὰς
2696 501 2985 573 διαφόρους
3013 503 3274 574 οἰκήσεις,
3298 503 3392 557 τοῦ
3417 506 3558 559 κατὰ
3586 524 3730 581 κορυο

2179 591 2284 662 φὴν
2315 592 2539 663 σημείου
2568 592 2884 664 νοτιωτέρου
2909 593 2942 663 ἢ
2969 593 3304 665 βορειοτέρου
3335 596 3636 667 γινομένου.

2251 683 2500 736 Νοείσθω
2529 683 2573 736 δ’
2601 686 2630 735 ὁ
2671 684 2769 754 μὲν
2801 683 3010 753 Θερινὸς
3035 686 3311 756 τροπικὸς,
3340 687 3442 740 τοῦ
3478 688 3626 758 ἡλίου
3651 691 3730 742 ἐπὶ

2183 774 2409 846 θερινῶν
2434 775 2650 845 τροπῶν
2677 775 2990 845 γενομένου,
3024 777 3119 831 καὶ
3146 779 3282 848 πρὸς
3315 777 3570 850 αἴσθησιν
3594 781 3728 834 τοῦτο

2184 864 2529 935 παράλληλον
2557 866 2858 936 γράφοντος
2880 882 2893 896 ·
2921 867 2950 918 0
2979 866 3035 918 δὲ
3080 868 3413 940 ἰσημερινός,
3445 870 3535 923 διὰ
3565 871 3620 923 τὸ
3644 873 3730 934 τὰς

2183 957 2396 1029 ἡμέρας
2423 961 2543 1022 ταῖς
2567 958 2715 1024 νυξὶν
2747 958 3070 1025 ἐξισοῦσθαι,
3096 963 3189 1016 τοῦ
3217 963 3368 1035 ἡλίου
3399 965 3544 1019 κατὰ
3568 967 3729 1020 τοῦτον

2185 1047 2470 1117 γινομένου
2500 1049 2590 1100 τὸν
2624 1048 2822 1103 κύκλον
2861 1051 2997 1122 πρὸς
3036 1052 3319 1124 αἴσθησιν·
3356 1056 3385 1106 0
3426 1056 3485 1109 δὲ
3515 1074 3730 1127 χειμερι-

2186 1138 2296 1200 νὸς,
2322 1138 2409 1190 διὰ
2433 1138 2494 1190 τὸ
2515 1138 2606 1190 τὸν
2634 1139 2806 1208 ἥλιον,
2829 1141 2978 1195 κατὰ
2995 1142 3180 1197 τοῦτον
3217 1145 3504 1216 γινόμενον
3533 1147 3616 1200 τον
3650 1149 3731 1199 κύρ-

2189 1229 2335 1295 κλον,
2379 1229 2690 1303 χειμερινὰς
2722 1233 2928 1304 τροπὰς
2974 1233 3274 1289 ποιεῖσθαι·
3307 1237 3657 1306 ἀνταρκτικὸς
3694 1239 3730 1290 δ’

2190 1316 2360 1385 οὗτος,
2402 1325 2493 1377 καὶ
2527 1325 2614 1376 ἀεὶ
2655 1325 2863 1396 ἀφανὴς
2907 1327 3017 1380 ἀπὸ
3058 1327 3151 1381 τοῦ
3187 1329 3593 1399 συμϐεϐηκότος
3619 1331 3731 1401 ἔχει,

2191 1417 2286 1472 καὶ
2316 1415 2566 1469 οὐδέποτε
2618 1418 2891 1486 φαίνεται·
2941 1419 3046 1472 τῶν
3085 1419 3143 1472 δὲ
3189 1419 3358 1486 λοξῶν
3409 1422 3506 1475 δύο
3545 1424 3634 1492 μὲν
3663 1425 3734 1477 ὁν-

2189 1525 2298 1562 των
2329 1509 2372 1540 ⁸⁸
2403 1508 2538 1580 πρὸς
2565 1509 2833 1580 αἴσθησιν,
2865 1512 2894 1564 ὃ
2916 1528 2974 1564 τε
3003 1511 3262 1576 ζωδιακὸς
3289 1514 3386 1566 καὶ
3412 1517 3440 1566 ὁ
3469 1515 3733 1583 γαὶαξίας·

2193 1601 2250 1655 οι
2273 1600 2330 1654 δὲ
2367 1600 2638 1671 ὁρίζοντες
2677 1603 2890 1673 ἐπινοίᾳ
2937 1603 3093 1674 μόνον
3137 1603 3526 1674 λαμϐάνονται.
3556 1608 3662 1659 Τῶν
3689 1609 3734 1661 δὲ

523 1706 725 1758 mentis
751 1704 1084 1773 cogitatione
1109 1711 1385 1758 constant.
1415 1703 1458 1756 E
1491 1703 1656 1757 rectis
1699 1701 1871 1756 coluri
1895 1715 2093 1756 nomen

2204 1691 2372 1764 ὀρθῶν
2392 1694 2440 1745 οἱ
2476 1692 2574 1762 μὲν
2599 1693 2843 1764 κόλουροι
2872 1692 2969 1764 τὴν
2987 1693 3278 1763 ὀνομασίαν
3303 1693 3519 1762 ἔχοντες
3538 1696 3636 1748 ἀπὸ
3657 1697 3733 1748 τοῦ

524 1811 591 1851 ex
637 1812 702 1850 eo
749 1797 932 1852 sortiti
977 1805 1124 1862 sunt,
1161 1796 1306 1865 quod
1348 1795 1524 1848 mutili
1570 1795 1699 1856 sint,
1743 1807 1845 1848 nec
1896 1791 2094 1862 integri

528 1897 828 1942 cernantur
872 1889 926 1942 in
975 1889 1335 1943 conversione
1382 1887 1625 1956 sphaerae.
1672 1885 2094 1956 IEquinoctialis

530 1977 656 2031 inde
701 1977 923 2043 dicitur,
972 1979 1116 2048 quod
1168 1979 1223 2032 in
1265 1993 1332 2033 eo
1381 1977 1708 2048 aequinoctia
1751 1977 2092 2046 contingant.

531 2067 734 2123 Omnes
789 2069 881 2123 isti
949 2077 1094 2124 recta
1159 2077 1212 2124 et
1261 2069 1672 2139 aequidistantes
1737 2067 2093 2132 incumbunt;

531 2163 738 2232 obliqui
774 2177 902 2218 vero
935 2163 1005 2216 ab
1039 2179 1098 2216 re
1125 2163 1245 2234 ipsa
1267 2163 1592 2218 vocabulum
1619 2161 1798 2232 adepti
1834 2168 1985 2217 sunt.

603 2252 738 2307 Cum
773 2263 949 2309 autem
983 2255 1207 2323 sphera:
1247 2255 1444 2310 similis
1486 2255 1656 2326 ﬁgura
1685 2255 1756 2310 sit
1797 2254 2006 2319 mundi,
2043 2262 2098 2310 et

532 2339 600 2395 ad
630 2357 753 2396 eum
791 2350 1104 2412 comparata
1149 2351 1294 2398 terra
1341 2345 1516 2399 centri
1564 2344 1828 2399 rationem
1870 2344 2097 2411 habeat;

532 2451 652 2505 quae
679 2450 773 2505 per
809 2435 1052 2505 ipsorum
1094 2435 1334 2491 medium
1378 2437 1608 2506 trajecta
1650 2438 1920 2508 cogitatur
1949 2442 2100 2490 recta

531 2526 695 2588 linea,
723 2540 884 2595 quam
913 2526 1120 2581 circum
1157 2535 1481 2582 manentem.
1504 2535 1558 2582 et
1581 2527 1911 2583 immobilem
1938 2542 2101 2582 mun-

531 2615 636 2670 dus
674 2617 934 2680 vertitur,
971 2605 1090 2672 aiis
1134 2618 1460 2687 appellatur,
1510 2616 1670 2687 cujus
1709 2625 1951 2672 extrema
1991 2617 2099 2687 poli

534 2705 923 2759 nominantur:
957 2721 1077 2775 quae
1109 2708 1328 2776 quidem
1356 2715 1600 2763 extrema
1631 2707 1876 2761 nonnulli
1905 2721 2101 2778 parvas

532 2811 655 2851 esse
685 2794 873 2854 stellas
915 2798 1206 2866 dixerunt;
1239 2801 1332 2854 alii
1366 2806 1568 2870 puncta
1606 2801 1939 2870 cogitatione
1969 2815 2104 2854 con-

534 2888 758 2951 Stantia,
790 2905 910 2958 qua:
951 2897 1035 2944 est
1069 2890 1221 2944 Arati
1267 2891 1559 2946 sententia.
1606 2889 1812 2947 Horum
1854 2889 2101 2960 polorum

535 2977 672 3032 alter
698 2979 948 3033 sublimis
987 2988 1091 3042 est,
1121 2980 1388 3050 nobisque
1423 2979 1790 3049 conspicuus;
1826 2980 1963 3036 alter
1996 2979 2102 3032 mi-

2121 1751 2170 1812 Β

2172 1784 2407 1838 ’κολοϐοὶ
2445 1784 2549 1840 καὶ
2586 1783 2661 1855 μὴ
2695 1783 2954 1846 ὁλοτελεῖς
2990 1784 3272 1853 φαίνεσθαι
3304 1784 3448 1840 κατὰ
3485 1788 3580 1858 τῆς
3605 1804 3734 1858 στρο-

2197 1877 2306 1947 φῆς
2337 1877 2436 1947 τῆς
2483 1877 2754 1947 σφαίρας·
2795 1877 2824 1928 0
2880 1876 2939 1930 δὲ
2991 1877 3322 1948 ίσημερινὸς,
3372 1878 3484 1932 ἀπὸ
3515 1878 3604 1932 τοῦ
3635 1883 3736 1933 κατ’

2195 1967 2357 2021 αὐτὸν
2411 1967 2656 2037 γίνεσθαι
2712 1966 2811 2030 τὰς
2867 1967 3242 2039 μεσημϐρινάς
3287 1968 3352 2021 ³⁸.
3400 1969 3651 2037 Λέγονται
3692 1970 3736 2022 δὲ

2197 2059 2396 2123 πάντες
2439 2053 2581 2114 οὗτοι
2634 2059 2768 2133 πρὸς
2814 2058 2914 2122 τὰς
2957 2059 3123 2130 ὀρθὰς
3169 2059 3572 2132 παραλλήλους·
3609 2053 3738 2112 ὀἱ-δὲ

2195 2150 2340 2217 λοξοὶ
2382 2151 2490 2205 ἀπὸ
2522 2151 2616 2205 τοῦ
2655 2150 3058 2222 συμϐεϐηκότος
3092 2150 3274 2221 ἔχουσι
3318 2152 3419 2223 τὴν
3454 2152 3737 2222 ὀνομασίαν.

2265 2241 2374 2298 Τοῦ
2421 2244 2461 2275 η
2497 2243 2700 2314 κόσμου
2739 2241 3106 2314 σφαιροειδοῦς
3131 2244 3516 2314 ὑποκειμένου,
3557 2246 3740 2315 καὶτῆς

2197 2335 2299 2406 γῆς
2329 2333 2465 2404 πρὸς
2493 2333 2653 2387 αὑτὸν
2690 2333 2913 2403 κέντρου
2945 2333 3102 2402 λόγον
3129 2333 3460 2404 ἐπεχούσης,
3486 2337 3519 2405 ή
3544 2334 3626 2387 διὰ
3659 2335 3737 2404 μὲ-

2201 2444 2294 2486 σου
2323 2423 2501 2480 αὐτῶν
2537 2423 2779 2494 ἀγομένη
2816 2423 2996 2476 εὐθεῖα
3027 2423 3213 2494 νοητὴ,
3254 2423 3382 2494 περὶ
3410 2425 3477 2495 ἢν
3507 2425 3738 2491 μένουσαν

2197 2520 2226 2573 ὁ
2274 2517 2477 2588 κόσμος
2527 2516 2838 2587 στρέφεται,
2887 2513 3028 2580 ἄξων
3059 2515 3324 2580 καλεῖται,
3351 2517 3448 2568 καί⁸
3478 2515 3545 2569 τὰ
3582 2516 3738 2569 τούτου

2200 2606 2410 2678 πέρατα
2433 2604 2606 2669 πόλοι,
2633 2605 2774 2674 ἅπερ
2801 2603 2942 2668 τινὲς
2979 2604 3079 2676 μὲν
3106 2604 3343 2674 ἀστέρας
3377 2601 3518 2659 εἶναι
3547 2606 3739 2676 μικροὺς

2200 2697 2435 2767 ἔφασαν·
2485 2696 2615 2750 ἔνιοι
2658 2695 2714 2749 δὲ
2747 2697 2946 2766 σημεῖα
2979 2695 3163 2767 νοητά,
3199 2695 3344 2752 καθά
3395 2697 3492 2752 καὶ
3519 2699 3735 2766 Ἄρατος.

2200 2788 2416 2841 Τούτων
2470 2787 2527 2841 δὲ
2558 2789 2584 2841 ὁ
2630 2786 2728 2859 μὲν
2777 2786 2906 2840 ἔστι
2945 2787 3216 2857 μετέωρος
3259 2786 3353 2840 καὶ
3401 2786 3737 2858 φανερώτερος

2201 2881 2353 2952 ἡμῖν,
2383 2882 2409 2933 ὁ
2437 2879 2492 2932 δὲ
2516 2880 2614 2950 οὐχ
2646 2879 2840 2952 ὁρᾶται
2863 2879 2951 2948 ὑφ’
2980 2879 3156 2949 ἡμῶν.
3187 2879 3297 2932 Καὶ
3339 2879 3584 2932 καλεῖται
3609 2882 3633 2932 0
3665 2880 3737 2950 μὲν

2203 2955 2294 3029 ἀεὶ
2324 2970 2580 3042 φανερὸς
2612 2971 2705 3030 καὶ
2726 2972 2988 3041 βόρειος,
3010 2971 3039 3024 0
3066 2970 3122 3028 δὲ
3152 2969 3245 3026 ἀεὶ
3275 2968 3518 3048 ἀφανὴς
3544 2970 3636 3024 καὶ
3665 2971 3738 3022 νό-

534 3066 682 3120 nime
723 3081 753 3119 a
797 3067 954 3122 nobis
997 3069 1258 3123 cernitur.
1321 3067 1479 3125 Prior
1524 3084 1649 3123 cum
1701 3084 1900 3137 semper
1935 3085 2098 3138 appa-
2130 3090 2175 3148 α
2205 3084 2350 3134 τιος.

534 3171 674 3220 rens,
727 3164 837 3211 tum
879 3158 1061 3214 boreas
1109 3160 1444 3230 appellatur;
1491 3161 1760 3230 posterior
1794 3175 1992 3228 semper
2021 3177 2108 3216 oc-

535 3247 705 3300 cultus
728 3255 778 3300 et
807 3249 1080 3304 australis.

603 3335 720 3391 Jam
773 3340 966 3394 circuli
1017 3356 1142 3395 cum
1197 3341 1626 3401 innumerabiles
1677 3346 1986 3416 cogitentur
2048 3346 2105 3403 in

534 3431 762 3494 mundo,
793 3430 882 3484 alii
913 3441 1059 3495 sunt,
1105 3447 1244 3502 quos
1275 3434 1570 3503 parallelos
1614 3445 1832 3502 vocant,
1875 3438 1964 3492 alii
2010 3454 2108 3508 per

536 3520 692 3588 polos
715 3529 1022 3585 transeunt,
1051 3524 1140 3576 alii
1169 3523 1435 3589 finitores,
1469 3528 1674 3598 obliqui
1712 3530 1803 3584 alii
1827 3537 1972 3586 sunt.
2001 3530 2106 3585 Pa-

537 3613 715 3668 ralleli
762 3622 994 3682 quatuor
1027 3623 1176 3678 sunt,
1210 3617 1302 3685 qui
1333 3617 1552 3671 eosdem
1577 3634 1699 3672 cum
1723 3620 1924 3679 mundo
1951 3622 2107 3692 polos

538 3696 762 3752 habent.
801 3697 1040 3768 Obliqui,
1082 3701 1175 3768 qui
1207 3716 1316 3754 non
1355 3701 1514 3773 146
1538 3705 1756 3759 eosdem
1785 3706 2104 3764 habent.....

538 3803 634 3856 per
663 3789 818 3857 polos
862 3791 1053 3843 circuli
1093 3797 1382 3845 vocantur.
1430 3792 1658 3856 Quidam
1704 3796 1760 3849 in
1801 3798 2108 3857 circumfe-

539 3879 718 3932 rentia
749 3894 849 3932 sua
879 3879 1064 3934 mundi
1091 3882 1246 3950 polos
1275 3885 1588 3949 continent;
1611 3885 1883 3956 iidemque
1907 3887 2103 3953 coluri,

540 3975 594 4022 et
621 3969 908 4024 meridiani
932 3979 1192 4040 praeterea
1223 3983 1521 4042 vocantur;
1560 3976 1803 4033 ﬁnitores
1831 3985 1981 4043 sunt,
2011 3980 2106 4048 qui

541 4071 895 4132 apparentem.
923 4064 1350 4136 mundilpartem
1375 4077 1643 4138 separant.
1680 4111 1694 4125 .
1733 4110 1748 4125 .
1788 4110 1803 4124 .
1837 4111 1852 4126 .
1888 4071 1992 4126 hoc
2021 4082 2106 4130 est

539 4167 680 4216 eam,
717 4168 835 4222 qua:
861 4169 1024 4223 supra
1051 4163 1249 4210 terram
1276 4165 1377 4223 est,
1414 4159 1481 4211 ab
1508 4175 1570 4213 ea
1591 4176 1710 4231 qua:
1733 4161 2104 4219 infraterram

539 4240 814 4295 conditur.
860 4241 926 4296 lli
967 4259 1128 4313 porro
1182 4254 1482 4313 mutantur,
1515 4265 1614 4318 pro
1661 4266 1726 4306 eo
1750 4267 1815 4306 ac
1844 4253 2106 4310 verticale

539 4340 797 4402 punctum
831 4334 975 4390 aliud
1003 4343 1108 4402 est,
1137 4337 1231 4408 qui
1261 4348 1344 4394 est
1373 4339 1531 4409 polus
1568 4341 1889 4400 borizontis.

2276 3331 2507 3386 Κύκλων
2529 3330 2593 3385 δὲ’
2609 3332 2668 3385 ὲν
2701 3329 2779 3402 τῷ
2806 3328 2994 3401 κόσμῳ
3017 3327 3135 3402 [καὶ
3161 3324 3260 3400 μὴ]
3291 3325 3594 3397 νοουμένων
3616 3321 3740 3378 ἀπεί-

2211 3442 2316 3497 ρων
2360 3424 2410 3476 οἱ
2442 3424 2538 3496 μὲν
2578 3421 2910 3493 παράλληλοι
2934 3419 3308 3490 ὀνομάζονται,
3346 3417 3398 3469 οἱ
3435 3415 3492 3468 δὲ
3536 3415 3626 3470 διὰέ
3655 3411 3739 3464 τῶν

2207 3517 2406 3580 πόλων,
2438 3517 2498 3568 οίη
2518 3515 2575 3568 δὲ
2599 3513 2891 3586 ὁρίζοντες,
2920 3514 2968 3566 οί
2999 3512 3057 3565 δὲ
3099 3510 3268 3576 λοξοίν
3287 3508 3400 3562 Καὶ
3427 3508 3476 3561 οί
3514 3507 3736 3575 τέσσαρες

2207 3607 2536 3680 παράλληλοι
2582 3606 2679 3678 μέν
2703 3608 2842 3659 εἰσιν
2871 3605 2919 3658 οἱ
2958 3603 3084 3666 τοὺς
3112 3603 3310 3662 αὐτοὺς
3341 3601 3536 3664 πόλους
3560 3599 3736 3668 ἔχοντες

2205 3699 2284 3770 τῷ
2325 3699 2513 3770 κόσμῳ
2537 3715 2551 3728 ·
2586 3697 2730 3762 λοξοὶ
2769 3697 2825 3751 δὲ
2857 3698 2904 3749 οί
2938 3697 3010 3768 μὴ
3047 3697 3173 3758 τοὺς
3200 3693 3400 3756 αὐτοὺς
3433 3731 3447 3745 .
3473 3729 3488 3745 .
3512 3729 3528 3744 .
3552 3690 3631 3743 διὰ
3654 3687 3734 3738 τῶν

2207 3791 2383 3843 πόλων
2411 3789 2599 3844 κύκλοι
2627 3787 2914 3842 καλοῦνται
2939 3805 2953 3819 ·
2991 3789 3040 3841 οί
3070 3788 3126 3841 δὲ
3154 3787 3246 3839 ἐπὶ
3276 3787 3377 3855 τῆς
3420 3783 3587 3852 αὐτῆς
3609 3796 3732 3849 περι-

2207 3878 2426 3952 φερείας
2453 3880 2579 3942 τοὺς
2607 3877 2699 3932 τοῦ
2732 3879 2948 3949 κόσμου.
2966 3878 3159 3940 πόλους
3189 3875 3405 3946 ἔχοντες
3424 3891 3439 3904 ·
3469 3874 3519 3926 οἱ
3543 3872 3594 3924 δὲ
3618 3867 3734 3923 αὐτοὶ

2205 3967 2349 4027 οὗτοι
2380 3972 2529 4044 ὀρθοί
2560 3989 2619 4025 τε
2653 3971 2748 4025 καὶ
2785 3970 3052 4040 κόλουροι,
3085 3969 3179 4023 καὶ
3214 3966 3574 4038 μεσημϐρινοί
3604 3975 3734 4028 προσ-

2205 4063 2581 4134 ονομάζονται·
2617 4061 2890 4133 ὁρίζοντες
2921 4060 2978 4112 δὲ
3013 4059 3059 4112 οί
3092 4055 3418 4129 διορίζοντες
3448 4057 3576 4125 ἡμῖν
3600 4051 3650 4103 τό
3688 4063 3731 4097 τε

2206 4151 2436 4224 φανερὸν
2481 4151 2574 4204 τοῦ
2621 4152 2827 4221 κόσμου
2875 4192 2887 4204 .
2916 4187 2931 4202 .
2960 4190 2974 4203 .
3004 4147 3249 4201 τουτέστι
3282 4145 3356 4197 τό
3384 4161 3446 4197 τε
3491 4141 3618 4211 ὑπὲρ
3655 4137 3732 4203 γῆν

2205 4243 2299 4296 καὶ⁹
2327 4242 2388 4294 τὸ
2437 4241 2541 4293 ὑπὸ
2587 4241 2710 4311 γῆν.
2761 4233 2917 4292 Οὗτοι
2954 4237 3010 4290 δὲ
3053 4235 3503 4318 μεταϐάλλουσιν,
3543 4233 3654 4284 ὅταν
3686 4224 3731 4318 τὸ

2205 4331 2346 4385 κατὰ
2391 4329 2633 4401 κορυφὴν
2680 4329 2899 4399 σημεῖον
2950 4325 3132 4396 ἕτερον
3177 4316 3439 4396 γένηται·
3466 4322 3610 4376 τοῦτο
3648 4316 3730 4384 γάρ

2134 4436 2180 4491 D
2205 4425 2318 4476 ἐστι
2354 4420 2512 4484 πόλος
2539 4419 2832 4490 ὁρίζοντος.

609 4508 809 4565 Aratus
850 4527 1005 4576 vero,
1036 4513 1129 4584 qui
1159 4515 1225 4570 ad
1255 4517 1665 4576 inclinationem
1695 4522 1917 4578 Graeciae
1952 4525 2103 4596 phae-

538 4615 768 4655 nomena
797 4617 894 4656 sua
921 4609 1276 4674 comparavit,
1301 4624 1493 4665 novem
1521 4615 1898 4670 tantummodo
1924 4617 2104 4672 circu-

536 4691 713 4745 lorum
769 4694 1097 4761 meminit,e
1157 4698 1358 4768 quibus
1421 4708 1546 4755 octo
1605 4703 1722 4756 sola
1769 4706 2104 4775 cogitatione

538 4781 881 4849 consistunt;
927 4801 1069 4838 unus
1105 4787 1302 4854 majori
1331 4800 1484 4857 parte
1526 4793 1781 4848 sensibus
1822 4795 2100 4864 objicitur,

536 4874 630 4944 qui
685 4875 893 4931 lacteus
949 4877 1172 4930 dicitur.
1224 4875 1359 4930 Nam
1406 4887 1460 4933 et
1511 4881 1566 4934 in
1606 4882 1726 4952 ipso
1773 4901 1907 4941 suus
1961 4887 2106 4942 inest

539 4967 853 5036 cogitationi
918 4969 1092 5023 locus.
1144 4968 1223 5022 Ex
1280 4969 1347 5025 iis
1401 4971 1624 5030 circulis
1677 4978 1921 5046 paralleli
1976 4987 2104 5032 sunt

537 5059 781 5128 quinque
813 5080 825 5114 :
855 5062 1366 5126 arcticus,zestivus
1389 5068 1649 5136 tropicus,
1681 5071 2102 5139 aequinoctialis,

541 5148 804 5203 hibernus
843 5152 1110 5219 tropicus,
1153 5155 1490 5211 antarcticus
1517 5176 1535 5224 ;
1567 5159 1772 5230 obliqui
1809 5169 1936 5215 sunt
1969 5162 2099 5226 duo,

540 5238 799 5293 zodiacus
821 5247 874 5293 et
897 5241 1123 5304 lacteus,
1158 5244 1247 5312 qui
1279 5249 1554 5303 contrario
1588 5249 1819 5306 invicem
1867 5253 1975 5306 situ
2008 5269 2104 5323 per

539 5331 787 5398 tropicos
815 5332 1037 5402 oblique
1068 5335 1391 5406 sinuantur;
1425 5355 1522 5408 per
1550 5343 1705 5411 polos
1751 5343 2104 5412 trajiciuntur

541 5422 650 5476 duo
678 5441 692 5476 :
726 5423 1061 5481 meridianus
1087 5436 1140 5482 et
1166 5429 1637 5487 horizon.Horum
1665 5435 1907 5489 omnium
1940 5435 2107 5488 maxi-

546 5513 616 5566 mi
674 5521 844 5579 sunt,
887 5516 1285 5586 aequinoctialis
1333 5528 1388 5575 et
1441 5523 1687 5594 obliqui,
1747 5541 1959 5580 necnon
2007 5541 2104 5595 per

2284 4515 2520 4584 Ἀρατος
2550 4511 2669 4582 μὲν,
2701 4510 2835 4581 πρὸς
2861 4509 2922 4562 τὸ
2944 4507 3044 4579 τῆς
3084 4506 3336 4572 Ἑλλάδος
3363 4506 3529 4578 κλίμα
3553 4504 3612 4557 τὰ
3635 4518 3729 4570 φαι-

2208 4603 2404 4673 νόμενα
2439 4601 3016 4674 πραγματευσάμενος,
3055 4599 3210 4654 ἐννέα
3253 4600 3429 4670 μόνων
3459 4591 3728 4666 ἐπεμνήσθη

2208 4695 2442 4761 κύκλων,
2475 4693 2619 4747 ὀκτὼ
2654 4694 2752 4764 μὲν
2775 4693 3001 4766 νοητῶν·
3022 4690 3277 4760 αἰσθητοῦ
3306 4691 3384 4754 δὲ,
3423 4691 3514 4743 καὶ
3541 4683 3663 4741 κατὰ
3686 4679 3729 4731 τὺ

2208 4787 2367 4839 πλέον
2393 4786 2528 4849 ἐνὸς,
2552 4784 2646 4838 τοῦ
2671 4784 3003 4856 καλουμένου
3025 4782 3281 4852 γαλαξίου
3302 4782 3366 4834 ’⁸.
3392 4781 3501 4834 Καὶ
3521 4781 3572 4829 ἐν
3591 4773 3728 4838 τούτῳ

2207 4880 2316 4953 γὰρ
2360 4883 2558 4933 νοεῖται
2586 4878 2675 4932 διὰ
2711 4877 2898 4931 τούτου
2939 4876 3032 4931 τοῦ
3083 4874 3304 4928 κύκλου.
3341 4873 3552 4926 Τούτων
3581 4869 3618 4921 δ’
3648 4863 3726 4917 εἰσὶ

2208 4972 2538 5044 παράλληλοι
2560 4978 2598 5023 ε’
2619 4988 2633 5003 ·
2669 4969 2944 5041 ἀρκτικὸς,
2976 4967 3184 5039 θερινὸς
3213 4965 3490 5036 τροπικὸς,
3525 4965 3726 5028 ἰσημερι-

2205 5064 2314 5130 νὺς,
2349 5062 2672 5134 χειμερινὸς,
2701 5059 3078 5130 ἀνταρκτικὸς,
3118 5055 3260 5120 λοξοὶ
3290 5055 3404 5119 δύο,
3431 5056 3459 5107 ὃ
3492 5069 3548 5104 τε
3572 5047 3723 5113 ζωδια-

2207 5155 2300 5218 κὸς
2329 5156 2424 5208 καὶ
2457 5155 2485 5205 ό
2513 5151 2795 5221 γαλαξίας,
2827 5151 3080 5211 ἐναντίως
3115 5148 3366 5219 ἀλλήλοις
3393 5144 3529 5198 κατὰ
3551 5141 3632 5209 τὴν
3656 5134 3722 5187 θέ-

2207 5263 2290 5298 σιν
2316 5245 2403 5298 διά
2442 5245 2549 5296 τῶν
2576 5241 2850 5314 τροπικῶν
2879 5239 3228 5308 λελοξωμένοι
3248 5255 3260 5269 ·
3297 5238 3391 5291 καὶ
3436 5235 3524 5288 δύο
3544 5230 3621 5286 διὰ
3643 5223 3722 5278 τῶν

2208 5336 2412 5390 πόλων·
2446 5332 2810 5405 μεσημϐρινός
2834 5348 2893 5384 τε
2915 5325 2994 5393 εἷς
3026 5330 3120 5384 καὶ
3144 5331 3170 5382 ὁ
3191 5327 3388 5399 ὁρίζων
3409 5327 3599 5396 ἕτερος.
3624 5315 3723 5405 Τού·

2207 5448 2314 5483 των
2337 5429 2394 5482 δέ
2428 5402 2532 5480 εἰσι
2559 5402 2799 5498 μέγιστοι
2825 5425 2852 5476 ὅ
2876 5440 2934 5474 τε
2964 5422 3275 5491 ἰσημερινός
3303 5420 3396 5473 καὶ
3420 5421 3468 5471 οἱ
3492 5412 3635 5478 λοξοὶ,
3654 5402 3722 5456 καὶ

2207 5525 2254 5575 οἱ
2287 5521 2372 5574 διὰ
2402 5518 2509 5573 τῶν
2541 5517 2738 5573 πόλων.
2773 5515 3035 5584 Μέγιστοι
3076 5513 3133 5566 δὲ
3167 5511 3476 5575 καλοῦνται,
3509 5500 3577 5561 ὧν
3599 5500 3650 5557 αῖ
3676 5509 3730 5546 τε

631 5669 674 5700 ⁸⁸
710 5668 750 5736 Ῐ-
777 5668 945 5736 ὄντες.
1031 5675 1073 5706 ⁸⁸
1096 5674 1134 5743 f.
1175 5674 1481 5748 ἰσημερίας.
1557 5679 1600 5710 ¹⁷
1626 5679 1666 5747 Ῑ,
1697 5678 1786 5733 τιοῠ
1815 5678 1892 5733 δέ,
1973 5682 2015 5714 ιο
2050 5679 2095 5735 η

2204 5674 2446 5732 mendosa
2479 5681 2634 5727 sunt-
