3800 6312
40 335 151 392 1119

1055 329 1329 390 INCERTI
1365 331 1457 388 AD
1493 331 1707 389 ARATI
1743 332 2217 395 ΡΗᾸΞΝΟΜΕΝΑ.

3086 337 3223 394 H50

37 454 283 524 διάμετροι
312 447 427 504 ἴσαι
456 447 595 501 εἰσὶν
628 446 878 520 ἀλλήλοις
905 447 998 501 καὶ
1020 448 1085 520 τῇ
1111 447 1209 502 τοῦ
1241 448 1441 519 κόσμου
1462 447 1578 502 δια⁴
1603 498 1604 503 η

1705 449 1831 504 ιοιοε
1864 449 2137 520 producti.
2178 447 2445 504 Dicuntur
2494 457 2672 505 autem
2711 450 2953 517 maximi,
2992 467 3223 522 quorum

42 545 219 617 μέτρῳ·
245 543 341 596 καὶ
378 543 492 595 ὅσοι
518 541 579 595 τὸ
610 543 739 595 αὐτὸ
774 542 996 615 κέντρον
1033 542 1214 614 έχουσι
1254 543 1332 615 τῷ
1358 543 1568 614 κόσμῳ.

42 638 138 689 ὐτι
163 635 216 689 δὲ
243 635 342 688 καὶ
378 633 554 697 ἄλλως
582 635 611 688 ὁ
636 633 724 687 διὰ
762 634 940 705 μέσων
972 633 1078 688 τῶν
1108 634 1312 700 ζωδίων
1349 634 1574 705 λεγόμε-

39 744 137 793 νος,
198 725 520 797 μεσαίτατος
573 726 831 798 ὑπάρχων
887 725 981 781 τοῦ
1048 726 1310 793 ζωδιακοῦ
1327 768 1343 793 ,
1401 729 1572 796 ἡλια-

39 822 125 885 κός
158 835 212 871 τε
257 817 352 871 καὶ
404 817 780 883 existantde
821 810 1278 888 ἐπικαλούμενος⁶
1320 816 1575 886 ήλιακός

42 912 138 983 μὲν,
179 912 259 964 ὃτι
306 911 339 962 ό
378 909 528 979 ἥλιος
577 909 678 975 τὴν
728 908 955 981 πορείαν
989 910 1057 963 δι’
1090 908 1253 962 αὐτοῦ
1306 910 1571 963 ποιεῖται’

39 1000 379 1069 ἐκλειπτικός
430 1000 488 1053 δὲ
512 1043 527 1066 ,
588 1000 669 1054 ὅτι
718 1000 785 1053 δι’
840 1000 1004 1054 αὐτοῦ
1065 1000 1404 1055 ἐκλείπουσιν
1442 1000 1471 1054 ὅ
1515 1017 1575 1054 τε

39 1098 161 1166 ἥλιος
183 1094 277 1149 καὶ
306 1096 345 1166 ἡ
384 1094 602 1165 σελήνη.
638 1093 750 1147 Καὶ
774 1091 883 1146 τῶν
911 1092 1265 1164 παραλλήλων
1301 1092 1359 1146 δὲ
1399 1094 1429 1146 ὁ
1477 1091 1576 1163 μὶν

42 1186 268 1259 ἀρκτικὸς
308 1187 409 1239 οὐκ
445 1187 488 1217 ¹⁹
531 1183 846 1256 ὠνομάσθη,
892 1184 973 1237 ὅτι
1003 1183 1138 1256 πρὸς
1167 1185 1279 1246 τοῖς
1310 1179 1578 1253 ἀρκτῴοις

43 1281 246 1353 ὑπάρχει
265 1298 279 1310 ·
310 1281 339 1332 ό
362 1278 418 1332 δέ
447 1277 656 1349 θερινὸς
676 1277 951 1349 τροπικός,
974 1277 1078 1343 ὅτι,
1101 1275 1191 1328 ἐπὶ
1215 1274 1402 1329 τούτου
1427 1274 1580 1343 γενό-

46 1389 178 1444 μενος
204 1371 377 1442 ἥλιος,
402 1369 544 1424 κατὰ
571 1369 668 1439 τὴν
698 1368 790 1422 τοῦ
814 1368 1086 1441 Καρκίνου
1109 1366 1302 1439 ἀρχὴν,
1335 1366 1430 1421 καὶ
1456 1365 1579 1419 τότε

47 1465 250 1535 μάλιστα
279 1464 418 1533 ὑπὲρ
459 1461 701 1531 κεφαλῆς
731 1464 763 1532 ἡ
774 1460 910 1532 μῶν,
943 1460 1129 1532 θέρους
1162 1460 1370 1531 τροπὰς
1414 1459 1582 1512 ποιεῖ-

44 1575 115 1611 ται
134 1572 147 1586 °
173 1555 486 1628 ίσημερινὺς
506 1555 583 1620 δὲ,
611 1554 692 1608 ὃτι
717 1554 775 1606 ἐν
793 1553 965 1625 τούτῳ
985 1552 1266 1625 ἰσημερίας
1284 1550 1378 1605 δύο
1403 1551 1578 1604 ποιεῖ’

1670 539 1922 594 diametri
1952 555 2076 595 cum
2109 539 2365 603 invicem,
2414 545 2532 595 tum
2565 541 2754 595 mundi
2802 540 3066 597 diametro
3098 549 3227 597 sunt

1670 634 1927 703 aequales,
1954 641 2007 688 et
2038 647 2270 703 quorum
2316 630 2459 687 idem
2504 639 2589 686 est
2615 629 2913 701 mundique
2953 640 3222 686 centrum.

1670 722 1883 780 Rursus
1926 723 2020 780 ille
2047 722 2141 794 qui
2174 738 2272 794 per
2298 722 2478 778 media
2518 722 2793 777 transiens
2822 722 2975 791 signa
3004 721 3224 786 dicitur,

1672 818 1728 873 in
1762 815 1987 872 zodiaco
2028 814 2207 870 medio
2259 815 2505 885 positus,
2552 812 2813 879 heliacus,
2860 822 2911 867 et
2960 813 3226 882 ectipticus

1674 910 2010 981 appellatur;
2057 908 2321 974 heliacus,
2372 904 2516 978 quod
2558 907 2733 976 ipsum
2780 905 2862 961 sol
2904 907 3095 961 itinere
3128 922 3229 961 suo

1674 1008 1952 1073 peragrat,
2018 999 2289 1068 eclipticus
2366 998 2509 1068 quod
2581 997 2636 1051 in
2697 1013 2764 1053 eo
2815 997 2898 1051 sol
2971 1011 3035 1052 ac
3104 997 3231 1050 tuna

1674 1089 1921 1146 defectus
1950 1088 2250 1159 patiuntur.
2274 1087 2353 1141 Ad
2373 1086 2489 1141 haec
2512 1086 2653 1141 inter
2677 1086 2965 1156 parallelos
2993 1086 3231 1141 arcticus

1677 1181 1754 1237 ita
1788 1180 2102 1236 nominatus
2139 1185 2247 1245 est,
2281 1178 2428 1247 quod
2462 1177 2530 1232 ad
2559 1184 2773 1232 arctoas
2815 1177 3005 1232 mundi
3052 1186 3233 1247 partes

1677 1273 1929 1340 accedat;
1968 1271 2193 1327 aestivus
2219 1271 2484 1341 tropicus,
2511 1269 2766 1340 quoniam
2797 1284 2921 1325 cum
2964 1270 3046 1324 sol
3084 1268 3138 1323 in
3169 1285 3234 1325 eo

1677 1373 1950 1429 versatur,
1976 1364 2135 1418 initio
2156 1362 2376 1427 Cancri,
2400 1362 2619 1433 quando
2638 1360 2828 1416 vertici
2853 1368 3041 1416 nostro
3064 1362 3236 1430 potis-

1679 1458 1877 1513 simum
1906 1454 2175 1520 imminet,
2197 1453 2412 1509 astivas
2438 1452 2818 1507 conversiones
2838 1449 3015 1507 edicit.
3049 1450 3238 1520 ASqui-

1679 1548 1935 1605 noctialis
1968 1545 2091 1603 ideo
2118 1551 2371 1610 vocatur,
2401 1544 2530 1615 quia
2561 1543 2643 1600 sol
2670 1543 2723 1598 in
2755 1544 2874 1614 ipso
2898 1541 3033 1597 iacit
3063 1542 3235 1611 tequi-

45 1649 235 1723 ὲαρινὴν
262 1648 365 1720 μὲν
389 1647 528 1702 κατὰ
551 1647 650 1718 τὴν
672 1644 766 1699 τοῦ
787 1644 960 1718 Κριοῦ
985 1644 1176 1715 ἀρχὴν,
1209 1640 1581 1715 μετοπωρινὴν

1705 1642 1865 1697 ιοοιὶιι
1893 1639 2034 1694 duo:
2067 1653 2316 1704 vernum,
2347 1637 2495 1692 circa
2519 1636 2717 1692 Arietis
2748 1634 2994 1702 initium;
3024 1643 3238 1688 autum-

44 1743 244 1797 δέ.κατὰ
266 1741 377 1796 τῶν
416 1739 608 1811 Χηλῶν
628 1755 642 1770 ο
676 1738 981 1812 χειμερινὸς
1002 1737 1057 1790 δὲ
1094 1736 1371 1809 τροπικδς,
1401 1737 1484 1804 ἐφ’
1522 1726 1583 1789 οὗ

1705 1733 1835 1797 tale,
1890 1732 2034 1786 circa
2081 1729 2370 1785 Cbelarum
2408 1727 2643 1783 initium.
2685 1725 2956 1781 Hibernus
2995 1724 3241 1793 tropicus

46 1833 166 1887 κατὰ
184 1833 282 1904 τὴν
304 1849 401 1885 του
426 1801 710 1901 Αίγόκερῶ
737 1801 910 1900 ἀρχὴν
1003 1801 1172 1896 ἣλιος,
1200 1824 1293 1879 τοῦ
1492 1840 1584 1877 κο-

1705 1833 1789 1890 :st,
1839 1825 1896 1880 in
1930 1838 2061 1897 quo,
2094 1822 2244 1877 circa
2273 1820 2488 1875 initium
2518 1818 2860 1889 Capricorni,
2895 1817 2978 1873 sol
3021 1817 3091 1871 ab
3116 1830 3240 1870 ver-

50 1928 197 1998 ρυῳὴν
222 1926 385 1998 ἡμῶν
409 1923 572 1978 τόπου
590 1920 857 1993 ἀφεστὼς,
891 1919 1158 1992 χειμῶνος
1184 1918 1389 1990 τροπὰς
1416 1920 1587 1971 ποιεῖ-

1705 1916 1793 1971 ice
1845 1921 2037 1970 nostro
2099 1911 2314 1978 longius
2364 1908 2664 1966 abscedens
2692 1908 2969 1977 lbibernas
3019 1919 3246 1961 conver-

47 2036 142 2074 ται·
184 2018 545 2091 ἀνταρκτικὸς
586 2017 644 2070 δὲ
685 2017 714 2069 ό
744 2014 822 2086 τῷ
863 2014 1131 2086 Ἀρκτικῷ
1172 2014 1286 2076 ῐσος
1330 2012 1587 2083 ὑπάρχων

48 2115 160 2187 πρὶς
178 2114 255 2185 τῷ
288 2113 447 2183 νοτίῳ
484 2110 865 2181 τεθεμάτισται
885 2108 1060 2179 πόλῳο
1093 2109 1141 2160 οἱ
1169 2107 1226 2160 δέ
1249 2105 1335 2160 διὰ
1356 2105 1464 2158 τῶν
1496 2104 1591 2158 πό-

48 2208 136 2261 λων
156 2207 248 2262 καὶ
278 2205 419 2270 λοξοὶ
455 2202 605 2274 παρὰ
624 2202 721 2273 τὴν
747 2201 894 2259 θέσιν
917 2198 1314 2271 ὠνομάσθησαν
1340 2215 1354 2228 ·
1386 2196 1480 2251 καὶ
1506 2198 1589 2251 ὅτι

50 2299 73 2351 ὸ
102 2300 189 2369 μὲν
206 2295 471 2363 ζωδιακὸς
494 2294 615 2347 ἐπεὶ
641 2296 701 2347 ἐν
725 2291 873 2363 αὐτῷ
897 2292 968 2346 τὰ
992 2292 1057 2362 ιβ’
1079 2290 1244 2356 (sata
1267 2290 1589 2363 κατηστέρι-

51 2407 171 2455 σται,
200 2389 300 2443 τοῦ
327 2385 417 2443 διὰ
460 2384 623 2457 μέσου
657 2382 822 2438 αὑτοῦ
851 2382 1050 2439 κύκλου
1084 2382 1455 2453 ἐφαπτομένου
1483 2379 1593 2434 τῶν

50 2482 304 2556 τροπικῶν
335 2480 477 2534 κατά
500 2497 552 2532 τι
582 2477 739 2550 μόνον
772 2478 1016 2549 σημεῖον.
1047 2474 1201 2529 Κατὰ
1238 2474 1336 2546 μὲν
1373 2474 1480 2546 γὰρ
1501 2473 1593 2526 τὸν

53 2572 231 2643 θερινὸν
265 2568 518 2643 τροπικὸν
548 2570 582 2639 ἡ
622 2566 715 2620 τοῦ
766 2565 1037 2637 Καρκίνου
1071 2565 1216 2617 ἐστὶν
1250 2561 1414 2634 ἁρχὴ,
1456 2561 1596 2618 κατὰ

52 2664 99 2717 δὲ
130 2665 212 2718 τὸν
238 2658 549 2734 χειμερινὸν
589 2656 682 2712 τοῦ
709 2656 1008 2727 Αίγόκερω.
1050 2654 1107 2708 '0
1132 2653 1188 2707 δὲ
1218 2652 1475 2721 γαλαξίας
1502 2650 1597 2704 καὶ

56 2759 184 2829 παρὰ
210 2757 310 2828 τὴν
347 2753 535 2827 χροιὰν
578 2750 909 2822 ὠνόμασται.
952 2746 1158 2810 Λευκὸς
1186 2745 1293 2817 γὰρ
1326 2743 1595 2815 φαίνεται,

55 2809 330 2911 addo;
349 2809 469 2900 ":‘td
513 2843 619 2898 τῶν
663 2809 937 2913 τροπικῶν
981 2809 1361 2909 λελοξωμένοςξ
1407 2834 1598 2906 μικρὸν

1705 2833 1875 2896 paret,
1899 2838 1963 2879 ac
1997 2836 2097 2895 per
2120 2820 2365 2890 tr0picos
2391 2817 2614 2887 obliquo
2649 2822 2704 2870 ct
2745 2814 2861 2883 ipse
2893 2819 3073 2866 tractu
3108 2809 3265 2865 duci-

60 2942 217 3013 μέντοι
244 2902 589 2995 ὅποπίπτων.
623 2902 1012 3005 Μέσημόρινός
1040 2902 1127 2994 re,
1158 2902 1243 2998 ἔξιθ’
1280 2922 1341 2982 οὗ
1381 2902 1604 2997 τέμνον-

1705 2925 1812 2984 tur,
1833 2916 2085 2988 quamvis
2111 2911 2392 2983 paululum
2436 2910 2580 2964 citra
2627 2907 2892 2963 ﬂectitur.
2934 2902 3265 2958 Heridianus

58 2993 133 3095 τος
154 3032 239 3084 τὸν
265 3030 516 3101 ὁρίζοντα
545 3025 651 3098 πρὸ
676 3025 723 3057 ³⁸
909 2993 1106 3087 πόλων,
1137 2993 1231 3075 καὶ
1256 3022 1332 3083 εἱς
1359 2993 1460 3072 δύο⁷
1483 3016 1604 3072 τινὰ

1705 3020 1806 3077 est,
1833 3011 1889 3066 in
1921 3024 2030 3081 quo
2058 3006 2327 3061 ﬁnitorem
2356 3001 2424 3057 ad
2462 3000 2619 3073 polos
2662 3004 2903 3061 secante,
2939 3001 2996 3051 et
3041 2994 3097 3049 in
3127 2993 3268 3048 duos

60 3085 334 3195 ἡμικύκλια
364 3085 698 3194 διαιροῦντος
717 3158 733 3183 ,
762 3110 838 3171 ὧν
860 3116 922 3171 τὸ
957 3114 1055 3187 μὲν
1090 3085 1448 3169 ἀνατολικὸν
1467 3151 1482 3176 ,
1539 3109 1602 3162 τὸ

1706 3096 2086 3154 semicirculos
2164 3092 2475 3159 dividente;
2538 3102 2774 3161 quorum
2842 3101 2985 3141 unus
3035 3085 3267 3148 ortivus,

1743 3192 1779 3207 ι.
2000 3187 2143 3207 θέρμη,
2185 3185 2384 3207 Δε-ει---
2472 3180 2770 3207 ..--ἓ,¹Ιζ.ι-υι
2830 3183 3101 3207 -νιιισνιηηίσι
3141 3190 3267 3207 ηηηᾼ

133 3214 369 3271 δυτικόν
402 3180 754 3284 ὀνόμάζεται,
806 3180 1091 3280 συμϐαίνει
1147 3205 1247 3268 τὰς
1300 3200 1604 3274 μεσημϐρι-

1711 3192 1849 3246 alter
1901 3187 2147 3244 occiduus
2180 3185 2422 3250 dicitur,
2472 3180 2775 3238 meridiana
2830 3183 3104 3233 momenta
3140 3190 3273 3230 con-

61 3309 141 3366 νὰε
179 3271 761 3376 ἀποτελεῖσθαιίἜχει
795 3302 854 3357 δέ
878 3271 944 3355 τὸ
977 3299 1073 3371 μὲν
1096 3298 1267 3368 ἥμισυ
1302 3271 1455 3366 ⁷ὑπὲρ.
1482 3271 1604 3365 γῆν,

1711 3281 1951 3351 tingunt.
2010 3277 2185 3347 Hujus
2224 3290 2353 3347 pars
2410 3272 2634 3328 dimidia
2691 3284 2855 3341 supra
2899 3277 3097 3323 terram
3153 3271 3271 3333 est;

61 3403 112 3456 τὸ
145 3404 198 3457 δὲ
224 3356 620 3475 ιτερξνῆᾇιᾷυ
786 3396 911 3468 γῆν,
943 3356 1037 3447 καὶ
1070 3356 1230 3454 αύτὸς
1260 3387 1348 3442 διὰ
1374 3356 1604 3441 τῶν-πόέ

1713 3372 1819 3428 sub
1861 3378 2009 3427 terra
2058 3366 2285 3424 dimidia
2328 3379 2458 3436 pars
2507 3363 2696 3417 altera.
2727 3358 2873 3415 Idem
2902 3366 2957 3414 et
2995 3373 3092 3429 per
3119 3356 3277 3427 polos

1711 3461 1800 3475 -η
1861 3461 1875 3473 ο
2030 3460 2046 3475 ι
2100 3459 2114 3475 ι
2150 3474 2157 3475 κ
2419 3455 2711 3475 μελίη---
2747 3448 3201 3475 ,ηηηηλκηληω
3245 3461 3273 3475 ,,

63 3493 153 3548 λων
180 3448 622 3564 ἀντιτεμνόμένος
930 3484 1022 3539 τοῦ
1054 3448 1345 3555 ὁρίζοντος.
1385 3475 1604 3549 ὐρίζων

1711 3461 1965 3518 bifariam
1997 3460 2068 3514 ab
2100 3458 2383 3514 borizonte
2413 3455 2712 3510 dividitur:
2743 3448 3203 3523 quemadmodum
3243 3461 3276 3502 a

691 3543 784 3631 ἔπι
806 3577 849 3609 ²¹
872 3574 981 3627 τῶν
1010 3543 1386 3642 παραλλήλων.
1516 3565 1604 3637 μὲν

1713 3552 1989 3625 parallelis
2031 3550 2375 3606 horizontem
2417 3547 2599 3619 ipsum
2638 3544 2812 3601 secari
2843 3543 3277 3598 diximusznam

67 3640 159 3744 γάρ
186 3640 463 3746 ἀρκτικὸς,
487 3640 765 3742 ἐλαχιστος
792 3665 888 3731 ὢν,
919 3666 1036 3729 ὅλος
1072 3640 1211 3735 όπέρ
1236 3640 1341 3732 χῆν
1370 3661 1512 3713 ἐστι.
1531 3698 1545 3712 .
1564 3697 1604 3726 .,

1715 3646 1988 3712 arcticus,
2047 3644 2308 3699 minimus
2354 3656 2477 3696 cum
2534 3640 2626 3703 sit,
2676 3644 2822 3693 totus
2866 3650 3029 3707 supra
3073 3641 3277 3690 terram

1807 3737 1819 3746 .
1901 3743 1909 3746 .
2210 3734 2225 3746 ι
2295 3734 2307 3746 ο
2387 3732 2419 3746 ιο
2501 3730 2535 3746 ,ι
2629 3744 2637 3746 Α
2665 3744 2692 3746 ,A
2756 3744 2873 3746 A__,__
2894 3726 2938 3746 Δρ
2978 3724 3272 3746 -----..Δ---.

570 3724 630 3815 :0
805 3724 1052 3820 Ἑλλάδος
1084 3724 1260 3825 κλίμα.
1278 3724 1370 3806 τοῦ
1409 3724 1604 3820 κόσμοι

1716 3737 1917 3794 eminet
1949 3777 1964 3792 .
1996 3776 2010 3789 .
2041 3775 2055 3790 .
2085 3777 2099 3791 .
2127 3773 2140 3788 .
2176 3734 2246 3790 ob
2294 3730 2703 3788 inclinationem
2753 3726 2942 3782 mundi
2974 3724 3278 3782 secundum

1724 3827 1757 3838 ..
1875 3828 1887 3838 .
2001 3828 2038 3838 ..
2424 3830 2436 3838 .
2506 3824 2518 3837 .
2718 3821 2731 3834 .
2756 3820 2966 3838 νρμρ---
3000 3816 3205 3838 Αμιει--

70 3816 326 3926 {vidui-tv,—
339 3816 651 3928 απτομένης
679 3816 842 3907 αύτοῦ
871 3851 972 3920 τῆς
1003 3816 1153 3902 κ-όιτω
1179 3816 1604 3916 περιφερείας

1718 3827 1939 3884 Graeciae
1968 3828 2154 3892 clima,
2179 3827 2475 3897 attingente
2505 3824 2681 3894 ipsum
2717 3820 2972 3876 inferiore
2998 3816 3229 3873 ambitu.
3260 3848 3280 3875 ο

68 3911 148 4007 «is
176 3911 441 4008 άᾲιτίέλιν
463 3911 568 4007 se
604 3911 709 4017 ίίὲιν
734 3944 853 4007 ὅλος
882 3911 1135 4014 ὑπάρχει.
1259 3911 1270 3916 ⁷
1329 3911 1338 3914 ’
1391 3911 1402 3915 “
1522 3936 1533 3943 “

1720 3960 1738 3979 .
1771 3961 1787 3976 .
1819 3962 1834 3975 .
1870 3921 1990 3975 vice
2015 3935 2172 3975 versa
2194 3927 2343 3974 totus
2374 3916 2477 3971 sub
2498 3923 2644 3971 terra
2673 3911 2966 3969 delitescit.

139 4043 193 4097 Ὀ
223 4043 280 4096 δὲ
310 4037 640 4112 ίσημερινὸς,
678 4035 933 4106 μέγιστος
958 4031 1054 4094 ὢν,
1095 4029 1254 4100 μέσος
1280 4025 1387 4079 τῶν
1411 4022 1621 4096 παραλ-

1686 2008 1870 2065 siones
1908 2007 2085 2062 facit:
2130 2002 2464 2059 antarcticus
2507 2000 2731 2072 aequalis
2772 2000 2977 2055 arctico
3022 1997 3089 2052 ad
3145 2012 3246 2051 au-

1686 2099 1907 2154 stralem
1928 2098 2113 2167 polum
2140 2095 2468 2157 collocatur;
2491 2092 2586 2162 qui
2609 2098 2787 2146 autem
2813 2105 2910 2161 per
2936 2090 3087 2161 polos
3102 2086 3251 2142 ducti

1686 2190 1776 2246 vel
1815 2187 2021 2258 obliqui
2059 2187 2339 2250 dicuntur,
2400 2184 2470 2239 ab
2510 2183 2619 2237 situ
2667 2196 2863 2237 nomen
2901 2185 3249 2250 acceperunt.

1693 2280 1968 2336 Zodiacus
1993 2278 2117 2334 ideo
2136 2286 2384 2341 vocatur,
2414 2275 2563 2346 quod
2587 2273 2643 2328 in
2667 2289 2732 2329 eo
2760 2271 3045 2327 duodecim
3075 2270 3250 2332 zodia,

1689 2372 1797 2428 hoc
1839 2378 1924 2427 est
1962 2365 2405 2423 constellationes
2443 2363 2779 2425 animalium,
2809 2359 3052 2430 eﬂigiataa
3075 2364 3250 2414 sunt:

1693 2462 1854 2535 cujus
1874 2462 1931 2516 in
1959 2459 2138 2516 medio
2168 2457 2262 2529 qui
2286 2456 2585 2511 collocatus
2616 2458 2699 2507 est
2736 2451 2977 2506 circulus
3015 2450 3255 2519 tr0picos

1693 2554 1752 2609 in
1795 2565 1906 2607 uno
1953 2555 2161 2620 puncto
2211 2544 2500 2615 contingit.
2540 2541 2676 2596 Nam
2729 2542 2785 2596 in
2827 2536 3016 2597 mstivo
3046 2538 3258 2607 tropico

1694 2643 1895 2700 Cancri
1914 2648 2000 2698 est
2023 2639 2261 2705 initium,
2306 2636 2363 2691 in
2383 2635 2634 2698 hiberno,
2658 2630 2999 2701 Capricorni.
3027 2629 3259 2683 Lacteus

1697 2734 1940 2791 circulus
1992 2746 2022 2785 a
2053 2730 2236 2785 colore
2267 2727 2350 2782 sic
2378 2725 2579 2780 dicitur
2604 2742 2618 2779 :
2649 2723 2850 2793 quippe
2878 2719 3144 2776 candidus
3165 2734 3263 2788 ap-

1791 4011 2212 4083 }Equinoctialis
2245 4009 2487 4065 circulus
2534 4007 2833 4069 maximus,
2880 4019 2946 4059 ac
2997 3999 3290 4074 parallelo-

70 4090 698 4203 λήλᾷηξ’τ⁷ιξ’ὶῖξᾷ⁷ἧιέι’σὸ
743 4090 855 4197 έχει
896 4090 1051 4194 ύπὲρν
1084 4090 1186 4192 χῆν
1228 4090 1554 4188 τεμνόμενον
1576 4116 1604 4145 ’τ

1721 4120 1845 4161 rum
1874 4102 2109 4165 medius,
2134 4100 2362 4156 dimidia
2393 4098 2478 4153 sui
2506 4104 2661 4168 parte
2687 4109 2853 4166 supra
2881 4101 3086 4147 terram
3123 4090 3256 4144 attol
3283 4125 3289 4131 η

75 4183 588 4295 ὑπόὴτόύόρίζοντός
615 4218 737 4289 δίχα
753 4183 855 4270 ’ῧτδ
874 4215 931 4269 δὲ
956 4183 1337 4281 λοιπόνῆμισυ
1369 4183 1473 4261 ὑπὸ
1498 4205 1601 4295 γῆ]

1724 4199 1875 4266 litur,
1903 4194 2161 4251 bifariam
2193 4194 2263 4248 ab
2290 4192 2574 4247 horizonte
2601 4187 2834 4251 divisus,
2866 4186 3034 4241 altera
3061 4183 3290 4238 dimidia

76 4315 327 4384 τέμνεται
346 4279 532 4365 ⁸³³’διὰ
801 4307 922 4376 δίχα
972 4301 1114 4358 κατὰ
1158 4279 1249 4355 δύο
1284 4300 1482 4372 σημεῖα
1503 4313 1519 4327 ·
1551 4290 1604 4350 ὧε

1725 4300 1881 4364 parte
1914 4289 2019 4346 sub
2051 4297 2198 4345 terra
2246 4284 2594 4356 deprimitur.
2646 4282 2707 4336 In
2760 4279 2863 4335 has
2916 4292 3050 4333 vero
3103 4283 3293 4349 partes

77 4367 204 4461 κατὰ
236 4367 335 4478 μὲν
360 4404 423 4458 τδ
460 4403 517 4457 ἓν
544 4367 694 4473 ﬁmo?»
730 4367 903 4471 Κριού
937 4400 1083 4450 ἐστιν
1120 4392 1280 4465 ἁρχὴ,
1306 4367 1446 4445 κατὰ
1475 4388 1531 4442 δὲ
1567 4388 1604 4441 τί

1729 4384 1866 4441 duas
1893 4380 2106 4437 duobus
2134 4379 2191 4432 in
2248 4375 2468 4448 punctis
2501 4379 2754 4429 secatur:
2794 4369 3048 4440 quorum‘
3071 4367 3126 4421 in
3181 4380 3294 4420 uno

1752 4477 1756 4478 ν
1888 4475 1898 4478 -
2107 4473 2119 4478 -
2167 4471 2218 4478 ..
2370 4468 2382 4478 .
2509 4466 2542 4478 .-
2725 4463 2781 4478 η.
2835 4463 2850 4478 .
3077 4456 3291 4478 ηιμ-ω

487 4456 705 4568 Χηλῶν.
748 4456 854 4546 Τοῦ
900 4490 1082 4562 μέντοι
1118 4456 1330 4559 θερινοῦ
1368 4480 1604 4556 τροπικοῑ

1705 4475 1932 4551 _Arietis
1983 4483 2068 4530 est
2106 4471 2340 4534 initium,
2369 4468 2423 4522 in
2476 4466 2668 4547 altero,
2720 4463 3031 4519 Chelarum.
3077 4456 3293 4527 Tropici

80 4594 224 4648 πλέον
246 4594 281 4665 ἥ
308 4593 368 4646 τὸ
392 4592 564 4662 ἥμισυ
594 4587 733 4657 ὑπὲρ
764 4585 869 4655 γῆν
893 4582 998 4637 ὑπὸ
1023 4581 1116 4635 τοῦ
1136 4580 1406 4651 ὁρίζοντος
1436 4575 1633 4647 τέμνε-

80 4698 184 4737 ται·
217 4683 281 4737 τὸ
310 4682 367 4736 δέ
397 4679 581 4734 λοιπὸν
608 4678 780 4748 ἣμισυ
813 4674 919 4729 ὑπὸ
948 4673 1049 4743 γῆν
1074 4672 1212 4725 ἐστι.
1250 4670 1359 4723 Καὶ
1395 4665 1488 4721 τοῦ
1524 4683 1637 4737 χει-

82 4774 291 4846 μερινοῦ
320 4774 376 4827 δὲ
396 4768 654 4844 τροπικοῦ
684 4766 967 4821 ἀνάπαλιν.
998 4764 1120 4819 Είσί
1148 4780 1206 4816 τε
1230 4762 1514 4823 ἐλάσσονες
1539 4759 1636 4829 μὲν

81 4868 178 4921 τῶν
223 4868 528 4940 μεγίστων·
563 4863 807 4935 μείζονες
835 4859 891 4912 δέ
916 4856 1024 4911 τῶν
1057 4856 1373 4926 ἐλαχίστων.
1408 4853 1471 4906 Οί
1509 4851 1555 4883 ³⁸
1581 4850 1637 4903 δὲ

82 4960 314 5032 ἀλλήλοις
347 4958 484 5030 μετὰ
514 4958 637 5016 τοὺς
664 4951 1085 5026 μεγίστους,ὅτε
1114 4944 1323 5018 θερινὸς
1348 4943 1426 5015 τῷ
1453 4958 1641 5013 χειμε-

87 5030 225 5120 ρινῷ,
252 5050 349 5102 καὶ
378 5049 407 5101 ό
434 5045 689 5116 ἀρκτικὸς
727 5041 805 5113 τῷ
843 5035 1208 5110 ἀνταρκτικῷ.
1250 5033 1381 5086 Ἀπὸ
1405 5032 1512 5102 γὰρ
1542 5030 1637 5084 τοῦ

90 5138 391 5213 ἰσημερινοῦ
419 5137 531 5191 ἴσον
557 5135 868 5206 ἀπέχουσιν,
900 5132 960 5194 ὃς
985 5128 1073 5182 διὰ
1107 5127 1199 5181 τοῦ
1233 5126 1460 5195 κέντρου
1496 5122 1640 5175 ἐστὶν

91 5270 104 5283 .
123 5271 136 5284 .
159 5269 173 5284 .
194 5271 208 5284 .
230 5274 246 5287 ,
264 5233 324 5284 ἐν
349 5229 633 5298 διαφοραῖς
675 5225 786 5278 ῐσον
812 5222 1107 5292 ἀπέχοντος
1146 5217 1251 5272 ἀπὸ
1276 5215 1370 5268 τοῦ
1418 5214 1642 5283 κέντρου

90 5322 185 5375 [σοι
216 5322 347 5377 εἰσί.
375 5318 719 5391 Τεμνομένου
758 5315 865 5386 γὰρ
897 5313 989 5368 τοῦ
1036 5307 1406 5383 μεσημϐρινοῦ
1445 5306 1644 5361 κύκλου

90 5413 161 5475 εἰς
188 5414 264 5478 τξ¹
300 5411 513 5482 μοίρας,
557 5408 664 5462 ἀπὸ
691 5407 736 5438 ’⁸
780 5400 1149 5477 μεσημϐρινοῦ
1181 5399 1382 5452 κύκλου
1415 5397 1508 5452 ἐπὶ
1553 5396 1644 5450 τὸν

91 5504 341 5575 ἀρκτικὸν
365 5502 560 5557 κύκλον
592 5498 799 5571 μοιρῶν
836 5493 922 5561 τς¹
951 5496 1029 5530 ’θ’
1063 5491 1170 5546 ἀπὸ
1203 5491 1260 5545 δὲ
1298 5489 1390 5544 τοῦ
1436 5489 1528 5543 ἐπὶ
1555 5488 1646 5544 τὸν

161 5684 494 5757 "£06199.
556 5682 615 5757 βο
644 5679 812 5757 ίρεά.
860 5680 942 5757 _“_
968 5675 1091 5757 61:6.
1153 5677 1209 5757 ,”
1240 5674 1283 5743 f-
1311 5671 1658 5746 τεμνόμενος·

97 5744 235 5815 ἀιιιηξ
314 5758 361 5790 ²⁶
393 5744 517 5826 Lég.
556 5744 664 5819 λςνζ
696 5750 823 5805 Mos:
850 5747 957 5803 ἀπὸ
986 5747 1043 5801 δέ
1078 5744 1287 5802 τούτου.

1733 4568 1907 4627 aestivi
1957 4566 2191 4637 amplius
2237 4560 2463 4619 dimidio
2510 4544 2590 4614 ab
2641 4557 2927 4612 borizonte
2976 4550 3295 4606 intercisum

1737 4676 1905 4733 supra
1952 4666 2157 4715 terram
2195 4653 2454 4726 assurgit,
2481 4651 2750 4721 reliquum
2804 4646 2906 4703 sub
2936 4653 3139 4701 terram
3172 4642 3298 4697 abs-

1736 4754 2013 4813 conditur.
2076 4751 2282 4805 Contra
2345 4762 2404 4803 se
2473 4744 2638 4799 habet
2705 4741 2970 4796 hibernus
3030 4734 3297 4806 tropicus.

1737 4847 1913 4903 Ambo
1959 4844 2049 4899 isti
2089 4851 2149 4898 ut
2190 4841 2432 4897 minores
2473 4834 2727 4891 maximis
2759 4841 2907 4897 sunt,
2936 4830 3030 4886 ‘sic
3062 4825 3301 4882 minimis

1742 4940 2003 5010 majores.
2054 4935 2187 4990 Post
2239 4932 2507 4989 maximos
2569 4926 2806 4997 aaquales
2861 4929 2988 4978 sunt
3045 4918 3299 4980 invicem,

1742 5005 1987 5100 tropicus
2038 5026 2262 5083 aestivus
2304 5023 2555 5085 hiberno,
2605 5024 2659 5073 et
2693 5013 2929 5070 arcticus
2958 5005 3299 5064 antarctico:

1744 5094 1947 5195 quippe
1980 5118 2048 5173 ab
2080 5111 2447 5186 atquinocliali
2473 5110 2675 5164 distant
2699 5102 2981 5175 aequaliter
3007 5117 3021 5153 :
3053 5094 3151 5166 qui
3176 5108 3306 5195 ceu:

1746 5182 1891 5268 t-rum
1921 5209 2224 5266 continent.
2260 5205 2363 5271 Qui
2396 5212 2574 5257 autem
2605 5197 2797 5254 circuli
2832 5212 2901 5251 ex
2932 5205 3089 5261 aequo
3111 5182 3304 5243 remoti

1750 5310 1880 5359 sunt
1932 5315 1963 5354 a
2007 5305 2219 5360 centro,
2265 5302 2392 5351 sunt
2437 5291 2675 5361 aequales
2716 5288 2970 5342 invicem.
3000 5278 3214 5335 Etenim
3257 5273 3306 5328 si

1750 5394 2113 5451 meridianum
2162 5389 2428 5444 circulum
2480 5388 2533 5439 in
2589 5380 2693 5438 360
2752 5385 2936 5451 partes
2985 5370 3305 5429 distribuas,

1753 5492 1919 5543 erunt
1959 5499 1989 5538 a
2020 5482 2146 5555 polo
2174 5478 2364 5535 mundi
2398 5476 2464 5531 ad
2498 5472 2761 5529 arcticum
2806 5466 3093 5528 circulum,
3124 5463 3308 5531 partes

1731 5669 1779 5705 ”
1800 5669 1845 5739 Ῑ.
1868 5668 2122 5742 τέμνεται
2143 5666 2224 5722 δέ.
2299 5663 2346 5697 ’⁸
2369 5663 2410 5734 f.
2443 5661 2569 5716 ῐσοι.
2640 5654 2685 5687 ’⁸
2716 5652 2935 5710 Videtur
2961 5645 3126 5701 πόλου
3140 5640 3316 5711 legar:
