  <div class='ocr_page' id='page_1' title='image "/cluster/home/n/w/nwhite01/storage/ocr_20150623/19/hvd.32044011362951/583.png"; bbox 0 0 3800 6352; ppageno 0'>
   <div class='ocr_carea' id='block_1_1' title="bbox 539 287 704 364">
    <p class='ocr_par' dir='ltr' id='par_1_1' title="bbox 539 287 704 364">
     <span class='ocr_line' id='line_1_1' title="bbox 539 287 704 364; baseline 0 0"><span class='ocrx_word' id='word_1_1' title='bbox 539 287 704 364; x_wconf 59' lang='lat' dir='ltr'><strong>“usi</strong></span> 
     </span>
    </p>
   </div>
   <div class='ocr_carea' id='block_1_2' title="bbox 1588 309 2816 369">
    <p class='ocr_par' dir='ltr' id='par_1_2' title="bbox 1588 309 2816 369">
     <span class='ocr_line' id='line_1_2' title="bbox 1588 309 2816 369; baseline 0.002 -4"><span class='ocrx_word' id='word_1_2' title='bbox 1588 309 1682 365; x_wconf 78' lang='lat' dir='ltr'><strong>AD</strong></span> <span class='ocrx_word' id='word_1_3' title='bbox 1719 309 1986 367; x_wconf 83' lang='lat' dir='ltr'><strong>EUSEBH</strong></span> <span class='ocrx_word' id='word_1_4' title='bbox 2028 309 2422 369; x_wconf 77' lang='lat' dir='ltr'><strong>CHRONICON</strong></span> <span class='ocrx_word' id='word_1_5' title='bbox 2459 311 2816 368; x_wconf 79' lang='lat' dir='ltr'><strong>APPENDIX.</strong></span> 
     </span>
    </p>
   </div>
   <div class='ocr_carea' id='block_1_3' title="bbox 3652 319 3758 377">
    <p class='ocr_par' dir='ltr' id='par_1_3' title="bbox 3652 319 3758 377">
     <span class='ocr_line' id='line_1_3' title="bbox 3652 319 3758 377; baseline 0.028 -3"><span class='ocrx_word' id='word_1_6' title='bbox 3652 319 3758 377; x_wconf 72' lang='lat'><strong>“5?.</strong></span> 
     </span>
    </p>
   </div>
   <div class='ocr_carea' id='block_1_4' title="bbox 567 416 2131 501">
    <p class='ocr_par' dir='ltr' id='par_1_4' title="bbox 567 419 2131 495">
     <span class='ocr_line' id='line_1_4' title="bbox 567 419 2131 495; baseline 0.001 -19"><span class='ocrx_word' id='word_1_7' title='bbox 567 421 657 477; x_wconf 78' lang='grc'><strong>56.</strong></span> <span class='ocrx_word' id='word_1_8' title='bbox 686 421 823 477; x_wconf 81' lang='lat' dir='ltr'><strong>Hine</strong></span> <span class='ocrx_word' id='word_1_9' title='bbox 837 419 904 475; x_wconf 89' lang='lat' dir='ltr'><strong>ad</strong></span> <span class='ocrx_word' id='word_1_10' title='bbox 926 420 1170 478; x_wconf 63' lang='lat' dir='ltr'><strong>aestivum</strong></span> <span class='ocrx_word' id='word_1_11' title='bbox 1194 420 1483 492; x_wconf 88' lang='lat' dir='ltr'><strong>tropicum,</strong></span> <span class='ocrx_word' id='word_1_12' title='bbox 1507 421 1610 489; x_wconf 72' lang='lat'><strong>50;</strong></span> <span class='ocrx_word' id='word_1_13' title='bbox 1643 423 1712 477; x_wconf 88' lang='lat' dir='ltr'><strong>ab</strong></span> <span class='ocrx_word' id='word_1_14' title='bbox 1741 423 1846 479; x_wconf 91' lang='lat' dir='ltr'><strong>hoc</strong></span> <span class='ocrx_word' id='word_1_15' title='bbox 1865 424 1932 479; x_wconf 92' lang='lat' dir='ltr'><strong>ad</strong></span> <span class='ocrx_word' id='word_1_16' title='bbox 1960 424 2131 495; x_wconf 67' lang='lat' dir='ltr'><strong>aequi-</strong></span> 
     </span>
    </p>
   </div>
   <div class='ocr_carea' id='block_1_5' title="bbox 2238 416 3754 501">
    <p class='ocr_par' dir='ltr' id='par_1_5' title="bbox 2238 416 3754 501">
     <span class='ocr_line' id='line_1_5' title="bbox 2238 416 3754 501; baseline 0.004 -21"><span class='ocrx_word' id='word_1_17' title='bbox 2238 427 2446 499; x_wconf 83' lang='grc' dir='ltr'>θερινὸν</span> <span class='ocrx_word' id='word_1_18' title='bbox 2477 427 2736 498; x_wconf 82' lang='grc' dir='ltr'>τροπικὸν</span> <span class='ocrx_word' id='word_1_19' title='bbox 2777 425 2820 478; x_wconf 85' lang='grc' dir='ltr'>λ’</span> <span class='ocrx_word' id='word_1_20' title='bbox 2848 439 2862 455; x_wconf 87' lang='grc'><strong>⁰</strong></span> <span class='ocrx_word' id='word_1_21' title='bbox 2883 424 2977 496; x_wconf 84' lang='grc' dir='ltr'><strong>ἀφ’</strong></span> <span class='ocrx_word' id='word_1_22' title='bbox 3002 416 3063 479; x_wconf 76' lang='grc' dir='ltr'>οὗ</span> <span class='ocrx_word' id='word_1_23' title='bbox 3091 424 3186 481; x_wconf 69' lang='grc' dir='ltr'><strong>ἐπὶ</strong></span> <span class='ocrx_word' id='word_1_24' title='bbox 3210 423 3305 480; x_wconf 77' lang='grc' dir='ltr'>τὸν</span> <span class='ocrx_word' id='word_1_25' title='bbox 3331 426 3638 501; x_wconf 74' lang='grc' dir='ltr'>ἰσημερινὸν</span> <span class='ocrx_word' id='word_1_26' title='bbox 3672 435 3754 486; x_wconf 78' lang='grc' dir='ltr'>κδ’·</span> 
     </span>
    </p>
   </div>
   <div class='ocr_carea' id='block_1_6' title="bbox 565 511 2129 586">
    <p class='ocr_par' dir='ltr' id='par_1_6' title="bbox 565 511 2129 586">
     <span class='ocr_line' id='line_1_6' title="bbox 565 511 2129 586; baseline 0.001 -18"><span class='ocrx_word' id='word_1_27' title='bbox 565 513 856 568; x_wconf 87' lang='lat' dir='ltr'><strong>noctialem</strong></span> <span class='ocrx_word' id='word_1_28' title='bbox 887 512 994 578; x_wconf 66' lang='grc' dir='ltr'>εις</span> <span class='ocrx_word' id='word_1_29' title='bbox 1025 511 1150 567; x_wconf 91' lang='lat' dir='ltr'><strong>inde</strong></span> <span class='ocrx_word' id='word_1_30' title='bbox 1192 512 1259 567; x_wconf 89' lang='lat' dir='ltr'><strong>ad</strong></span> <span class='ocrx_word' id='word_1_31' title='bbox 1291 512 1674 576; x_wconf 86' lang='lat' dir='ltr'><strong>antarcticum,</strong></span> <span class='ocrx_word' id='word_1_32' title='bbox 1711 514 1812 578; x_wconf 80' lang='lat'><strong>30;</strong></span> <span class='ocrx_word' id='word_1_33' title='bbox 1865 530 1896 568; x_wconf 87' lang='lat' dir='ltr'><strong>a</strong></span> <span class='ocrx_word' id='word_1_34' title='bbox 1926 531 2033 586; x_wconf 94' lang='lat' dir='ltr'><strong>quo</strong></span> <span class='ocrx_word' id='word_1_35' title='bbox 2061 515 2129 569; x_wconf 89' lang='lat' dir='ltr'><strong>ad</strong></span> 
     </span>
    </p>
   </div>
   <div class='ocr_carea' id='block_1_7' title="bbox 565 597 2130 674">
    <p class='ocr_par' dir='ltr' id='par_1_7' title="bbox 565 597 2130 674">
     <span class='ocr_line' id='line_1_7' title="bbox 565 597 2130 674; baseline 0.003 -21"><span class='ocrx_word' id='word_1_36' title='bbox 565 600 752 670; x_wconf 91' lang='lat' dir='ltr'><strong>polum</strong></span> <span class='ocrx_word' id='word_1_37' title='bbox 797 600 1089 654; x_wconf 77' lang='lat' dir='ltr'><strong>australem</strong></span> <span class='ocrx_word' id='word_1_38' title='bbox 1132 597 1220 654; x_wconf 78' lang='lat'><strong>56.</strong></span> <span class='ocrx_word' id='word_1_39' title='bbox 1267 597 1362 656; x_wconf 72' lang='lat' dir='ltr'><strong>Ha:</strong></span> <span class='ocrx_word' id='word_1_40' title='bbox 1409 610 1539 656; x_wconf 87' lang='lat' dir='ltr'><strong>sunt</strong></span> <span class='ocrx_word' id='word_1_41' title='bbox 1585 601 1689 656; x_wconf 70' lang='lat'><strong>180</strong></span> <span class='ocrx_word' id='word_1_42' title='bbox 1734 611 1923 673; x_wconf 81' lang='lat' dir='ltr'><strong>partes</strong></span> <span class='ocrx_word' id='word_1_43' title='bbox 1965 619 2130 674; x_wconf 83' lang='lat' dir='ltr'><strong>supra</strong></span> 
     </span>
    </p>
   </div>
   <div class='ocr_carea' id='block_1_8' title="bbox 567 691 2132 767">
    <p class='ocr_par' dir='ltr' id='par_1_8' title="bbox 567 691 2132 767">
     <span class='ocr_line' id='line_1_8' title="bbox 567 691 2132 767; baseline 0.002 -19"><span class='ocrx_word' id='word_1_44' title='bbox 567 702 764 748; x_wconf 88' lang='lat' dir='ltr'><strong>terram</strong></span> <span class='ocrx_word' id='word_1_45' title='bbox 813 691 1141 762; x_wconf 73' lang='lat' dir='ltr'><strong>emergentis</strong></span> <span class='ocrx_word' id='word_1_46' title='bbox 1183 691 1594 763; x_wconf 76' lang='lat' dir='ltr'><strong>hemisphzerii:</strong></span> <span class='ocrx_word' id='word_1_47' title='bbox 1631 695 1854 767; x_wconf 63' lang='lat' dir='ltr'><strong>reliqua</strong></span> <span class='ocrx_word' id='word_1_48' title='bbox 1902 697 2132 752; x_wconf 90' lang='lat' dir='ltr'><strong>alterius</strong></span> 
     </span>
    </p>
   </div>
   <div class='ocr_carea' id='block_1_9' title="bbox 565 783 1254 842">
    <p class='ocr_par' dir='ltr' id='par_1_9' title="bbox 565 783 1254 842">
     <span class='ocr_line' id='line_1_9' title="bbox 565 783 1254 842; baseline -0.003 0"><span class='ocrx_word' id='word_1_49' title='bbox 565 791 693 842; x_wconf 84' lang='lat' dir='ltr'><strong>sunt</strong></span> <span class='ocrx_word' id='word_1_50' title='bbox 719 783 821 840; x_wconf 85' lang='lat' dir='ltr'><strong>sub</strong></span> <span class='ocrx_word' id='word_1_51' title='bbox 851 792 996 838; x_wconf 90' lang='lat' dir='ltr'><strong>terra</strong></span> <span class='ocrx_word' id='word_1_52' title='bbox 1027 783 1254 840; x_wconf 88' lang='lat' dir='ltr'><strong>conditi.</strong></span> 
     </span>
    </p>
   </div>
   <div class='ocr_carea' id='block_1_10' title="bbox 1192 894 1495 953">
    <p class='ocr_par' dir='ltr' id='par_1_10' title="bbox 1192 894 1495 953">
     <span class='ocr_line' id='line_1_10' title="bbox 1192 894 1495 953; baseline 0.013 -4"><span class='ocrx_word' id='word_1_53' title='bbox 1192 894 1272 952; x_wconf 74' lang='lat' dir='ltr'><strong>De</strong></span> <span class='ocrx_word' id='word_1_54' title='bbox 1312 897 1495 953; x_wconf 79' lang='lat' dir='ltr'><strong>astris.</strong></span> 
     </span>
    </p>
   </div>
   <div class='ocr_carea' id='block_1_11' title="bbox 630 1008 2123 1075">
    <p class='ocr_par' dir='ltr' id='par_1_11' title="bbox 630 1008 2123 1075">
     <span class='ocr_line' id='line_1_11' title="bbox 630 1008 2123 1075; baseline 0.003 -12"><span class='ocrx_word' id='word_1_55' title='bbox 630 1008 766 1064; x_wconf 83' lang='lat' dir='ltr'><strong>Vlll.</strong></span> <span class='ocrx_word' id='word_1_56' title='bbox 798 1008 1086 1066; x_wconf 84' lang='lat' dir='ltr'><strong>Astrorum</strong></span> <span class='ocrx_word' id='word_1_57' title='bbox 1129 1009 1232 1064; x_wconf 91' lang='lat' dir='ltr'><strong>alia</strong></span> <span class='ocrx_word' id='word_1_58' title='bbox 1262 1009 1388 1075; x_wconf 80' lang='lat' dir='ltr'><strong>ﬁxa,</strong></span> <span class='ocrx_word' id='word_1_59' title='bbox 1407 1011 1510 1064; x_wconf 91' lang='lat' dir='ltr'><strong>alia</strong></span> <span class='ocrx_word' id='word_1_60' title='bbox 1546 1012 1787 1066; x_wconf 85' lang='lat' dir='ltr'><strong>errantia</strong></span> <span class='ocrx_word' id='word_1_61' title='bbox 1821 1022 2123 1068; x_wconf 82' lang='lat' dir='ltr'><strong>vocantur:</strong></span> 
     </span>
    </p>
   </div>
   <div class='ocr_carea' id='block_1_12' title="bbox 562 1100 2123 1173">
    <p class='ocr_par' dir='ltr' id='par_1_12' title="bbox 562 1100 2123 1173">
     <span class='ocr_line' id='line_1_12' title="bbox 562 1100 2123 1173; baseline 0.002 -16"><span class='ocrx_word' id='word_1_62' title='bbox 562 1100 666 1157; x_wconf 78' lang='lat' dir='ltr'><strong>ﬁxa</strong></span> <span class='ocrx_word' id='word_1_63' title='bbox 678 1101 954 1165; x_wconf 89' lang='lat' dir='ltr'><strong>dicuntur,</strong></span> <span class='ocrx_word' id='word_1_64' title='bbox 967 1116 1086 1171; x_wconf 76' lang='lat' dir='ltr'><strong>qua:</strong></span> <span class='ocrx_word' id='word_1_65' title='bbox 1100 1101 1156 1156; x_wconf 93' lang='lat' dir='ltr'><strong>in</strong></span> <span class='ocrx_word' id='word_1_66' title='bbox 1175 1101 1364 1156; x_wconf 90' lang='lat' dir='ltr'><strong>mundi</strong></span> <span class='ocrx_word' id='word_1_67' title='bbox 1391 1103 1796 1173; x_wconf 48' lang='lat' dir='ltr'><strong>superﬁcieﬁnon</strong></span> <span class='ocrx_word' id='word_1_68' title='bbox 1816 1110 2123 1161; x_wconf 82' lang='lat' dir='ltr'><strong>moventur.</strong></span> 
     </span>
    </p>
   </div>
   <div class='ocr_carea' id='block_1_13' title="bbox 560 1188 2120 1264">
    <p class='ocr_par' dir='ltr' id='par_1_13' title="bbox 560 1188 2120 1264">
     <span class='ocr_line' id='line_1_13' title="bbox 560 1188 2120 1264; baseline -0.001 -14"><span class='ocrx_word' id='word_1_69' title='bbox 560 1194 659 1250; x_wconf 87' lang='lat' dir='ltr'><strong>sed</strong></span> <span class='ocrx_word' id='word_1_70' title='bbox 689 1194 942 1250; x_wconf 89' lang='lat' dir='ltr'><strong>eumdem</strong></span> <span class='ocrx_word' id='word_1_71' title='bbox 993 1188 1241 1248; x_wconf 90' lang='lat' dir='ltr'><strong>ordinem</strong></span> <span class='ocrx_word' id='word_1_72' title='bbox 1275 1194 1421 1248; x_wconf 91' lang='lat' dir='ltr'><strong>inter</strong></span> <span class='ocrx_word' id='word_1_73' title='bbox 1468 1209 1528 1248; x_wconf 90' lang='lat' dir='ltr'><strong>se</strong></span> <span class='ocrx_word' id='word_1_74' title='bbox 1580 1202 1841 1264; x_wconf 90' lang='lat' dir='ltr'><strong>perpetuo</strong></span> <span class='ocrx_word' id='word_1_75' title='bbox 1881 1201 2120 1249; x_wconf 83' lang='lat' dir='ltr'><strong>servant.</strong></span> 
     </span>
    </p>
   </div>
   <div class='ocr_carea' id='block_1_14' title="bbox 560 1285 2124 1356">
    <p class='ocr_par' dir='ltr' id='par_1_14' title="bbox 560 1285 2124 1356">
     <span class='ocr_line' id='line_1_14' title="bbox 560 1285 2124 1356; baseline 0 -16"><span class='ocrx_word' id='word_1_76' title='bbox 560 1285 810 1340; x_wconf 90' lang='lat' dir='ltr'><strong>Errantia</strong></span> <span class='ocrx_word' id='word_1_77' title='bbox 837 1291 965 1342; x_wconf 88' lang='lat' dir='ltr'><strong>sunt</strong></span> <span class='ocrx_word' id='word_1_78' title='bbox 1011 1285 1093 1342; x_wconf 90' lang='lat' dir='ltr'><strong>sol</strong></span> <span class='ocrx_word' id='word_1_79' title='bbox 1120 1292 1176 1341; x_wconf 91' lang='lat' dir='ltr'><strong>et</strong></span> <span class='ocrx_word' id='word_1_80' title='bbox 1206 1285 1356 1352; x_wconf 88' lang='lat' dir='ltr'><strong>luna,</strong></span> <span class='ocrx_word' id='word_1_81' title='bbox 1386 1300 1450 1340; x_wconf 90' lang='lat' dir='ltr'><strong>ac</strong></span> <span class='ocrx_word' id='word_1_82' title='bbox 1483 1286 1663 1340; x_wconf 71' lang='lat' dir='ltr'><strong>caeteri</strong></span> <span class='ocrx_word' id='word_1_83' title='bbox 1698 1286 1925 1354; x_wconf 72' lang='lat' dir='ltr'><strong>planetze</strong></span> <span class='ocrx_word' id='word_1_84' title='bbox 1965 1285 2124 1356; x_wconf 88' lang='lat' dir='ltr'><strong>quin-</strong></span> 
     </span>
    </p>
   </div>
   <div class='ocr_carea' id='block_1_15' title="bbox 561 1375 2123 1447">
    <p class='ocr_par' dir='ltr' id='par_1_15' title="bbox 561 1375 2123 1447">
     <span class='ocr_line' id='line_1_15' title="bbox 561 1375 2123 1447; baseline -0.001 -17"><span class='ocrx_word' id='word_1_85' title='bbox 561 1392 688 1447; x_wconf 87' lang='lat' dir='ltr'><strong>que.</strong></span> <span class='ocrx_word' id='word_1_86' title='bbox 738 1378 814 1432; x_wconf 80' lang='lat' dir='ltr'><strong>Ex</strong></span> <span class='ocrx_word' id='word_1_87' title='bbox 859 1377 946 1431; x_wconf 90' lang='lat' dir='ltr'><strong>his</strong></span> <span class='ocrx_word' id='word_1_88' title='bbox 976 1376 1122 1431; x_wconf 90' lang='lat' dir='ltr'><strong>enim</strong></span> <span class='ocrx_word' id='word_1_89' title='bbox 1177 1376 1261 1430; x_wconf 88' lang='lat' dir='ltr'><strong>sol</strong></span> <span class='ocrx_word' id='word_1_90' title='bbox 1296 1412 1312 1429; x_wconf 93' lang='lat'><strong>.</strong></span> <span class='ocrx_word' id='word_1_91' title='bbox 1339 1417 1353 1432; x_wconf 94' lang='lat'><strong>.</strong></span> <span class='ocrx_word' id='word_1_92' title='bbox 1388 1416 1403 1431; x_wconf 95' lang='lat'><strong>.</strong></span> <span class='ocrx_word' id='word_1_93' title='bbox 1436 1375 1493 1429; x_wconf 88' lang='lat' dir='ltr'><strong>in</strong></span> <span class='ocrx_word' id='word_1_94' title='bbox 1528 1390 1638 1430; x_wconf 91' lang='lat' dir='ltr'><strong>uno</strong></span> <span class='ocrx_word' id='word_1_95' title='bbox 1679 1375 1891 1429; x_wconf 82' lang='lat' dir='ltr'><strong>zodiaci</strong></span> <span class='ocrx_word' id='word_1_96' title='bbox 1931 1375 2123 1430; x_wconf 88' lang='lat' dir='ltr'><strong>circuli</strong></span> 
     </span>
    </p>
   </div>
   <div class='ocr_carea' id='block_1_16' title="bbox 560 1463 2122 1534">
    <p class='ocr_par' dir='ltr' id='par_1_16' title="bbox 560 1463 2122 1534">
     <span class='ocr_line' id='line_1_16' title="bbox 560 1463 2122 1534; baseline -0.001 -14"><span class='ocrx_word' id='word_1_97' title='bbox 560 1467 680 1520; x_wconf 95' lang='lat' dir='ltr'><strong>loco</strong></span> <span class='ocrx_word' id='word_1_98' title='bbox 705 1473 1004 1530; x_wconf 84' lang='lat' dir='ltr'><strong>moventur,</strong></span> <span class='ocrx_word' id='word_1_99' title='bbox 1043 1465 1335 1521; x_wconf 85' lang='lat' dir='ltr'><strong>stationem</strong></span> <span class='ocrx_word' id='word_1_100' title='bbox 1366 1463 1662 1521; x_wconf 83' lang='lat' dir='ltr'><strong>faciunt....</strong></span> <span class='ocrx_word' id='word_1_101' title='bbox 1707 1463 2034 1534; x_wconf 86' lang='lat' dir='ltr'><strong>repedantes</strong></span> <span class='ocrx_word' id='word_1_102' title='bbox 2056 1463 2122 1518; x_wconf 90' lang='lat' dir='ltr'><strong>ad</strong></span> 
     </span>
    </p>
   </div>
   <div class='ocr_carea' id='block_1_17' title="bbox 563 1549 2123 1630">
    <p class='ocr_par' dir='ltr' id='par_1_17' title="bbox 563 1549 2123 1630">
     <span class='ocr_line' id='line_1_17' title="bbox 563 1549 2123 1630; baseline -0.003 -16"><span class='ocrx_word' id='word_1_103' title='bbox 563 1549 927 1630; x_wconf 87' lang='lat' dir='ltr'><strong>permeantem</strong></span> <span class='ocrx_word' id='word_1_104' title='bbox 958 1559 1136 1613; x_wconf 88' lang='lat' dir='ltr'><strong>media</strong></span> <span class='ocrx_word' id='word_1_105' title='bbox 1171 1558 1328 1628; x_wconf 76' lang='lat' dir='ltr'><strong>signa</strong></span> <span class='ocrx_word' id='word_1_106' title='bbox 1373 1557 1642 1611; x_wconf 88' lang='lat' dir='ltr'><strong>circulum</strong></span> <span class='ocrx_word' id='word_1_107' title='bbox 1678 1575 1691 1612; x_wconf 91' lang='lat'><strong>:</strong></span> <span class='ocrx_word' id='word_1_108' title='bbox 1724 1563 1777 1611; x_wconf 90' lang='lat' dir='ltr'><strong>et</strong></span> <span class='ocrx_word' id='word_1_109' title='bbox 1810 1556 1879 1610; x_wconf 91' lang='lat' dir='ltr'><strong>ad</strong></span> <span class='ocrx_word' id='word_1_110' title='bbox 1910 1564 2123 1626; x_wconf 87' lang='lat' dir='ltr'><strong>septen-</strong></span> 
     </span>
    </p>
   </div>
   <div class='ocr_carea' id='block_1_18' title="bbox 560 1649 2125 1722">
    <p class='ocr_par' dir='ltr' id='par_1_18' title="bbox 560 1649 2125 1722">
     <span class='ocr_line' id='line_1_18' title="bbox 560 1649 2125 1722; baseline -0.003 -18"><span class='ocrx_word' id='word_1_111' title='bbox 560 1653 790 1714; x_wconf 87' lang='lat' dir='ltr'><strong>triones,</strong></span> <span class='ocrx_word' id='word_1_112' title='bbox 824 1659 917 1705; x_wconf 83' lang='lat' dir='ltr'><strong>aut</strong></span> <span class='ocrx_word' id='word_1_113' title='bbox 943 1649 1099 1722; x_wconf 68' lang='grc'><strong>147</strong></span> <span class='ocrx_word' id='word_1_114' title='bbox 1116 1649 1422 1714; x_wconf 89' lang='lat' dir='ltr'><strong>meridiem,</strong></span> <span class='ocrx_word' id='word_1_115' title='bbox 1438 1649 1718 1718; x_wconf 68' lang='lat' dir='ltr'><strong>arqualiter</strong></span> <span class='ocrx_word' id='word_1_116' title='bbox 1741 1649 1807 1702; x_wconf 86' lang='lat' dir='ltr'><strong>ad</strong></span> <span class='ocrx_word' id='word_1_117' title='bbox 1831 1655 2125 1717; x_wconf 88' lang='lat' dir='ltr'><strong>utrumque</strong></span> 
     </span>
    </p>
   </div>
   <div class='ocr_carea' id='block_1_19' title="bbox 561 1736 2122 1806">
    <p class='ocr_par' dir='ltr' id='par_1_19' title="bbox 561 1736 2122 1806">
     <span class='ocr_line' id='line_1_19' title="bbox 561 1736 2122 1806; baseline -0.004 -9"><span class='ocrx_word' id='word_1_118' title='bbox 561 1740 931 1797; x_wconf 82' lang='lat' dir='ltr'><strong>deﬂectentes.</strong></span> <span class='ocrx_word' id='word_1_119' title='bbox 969 1739 1331 1794; x_wconf 86' lang='lat' dir='ltr'><strong>lnerrantium</strong></span> <span class='ocrx_word' id='word_1_120' title='bbox 1361 1738 1642 1793; x_wconf 88' lang='lat' dir='ltr'><strong>stellarum</strong></span> <span class='ocrx_word' id='word_1_121' title='bbox 1670 1736 1790 1790; x_wconf 69' lang='lat' dir='ltr'><strong>alia:</strong></span> <span class='ocrx_word' id='word_1_122' title='bbox 1819 1736 1885 1790; x_wconf 88' lang='lat' dir='ltr'><strong>ad</strong></span> <span class='ocrx_word' id='word_1_123' title='bbox 1909 1736 2122 1806; x_wconf 84' lang='lat' dir='ltr'><strong>aquilo-</strong></span> 
     </span>
    </p>
   </div>
   <div class='ocr_carea' id='block_1_20' title="bbox 567 1828 2117 1887">
    <p class='ocr_par' dir='ltr' id='par_1_20' title="bbox 567 1828 2117 1887">
     <span class='ocr_line' id='line_1_20' title="bbox 567 1828 2117 1887; baseline -0.003 0"><span class='ocrx_word' id='word_1_124' title='bbox 567 1848 690 1887; x_wconf 85' lang='lat' dir='ltr'><strong>nem</strong></span> <span class='ocrx_word' id='word_1_125' title='bbox 725 1848 753 1885; x_wconf 92' lang='lat' dir='ltr'><strong>a</strong></span> <span class='ocrx_word' id='word_1_126' title='bbox 788 1833 1013 1887; x_wconf 84' lang='lat' dir='ltr'><strong>zodiaco</strong></span> <span class='ocrx_word' id='word_1_127' title='bbox 1036 1830 1244 1885; x_wconf 91' lang='lat' dir='ltr'><strong>circulo</strong></span> <span class='ocrx_word' id='word_1_128' title='bbox 1273 1829 1535 1884; x_wconf 87' lang='lat' dir='ltr'><strong>recedunt</strong></span> <span class='ocrx_word' id='word_1_129' title='bbox 1563 1847 1578 1883; x_wconf 92' lang='lat'><strong>:</strong></span> <span class='ocrx_word' id='word_1_130' title='bbox 1611 1828 1676 1882; x_wconf 92' lang='lat' dir='ltr'><strong>ad</strong></span> <span class='ocrx_word' id='word_1_131' title='bbox 1701 1835 1945 1884; x_wconf 88' lang='lat' dir='ltr'><strong>austrum</strong></span> <span class='ocrx_word' id='word_1_132' title='bbox 1978 1829 2117 1882; x_wconf 64' lang='lat' dir='ltr'><strong>aliae.</strong></span> 
     </span>
    </p>
   </div>
   <div class='ocr_carea' id='block_1_21' title="bbox 566 1919 2127 1991">
    <p class='ocr_par' dir='ltr' id='par_1_21' title="bbox 566 1919 2127 1991">
     <span class='ocr_line' id='line_1_21' title="bbox 566 1919 2127 1991; baseline -0.004 -13"><span class='ocrx_word' id='word_1_133' title='bbox 566 1923 834 1978; x_wconf 89' lang='lat' dir='ltr'><strong>Dicuntur</strong></span> <span class='ocrx_word' id='word_1_134' title='bbox 881 1929 1060 1976; x_wconf 89' lang='lat' dir='ltr'><strong>autem</strong></span> <span class='ocrx_word' id='word_1_135' title='bbox 1101 1921 1350 1976; x_wconf 87' lang='lat' dir='ltr'><strong>boreales</strong></span> <span class='ocrx_word' id='word_1_136' title='bbox 1381 1929 1585 1991; x_wconf 87' lang='lat' dir='ltr'><strong>partes,</strong></span> <span class='ocrx_word' id='word_1_137' title='bbox 1617 1919 1843 1984; x_wconf 65' lang='lat' dir='ltr'><strong>dextrae,</strong></span> <span class='ocrx_word' id='word_1_138' title='bbox 1876 1919 2127 1988; x_wconf 81' lang='lat' dir='ltr'><strong>superio-</strong></span> 
     </span>
    </p>
   </div>
   <div class='ocr_carea' id='block_1_22' title="bbox 566 2009 2114 2081">
    <p class='ocr_par' dir='ltr' id='par_1_22' title="bbox 566 2009 2114 2081">
     <span class='ocr_line' id='line_1_22' title="bbox 566 2009 2114 2081; baseline -0.001 -14"><span class='ocrx_word' id='word_1_139' title='bbox 566 2026 804 2080; x_wconf 85' lang='lat' dir='ltr'><strong>resque:</strong></span> <span class='ocrx_word' id='word_1_140' title='bbox 860 2019 919 2065; x_wconf 93' lang='lat' dir='ltr'><strong>ut</strong></span> <span class='ocrx_word' id='word_1_141' title='bbox 971 2026 1092 2081; x_wconf 69' lang='lat' dir='ltr'><strong>qua:</strong></span> <span class='ocrx_word' id='word_1_142' title='bbox 1123 2009 1469 2066; x_wconf 87' lang='lat' dir='ltr'><strong>sublimiores</strong></span> <span class='ocrx_word' id='word_1_143' title='bbox 1515 2010 1784 2065; x_wconf 79' lang='lat' dir='ltr'><strong>exsistant</strong></span> <span class='ocrx_word' id='word_1_144' title='bbox 1824 2010 2114 2074; x_wconf 84' lang='lat' dir='ltr'><strong>australes,</strong></span> 
     </span>
    </p>
   </div>
   <div class='ocr_carea' id='block_1_23' title="bbox 568 2100 2127 2168">
    <p class='ocr_par' dir='ltr' id='par_1_23' title="bbox 568 2100 2127 2168">
     <span class='ocr_line' id='line_1_23' title="bbox 568 2100 2127 2168; baseline -0.002 -9"><span class='ocrx_word' id='word_1_145' title='bbox 568 2104 825 2168; x_wconf 67' lang='lat' dir='ltr'><strong>sinistrae,</strong></span> <span class='ocrx_word' id='word_1_146' title='bbox 855 2111 910 2158; x_wconf 90' lang='lat' dir='ltr'><strong>et</strong></span> <span class='ocrx_word' id='word_1_147' title='bbox 941 2103 1246 2158; x_wconf 81' lang='lat' dir='ltr'><strong>inferiores.</strong></span> <span class='ocrx_word' id='word_1_148' title='bbox 1274 2100 1391 2156; x_wconf 81' lang='lat' dir='ltr'><strong>Jam</strong></span> <span class='ocrx_word' id='word_1_149' title='bbox 1424 2116 1555 2156; x_wconf 81' lang='lat' dir='ltr'><strong>vero</strong></span> <span class='ocrx_word' id='word_1_150' title='bbox 1597 2116 1721 2156; x_wconf 93' lang='lat' dir='ltr'><strong>cum</strong></span> <span class='ocrx_word' id='word_1_151' title='bbox 1778 2102 2016 2156; x_wconf 90' lang='lat' dir='ltr'><strong>mundus</strong></span> <span class='ocrx_word' id='word_1_152' title='bbox 2059 2102 2127 2156; x_wconf 91' lang='lat' dir='ltr'><strong>ab</strong></span> 
     </span>
    </p>
   </div>
   <div class='ocr_carea' id='block_1_24' title="bbox 565 2193 2129 2263">
    <p class='ocr_par' dir='ltr' id='par_1_24' title="bbox 565 2193 2129 2263">
     <span class='ocr_line' id='line_1_24' title="bbox 565 2193 2129 2263; baseline -0.002 -12"><span class='ocrx_word' id='word_1_153' title='bbox 565 2205 688 2252; x_wconf 91' lang='lat' dir='ltr'><strong>ortu</strong></span> <span class='ocrx_word' id='word_1_154' title='bbox 715 2203 994 2250; x_wconf 81' lang='lat' dir='ltr'><strong>moveatur</strong></span> <span class='ocrx_word' id='word_1_155' title='bbox 1019 2195 1072 2248; x_wconf 88' lang='lat' dir='ltr'><strong>in</strong></span> <span class='ocrx_word' id='word_1_156' title='bbox 1097 2208 1376 2258; x_wconf 87' lang='lat' dir='ltr'><strong>occasum,</strong></span> <span class='ocrx_word' id='word_1_157' title='bbox 1401 2193 1678 2248; x_wconf 85' lang='lat' dir='ltr'><strong>contrario</strong></span> <span class='ocrx_word' id='word_1_158' title='bbox 1715 2202 1863 2247; x_wconf 91' lang='lat' dir='ltr'><strong>motu</strong></span> <span class='ocrx_word' id='word_1_159' title='bbox 1900 2194 2129 2263; x_wconf 78' lang='lat' dir='ltr'><strong>planeta:</strong></span> 
     </span>
    </p>
   </div>
   <div class='ocr_carea' id='block_1_25' title="bbox 563 2287 2130 2358">
    <p class='ocr_par' dir='ltr' id='par_1_25' title="bbox 563 2287 2130 2358">
     <span class='ocr_line' id='line_1_25' title="bbox 563 2287 2130 2358; baseline 0.001 -16"><span class='ocrx_word' id='word_1_160' title='bbox 563 2287 925 2343; x_wconf 86' lang='lat' dir='ltr'><strong>nihilominus</strong></span> <span class='ocrx_word' id='word_1_161' title='bbox 984 2289 1307 2358; x_wconf 80' lang='lat' dir='ltr'><strong>agitantur:</strong></span> <span class='ocrx_word' id='word_1_162' title='bbox 1361 2301 1426 2341; x_wconf 91' lang='lat' dir='ltr'><strong>ac</strong></span> <span class='ocrx_word' id='word_1_163' title='bbox 1475 2294 1698 2357; x_wconf 88' lang='lat' dir='ltr'><strong>propter</strong></span> <span class='ocrx_word' id='word_1_164' title='bbox 1754 2287 2130 2343; x_wconf 86' lang='lat' dir='ltr'><strong>conversionis</strong></span> 
     </span>
    </p>
   </div>
   <div class='ocr_carea' id='block_1_26' title="bbox 563 2376 2127 2444">
    <p class='ocr_par' dir='ltr' id='par_1_26' title="bbox 563 2376 2127 2444">
     <span class='ocr_line' id='line_1_26' title="bbox 563 2376 2127 2444; baseline 0.001 -13"><span class='ocrx_word' id='word_1_165' title='bbox 563 2377 751 2432; x_wconf 91' lang='lat' dir='ltr'><strong>mundi</strong></span> <span class='ocrx_word' id='word_1_166' title='bbox 783 2378 1140 2444; x_wconf 85' lang='lat' dir='ltr'><strong>celeritatem,</strong></span> <span class='ocrx_word' id='word_1_167' title='bbox 1174 2376 1364 2434; x_wconf 86' lang='lat' dir='ltr'><strong>itidem</strong></span> <span class='ocrx_word' id='word_1_168' title='bbox 1398 2384 1458 2432; x_wconf 93' lang='lat' dir='ltr'><strong>ut</strong></span> <span class='ocrx_word' id='word_1_169' title='bbox 1494 2377 1802 2434; x_wconf 84' lang='lat' dir='ltr'><strong>inerrantes</strong></span> <span class='ocrx_word' id='word_1_170' title='bbox 1843 2377 1900 2433; x_wconf 92' lang='lat' dir='ltr'><strong>in</strong></span> <span class='ocrx_word' id='word_1_171' title='bbox 1942 2379 2127 2434; x_wconf 90' lang='lat' dir='ltr'><strong>orbem</strong></span> 
     </span>
    </p>
   </div>
   <div class='ocr_carea' id='block_1_27' title="bbox 562 2470 782 2524">
    <p class='ocr_par' dir='ltr' id='par_1_27' title="bbox 562 2470 782 2524">
     <span class='ocr_line' id='line_1_27' title="bbox 562 2470 782 2524; baseline -0.005 0"><span class='ocrx_word' id='word_1_172' title='bbox 562 2470 782 2524; x_wconf 91' lang='lat' dir='ltr'><strong>cientur</strong></span> 
     </span>
    </p>
   </div>
   <div class='ocr_carea' id='block_1_28' title="bbox 1209 2671 1492 2737">
    <p class='ocr_par' dir='ltr' id='par_1_28' title="bbox 1209 2671 1492 2737">
     <span class='ocr_line' id='line_1_28' title="bbox 1209 2671 1492 2737; baseline 0.004 -8"><span class='ocrx_word' id='word_1_173' title='bbox 1209 2671 1288 2737; x_wconf 83' lang='lat' dir='ltr'><strong>De</strong></span> <span class='ocrx_word' id='word_1_174' title='bbox 1318 2673 1492 2730; x_wconf 78' lang='lat' dir='ltr'><strong>zonis.</strong></span> 
     </span>
    </p>
   </div>
   <div class='ocr_carea' id='block_1_29' title="bbox 632 2785 2135 2861">
    <p class='ocr_par' dir='ltr' id='par_1_29' title="bbox 632 2785 2135 2861">
     <span class='ocr_line' id='line_1_29' title="bbox 632 2785 2135 2861; baseline -0.007 -14"><span class='ocrx_word' id='word_1_175' title='bbox 632 2792 726 2848; x_wconf 79' lang='lat' dir='ltr'><strong>lX.</strong></span> <span class='ocrx_word' id='word_1_176' title='bbox 744 2793 1025 2849; x_wconf 88' lang='lat' dir='ltr'><strong>Parallelis</strong></span> <span class='ocrx_word' id='word_1_177' title='bbox 1041 2792 1264 2848; x_wconf 89' lang='lat' dir='ltr'><strong>circulis</strong></span> <span class='ocrx_word' id='word_1_178' title='bbox 1280 2807 1432 2846; x_wconf 76' lang='lat' dir='ltr'><strong>zona:</strong></span> <span class='ocrx_word' id='word_1_179' title='bbox 1446 2789 1688 2861; x_wconf 91' lang='lat' dir='ltr'><strong>quinque</strong></span> <span class='ocrx_word' id='word_1_180' title='bbox 1701 2785 1961 2857; x_wconf 60' lang='lat' dir='ltr'><strong>subjecta</strong></span> <span class='ocrx_word' id='word_1_181' title='bbox 1986 2791 2135 2840; x_wconf 89' lang='lat' dir='ltr'><strong>sunt:</strong></span> 
     </span>
    </p>
   </div>
   <div class='ocr_carea' id='block_1_30' title="bbox 562 2870 2140 2953">
    <p class='ocr_par' dir='ltr' id='par_1_30' title="bbox 562 2870 2140 2953">
     <span class='ocr_line' id='line_1_30' title="bbox 562 2870 2140 2953; baseline -0.011 -14"><span class='ocrx_word' id='word_1_182' title='bbox 562 2883 820 2948; x_wconf 90' lang='lat' dir='ltr'><strong>borealis,</strong></span> <span class='ocrx_word' id='word_1_183' title='bbox 839 2898 960 2953; x_wconf 73' lang='lat' dir='ltr'><strong>qua:</strong></span> <span class='ocrx_word' id='word_1_184' title='bbox 988 2890 1100 2937; x_wconf 91' lang='lat' dir='ltr'><strong>tota</strong></span> <span class='ocrx_word' id='word_1_185' title='bbox 1131 2895 1295 2952; x_wconf 87' lang='lat' dir='ltr'><strong>supra</strong></span> <span class='ocrx_word' id='word_1_186' title='bbox 1315 2887 1515 2935; x_wconf 88' lang='lat' dir='ltr'><strong>terram</strong></span> <span class='ocrx_word' id='word_1_187' title='bbox 1534 2877 1780 2934; x_wconf 88' lang='lat' dir='ltr'><strong>eminens</strong></span> <span class='ocrx_word' id='word_1_188' title='bbox 1807 2883 1910 2940; x_wconf 81' lang='lat' dir='ltr'><strong>est,</strong></span> <span class='ocrx_word' id='word_1_189' title='bbox 1929 2870 2140 2927; x_wconf 81' lang='lat' dir='ltr'><strong>inhabi—</strong></span> 
     </span>
    </p>
   </div>
   <div class='ocr_carea' id='block_1_31' title="bbox 565 2961 2140 3040">
    <p class='ocr_par' dir='ltr' id='par_1_31' title="bbox 565 2961 2140 3040">
     <span class='ocr_line' id='line_1_31' title="bbox 565 2961 2140 3040; baseline -0.01 -10"><span class='ocrx_word' id='word_1_190' title='bbox 565 2977 770 3039; x_wconf 87' lang='lat' dir='ltr'><strong>tabilis,</strong></span> <span class='ocrx_word' id='word_1_191' title='bbox 794 2976 1016 3040; x_wconf 89' lang='lat' dir='ltr'><strong>alsiosa,</strong></span> <span class='ocrx_word' id='word_1_192' title='bbox 1043 2973 1283 3029; x_wconf 87' lang='lat' dir='ltr'><strong>Saturno</strong></span> <span class='ocrx_word' id='word_1_193' title='bbox 1303 2972 1478 3027; x_wconf 89' lang='lat' dir='ltr'><strong>dicata</strong></span> <span class='ocrx_word' id='word_1_194' title='bbox 1499 2967 1867 3039; x_wconf 76' lang='lat' dir='ltr'><strong>;sexagesima</strong></span> <span class='ocrx_word' id='word_1_195' title='bbox 1884 2961 2140 3033; x_wconf 85' lang='lat' dir='ltr'><strong>scrupula</strong></span> 
     </span>
    </p>
   </div>
   <div class='ocr_carea' id='block_1_32' title="bbox 562 3052 2140 3139">
    <p class='ocr_par' dir='ltr' id='par_1_32' title="bbox 562 3052 2140 3139">
     <span class='ocr_line' id='line_1_32' title="bbox 562 3052 2140 3139; baseline -0.01 -15"><span class='ocrx_word' id='word_1_196' title='bbox 562 3083 660 3124; x_wconf 83' lang='lat' dir='ltr'><strong>sex</strong></span> <span class='ocrx_word' id='word_1_197' title='bbox 677 3074 891 3139; x_wconf 88' lang='lat' dir='ltr'><strong>patens,</strong></span> <span class='ocrx_word' id='word_1_198' title='bbox 921 3082 985 3122; x_wconf 87' lang='lat' dir='ltr'><strong>ac</strong></span> <span class='ocrx_word' id='word_1_199' title='bbox 1005 3065 1304 3122; x_wconf 91' lang='lat' dir='ltr'><strong>stadiorum</strong></span> <span class='ocrx_word' id='word_1_200' title='bbox 1332 3063 1562 3131; x_wconf 82' lang='lat'><strong>25,200;</strong></span> <span class='ocrx_word' id='word_1_201' title='bbox 1598 3075 1720 3114; x_wconf 90' lang='lat' dir='ltr'><strong>nam</strong></span> <span class='ocrx_word' id='word_1_202' title='bbox 1745 3055 2001 3127; x_wconf 90' lang='lat' dir='ltr'><strong>scrupulo</strong></span> <span class='ocrx_word' id='word_1_203' title='bbox 2020 3052 2140 3109; x_wconf 87' lang='lat' dir='ltr'><strong>cui-</strong></span> 
     </span>
    </p>
   </div>
   <div class='ocr_carea' id='block_1_33' title="bbox 2237 513 3755 595">
    <p class='ocr_par' dir='ltr' id='par_1_33' title="bbox 2237 513 3755 595">
     <span class='ocr_line' id='line_1_33' title="bbox 2237 513 3755 595; baseline 0.003 -22"><span class='ocrx_word' id='word_1_204' title='bbox 2237 519 2328 588; x_wconf 85' lang='grc' dir='ltr'>ἀφ⁹</span> <span class='ocrx_word' id='word_1_205' title='bbox 2356 513 2416 574; x_wconf 76' lang='grc' dir='ltr'><strong>οῦ</strong></span> <span class='ocrx_word' id='word_1_206' title='bbox 2446 521 2540 573; x_wconf 74' lang='grc' dir='ltr'><strong>ἐπὶ</strong></span> <span class='ocrx_word' id='word_1_207' title='bbox 2571 519 2663 572; x_wconf 84' lang='grc' dir='ltr'><strong>τὸν</strong></span> <span class='ocrx_word' id='word_1_208' title='bbox 2707 518 2962 589; x_wconf 82' lang='grc' dir='ltr'><strong>ἀρκτικὸν</strong></span> <span class='ocrx_word' id='word_1_209' title='bbox 2991 520 3035 551; x_wconf 72' lang='grc'><strong>’⁷</strong></span> <span class='ocrx_word' id='word_1_210' title='bbox 3065 519 3130 573; x_wconf 83' lang='grc' dir='ltr'>λ’.</span> <span class='ocrx_word' id='word_1_211' title='bbox 3163 518 3327 572; x_wconf 85' lang='grc' dir='ltr'>Ὅθεν</span> <span class='ocrx_word' id='word_1_212' title='bbox 3358 521 3450 573; x_wconf 77' lang='grc' dir='ltr'>ἐπὶ</span> <span class='ocrx_word' id='word_1_213' title='bbox 3491 522 3583 574; x_wconf 85' lang='grc' dir='ltr'><strong>τὸν</strong></span> <span class='ocrx_word' id='word_1_214' title='bbox 3615 524 3755 595; x_wconf 59' lang='grc' dir='ltr'>ἀφανῆ</span> 
     </span>
    </p>
   </div>
   <div class='ocr_carea' id='block_1_34' title="bbox 2235 603 3753 684">
    <p class='ocr_par' dir='ltr' id='par_1_34' title="bbox 2235 603 3753 684">
     <span class='ocr_line' id='line_1_34' title="bbox 2235 603 3753 684; baseline 0.003 -21"><span class='ocrx_word' id='word_1_215' title='bbox 2235 610 2397 664; x_wconf 84' lang='grc' dir='ltr'>πόλον</span> <span class='ocrx_word' id='word_1_216' title='bbox 2423 612 2530 675; x_wconf 84' lang='grc' dir='ltr'>λς’.</span> <span class='ocrx_word' id='word_1_217' title='bbox 2561 609 2670 665; x_wconf 82' lang='grc' dir='ltr'>Καί</span> <span class='ocrx_word' id='word_1_218' title='bbox 2697 613 2833 663; x_wconf 77' lang='grc' dir='ltr'>εἰσιν</span> <span class='ocrx_word' id='word_1_219' title='bbox 2860 603 3016 663; x_wconf 74' lang='grc' dir='ltr'>αὗται</span> <span class='ocrx_word' id='word_1_220' title='bbox 3039 610 3130 664; x_wconf 88' lang='grc' dir='ltr'><strong>τοῦ</strong></span> <span class='ocrx_word' id='word_1_221' title='bbox 3156 609 3295 681; x_wconf 81' lang='grc' dir='ltr'>ὑπὲρ</span> <span class='ocrx_word' id='word_1_222' title='bbox 3319 610 3420 681; x_wconf 80' lang='grc' dir='ltr'><strong>γῆν</strong></span> <span class='ocrx_word' id='word_1_223' title='bbox 3442 611 3753 684; x_wconf 70' lang='grc' dir='ltr'><strong>ἡμισφαιρίου</strong></span> 
     </span>
    </p>
   </div>
   <div class='ocr_carea' id='block_1_35' title="bbox 2237 699 3377 775">
    <p class='ocr_par' dir='ltr' id='par_1_35' title="bbox 2237 699 3377 775">
     <span class='ocr_line' id='line_1_35' title="bbox 2237 699 3377 775; baseline 0.001 -21"><span class='ocrx_word' id='word_1_224' title='bbox 2237 701 2438 775; x_wconf 82' lang='grc' dir='ltr'><strong>μοιρῶν</strong></span> <span class='ocrx_word' id='word_1_225' title='bbox 2473 709 2582 774; x_wconf 84' lang='grc' dir='ltr'>ρπ’,</span> <span class='ocrx_word' id='word_1_226' title='bbox 2611 703 2666 757; x_wconf 83' lang='grc' dir='ltr'>αἱ</span> <span class='ocrx_word' id='word_1_227' title='bbox 2703 701 2761 754; x_wconf 86' lang='grc' dir='ltr'><strong>δὲ</strong></span> <span class='ocrx_word' id='word_1_228' title='bbox 2788 701 2970 755; x_wconf 81' lang='grc' dir='ltr'>λοιπαὶ</span> <span class='ocrx_word' id='word_1_229' title='bbox 3001 699 3094 754; x_wconf 87' lang='grc' dir='ltr'><strong>τοῦ</strong></span> <span class='ocrx_word' id='word_1_230' title='bbox 3128 701 3231 754; x_wconf 78' lang='grc' dir='ltr'>ὑπὸ</span> <span class='ocrx_word' id='word_1_231' title='bbox 3253 703 3377 773; x_wconf 87' lang='grc' dir='ltr'>γῆν.</span> 
     </span>
    </p>
   </div>
   <div class='ocr_carea' id='block_1_36' title="bbox 2796 897 3218 967">
    <p class='ocr_par' dir='ltr' id='par_1_36' title="bbox 2796 897 3218 967">
     <span class='ocr_line' id='line_1_36' title="bbox 2796 897 3218 967; baseline 0.002 -15"><span class='ocrx_word' id='word_1_232' title='bbox 2796 897 2937 966; x_wconf 75' lang='grc' dir='ltr'>Περὶ</span> <span class='ocrx_word' id='word_1_233' title='bbox 2966 897 3218 967; x_wconf 80' lang='grc' dir='ltr'>ἄστρων.</span> 
     </span>
    </p>
   </div>
   <div class='ocr_carea' id='block_1_37' title="bbox 2305 1008 3753 1082">
    <p class='ocr_par' dir='ltr' id='par_1_37' title="bbox 2305 1008 3753 1082">
     <span class='ocr_line' id='line_1_37' title="bbox 2305 1008 3753 1082; baseline 0 -19"><span class='ocrx_word' id='word_1_234' title='bbox 2305 1008 2388 1063; x_wconf 76' lang='lat' dir='ltr'><strong>H&#39;.</strong></span> <span class='ocrx_word' id='word_1_235' title='bbox 2424 1008 2545 1063; x_wconf 82' lang='grc' dir='ltr'>Τῶν</span> <span class='ocrx_word' id='word_1_236' title='bbox 2567 1009 2622 1064; x_wconf 82' lang='grc' dir='ltr'>δὲ</span> <span class='ocrx_word' id='word_1_237' title='bbox 2649 1008 2862 1082; x_wconf 78' lang='grc' dir='ltr'><strong>ἄστρων</strong></span> <span class='ocrx_word' id='word_1_238' title='bbox 2883 1009 2953 1062; x_wconf 84' lang='grc' dir='ltr'>τὰ</span> <span class='ocrx_word' id='word_1_239' title='bbox 2983 1009 3081 1080; x_wconf 82' lang='grc' dir='ltr'>μὲν</span> <span class='ocrx_word' id='word_1_240' title='bbox 3101 1009 3317 1080; x_wconf 80' lang='grc' dir='ltr'>ἀπλανῆ</span> <span class='ocrx_word' id='word_1_241' title='bbox 3351 1010 3612 1075; x_wconf 83' lang='grc' dir='ltr'>καλεῖται,</span> <span class='ocrx_word' id='word_1_242' title='bbox 3643 1014 3698 1065; x_wconf 70' lang='grc' dir='ltr'><strong>τὰ</strong></span> <span class='ocrx_word' id='word_1_243' title='bbox 3720 1015 3753 1066; x_wconf 76' lang='grc' dir='ltr'><strong>δὲ</strong></span> 
     </span>
    </p>
   </div>
   <div class='ocr_carea' id='block_1_38' title="bbox 2231 1098 3752 1174">
    <p class='ocr_par' dir='ltr' id='par_1_38' title="bbox 2231 1098 3752 1174">
     <span class='ocr_line' id='line_1_38' title="bbox 2231 1098 3752 1174; baseline 0.004 -22"><span class='ocrx_word' id='word_1_244' title='bbox 2231 1098 2552 1170; x_wconf 82' lang='grc' dir='ltr'><strong>πλανώμενα</strong></span> <span class='ocrx_word' id='word_1_245' title='bbox 2569 1117 2580 1129; x_wconf 94' lang='grc'><strong>·</strong></span> <span class='ocrx_word' id='word_1_246' title='bbox 2617 1099 2830 1171; x_wconf 84' lang='grc' dir='ltr'>ἀπλανῆ</span> <span class='ocrx_word' id='word_1_247' title='bbox 2857 1101 2954 1171; x_wconf 84' lang='grc' dir='ltr'><strong>μὲν</strong></span> <span class='ocrx_word' id='word_1_248' title='bbox 2974 1102 3042 1153; x_wconf 82' lang='grc' dir='ltr'><strong>τὰ</strong></span> <span class='ocrx_word' id='word_1_249' title='bbox 3068 1101 3206 1155; x_wconf 83' lang='grc' dir='ltr'>κατὰ</span> <span class='ocrx_word' id='word_1_250' title='bbox 3235 1102 3334 1174; x_wconf 80' lang='grc' dir='ltr'>τὴν</span> <span class='ocrx_word' id='word_1_251' title='bbox 3361 1105 3672 1173; x_wconf 73' lang='grc' dir='ltr'>ἐπιφάνειαν</span> <span class='ocrx_word' id='word_1_252' title='bbox 3691 1107 3752 1158; x_wconf 63' lang='grc' dir='ltr'><strong>τοῦ</strong></span> 
     </span>
    </p>
   </div>
   <div class='ocr_carea' id='block_1_39' title="bbox 2231 1188 3752 1264">
    <p class='ocr_par' dir='ltr' id='par_1_39' title="bbox 2231 1188 3752 1264">
     <span class='ocr_line' id='line_1_39' title="bbox 2231 1188 3752 1264; baseline 0.003 -22"><span class='ocrx_word' id='word_1_253' title='bbox 2231 1189 2436 1260; x_wconf 83' lang='grc' dir='ltr'><strong>κόσμου</strong></span> <span class='ocrx_word' id='word_1_254' title='bbox 2473 1188 2548 1262; x_wconf 82' lang='grc' dir='ltr'>μὴ</span> <span class='ocrx_word' id='word_1_255' title='bbox 2573 1191 2890 1261; x_wconf 78' lang='grc' dir='ltr'>κινούμενα,</span> <span class='ocrx_word' id='word_1_256' title='bbox 2917 1190 3030 1244; x_wconf 89' lang='grc' dir='ltr'>ἀλλ’</span> <span class='ocrx_word' id='word_1_257' title='bbox 3055 1191 3140 1244; x_wconf 79' lang='grc' dir='ltr'><strong>ἀεὶ</strong></span> <span class='ocrx_word' id='word_1_258' title='bbox 3162 1191 3261 1262; x_wconf 81' lang='grc' dir='ltr'>τὴν</span> <span class='ocrx_word' id='word_1_259' title='bbox 3290 1193 3464 1264; x_wconf 81' lang='grc' dir='ltr'>αὐτὴν</span> <span class='ocrx_word' id='word_1_260' title='bbox 3489 1193 3668 1263; x_wconf 74' lang='grc' dir='ltr'>ἔχοντα</span> <span class='ocrx_word' id='word_1_261' title='bbox 3690 1197 3752 1247; x_wconf 75' lang='grc' dir='ltr'><strong>τά·</strong></span> 
     </span>
    </p>
   </div>
   <div class='ocr_carea' id='block_1_40' title="bbox 2230 1278 3752 1359">
    <p class='ocr_par' dir='ltr' id='par_1_40' title="bbox 2230 1278 3752 1359">
     <span class='ocr_line' id='line_1_40' title="bbox 2230 1278 3752 1359; baseline 0.004 -27"><span class='ocrx_word' id='word_1_262' title='bbox 2230 1278 2312 1346; x_wconf 78' lang='grc' dir='ltr'>ειν</span> <span class='ocrx_word' id='word_1_263' title='bbox 2345 1281 2481 1359; x_wconf 83' lang='grc' dir='ltr'>πρὸς</span> <span class='ocrx_word' id='word_1_264' title='bbox 2523 1281 2761 1352; x_wconf 76' lang='grc' dir='ltr'><strong>ἄλληλα⁹</strong></span> <span class='ocrx_word' id='word_1_265' title='bbox 2801 1281 3128 1352; x_wconf 81' lang='grc' dir='ltr'>πλανώμενα</span> <span class='ocrx_word' id='word_1_266' title='bbox 3173 1282 3232 1336; x_wconf 80' lang='grc' dir='ltr'>δέ</span> <span class='ocrx_word' id='word_1_267' title='bbox 3279 1285 3430 1337; x_wconf 77' lang='grc' dir='ltr'>ἐστιν</span> <span class='ocrx_word' id='word_1_268' title='bbox 3466 1286 3494 1338; x_wconf 83' lang='grc' dir='ltr'><strong>ὃ</strong></span> <span class='ocrx_word' id='word_1_269' title='bbox 3544 1303 3600 1338; x_wconf 86' lang='grc' dir='ltr'><strong>τε</strong></span> <span class='ocrx_word' id='word_1_270' title='bbox 3644 1287 3752 1354; x_wconf 50' lang='lat' dir='ltr'><strong>iis;</strong></span> 
     </span>
    </p>
   </div>
   <div class='ocr_carea' id='block_1_41' title="bbox 2228 1371 3752 1446">
    <p class='ocr_par' dir='ltr' id='par_1_41' title="bbox 2228 1371 3752 1446">
     <span class='ocr_line' id='line_1_41' title="bbox 2228 1371 3752 1446; baseline 0.002 -22"><span class='ocrx_word' id='word_1_271' title='bbox 2228 1371 2323 1425; x_wconf 75' lang='grc' dir='ltr'>καὶ</span> <span class='ocrx_word' id='word_1_272' title='bbox 2364 1373 2397 1443; x_wconf 78' lang='grc' dir='ltr'>ἡ</span> <span class='ocrx_word' id='word_1_273' title='bbox 2437 1372 2654 1444; x_wconf 83' lang='grc' dir='ltr'><strong>σελήνη,</strong></span> <span class='ocrx_word' id='word_1_274' title='bbox 2697 1373 2790 1426; x_wconf 79' lang='grc' dir='ltr'>καὶ</span> <span class='ocrx_word' id='word_1_275' title='bbox 2824 1375 2872 1426; x_wconf 81' lang='lat' dir='ltr'><strong>oi</strong></span> <span class='ocrx_word' id='word_1_276' title='bbox 2913 1379 2954 1425; x_wconf 87' lang='grc' dir='ltr'>ε’</span> <span class='ocrx_word' id='word_1_277' title='bbox 2985 1373 3251 1445; x_wconf 81' lang='grc' dir='ltr'>πλανῆται</span> <span class='ocrx_word' id='word_1_278' title='bbox 3295 1375 3546 1446; x_wconf 83' lang='grc' dir='ltr'>ἀστέρες.</span> <span class='ocrx_word' id='word_1_279' title='bbox 3585 1378 3752 1428; x_wconf 62' lang='grc' dir='ltr'>Τούτων</span> 
     </span>
    </p>
   </div>
   <div class='ocr_carea' id='block_1_42' title="bbox 2229 1462 3752 1534">
    <p class='ocr_par' dir='ltr' id='par_1_42' title="bbox 2229 1462 3752 1534">
     <span class='ocr_line' id='line_1_42' title="bbox 2229 1462 3752 1534; baseline -0.011 2"><span class='ocrx_word' id='word_1_280' title='bbox 2229 1462 2336 1534; x_wconf 69' lang='grc' dir='ltr'><strong>γὰρ</strong></span> <span class='ocrx_word' id='word_1_281' title='bbox 2365 1465 2394 1515; x_wconf 73' lang='grc' dir='ltr'><strong>ὁ</strong></span> <span class='ocrx_word' id='word_1_282' title='bbox 2437 1463 2532 1534; x_wconf 62' lang='grc' dir='ltr'><strong>μὲν</strong></span> <span class='ocrx_word' id='word_1_283' title='bbox 2564 1464 2712 1533; x_wconf 80' lang='grc' dir='ltr'>ἦλιος</span> <span class='ocrx_word' id='word_1_284' title='bbox 2739 1506 2752 1519; x_wconf 91' lang='grc'><strong>.</strong></span> <span class='ocrx_word' id='word_1_285' title='bbox 2782 1502 2798 1518; x_wconf 85' lang='grc'><strong>.</strong></span> <span class='ocrx_word' id='word_1_286' title='bbox 2821 1503 2836 1517; x_wconf 92' lang='grc'><strong>.</strong></span> <span class='ocrx_word' id='word_1_287' title='bbox 2861 1505 2876 1520; x_wconf 96' lang='grc'><strong>.</strong></span> <span class='ocrx_word' id='word_1_288' title='bbox 2914 1465 2999 1533; x_wconf 72' lang='grc' dir='ltr'><strong>ἐφ’</strong></span> <span class='ocrx_word' id='word_1_289' title='bbox 3033 1465 3149 1530; x_wconf 75' lang='grc' dir='ltr'>ἑνὸς</span> <span class='ocrx_word' id='word_1_290' title='bbox 3195 1465 3362 1519; x_wconf 86' lang='grc' dir='ltr'>τόπου</span> <span class='ocrx_word' id='word_1_291' title='bbox 3402 1466 3654 1531; x_wconf 81' lang='grc' dir='ltr'>ζωδιακοῦ</span> <span class='ocrx_word' id='word_1_292' title='bbox 3685 1469 3752 1519; x_wconf 69' lang='lat' dir='ltr'><strong>r3-</strong></span> 
     </span>
    </p>
   </div>
   <div class='ocr_carea' id='block_1_43' title="bbox 2229 1554 3753 1629">
    <p class='ocr_par' dir='ltr' id='par_1_43' title="bbox 2229 1554 3753 1629">
     <span class='ocr_line' id='line_1_43' title="bbox 2229 1554 3753 1629; baseline 0.001 -22"><span class='ocrx_word' id='word_1_293' title='bbox 2229 1554 2358 1607; x_wconf 88' lang='grc' dir='ltr'>κλου</span> <span class='ocrx_word' id='word_1_294' title='bbox 2381 1556 2672 1620; x_wconf 78' lang='grc' dir='ltr'>κινοῦνται,</span> <span class='ocrx_word' id='word_1_295' title='bbox 2694 1557 3035 1629; x_wconf 79' lang='grc' dir='ltr'>στηρίζονται</span> <span class='ocrx_word' id='word_1_296' title='bbox 3055 1573 3069 1588; x_wconf 79' lang='grc'><strong><em>⁸</em></strong></span> <span class='ocrx_word' id='word_1_297' title='bbox 3104 1598 3117 1613; x_wconf 93' lang='grc'><strong>.</strong></span> <span class='ocrx_word' id='word_1_298' title='bbox 3145 1598 3157 1610; x_wconf 92' lang='grc'><strong>.</strong></span> <span class='ocrx_word' id='word_1_299' title='bbox 3186 1597 3200 1611; x_wconf 95' lang='grc'><strong>.</strong></span> <span class='ocrx_word' id='word_1_300' title='bbox 3229 1597 3244 1611; x_wconf 93' lang='grc'><strong>.</strong></span> <span class='ocrx_word' id='word_1_301' title='bbox 3271 1558 3672 1621; x_wconf 71' lang='grc' dir='ltr'>ἀναποδίζοντες</span> <span class='ocrx_word' id='word_1_302' title='bbox 3693 1561 3753 1609; x_wconf 66' lang='grc' dir='ltr'>ἐπὶ</span> 
     </span>
    </p>
   </div>
   <div class='ocr_carea' id='block_1_44' title="bbox 2227 1645 3752 1720">
    <p class='ocr_par' dir='ltr' id='par_1_44' title="bbox 2227 1645 3752 1720">
     <span class='ocr_line' id='line_1_44' title="bbox 2227 1645 3752 1720; baseline 0 -23"><span class='ocrx_word' id='word_1_303' title='bbox 2227 1645 2319 1701; x_wconf 83' lang='grc' dir='ltr'>τὸν</span> <span class='ocrx_word' id='word_1_304' title='bbox 2345 1646 2435 1700; x_wconf 87' lang='grc' dir='ltr'><strong>διά</strong></span> <span class='ocrx_word' id='word_1_305' title='bbox 2468 1648 2632 1718; x_wconf 85' lang='grc' dir='ltr'>μέσου</span> <span class='ocrx_word' id='word_1_306' title='bbox 2660 1647 2749 1701; x_wconf 82' lang='grc' dir='ltr'><strong>τὸν</strong></span> <span class='ocrx_word' id='word_1_307' title='bbox 2792 1647 3052 1712; x_wconf 80' lang='grc' dir='ltr'>ζωδιακὸν</span> <span class='ocrx_word' id='word_1_308' title='bbox 3075 1646 3295 1712; x_wconf 85' lang='grc' dir='ltr'>κύκλον,</span> <span class='ocrx_word' id='word_1_309' title='bbox 3337 1648 3626 1720; x_wconf 79' lang='grc' dir='ltr'>παριόντες</span> <span class='ocrx_word' id='word_1_310' title='bbox 3660 1647 3752 1716; x_wconf 63' lang='grc' dir='ltr'>πρὸς</span> 
     </span>
    </p>
   </div>
   <div class='ocr_carea' id='block_1_45' title="bbox 2227 1737 3752 1812">
    <p class='ocr_par' dir='ltr' id='par_1_45' title="bbox 2227 1737 3752 1812">
     <span class='ocr_line' id='line_1_45' title="bbox 2227 1737 3752 1812; baseline 0 -22"><span class='ocrx_word' id='word_1_311' title='bbox 2227 1755 2286 1791; x_wconf 89' lang='grc' dir='ltr'><strong>τε</strong></span> <span class='ocrx_word' id='word_1_312' title='bbox 2318 1737 2418 1803; x_wconf 82' lang='grc' dir='ltr'><strong>τάς</strong></span> <span class='ocrx_word' id='word_1_313' title='bbox 2449 1738 2710 1810; x_wconf 80' lang='grc' dir='ltr'>ἀρκτικάς</span> <span class='ocrx_word' id='word_1_314' title='bbox 2769 1739 2862 1793; x_wconf 82' lang='grc' dir='ltr'>καὶ</span> <span class='ocrx_word' id='word_1_315' title='bbox 2907 1740 3042 1810; x_wconf 82' lang='grc' dir='ltr'>πρὸς</span> <span class='ocrx_word' id='word_1_316' title='bbox 3073 1739 3424 1812; x_wconf 80' lang='grc' dir='ltr'>μεσημϐρίαν</span> <span class='ocrx_word' id='word_1_317' title='bbox 3471 1739 3532 1792; x_wconf 75' lang='grc' dir='ltr'><strong>τὸ</strong></span> <span class='ocrx_word' id='word_1_318' title='bbox 3571 1738 3673 1792; x_wconf 74' lang='grc' dir='ltr'>ἴσον,</span> <span class='ocrx_word' id='word_1_319' title='bbox 3699 1737 3752 1804; x_wconf 62' lang='grc' dir='ltr'><strong>ἐφ’</strong></span> 
     </span>
    </p>
   </div>
   <div class='ocr_carea' id='block_1_46' title="bbox 2225 1830 3751 1902">
    <p class='ocr_par' dir='ltr' id='par_1_46' title="bbox 2225 1830 3751 1902">
     <span class='ocr_line' id='line_1_46' title="bbox 2225 1830 3751 1902; baseline -0.002 -19"><span class='ocrx_word' id='word_1_320' title='bbox 2225 1831 2479 1902; x_wconf 77' lang='grc' dir='ltr'>ἑκάτερα.</span> <span class='ocrx_word' id='word_1_321' title='bbox 2527 1830 2647 1885; x_wconf 86' lang='grc' dir='ltr'><strong>Τῶν</strong></span> <span class='ocrx_word' id='word_1_322' title='bbox 2689 1831 2745 1883; x_wconf 82' lang='grc' dir='ltr'>δὲ</span> <span class='ocrx_word' id='word_1_323' title='bbox 2779 1831 3067 1902; x_wconf 89' lang='grc' dir='ltr'>πλανήτων</span> <span class='ocrx_word' id='word_1_324' title='bbox 3102 1832 3145 1864; x_wconf 83' lang='grc'><em>³³</em></span> <span class='ocrx_word' id='word_1_325' title='bbox 3175 1831 3246 1884; x_wconf 83' lang='grc' dir='ltr'><strong>τά</strong></span> <span class='ocrx_word' id='word_1_326' title='bbox 3283 1831 3383 1902; x_wconf 82' lang='grc' dir='ltr'><strong>μὲν</strong></span> <span class='ocrx_word' id='word_1_327' title='bbox 3429 1830 3568 1900; x_wconf 78' lang='grc' dir='ltr'>πρὸς</span> <span class='ocrx_word' id='word_1_328' title='bbox 3601 1831 3751 1901; x_wconf 67' lang='grc' dir='ltr'>βορρᾶν</span> 
     </span>
    </p>
   </div>
   <div class='ocr_carea' id='block_1_47' title="bbox 2224 1921 3750 1992">
    <p class='ocr_par' dir='ltr' id='par_1_47' title="bbox 2224 1921 3750 1992">
     <span class='ocr_line' id='line_1_47' title="bbox 2224 1921 3750 1992; baseline -0.001 -18"><span class='ocrx_word' id='word_1_329' title='bbox 2224 1924 2403 1975; x_wconf 82' lang='grc' dir='ltr'>κεῖται</span> <span class='ocrx_word' id='word_1_330' title='bbox 2424 1921 2520 1975; x_wconf 90' lang='grc' dir='ltr'><strong>τοῦ</strong></span> <span class='ocrx_word' id='word_1_331' title='bbox 2557 1921 2823 1987; x_wconf 79' lang='grc' dir='ltr'>ζωδιακοῦ</span> <span class='ocrx_word' id='word_1_332' title='bbox 2853 1921 3075 1989; x_wconf 82' lang='grc' dir='ltr'>κύκλου,</span> <span class='ocrx_word' id='word_1_333' title='bbox 3115 1922 3186 1976; x_wconf 80' lang='grc' dir='ltr'>τὰ</span> <span class='ocrx_word' id='word_1_334' title='bbox 3215 1921 3272 1974; x_wconf 85' lang='grc' dir='ltr'>δὲ</span> <span class='ocrx_word' id='word_1_335' title='bbox 3312 1922 3453 1992; x_wconf 80' lang='grc' dir='ltr'>πρὸς</span> <span class='ocrx_word' id='word_1_336' title='bbox 3485 1923 3647 1976; x_wconf 79' lang='grc' dir='ltr'>νότον.</span> <span class='ocrx_word' id='word_1_337' title='bbox 3674 1923 3750 1974; x_wconf 47' lang='lat' dir='ltr'><strong>lia.</strong></span> 
     </span>
    </p>
   </div>
   <div class='ocr_carea' id='block_1_48' title="bbox 2224 2012 3750 2085">
    <p class='ocr_par' dir='ltr' id='par_1_48' title="bbox 2224 2012 3750 2085">
     <span class='ocr_line' id='line_1_48' title="bbox 2224 2012 3750 2085; baseline -0.001 -20"><span class='ocrx_word' id='word_1_338' title='bbox 2224 2013 2392 2066; x_wconf 87' lang='grc' dir='ltr'>λεῖται</span> <span class='ocrx_word' id='word_1_339' title='bbox 2417 2013 2475 2065; x_wconf 82' lang='grc' dir='ltr'>δὲ</span> <span class='ocrx_word' id='word_1_340' title='bbox 2513 2013 2580 2068; x_wconf 90' lang='grc' dir='ltr'><strong>τά</strong></span> <span class='ocrx_word' id='word_1_341' title='bbox 2620 2013 2717 2084; x_wconf 84' lang='grc' dir='ltr'><strong>μὲν</strong></span> <span class='ocrx_word' id='word_1_342' title='bbox 2751 2013 2938 2084; x_wconf 84' lang='grc' dir='ltr'>βόρεια</span> <span class='ocrx_word' id='word_1_343' title='bbox 2969 2014 3109 2085; x_wconf 86' lang='grc' dir='ltr'>μέρη</span> <span class='ocrx_word' id='word_1_344' title='bbox 3151 2012 3304 2079; x_wconf 84' lang='grc' dir='ltr'>δεξιά</span> <span class='ocrx_word' id='word_1_345' title='bbox 3345 2031 3405 2067; x_wconf 86' lang='grc' dir='ltr'><strong>τε</strong></span> <span class='ocrx_word' id='word_1_346' title='bbox 3450 2015 3544 2067; x_wconf 77' lang='grc' dir='ltr'>καὶ</span> <span class='ocrx_word' id='word_1_347' title='bbox 3574 2014 3687 2077; x_wconf 86' lang='grc' dir='ltr'>ἀνω,</span> <span class='ocrx_word' id='word_1_348' title='bbox 3718 2013 3750 2063; x_wconf 78' lang='grc' dir='ltr'>ἓν</span> 
     </span>
    </p>
   </div>
   <div class='ocr_carea' id='block_1_49' title="bbox 2227 2102 3751 2176">
    <p class='ocr_par' dir='ltr' id='par_1_49' title="bbox 2227 2102 3751 2176">
     <span class='ocr_line' id='line_1_49' title="bbox 2227 2102 3751 2176; baseline -0.002 -20"><span class='ocrx_word' id='word_1_349' title='bbox 2227 2103 2352 2173; x_wconf 75' lang='grc' dir='ltr'>ὕψει</span> <span class='ocrx_word' id='word_1_350' title='bbox 2377 2103 2576 2174; x_wconf 76' lang='grc' dir='ltr'>μᾶλλον</span> <span class='ocrx_word' id='word_1_351' title='bbox 2610 2105 2944 2176; x_wconf 80' lang='grc' dir='ltr'>ὑπάρχοντα,</span> <span class='ocrx_word' id='word_1_352' title='bbox 2981 2104 3050 2158; x_wconf 79' lang='grc' dir='ltr'>τὰ</span> <span class='ocrx_word' id='word_1_353' title='bbox 3080 2104 3135 2158; x_wconf 81' lang='grc' dir='ltr'>δὲ</span> <span class='ocrx_word' id='word_1_354' title='bbox 3160 2105 3316 2159; x_wconf 85' lang='grc' dir='ltr'>νότια</span> <span class='ocrx_word' id='word_1_355' title='bbox 3341 2102 3597 2176; x_wconf 82' lang='grc' dir='ltr'>εὐώνυμά</span> <span class='ocrx_word' id='word_1_356' title='bbox 3615 2121 3663 2156; x_wconf 87' lang='grc' dir='ltr'><strong>τε</strong></span> <span class='ocrx_word' id='word_1_357' title='bbox 3694 2104 3751 2156; x_wconf 68' lang='lat' dir='ltr'><strong>ml</strong></span> 
     </span>
    </p>
   </div>
   <div class='ocr_carea' id='block_1_50' title="bbox 2227 2195 3752 2269">
    <p class='ocr_par' dir='ltr' id='par_1_50' title="bbox 2227 2195 3752 2269">
     <span class='ocr_line' id='line_1_50' title="bbox 2227 2195 3752 2269; baseline -0.001 -20"><span class='ocrx_word' id='word_1_358' title='bbox 2227 2195 2398 2251; x_wconf 82' lang='grc' dir='ltr'>κάτω.</span> <span class='ocrx_word' id='word_1_359' title='bbox 2433 2196 2542 2249; x_wconf 91' lang='grc' dir='ltr'>Τοῦ</span> <span class='ocrx_word' id='word_1_360' title='bbox 2575 2195 2756 2268; x_wconf 84' lang='grc' dir='ltr'>μέντοι</span> <span class='ocrx_word' id='word_1_361' title='bbox 2784 2196 2989 2268; x_wconf 89' lang='grc' dir='ltr'>κόσμου</span> <span class='ocrx_word' id='word_1_362' title='bbox 3027 2196 3124 2269; x_wconf 77' lang='grc' dir='ltr'><strong>τὴν</strong></span> <span class='ocrx_word' id='word_1_363' title='bbox 3165 2198 3262 2250; x_wconf 84' lang='grc' dir='ltr'>ἀπ’</span> <span class='ocrx_word' id='word_1_364' title='bbox 3296 2197 3569 2266; x_wconf 80' lang='grc' dir='ltr'>ἀνατολῆς</span> <span class='ocrx_word' id='word_1_365' title='bbox 3600 2198 3676 2249; x_wconf 73' lang='grc' dir='ltr'><strong>ἐπὶ</strong></span> <span class='ocrx_word' id='word_1_366' title='bbox 3701 2196 3752 2248; x_wconf 78' lang='grc' dir='ltr'>δύ-</span> 
     </span>
    </p>
   </div>
   <div class='ocr_carea' id='block_1_51' title="bbox 2229 2287 3750 2360">
    <p class='ocr_par' dir='ltr' id='par_1_51' title="bbox 2229 2287 3750 2360">
     <span class='ocr_line' id='line_1_51' title="bbox 2229 2287 3750 2360; baseline -0.002 -19"><span class='ocrx_word' id='word_1_367' title='bbox 2229 2305 2314 2342; x_wconf 88' lang='grc' dir='ltr'>σιν</span> <span class='ocrx_word' id='word_1_368' title='bbox 2347 2287 2520 2360; x_wconf 77' lang='grc' dir='ltr'>φοράν</span> <span class='ocrx_word' id='word_1_369' title='bbox 2569 2289 2957 2360; x_wconf 83' lang='grc' dir='ltr'>στρεφομένου,</span> <span class='ocrx_word' id='word_1_370' title='bbox 2989 2289 3089 2360; x_wconf 82' lang='grc' dir='ltr'><strong>τὴν</strong></span> <span class='ocrx_word' id='word_1_371' title='bbox 3131 2289 3384 2343; x_wconf 72' lang='grc' dir='ltr'>ἐναντίαν</span> <span class='ocrx_word' id='word_1_372' title='bbox 3413 2289 3562 2359; x_wconf 83' lang='grc' dir='ltr'>αὐτῷ</span> <span class='ocrx_word' id='word_1_373' title='bbox 3594 2291 3637 2341; x_wconf 87' lang='grc' dir='ltr'>οἱ</span> <span class='ocrx_word' id='word_1_374' title='bbox 3661 2289 3750 2341; x_wconf 73' lang='grc' dir='ltr'>πλα-</span> 
     </span>
    </p>
   </div>
   <div class='ocr_carea' id='block_1_52' title="bbox 2229 2379 3750 2455">
    <p class='ocr_par' dir='ltr' id='par_1_52' title="bbox 2229 2379 3750 2455">
     <span class='ocr_line' id='line_1_52' title="bbox 2229 2379 3750 2455; baseline -0.003 -18"><span class='ocrx_word' id='word_1_375' title='bbox 2229 2382 2388 2452; x_wconf 86' lang='grc' dir='ltr'>νῆται</span> <span class='ocrx_word' id='word_1_376' title='bbox 2431 2383 2743 2454; x_wconf 82' lang='grc' dir='ltr'>ποιούμενοι</span> <span class='ocrx_word' id='word_1_377' title='bbox 2779 2382 3003 2452; x_wconf 80' lang='grc' dir='ltr'>πορείαν</span> <span class='ocrx_word' id='word_1_378' title='bbox 3035 2382 3186 2436; x_wconf 83' lang='grc' dir='ltr'>οὐδὲν</span> <span class='ocrx_word' id='word_1_379' title='bbox 3210 2379 3376 2455; x_wconf 83' lang='grc' dir='ltr'>ἦττον</span> <span class='ocrx_word' id='word_1_380' title='bbox 3406 2382 3489 2455; x_wconf 80' lang='grc' dir='ltr'><strong>[ἢ]</strong></span> <span class='ocrx_word' id='word_1_381' title='bbox 3517 2383 3600 2436; x_wconf 78' lang='grc' dir='ltr'>διὰ</span> <span class='ocrx_word' id='word_1_382' title='bbox 3622 2381 3672 2434; x_wconf 81' lang='grc' dir='ltr'>τὸ</span> <span class='ocrx_word' id='word_1_383' title='bbox 3693 2381 3750 2433; x_wconf 65' lang='lat' dir='ltr'><strong>ri-</strong></span> 
     </span>
    </p>
   </div>
   <div class='ocr_carea' id='block_1_53' title="bbox 2229 2475 3748 2549">
    <p class='ocr_par' dir='ltr' id='par_1_53' title="bbox 2229 2475 3748 2549">
     <span class='ocr_line' id='line_1_53' title="bbox 2229 2475 3748 2549; baseline 0.001 -21"><span class='ocrx_word' id='word_1_384' title='bbox 2229 2492 2324 2547; x_wconf 83' lang='grc' dir='ltr'>χος</span> <span class='ocrx_word' id='word_1_385' title='bbox 2355 2476 2457 2546; x_wconf 86' lang='grc' dir='ltr'><strong>τῆς</strong></span> <span class='ocrx_word' id='word_1_386' title='bbox 2483 2475 2577 2530; x_wconf 93' lang='grc' dir='ltr'><strong>τοῦ</strong></span> <span class='ocrx_word' id='word_1_387' title='bbox 2609 2477 2813 2546; x_wconf 81' lang='grc' dir='ltr'>κόσμου</span> <span class='ocrx_word' id='word_1_388' title='bbox 2841 2476 3234 2548; x_wconf 82' lang='grc' dir='ltr'>περιστροφῆς,</span> <span class='ocrx_word' id='word_1_389' title='bbox 3262 2476 3748 2549; x_wconf 71' lang='grc' dir='ltr'>συμπεριστρεςόμε·</span> 
     </span>
    </p>
   </div>
   <div class='ocr_carea' id='block_1_54' title="bbox 2233 2567 3354 2641">
    <p class='ocr_par' dir='ltr' id='par_1_54' title="bbox 2233 2567 3354 2641">
     <span class='ocr_line' id='line_1_54' title="bbox 2233 2567 3354 2641; baseline 0 -17"><span class='ocrx_word' id='word_1_390' title='bbox 2233 2586 2313 2624; x_wconf 66' lang='lat' dir='ltr'><strong>vo:</strong></span> <span class='ocrx_word' id='word_1_391' title='bbox 2341 2568 2542 2641; x_wconf 82' lang='grc' dir='ltr'>ὁμοίως</span> <span class='ocrx_word' id='word_1_392' title='bbox 2569 2567 2632 2640; x_wconf 81' lang='grc' dir='ltr'><strong>δὴ</strong></span> <span class='ocrx_word' id='word_1_393' title='bbox 2656 2570 2768 2632; x_wconf 81' lang='grc' dir='ltr'>τοῖς</span> <span class='ocrx_word' id='word_1_394' title='bbox 2792 2569 3084 2623; x_wconf 82' lang='grc' dir='ltr'>ἀπλανέσιν</span> <span class='ocrx_word' id='word_1_395' title='bbox 3111 2570 3354 2640; x_wconf 76' lang='grc' dir='ltr'>ἄστροις.</span> 
     </span>
    </p>
   </div>
   <div class='ocr_carea' id='block_1_55' title="bbox 2655 2680 3388 2753">
    <p class='ocr_par' dir='ltr' id='par_1_55' title="bbox 2655 2680 3388 2753">
     <span class='ocr_line' id='line_1_55' title="bbox 2655 2680 3388 2753; baseline -0.003 -16"><span class='ocrx_word' id='word_1_396' title='bbox 2655 2681 2795 2752; x_wconf 76' lang='grc' dir='ltr'>Περὶ</span> <span class='ocrx_word' id='word_1_397' title='bbox 2814 2680 2933 2736; x_wconf 67' lang='grc' dir='ltr'><strong>τῶν</strong></span> <span class='ocrx_word' id='word_1_398' title='bbox 2949 2682 3036 2753; x_wconf 50' lang='grc' dir='ltr'><strong>λέν</strong></span> <span class='ocrx_word' id='word_1_399' title='bbox 3062 2681 3142 2752; x_wconf 69' lang='grc' dir='ltr'><strong>τῇ</strong></span> <span class='ocrx_word' id='word_1_400' title='bbox 3172 2680 3388 2743; x_wconf 73' lang='grc' dir='ltr'><em>ζωνῶν.</em></span> 
     </span>
    </p>
   </div>
   <div class='ocr_carea' id='block_1_56' title="bbox 2307 2789 3746 2864">
    <p class='ocr_par' dir='ltr' id='par_1_56' title="bbox 2307 2789 3746 2864">
     <span class='ocr_line' id='line_1_56' title="bbox 2307 2789 3746 2864; baseline 0 -16"><span class='ocrx_word' id='word_1_401' title='bbox 2307 2795 2383 2849; x_wconf 86' lang='grc' dir='ltr'><strong>Θ¹.</strong></span> <span class='ocrx_word' id='word_1_402' title='bbox 2408 2793 2583 2850; x_wconf 84' lang='grc' dir='ltr'>Ζῶναι</span> <span class='ocrx_word' id='word_1_403' title='bbox 2614 2794 2671 2849; x_wconf 84' lang='grc' dir='ltr'>δέ</span> <span class='ocrx_word' id='word_1_404' title='bbox 2712 2795 2816 2848; x_wconf 89' lang='grc' dir='ltr'>είσι</span> <span class='ocrx_word' id='word_1_405' title='bbox 2849 2793 2950 2864; x_wconf 88' lang='grc' dir='ltr'><strong>τῆς</strong></span> <span class='ocrx_word' id='word_1_406' title='bbox 2983 2793 3087 2863; x_wconf 81' lang='grc' dir='ltr'>γῆς</span> <span class='ocrx_word' id='word_1_407' title='bbox 3123 2791 3229 2846; x_wconf 76' lang='grc' dir='ltr'><strong>ὑπὸ</strong></span> <span class='ocrx_word' id='word_1_408' title='bbox 3261 2794 3390 2858; x_wconf 82' lang='grc' dir='ltr'>τοὺς</span> <span class='ocrx_word' id='word_1_409' title='bbox 3435 2789 3746 2864; x_wconf 63' lang='grc' dir='ltr'>παραλλήλσῆ</span> 
     </span>
    </p>
   </div>
   <div class='ocr_carea' id='block_1_57' title="bbox 2240 2885 3746 2960">
    <p class='ocr_par' dir='ltr' id='par_1_57' title="bbox 2240 2885 3746 2960">
     <span class='ocr_line' id='line_1_57' title="bbox 2240 2885 3746 2960; baseline -0.006 -16"><span class='ocrx_word' id='word_1_410' title='bbox 2240 2889 2472 2953; x_wconf 87' lang='grc' dir='ltr'>κύκλους</span> <span class='ocrx_word' id='word_1_411' title='bbox 2495 2889 2691 2960; x_wconf 86' lang='grc' dir='ltr'>ὁμοίως</span> <span class='ocrx_word' id='word_1_412' title='bbox 2727 2895 2766 2942; x_wconf 85' lang='grc' dir='ltr'>ε’</span> <span class='ocrx_word' id='word_1_413' title='bbox 2787 2906 2800 2918; x_wconf 88' lang='grc'><strong>·</strong></span> <span class='ocrx_word' id='word_1_414' title='bbox 2831 2887 3058 2960; x_wconf 83' lang='grc' dir='ltr'>βόρειος,</span> <span class='ocrx_word' id='word_1_415' title='bbox 3087 2885 3184 2957; x_wconf 85' lang='grc' dir='ltr'>ὅλη</span> <span class='ocrx_word' id='word_1_416' title='bbox 3215 2886 3511 2958; x_wconf 82' lang='grc' dir='ltr'>μετέωρος,</span> <span class='ocrx_word' id='word_1_417' title='bbox 3539 2885 3746 2954; x_wconf 67' lang='grc' dir='ltr'>ἀοίκητος,</span> 
     </span>
    </p>
   </div>
   <div class='ocr_carea' id='block_1_58' title="bbox 2244 2973 3746 3052">
    <p class='ocr_par' dir='ltr' id='par_1_58' title="bbox 2244 2973 3746 3052">
     <span class='ocr_line' id='line_1_58' title="bbox 2244 2973 3746 3052; baseline -0.009 -18"><span class='ocrx_word' id='word_1_418' title='bbox 2244 2979 2650 3052; x_wconf 76' lang='grc' dir='ltr'>κατεψυγμένη,</span> <span class='ocrx_word' id='word_1_419' title='bbox 2699 2978 2945 3050; x_wconf 79' lang='grc' dir='ltr'>Κρόνου“,</span> <span class='ocrx_word' id='word_1_420' title='bbox 3002 2976 3310 3048; x_wconf 81' lang='grc' dir='ltr'>ἐξηκοστών</span> <span class='ocrx_word' id='word_1_421' title='bbox 3340 2976 3439 3046; x_wconf 84' lang='grc' dir='ltr'>μὲν</span> <span class='ocrx_word' id='word_1_422' title='bbox 3473 2974 3546 3041; x_wconf 86' lang='grc' dir='ltr'>ς’,</span> <span class='ocrx_word' id='word_1_423' title='bbox 3583 2973 3746 3028; x_wconf 66' lang='grc' dir='ltr'>σταδίαν</span> 
     </span>
    </p>
   </div>
   <div class='ocr_carea' id='block_1_59' title="bbox 2245 3065 3744 3142">
    <p class='ocr_par' dir='ltr' id='par_1_59' title="bbox 2245 3065 3744 3142">
     <span class='ocr_line' id='line_1_59' title="bbox 2245 3065 3744 3142; baseline -0.011 -16"><span class='ocrx_word' id='word_1_424' title='bbox 2245 3071 2302 3126; x_wconf 79' lang='grc' dir='ltr'>δὲ</span> <span class='ocrx_word' id='word_1_425' title='bbox 2319 3071 2622 3142; x_wconf 82' lang='grc' dir='ltr'>δισμυρίων</span> <span class='ocrx_word' id='word_1_426' title='bbox 2667 3076 2760 3142; x_wconf 59' lang='grc' dir='ltr'>,εσ’</span> <span class='ocrx_word' id='word_1_427' title='bbox 2781 3087 2794 3102; x_wconf 72' lang='grc' dir='ltr'><strong><em>ο</em></strong></span> <span class='ocrx_word' id='word_1_428' title='bbox 2825 3069 2887 3122; x_wconf 78' lang='grc' dir='ltr'><strong>τδ</strong></span> <span class='ocrx_word' id='word_1_429' title='bbox 2911 3067 3021 3142; x_wconf 78' lang='grc' dir='ltr'><strong>γὰρ</strong></span> <span class='ocrx_word' id='word_1_430' title='bbox 3065 3068 3358 3138; x_wconf 80' lang='grc' dir='ltr'>ἑξηκοστὸν</span> <span class='ocrx_word' id='word_1_431' title='bbox 3389 3067 3610 3121; x_wconf 82' lang='grc' dir='ltr'>σταδίων</span> <span class='ocrx_word' id='word_1_432' title='bbox 3631 3065 3744 3124; x_wconf 68' lang='grc' dir='ltr'>ἐστὶν,</span> 
     </span>
    </p>
   </div>
   <div class='ocr_carea' id='block_1_60' title="bbox 562 3123 3744 3236">
    <p class='ocr_par' dir='ltr' id='par_1_60' title="bbox 562 3123 3744 3236">
     <span class='ocr_line' id='line_1_60' title="bbox 562 3123 3744 3236; baseline -0.008 -5"><span class='ocrx_word' id='word_1_433' title='bbox 562 3123 900 3230; x_wconf 59' lang='grc' dir='ltr'>(ιυθέιεάίῖ</span> <span class='ocrx_word' id='word_1_434' title='bbox 921 3163 1233 3229; x_wconf 70' lang='grc' dir='ltr'><strong>οοῐηΡείιιηι</strong></span> <span class='ocrx_word' id='word_1_435' title='bbox 1271 3123 1431 3220; x_wconf 61' lang='grc' dir='ltr'><strong>1νῖθό</strong></span> <span class='ocrx_word' id='word_1_436' title='bbox 1472 3123 1607 3225; x_wconf 32' lang='lat' dir='ltr'><strong>lin—1°</strong></span> <span class='ocrx_word' id='word_1_437' title='bbox 1644 3148 1834 3222; x_wconf 60' lang='lat'><strong>4:200]</strong></span> <span class='ocrx_word' id='word_1_438' title='bbox 1851 3123 1894 3216; x_wconf 48' lang='grc' dir='ltr'><strong>ἲ-</strong></span> <span class='ocrx_word' id='word_1_439' title='bbox 1911 3147 2130 3210; x_wconf 58' lang='grc' dir='ltr'><strong>εειίνθν</strong></span> <span class='ocrx_word' id='word_1_440' title='bbox 2157 3123 2200 3182; x_wconf 76' lang='lat' dir='ltr'>c</span> <span class='ocrx_word' id='word_1_441' title='bbox 2237 3123 2343 3236; x_wconf 56' lang='grc' dir='ltr'><strong>,ᾇσῖ</strong></span> <span class='ocrx_word' id='word_1_442' title='bbox 2357 3123 2434 3196; x_wconf 35' lang='grc' dir='ltr'><strong><em>ὦ</em></strong></span> <span class='ocrx_word' id='word_1_443' title='bbox 2457 3123 3132 3234; x_wconf 40' lang='grc' dir='ltr'>θερινηίπλείοναοὲίουσά</span> <span class='ocrx_word' id='word_1_444' title='bbox 3150 3123 3234 3212; x_wconf 55' lang='grc' dir='ltr'><strong>’τὰ</strong></span> <span class='ocrx_word' id='word_1_445' title='bbox 3254 3158 3394 3231; x_wconf 79' lang='grc' dir='ltr'>ὑπὲρ</span> <span class='ocrx_word' id='word_1_446' title='bbox 3421 3156 3512 3210; x_wconf 84' lang='grc' dir='ltr'><strong>τὺν</strong></span> <span class='ocrx_word' id='word_1_447' title='bbox 3541 3154 3744 3227; x_wconf 71' lang='grc' dir='ltr'>ὁρίζοντα·</span> 
     </span>
    </p>
   </div>
   <div class='ocr_carea' id='block_1_61' title="bbox 563 3242 2139 3322">
    <p class='ocr_par' dir='ltr' id='par_1_61' title="bbox 563 3242 2139 3322">
     <span class='ocr_line' id='line_1_61' title="bbox 563 3242 2139 3322; baseline -0.01 -14"><span class='ocrx_word' id='word_1_448' title='bbox 563 3251 726 3322; x_wconf 85' lang='lat' dir='ltr'><strong>cujus</strong></span> <span class='ocrx_word' id='word_1_449' title='bbox 765 3250 940 3322; x_wconf 86' lang='lat' dir='ltr'><strong>major</strong></span> <span class='ocrx_word' id='word_1_450' title='bbox 965 3264 1093 3320; x_wconf 91' lang='lat' dir='ltr'><strong>pars</strong></span> <span class='ocrx_word' id='word_1_451' title='bbox 1138 3262 1303 3320; x_wconf 89' lang='lat' dir='ltr'><strong>supra</strong></span> <span class='ocrx_word' id='word_1_452' title='bbox 1336 3246 1607 3301; x_wconf 80' lang='lat' dir='ltr'><strong>iinitorem</strong></span> <span class='ocrx_word' id='word_1_453' title='bbox 1656 3242 1971 3308; x_wconf 82' lang='lat' dir='ltr'><strong>extollitur;</strong></span> <span class='ocrx_word' id='word_1_454' title='bbox 2001 3247 2139 3295; x_wconf 88' lang='lat' dir='ltr'><strong>tem-</strong></span> 
     </span>
    </p>
   </div>
   <div class='ocr_carea' id='block_1_62' title="bbox 563 3329 2135 3414">
    <p class='ocr_par' dir='ltr' id='par_1_62' title="bbox 563 3329 2135 3414">
     <span class='ocr_line' id='line_1_62' title="bbox 563 3329 2135 3414; baseline -0.009 -16"><span class='ocrx_word' id='word_1_455' title='bbox 563 3352 771 3414; x_wconf 89' lang='lat' dir='ltr'><strong>perata,</strong></span> <span class='ocrx_word' id='word_1_456' title='bbox 808 3342 865 3397; x_wconf 90' lang='lat' dir='ltr'><strong>in</strong></span> <span class='ocrx_word' id='word_1_457' title='bbox 895 3356 1003 3414; x_wconf 88' lang='lat' dir='ltr'><strong>qua</strong></span> <span class='ocrx_word' id='word_1_458' title='bbox 1033 3342 1184 3412; x_wconf 77' lang='lat' dir='ltr'><strong>regio</strong></span> <span class='ocrx_word' id='word_1_459' title='bbox 1217 3346 1409 3396; x_wconf 89' lang='lat' dir='ltr'><strong>nostra</strong></span> <span class='ocrx_word' id='word_1_460' title='bbox 1439 3338 1544 3394; x_wconf 89' lang='lat' dir='ltr'><strong>sita</strong></span> <span class='ocrx_word' id='word_1_461' title='bbox 1569 3342 1685 3401; x_wconf 87' lang='lat' dir='ltr'><strong>est;</strong></span> <span class='ocrx_word' id='word_1_462' title='bbox 1714 3333 1979 3388; x_wconf 86' lang='lat' dir='ltr'><strong>attributa</strong></span> <span class='ocrx_word' id='word_1_463' title='bbox 1994 3329 2135 3396; x_wconf 80' lang='lat' dir='ltr'><strong>Jovi,</strong></span> 
     </span>
    </p>
   </div>
   <div class='ocr_carea' id='block_1_63' title="bbox 562 3423 2140 3505">
    <p class='ocr_par' dir='ltr' id='par_1_63' title="bbox 562 3423 2140 3505">
     <span class='ocr_line' id='line_1_63' title="bbox 562 3423 2140 3505; baseline -0.01 -13"><span class='ocrx_word' id='word_1_464' title='bbox 562 3434 942 3505; x_wconf 82' lang='lat' dir='ltr'><strong>scrupulorum</strong></span> <span class='ocrx_word' id='word_1_465' title='bbox 983 3433 1245 3504; x_wconf 88' lang='lat' dir='ltr'><strong>quinque,</strong></span> <span class='ocrx_word' id='word_1_466' title='bbox 1291 3430 1596 3488; x_wconf 88' lang='lat' dir='ltr'><strong>stadiorum</strong></span> <span class='ocrx_word' id='word_1_467' title='bbox 1625 3425 1862 3492; x_wconf 69' lang='lat'><strong>21,000;</strong></span> <span class='ocrx_word' id='word_1_468' title='bbox 1897 3423 2140 3494; x_wconf 64' lang='lat' dir='ltr'><strong>aequino-</strong></span> 
     </span>
    </p>
   </div>
   <div class='ocr_carea' id='block_1_64' title="bbox 561 3514 2138 3597">
    <p class='ocr_par' dir='ltr' id='par_1_64' title="bbox 561 3514 2138 3597">
     <span class='ocr_line' id='line_1_64' title="bbox 561 3514 2138 3597; baseline -0.01 -14"><span class='ocrx_word' id='word_1_469' title='bbox 561 3528 744 3583; x_wconf 90' lang='lat' dir='ltr'><strong>ctialis</strong></span> <span class='ocrx_word' id='word_1_470' title='bbox 777 3527 1039 3596; x_wconf 66' lang='lat' dir='ltr'><strong>aequalem</strong></span> <span class='ocrx_word' id='word_1_471' title='bbox 1073 3538 1260 3597; x_wconf 88' lang='lat' dir='ltr'><strong>supra,</strong></span> <span class='ocrx_word' id='word_1_472' title='bbox 1307 3521 1557 3592; x_wconf 86' lang='lat' dir='ltr'><strong>infraque</strong></span> <span class='ocrx_word' id='word_1_473' title='bbox 1609 3518 1947 3573; x_wconf 91' lang='lat' dir='ltr'><strong>horizontem</strong></span> <span class='ocrx_word' id='word_1_474' title='bbox 1993 3514 2138 3570; x_wconf 86' lang='lat' dir='ltr'><strong>obti-</strong></span> 
     </span>
    </p>
   </div>
   <div class='ocr_carea' id='block_1_65' title="bbox 564 3607 2142 3690">
    <p class='ocr_par' dir='ltr' id='par_1_65' title="bbox 564 3607 2142 3690">
     <span class='ocr_line' id='line_1_65' title="bbox 564 3607 2142 3690; baseline -0.01 -14"><span class='ocrx_word' id='word_1_475' title='bbox 564 3636 702 3676; x_wconf 89' lang='lat' dir='ltr'><strong>nens</strong></span> <span class='ocrx_word' id='word_1_476' title='bbox 735 3627 944 3690; x_wconf 88' lang='lat' dir='ltr'><strong>partem</strong></span> <span class='ocrx_word' id='word_1_477' title='bbox 965 3655 984 3684; x_wconf 90' lang='lat'><strong>,</strong></span> <span class='ocrx_word' id='word_1_478' title='bbox 1011 3615 1384 3672; x_wconf 88' lang='lat' dir='ltr'><strong>inhabitabilis</strong></span> <span class='ocrx_word' id='word_1_479' title='bbox 1410 3621 1518 3679; x_wconf 89' lang='lat' dir='ltr'><strong>est,</strong></span> <span class='ocrx_word' id='word_1_480' title='bbox 1557 3621 1771 3673; x_wconf 81' lang='lat' dir='ltr'><strong>exusta,</strong></span> <span class='ocrx_word' id='word_1_481' title='bbox 1801 3607 1990 3663; x_wconf 83' lang='lat' dir='ltr'><strong>Martis</strong></span> <span class='ocrx_word' id='word_1_482' title='bbox 2020 3619 2142 3676; x_wconf 85' lang='lat' dir='ltr'><strong>pro-</strong></span> 
     </span>
    </p>
   </div>
   <div class='ocr_carea' id='block_1_66' title="bbox 565 3699 2141 3782">
    <p class='ocr_par' dir='ltr' id='par_1_66' title="bbox 565 3699 2141 3782">
     <span class='ocr_line' id='line_1_66' title="bbox 565 3699 2141 3782; baseline -0.009 -18"><span class='ocrx_word' id='word_1_483' title='bbox 565 3711 708 3782; x_wconf 87' lang='lat' dir='ltr'><strong>pria,</strong></span> <span class='ocrx_word' id='word_1_484' title='bbox 734 3707 1094 3779; x_wconf 84' lang='lat' dir='ltr'><strong>amplitudine</strong></span> <span class='ocrx_word' id='word_1_485' title='bbox 1111 3704 1494 3775; x_wconf 90' lang='lat' dir='ltr'><strong>scrupulorum</strong></span> <span class='ocrx_word' id='word_1_486' title='bbox 1512 3701 1776 3768; x_wconf 88' lang='lat' dir='ltr'><strong>octo,hoc</strong></span> <span class='ocrx_word' id='word_1_487' title='bbox 1793 3705 1878 3754; x_wconf 91' lang='lat' dir='ltr'><strong>est</strong></span> <span class='ocrx_word' id='word_1_488' title='bbox 1902 3699 1968 3754; x_wconf 90' lang='lat' dir='ltr'><strong>ab</strong></span> <span class='ocrx_word' id='word_1_489' title='bbox 1991 3706 2141 3753; x_wconf 84' lang='lat' dir='ltr'><strong>utra-</strong></span> 
     </span>
    </p>
   </div>
   <div class='ocr_carea' id='block_1_67' title="bbox 565 3789 2139 3870">
    <p class='ocr_par' dir='ltr' id='par_1_67' title="bbox 565 3789 2139 3870">
     <span class='ocr_line' id='line_1_67' title="bbox 565 3789 2139 3870; baseline -0.006 -18"><span class='ocrx_word' id='word_1_490' title='bbox 565 3815 676 3870; x_wconf 90' lang='lat' dir='ltr'><strong>que</strong></span> <span class='ocrx_word' id='word_1_491' title='bbox 729 3797 1129 3868; x_wconf 61' lang='lat' dir='ltr'><strong>aequinoctialis</strong></span> <span class='ocrx_word' id='word_1_492' title='bbox 1179 3803 1334 3867; x_wconf 91' lang='lat' dir='ltr'><strong>parte</strong></span> <span class='ocrx_word' id='word_1_493' title='bbox 1384 3806 1656 3864; x_wconf 87' lang='lat' dir='ltr'><strong>quatuor;</strong></span> <span class='ocrx_word' id='word_1_494' title='bbox 1713 3789 1805 3843; x_wconf 89' lang='lat' dir='ltr'><strong>hic</strong></span> <span class='ocrx_word' id='word_1_495' title='bbox 1841 3789 1986 3842; x_wconf 91' lang='lat' dir='ltr'><strong>enim</strong></span> <span class='ocrx_word' id='word_1_496' title='bbox 2029 3797 2139 3842; x_wconf 88' lang='lat' dir='ltr'><strong>tam</strong></span> 
     </span>
    </p>
   </div>
   <div class='ocr_carea' id='block_1_68' title="bbox 567 3877 2141 3962">
    <p class='ocr_par' dir='ltr' id='par_1_68' title="bbox 567 3877 2141 3962">
     <span class='ocr_line' id='line_1_68' title="bbox 567 3877 2141 3962; baseline -0.009 -16"><span class='ocrx_word' id='word_1_497' title='bbox 567 3893 766 3962; x_wconf 86' lang='lat' dir='ltr'><strong>ipsam,</strong></span> <span class='ocrx_word' id='word_1_498' title='bbox 790 3904 954 3961; x_wconf 90' lang='lat' dir='ltr'><strong>quam</strong></span> <span class='ocrx_word' id='word_1_499' title='bbox 983 3895 1153 3943; x_wconf 91' lang='lat' dir='ltr'><strong>totam</strong></span> <span class='ocrx_word' id='word_1_500' title='bbox 1177 3886 1443 3956; x_wconf 68' lang='lat' dir='ltr'><strong>sphaeram</strong></span> <span class='ocrx_word' id='word_1_501' title='bbox 1466 3881 1703 3938; x_wconf 86' lang='lat' dir='ltr'><strong>mediam</strong></span> <span class='ocrx_word' id='word_1_502' title='bbox 1725 3878 1938 3934; x_wconf 87' lang='lat' dir='ltr'><strong>dividit.</strong></span> <span class='ocrx_word' id='word_1_503' title='bbox 1967 3877 2141 3934; x_wconf 84' lang='lat' dir='ltr'><strong>Habet</strong></span> 
     </span>
    </p>
   </div>
   <div class='ocr_carea' id='block_1_69' title="bbox 567 3972 2142 4048">
    <p class='ocr_par' dir='ltr' id='par_1_69' title="bbox 567 3972 2142 4048">
     <span class='ocr_line' id='line_1_69' title="bbox 567 3972 2142 4048; baseline -0.011 -6"><span class='ocrx_word' id='word_1_504' title='bbox 567 3984 866 4042; x_wconf 84' lang='lat' dir='ltr'><strong>stadiorum</strong></span> <span class='ocrx_word' id='word_1_505' title='bbox 890 3981 1120 4048; x_wconf 77' lang='lat'><strong>35,600;</strong></span> <span class='ocrx_word' id='word_1_506' title='bbox 1146 3979 1396 4035; x_wconf 89' lang='lat' dir='ltr'><strong>hiemalis</strong></span> <span class='ocrx_word' id='word_1_507' title='bbox 1413 3983 1605 4032; x_wconf 93' lang='lat' dir='ltr'><strong>contra</strong></span> <span class='ocrx_word' id='word_1_508' title='bbox 1628 3980 1791 4044; x_wconf 90' lang='lat' dir='ltr'><strong>atque</strong></span> <span class='ocrx_word' id='word_1_509' title='bbox 1817 3972 2004 4028; x_wconf 69' lang='lat' dir='ltr'><strong>aestiva</strong></span> <span class='ocrx_word' id='word_1_510' title='bbox 2026 3986 2142 4026; x_wconf 91' lang='lat' dir='ltr'><strong>ma-</strong></span> 
     </span>
    </p>
   </div>
   <div class='ocr_carea' id='block_1_70' title="bbox 561 4065 2143 4148">
    <p class='ocr_par' dir='ltr' id='par_1_70' title="bbox 561 4065 2143 4148">
     <span class='ocr_line' id='line_1_70' title="bbox 561 4065 2143 4148; baseline -0.009 -16"><span class='ocrx_word' id='word_1_511' title='bbox 561 4077 673 4148; x_wconf 84' lang='lat' dir='ltr'><strong>jori</strong></span> <span class='ocrx_word' id='word_1_512' title='bbox 708 4077 794 4132; x_wconf 87' lang='lat' dir='ltr'><strong>sui</strong></span> <span class='ocrx_word' id='word_1_513' title='bbox 825 4084 978 4148; x_wconf 83' lang='lat' dir='ltr'><strong>parte</strong></span> <span class='ocrx_word' id='word_1_514' title='bbox 1005 4075 1108 4131; x_wconf 90' lang='lat' dir='ltr'><strong>sub</strong></span> <span class='ocrx_word' id='word_1_515' title='bbox 1131 4072 1412 4127; x_wconf 89' lang='lat' dir='ltr'><strong>horizonte</strong></span> <span class='ocrx_word' id='word_1_516' title='bbox 1435 4070 1598 4133; x_wconf 91' lang='lat' dir='ltr'><strong>latet,</strong></span> <span class='ocrx_word' id='word_1_517' title='bbox 1630 4065 1967 4131; x_wconf 87' lang='lat' dir='ltr'><strong>habitabilis,</strong></span> <span class='ocrx_word' id='word_1_518' title='bbox 1998 4070 2143 4133; x_wconf 80' lang='lat' dir='ltr'><strong>tem-</strong></span> 
     </span>
    </p>
   </div>
   <div class='ocr_carea' id='block_1_71' title="bbox 566 4157 2140 4239">
    <p class='ocr_par' dir='ltr' id='par_1_71' title="bbox 566 4157 2140 4239">
     <span class='ocr_line' id='line_1_71' title="bbox 566 4157 2140 4239; baseline -0.01 -17"><span class='ocrx_word' id='word_1_519' title='bbox 566 4174 788 4239; x_wconf 89' lang='lat' dir='ltr'><strong>perata,</strong></span> <span class='ocrx_word' id='word_1_520' title='bbox 826 4166 1010 4220; x_wconf 88' lang='lat' dir='ltr'><strong>dicata</strong></span> <span class='ocrx_word' id='word_1_521' title='bbox 1042 4160 1674 4232; x_wconf 87' lang='lat' dir='ltr'><strong>Veneri,scrupulorum</strong></span> <span class='ocrx_word' id='word_1_522' title='bbox 1715 4157 1982 4228; x_wconf 89' lang='lat' dir='ltr'><strong>quinque,</strong></span> <span class='ocrx_word' id='word_1_523' title='bbox 2024 4163 2140 4211; x_wconf 89' lang='lat' dir='ltr'><strong>sta-</strong></span> 
     </span>
    </p>
   </div>
   <div class='ocr_carea' id='block_1_72' title="bbox 567 4247 2143 4326">
    <p class='ocr_par' dir='ltr' id='par_1_72' title="bbox 567 4247 2143 4326">
     <span class='ocr_line' id='line_1_72' title="bbox 567 4247 2143 4326; baseline -0.01 -11"><span class='ocrx_word' id='word_1_524' title='bbox 567 4260 784 4316; x_wconf 91' lang='lat' dir='ltr'><strong>diorum</strong></span> <span class='ocrx_word' id='word_1_525' title='bbox 813 4257 1050 4326; x_wconf 80' lang='lat' dir='ltr'><strong>2l,000;</strong></span> <span class='ocrx_word' id='word_1_526' title='bbox 1074 4255 1351 4322; x_wconf 86' lang='lat' dir='ltr'><strong>australis,</strong></span> <span class='ocrx_word' id='word_1_527' title='bbox 1385 4268 1505 4324; x_wconf 74' lang='lat' dir='ltr'><strong>qua:</strong></span> <span class='ocrx_word' id='word_1_528' title='bbox 1529 4259 1641 4307; x_wconf 90' lang='lat' dir='ltr'><strong>tota</strong></span> <span class='ocrx_word' id='word_1_529' title='bbox 1667 4248 1958 4311; x_wconf 90' lang='lat' dir='ltr'><strong>delitescit,</strong></span> <span class='ocrx_word' id='word_1_530' title='bbox 1984 4247 2143 4302; x_wconf 86' lang='lat' dir='ltr'><strong>inha-</strong></span> 
     </span>
    </p>
   </div>
   <div class='ocr_carea' id='block_1_73' title="bbox 565 4339 2143 4418">
    <p class='ocr_par' dir='ltr' id='par_1_73' title="bbox 565 4339 2143 4418">
     <span class='ocr_line' id='line_1_73' title="bbox 565 4339 2143 4418; baseline -0.011 -13"><span class='ocrx_word' id='word_1_531' title='bbox 565 4348 828 4413; x_wconf 88' lang='lat' dir='ltr'><strong>bitabilis,</strong></span> <span class='ocrx_word' id='word_1_532' title='bbox 860 4345 1079 4418; x_wconf 76' lang='lat' dir='ltr'><strong>frigida,</strong></span> <span class='ocrx_word' id='word_1_533' title='bbox 1113 4344 1182 4400; x_wconf 89' lang='lat' dir='ltr'><strong>ad</strong></span> <span class='ocrx_word' id='word_1_534' title='bbox 1211 4342 1540 4399; x_wconf 76' lang='lat' dir='ltr'><strong>Mercurium</strong></span> <span class='ocrx_word' id='word_1_535' title='bbox 1567 4339 1879 4411; x_wconf 89' lang='lat' dir='ltr'><strong>pertinens,</strong></span> <span class='ocrx_word' id='word_1_536' title='bbox 1911 4352 2143 4408; x_wconf 83' lang='lat' dir='ltr'><strong>scrupu-</strong></span> 
     </span>
    </p>
   </div>
   <div class='ocr_carea' id='block_1_74' title="bbox 2236 3246 3745 3327">
    <p class='ocr_par' dir='ltr' id='par_1_74' title="bbox 2236 3246 3745 3327">
     <span class='ocr_line' id='line_1_74' title="bbox 2236 3246 3745 3327; baseline -0.003 -18"><span class='ocrx_word' id='word_1_537' title='bbox 2236 3256 2518 3327; x_wconf 83' lang='grc' dir='ltr'>εῦκρατος,</span> <span class='ocrx_word' id='word_1_538' title='bbox 2550 3255 2609 3308; x_wconf 79' lang='grc' dir='ltr'>ὲν</span> <span class='ocrx_word' id='word_1_539' title='bbox 2712 3253 2860 3308; x_wconf 77' lang='grc' dir='ltr'>ἐστιν</span> <span class='ocrx_word' id='word_1_540' title='bbox 2897 3252 2932 3323; x_wconf 80' lang='grc' dir='ltr'><strong>ἡ</strong></span> <span class='ocrx_word' id='word_1_541' title='bbox 2963 3250 3084 3305; x_wconf 83' lang='grc' dir='ltr'>καθ’</span> <span class='ocrx_word' id='word_1_542' title='bbox 3121 3252 3272 3321; x_wconf 79' lang='grc' dir='ltr'>ἡμᾶς</span> <span class='ocrx_word' id='word_1_543' title='bbox 3315 3249 3632 3320; x_wconf 75' lang='grc' dir='ltr'>οἰκουμένη,</span> <span class='ocrx_word' id='word_1_544' title='bbox 3655 3246 3745 3304; x_wconf 45' lang='grc' dir='ltr'><strong>Διὰ,</strong></span> 
     </span>
    </p>
   </div>
   <div class='ocr_carea' id='block_1_75' title="bbox 2237 3336 3744 3418">
    <p class='ocr_par' dir='ltr' id='par_1_75' title="bbox 2237 3336 3744 3418">
     <span class='ocr_line' id='line_1_75' title="bbox 2237 3336 3744 3418; baseline -0.004 -18"><span class='ocrx_word' id='word_1_545' title='bbox 2237 3345 2540 3418; x_wconf 71' lang='grc' dir='ltr'>ἑξηκοστῶν</span> <span class='ocrx_word' id='word_1_546' title='bbox 2555 3344 2617 3411; x_wconf 81' lang='grc' dir='ltr'>ε’,</span> <span class='ocrx_word' id='word_1_547' title='bbox 2633 3344 2860 3398; x_wconf 83' lang='grc' dir='ltr'>σταδίων</span> <span class='ocrx_word' id='word_1_548' title='bbox 2875 3343 2932 3397; x_wconf 83' lang='grc' dir='ltr'>δὲ</span> <span class='ocrx_word' id='word_1_549' title='bbox 2949 3341 3246 3413; x_wconf 86' lang='grc' dir='ltr'>δισμυρίων</span> <span class='ocrx_word' id='word_1_550' title='bbox 3267 3341 3362 3394; x_wconf 71' lang='grc' dir='ltr'><strong>καὶ</strong></span> <span class='ocrx_word' id='word_1_551' title='bbox 3375 3358 3426 3412; x_wconf 55' lang='grc' dir='ltr'>,α</span> <span class='ocrx_word' id='word_1_552' title='bbox 3444 3358 3459 3373; x_wconf 77' lang='grc' dir='ltr'><strong><em>ο</em></strong></span> <span class='ocrx_word' id='word_1_553' title='bbox 3502 3336 3744 3410; x_wconf 62' lang='grc' dir='ltr'>ίοπῖμεριιίὴν</span> 
     </span>
    </p>
   </div>
   <div class='ocr_carea' id='block_1_76' title="bbox 2240 3429 3744 3508">
    <p class='ocr_par' dir='ltr' id='par_1_76' title="bbox 2240 3429 3744 3508">
     <span class='ocr_line' id='line_1_76' title="bbox 2240 3429 3744 3508; baseline -0.004 -17"><span class='ocrx_word' id='word_1_554' title='bbox 2240 3438 2352 3491; x_wconf 82' lang='grc' dir='ltr'>ῐσον</span> <span class='ocrx_word' id='word_1_555' title='bbox 2407 3437 2603 3508; x_wconf 75' lang='grc' dir='ltr'>ἔχουσα</span> <span class='ocrx_word' id='word_1_556' title='bbox 2633 3434 2726 3488; x_wconf 80' lang='grc' dir='ltr'>τὸν</span> <span class='ocrx_word' id='word_1_557' title='bbox 2762 3434 2902 3506; x_wconf 78' lang='grc' dir='ltr'>ὑπὲρ</span> <span class='ocrx_word' id='word_1_558' title='bbox 2957 3433 3060 3504; x_wconf 81' lang='grc' dir='ltr'>γῆν</span> <span class='ocrx_word' id='word_1_559' title='bbox 3099 3431 3352 3504; x_wconf 75' lang='grc' dir='ltr'>ὁρίζοντα</span> <span class='ocrx_word' id='word_1_560' title='bbox 3387 3432 3465 3502; x_wconf 85' lang='grc' dir='ltr'>τῷ</span> <span class='ocrx_word' id='word_1_561' title='bbox 3492 3432 3578 3485; x_wconf 79' lang='grc' dir='ltr'>ὑπ’</span> <span class='ocrx_word' id='word_1_562' title='bbox 3618 3429 3744 3484; x_wconf 69' lang='grc' dir='ltr'>αὑτὸν.</span> 
     </span>
    </p>
   </div>
   <div class='ocr_carea' id='block_1_77' title="bbox 2239 3522 3743 3601">
    <p class='ocr_par' dir='ltr' id='par_1_77' title="bbox 2239 3522 3743 3601">
     <span class='ocr_line' id='line_1_77' title="bbox 2239 3522 3743 3601; baseline -0.005 -17"><span class='ocrx_word' id='word_1_563' title='bbox 2239 3529 2511 3601; x_wconf 87' lang='grc' dir='ltr'>ἀοίκητος,</span> <span class='ocrx_word' id='word_1_564' title='bbox 2538 3525 2956 3598; x_wconf 79' lang='grc' dir='ltr'>διακεκαυμένη,</span> <span class='ocrx_word' id='word_1_565' title='bbox 2981 3527 3216 3596; x_wconf 72' lang='grc' dir='ltr'>Ἄρεως,</span> <span class='ocrx_word' id='word_1_566' title='bbox 3261 3523 3566 3595; x_wconf 81' lang='grc' dir='ltr'>ἐξηκοστῶν</span> <span class='ocrx_word' id='word_1_567' title='bbox 3605 3522 3690 3593; x_wconf 83' lang='grc' dir='ltr'><strong>μὲν</strong></span> <span class='ocrx_word' id='word_1_568' title='bbox 3707 3523 3743 3587; x_wconf 67' lang='grc' dir='ltr'><strong>η’,</strong></span> 
     </span>
    </p>
   </div>
   <div class='ocr_carea' id='block_1_78' title="bbox 2239 3606 3743 3694">
    <p class='ocr_par' dir='ltr' id='par_1_78' title="bbox 2239 3606 3743 3694">
     <span class='ocr_line' id='line_1_78' title="bbox 2239 3606 3743 3694; baseline -0.016 -7"><span class='ocrx_word' id='word_1_569' title='bbox 2239 3621 2300 3687; x_wconf 63' lang='grc' dir='ltr'><strong>ἐξ</strong></span> <span class='ocrx_word' id='word_1_570' title='bbox 2320 3621 2580 3694; x_wconf 72' lang='grc' dir='ltr'>ἑκατέρου</span> <span class='ocrx_word' id='word_1_571' title='bbox 2611 3619 2809 3691; x_wconf 82' lang='grc' dir='ltr'>μέρους</span> <span class='ocrx_word' id='word_1_572' title='bbox 2828 3617 2921 3672; x_wconf 87' lang='grc' dir='ltr'><strong>τοῦ</strong></span> <span class='ocrx_word' id='word_1_573' title='bbox 2959 3614 3278 3688; x_wconf 85' lang='grc' dir='ltr'>ίσημερινοῦ</span> <span class='ocrx_word' id='word_1_574' title='bbox 3313 3615 3589 3686; x_wconf 79' lang='grc' dir='ltr'>τεσσάρων</span> <span class='ocrx_word' id='word_1_575' title='bbox 3609 3630 3620 3642; x_wconf 74' lang='grc'><strong>”</strong></span> <span class='ocrx_word' id='word_1_576' title='bbox 3646 3606 3743 3668; x_wconf 60' lang='lat'><strong>95:9;</strong></span> 
     </span>
    </p>
   </div>
   <div class='ocr_carea' id='block_1_79' title="bbox 2238 3704 3742 3783">
    <p class='ocr_par' dir='ltr' id='par_1_79' title="bbox 2238 3704 3742 3783">
     <span class='ocr_line' id='line_1_79' title="bbox 2238 3704 3742 3783; baseline -0.007 -17"><span class='ocrx_word' id='word_1_577' title='bbox 2238 3713 2346 3783; x_wconf 83' lang='grc' dir='ltr'><strong>γὰρ</strong></span> <span class='ocrx_word' id='word_1_578' title='bbox 2399 3711 2566 3783; x_wconf 80' lang='grc' dir='ltr'>αὐτὴν</span> <span class='ocrx_word' id='word_1_579' title='bbox 2618 3710 2712 3765; x_wconf 74' lang='grc' dir='ltr'><strong>καὶ</strong></span> <span class='ocrx_word' id='word_1_580' title='bbox 2761 3709 2859 3780; x_wconf 79' lang='grc' dir='ltr'><strong>τὴν</strong></span> <span class='ocrx_word' id='word_1_581' title='bbox 2913 3707 3038 3778; x_wconf 81' lang='grc' dir='ltr'>ὅλην</span> <span class='ocrx_word' id='word_1_582' title='bbox 3100 3708 3340 3778; x_wconf 82' lang='grc' dir='ltr'>σφαῖραν</span> <span class='ocrx_word' id='word_1_583' title='bbox 3365 3706 3554 3778; x_wconf 81' lang='grc' dir='ltr'>τέμνει</span> <span class='ocrx_word' id='word_1_584' title='bbox 3595 3704 3742 3776; x_wconf 61' lang='grc' dir='ltr'>μέπν*</span> 
     </span>
    </p>
   </div>
   <div class='ocr_carea' id='block_1_80' title="bbox 2241 3794 3742 3874">
    <p class='ocr_par' dir='ltr' id='par_1_80' title="bbox 2241 3794 3742 3874">
     <span class='ocr_line' id='line_1_80' title="bbox 2241 3794 3742 3874; baseline -0.012 -16"><span class='ocrx_word' id='word_1_585' title='bbox 2241 3804 2467 3858; x_wconf 89' lang='grc' dir='ltr'>σταδίων</span> <span class='ocrx_word' id='word_1_586' title='bbox 2486 3804 2526 3857; x_wconf 83' lang='grc' dir='ltr'>δ’</span> <span class='ocrx_word' id='word_1_587' title='bbox 2562 3802 2900 3874; x_wconf 87' lang='grc' dir='ltr'>τρισμυρίων</span> <span class='ocrx_word' id='word_1_588' title='bbox 2933 3801 3026 3854; x_wconf 76' lang='grc' dir='ltr'>καὶ</span> <span class='ocrx_word' id='word_1_589' title='bbox 3057 3806 3156 3871; x_wconf 67' lang='grc' dir='ltr'><strong>χχ¹</strong></span> <span class='ocrx_word' id='word_1_590' title='bbox 3174 3817 3189 3830; x_wconf 92' lang='grc'><strong>·</strong></span> <span class='ocrx_word' id='word_1_591' title='bbox 3226 3800 3532 3870; x_wconf 76' lang='grc' dir='ltr'>χειμερινὴ,</span> <span class='ocrx_word' id='word_1_592' title='bbox 3548 3794 3742 3851; x_wconf 70' lang='grc' dir='ltr'>ἀνάπαλιν</span> 
     </span>
    </p>
   </div>
   <div class='ocr_carea' id='block_1_81' title="bbox 2239 3885 3743 3969">
    <p class='ocr_par' dir='ltr' id='par_1_81' title="bbox 2239 3885 3743 3969">
     <span class='ocr_line' id='line_1_81' title="bbox 2239 3885 3743 3969; baseline -0.009 -18"><span class='ocrx_word' id='word_1_593' title='bbox 2239 3899 2306 3969; x_wconf 86' lang='grc' dir='ltr'>τῇ</span> <span class='ocrx_word' id='word_1_594' title='bbox 2335 3896 2520 3968; x_wconf 78' lang='grc' dir='ltr'>Θερινῇ</span> <span class='ocrx_word' id='word_1_595' title='bbox 2545 3893 2726 3946; x_wconf 77' lang='grc' dir='ltr'>πλεῖον</span> <span class='ocrx_word' id='word_1_596' title='bbox 2759 3890 2954 3962; x_wconf 76' lang='grc' dir='ltr'>ἔχουσα</span> <span class='ocrx_word' id='word_1_597' title='bbox 2975 3889 3036 3942; x_wconf 82' lang='grc' dir='ltr'><strong>τὸ</strong></span> <span class='ocrx_word' id='word_1_598' title='bbox 3066 3889 3210 3960; x_wconf 81' lang='grc' dir='ltr'>ὑπὲρ</span> <span class='ocrx_word' id='word_1_599' title='bbox 3244 3889 3290 3921; x_wconf 76' lang='grc'><strong>³⁸</strong></span> <span class='ocrx_word' id='word_1_600' title='bbox 3323 3888 3416 3941; x_wconf 82' lang='grc' dir='ltr'><strong>τὸν</strong></span> <span class='ocrx_word' id='word_1_601' title='bbox 3438 3888 3682 3959; x_wconf 77' lang='grc' dir='ltr'>ὁρίζοντα,</span> <span class='ocrx_word' id='word_1_602' title='bbox 3701 3885 3743 3935; x_wconf 73' lang='grc' dir='ltr'><strong>οἱ·</strong></span> 
     </span>
    </p>
   </div>
   <div class='ocr_carea' id='block_1_82' title="bbox 2239 3981 3743 4060">
    <p class='ocr_par' dir='ltr' id='par_1_82' title="bbox 2239 3981 3743 4060">
     <span class='ocr_line' id='line_1_82' title="bbox 2239 3981 3743 4060; baseline -0.009 -18"><span class='ocrx_word' id='word_1_603' title='bbox 2239 3987 2501 4060; x_wconf 85' lang='grc' dir='ltr'>κουμένη,</span> <span class='ocrx_word' id='word_1_604' title='bbox 2544 3985 2832 4057; x_wconf 78' lang='grc' dir='ltr'>εὔκρατος,</span> <span class='ocrx_word' id='word_1_605' title='bbox 2867 3981 3202 4054; x_wconf 84' lang='grc' dir='ltr'>Ἀφροδίτης,</span> <span class='ocrx_word' id='word_1_606' title='bbox 3253 3981 3560 4052; x_wconf 78' lang='grc' dir='ltr'>ἑξηκοστῶν</span> <span class='ocrx_word' id='word_1_607' title='bbox 3589 3988 3644 4044; x_wconf 86' lang='grc' dir='ltr'>ε’,</span> <span class='ocrx_word' id='word_1_608' title='bbox 3669 3993 3743 4031; x_wconf 68' lang='grc' dir='ltr'>στα-</span> 
     </span>
    </p>
   </div>
   <div class='ocr_carea' id='block_1_83' title="bbox 2240 4067 3741 4149">
    <p class='ocr_par' dir='ltr' id='par_1_83' title="bbox 2240 4067 3741 4149">
     <span class='ocr_line' id='line_1_83' title="bbox 2240 4067 3741 4149; baseline -0.011 -15"><span class='ocrx_word' id='word_1_609' title='bbox 2240 4080 2368 4135; x_wconf 87' lang='grc' dir='ltr'>δίων</span> <span class='ocrx_word' id='word_1_610' title='bbox 2402 4079 2460 4132; x_wconf 76' lang='grc' dir='ltr'>δὲ</span> <span class='ocrx_word' id='word_1_611' title='bbox 2493 4077 2793 4149; x_wconf 86' lang='grc' dir='ltr'>δισμυρίων</span> <span class='ocrx_word' id='word_1_612' title='bbox 2829 4075 2923 4128; x_wconf 79' lang='grc' dir='ltr'><strong>καὶ</strong></span> <span class='ocrx_word' id='word_1_613' title='bbox 2951 4090 3034 4146; x_wconf 74' lang='grc' dir='ltr'>,α’</span> <span class='ocrx_word' id='word_1_614' title='bbox 3068 4072 3268 4138; x_wconf 85' lang='grc' dir='ltr'>νότιος,</span> <span class='ocrx_word' id='word_1_615' title='bbox 3299 4074 3396 4144; x_wconf 81' lang='grc' dir='ltr'>ὅλη</span> <span class='ocrx_word' id='word_1_616' title='bbox 3434 4075 3652 4144; x_wconf 72' lang='grc' dir='ltr'>ἀφανὴς,</span> <span class='ocrx_word' id='word_1_617' title='bbox 3679 4067 3741 4122; x_wconf 68' lang='lat' dir='ltr'><strong>tioi-</strong></span> 
     </span>
    </p>
   </div>
   <div class='ocr_carea' id='block_1_84' title="bbox 2240 4161 3740 4244">
    <p class='ocr_par' dir='ltr' id='par_1_84' title="bbox 2240 4161 3740 4244">
     <span class='ocr_line' id='line_1_84' title="bbox 2240 4161 3740 4244; baseline -0.006 -18"><span class='ocrx_word' id='word_1_618' title='bbox 2240 4188 2438 4244; x_wconf 86' lang='grc' dir='ltr'>κητος,</span> <span class='ocrx_word' id='word_1_619' title='bbox 2482 4165 2868 4244; x_wconf 67' lang='grc' dir='ltr'>κατεψυγμένη</span> <span class='ocrx_word' id='word_1_620' title='bbox 2891 4206 2907 4232; x_wconf 91' lang='grc'><strong>,</strong></span> <span class='ocrx_word' id='word_1_621' title='bbox 2950 4163 3174 4236; x_wconf 80' lang='grc' dir='ltr'>Ἑρμοῦ,</span> <span class='ocrx_word' id='word_1_622' title='bbox 3224 4161 3534 4236; x_wconf 78' lang='grc' dir='ltr'>ἑξηκοστῶν</span> <span class='ocrx_word' id='word_1_623' title='bbox 3590 4163 3675 4233; x_wconf 80' lang='grc' dir='ltr'><strong>μὲν</strong></span> <span class='ocrx_word' id='word_1_624' title='bbox 3700 4163 3740 4221; x_wconf 68' lang='grc' dir='ltr'><strong>ς’.</strong></span> 
     </span>
    </p>
   </div>
   <div class='ocr_carea' id='block_1_85' title="bbox 2243 4246 3761 4329">
    <p class='ocr_par' dir='ltr' id='par_1_85' title="bbox 2243 4246 3761 4329">
     <span class='ocr_line' id='line_1_85' title="bbox 2243 4246 3761 4329; baseline -0.01 -13"><span class='ocrx_word' id='word_1_625' title='bbox 2243 4262 2471 4316; x_wconf 82' lang='grc' dir='ltr'>σταδίων</span> <span class='ocrx_word' id='word_1_626' title='bbox 2521 4260 2579 4314; x_wconf 83' lang='grc' dir='ltr'>δὲ</span> <span class='ocrx_word' id='word_1_627' title='bbox 2633 4253 3061 4329; x_wconf 75' lang='grc' dir='ltr'>δισμυρίων,εσ¹.</span> <span class='ocrx_word' id='word_1_628' title='bbox 3103 4255 3192 4318; x_wconf 83' lang='grc' dir='ltr'><strong>Ὦς</strong></span> <span class='ocrx_word' id='word_1_629' title='bbox 3225 4249 3366 4307; x_wconf 78' lang='grc' dir='ltr'>εἶναι</span> <span class='ocrx_word' id='word_1_630' title='bbox 3410 4254 3548 4327; x_wconf 84' lang='grc' dir='ltr'>ὑπὲρ</span> <span class='ocrx_word' id='word_1_631' title='bbox 3582 4253 3661 4305; x_wconf 80' lang='grc' dir='ltr'>τὸν</span> <span class='ocrx_word' id='word_1_632' title='bbox 3678 4246 3761 4317; x_wconf 43' lang='grc' dir='ltr'><strong>ὀρὲιη</strong></span> 
     </span>
    </p>
   </div>
   <div class='ocr_carea' id='block_1_86' title="bbox 2243 4343 3739 4426">
    <p class='ocr_par' dir='ltr' id='par_1_86' title="bbox 2243 4343 3739 4426">
     <span class='ocr_line' id='line_1_86' title="bbox 2243 4343 3739 4426; baseline -0.01 -17"><span class='ocrx_word' id='word_1_633' title='bbox 2243 4353 2402 4419; x_wconf 80' lang='grc' dir='ltr'>ζοντα</span> <span class='ocrx_word' id='word_1_634' title='bbox 2429 4353 2754 4426; x_wconf 85' lang='grc' dir='ltr'>περίμετρον</span> <span class='ocrx_word' id='word_1_635' title='bbox 2794 4351 2892 4421; x_wconf 78' lang='grc' dir='ltr'><strong>τῆς</strong></span> <span class='ocrx_word' id='word_1_636' title='bbox 2919 4349 3024 4421; x_wconf 86' lang='grc' dir='ltr'>γῆς</span> <span class='ocrx_word' id='word_1_637' title='bbox 3052 4346 3328 4420; x_wconf 82' lang='grc' dir='ltr'>ἐξηκοστά,</span> <span class='ocrx_word' id='word_1_638' title='bbox 3351 4348 3452 4418; x_wconf 84' lang='grc' dir='ltr'><strong>μὲν</strong></span> <span class='ocrx_word' id='word_1_639' title='bbox 3475 4346 3537 4413; x_wconf 85' lang='grc' dir='ltr'>λ’,</span> <span class='ocrx_word' id='word_1_640' title='bbox 3578 4343 3739 4398; x_wconf 71' lang='grc' dir='ltr'>σταδίων</span> 
     </span>
    </p>
   </div>
   <div class='ocr_carea' id='block_1_87' title="bbox 567 4430 2131 4520">
    <p class='ocr_par' dir='ltr' id='par_1_87' title="bbox 567 4430 2131 4506">
     <span class='ocr_line' id='line_1_87' title="bbox 567 4430 2131 4506; baseline -0.01 -8"><span class='ocrx_word' id='word_1_641' title='bbox 567 4443 745 4499; x_wconf 89' lang='lat' dir='ltr'><strong>lorum</strong></span> <span class='ocrx_word' id='word_1_642' title='bbox 765 4457 882 4506; x_wconf 80' lang='lat' dir='ltr'><strong>sex,</strong></span> <span class='ocrx_word' id='word_1_643' title='bbox 923 4439 1224 4497; x_wconf 88' lang='lat' dir='ltr'><strong>stadiorum</strong></span> <span class='ocrx_word' id='word_1_644' title='bbox 1253 4435 1477 4501; x_wconf 81' lang='lat'><strong>25,200.</strong></span> <span class='ocrx_word' id='word_1_645' title='bbox 1513 4432 1859 4505; x_wconf 81' lang='lat' dir='ltr'><strong>Colliguntur</strong></span> <span class='ocrx_word' id='word_1_646' title='bbox 1897 4430 2131 4485; x_wconf 78' lang='lat' dir='ltr'><strong>ambitus</strong></span> 
     </span>
    </p>
   </div>
   <div class='ocr_carea' id='block_1_88' title="bbox 2238 4430 2936 4520">
    <p class='ocr_par' dir='ltr' id='par_1_88' title="bbox 2239 4441 2936 4520">
     <span class='ocr_line' id='line_1_88' title="bbox 2239 4441 2936 4520; baseline -0.004 -20"><span class='ocrx_word' id='word_1_647' title='bbox 2239 4445 2513 4520; x_wconf 78' lang='grc' dir='ltr'>μυριάδων</span> <span class='ocrx_word' id='word_1_648' title='bbox 2541 4444 2598 4499; x_wconf 87' lang='grc' dir='ltr'>δὲ</span> <span class='ocrx_word' id='word_1_649' title='bbox 2641 4443 2707 4515; x_wconf 82' lang='grc' dir='ltr'><strong>ιβ’</strong></span> <span class='ocrx_word' id='word_1_650' title='bbox 2731 4441 2824 4498; x_wconf 75' lang='grc' dir='ltr'><strong>καὶ</strong></span> <span class='ocrx_word' id='word_1_651' title='bbox 2858 4458 2936 4514; x_wconf 76' lang='grc' dir='ltr'><strong>⁴ς.</strong></span> 
     </span>
    </p>
   </div>
   <div class='ocr_carea' id='block_1_89' title="bbox 569 4521 2140 4604">
    <p class='ocr_par' dir='ltr' id='par_1_89' title="bbox 569 4521 2140 4604">
     <span class='ocr_line' id='line_1_89' title="bbox 569 4521 2140 4604; baseline -0.01 -16"><span class='ocrx_word' id='word_1_652' title='bbox 569 4541 730 4588; x_wconf 76' lang='lat' dir='ltr'><strong>teme</strong></span> <span class='ocrx_word' id='word_1_653' title='bbox 757 4545 924 4604; x_wconf 89' lang='lat' dir='ltr'><strong>supra</strong></span> <span class='ocrx_word' id='word_1_654' title='bbox 959 4529 1248 4593; x_wconf 79' lang='lat' dir='ltr'><strong>ﬁnitorem,</strong></span> <span class='ocrx_word' id='word_1_655' title='bbox 1282 4527 1541 4598; x_wconf 87' lang='lat' dir='ltr'><strong>scrupula</strong></span> <span class='ocrx_word' id='word_1_656' title='bbox 1559 4525 1662 4591; x_wconf 78' lang='lat'><strong>50,</strong></span> <span class='ocrx_word' id='word_1_657' title='bbox 1694 4521 1994 4580; x_wconf 89' lang='lat' dir='ltr'><strong>stadiorum</strong></span> <span class='ocrx_word' id='word_1_658' title='bbox 2008 4533 2140 4574; x_wconf 88' lang='lat' dir='ltr'><strong>vero</strong></span> 
     </span>
    </p>
   </div>
   <div class='ocr_carea' id='block_1_90' title="bbox 571 4627 2144 4791">
    <p class='ocr_par' dir='ltr' id='par_1_90' title="bbox 571 4627 2144 4791">
     <span class='ocr_line' id='line_1_90' title="bbox 571 4627 2144 4791; baseline -0.011 -13"><span class='ocrx_word' id='word_1_659' title='bbox 571 4627 902 4777; x_wconf 43' lang='lat' dir='ltr'><strong>123:1:th</strong></span> <span class='ocrx_word' id='word_1_660' title='bbox 930 4688 1024 4791; x_wconf 89' lang='lat' dir='ltr'><strong>qui</strong></span> <span class='ocrx_word' id='word_1_661' title='bbox 1055 4717 1111 4772; x_wconf 92' lang='lat' dir='ltr'><strong>in</strong></span> <span class='ocrx_word' id='word_1_662' title='bbox 1146 4713 1336 4772; x_wconf 88' lang='lat' dir='ltr'><strong>eodem</strong></span> <span class='ocrx_word' id='word_1_663' title='bbox 1367 4712 1573 4784; x_wconf 83' lang='lat' dir='ltr'><strong>degunt</strong></span> <span class='ocrx_word' id='word_1_664' title='bbox 1620 4707 2003 4781; x_wconf 72' lang='lat' dir='ltr'><strong>hemisphaerio</strong></span> <span class='ocrx_word' id='word_1_665' title='bbox 2042 4705 2144 4762; x_wconf 87' lang='lat' dir='ltr'><strong>bo-</strong></span> 
     </span>
    </p>
   </div>
   <div class='ocr_carea' id='block_1_91' title="bbox 568 4799 2144 4882">
    <p class='ocr_par' dir='ltr' id='par_1_91' title="bbox 568 4799 2144 4882">
     <span class='ocr_line' id='line_1_91' title="bbox 568 4799 2144 4882; baseline -0.01 -14"><span class='ocrx_word' id='word_1_666' title='bbox 568 4813 743 4870; x_wconf 83' lang='lat' dir='ltr'><strong>reales</strong></span> <span class='ocrx_word' id='word_1_667' title='bbox 782 4813 1179 4882; x_wconf 87' lang='lat' dir='ltr'><strong>australesque,</strong></span> <span class='ocrx_word' id='word_1_668' title='bbox 1224 4809 1482 4864; x_wconf 92' lang='lat' dir='ltr'><strong>dicuntur</strong></span> <span class='ocrx_word' id='word_1_669' title='bbox 1526 4802 1893 4868; x_wconf 87' lang='lat' dir='ltr'><strong>antichtones,</strong></span> <span class='ocrx_word' id='word_1_670' title='bbox 1946 4799 2040 4871; x_wconf 90' lang='lat' dir='ltr'><strong>qui</strong></span> <span class='ocrx_word' id='word_1_671' title='bbox 2085 4799 2144 4853; x_wconf 87' lang='lat' dir='ltr'><strong>in</strong></span> 
     </span>
    </p>
   </div>
   <div class='ocr_carea' id='block_1_92' title="bbox 571 4888 2145 4974">
    <p class='ocr_par' dir='ltr' id='par_1_92' title="bbox 571 4888 2145 4974">
     <span class='ocr_line' id='line_1_92' title="bbox 571 4888 2145 4974; baseline -0.009 -16"><span class='ocrx_word' id='word_1_672' title='bbox 571 4903 785 4959; x_wconf 88' lang='lat' dir='ltr'><strong>duobus</strong></span> <span class='ocrx_word' id='word_1_673' title='bbox 814 4899 1216 4974; x_wconf 84' lang='lat' dir='ltr'><strong>hemisphaeriis</strong></span> <span class='ocrx_word' id='word_1_674' title='bbox 1261 4910 1430 4968; x_wconf 89' lang='lat' dir='ltr'><strong>supra</strong></span> <span class='ocrx_word' id='word_1_675' title='bbox 1456 4893 1708 4962; x_wconf 81' lang='lat' dir='ltr'><strong>infraque</strong></span> <span class='ocrx_word' id='word_1_676' title='bbox 1736 4899 1962 4956; x_wconf 87' lang='lat' dir='ltr'><strong>terram,</strong></span> <span class='ocrx_word' id='word_1_677' title='bbox 2001 4888 2145 4945; x_wconf 90' lang='lat' dir='ltr'><strong>anti-</strong></span> 
     </span>
    </p>
   </div>
   <div class='ocr_carea' id='block_1_93' title="bbox 575 4995 766 5052">
    <p class='ocr_par' dir='ltr' id='par_1_93' title="bbox 575 4995 766 5052">
     <span class='ocr_line' id='line_1_93' title="bbox 575 4995 766 5052; baseline 0.01 -2"><span class='ocrx_word' id='word_1_678' title='bbox 575 4995 766 5052; x_wconf 69' lang='lat' dir='ltr'><strong>I\odes.</strong></span> 
     </span>
    </p>
   </div>
   <div class='ocr_carea' id='block_1_94' title="bbox 647 5097 2071 5177">
    <p class='ocr_par' dir='ltr' id='par_1_94' title="bbox 647 5097 2071 5177">
     <span class='ocr_line' id='line_1_94' title="bbox 647 5097 2071 5177; baseline -0.006 -16"><span class='ocrx_word' id='word_1_679' title='bbox 647 5107 934 5177; x_wconf 76' lang='lat' dir='ltr'><strong>Catalogus</strong></span> <span class='ocrx_word' id='word_1_680' title='bbox 963 5104 1316 5177; x_wconf 48' lang='lat' dir='ltr'><strong>scriptorum,</strong></span> <span class='ocrx_word' id='word_1_681' title='bbox 1329 5100 1420 5172; x_wconf 87' lang='lat' dir='ltr'><strong>qui</strong></span> <span class='ocrx_word' id='word_1_682' title='bbox 1439 5100 1662 5154; x_wconf 82' lang='lat' dir='ltr'><strong>Aratum</strong></span> <span class='ocrx_word' id='word_1_683' title='bbox 1677 5097 2071 5154; x_wconf 75' lang='lat' dir='ltr'><strong>commentariis</strong></span> 
     </span>
    </p>
   </div>
   <div class='ocr_carea' id='block_1_95' title="bbox 1101 5172 1612 5227">
    <p class='ocr_par' dir='ltr' id='par_1_95' title="bbox 1101 5172 1612 5227">
     <span class='ocr_line' id='line_1_95' title="bbox 1101 5172 1612 5227; baseline 0.002 -1"><span class='ocrx_word' id='word_1_684' title='bbox 1101 5175 1210 5227; x_wconf 76' lang='lat' dir='ltr'><strong>suis</strong></span> <span class='ocrx_word' id='word_1_685' title='bbox 1257 5172 1612 5227; x_wconf 78' lang='lat' dir='ltr'><strong>illustrarunt.</strong></span> 
     </span>
    </p>
   </div>
   <div class='ocr_carea' id='block_1_96' title="bbox 791 5287 1296 5346">
    <p class='ocr_par' dir='ltr' id='par_1_96' title="bbox 791 5287 1296 5346">
     <span class='ocr_line' id='line_1_96' title="bbox 791 5287 1296 5346; baseline -0.012 0"><span class='ocrx_word' id='word_1_686' title='bbox 791 5289 1003 5346; x_wconf 83' lang='lat' dir='ltr'><strong>Attalus</strong></span> <span class='ocrx_word' id='word_1_687' title='bbox 1030 5287 1296 5344; x_wconf 85' lang='lat' dir='ltr'><strong>Rhodius.</strong></span> 
     </span>
    </p>
   </div>
   <div class='ocr_carea' id='block_1_97' title="bbox 790 5357 1408 5415">
    <p class='ocr_par' dir='ltr' id='par_1_97' title="bbox 790 5357 1408 5415">
     <span class='ocr_line' id='line_1_97' title="bbox 790 5357 1408 5415; baseline -0.005 -1"><span class='ocrx_word' id='word_1_688' title='bbox 790 5359 1142 5415; x_wconf 82' lang='lat' dir='ltr'><strong>Aristarchus</strong></span> <span class='ocrx_word' id='word_1_689' title='bbox 1171 5357 1408 5413; x_wconf 86' lang='lat' dir='ltr'><strong>Samius.</strong></span> 
     </span>
    </p>
   </div>
   <div class='ocr_carea' id='block_1_98' title="bbox 788 5429 1416 5499">
    <p class='ocr_par' dir='ltr' id='par_1_98' title="bbox 788 5429 1416 5499">
     <span class='ocr_line' id='line_1_98' title="bbox 788 5429 1416 5499; baseline -0.003 -15"><span class='ocrx_word' id='word_1_690' title='bbox 788 5429 1101 5499; x_wconf 82' lang='lat' dir='ltr'><strong>Apollonius</strong></span> <span class='ocrx_word' id='word_1_691' title='bbox 1126 5434 1416 5499; x_wconf 76' lang='lat' dir='ltr'><strong>geometra.</strong></span> 
     </span>
    </p>
   </div>
   <div class='ocr_carea' id='block_1_99' title="bbox 789 5497 1514 5570">
    <p class='ocr_par' dir='ltr' id='par_1_99' title="bbox 789 5497 1514 5570">
     <span class='ocr_line' id='line_1_99' title="bbox 789 5497 1514 5570; baseline -0.006 -17"><span class='ocrx_word' id='word_1_692' title='bbox 789 5497 1091 5570; x_wconf 76' lang='lat' dir='ltr'><strong>Antigonus</strong></span> <span class='ocrx_word' id='word_1_693' title='bbox 1111 5497 1514 5569; x_wconf 77' lang='lat' dir='ltr'><strong>grammaticus.</strong></span> 
     </span>
    </p>
   </div>
   <div class='ocr_carea' id='block_1_100' title="bbox 2315 4694 3736 4776">
    <p class='ocr_par' dir='ltr' id='par_1_100' title="bbox 2315 4694 3736 4776">
     <span class='ocr_line' id='line_1_100' title="bbox 2315 4694 3736 4776; baseline -0.012 -11"><span class='ocrx_word' id='word_1_694' title='bbox 2315 4707 2621 4764; x_wconf 83' lang='grc' dir='ltr'>Καλοῦνται</span> <span class='ocrx_word' id='word_1_695' title='bbox 2670 4705 2728 4760; x_wconf 79' lang='grc' dir='ltr'>δὲ</span> <span class='ocrx_word' id='word_1_696' title='bbox 2781 4705 2858 4773; x_wconf 75' lang='grc' dir='ltr'><strong>οἱ]</strong></span> <span class='ocrx_word' id='word_1_697' title='bbox 2892 4703 2989 4776; x_wconf 82' lang='grc' dir='ltr'><strong>μὲν</strong></span> <span class='ocrx_word' id='word_1_698' title='bbox 3027 4700 3119 4755; x_wconf 75' lang='grc' dir='ltr'><strong>ἐπὶ</strong></span> <span class='ocrx_word' id='word_1_699' title='bbox 3147 4701 3242 4755; x_wconf 91' lang='grc' dir='ltr'><strong>τοῦ</strong></span> <span class='ocrx_word' id='word_1_700' title='bbox 3267 4699 3435 4756; x_wconf 76' lang='grc' dir='ltr'>αὐτοῦ</span> <span class='ocrx_word' id='word_1_701' title='bbox 3459 4694 3736 4772; x_wconf 70' lang='grc' dir='ltr'>ἡμισφαιρὲσά</span> 
     </span>
    </p>
   </div>
   <div class='ocr_carea' id='block_1_101' title="bbox 2248 4788 3734 4875">
    <p class='ocr_par' dir='ltr' id='par_1_101' title="bbox 2248 4788 3734 4875">
     <span class='ocr_line' id='line_1_101' title="bbox 2248 4788 3734 4875; baseline -0.01 -17"><span class='ocrx_word' id='word_1_702' title='bbox 2248 4801 2448 4875; x_wconf 78' lang='grc' dir='ltr'>βόρειοι</span> <span class='ocrx_word' id='word_1_703' title='bbox 2478 4819 2537 4856; x_wconf 87' lang='grc' dir='ltr'><strong>τε</strong></span> <span class='ocrx_word' id='word_1_704' title='bbox 2555 4801 2648 4856; x_wconf 64' lang='grc' dir='ltr'><strong>καί</strong></span> <span class='ocrx_word' id='word_1_705' title='bbox 2666 4818 2754 4854; x_wconf 81' lang='grc' dir='ltr'><strong>νοτ</strong></span> <span class='ocrx_word' id='word_1_706' title='bbox 2762 4797 2882 4852; x_wconf 88' lang='grc' dir='ltr'>ιώτε</span> <span class='ocrx_word' id='word_1_707' title='bbox 2890 4814 2970 4870; x_wconf 89' lang='grc' dir='ltr'><strong>ροι</strong></span> <span class='ocrx_word' id='word_1_708' title='bbox 2992 4796 3369 4860; x_wconf 84' lang='grc' dir='ltr'>κατοικοῦντες</span> <span class='ocrx_word' id='word_1_709' title='bbox 3389 4793 3678 4865; x_wconf 81' lang='grc' dir='ltr'>αὐτόχθονες</span> <span class='ocrx_word' id='word_1_710' title='bbox 3692 4788 3734 4817; x_wconf 85' lang='grc'><strong>³¹’</strong></span> 
     </span>
    </p>
   </div>
   <div class='ocr_carea' id='block_1_102' title="bbox 2245 4874 3761 4967">
    <p class='ocr_par' dir='ltr' id='par_1_102' title="bbox 2245 4874 3761 4967">
     <span class='ocr_line' id='line_1_102' title="bbox 2245 4874 3761 4967; baseline -0.012 -16"><span class='ocrx_word' id='word_1_711' title='bbox 2245 4900 2296 4951; x_wconf 84' lang='grc' dir='ltr'><strong>οἱ</strong></span> <span class='ocrx_word' id='word_1_712' title='bbox 2317 4874 2384 4951; x_wconf 84' lang='grc' dir='ltr'>δὲ</span> <span class='ocrx_word' id='word_1_713' title='bbox 2413 4897 2497 4967; x_wconf 77' lang='grc' dir='ltr'><strong>ἐφ’</strong></span> <span class='ocrx_word' id='word_1_714' title='bbox 2521 4893 2782 4965; x_wconf 80' lang='grc' dir='ltr'>ἑκατέρου</span> <span class='ocrx_word' id='word_1_715' title='bbox 2807 4890 2915 4946; x_wconf 85' lang='grc' dir='ltr'>τῶν</span> <span class='ocrx_word' id='word_1_716' title='bbox 2946 4887 3316 4962; x_wconf 71' lang='grc' dir='ltr'>ἡμισφαιρίων</span> <span class='ocrx_word' id='word_1_717' title='bbox 3341 4887 3485 4958; x_wconf 76' lang='grc' dir='ltr'>ὑπὲρ</span> <span class='ocrx_word' id='word_1_718' title='bbox 3505 4887 3599 4957; x_wconf 82' lang='grc' dir='ltr'><strong>γῆν</strong></span> <span class='ocrx_word' id='word_1_719' title='bbox 3619 4900 3667 4937; x_wconf 84' lang='grc' dir='ltr'><strong>τε</strong></span> <span class='ocrx_word' id='word_1_720' title='bbox 3686 4874 3736 4932; x_wconf 66' lang='grc' dir='ltr'><strong>καὶ</strong></span> <span class='ocrx_word' id='word_1_721' title='bbox 3760 4911 3761 4916; x_wconf 60' lang='grc' dir='ltr'><strong>η</strong></span> 
     </span>
    </p>
   </div>
   <div class='ocr_carea' id='block_1_103' title="bbox 2247 4985 2811 5060">
    <p class='ocr_par' dir='ltr' id='par_1_103' title="bbox 2247 4985 2811 5060">
     <span class='ocr_line' id='line_1_103' title="bbox 2247 4985 2811 5060; baseline -0.011 -15"><span class='ocrx_word' id='word_1_722' title='bbox 2247 4989 2352 5044; x_wconf 82' lang='grc' dir='ltr'><strong>ὑπὸ</strong></span> <span class='ocrx_word' id='word_1_723' title='bbox 2370 4991 2473 5060; x_wconf 81' lang='grc' dir='ltr'>γῆν</span> <span class='ocrx_word' id='word_1_724' title='bbox 2508 4985 2811 5049; x_wconf 85' lang='grc' dir='ltr'>ἀντίποδες.</span> 
     </span>
    </p>
   </div>
   <div class='ocr_carea' id='block_1_104' title="bbox 2465 5089 3592 5166">
    <p class='ocr_par' dir='ltr' id='par_1_104' title="bbox 2465 5089 3592 5166">
     <span class='ocr_line' id='line_1_104' title="bbox 2465 5089 3592 5166; baseline -0.007 -13"><span class='ocrx_word' id='word_1_725' title='bbox 2465 5102 2529 5154; x_wconf 79' lang='grc' dir='ltr'><strong>οι</strong></span> <span class='ocrx_word' id='word_1_726' title='bbox 2555 5095 2687 5166; x_wconf 81' lang='grc' dir='ltr'>περὶ</span> <span class='ocrx_word' id='word_1_727' title='bbox 2709 5093 2816 5150; x_wconf 82' lang='grc' dir='ltr'><strong>τοῦ</strong></span> <span class='ocrx_word' id='word_1_728' title='bbox 2846 5091 3091 5162; x_wconf 79' lang='grc' dir='ltr'>ποιητοῦ</span> <span class='ocrx_word' id='word_1_729' title='bbox 3118 5089 3558 5160; x_wconf 76' lang='grc' dir='ltr'>συνταξάμενοι</span> <span class='ocrx_word' id='word_1_730' title='bbox 3578 5103 3592 5117; x_wconf 83' lang='lat'>&#39;</span> 
     </span>
    </p>
   </div>
   <div class='ocr_carea' id='block_1_105' title="bbox 2459 5271 2976 5339">
    <p class='ocr_par' dir='ltr' id='par_1_105' title="bbox 2459 5271 2976 5339">
     <span class='ocr_line' id='line_1_105' title="bbox 2459 5271 2976 5339; baseline -0.015 -8"><span class='ocrx_word' id='word_1_731' title='bbox 2459 5275 2720 5339; x_wconf 78' lang='grc' dir='ltr'>’Ἄτταλος</span> <span class='ocrx_word' id='word_1_732' title='bbox 2761 5271 2976 5335; x_wconf 87' lang='grc' dir='ltr'>Ῥόδιος.</span> 
     </span>
    </p>
   </div>
   <div class='ocr_carea' id='block_1_106' title="bbox 2466 5342 3070 5416">
    <p class='ocr_par' dir='ltr' id='par_1_106' title="bbox 2466 5342 3070 5416">
     <span class='ocr_line' id='line_1_106' title="bbox 2466 5342 3070 5416; baseline -0.026 2"><span class='ocrx_word' id='word_1_733' title='bbox 2466 5347 2819 5416; x_wconf 55' lang='grc' dir='ltr'>Ἀρίσταιρχος</span> <span class='ocrx_word' id='word_1_734' title='bbox 2852 5342 3070 5416; x_wconf 49' lang='grc' dir='ltr'>Σάμιος.</span> 
     </span>
    </p>
   </div>
   <div class='ocr_carea' id='block_1_107' title="bbox 2467 5410 3179 5480">
    <p class='ocr_par' dir='ltr' id='par_1_107' title="bbox 2467 5410 3179 5480">
     <span class='ocr_line' id='line_1_107' title="bbox 2467 5410 3179 5480; baseline -0.01 -11"><span class='ocrx_word' id='word_1_735' title='bbox 2467 5410 2815 5474; x_wconf 76' lang='grc' dir='ltr'>Ἀπολλώνιος</span> <span class='ocrx_word' id='word_1_736' title='bbox 2846 5410 3179 5480; x_wconf 82' lang='grc' dir='ltr'>γεωμέτρης.</span> 
     </span>
    </p>
   </div>
   <div class='ocr_carea' id='block_1_108' title="bbox 2468 5479 3198 5554">
    <p class='ocr_par' dir='ltr' id='par_1_108' title="bbox 2468 5479 3198 5554">
     <span class='ocr_line' id='line_1_108' title="bbox 2468 5479 3198 5554; baseline -0.014 -14"><span class='ocrx_word' id='word_1_737' title='bbox 2468 5485 2766 5554; x_wconf 78' lang='grc' dir='ltr'>Ἀντίγονος</span> <span class='ocrx_word' id='word_1_738' title='bbox 2801 5479 3198 5552; x_wconf 82' lang='grc' dir='ltr'>γραμματικός.</span> 
     </span>
    </p>
   </div>
   <div class='ocr_carea' id='block_1_109' title="bbox 655 5659 2131 5752">
    <p class='ocr_par' dir='ltr' id='par_1_109' title="bbox 655 5676 2131 5752">
     <span class='ocr_line' id='line_1_109' title="bbox 655 5676 2131 5752; baseline -0.006 -11"><span class='ocrx_word' id='word_1_739' title='bbox 655 5683 702 5717; x_wconf 71' lang='grc' dir='ltr'><strong>’τ</strong></span> <span class='ocrx_word' id='word_1_740' title='bbox 733 5681 859 5740; x_wconf 85' lang='lat' dir='ltr'><strong>Cor.</strong></span> <span class='ocrx_word' id='word_1_741' title='bbox 899 5682 1273 5752; x_wconf 84' lang='grc' dir='ltr'>ἀνταρκτικόν.</span> <span class='ocrx_word' id='word_1_742' title='bbox 1347 5683 1392 5716; x_wconf 73' lang='grc'>⁸⁸</span> <span class='ocrx_word' id='word_1_743' title='bbox 1422 5681 1540 5739; x_wconf 87' lang='lat' dir='ltr'><strong>Imo</strong></span> <span class='ocrx_word' id='word_1_744' title='bbox 1566 5677 1838 5736; x_wconf 85' lang='grc' dir='ltr'>ἀπλανῶν.</span> <span class='ocrx_word' id='word_1_745' title='bbox 1911 5679 1957 5713; x_wconf 83' lang='grc'><strong>²⁹</strong></span> <span class='ocrx_word' id='word_1_746' title='bbox 1991 5676 2131 5734; x_wconf 67' lang='lat' dir='ltr'><strong>Post:</strong></span> 
     </span>
    </p>
   </div>
   <div class='ocr_carea' id='block_1_110' title="bbox 2238 5659 3582 5752">
    <p class='ocr_par' dir='ltr' id='par_1_110' title="bbox 2264 5659 3582 5738">
     <span class='ocr_line' id='line_1_110' title="bbox 2264 5659 3582 5738; baseline -0.012 -10"><span class='ocrx_word' id='word_1_747' title='bbox 2264 5673 2402 5731; x_wconf 84' lang='lat' dir='ltr'><strong>ratio</strong></span> <span class='ocrx_word' id='word_1_748' title='bbox 2428 5670 2537 5738; x_wconf 66' lang='lat' dir='ltr'><strong>,aa’.</strong></span> <span class='ocrx_word' id='word_1_749' title='bbox 2611 5670 2658 5703; x_wconf 75' lang='grc' dir='ltr'><strong>³ο</strong></span> <span class='ocrx_word' id='word_1_750' title='bbox 2691 5666 2808 5726; x_wconf 79' lang='lat' dir='ltr'><strong>Ima</strong></span> <span class='ocrx_word' id='word_1_751' title='bbox 2835 5663 2958 5722; x_wconf 83' lang='grc' dir='ltr'>ὑπό.</span> <span class='ocrx_word' id='word_1_752' title='bbox 3033 5662 3075 5696; x_wconf 77' lang='grc'><em>³³</em></span> <span class='ocrx_word' id='word_1_753' title='bbox 3102 5661 3228 5719; x_wconf 84' lang='lat' dir='ltr'><strong>Cor.</strong></span> <span class='ocrx_word' id='word_1_754' title='bbox 3258 5659 3582 5732; x_wconf 82' lang='grc' dir='ltr'>ἀντίχθονες.</span> 
     </span>
    </p>
   </div>
  </div>
