3800 6354
576 332 718 388 1155

1585 329 1930 388 ΑΡΡΕΝΒΙΧ
1956 328 2049 385 AD
2084 324 2354 384 EUSEBII
2385 325 2800 385 CHRONICON.

3639 331 3742 387 “56

575 459 632 506 et
661 450 787 508 Sais
811 452 942 514 urbs
962 459 1046 508 est
1067 451 1121 505 in
1152 449 1404 516 Thracia,
1430 451 1503 518 ei,
1531 467 1654 522 qua:
1675 457 1759 506 est
1788 451 1844 504 in
1865 449 2119 521 Egypto,

2235 464 2321 518 μσς
2350 448 2408 500 ἐν
2455 446 2733 517 Αἰγύπτῳ.
2780 445 2916 499 Ἀλλ’
2937 445 3044 500 ἀπὸ
3084 445 3182 516 μὲν
3223 445 3324 516 τῆς
3349 446 3412 499 ἐν
3442 447 3684 520 Αἰγύπτῳ
3706 453 3738 503 oi

576 545 935 615 cognominis.
974 542 1077 598 Sed
1101 543 1168 597 ab
1194 541 1465 614 Egyptia,
1501 540 1665 597 Saitae
1697 561 1711 597 :
1742 543 1810 596 ab
1848 541 2127 596 Threcen-

578 635 648 701 si,
681 634 794 689 Saii
821 635 965 689 cives
995 635 1361 697 nominantur,
1393 643 1450 687 ut
1475 640 1705 688 testatur
1723 633 2084 688 Archilochus
2109 651 2122 687 :

579 746 768 816 Clypeo
787 745 992 815 quidem
1017 745 1263 800 Saiorum
1293 747 1485 815 aliquis
1514 747 1826 817 gloriatur;
1859 763 2008 816 quem
2057 745 2126 800 ad

649 815 658 816 “
1518 815 1528 817 ἡ
1785 815 2059 886 [frutetum

578 883 728 938 Intus
751 883 1070 952 inculpatum
1099 885 1284 955 reliqui
1307 885 1574 954 ingratiis.

575 995 783 1054 Rursus
824 998 1044 1053 Athena:
1096 999 1214 1052 alia;
1258 1005 1385 1053 sunt
1421 999 1476 1053 in
1516 997 1714 1068 Attica,
1752 999 1874 1055 alia:
1925 999 1980 1053 in
2020 999 2128 1053 Eu-

575 1089 724 1156 boea;
742 1105 969 1160 quarum
985 1090 1227 1149 meminit
1243 1090 1298 1144 in
1313 1089 1510 1144 Glauco
1527 1092 1788 1146 maritimo
1801 1090 2088 1163 Eschylus
2110 1108 2124 1145 :

574 1284 778 1342 Exinde
801 1287 1030 1343 Athenas
1061 1289 1260 1344 Daidas
1283 1306 1311 1343 e
1339 1288 1544 1345 Persis.

572 1396 774 1453 Verum
826 1400 895 1455 ab
946 1401 1175 1457 Athenis
1222 1403 1437 1468 Atticis,
1487 1403 1868 1473 Athenienses,
1904 1405 1971 1460 ab
2019 1404 2129 1459 Eu-

571 1489 885 1545 bmensibus
927 1491 1204 1548 Athenetae
1241 1495 1698 1566 cognominantur
1729 1514 1743 1550 :
1771 1503 1832 1549 ut
1873 1496 1928 1550 in
1957 1497 2131 1566 primo

573 1577 912 1650 Geographiae
933 1583 1073 1638 libro
1097 1591 1287 1639 auctor
1308 1595 1392 1640 est
1417 1584 1828 1642 Eratosthenes.
1851 1585 1939 1641 Sic
1966 1587 2132 1658 igitur

571 1670 640 1724 ab
661 1669 825 1736 Solis,
875 1674 968 1743 qui
999 1684 1124 1729 sunt
1152 1675 1207 1729 in
1233 1677 1446 1741 Cilicia,
1496 1677 1751 1732 Solenses
1777 1695 1790 1731 :
1822 1679 1890 1734 ab
1935 1679 2004 1733 iis
2034 1679 2129 1748 qui

2226 536 2438 590 πολῖται
2468 535 2655 590 Σαῗται
2683 534 2989 602 καλοῦνται,
3041 537 3088 589 οἱ
3125 535 3182 588 δὲ
3219 536 3318 606 τῆς
3341 535 3566 608 Θρᾴκης
3597 538 3738 592 Σὰῐοι·

2225 625 2301 688 ὡς
2344 627 2437 679 καὶ
2472 625 2777 696 Ἀρχίλσχός
2805 642 2966 696 φησιν
2996 642 3009 654 ⁸

2238 739 2462 794 Ἀσπίδι
2471 739 2588 809 μὲν
2607 740 2796 794 Σαΐων
2817 757 2906 806 τις
2917 739 3235 809 ἀγάλλεται
3249 753 3266 770 ο
3293 737 3376 806 ἢν
3401 740 3563 808 παρὰ
3586 741 3740 810 θάμνῳ

2345 873 2551 941 Ἐντὸς
2581 874 2897 943 ἀμώμητον
2932 872 3248 936 κάλλιπον,
3275 873 3388 925 οὐκ
3413 871 3642 927 ἐθέλων.

2225 989 2336 1042 Καὶ
2370 987 2529 1042 πάλιν
2564 985 2783 1056 ’Δθῆναι
2831 984 2926 1056 μέν
2966 986 3070 1037 είσι
3112 983 3212 1054 τῆς
3271 983 3553 1054 Ἀττικῆς·
3586 986 3674 1036 elei
3703 985 3743 1037 ἃ

2178 1071 2182 1075 ’
2226 1079 2446 1149 καὶτῆς
2476 1078 2704 1142 Εὐϐοίας
2735 1079 2801 1132 ³³.
2842 1077 3136 1148 Ἀθηναίων
3179 1075 3399 1138 Δαῖδαις
3435 1075 3680 1147 μέμνηται
3703 1079 3744 1128 ὲν

2227 1172 2479 1239 Γλαύκῳ
2507 1171 2727 1237 ποντίῳ
2753 1168 3012 1239 Αἰσχύλος

2225 1283 2460 1338 Κᾶπειτ’
2495 1282 2737 1350 Ἀθήνας
2757 1280 2970 1346 Δὰτδας
3004 1280 3139 1350 παρ’
3177 1280 3246 1334 ἐκ
3280 1279 3548 1348 Περσῶν.

2240 1397 2378 1449 Ἀλλ’
2402 1397 2509 1449 ἀπὸ
2546 1395 2654 1448 τῶν
2703 1395 2760 1448 ἐν
2789 1396 2857 1465 τῇ
2907 1394 3122 1464 Ἀττικῇ
3153 1393 3204 1445 οἱ
3237 1392 3454 1444 πολῖται
3502 1389 3741 1461 Ἀθηναῖοι,

2227 1488 2336 1542 ἀπὸ
2362 1488 2416 1541 δὲ
2449 1487 2556 1542 τῶν
2603 1490 2661 1542 ἐν
2699 1486 2900 1556 Εὐϐοία
2953 1484 3245 1555 Ἀθηνῆται
3282 1483 3558 1552 λέγονταιο
3598 1481 3744 1550 ὥσπερ

2242 1579 2629 1651 Ἐρατοσθένης
2669 1578 2831 1649 φησιν
2870 1579 2927 1628 ὲν
2964 1574 3041 1646 τῷ
3088 1573 3289 1645 πρώτῳ
3338 1571 3746 1642 Γεωγραφουμέ-

2230 1687 2367 1724 νων.
2409 1669 2592 1732 Οὕτως
2640 1664 2731 1722 οὖν
2762 1667 2854 1722 καὶ
2885 1666 2994 1721 ἀπὸ
3023 1665 3132 1719 τῶν
3161 1667 3220 1717 ὲν
3251 1664 3480 1734 Κιλικίᾳ.
3523 1663 3674 1715 Σόλων
3708 1663 3744 1712 οἱ

571 1770 699 1817 sunt
726 1764 783 1818 in
802 1762 1000 1835 Cypro,
1027 1765 1158 1820 Solii
1181 1769 1554 1822 nominantur.
1600 1768 1804 1823 [lorum
1830 1769 2032 1825 mentio
2069 1774 2125 1824 οι

2235 1761 2440 1814 πολῖται
2462 1761 2639 1826 Σολεῖς
2657 1777 2671 1790 ο
2694 1759 2799 1813 ἀπὸ
2823 1759 2879 1812 δὲ
2905 1757 3012 1811 τῶν
3034 1761 3092 1811 ὲν
3111 1757 3322 1828 Κύπρῳ
3351 1756 3544 1808 Σόλιοι.
3577 1755 3749 1823 Μέμνῃ.

571 1867 603 1905 a
631 1851 828 1910 Solone
857 1855 914 1910 in
957 1855 1176 1928 Elegiis,
1230 1873 1366 1928 quas
1412 1859 1480 1914 ad
1529 1859 1896 1930 Cypranorem
1943 1876 2124 1931 regem

572 1944 795 2014 scripsit
825 1963 839 1999 :
871 1945 966 2015 qui
995 1945 1061 2000 de
1088 1945 1304 2004 Solonis
1337 1949 1568 2004 consilio
1596 1964 1722 2003 cum
1752 1950 1940 2005 urbem
1998 1966 2131 2006 con-

572 2030 825 2097 didisset,
874 2049 994 2088 eam
1041 2035 1096 2088 in
1125 2035 1290 2106 hujus
1323 2039 1552 2108 gratiam
1595 2037 1752 2094 Solos
1795 2041 2128 2110 appellavit:

574 2130 635 2176 nt
663 2138 762 2192 pro
791 2122 918 2178 dato
953 2126 1182 2181 consilio
1206 2127 1260 2182 id
1287 2129 1337 2184 ei
1365 2129 1591 2185 honoris
1620 2130 1900 2186 tribueret.
1959 2129 2132 2188 Verba

576 2209 791 2267 Solonis
819 2213 1086 2283 ejusmodi
1117 2222 1241 2270 sunt
1265 2234 1280 2272 :

574 2323 732 2380 Nunc
760 2343 875 2382 vero
904 2338 959 2382 tu
989 2330 1194 2402 quidem
1218 2332 1357 2403 apud
1385 2333 1558 2388 Salios
1599 2334 1692 2389 diu
1722 2335 1841 2390 istic
1881 2351 2127 2406 regnans,

656 2462 807 2518 Hanc
826 2467 1005 2522 urbem
1031 2467 1254 2541 incolas,
1286 2461 1739 2541 genusque‘tuum.

573 2531 802 2611 lle-uero
824 2552 940 2590 cum
979 2541 1100 2611 naui
1131 2531 1508 2611 celeri'inclyla
1541 2541 1604 2594 ab
1641 2541 1822 2595 insula

641 2601 963 2661 Incolumem
985 2607 1206 2663 deducat
1227 2601 1576 2680 Cypris'viola
1604 2612 1871 2666 redimita.

648 2715 794 2770 Vixit
819 2717 1019 2774 Aratus
1043 2720 1146 2776 sub
1176 2721 1448 2792 Antigono
1489 2720 1819 2777 Macedoniae
1843 2737 1999 2802 “rege,
2040 2727 2128 2792 qui

571 2809 810 2866 Gonatas
833 2818 924 2866 est
952 2811 1154 2878 dictus,
1199 2811 1457 2868 Demetrii
1497 2812 1816 2869 Poliorceta:
1853 2814 1982 2878 tilio,
2035 2813 2130 2884 qui

575 2915 796 2954 uxorem
819 2901 1008 2956 habuit
1039 2900 1273 2966 Philam,
1309 2899 1540 2958 Seleuco
1563 2913 1616 2958 et
1644 2902 1953 2957 Stratonica
1982 2903 2132 2973 geni-

570 3001 700 3048 tam.
738 2991 840 3059 Qui
874 3009 996 3048 cum
1037 2993 1340 3048 litterarum
1373 2994 1653 3049 studiosus
1685 3003 1852 3060 esset,
1898 3009 2129 3064 praeser-

486 3130 492 3139 .
571 3085 776 3154 timque
797 3085 1020 3155 poeticae
1041 3084 1279 3150 deditus,
1311 3084 1458 3140 dedit
1480 3100 1722 3156 operam,
1750 3096 1808 3139 ut
1835 3100 1960 3139 cum
1994 3086 2130 3142 alios

2227 1873 2316 1908 ται
2350 1855 2407 1908 δὲ
2448 1854 2647 1908 τούτων
2684 1855 2856 1908 Σόλων
2889 1853 2947 1906 ὲν
2979 1854 3098 1915 ταῖς
3148 1851 3466 1919 Ἐλεγείαις
3503 1851 3610 1910 ταῖς
3643 1846 3746 1914 apii;

2229 1947 2560 2018 Κυπράνορα
2613 1946 2703 1999 τὸν
2752 1945 3008 2016 βασιλέα·
3065 1943 3159 2007 ὃς,
3217 1940 3625 2012 συμὸουλευθεξ
3668 1937 3748 1990 ὑπὸ

2230 2037 2462 2101 Σόλωνος
2483 2037 2666 2090 κτίσαι
2696 2036 2794 2107 τὴν
2836 2036 3007 2099 πόλιν,
3047 2035 3210 2106 χάριν
3241 2032 3336 2086 τοῦ
3378 2032 3565 2103 ἀνδρὸς
3594 2030 3748 2088 ﬁlo-1;

2229 2128 2541 2200 ὠνόμασεν·
2587 2127 2814 2199 ἀμοιϐὴν
2868 2126 3070 2197 ταύτην
3103 2124 3300 2195 νέμων
3341 2124 3443 2194 τῆς
3488 2119 3750 2192 συμδουὶ.ἧς

2229 2219 2398 2290 αὐτῷ.
2432 2219 2594 2288 Λέγει
2620 2219 2674 2272 δὲ
2701 2220 2728 2272 ὁ
2759 2217 2932 2272 Σόλων
2963 2215 3135 2279 οὕτως
3155 2233 3168 2248 ο

2228 2331 2358 2386 Νῦν
2391 2331 2460 2385 δὲ
2494 2331 2575 2386 σὺ
2598 2331 2736 2402 μὲν,
2783 2332 3049 2386 Σολίοισι
3083 2331 3279 2385 πολὺν
3326 2331 3546 2414 χρόζον

2303 2470 2488 2540 Τήνδε
2514 2473 2692 2525 πόλιν
2718 2471 2908 2538 ναίοις
2929 2472 3027 2525 καὶ
3050 2470 3222 2541 γένος
3245 2399 3752 2541 ὑμέτερὲῗρψσσωῆ

2227 2539 2422 2610 Αὐτὰρ
2453 2541 2557 2610 ἐμὲ
2579 2541 2693 2606 ξὺν
2721 2541 2824 2609 νηῒ
2873 2542 2983 2610 θοῇ
3010 2539 3256 2608 κλεινῆς
3283 2541 3405 2594 ἀπὸ
3432 2539 3614 2606 νήσου

2313 2611 2564 2680 Ἀσκηθῆ
2579 2611 2798 2681 πέμποι
2824 2613 3048 2681 Κύπρις
3078 2611 3458 2680 ἐυστέφανος.

2298 2725 2490 2794 Γέγονε
2513 2724 2571 2777 δὲ
2599 2726 2628 2778 ὁ
2653 2705 2886 2798 ’Ἄρατος
2918 2724 3056 2778 κατά
3114 2722 3417 2791 Ἀντίγονον
3451 2721 3537 2774 τὸν
3556 2720 3636 2789 τῆς
3652 2719 3759 2772 Μα-

2229 2817 2472 2880 κεδονίας
2508 2816 2752 2888 βασιλέα,
2805 2817 2865 2880 ὃς
2927 2815 3243 2870 ἐπεκαλεῖτο
3295 2815 3546 2875 Γονατᾶς.
3586 2808 3672 2864 Ἦν
3704 2810 3758 2861 δὲ

2232 2911 2346 2974 υίὸς
2392 2910 2701 2981 Δημητρίου
2729 2909 2825 2963 τοῦ
2867 2906 3235 2978 Πολιορκητοῦ
3261 2924 3276 2937 ·
3305 2908 3403 2959 καὶ
3430 2907 3637 2974 γυναῖκα
3656 2896 3756 2967 εἶχε

2229 3002 2390 3056 Φίλαν
2415 3003 2513 3072 τὴν
2539 3001 2799 3055 Σελεύκου
2830 3002 2924 3055 καὶ
2953 2999 3320 3072 Στρατονίκης
3364 2997 3634 3068 Θυγατέρα.
3660 2990 3760 3045 Ἠν

2229 3093 2286 3147 δὲ
2307 3092 2582 3163 φιλολόγος
2627 3092 2912 3162 γενόμενος
2933 3106 2948 3120 ο
2989 3091 3082 3143 καὶ
3114 3088 3243 3158 περὶ
3279 3085 3560 3157 ποιητικὴν
3593 3085 3762 3135 ἐσπου-

571 3177 875 3246 complures
906 3177 1047 3247 apud
1071 3193 1130 3232 se
1155 3176 1400 3232 eruditos
1427 3177 1650 3232 haberet
1697 3177 1967 3244 homines,
2014 3186 2129 3232 tum

2235 3157 2426 3249 δακὼς,
2457 3157 2584 3257 περὶ
2601 3157 2791 3237 πολλοδ
2810 3182 3101 3252 ἐποιήσατο
3116 3157 3346 3242 πολλοὺς
3377 3179 3473 3248 μὲν
3489 3177 3571 3230 καὶ
3594 3173 3763 3232 ἄλλους

570 3268 626 3323 in
647 3269 839 3340 primis
864 3271 1109 3326 Aratum.
1143 3268 1243 3326 Hic
1289 3270 1455 3340 igitur
1481 3269 1549 3324 ad
1581 3284 1763 3340 regem
1791 3284 1915 3323 cum
1947 3270 2131 3325 venis-

570 3369 672 3424 set,
704 3367 868 3430 atque
889 3370 942 3415 et
965 3361 1019 3414 in
1050 3361 1156 3415 alio
1193 3376 1391 3432 genere
1417 3360 1698 3426 doctrinae,
1731 3368 1784 3415 et
1819 3361 1876 3414 in
1925 3362 2133 3430 poetica

568 3453 804 3506 maxime
826 3467 947 3507 sese
974 3453 1052 3506 illi
1096 3454 1407 3523 probasset,
1457 3452 1743 3522 ipsiusmet
1771 3453 1993 3507 hortatu
2039 3470 2133 3510 re-

571 3543 654 3612 gis
688 3542 755 3596 ad
786 3544 1074 3599 scribenda
1097 3543 1448 3599 Phanomena
1464 3545 1705 3598 animum
1735 3543 1934 3614 adjecit
1963 3563 1978 3601 :
2012 3560 2135 3600 cum

572 3635 640 3688 ab
685 3634 874 3688 eodem
927 3633 1139 3688 Eudoxi
1184 3634 1384 3690 librum
1436 3635 1758 3704 accepisset,
1815 3634 1962 3704 quod
1994 3633 2138 3689 Eno-

570 3738 746 3793 ptrum
796 3727 1160 3794 inscribitur,
1214 3733 1442 3796 rogante
1491 3727 1569 3780 uti
1605 3742 1726 3796 qua:
1767 3726 1822 3780 in
1882 3742 1947 3783 eo
1998 3726 2135 3782 libro

574 3831 737 3888 prosa
785 3818 1032 3872 oratione
1064 3817 1268 3887 scripta
1296 3827 1503 3885 essent,
1552 3818 1804 3874 versibus
1845 3817 2136 3873 redderen-

574 3915 666 3961 tur
698 3925 712 3960 :
747 3921 810 3960 ac
849 3907 1010 3962 simul
1047 3906 1260 3962 dicente
1290 3927 1305 3961 :
1347 3906 1715 3978 Εὑδοξότερον,
1745 3905 1800 3960 id
1851 3915 1933 3963 est
1981 3907 2137 3980 149

575 3997 969 4067 gloriosiorem,
1038 4014 1103 4055 eo
1161 3997 1302 4053 facto
1362 3997 1666 4054 reddideris
1711 3997 1994 4053 Eudoxum
2023 4038 2039 4065 ,
2087 3999 2136 4058 si

575 4085 644 4137 ab
686 4099 751 4139 eo
796 4085 994 4141 tradita
1037 4087 1372 4144 carminibus
1400 4087 1708 4158 fexprimas.
1766 4084 1910 4142 Vixit
1956 4097 2134 4143 autem

574 4177 876 4248 Antigonus
935 4177 1250 4251 Olympiade
1288 4196 1426 4236 cxxv
1461 4198 1475 4235 :
1507 4195 1615 4252 quo
1655 4187 1896 4249 tempore
1953 4179 2136 4234 ﬂoruit

574 4267 808 4335 Aratus,
861 4280 916 4325 et
961 4271 1264 4328 Alexander
1321 4272 1566 4328 Etolus.‘
1630 4271 1873 4327 Meminit
1929 4271 2137 4341 Speculi

574 4358 720 4414 illius
750 4358 980 4425 Eudoxi,
1025 4369 1078 4416 et
1119 4362 1377 4432 Antigoni
1421 4370 1584 4432 atque
1634 4361 1930 4438 Alexandri
1963 4361 2133 4417 IEtoli

573 4453 628 4507 in
656 4454 900 4522 epistolis
920 4454 1160 4522 Aratus;
1212 4463 1380 4525 utque
1412 4471 1508 4510 rex
1543 4455 1608 4509 ad
1636 4455 1984 4511 scribendum
2007 4472 2130 4512 eum
2161 4491 2206 4542 υ

571 4544 819 4598 hortatus
843 4546 934 4600 sit.
971 4544 1164 4600 Fertur
1195 4553 1248 4600 et
1274 4545 1529 4618 Dionysio
1551 4545 1882 4601 Heracleotze
1911 4562 2132 4616 operam

571 4639 807 4695 dedisse.
860 4638 1007 4694 ldem
1057 4638 1346 4709 Odysseam
1403 4639 1674 4702 correxit;
1727 4646 1781 4694 et
1830 4639 2134 4694 emendatio

571 4729 818 4798 quaedam
845 4728 990 4783 ill-ius
1017 4729 1264 4797 [nomine
1311 4727 1506 4782 Aratea
1555 4727 1781 4793 dieitur,
1821 4729 1970 4784 velut
2011 4728 2135 4784 Ari-

573 4820 820 4875 starchea
848 4826 901 4874 et
937 4820 1352 4890 AristOphanea.
1385 4819 1651 4892 Asserunt
1683 4821 1852 4891 aliqui
1895 4821 2047 4875 illum
2079 4821 2134 4874 in

575 4909 787 4982 Syriam
820 4911 1120 4980 profectum
1151 4911 1294 4981 apud
1321 4911 1649 4965 Antiochum
1680 4912 1912 4982 degisse,
1954 4911 2022 4966 ab
2043 4926 2136 4966 eo-

573 5018 678 5072 que
707 5011 951 5072 rogatum
975 5016 1116 5066 esse,
1149 5011 1211 5056 ut
1239 5001 1464 5056 Iliadem
1506 5003 1821 5074 corrigeret,
1868 5004 2014 5074 quod
2043 5005 2135 5061 de-

573 5101 796 5163 pravata
829 5100 975 5148 esset
1001 5108 1030 5146 a
1070 5093 1274 5148 multis.
1307 5093 1636 5150 Nicandrum
1690 5112 1820 5151 vero
1862 5097 2135 5168 Colopho-

576 5186 727 5238 nium
761 5199 885 5238 cum
913 5185 1078 5239 Arato
1125 5185 1266 5255 apud
1306 5186 1631 5259 Antigonum
1679 5189 1881 5244 vixisse
1920 5190 2013 5258 qui
2045 5189 2132 5243 di-

575 5282 739 5341 cunt;
766 5291 830 5329 ac
853 5282 961 5329 tam
991 5275 1214 5331 Aratum
1251 5293 1430 5332 rerum
1461 5280 1790 5346 caelestium,
1836 5294 1999 5349 quam
2035 5281 2132 5336 Ni-

577 5366 838 5419 candrum
876 5367 1155 5424 medicinae
1199 5369 1478 5440 imperitos
1542 5370 1710 5427 fuisse
1766 5373 1940 5442 (aiunt
1985 5372 2131 5426 enim

577 5457 899 5529 Antigonum
935 5461 1121 5529 Arato,
1169 5463 1261 5534 qui
1314 5464 1654 5534 professione
1700 5465 1944 5519 medicus
1990 5472 2127 5529 erat,

577 5546 864 5620 mandasse
911 5557 970 5604 ut
1015 5551 1366 5622 phaenomena
1407 5554 1808 5620 conscriberet;
1857 5551 2130 5607 Nicandro

2231 3276 2337 3330 τῶν
2384 3276 2827 3347 πεπαιδευμένων
2855 3275 2997 3346 ἔχειν
3019 3275 3148 3344 παρ’
3170 3270 3340 3342 αὐτῷ,
3368 3272 3463 3323 καὶ
3491 3269 3548 3339 δὴ
3571 3266 3646 3319 καὶ
3680 3265 3766 3315 τὸν

2235 3370 2467 3441 ’Ἄρατον
2487 3386 2500 3399 ·
2527 3368 2605 3433 ὃς,
2641 3366 2790 3439 παρὰ
2812 3366 2890 3436 τῷ
2914 3365 3122 3436 βασιλεῖ
3139 3363 3450 3434 γενόμενος,
3479 3360 3564 3414 καὶ
3581 3356 3768 3408 εὐδοκι-

2236 3461 2411 3530 μήσας
2435 3458 2492 3513 ἔν
2515 3477 2574 3512 τε
2593 3463 2659 3531 τῇ
2681 3459 2813 3530 ἄλλῃ
2837 3456 3174 3527 πολυμαθείᾳ
3217 3455 3312 3509 καὶ
3345 3453 3604 3522 ποιητικῇ,
3645 3462 3770 3515 προ-

2234 3552 2442 3622 ετράπη
2464 3552 2552 3603 ὑπ’
2575 3549 2734 3603 αὐτοῦ
2762 3549 2829 3602 τὰ
2845 3549 3174 3617 Φαινόμενα
3187 3545 3394 3616 γράψαι
3410 3542 3498 3597 τοῦ
3515 3539 3768 3611 βασιλέως,

2233 3641 2460 3707 Εὐδόξου
2500 3639 2930 3712 ἐπιγραφόμενον
2981 3637 3182 3708 βιϐλίον
3228 3636 3560 3702 Κατόπτρου
3601 3628 3768 3689 δόντος

2183 3726 2192 3732 ’
2234 3729 2411 3800 αὐτῷ,
2463 3731 2556 3783 καὶ
2613 3728 2939 3793 ἀξιώσαντος
2988 3726 3057 3780 τὰ
3113 3727 3172 3779 ὲν
3227 3725 3376 3795 αὐτῷ
3429 3717 3769 3784 καταλογάδην

2234 3821 2488 3892 λεχθέντα
2533 3823 2658 3890 περὶ
2689 3818 2795 3872 τῶν
2841 3817 3180 3887 φαινομένων
3212 3815 3394 3887 μέτρῳ
3423 3814 3468 3846 ³⁸
3493 3809 3612 3865 εἶναι
3638 3823 3654 3836 ·
3684 3808 3772 3860 καὶ

2235 3911 2349 3982 ἅμα
2392 3910 2654 3972 εἰπόντος,
2688 3909 2762 3972 ὡς
2806 3906 3162 3977 Εὺδοξότερον
3207 3909 3380 3969 ποιεῖς
3420 3904 3504 3958 τὸν
3541 3898 3772 3962 Εὔδοξον.

2235 4002 2478 4066 ἐκτείνας
2525 4002 2595 4055 τὰ
2649 4001 2777 4071 παρ’
2801 3998 2950 4068 αὑτῷ
2995 3999 3226 4068 κείμενα
3274 3997 3475 4068 μέτρῳ.
3500 3993 3683 4059 Γέγονε
3727 3990 3777 4040 δὲ

2248 4094 2543 4162 Ἀντίγονος
2573 4091 2712 4146 κατὰ
2728 4091 2824 4162 τὴν
2863 4096 2970 4161 ρκε¹
3008 4089 3350 4160 Ὀλυμπιάδα
3372 4105 3387 4119 ο
3437 4085 3545 4140 καθ’
3578 4082 3635 4134 ὃν
3669 4083 3781 4150 χρὸ-

2234 4200 2323 4236 νον
2351 4184 2597 4254 ἤκμασεν
2627 4183 2656 4233 ὁ
2697 4182 2949 4251 Ἀρατος,
2984 4180 3076 4232 καὶ
3113 4179 3458 4250 Ἀλέξανδρος
3479 4179 3504 4230 ὁ
3532 4172 3778 4234 Αίτωλῲ.

2235 4273 2528 4343 Μέμνηται
2575 4271 2632 4324 δὲ
2678 4269 2768 4323 τοῦ
2820 4269 3166 4336 Κατόπτρου
3220 4268 3464 4334 Εὐδόξου,
3501 4263 3578 4317 καὶ
3619 4263 3785 4314 Ἀντι·

2235 4365 2390 4432 γόνου
2451 4363 2797 4433 Ἀλεξάνδρου
2829 4362 2872 4392 ³³
2901 4360 2993 4413 τοῦ
3041 4359 3304 4426 Αἰτωλοῦ,
3346 4360 3437 4412 καὶ
3477 4356 3540 4416 ὡς
3574 4351 3785 4419 ἠξιώθη

2239 4455 2341 4507 ὑπὸ
2365 4454 2456 4507 τοῦ
2482 4454 2743 4525 βασιλέως
2805 4451 3032 4523 γράψαι,
3073 4453 3134 4505 ὲν
3162 4457 3282 4514 ταῖς
3316 4453 3466 4513 ἰδίαις
3489 4447 3786 4502 ἐπιστολαῖς

2236 4546 2486 4616 Ἄρατος.
2521 4544 2751 4612 Λέγεται
2777 4543 2833 4597 δὲ
2859 4543 3209 4613 ὲσχολακέναι
3255 4543 3501 4610 Διονυσίῳ
3520 4536 3589 4605 τῷ
3624 4537 3786 4606 Ἦρα-

2234 4636 2482 4709 κλειώτῃ.
2542 4638 2654 4690 Καὶ
2699 4637 2797 4707 τὴν
2854 4635 3203 4690 Ὀδύσσειαν
3252 4636 3310 4689 δὲ
3349 4633 3602 4705 διώρθωσε
3629 4645 3645 4660 ο
3696 4629 3785 4680 καὶ

2233 4729 2476 4782 καλεῖταί
2497 4745 2580 4790 τις
2609 4727 2888 4799 διόρθωσις
2901 4726 3071 4790 οὕτως
3096 4727 3392 4797 Ἀράτειος,
3411 4725 3480 4787 ὠς
3504 4722 3786 4790 Ἀριστὰρ-

2235 4837 2396 4891 χειος,
2428 4819 2522 4873 καὶ
2558 4819 3009 4889 Ἀριστοφάνειος.
3035 4819 3193 4881 Τινὲς
3219 4819 3276 4871 δὲ
3300 4818 3454 4871 αὑτὸν
3480 4816 3544 4874 εἰς
3582 4813 3786 4883 Supini

2236 4909 2547 4983 ἐληλυθέναι
2577 4911 2727 4979 φασι,
2777 4911 2870 4964 καὶ
2913 4911 3192 4978 γεγονέναι
3226 4911 3356 4980 παρ’
3394 4904 3662 4972 Ἀντιόχῳ,
3704 4904 3786 4954 καῖ

2237 5003 2497 5074 ἠξιῶσθαι
2524 5003 2613 5055 ὑπ’
2644 5002 2806 5054 αὐτοῦ
2833 5002 2970 5054 ὥστε
2996 5001 3092 5072 τὴν
3135 5000 3351 5054 Ἰλιάδα
3383 4991 3786 5067 διορθώσασῡαι,

2238 5095 2325 5148 διὰ
2377 5095 2438 5148 τὸ
2481 5095 2584 5147 ὑπὸ
2636 5092 2842 5146 πολλῶν
2869 5091 3219 5162 λελυμάνθαι.
3255 5092 3317 5144 Οἱ
3353 5089 3405 5142 δὲ
3424 5087 3673 5152 λέγοντες
3697 5084 3786 5133 ΝΞ-

2237 5187 2463 5258 κανδρον
2518 5186 2607 5239 τὸν
2647 5183 2984 5254 Κολοφώνιον
3039 5184 3177 5255 μετὰ
3209 5181 3442 5254 ’Ἄρατον
3498 5176 3786 5241 Ἀντιγόνῳ

2239 5279 2731 5350 συγκεχρονικέναι,
2775 5277 2868 5330 καὶ
2900 5278 3131 5347 ’Ἄρατον
3180 5274 3254 5346 μὴ
3285 5270 3416 5326 εἶναι
3454 5269 3786 5336 ἐπιστήμονα

2235 5373 2343 5425 τῶν
2365 5373 2648 5443 οὐρανίων,
2681 5372 2813 5441 μήτε
2829 5361 3126 5438 Νίκανδρον
3141 5367 3249 5420 τῶν
3265 5359 3498 5436 ἰατρικῶν
3547 5358 3786 5443 (λέγῡυσῖ

2235 5462 2365 5532 γὰρ,
2395 5441 2470 5524 ὡς
2501 5461 2605 5531 ἄρα
2637 5462 2665 5512 ὁ
2719 5459 3017 5526 Ἀντίγονος
3070 5457 3277 5528 Ἀράτῳ
3329 5453 3419 5523 μὲν
3457 5449 3574 5500 ὄντι
3633 5441 3786 5514 ἰατρῷ

2237 5553 2463 5618 ἐπέταξε
2491 5553 2558 5606 τὰ
2583 5553 2911 5622 Φαινόμενα
2937 5549 3165 5621 γράψαι,
3200 5544 3466 5614 Νικάνδρῳ
3483 5537 3574 5606 δὲ,
3601 5540 3786 5606 eis..le-

643 5701 697 5781 _'_'
873 5705 1107 5778 Ἀθῆναι,
1127 5703 1214 5774 ,ὧν
1242 5707 1526 5779 μέμνηται.
1602 5708 1646 5741 ³⁵
1672 5708 1713 5776 Ῑ.
1741 5707 2006 5778 ἔμμετρα.
2083 5707 2127 5738 ³⁸
2164 5706 2324 5779 Ῑηκαὶ
2371 5705 2540 5772 Ἀλεξ.
