3800 6320
99 337 212 397 H57

1477 341 1684 399 ARATI
1727 333 1917 402 VITA.‘

3177 351 3318 408 H58

95 454 214 522 λόγῳ
229 450 554 521 ὑπάρχοντι,
578 449 645 503 τὰ
676 450 933 518 eripiam)
961 450 1053 505 καὶ
1079 449 1643 524 τὰἈλεξιφάρμακα·

1750 475 1878 515 vero
1906 460 2199 531 astrologo,
2245 459 2484 516 tberiaca
2535 466 2592 517 ct
2633 462 3068 534 alexipharmaca
3099 482 3114 521 :
3151 467 3220 520 ob
3242 467 3318 521 id-

95 540 196 593 ὅθεν
227 539 323 591 καὶ
358 538 617 608 ἑκάτερον
657 537 835 590 αὐτῶν
874 539 1133 605 ἐσφάλθαι
1179 541 1648 599 κατολισθαίνοντα

96 632 172 684 ἐπὶ
194 630 258 683 τὰ
281 630 395 683 ἴδια
424 633 522 699 τῆς
563 629 755 701 τέχνης
774 614 831 699 )’,
867 630 1171 700 ψεύδονται.
1215 633 1485 702 Ἀγνοοῦσι
1517 635 1646 708 γὰρ,

97 723 158 786 ὡς
180 723 234 774 οὐ
286 723 607 791 συνήκμασε
630 721 707 790 τῷ
751 722 960 792 Ἀράτῳ
992 722 1288 794 Νίκανδρος
1309 741 1323 754 ’
1351 725 1464 777 ἀλλ’
1502 727 1648 780 ἐστιν

98 813 237 866 αὑτοῦ
271 812 413 865 πολὺ
448 812 727 883 νεώτερος.
775 813 1074 882 Ἀντίγονος
1106 815 1238 886 γὰρ,
1261 809 1304 883 ᾧ
1335 817 1649 886 συνεγένετο

101 907 338 974 Ἄρατος,
369 903 512 958 κατὰ
541 905 630 956 τὸν
656 903 869 973 πρῶτον
898 907 988 958 καὶ
1012 905 1259 977 δεύτερον
1291 908 1474 975 γέγονε
1507 912 1646 962 Πτο-

98 997 332 1066 λεμαῖον·
366 995 666 1065 Νίκανδρος
693 995 749 1048 δὲ
777 997 922 1050 κατὰ
952 998 1041 1050 τὸν
1067 999 1334 1068 πέμπτον.
1361 1001 1646 1073 Μέμνηται

97 1089 210 1156 γοῦν
229 1087 399 1141 αὑτοῦ
423 1089 516 1142 καὶ
531 1087 874 1159 Καλλίμαχος
891 1090 968 1154 ὡς
1003 1090 1367 1162 πρεσϐυτέρου
1394 1094 1452 1145 οὐ
1483 1094 1646 1163 μόνον

98 1182 146 1231 ὲν
167 1183 273 1243 τοῖς
290 1180 775 1251 Ἐπιγράμμασιν,
804 1182 936 1235 ἀλλὰ
958 1184 1050 1236 καὶ
1077 1185 1134 1236 ὲν
1159 1187 1268 1246 τοῖς
1290 1185 1424 1256 πρὸς
1451 1187 1647 1258 Πραξι-

99 1272 278 1341 φάνην,
333 1272 476 1324 πάνυ
506 1272 740 1325 ἐπαινῶν
769 1273 946 1341 αὑτὸν,
973 1273 1048 1337 ὡς
1073 1274 1355 1346 πολυμαθῆ
1398 1277 1492 1329 καὶ
1521 1278 1643 1349 ἄρι-

100 1380 205 1416 στον
219 1365 474 1432 ποιητήν.
498 1363 689 1432 Γέγονε
715 1363 771 1416 δὲ
795 1367 822 1418 6
839 1367 1071 1437 Ἀρατος
1100 1365 1342 1438 ζηλωτὴς
1370 1368 1607 1421 Ἰἰσιὸδου
1626 1385 1642 1402 ο

95 1453 159 1516 ὡς
184 1454 274 1508 καὶ
322 1453 670 1525 Καλλίμαχος
705 1457 1130 1526 παρεσημήνατο
1155 1456 1312 1510 τοῦτο
1339 1457 1425 1512 διὰ
1443 1457 1535 1511 τοῦ
1565 1461 1644 1523 είς

95 1545 239 1597 αὑτὸν
265 1545 685 1616 ἐπιγράμματος
712 1545 910 1609 οὕτως’

104 1718 361 1773 Ἡσιόδου
390 1718 441 1772 δ’
464 1720 508 1751 ³⁸
523 1719 758 1790 ἇεισμα,
787 1720 887 1790 καί
903 1724 935 1775 ὁ
958 1723 1192 1790 τρόπος,
1211 1725 1282 1776 οὐ
1309 1725 1413 1777 τὸν
1433 1724 1640 1778 ’ἀοιδὸν

157 1791 472 1862 Ἕονχᾳτον,
510 1789 646 1862 ἀλλ’
672 1789 1047 1862 Δ«ὕκιιισνιῖλιιητο
1068 1797 1500 1860 μελιχρότατον

97 1857 205 1930 Τῶν
223 1859 419 1930 ἐπέων
446 1858 476 1930 6
509 1859 734 1930 Σολεὺς
758 1857 1117 1928 ἀπεμάξατο.
1140 1857 1399 1930 Χίὶῖξοετε,
1423 1865 1637 1919 λεπταὶ

164 1927 410 1996 Ῥήσεις,
441 1927 662 1996 ἀρῄων
690 1927 984 1998 σύγγονος
1011 1931 1054 1962 ³⁷
1083 1927 1430 2001 ἀγρυέτνίης.

97 2041 329 2112 Ἔγραψε
363 2042 422 2095 δὲ
450 2042 543 2094 καὶ
573 2041 707 2095 ἄλλα
732 2045 1010 2114 ποιήματα
1037 2048 1162 2117 περί
1194 2065 1253 2100 τε
1290 2049 1524 2120 Ὀμήρου
1553 2052 1645 2104 καὶ

105 2132 369 2199 Ἰλιάδος,
428 2135 489 2186 οὐ
559 2135 716 2205 μόνον
759 2135 826 2189 τὰ
881 2139 1228 2206 Φαινόμενα,
1287 2141 1380 2193 καὶ
1428 2142 1644 2194 ὀστολο-

94 2224 238 2310 ⁸ξαν,
271 2225 367 2277 καὶ
403 2226 651 2296 ἰατρικὰς
686 2226 974 2298 δυνάμεις,
1017 2231 1108 2282 καὶ
1146 2231 1224 2293 είς
1261 2233 1414 2285 Πᾶνα
1459 2232 1643 2303 ὕμνον,

96 2318 178 2369 ml.
223 2319 302 2381 et;
343 2316 524 2389 Μύριν
555 2317 646 2370 τδν
685 2318 910 2387 ἀδελφὸν
949 2320 1283 2391 ἐπικήδειον,
1331 2321 1424 2374 καὶ
1467 2323 1646 2394 διοση-

99 2407 243 2476 μείας
264 2448 278 2472 ,
314 2409 412 2462 καὶ
444 2407 738 2474 Σκυθικὸν,
774 2411 867 2462 καὶ
899 2411 1039 2464 κατὰ
1069 2412 1260 2466 λεπτὸν
1301 2413 1451 2469 ἄλλα.
1495 2417 1646 2468 Ἐπι-

97 2501 455 2570 τετευγμένως
503 2500 558 2552 δὲ
603 2500 749 2572 αὐτῷ
793 2504 1002 2574 ἐγράφη
1051 2505 1120 2558 τὰ
1169 2509 1530 2576 Φαινόμεγα·
1571 2507 1647 2570 ὡς

99 2586 619 2658 παρευῶκιμηθῆναι
672 2588 881 2652 πάντας
935 2592 1026 2643 ὑπ’
1085 2593 1332 2664 Ἀράτου.
1381 2597 1490 2649 Καὶ
1538 2595 1646 2669 γὰρ

97 2676 309 2743 Εὔδοξος
346 2678 375 2728 6
407 2678 619 2742 Κνίδιος
664 2679 869 2751 ἔγραψε
898 2671 1206 2754 ςφαινόμενα
1225 2725 1240 2750 ,
1271 2687 1366 2739 καὶ
1411 2688 1588 2752 Λάσος
1617 2690 1647 2742 6

98 2767 350 2837 Μάγνης-ο,
385 2767 506 2838 οὐχὶ
547 2771 576 2822 6
618 2770 964 2842 Ἑρμιονεὺς,
1009 2773 1122 2827 ἀλλ’
1166 2775 1450 2848 ὁμώνυμος
1490 2779 1647 2844 ἄλλος

97 2859 248 2928 Λάσῳ
265 2857 344 2927 τῷ
375 2854 669 2927 Ἐρμιονεῖο
693 2861 785 2913 καὶ
809 2860 1140 2931 Ἕρμιππος,
1171 2867 1264 2919 καὶ
1299 2867 1644 2939 Ἡγησιάναξ,

100 2949 182 3000 καὶ
221 2950 607 3022 Ἀριστοφάνης
629 2955 661 3004 6
688 2950 1000 3018 Βυζάντιος,
1035 2955 1128 3008 καὶ
1151 2955 1296 3009 ἄλλοι
1324 2959 1504 3012 πολλοί
1527 2979 1540 2990 ο
1573 2953 1648 3015 ὧν

97 3041 184 3092 καὶ
228 3041 556 3114 Πτολεμαῖος
601 3041 882 3115 μέμνηται
911 3048 940 3099 6
987 3047 1237 3116 βασιλεὺς
1261 3050 1558 3121 ίδιοφυέσιν
1603 3055 1648 3087 ⁸³

99 3148 262 3194 ουτως
280 3149 293 3162 ·

99 3241 269 3326 Πάζᾷ
310 3243 761 3326 Ἡγησιάναξ-τᾳ
797 3248 892 3326 καὶ
927 3249 1253 3326 Ἕρμιππος
1284 3257 1410 3308 κατ’
1438 3256 1650 3326 αἴθρην

168 3313 393 3391 Z‘e/pea,
414 3315 510 3366 καὶ
534 3316 748 3391 aquai
777 3318 959 3391 ταῦτα
987 3313 1058 3372 τὲι
1085 3313 1412 3391 putreﬁeri;

100 3379 328 3447 Βίελοις
368 3383 750 3452 ἐγκατέθΜο
769 3402 782 3416 ·
814 3387 932 3442 ἀπὸ
960 3379 1194 3444 σκοὶτοῦ
1223 3379 1274 3422 ’ὅ
1299 3392 1349 3445 δ’
1376 3394 1648 3464 ἀφάμαρ-

173 3520 344 3575 uua
389 3524 520 3576 τότε
566 3524 609 3557 δι
654 3529 1024 3597 λεπτολόγου
1077 3530 1354 3600 σκήπτου
1399 3465 1648 3603 "Erigor;

1407 3602 1575 3675 [ἔχει.

98 3701 200 3755 Καὶ
229 3703 372 3757 ἄλλοι
399 3706 456 3760 δὲ
487 3707 671 3760 πολλοὶ
697 3711 980 3779 γεγόνασιν
1008 3713 1252 3784 Ἀρατοι,
1282 3713 1472 3785 ἄνδρες
1498 3713 1647 3767 ἐλλό-

96 3811 263 3864 γιμοι,
293 3797 690 3870 ἱστοριογράφοι
710 3817 726 3834 ο
752 3801 937 3874 ὥσπερ
971 3805 999 3856 ὁ
1023 3804 1237 3867 Κνίδιος
1257 3845 1271 3869 ,
1302 3800 1362 3859 οὗ
1393 3806 1647 3877 φέρονται

97 3887 431 3955 Αίγυπτιακὰ
459 3892 701 3963 ἱστορικὰ
735 3895 1136 3966 συγγράμματα
1162 3913 1176 3928 ·
1210 3899 1302 3950 καὶ
1332 3899 1513 3970 τρίτος
1538 3902 1649 3953 ἐπι-

97 3978 391 4048 σημότατος
418 3980 739 4046 Σικυώνιος,
771 3979 836 4038 οὗ
881 3987 1028 4038 ἐστιν
1063 3988 1095 4056 ἡ
1141 3986 1460 4051 πλύὸιὸλος
1503 3991 1647 4042 ἱστο-

97 4069 206 4138 ρία,
244 4070 376 4142 ὑπὲρ
403 4071 471 4124 τὰ
496 4073 538 4125 λ’
571 4073 749 4142 βιϐλία
777 4074 993 4146 ἔχουσα.
1033 4076 1143 4140 Τὰς
1181 4078 1238 4130 δὲ
1277 4079 1502 4149 Ἀράτου
1529 4083 1648 4132 ἐπι-

98 4161 300 4225 στολὰς,
318 4157 392 4216 ὧν
412 4165 666 4236 ἀνωτέρω
681 4167 817 4236 ὲμνή
826 4167 924 4234 σϐη
933 4185 1050 4237 μεν,
1069 4168 1284 4222 πάντων
1304 4170 1489 4240 σχεδὸν
1512 4188 1572 4224 συ
1582 4189 1647 4241 μ-

95 4253 403 4319 φωνούντων
437 4257 536 4320 τὰς
563 4260 641 4320 είς
674 4259 835 4313 αὐτὸν
869 4260 1276 4330 ἀναφερομένας
1300 4260 1462 4313 αὑτοῦ
1486 4259 1642 4324 εἶναι,

95 4345 184 4396 καὶ
213 4347 602 4415 ὁμολογούντων
632 4352 856 4421 γνησίας
898 4354 1096 4420 αὑτὰς,
1130 4355 1287 4424 μόνος
1330 4354 1646 4408 Ἀπολλωνί-

91 4433 183 4505 δης
203 4437 456 4507 ὁΚηφεὺς
477 4441 534 4492 ἐν
554 4439 632 4511 τῷ
655 4442 824 4514 ὀγδόῳ
841 4445 974 4512 Περὶ
992 4445 1482 4514 κατεψευσμένης
1496 4448 1645 4499 ἱστο-

1755 571 1862 624 que
1895 554 2082 608 ambos
2110 553 2415 615 aberrasse,
2453 553 2520 608 ad
2569 568 2632 608 ea
2676 570 2798 624 quae
2845 563 3000 611 erant
3032 557 3165 611 artis
3205 574 3318 613 suae

1750 645 1991 714 propria,
2023 643 2298 713 delapsos)
2337 662 2350 697 :
2386 643 2500 698 haec
2528 644 2620 714 qui
2674 645 2882 712 dicunt,
2936 646 3046 700 falli
3075 661 3172 702 eos
3223 663 3319 702 ne-

1750 751 1903 791 cesse
1934 743 2036 791 est.
2068 734 2185 789 Non
2214 734 2356 790 enim
2382 736 2560 791 sciunt
2591 750 2715 789 cum
2746 737 2912 790 Arato
2935 753 3042 790 nou
3064 738 3319 794 ﬂoruisse

1748 827 2080 882 Nicandrum
2105 869 2119 893 ,
2152 826 2246 882 sed
2273 841 2340 881 eo
2362 827 2819 896 multojuniorem
2850 829 3124 884 exstitisse
3150 847 3164 894 ;
3189 844 3316 882 nam

1748 919 2074 990 Antigonus,
2102 934 2338 989 quocum
2367 917 2469 972 fuit
2507 918 2728 981 Aratus,
2758 919 2934 988 primo
2978 933 3040 974 ac
3073 919 3317 974 sccund‘o

1748 1009 2038 1066 Ptolemaeo
2091 1019 2354 1081 regnante
2413 1011 2587 1074 vixit;
2629 1009 2900 1063 Nicander
2949 1011 3051 1064 sub
3104 1011 3314 1079 quinto.

1752 1103 1941 1172 Itaque
1969 1102 2338 1158 Callimachus
2363 1102 2515 1156 Arati
2548 1109 2805 1170 tanquam
2835 1103 3124 1156 anterioris
3162 1117 3317 1156 men-

1746 1194 1946 1248 tionem
1978 1193 2127 1260 facit,
2156 1209 2262 1247 non
2309 1194 2484 1248 solum
2532 1193 2587 1246 in
2639 1191 3156 1262 Epigrammatibus,
3218 1193 3315 1248 sed

1745 1283 1904 1337 etiam
1931 1283 1985 1337 in
2015 1283 2082 1338 iis
2119 1299 2242 1354 qua
2267 1284 2336 1338 ad
2381 1282 2780 1353 Praxiphanem
2819 1283 3082 1351 scripsit;
3118 1283 3211 1337 ubi
3259 1291 3316 1338 et

1746 1372 1896 1425 illum
1922 1372 2166 1442 impense
2199 1373 2494 1438 collaudat,
2523 1383 2781 1444 tanquam
2799 1374 3069 1429 eruditum
3093 1382 3146 1429 et
3173 1376 3316 1444 Opti-

1744 1477 1896 1516 mum
1950 1473 2186 1533 poetam.
2229 1464 2501 1519 Caeterum
2554 1464 2846 1519 Hesiodum
2895 1466 3178 1519 simulatus
3232 1477 3316 1520 est

1743 1551 1979 1619 Aratus;
2037 1554 2184 1624 quod
2214 1554 2582 1611 Callimachus
2627 1556 3018 1626 epigrammate
3077 1558 3314 1628 quodam

1750 1643 1808 1699 in
1834 1661 1957 1701 eum
1983 1649 2188 1716 scripto
2217 1654 2445 1702 testatus
2475 1656 2558 1702 est
2581 1648 2668 1703 bis
2692 1648 2874 1702 verbis
2908 1666 2920 1700 :

1818 1737 2036 1792 Hesiodi
2065 1739 2161 1793 hoc
2186 1756 2414 1805 carmen,
2437 1750 2487 1795 et
2504 1740 2708 1804 modus,
2729 1757 2833 1794 non
2860 1755 3174 1808 poetarum;

1890 1809 2308 1862 Postremum...

1813 1878 2119 1934 Carminum
2147 1872 2380 1933 Soletisis
2417 1879 2708 1948 expressit.
2738 1879 2961 1941 Salvete,
2993 1880 3211 1936 subtilia

1887 1949 2065 2014 Dicta,
2091 1949 2473 2018 inexplicabilis
2495 1966 2746 2018 germana
2778 1951 2989 2019 vigilia’.

1813 2061 2020 2120 Praeter
2059 2063 2407 2118 Phwnomena
2449 2064 2672 2134 scripsit
2707 2074 2760 2119 et
2787 2065 2892 2119 alia
2929 2072 3200 2135 poemata,
3250 2064 3318 2121 de

1747 2154 1982 2209 Homero
2039 2161 2091 2209 et
2146 2153 2349 2217 Iliade;
2403 2153 2470 2208 de
2523 2154 2763 2220 ossibus,
2817 2171 2881 2209 ac
2946 2155 3176 2210 medicis
3236 2155 3319 2208 ia-

1745 2246 2061 2309 cultatibus,
2091 2245 2349 2316 hymnum
2382 2245 2438 2298 in
2467 2244 2636 2311 Pana,
2668 2246 2973 2316 epicedium
3025 2248 3078 2300 in
3137 2247 3318 2318 Myrin

1746 2336 1994 2401 fratrem,
2037 2336 2104 2390 de
2144 2337 2410 2390 ostentis:
2440 2335 2778 2407 Scythicum,
2822 2346 2876 2392 et
2922 2339 3028 2392 alia
3070 2339 3319 2408 quardam

1745 2427 1978 2482 minuta.
2029 2425 2086 2480 ln
2139 2425 2503 2482 Phwnomenis
2558 2443 2686 2482 vero
2731 2430 3036 2484 scribendis
3092 2429 3320 2498 potissio

1747 2534 1894 2572 mum
1919 2518 2194 2584 excelluit,
2243 2517 2376 2574 adeo
2431 2527 2491 2572 ut
2527 2528 2753 2575 cateros
2801 2521 2958 2592 longe
3008 2531 3313 2590 superaret.

1745 2607 1880 2663 Nam
1907 2608 2162 2664 Eudoxus
2193 2625 2407 2679 quoque
2432 2609 2658 2666 Cnidius
2697 2611 2763 2665 de
2792 2612 3162 2681 phaenomenis
3187 2613 3317 2668 scri-

1746 2701 1874 2771 psit,
1910 2699 2158 2755 etLasus
2184 2700 2425 2771 Magnes,
2468 2718 2578 2757 non
2614 2701 3044 2766 Hermionensis,
3121 2704 3216 2757 sed
3261 2704 3311 2758 ei

1747 2791 1841 2862 qui
1869 2791 2276 2846 Hermionensis
2305 2805 2442 2857 erat,
2493 2794 2864 2863 cognominis;
2912 2808 3125 2848 necnon
3179 2794 3316 2848 lier-

1747 2883 1982 2954 mippus,
2018 2882 2376 2954 Hegesianax,
2419 2884 2810 2955 Aristophanes
2852 2885 3165 2956 Byzantius,
3201 2886 3319 2939 alii-

1749 2990 1854 3044 que
1886 2975 2228 3046 complures;
2261 2975 2329 3032 de
2352 2977 2552 3048 quibus
2585 2978 2828 3032 meminit
2860 2976 3208 3047 Ptolemzeus,
3239 2981 3315 3033 ita

1751 3065 1994 3120 scribens
2021 3083 2036 3120 :

1817 3263 2008 3318 Omnia
2046 3264 2395 3335 Hegesianax,
2422 3276 2470 3320 et
2509 3267 2825 3337 Hermippus
2857 3270 3081 3324 ret/terea

1892 3336 2053 3406 Astra
2069 3346 2115 3389 et
2136 3337 2309 3404 plures
2341 3338 2450 3391 haec
2468 3336 2811 3406 phwnornena

1818 3405 1991 3460 Libris
2019 3409 2388 3461 commiserunt
2413 3423 2432 3471 ;
2459 3405 2547 3462 sed
2579 3426 2611 3460 a
2639 3425 2792 3477 scopo
2815 3409 3150 3465 aberrarunt.

1896 3538 2087 3592 Verum
2144 3537 2353 3592 subtilis
2402 3541 2671 3609 scriptoris
2720 3543 3092 3686 principatufnb
3113 3544 3312 3625 Aratus

2145 3640 2149 3645 ι
3033 3632 3060 3666 o
3101 3623 3245 3669 tinet.

2145 3640 2149 3645 ι
3009 3623 3245 3669 lobtinet.

1816 3723 2018 3781 Praeter
2059 3727 2206 3781 hunc
2263 3727 2589 3784 exstiterunt
2635 3728 2726 3782 alii
2781 3730 3088 3800 complures
3136 3731 3311 3797 Arati,

1747 3818 1994 3873 celebres
2049 3819 2299 3874 historici
2334 3839 2346 3874 :
2380 3820 2528 3874 velut
2583 3820 2831 3888 Cnidius,
2882 3822 3039 3891 cujus
3095 3829 3312 3878 exstant

1748 3907 2194 3979 Egyptiacarum
2227 3912 2578 3967 historiarum
2626 3913 2791 3980 libri;
2823 3915 3017 3970 tertius
3057 3917 3186 3971 item
3215 3930 3315 3970 no-

1745 4000 1910 4056 minis
1941 4001 2182 4069 ejusdem
2218 4000 2526 4072 Sicyonius,
2556 4003 2714 4074 longe
2730 4004 3071 4061 clarissimus
3096 4022 3110 4071 ;
3143 4021 3174 4060 a
3203 4019 3314 4075 quo

1745 4091 1934 4144 multis
1965 4091 2124 4146 libris
2163 4092 2310 4146 edita
2343 4102 2427 4147 est
2445 4094 2695 4149 historia.
2737 4094 2875 4150 Sunt
2897 4097 3042 4151 enim
3078 4099 3312 4166 amplius

1745 4182 1983 4252 triginta.
2017 4182 2173 4248 Quod
2208 4185 2275 4238 ad
2300 4187 2558 4255 epistolas
2601 4187 2753 4241 Arati
2795 4196 3024 4257 spectat,
3077 4204 3310 4258 quarum

1745 4289 1908 4343 supra
1935 4276 2280 4332 meminimus
2303 4317 2317 4338 ,
2346 4293 2468 4333 cum
2504 4281 2554 4331 in
2582 4279 2684 4333 hoc
2719 4280 3062 4334 consentiant
3095 4295 3306 4346 omnes,

1743 4365 1892 4420 illius
1917 4380 2009 4420 eas
2041 4381 2165 4421 esse
2193 4383 2500 4437 germanas,
2539 4385 2660 4439 quae
2684 4370 2788 4439 ipsi
2819 4371 3171 4425 tribuuntur:
3218 4387 3309 4427 so-

1745 4455 1832 4510 lus
1857 4457 2177 4526 Apollonius
2204 4458 2452 4529 Cepheus
2477 4461 2531 4514 in
2569 4470 2762 4515 octavo
2785 4461 2861 4514 De
2887 4461 3028 4530 falsa
3059 4462 3303 4529 historia,

85 4522 248 4623 alac,
273 4527 368 4578 οὐκ
394 4523 530 4581 εἶναι
552 4529 720 4594 αὐτάς
757 4511 982 4602 Ἀράτου
1017 4511 1200 4606 φησίν,
1228 4511 1362 4590 ἀλλὰ
1390 4511 1642 4607 Σαὸιρίου

1750 4511 1921 4617 negat.
1932 4562 2024 4604 eas
2045 4511 2195 4603 Arati
2226 4511 2379 4618 esse,
2738 4511 3024 4608 ἰἶοίιὸἧῇ
3096 4511 3226 4623 quo
3251 4511 3306 4608 el

93 4611 376 4679 Πόλλωνος.
409 4617 515 4670 Τοῦ
559 4619 615 4673 δὲ
659 4621 822 4674 αὑτοῦ
863 4623 1050 4676 τούτου
1088 4626 1252 4696 φησὶν
1285 4621 1422 4681 εἶναι
1452 4627 1641 4680 ἐπινε-

91 4706 404 4775 γραμμένας
427 4710 718 4780 Εὐριπίδου
745 4713 1053 4776 ἐπιστολάς.

594 4822 736 4891 Περὶ
771 4825 1130 4895 ἐξηγήσεως.

158 4929 267 4999 Τὴν
317 4933 372 4984 δὲ
413 4932 521 4987 τῶν
573 4935 905 5005 φαινομένων
962 4936 1216 5008 ἐξήγησιν
1274 4939 1487 5009 πρῶτον
1534 4943 1632 5012 μὲν

90 5018 320 5090 ἑστώσης
359 5023 456 5092 τῆς
499 5024 762 5095 σφαίρας,
809 5025 947 5095 μετὰ
983 5027 1042 5080 δὲ
1075 5028 1245 5082 ταῦτα
1294 5033 1635 5103 κινουμένης,

88 5109 366 5180 ἐποιήσατο
403 5114 655 5184 Ἄρατος.
689 5116 778 5168 Διὸ
803 5117 1112 5190 συμϐέϐηκε
1137 5120 1314 5184 πάσας
1351 5123 1448 5186 τὰς
1476 5124 1635 5192 σφαίο

90 5215 188 5267 ρας
237 5203 291 5256 ἐν
347 5206 584 5278 ἁμαρτίᾳ
637 5208 740 5261 ὑπὸ
788 5210 897 5263 τῶν
953 5211 1254 5282 ζωγράφων
1305 5215 1631 5285 γράφεσθαι.

97 5291 322 5349 Ἐστῶτα
355 5299 462 5369 γὰρ
505 5300 599 5352 καὶ
651 5301 877 5372 ἀκίνητα
919 5305 1217 5372 γράφοντες
1264 5305 1420 5370 αὐτὰ,
1461 5308 1629 5376 σφάλ-

89 5396 228 5446 ματα
251 5386 412 5440 πολλὰ
442 5390 499 5440 ἐν
530 5392 596 5460 τῇ
619 5394 826 5461 κινήσει
849 5395 908 5446 ὲν
932 5397 1044 5456 τοίς
1072 5396 1510 5451 συνανατέλλουσι
1537 5401 1630 5453 καὶ

85 5470 433 5533 ἀντιδύνουσιν
465 5480 682 5552 ἄστροις
709 5483 772 5537 ⁸³.
803 5484 1018 5538 Ποιοῦσι
1053 5485 1110 5538 δὲ
1133 5487 1226 5556 τὴν
1259 5489 1431 5560 ἀρχὴν
1461 5489 1630 5544 ἑστώ-

184 5661 279 5737 ξὝ.
319 5668 443 5722 τόδ’.
497 5669 646 5736 Mox,
717 5674 925 5737 ἀοιδῶν.

85 5726 134 5758 η
164 5677 279 5784 8"].
319 5677 443 5722 τόδ’.
497 5677 646 5736 Mox,
717 5677 925 5737 ἀοιδῶν.
1050 5677 1094 5709 ³⁷
1127 5679 1168 5747 f.
1199 5680 1457 5760 ἀρρήτου,
1514 5690 1568 5736 et
1629 5683 1897 5752 ᾤγγονοι,

201 5737 629 5784 εΐ.ἀποπκόπιοι,
708 5746 748 5776 ⁸1
777 5745 872 5784 ,ει-ι-
922 5745 982 5784 ρΑ
1067 5757 1115 5784 ιι
1170 5765 1442 5784 Ruina-arruns
1539 5751 1585 5784 η
1628 5752 1750 5784 μη»-
1781 5773 1897 5784 κη...

201 5749 270 5788 cr.
291 5737 631 5794 ἀποσκόπιοι.
708 5746 748 5776 ⁴¹
775 5745 890 5801 Scr.
922 5745 1002 5812 τό,
1067 5737 1137 5802 εί
1170 5737 1461 5819 σκῖτιὲττρονξ
1539 5751 1585 5788 θ’
1620 5752 1643 5806 Ι

1750 5737 1755 5752 ’
1779 5757 2016 5812 nonnihil
2040 5759 2305 5816 mendosa.

1745 4637 1867 4692 illas
1897 4653 2018 4693 esse
2047 4640 2279 4709 scriptas
2307 4641 2569 4710 epistolas
2617 4643 2817 4698 asserit
2862 4659 2982 4714 qua:
3031 4643 3304 4715 Euripidis

1744 4730 1964 4785 nomine
1987 4731 2467 4788 circumferuntur.

2012 4840 2089 4896 De
2115 4845 2446 4900 enarratione
2474 4849 2836 4916 apparentium
2859 4849 3031 4904 Arati.

1809 4955 2204 5026 Apparentium
2253 4961 2520 5015 rationem
2580 4961 2660 5018 sic
2703 4961 2903 5018 Aratus
2933 4961 3200 5032 exposuit,
3242 4972 3303 5019 ut

1743 5047 2022 5101 immotam
2059 5049 2235 5118 primo
2264 5052 2553 5121 sphaeram,
2587 5062 2712 5123 post
2735 5055 2976 5109 eamdem
3003 5069 3122 5110 sese
3167 5069 3301 5110 con-

1745 5145 2040 5194 vertentem
2070 5141 2357 5211 aspiceret.
2396 5142 2536 5200 Hinc
2563 5154 2784 5217 apparet
2827 5146 3067 5217 spbmras
3097 5162 3299 5205 omnes

1741 5241 1771 5280 a
1801 5227 2101 5296 pictoribus
2140 5231 2247 5285 non
2279 5235 2394 5288 sine
2423 5251 2609 5292 errore
2652 5237 2819 5307 pingi.
2861 5235 2996 5292 Cum
3031 5239 3173 5293 enim
3205 5253 3299 5294 eo-

1739 5318 1862 5372 dem
1910 5320 2032 5376 loco
2084 5325 2442 5380 consistentia
2493 5339 2545 5383 et
2596 5330 2893 5385 immobilia
2949 5331 3295 5395 describant,

1737 5408 1924 5477 plures
1953 5425 2020 5465 ex
2050 5427 2116 5466 eo
2152 5429 2376 5471 necesse
2395 5426 2480 5473 est
2514 5417 2570 5472 in
2599 5418 2900 5473 orientibus
2925 5418 3087 5473 simul
3118 5427 3171 5474 et
3202 5434 3296 5474 oc-

1737 5496 2044 5556 cidentibus
2075 5501 2347 5560 sideribus
2376 5521 2590 5562 errores
2620 5505 2875 5563 incidere.
2912 5509 3072 5562 Initio
3110 5509 3293 5579 itaque

1999 5688 2044 5766 ξε
2071 5689 2153 5742 An
2178 5690 2369 5766 ᾖδίως,
2411 5695 2504 5748 καί
2537 5711 2719 5766 φησιν.
2827 5695 2870 5728 ³⁹
2905 5693 3022 5751 Scr.
3051 5694 3119 5751 τὰ
3145 5695 3285 5750 κατ’.
