3800 6328
509 23 518 27 -
531 17 734 28 ----ρ-ὲ-.“
735 13 832 28 “.----
847 16 1014 26 ’.ε-’.ε--
1045 24 1078 26 --

483 330 628 389 1159

1507 318 1599 374 ΔΙ)
1633 314 1900 375 EUSEBII
1935 308 2330 371 CHRONICON
2370 307 2730 365 APPENDIX.

3581 306 3702 362 1160

485 449 556 504 ab
585 445 796 518 sphaera
826 443 1158 500 consistente
1182 439 1347 508 facto,
1373 436 1441 494 de
1463 453 1587 504 axe,
1622 438 1768 509 polo,
1801 445 1857 493 et
1887 436 1956 492 iis
1975 435 2045 493 si-

2164 450 2253 505 ςης
2281 432 2382 505 τῆς
2411 432 2643 503 σφαίρας
2693 428 2821 501 περὶ
2862 423 3043 492 ἄξονος
3095 425 3191 480 καὶ
3236 425 3415 481 πόλων
3434 465 3448 489 ,
3490 427 3703 482 καὶτῶν

487 539 734 604 deribus,
779 552 899 608 quae
935 535 1122 590 arctici
1177 531 1372 588 circuli
1425 531 1632 586 ambitu
1695 529 2045 595 clauduntur,

489 643 794 685 sermonem
814 626 1082 691 instituit;
1112 620 1418 694 cuiusmodi
1451 629 1599 686 sunt,
1645 618 1818 685 Ursae,
1851 619 2047 686 Draco,

488 727 543 774 et
569 735 688 790 quae
720 719 787 772 ab
811 717 1028 786 cingulo
1057 715 1124 770 ad
1153 715 1318 786 pedes
1349 711 1551 782 Cephei
1596 713 1905 781 pertinent;
1934 718 2050 765 tum

489 806 556 863 de
601 808 666 861 iis
705 820 827 876 quae
871 804 1135 858 arcticum
1177 804 1321 857 inter
1370 809 1424 857 et
1473 800 1756 856 zodiacum
1788 801 2051 855 collocata

486 899 754 953 videntur.
786 896 864 952 Ac
891 896 958 950 de
985 895 1052 950 iis
1073 895 1312 966 quidem,
1366 907 1488 964 qua:
1529 893 1674 948 inter
1705 891 1967 947 arcticum
1997 896 2052 945 et

487 990 792 1055 zodiacum,
824 995 987 1058 atque
1016 985 1378 1042 antarcticum
1406 985 1513 1041 sita
1545 989 1694 1048 sunt,
1714 983 1789 1036 ita
1823 981 2048 1038 scribit:

488 1104 652 1170 Atque
686 1099 798 1170 alia
826 1098 1034 1168 quidem
1067 1097 1202 1170 inter
1240 1094 1540 1170 aquilonem
1583 1102 1631 1148 et
1659 1096 1759 1170 iter
1794 1092 1920 1170 solis

489 1170 555 1224 In
569 1164 892 1248 'medio'fusa
907 1177 1050 1232 sunt;
1073 1167 1184 1220 alia
1203 1166 1267 1220 ab
1287 1164 1526 1235 inferiori
1541 1175 1690 1234 parte
1706 1164 1984 1232 incipiunt.

486 1283 688 1339 Verum
761 1295 1080 1338 conversam
1131 1288 1321 1350 postea
1358 1277 1756 1347 contemplatus
1807 1275 2052 1332 eamdem

487 1376 774 1446 sphaeram,
806 1373 963 1444 15o
988 1379 1229 1438 artuum,
1252 1386 1316 1426 ac
1345 1370 1509 1428 simul
1551 1369 1843 1424 orientium
1873 1375 1930 1422 et
1959 1382 2053 1422 oc-

487 1467 786 1522 cidentium
837 1465 1241 1521 enarrationem
1289 1463 1414 1517 iniit
1455 1463 1524 1517 ab
1561 1461 1771 1517 oriente
1816 1458 2050 1524 Cancro,

487 1558 820 1614 culminante
845 1556 1045 1620 Ariete,
1075 1563 1131 1611 et
1151 1555 1432 1610 occidente
1478 1552 1836 1623 Capricorno.
1881 1548 2053 1606 Orsus

489 1659 669 1704 autem
701 1649 768 1702 ab
788 1656 984 1702 exortu
1013 1645 1232 1710 Cancri,
1271 1660 1396 1701 cum
1425 1659 1601 1716 eoque
1638 1644 1800 1698 simul
1821 1642 2053 1698 orientia

2155 525 2308 589 ἐντὸς
2337 523 2429 578 τοῦ
2460 520 2723 595 ἀρκτικοῦ
2760 518 2956 575 κύκλου
2986 519 3200 590 άστρων
3244 518 3336 572 τὸν
3365 517 3522 586 λόγον
3548 523 3702 573 ποιεῖ-

2154 633 2266 670 ται.
2303 615 2460 684 Λέγω
2488 615 2544 668 δὲ
2573 616 2842 684 ¹Ἄρκτων,
2874 611 2966 665 καὶ
2993 604 3313 682 Ᾱράκοντος,
3349 608 3446 662 καὶ⁵
3481 609 3588 661 τῶν
3611 611 3702 664 ἀπὸ

2154 708 2254 780 τῆς
2282 706 2456 778 ζώνης
2492 706 2652 776 μέχρι
2682 703 2857 757 ποδῶν
2881 702 2976 756 τοῦ
3009 701 3245 772 Κηφέως
3268 717 3282 731 ο
3319 697 3439 753 εἶτα
3471 701 3702 772 περὶτῶν

2159 802 2363 877 μεταξὺ
2402 797 2496 854 τοῦ
2544 795 2802 868 ἀρκτικοῦ
2831 794 2926 848 καὶ
2953 791 3216 858 ζωδιακοῦ
3261 788 3402 845 εἶναι
3441 792 3702 862 νομιζομέ-

2156 912 2283 950 νων.
2331 891 2494 960 Λέγει
2533 889 2590 944 δὲ
2639 887 2766 957 περὶ⁸
2796 886 2901 940 τῶν
2937 884 3138 955 μεταξὺ
3181 884 3276 937 τοῦ
3317 883 3581 955 ἀρκτικοῦ
3623 884 3702 935 καὶ

2157 983 2442 1054 ζωδιακοῦ,
2475 983 2569 1036 καὶ
2596 977 2954 1051 ἀνταρκτικοῦ
2979 975 3150 1040 οὕτως
3175 992 3190 1008 ’

2155 1099 2266 1157 Kal
2291 1101 2363 1154 τὰ
2385 1098 2501 1170 μὲν
2523 1092 2637 1170 οὖν
2657 1093 2850 1163 ,ϐορέω
2868 1092 2981 1170 ,καί
3007 1089 3263 1170 ἀλήοςιος
3287 1089 3518 1170 git-allato

2154 1157 2484 1240 Μεσσηᾷοὺς
2511 1157 2755 1236 κέχυταὶ
2773 1181 2786 1194 ο
2820 1162 2892 1218 τὰ
2922 1163 2989 1216 δὲ
3015 1163 3244 1215 νειόθεν
3272 1160 3515 1228 ἄρχεται
3541 1157 3698 1212 ἄλλα.

2156 1289 2319 1342 Κινου
2327 1285 2492 1357 μένης
2511 1283 2567 1337 δὲ
2589 1282 2689 1354 τῆς
2714 1279 2966 1350 σφαίρας,
2985 1277 3029 1309 ⁸³
3043 1273 3152 1328 τῶν
3175 1274 3471 1338 ἀνατολῶν,
3489 1275 3578 1326 καὶ
3597 1290 3700 1325 συνι

2156 1376 2548 1433 ανατελλόντων
2579 1375 2674 1427 καὶ
2696 1370 3079 1425 ἀντιδυνόντων
3107 1367 3402 1437 πεποίηται
3433 1365 3540 1418 ἀπὸ
3572 1366 3700 1435 Καρ-

2156 1471 2308 1525 κίνου
2341 1466 2742 1527 ἀνατέλλοντος,
2781 1463 2876 1516 καὶ
2917 1457 3375 1531 μεσουρανοῦντος
3404 1453 3591 1526 Κριοῦ,
3622 1455 3700 1506 καὶ

2157 1559 2437 1631 Αἰγόκερω
2463 1556 2734 1618 δύνοντος.
2779 1549 3108 1622 Ἀρξάμενος
3144 1547 3325 1618 μέντοι
3362 1545 3472 1597 ἀπὸ
3515 1544 3698 1613 Καρκί-

2157 1671 2248 1708 νου
2277 1650 2675 1713 ὰνατέλλοντος,
2703 1644 2797 1698 καὶ
2824 1643 2869 1675 ’⁵⁸
2898 1640 3121 1713 προσέτι
3163 1638 3229 1692 τὰ
3271 1634 3698 1690 συνανατέλλοντα

487 1748 544 1798 et
572 1739 876 1796 accidentia
904 1754 972 1794 ex
1016 1737 1247 1794 adverso
1281 1736 1462 1792 sidera
1503 1742 1844 1806 persecutus,
1864 1734 2045 1804 [dein-

2164 1743 2310 1815 αὑτῷ
2343 1742 2516 1813 ἄστρα
2537 1781 2553 1808 ,
2583 1738 2679 1793 καὶ
2713 1733 3054 1791 ἀντιδύνοντα
3085 1733 3142 1784 ὲν
3173 1732 3286 1793 τοῖς
3319 1727 3449 1798 ἑξῆς
3481 1726 3574 1779 οὐκ
3596 1725 3699 1793 ἐτή-

489 1846 616 1901 ceps
647 1829 897 1886 eumdem
930 1829 1180 1883 ordinem
1214 1841 1324 1881 non
1349 1825 1655 1888 tenuit,sed
1681 1827 1849 1883 variis
1879 1824 2045 1880 modis

2164 1812 2293 1908 ρησε
2318 1812 2522 1904 ταύτὴν
2563 1830 2661 1902 τὴν
2703 1826 2853 1890 τάξιν
2878 1842 2889 1855 ·
2924 1822 3058 1877 ἀλλὰ
3098 1819 3407 1890 διαφόρως,
3445 1815 3570 1868 ποτὲ
3619 1814 3698 1885 μὲν

489 1938 624 1978 usus
653 1929 738 1978 est
766 1939 781 1976 :
811 1928 915 1976 ute
936 1919 1159 1990 regione
1175 1917 1449 1973 interdum
1473 1917 1777 1972 accidentia
1799 1916 2054 1986 primum,

489 2021 616 2085 post
646 2012 810 2068 simul
839 2010 1069 2066 orientia
1091 2009 1427 2064 describeret
1453 2026 1468 2074 ;
1497 2009 1552 2062 in
1585 2008 1708 2063 aliis
1737 2008 1855 2063 vice
1875 2022 2053 2073 versa,

491 2119 522 2158 a
546 2103 919 2159 coorientibus
963 2101 1248 2171 inciperet,
1297 2101 1475 2171 iisque
1516 2099 1856 2154 contrarium
1895 2113 2056 2154 occa-

491 2210 614 2253 sum
644 2193 897 2249 facientia
918 2191 1236 2263 subiiceret.

561 2282 667 2338 Sed
720 2283 990 2354 poeticum
1037 2281 1142 2337 hoc
1191 2295 1330 2351 opus
1378 2279 1622 2351 plerique
1669 2278 2056 2351 depravarunt,

489 2373 752 2446 pictores,
792 2372 1113 2436 astronomi,
1154 2370 1516 2442 grammatici,
1561 2378 1884 2441 geometrae;
1934 2385 2057 2426 cum

491 2461 560 2518 ad
605 2476 760 2519 suam
793 2461 1026 2532 quisque
1058 2469 1296 2515 mentem
1332 2474 1397 2514 ac
1440 2460 1772 2516 voluntatem
1820 2461 2060 2531 privatas

488 2553 733 2624 picturas
759 2557 814 2608 et
845 2549 1322 2622 interpretationes
1360 2550 1624 2621 exigeret.

555 2643 915 2701 Proferuntur
961 2657 993 2697 a
1044 2641 1324 2697 nonnullis
1365 2639 1721 2697 Phwnomena
1774 2639 1894 2696 sine
1947 2639 2061 2696 ullo

489 2737 758 2810 prommio
787 2737 844 2791 in
871 2734 1018 2790 hunc
1057 2734 1282 2790 modum
1313 2751 1330 2790 :

489 2849 591 2906 Hae
615 2849 824 2922 quidem
846 2848 1182 2904 nihilominus
1218 2845 1422 2914 multat,
1456 2853 1506 2903 et
1529 2845 1659 2901 alibi
1700 2846 1824 2903 alia:
1851 2847 2062 2918 posita;

488 2962 708 3035 quidam
741 2961 956 3018 diversa
984 2959 1250 3031 prooemia
1282 2957 1548 3023 referunt,
1587 2956 1734 3012 velut
1768 2977 1784 3015 :

665 3075 745 3130 De
771 3075 882 3129 sole
908 3083 957 3128 et
986 3073 1179 3142 insigni
1208 3072 1336 3128 luna

661 3146 832 3202 Dicite
855 3144 1002 3207 mihi,
1034 3141 1218 3201 Musa.

491 3256 554 3315 In
583 3257 706 3313 aliis
732 3252 1180 3326 exemplaribus:

490 3372 709 3432 Anclide
733 3372 992 3440 hospitum
1027 3384 1239 3440 sacrum
1284 3384 1525 3440 germen,
1576 3384 1672 3440 age
1701 3377 1759 3424 tu
1796 3368 1926 3424 mihi

491 3445 762 3503 Caelestem
796 3439 1030 3512 attingas
1052 3439 1122 3494 ad
1147 3439 1428 3504 semitam;

491 3561 617 3629 alia,

667 3697 945 3766 Antigone,
973 3694 1237 3764 hospitum
1267 3705 1476 3746 sacrum
1500 3703 1729 3760 germen.

492 3812 693 3870 Verum
737 3809 885 3864 omni
931 3821 1159 3880 prorsus
1195 3818 1386 3860 carere
1421 3799 1689 3873 prommio
1721 3814 1860 3870 opus
1889 3797 2059 3866 istud,

491 3903 813 3959 indecorum
839 3905 962 3966 est;
998 3912 1064 3952 ac
1104 3910 1227 3952 cum
1263 3893 1431 3964 hujus
1476 3899 1649 3963 poetae
1685 3890 1964 3962 praestanti
1992 3889 2066 3944 l‘a-

491 3994 712 4060 cultate,
741 4002 854 4046 tum
882 4004 1014 4046 vero
1038 3986 1178 4044 tanti
1211 3984 1518 4057 argumenti
1551 3982 1834 4052 majestate
1879 3984 2062 4039 minus

491 4086 744 4156 dignum,
771 4081 854 4138 sic
891 4080 1038 4137 enim
1066 4077 1208 4134 initii
1253 4091 1319 4132 ac
1342 4075 1491 4132 velut
1519 4073 1713 4144 capitis
1741 4087 1935 4143 expers
1973 4089 2064 4130 es-

491 4186 576 4236 set
597 4178 698 4233 hoc
721 4187 933 4246 poema.
957 4172 1041 4227 Ab
1069 4170 1139 4226 iis
1169 4179 1350 4224 autem
1380 4165 1624 4224 exordiis
1661 4165 1928 4229 inchoari,
1954 4164 2064 4219 An-

493 4269 656 4335 clide‘,
699 4274 755 4322 et
791 4264 844 4319 id
881 4277 1053 4335 genus
1089 4259 1334 4322 exteris,
1385 4270 1496 4311 non
1521 4269 1588 4311 eo
1623 4254 1801 4310 solum
1849 4253 2064 4308 videtur

492 4358 809 4422 absurdum,
831 4355 974 4426 quod
997 4361 1220 4426 propter
1258 4348 1589 4406 cacozeliam
1635 4347 1704 4402 ab
1733 4345 1886 4401 Arati
1921 4345 2062 4416 stylo

492 4454 581 4510 isti
608 4467 800 4508 versus
838 4450 1198 4514 abhorreant;
1232 4444 1330 4500 sed
1368 4443 1514 4498 inest
1546 4441 1602 4496 id
1645 4440 1703 4494 in
1733 4455 1800 4496 eo
1844 4453 2062 4510 quoque

2090 3153 2137 3217 (Ξ

2153 1925 2224 1979 τὰ
2254 1921 2596 1979 ὰντιδύνοντα
2627 1917 2818 1990 πρῶτα
2847 1915 3031 1981 λέγει,
3065 1910 3289 1983 ὕστερον
3313 1910 3372 1962 δὲ
3401 1908 3469 1962 τὰ
3501 1924 3697 1960 συνανα-

2155 2017 2440 2070 τέλλοντα·
2473 2013 2566 2066 ἐπὶ
2615 2011 2674 2064 δέ
2714 2025 2873 2063 τινων
2922 2005 3222 2061 ἀνάπαλινο
3273 2000 3469 2073 πρῶτα
3515 2000 3604 2070 μὲν
3643 1997 3696 2049 τὰ

2157 2106 2632 2170 συνανατέλλοντα,
2667 2102 2890 2174 ὕστερον
2917 2098 2986 2152 τὰ
3004 2095 3370 2152 ἀντιδύνοντα.

2241 2285 2544 2358 Ἐλύμηναν
2587 2282 2645 2336 δὲ
2683 2279 2869 2334 πολλοὶ
2903 2275 3062 2332 τοῦτο
3108 2275 3168 2330 τὸ
3200 2275 3416 2346 ποίημα
3450 2271 3696 2342 ζωγράφοι

2158 2381 2253 2437 καὶ
2281 2377 2603 2451 ἀστρονόμοι
2625 2415 2642 2440 ,
2679 2372 2774 2428 καὶ
2817 2368 3194 2442 γραμματικοὶ
3218 2410 3233 2434 ,
3266 2366 3363 2420 καὶ
3395 2363 3694 2434 γεωμέτραι,

2157 2473 2384 2534 ἕκαστος
2411 2466 2590 2523 αὐτῶν
2620 2463 2756 2536 πρὸς
2783 2461 2847 2516 τό
2877 2459 3123 2532 βούλημα
3144 2457 3206 2513 τὸ
3238 2457 3368 2512 ἴδιον
3399 2453 3604 2528 γραφὰς
3623 2451 3698 2506 καὶ

2160 2563 2445 2635 ἐξηγήσεις
2478 2559 2612 2622 ιδίας
2632 2553 2962 2623 ποιούμενοι.

2229 2655 2454 2728 Φέρεται
2486 2651 2552 2723 δὴ
2597 2650 2668 2728 τὰ
2703 2645 3034 2716 Φαινόμενα
3069 2639 3176 2697 ὑπὸ
3211 2640 3311 2714 μέν
3353 2655 3510 2693 τινων
3557 2638 3699 2707 ἀπρο-

2158 2747 2418 2820 οιμίαστα
2439 2760 2456 2777 ο

2165 2864 2230 2917 Ol
2253 2858 2370 2931 μὲν
2393 2856 2550 2929 ὁμῶς
2572 2854 2786 2921 πολέες
2809 2869 2872 2908 τε
2891 2851 2990 2906 καὶ
3013 2847 3270 2914 ἄλλυδις
3287 2845 3469 2900 ἄλλοι
3491 2844 3692 2909 ἐόντες·

2162 2952 2270 3008 om
2292 2951 2352 3007 δέ
2372 2967 2533 3004 τινων
2555 2948 2788 3020 διάφορα
2817 2945 3098 3018 προοίμια,
3126 2943 3303 3012 ἀρχὴν
3329 2939 3519 3010 ἔχοντα
3535 2954 3548 2967 ·

2313 3063 2479 3134 Ἇμφί
2505 3079 2607 3134 μοι
2639 3059 2864 3134 ἠελίοιο
2895 3052 3285 3126 περικλειτοῒό
3309 3069 3374 3107 τε
3393 3049 3582 3121 μήνης

2310 3129 2563 3187 Ἕοίπεξέ
2584 3147 2708 3202 μοι,
2735 3129 2972 3184 Μοῦσαι

2161 3251 2286 3309 τινὰ
2313 3251 2370 3304 δὲ
2397 3249 2508 3303 τῶν
2539 3243 2888 3316 ἀντιγράφων
2908 3258 2923 3273 ·

2177 3361 2477 3435 Ἀγκλείδη
2503 3359 2718 3435 ξείνων
2740 3355 2904 3435 ἱερρν
2932 3352 3139 3435 adice,
3165 3354 3218 3409 el
3236 3351 3288 3406 δ’
3318 3350 3426 3421 ἅτε
3445 3350 3522 3404 σύ
3541 3364 3626 3419 μοι

2160 3425 2475 3505 Οὐρανίην
2485 3425 2798 3500 ψαύσειας(
2811 3425 2909 3480 ἐπὶ
2935 3425 3135 3495 τρίϐον
3151 3440 3167 3454 ·

2162 3549 2280 3604 ινια
2310 3545 2369 3600 δέ
2387 3562 2402 3577 ο

2312 3657 2623 3728 Ἀντίγονε,
2651 3653 2862 3720 ξείνων
2891 3649 3051 3720 ἱερὸν
3070 3649 3280 3715 θάλος.

2161 3775 2236 3832 Τὸ
2272 3773 2370 3845 μὲν
2392 3765 2486 3825 οὖν
2519 3766 2943 3842 ἀπροοιμίαστον
2967 3760 3230 3835 φέρεσθαι
3261 3760 3322 3814 τδ
3352 3759 3554 3831 ποίημα
3583 3773 3695 3808 mv-

2159 3865 2328 3929 τελῶς
2365 3865 2512 3917 ἐστιν
2559 3860 2803 3933 ἀπρεπὲς
2845 3857 2942 3912 καὶ
2976 3851 3196 3918 ἀνάξιον
3236 3852 3339 3923 τῆς
3375 3849 3468 3906 τοῦ
3509 3845 3696 3918 ποιητοῦ

2160 3956 2359 4030 ἀρετῆς
2407 3956 2502 4008 καὶ
2550 3953 2652 4023 τῆς
2712 3948 3040 4022 τηλικαύτης
3102 3943 3415 4006 ὑποθέσεως
3439 3960 3453 3973 ·
3499 3943 3695 4009 ἄναρχον

2161 4028 2270 4123 γάρ
2312 4048 2408 4104 καὶ
2440 4045 2715 4116 ἀκέφαλον
2755 4043 2907 4098 ἔσται
2948 4039 3010 4094 τὸ
3037 4037 3252 4108 ποίημα
3271 4053 3286 4068 ·
3316 4036 3380 4090 τὸ
3417 4035 3472 4088 δὲ
3499 4032 3593 4087 ἀπὸ
3616 4028 3692 4082 τοῦ

2173 4142 2508 4215 Ἆγκλείδη,
2557 4140 2652 4194 καὶ
2697 4136 2805 4192 τῶν
2855 4135 2983 4206 ἑξῆς
3025 4131 3314 4204 ἄρχεσθαι,
3356 4131 3490 4202 πρὸς
3524 4126 3592 4197 τῷ
3620 4123 3693 4176 διὰ

2161 4235 2491 4308 κακοζηλίαν
2539 4233 2797 4303 ἐκφυγεῖν
2835 4227 3003 4282 ταῦτα
3043 4225 3115 4278 τὰ
3167 4225 3273 4295 ἔπη
3322 4223 3411 4277 τὸν
3454 4222 3692 4293 Ἀράτειον

2160 4327 2504 4400 χαρακτῆρα,
2537 4324 2616 4378 ἔτι
2646 4323 2739 4379 καὶ
2768 4318 3074 4388 ἐναντίωμα
3111 4315 3230 4387 ἔχει
3261 4316 3324 4368 τὸ
3349 4314 3543 4368 οἴεσθαι
3566 4308 3690 4364 i669-

2166 4420 2632 4496 μηκονταετηρίδα
2675 4414 2837 4482 εἷναι,
2868 4415 2926 4470 ὲν
3052 4410 3488 4465 ἀποκαθίσταται
3517 4407 3542 4459 ὁ
3567 4403 3691 4474 ἥλιος

489 4559 740 4618 pugnans
758 4584 774 4609 ,
806 4540 951 4612 quod
977 4539 1138 4594 annis
1159 4492 1500 4607 septuaginta
1535 4532 1603 4587 ad
1614 4531 1777 4618 idem
1798 4492 2045 4601 punctim

2303 4513 2528 4586 σημείου
2557 4513 2650 4567 ἐπὶ
2674 4511 2915 4581 σημεῖον.
2950 4506 3102 4578 Ἔχει
3126 4504 3238 4576 γάρ
3270 4504 3333 4557 τὸ
3357 4492 3690 4570 κατεψευσμέ-
3721 4531 3733 4554 ,

490 4611 734 4688 revocari
762 4611 894 4684 solis
930 4623 1206 4680 curricula
1245 4621 1563 4676 credantur.
1613 4613 1747 4671 Tale
1791 4621 1876 4672 est
1914 4611 2062 4669 enim

491 4720 922 4779 commentitium
942 4715 1076 4772 illud
1102 4714 1384 4770 exordium
1405 4731 1419 4766 :

493 4835 695 4905 Septies
722 4850 842 4889 cum
869 4831 1131 4888 decenniis
1153 4825 1415 4882 conversis
1442 4822 1618 4878 annis.

2162 4625 2252 4664 νον
2286 4605 2572 4678 προοίμιον
2597 4601 2770 4665 οὕτως
2797 4617 2812 4631 ·

2167 4808 2434 4876 Ἐπταχα
2457 4804 2578 4860 σὺν
2609 4799 2888 4856 δεκάδεσι
2914 4793 3366 4868 περιπλομένων
3386 4785 3654 4847 ενιαυτὼν.

493 4945 627 5002 Cum
652 4953 833 4998 tamen
853 4941 1056 4995 Aratus
1082 4932 1455 4992 novemdecim
1477 4943 1744 4992 annorum
1771 4926 1948 4999 spatio
1977 4940 2045 4981 re-

2167 4917 2276 4977 Τοῦ⁹
2319 4916 2548 4989 Ἀράτου
2587 4908 3191 4982 ὲννεακαιδεκαετηρίδα
3219 4906 3416 4970 εἰδότος
3448 4906 3686 4958 ἀποκατα-

493 5037 648 5096 stitui
663 5033 832 5090 solem
847 5033 903 5088 in
920 5031 1062 5086 idem
1078 5025 1405 5100 principium
1420 5020 1654 5088 noverit,
1673 5021 1751 5076 ita
1777 5019 2026 5076 scribens
2043 5034 2063 5074 :

647 5186 661 5200 .
707 5188 720 5201 .
767 5185 781 5198 .
814 5183 829 5198 .
863 5141 990 5197 Iam
1018 5140 1158 5195 enim
1186 5135 1432 5191 celebrati
1460 5144 1583 5190 sunt

497 5270 633 5342 Tum
665 5293 987 5354 quotcunque
1015 5279 1079 5354 ab
1112 5270 1318 5349 cingulo
1351 5283 1419 5354 ad
1464 5270 2023 5354 extremumﬂrionem

500 5356 626 5412 Non:
651 5343 856 5417 evolvit,
894 5343 943 5405 et
980 5351 1048 5404 ad
1077 5343 1258 5404 canim
1287 5347 1540 5402 audacem
1575 5343 1812 5400 Orionis.

499 5468 656 5528 Unde
699 5465 746 5523 si
785 5463 1107 5537 prommium
1148 5460 1283 5517 illud
1323 5457 1737 5522 admiserimus,
1788 5453 1844 5508 in
1880 5466 1946 5509 eo
1974 5465 2062 5506 se-
2169 5449 2192 5469 "

499 5559 781 5635 ptuaginta
820 5571 1085 5612 annorum
1134 5555 1322 5611 orbem
1371 5561 1532 5625 poeta
1589 5545 1974 5604 constituerit:
2001 5543 2058 5598 in

571 5717 621 5752 ⁸³
651 5715 804 5771 Deest
826 5728 1008 5769 nomen
1044 5711 1236 5782 ἀρχήν.
1329 5707 1377 5740 ’⁸⁸
1408 5706 1562 5761 Deest
1609 5699 1831 5771 aliquid.

2169 5010 2428 5081 στατικὴν
2453 5006 2546 5061 τοῦ
2573 5005 2722 5078 ἡλίου
2748 5003 2835 5058 διὰ
2857 5001 3058 5057 τούτων
3073 5016 3086 5032 ο

2167 5171 2184 5185 .
2229 5165 2242 5178 .
2287 5165 2301 5179 .
2337 5163 2350 5177 .
2391 5163 2404 5176 .
2442 5160 2456 5175 .
2501 5162 2514 5175 .
2548 5160 2561 5172 .
2609 5120 2685 5172 Τὰ
2715 5117 2827 5187 γὰρ
2855 5109 3341 5187 συναγείρεται-⁸⁵
3375 5106 3484 5175 ἤδη

2177 5181 2629 5250 Ἔννεακαίδεκα
2648 5181 2843 5242 κύκλα
2869 5181 3115 5254 φαεινοῦ
3148 5181 3376 5254 negato
3399 5195 3411 5208 ο

2169 5268 2360 5320 Ὄσσα
2389 5265 2436 5315 τ’
2469 5261 2585 5316 ἀπὸ
2616 5259 2796 5324 ζώνης
2832 5250 2917 5321 εἰς
2941 5254 3202 5324 ἔσχατον
3231 5250 3466 5324 Ὠρίωνα

2165 5335 2294 5399 Νὺξ
2321 5330 2683 5394 ἐπιδινεῖται,
2719 5320 2886 5381 Κῦνα
2916 5341 2978 5378 τε
3014 5320 3245 5390 θρασὺν
3280 5320 3546 5386 Ὠρίωνος.

2165 5509 2762 5610 ἑϐδομηκονταετηρίδα
2791 5509 2941 5586 ἔσται
2987 5527 3160 5596 λέγων
3198 5526 3227 5578 ὁ
3267 5520 3510 5594 ποιητὴς,
3542 5517 3590 5567 ἐν
3637 5509 3686 5563 δὲ

1925 5697 1971 5730 ⁸³
2004 5696 2047 5764 f.
2084 5691 2440 5750 συναείδεται.
