3800 6378
117 381 212 437 1161

1465 366 1674 426 AR.le
1713 365 1895 424 VITA.

3153 356 3289 414 1162

117 502 198 564 τοῖς
244 497 357 570 ἑξῆς
401 493 1036 566 ιννεακαιδεκαετηρίξα·
1095 494 1189 546 καὶ
1233 492 1391 553 αὐτὸς
1440 487 1617 560 ἑαυτῷ

1749 482 2095 555 equentibus,
2125 495 2394 536 annorum
2432 477 2806 534 novemdecim
2841 494 2856 544 ;
2891 491 2954 533 ac
2971 479 3291 547 secumipse

115 588 459 659 ιναντιούμενος
478 606 491 620 ·
535 588 669 658 ὅπερ
729 588 948 641 ἄτοπον.
999 585 1252 656 Ἀμεινον
1300 577 1392 635 οὖν
1427 581 1488 647 τὸ
1529 579 1616 634 διὰ

115 681 191 735 τῶν
222 680 463 734 πλείστων
487 677 831 750 ἀντιγράφων
861 675 1155 748 φερόμενον
1188 673 1524 746 προσίεσθαι,
1556 661 1616 722 οὗ

117 774 136 842 ἠ
155 773 270 844 ἀρχή
295 789 308 802 ·

120 882 190 937 Ἐκ
213 883 327 949 Διὸς
348 883 696 954 ἀρχώμεσθα
717 901 730 914 ·
755 882 862 935 τὸν
879 879 1148 935 οὐδέποτ’
1177 876 1390 947 ἄνδρες
1409 874 1617 952 ἐῶμεν.

119 995 364 1068 Ἀρμὸττον
389 997 494 1068 γὰρ
528 997 592 1050 ἂν
626 999 710 1067 εἴη
741 996 834 1048 ἀπ’
866 995 1029 1050 αὐτοῦ
1068 993 1164 1065 τὴν
1191 991 1361 1064 ἀρχὴν
1398 991 1622 1061 ποιήσα-

112 1089 204 1142 σθαι
231 1089 308 1142 τὸν
333 1091 452 1160 περὶ
479 1089 586 1143 τῶν
620 1089 885 1160 οὐρανίων
912 1085 1289 1158 ἐξηγούμενον.
1331 1082 1535 1153 Πρέπει
1565 1081 1622 1134 δὲ

109 1183 180 1234 καὶ
201 1185 428 1254 ποιηταῖς
463 1183 695 1252 μάλιστα
719 1180 857 1251 αὓτη
885 1183 918 1252 ἡ
953 1180 1094 1251 ἀρχή
1121 1196 1134 1209 ·
1168 1177 1290 1231 ἐπεὶ
1309 1176 1402 1230 καὶ
1429 1175 1488 1226 ὲν
1512 1175 1623 1235 τοῖς

111 1275 380 1344 συμποσίοις
423 1278 572 1345 τρεῖς
606 1273 888 1344 κρατῆρας
931 1272 1195 1342 ἐκίρνων·
1240 1268 1332 1322 καὶ
1392 1267 1480 1320 τὸν
1527 1263 1624 1334 μὲν

109 1367 284 1438 πρῶτον
303 1367 416 1430 Διὸς
457 1367 767 1437 Ὀλυμπίου,
799 1365 894 1418 τὸν
919 1364 974 1417 δὲ
1008 1363 1256 1434 δεύτερον
1289 1358 1625 1430 Διοσκούρων

109 1458 181 1510 καὶ
203 1456 400 1528 ἡρώων,
425 1457 516 1510 τὸν
553 1457 610 1509 δὲ
651 1455 832 1528 τρίτον
871 1453 991 1516 Διὸς
1037 1452 1301 1524 σωτῆρος.
1342 1449 1433 1503 Διὸ
1479 1449 1572 1503 καὶ
1597 1449 1626 1500 ὁ

106 1548 354 1620 Θεόκριτος
370 1566 382 1579 ·

114 1640 188 1694 ἐκ
229 1642 349 1709 Διὸς
394 1640 780 1710 ἀρχώμεσθα,
810 1641 974 1711 φησὶ,
1023 1638 1118 1693 καὶ
1166 1640 1230 1704 ἐς
1394 1635 1627 1760 έέξέῗτε,

1004 1754 1008 1758 .
1354 1725 1426 1762 ου
1541 1745 1555 1757 .

1004 1754 1008 1758 .
1273 1723 1555 1762 ΙΜουσαι.

1719 576 2020 648 pugnabit;
2068 574 2214 645 quod
2273 580 2359 628 est
2406 571 2729 627 absurdum.
2770 569 2955 625 Satius
3001 575 3085 624 est
3130 569 3285 638 igitur

1720 669 1934 724 initium
1964 666 2097 721 illud
2125 665 2455 727 adsciscere.
2485 664 2632 736 quod
2662 664 2718 718 in
2749 662 3151 733 exemplaribus
3182 662 3297 733 ple-

1719 760 1905 829 risque
1929 758 2192 821 cernitur,
2231 756 2485 810 nimirum
2519 775 2532 812 :

1720 874 1800 928 Ab
1829 874 1957 928 Jove
1990 874 2324 941 auspicemur
2346 887 2364 924 :
2393 887 2545 941 quem
2593 886 2860 942 nunquam
2909 869 3009 924 viri
3052 869 3294 923 sinimus.

1721 987 1819 1044 Est
1858 988 2003 1044 enim
2037 993 2462 1043 consentaneum
2510 983 2634 1040 in‘de
2670 984 2822 1039 illum
2869 983 3163 1053 auspicari,
3203 984 3296 1053 qui

1722 1082 1789 1136 de
1827 1079 2146 1135 caelestibus
2182 1080 2346 1134 rebus
2377 1077 2648 1147 explicare
2686 1075 2944 1131 instituit.
2987 1074 3296 1142 Quinetiam

1724 1173 1899 1244 poetis
1925 1173 2159 1227 maxime
2182 1169 2434 1226 convenit
2453 1170 2556 1223 hoc
2587 1169 2892 1225 exordium.
2916 1166 3050 1222 Nam
3077 1168 3130 1222 in
3162 1182 3298 1222 con-

1723 1266 1884 1321 viviis
1910 1273 2021 1321 tres
2049 1264 2351 1320 miscebant
2377 1262 2898 1333 crateraszprimum
2929 1260 3080 1317 Jovis
3113 1259 3299 1332 Olym-

1726 1357 1830 1428 pii,
1884 1356 2184 1413 secundum
2229 1355 2517 1410 Castorum
2556 1362 2610 1410 et
2652 1355 2900 1419 heroum,
2943 1353 3163 1410 tertium
3201 1351 3298 1406 Jo-

1727 1455 1810 1506 vis
1848 1450 2229 1521 Sospitatoris.
2263 1448 2419 1504 Unde
2445 1448 2769 1504 Theocritus
2802 1465 2816 1501 :

1729 1629 1810 1683 Ab
1832 1627 1981 1695 Jove,
2002 1629 2200 1702 inquit,
2239 1631 2578 1700 incipiamus,
2629 1639 2679 1684 et
2726 1631 2780 1683 in
2828 1627 3299 1770 Jovemlgesinite,

3100 1715 3227 1752 usae.

3100 1715 3227 1752 usae.

112 1824 158 1879 '0
178 1826 228 1878 δὲ
266 1825 486 1897 Ὀρφεὺς
511 1823 687 1878 πάντα
715 1824 904 1895 καιρὸν
935 1821 1218 1892 ἀνατίθησι
1243 1822 1345 1888 Διὶ,
1374 1821 1549 1888 λέγων
1567 1836 1580 1850 ·

1749 1813 1982 1885 ἶ)ι·ρὴευε
2008 1829 2136 1870 vero
2171 1824 2384 1885 tempus
2412 1829 2572 1868 omne
2592 1810 2709 1868 Jovi
2752 1813 2944 1867 tribuit
2969 1810 3054 1865 his
3083 1811 3298 1864 verbis:

105 1941 227 2008 Ζεὺς
251 1939 394 2009 ἀρχή
414 1958 427 1970 ·
467 1940 616 2008 Ζεὺς
635 1939 866 2009 μέσσα·
899 1939 1028 2006 Διὸς
1055 1938 1195 1999 δ’,ἑκ
1238 1937 1433 2080 adria
1467 1935 1629 1991 τέτυ-

1403 2023 1553 2061 κται.

1403 2023 1553 2061 κται.

104 2105 240 2158 Ὅθεν
263 2104 559 2168 ἀκολούθως
581 2105 673 2158 καὶ
703 2105 782 2176 τῷ
812 2105 921 2160 ἔθει
949 2104 1026 2175 τῷ
1043 2103 1253 2174 παλαιῷ
1286 2103 1380 2157 καὶ
1407 2105 1472 2173 τῇ
1505 2103 1633 2155 ὑπο-

102 2199 300 2272 κειμένῃ
324 2198 573 2252 ὑποθέσει
601 2198 708 2251 ἀπὺ
739 2197 858 2260 Διὸς
891 2197 1182 2267 πεποίηται
1217 2194 1313 2265 τὴν
1341 2194 1546 2265 ἀρχήν.ι

167 2374 497 2430 Ἐπικαλοῦσι
549 2376 608 2430 δὲ
643 2375 794 2446 αύτῷ
831 2373 930 2447 τὴν
973 2394 991 2426 ‹
1033 2375 1098 2428 ἐκ
1140 2393 1160 2428 ι
1203 2375 1460 2447 πρόθεσιν
1516 2377 1636 2430 ἀντὶ

99 2468 180 2539 τῆς
213 2487 231 2520 ι
269 2468 367 2521 ἀπὸ
409 2488 428 2519 ι
471 2468 846 2538 παρειληφότι.
890 2468 1035 2521 Ἔδει
1073 2466 1201 2540 γὰρ,
1235 2467 1417 2537 φασὶν,
1442 2470 1634 2533 εἰπεῖν,

104 2561 232 2615 «ἀπὸ
267 2562 401 2626 Διός.
429 2580 448 2613 ι
495 2561 773 2630 Ἀγνοοῦσι
809 2561 899 2626 δὲ,
934 2562 1014 2615 ὅτι
1047 2563 1140 2615 καὶ
1189 2561 1450 2634 Πίνδαρος
1507 2579 1638 2616 κατ-

97 2656 335 2724 εχρήσατο
358 2653 435 2725 τῷ
465 2653 575 2707 ἔθει
597 2654 790 2726 τούτῳ,
815 2653 987 2724 λέγων
1010 2673 1020 2685 ·
1053 2657 1221 2709 Ὅθεν
1235 2669 1344 2725 περ
1366 2656 1462 2708 καὶ
1478 2655 1641 2723 Ὀιιη-

96 2743 252 2810 ρίδαι,
275 2743 517 2814 ῥαπτῶν
541 2744 733 2799 ἐπέων
770 2745 843 2799 τὰ
881 2745 1080 2800 πολλὰ
1119 2745 1327 2810 ἀοιδοὶ,
1360 2745 1642 2815 ἄρχονται

97 2839 213 2905 Διὸς
259 2840 321 2893 ὲκ
380 2839 724 2908 προοιμίου·
772 2838 867 2891 καὶ
918 2832 1194 2908 Ἀλκμάν·
1251 2837 1388 2908 Ἐγὼ
1431 2838 1499 2891 δὲ
1549 2838 1644 2894 ἀεί

94 2933 184 2986 σοι
231 2933 302 3003 (a)
327 2949 401 3002 με
440 2933 508 2985 ἐκ
549 2931 682 2996 Διὸς
711 2931 1032 3000 ἀρχόμενα.
1071 2929 1279 2995 Ἀλλως
1330 2930 1387 2984 δὲ
1434 2931 1529 2984 καὶ
1579 2931 1642 2985 τὸ

100 3021 224 3075 «ἀπὸ
257 3041 274 3074 ι
297 3021 572 3094 δύσφημόν
607 3023 753 3075 ἐστιν
774 3037 787 3052 ·
822 3021 898 3086 ὡς
933 3022 987 3074 εί
1011 3039 1095 3086 τις
1119 3022 1288 3092 λέγοι,
1319 3041 1337 3076 ι
1371 3023 1589 3078 ἄποθεν.
1619 3041 1638 3076 ι

154 3283 246 3336 Δία
273 3283 328 3337 δὲ
363 3284 414 3336 oi
467 3284 565 3354 μὲν
610 3282 699 3336 τὸν
731 3282 975 3354 οὐρανὸν,
1009 3283 1059 3336 oi
1091 3283 1149 3336 δὲ
1190 3285 1280 3337 τὸν
1306 3284 1477 3355 ἣλιον,
1509 3287 1557 3339 οἱ
1589 3286 1648 3339 δὲ

93 3373 172 3426 τὸν
205 3375 425 3446 μυθικὸν
463 3375 790 3442 ἐξεδέξαντο.
838 3377 899 3429 Οἱ
938 3376 1034 3446 μὲν
1066 3371 1157 3430 οὖν
1187 3377 1278 3430 τὸν
1308 3378 1535 3448 οὐρανὸν
1563 3378 1650 3432 λέ-

93 3476 284 3532 γοντες,
310 3465 701 3537 παρατίθενται
730 3466 821 3520 τὸν
852 3466 1080 3537 ποιητὴν
1106 3466 1332 3536 λέγοντα
1350 3484 1363 3498 ·

102 3658 189 3727 Ὠς
213 3662 261 3716 δ’
293 3663 391 3720 ὅτε
422 3666 690 3735 ταρφειαὶ
729 3666 977 3735 νιφάδες
1009 3667 1143 3732 Διὸς
1174 3667 1578 3722 ἐκποτέονται·

88 3776 352 3832 τουτέστιν
391 3797 410 3832 ι
451 3779 512 3844 ἐξ
543 3780 801 3852 ούρανοῦ·
831 3801 849 3833 ι
883 3782 976 3835 καὶ
1011 3783 1241 3853 Ἀρατον
1271 3783 1433 3837 αὐτὸν
1464 3784 1520 3837 ὲν
1541 3787 1654 3850 τοῖς

83 3863 204 3938 ἑξῆς
256 3869 482 3940 λέγοντα
524 3873 652 3943 περὶ
683 3872 778 3925 τοῦ
815 3873 1013 3926 Ἵππου
1035 3891 1047 3902 ·
1090 3876 1186 3928 Ἐν
1215 3875 1348 3942 Διὸς
1376 3877 1652 3931 εἱλεῖται·

85 3954 112 4006 δ
136 3963 276 4018 ἐστιν
305 3984 323 4016 ι
357 3967 414 4018 ὲν
442 3965 522 4035 τῷ
552 3964 784 4036 οὐρανῷ·
816 3986 835 4018 ι
863 3968 912 4019 οἱ
937 3967 996 4019 δὲ
1019 3966 1116 4020 Δία
1143 3967 1234 4020 τὸν
1261 3967 1458 4040 αἰθέρα
1480 3985 1657 4039 παρα·-

87 4045 329 4115 λαὸόντες
365 4058 754 4122 παρατίθενται
782 4059 1081 4130 Εὐριπίδην
1116 4059 1372 4128 λέγοντα·

95 4139 456 4224 ξρρᾷςητόνὸῖ
704 4151 863 4204 τόνδ’
899 4150 1146 4224 ἄπειρον
1173 4151 1396 4224 αἰθέρα,

82 4215 193 4291 {fui
218 4214 329 4282 γῆν
362 4214 535 4291 πέριξ
559 4217 753 4291 ἕζονθ’
782 4221 990 4290 ὑγραῖς
1010 4214 1079 4274 ἐν
1109 4214 1419 4290 ἀγκάλὶιιξ·

87 4285 303 4338 Τοῦτον
327 4285 526 4354 νόμιζε
551 4285 717 4354 Ζῆνα
735 4329 750 4353 ,
783 4285 941 4344 26hr
966 4285 1124 4361 ἢτοῦ
1157 4285 1325 4346 Geor.

151 4377 259 4430 Καὶ
318 4379 448 4443 ἴσως
501 4379 651 4450 Ζῆνὰ
682 4399 765 4446 τις
792 4385 954 4439 αὑτὸν
983 4385 1194 4457 καλοίη,
1221 4384 1311 4438 διὰ
1342 4387 1402 4440 τὸ
1433 4386 1654 4458 πυρώδη

80 4460 220 4520 εἶναι
251 4469 346 4522 τὸν
397 4469 616 4542 αἰθέρα·
664 4473 772 4526 ἀπὸ
812 4476 910 4544 μὲν
943 4477 1037 4529 τοῦ
1085 4477 1382 4545 αἴθεσθαι,
1423 4479 1652 4551 αἰθέρα·

1688 4525 1732 4581 D

1731 1930 1940 2002 Jupiter
1967 1933 2214 1998 initium;
2243 1933 2453 2003 Jupiter
2481 1933 2748 1998 medium;
2775 1933 2838 1986 ab
2864 1932 2992 2076 Jovle
3031 1934 3206 1987 omnia
3230 1933 3308 2002 fa-

2982 2014 3066 2058 cta
3095 2016 3236 2058 sunt.

2982 2014 3066 2058 cta
3095 2016 3236 2058 sunt.

1733 2097 2122 2164 Quamobrem,
2179 2107 2238 2152 ut
2288 2107 2342 2154 et
2384 2108 2536 2155 vetus
2586 2097 2926 2152 consuetudo
2965 2097 3205 2160 ferebat,
3254 2105 3309 2153 et

1737 2191 2020 2261 proposito
2076 2199 2394 2262 argumento
2462 2192 2816 2264 congruebat,
2860 2191 2930 2246 ab
2971 2190 3104 2246 Jove
3145 2194 3310 2261 cmpit

1737 2282 2044 2338 exordium.

1812 2375 1951 2432 Sunt
1971 2378 2064 2446 qui
2091 2377 2490 2447 reprehendant
2528 2385 2766 2449 poetam,
2791 2377 2937 2449 quod
2977 2379 3314 2448 praepositio-

1741 2485 1863 2526 nem
1927 2485 2037 2525 rex
2075 2488 2096 2522 ι
2130 2470 2335 2540 potius,
2389 2485 2552 2541 quam
2602 2489 2621 2522 ι
2650 2470 2718 2524 ab
2745 2489 2765 2522 ι
2813 2469 3178 2539 usurpaverit.
3222 2469 3314 2524 Di-

1741 2560 1973 2616 cendum
2036 2561 2184 2617 enim
2226 2561 2422 2626 fuerat,
2468 2561 2743 2631 inquiunt,
2805 2561 2915 2616 «ab
2951 2559 3149 2626 Jove,»
3203 2577 3312 2616 non

1747 2673 1768 2708 ι
1798 2670 1863 2710 ex
1899 2652 2054 2712 Jove.
2081 2674 2100 2708 ι
2166 2652 2270 2710 Sed
2327 2654 2580 2709 nesciunt
2625 2654 2884 2708 nimirum
2923 2654 3112 2709 eodem
3163 2669 3317 2710 more

1746 2745 2004 2816 loquendi
2036 2761 2194 2802 usum
2225 2760 2348 2802 esse
2379 2745 2763 2800 Pindarumita
2780 2746 3104 2800 scribentem
3129 2764 3141 2799 :
3167 2743 3315 2800 Unde

1747 2848 1797 2894 et
1838 2837 2166 2904 Homeridrc,
2209 2848 2544 2894 consutorum
2571 2839 2866 2893 carminum
2895 2847 3080 2906 poetic,
3121 2839 3314 2906 swpius

1747 2933 2006 3002 incipiunt
2041 2930 2188 2986 Jovis
2226 2947 2290 2985 ea:
2340 2932 2611 3002 prooemio.
2640 2950 2659 2983 ι
2689 2929 2818 2986 ltem
2864 2931 3125 2985 Alcman:
3155 2949 3175 2982 ι
3202 2929 3316 3001 Ego

1750 3042 1865 3082 vero
1908 3041 2112 3095 semper
2165 3023 2260 3078 tibi
2293 3040 2372 3078 me
2431 3038 2494 3076 ea:
2537 3021 2666 3076 Jove
2721 3023 2998 3092 incipiens.
3050 3023 3130 3076 Ac
3164 3021 3317 3076 video

1749 3126 1840 3172 tur
1869 3127 2128 3190 praeterea
2174 3118 2265 3172 illa
2303 3131 2404 3172 vox
2444 3132 2464 3167 ι
2486 3115 2554 3169 ab
2578 3134 2596 3167 ι
2635 3115 2820 3170 nescio
2847 3115 2974 3186 quid
3015 3116 3156 3171 male
3181 3114 3320 3169 omi-

1750 3219 1938 3267 natum
1961 3212 2162 3266 habere
2187 3230 2199 3266 :
2227 3213 2382 3280 quasi
2409 3211 2562 3265 dicas
2597 3228 2610 3264 :
2645 3227 2664 3260 ι
2693 3210 2884 3278 procul
2926 3209 3013 3263 ab.
3039 3228 3058 3260 ι

1819 3303 2086 3359 Caeterum
2122 3301 2308 3358 Jovem
2367 3303 2455 3356 alii
2493 3302 2690 3357 cmlum
2731 3302 3177 3371 interpretantur,
3226 3300 3315 3353 alii

1749 3395 1973 3459 aethera,
2005 3395 2098 3449 alii
2121 3395 2313 3458 solem,
2339 3395 2432 3448 alii
2478 3394 2545 3449 ad
2585 3393 2893 3449 fabulosum
2948 3393 3098 3447 illum
3131 3391 3320 3447 Jovem

1750 3488 2018 3544 referunt.
2043 3488 2144 3555 Qui
2172 3489 2369 3544 coelum
2403 3504 2526 3545 esse
2550 3487 2866 3553 defendunt,
2901 3503 2999 3559 pro
3021 3503 3078 3544 se
3108 3495 3322 3558 poetam

1750 3582 1923 3636 citant
1951 3581 2026 3635 ita
2054 3582 2366 3651 loquentem
2399 3601 2413 3638 :

1756 3671 1912 3743 151
1950 3673 2028 3727 Ac
2064 3674 2225 3729 veluti
2253 3691 2373 3728 cum
2411 3675 2607 3730 crebra:
2635 3675 2774 3729 nives
2815 3673 2878 3728 ab
2909 3673 3036 3728 Jove
3071 3672 3322 3730 volitant;

1753 3784 1807 3839 id
1847 3794 1966 3851 est,
2015 3805 2035 3838 ι
2073 3801 2103 3842 e
2163 3788 2324 3844 ccelo.
2381 3807 2399 3841 ι
2445 3787 2666 3842 Necnon
2725 3789 3015 3857 ipsummet
3064 3790 3319 3850 Aratum,

1752 3878 1844 3946 qui
1892 3878 1949 3932 in
2004 3880 2358 3950 sequentibus
2407 3881 2474 3936 de
2525 3879 2679 3951 Equo
2721 3882 2802 3936 sic
2851 3881 3061 3944 scribit,
3097 3878 3160 3933 In
3196 3878 3326 3932 Jore

1752 3969 2011 4036 volvitur;
2039 3973 2133 4028 sed
2157 3974 2248 4042 qui
2275 3973 2342 4028 de
2368 3974 2568 4030 aethere
2586 3975 2771 4030 Jovem
2801 3973 3096 4044 accipiunt,
3132 3981 3320 4029 testem

1755 4062 2068 4134 Euripidem
2101 4065 2412 4132 adducunt,
2451 4066 2609 4135 cujus
2638 4067 2751 4120 haec
2780 4065 2944 4121 verba
2976 4073 3104 4121 sunt
3135 4083 3147 4119 :

1766 4156 1918 4211 Vides
1947 4157 2081 4211 hunc
2108 4159 2161 4211 in
2183 4158 2399 4214 sublimi
2422 4161 2731 4214 immensum
2761 4159 2993 4222 ethera;

1759 4226 1863 4292 Qui
1890 4237 2080 4281 terram
2110 4230 2308 4282 circum
2332 4232 2562 4284 continet
2591 4229 2820 4283 humidis
2851 4232 2902 4281 in
2924 4229 3066 4282 ulnis
3096 4245 3115 4282 :

1759 4296 1916 4352 Hunc
1949 4308 2002 4351 tu
2030 4307 2158 4366 puta
2180 4298 2363 4354 Jovem
2392 4317 2409 4354 :
2441 4301 2574 4353 hunc
2603 4299 2865 4353 arbitrare
2891 4297 3078 4354 Deum.

1827 4391 1904 4445 Ac
1958 4391 2145 4447 nescio
2205 4405 2387 4446 annon
2443 4393 2588 4463 Ζῆνα
2645 4399 2929 4462 propterea
2990 4391 3115 4462 quis
3172 4392 3324 4448 illum

1760 4481 1980 4547 dixerit,
2009 4481 2155 4552 quod
2199 4482 2392 4553 igneus
2425 4483 2496 4537 sit
2526 4482 2717 4539 aether.
2749 4482 2956 4552 Quippe
2985 4482 3053 4538 ab
3085 4497 3149 4538 eo
3171 4483 3326 4553 quod

80 4556 188 4610 ἀπὸ
216 4559 273 4613 δὲ
304 4562 401 4615 τοῦ
428 4561 537 4632 ζῇν
563 4563 608 4594 ⁸⁸
633 4565 728 4617 καὶ
757 4565 909 4636 παρὰ
949 4569 1047 4642 τὴν
1078 4569 1347 4640 ζήτησιν,
1379 4571 1525 4642 Ζῆνα
1548 4589 1562 4604 ·
1603 4589 1630 4626 o

1761 4581 1846 4627 est
1875 4572 2143 4638 αἴθεσθαι,
2183 4573 2234 4628 id
2263 4581 2348 4629 est
2390 4573 2605 4638 ardere,
2653 4574 3085 4630 nominatus-est
3121 4575 3325 4629 mlier:

75 4646 132 4698 δὲ
157 4650 257 4704 Δία
285 4653 378 4706 τὸν
403 4655 555 4725 ἥλιον
589 4657 882 4728 νοήσαντες
923 4660 1196 4729 λέγουσιν,
1233 4665 1316 4718 ὅτι
1360 4665 1455 4719 καὶ
1486 4665 1655 4736 Σοφο-

76 4738 214 4810 κλῆς
244 4744 345 4798 Δία
371 4746 460 4801 τὸν
490 4747 641 4819 ἥλιον
676 4749 832 4803 καλεῖ
856 4751 1029 4821 λέγων
1048 4771 1062 4786 ·

74 5059 138 5108 :n.
182 5062 198 5076 .
226 5063 241 5076 .
276 5064 291 5080 .
333 5027 583 5108 ςῌελζοιο
613 5036 860 5103 κτείρειε
885 5038 1010 5108 ἐμέ·

66 5092 134 5178 9-1
164 5099 350 5178 σοφοὶ
370 5103 701 5178 ⁵⁷-λέγουσι
731 5092 1028 5178 ’ξεεννηὶὴν
1061 5108 1230 5176 θεῶν.

68 5161 316 5233 Πατέρα
360 5161 620 5227 admone.

65 5250 188 5306 Καὶ
214 5256 427 5316 ἔννοιαν
462 5265 562 5337 τῆς
589 5265 746 5338 δόξης
779 5267 982 5341 ταύτης
1015 5271 1178 5341 φασὶν
1201 5272 1345 5344 ἔχειν
1375 5272 1468 5328 τὸν
1491 5290 1652 5346 ποιη-

64 5345 198 5415 τὴν,
225 5350 357 5406 ὅταν
383 5355 516 5430 λέγῃ
535 5375 549 5388 ·

73 5432 232 5507 Ἡχὴ
265 5443 319 5496 δ’
355 5448 704 5519 ἀμφοτέρων
729 5453 873 5508 ἵκετ’
904 5456 1109 5525 αἰθέρα
1138 5455 1237 5513 καὶ
1266 5457 1399 5524 Διὸς
1429 5456 1618 5526 αὐγάς
1639 5473 1653 5489 ⁸

57 5588 168 5640 καὶ
211 5591 296 5657 τὸ,

1763 4669 1832 4722 ab
1882 4683 1947 4724 eo
1985 4684 2134 4735 vero,
2175 4670 2318 4740 quod
2368 4677 2454 4726 est
2506 4667 2638 4737 ζεῖν,
2679 4684 2744 4726 ac
2784 4677 3006 4740 propter
3035 4668 3323 4735 fervorem,

1766 4763 1912 4834 Ζῆνα
1939 4763 2214 4819 dixerunt.
2246 4762 2364 4820 Jam
2394 4763 2488 4835 qui
2522 4759 2709 4819 Jovem
2743 4764 2952 4820 malunt
2980 4773 3102 4821 eSSe
3133 4763 3326 4828 solem,

1766 4854 1920 4908 aiunt
1945 4853 2266 4926 Sophoclem
2293 4855 2483 4911 eodem
2512 4853 2776 4910 vocabulo
2805 4854 2974 4910 solem
3005 4853 3325 4924 appellasse.

1763 4962 1886 5001 cum
1917 4947 2138 5018 scripsit
2175 4966 2189 5002 :

1767 5041 1790 5095 .’
1822 5079 1837 5094 .
1876 5079 1890 5093 .
1932 5037 2027 5094 Sol
2058 5039 2359 5093 miserescat
2390 5038 2521 5104 mei;

1765 5109 1932 5180 Quem
1961 5109 2218 5178 sapientes
2248 5110 2397 5163 aiunt
2431 5109 2717 5180 genitorem
2744 5109 2919 5174 deum,

1765 5177 2083 5250 Patremque
2111 5181 2362 5236 omnium.

1764 5269 1934 5342 Cujus
1970 5272 2246 5342 opinionis
2291 5273 2348 5327 in
2383 5279 2618 5330 mentem
2659 5273 2875 5330 venisse
2899 5278 3074 5343 poeta!
3102 5271 3328 5337 volunt;

1764 5378 1890 5419 cum
1919 5363 1993 5418 ita
2014 5363 2256 5433 loquitur
2278 5380 2293 5418 :
2322 5413 2326 5418 .

1766 5452 1938 5509 Sanus
1975 5453 2248 5508 amborum
2287 5457 2515 5523 pervenit
2550 5457 2604 5510 in
2638 5456 2852 5522 (ethera,
2881 5452 3130 5594 Jovisﬂ‘ue
3161 5453 3333 5520 spiam

3079 5534 3262 5585 orem;

3079 5539 3218 5579 orem
3237 5534 3262 5585 ἶ

1767 5613 1894 5669 item
1919 5633 1932 5668 ε

135 5703 263 5806 ξ’ί·
284 5709 434 5806 ζεῖν,
459 5726 509 5772 et
541 5736 666 5777 mea:
696 5722 863 5787 ζέσιν.
952 5726 998 5758 ⁸⁷
1027 5727 1068 5796 f.
1096 5728 1273 5799 ἠέλιος
1305 5731 1594 5805 οίκτιίρειέ
1627 5755 1630 5804 λ

1756 5704 1814 5790 θν
1848 5734 1897 5788 oi
1927 5731 2100 5803 σοφοί,
2139 5740 2238 5786 etc.
2268 5729 2416 5797 Mox,
2451 5725 2544 5786 icui
2575 5731 2806 5804 πατέρα.

136 5798 226 5868 (α)
284 5803 406 5862 Ἀεί
436 5811 540 5865 σοί
567 5830 665 5883 με.
701 5814 862 5871 Forte
893 5798 1166 5890 ἀείσομαι.
1211 5822 1346 5879 Εοιτ

411 5904 680 5968 ΡΑτιιοι.
713 5907 832 5970 Gn.
873 5910 1042 5973 XIX.
