3800 6376
1489 300 1581 356 AD
1620 297 1888 357 EUSEBII
1919 295 2319 356 CHRONICON
2355 296 2720 355 APPENDIX.
3567 301 3671 359 ιιῡι

2098 422 2148 480 Α
2185 416 2414 483 Ἠέλιός
2434 415 2589 484 θ’,ὃς
2608 415 2762 470 πάντ
2801 415 3042 486 ἐφορᾷς,
3074 415 3173 472 καὶ
3205 413 3380 473 πάντ’
3400 416 3671 488 ἐπακούεις.

505 307 649 366 1165

504 421 722 494 Solque,
746 420 835 492 qui
862 429 1048 475 cuncta
1078 417 1240 484 uides,
1272 417 1524 488 nudisque
1547 428 1756 474 cuncta.

2166 529 2318 602 Παρὸ
2356 532 2474 585 ἐστι
2521 531 2698 585 πάντα
2738 530 2895 595 εἰδὼς
2933 534 2963 584 ὁ
3006 531 3102 585 τοῦ
3147 532 3268 596 Διὸς
3314 531 3583 603 ὀφθαλμὸς,
3606 532 3674 588 καὶ

2165 625 2342 678 πάντα
2393 623 2548 678 νοῶν.
2595 627 2658 678 Ol
2706 624 2764 678 δὲ
2811 625 2910 678 Δία
2947 625 3038 678 τὸν
3078 625 3219 696 ἀέρα
3267 622 3588 690 ἀκούσαντες,
3606 625 3675 695 φι-

2170 732 2319 786 ρουσι
2364 715 2571 788 μάρτυν
2622 715 2896 788 Φιλήμονα
2943 717 3034 769 τὸν
3098 716 3376 787 κωμικόν·
3412 715 3533 786 φησὶ
3572 717 3674 789 γάρ·

502 532 803 604 Propterea
840 534 985 605 quod
1023 533 1205 588 omnia
1239 529 1504 601 conspicit
1555 529 1705 586 Jovis
1751 530 1966 594 oculus,
2011 536 2066 585 et

504 626 691 680 omnia
723 625 1023 694 cognoscit.
1049 623 1153 689 Qui
1181 621 1370 678 Jovem
1404 637 1582 677 aerem
1615 622 2063 692 interpretantur,

505 718 820 772 testimonio
852 715 1045 769 comici
1072 713 1405 770 Philemonis
1449 719 1708 780 utuntur;
1755 713 1915 783 cujus
1952 713 2066 768 haec

502 807 667 864 verba
698 813 826 862 sunt
861 824 873 859 :
907 805 1071 870 Quem
1109 822 1258 860 nemo
1290 805 1440 870 latet,
1473 821 1633 874 neque
1664 804 1875 870 bonum,
1907 819 2066 874 neque

503 900 701 953 malum
733 938 748 953 .
791 940 806 954 .
847 939 861 954 .
895 898 978 952 hic
1011 915 1126 953 sum
1161 915 1252 953 aer
1279 914 1430 969 quem
1462 900 1645 951 merito
1676 898 1790 968 quis
1827 897 2064 966 appella-

500 994 630 1049 ierit
651 1001 700 1048 et
725 991 927 1048 Jovem.
961 991 1099 1046 Hinc
1128 991 1354 1046 Aratum
1389 991 1662 1045 addidisse
1690 991 1876 1045 volunt
1910 1009 1923 1045 :

2171 810 2274 862 Ὃν
2299 808 2440 863 οὐδὲ
2464 804 2550 876 εἷς
2567 807 2846 878 λέληθεν,
2869 810 3007 864 οὔτε
3029 810 3218 864 κακὸν
3232 810 3300 875 ⁸⁸,
3327 809 3462 864 οὔτε
3483 811 3674 866 ἐσθλόν

2165 895 2346 967 οὗτός
2379 904 2495 971 ειμι
2519 901 2633 973 ἐγὼ
2661 903 2798 971 ἀὴρ,
2830 901 2902 957 ὃν
2928 902 3005 957 ἄν
3024 920 3116 970 τις
3145 901 3455 973 ὀνομάσειε
3476 904 3559 959 καὶ
3584 906 3672 958 Δία.

2165 992 2256 1046 Διὸ
2283 993 2374 1047 καὶ
2399 994 2490 1049 τὸν
2528 995 2760 1065 Ἀρατον
2793 995 3048 1064 ἐπάγειν·

2240 1149 2253 1182 ε
2290 1149 2304 1163 .
2341 1150 2356 1164 .
2392 1149 2458 1182 η.
2491 1148 2513 1182 ,γ
2537 1111 2760 1182 Μεαταὶ
2791 1110 2860 1164 δὲ
2895 1112 3029 1178 Διὸς
3056 1109 3244 1168 πᾶσαι
3266 1109 3384 1180 μὲν
3409 1111 3601 1182 ἀγυιαὶ,

2166 1179 2362 1235 Πᾶσαι
2396 1178 2449 1233 δ’
2468 1179 2809 1250 ἀνθρώπων
2837 1182 3067 1252 ἀγοραί.

678 1147 693 1162 .
736 1144 753 1160 .
799 1145 815 1160 .
858 1104 1009 1158 Pleni
1040 1113 1213 1159 autem
1240 1103 1387 1159 Jovis
1417 1113 1538 1158 sunt
1564 1121 1738 1159 omnes
1769 1104 1888 1169 uici,

500 1176 794 1247 Omniaque
822 1175 1088 1229 hominum
1121 1175 1262 1246 fora.

499 1290 636 1346 Nam
692 1292 748 1347 in
800 1293 1057 1348 omnibus
1125 1290 1258 1347 Jove
1315 1306 1453 1361 opus
1505 1290 1788 1346 habemus.
1858 1287 2055 1358 Quippe

2164 1289 2347 1362 Πάντη
2403 1291 2514 1362 γὰρ
2575 1291 2698 1355 Διὸς
2765 1291 3112 1363 κεχρήμεθα.
3172 1291 3428 1356 Σπῶντες
3476 1291 3572 1363 γὰρ
3613 1291 3676 1346 τὸν

497 1383 816 1440 haurientes
847 1399 1027 1439 aerem
1062 1385 1417 1454 respiramus.
1453 1382 1596 1449 Quin
1621 1383 1895 1438 communi
1928 1382 2055 1435 inte:

2165 1383 2302 1455 ἀέρα
2347 1383 2705 1455 ἀναπνέομεν.
2747 1383 2907 1437 Ἀλλὰ
2947 1384 3052 1455 μὴν
3083 1385 3176 1438 καὶ⁵
3213 1387 3271 1439 ὲν
3302 1384 3381 1455 τῷ
3415 1384 3506 1456 βίῳ
3545 1383 3678 1454 φαμὲν

497 1477 747 1532 homines
786 1492 888 1532 usu
928 1476 1186 1547 loquendi
1223 1475 1478 1540 dicimus,
1516 1495 1534 1528 ι
1575 1475 1762 1545 pluere
1781 1471 2006 1540 Jovem;
2041 1489 2055 1524 J

2172 1493 2192 1527 ι
2227 1473 2318 1530 τὸν
2338 1475 2438 1528 Διὰ
2461 1473 2576 1528 ὕειν
2599 1492 2612 1506 ·
2655 1494 2674 1527 ι
2709 1475 2802 1529 καὶ
2837 1495 2856 1527 ι
2881 1475 3206 1546 Διοσημείας
3244 1495 3263 1529 ι
3293 1470 3578 1545 καλοῦμεν*
3612 1474 3679 1527 καὶ

497 1566 628 1623 item
668 1567 1024 1638 Διοσημείας,
1064 1564 1219 1635 quasi
1254 1583 1272 1616 ι
1310 1563 1460 1619 Jovis
1492 1571 1731 1626 ostenta,
1768 1582 1787 1614 ι
1823 1560 2055 1616 nomina-

2172 1583 2192 1618 ι
2227 1565 2714 1639 Νεφεληγερέτην›
2763 1566 2915 1638 παρὰ
2957 1569 3069 1630 τοῖς
3103 1570 3352 1638 ποιηταῖς
3392 1567 3678 1638 εὑρίσκομεν.

498 1674 658 1727 mus;
710 1667 765 1714 et
818 1676 838 1708 ι
878 1657 1266 1728 Νιιὶιίοοειιωι
1316 1656 1458 1727 apud
1512 1664 1700 1725 poetas
1741 1652 2055 1707 invenimus.

2168 1656 2350 1712 Ταῦτα
2375 1658 2434 1712 δὲ
2466 1658 2560 1711 καὶ
2603 1659 2672 1712 τὰ
2723 1656 2949 1711 τοιαῦτα
2992 1660 3170 1714 πάντα
3217 1662 3276 1713 ὲν
3321 1659 3401 1731 τῷ
3430 1660 3554 1730 ἀέρι.
3570 1657 3680 1714 υἱδὶ

497 1749 629 1817 Quae
657 1751 860 1816 omnia,
893 1758 948 1807 et
989 1750 1186 1805 horum
1232 1749 1432 1805 similia
1476 1748 1530 1802 in
1569 1762 1693 1802 aere
1722 1744 2055 1816 contingunt.

2166 1750 2265 1804 Ala
2295 1750 2386 1804 τὸν
2420 1749 2646 1821 μυθικὸν
2673 1749 2764 1805 τὸν
2791 1751 2998 1822 Κρόνου
3027 1753 3192 1807 παῖδα
3222 1752 3452 1806 νοοῦσιν.
3487 1753 3618 1824 Ἡμῖν
3639 1751 3681 1804 δι

495 1842 602 1896 Alii
646 1839 835 1896 Jovem
891 1841 1044 1895 illum
1096 1856 1127 1896 e
1171 1839 1369 1894 fabulis
1412 1836 1652 1892 Saturno
1697 1835 1937 1907 genitum
1983 1837 2055 1890 in‘

2167 1841 2312 1896 δοκεῖ
2342 1843 2544 1915 τριχῶς
2575 1843 2678 1897 ὑπὸ
2700 1843 2795 1897 τοῦ
2839 1843 3066 1916 Ἀράτου
3088 1846 3179 1898 τὸν
3202 1844 3302 1898 Δία
3335 1843 3678 1918 προφέρεσθαι·

495 1934 770 2005 telligunt.
807 1931 918 1989 Nos
964 1931 1233 1987 trifariam
1285 1932 1353 1986 ab
1399 1931 1568 1984 Arato
1613 1929 1845 2000 proferri
1880 1925 2055 1985 Jovem

2169 1935 2412 2007 μυθικῶς
2443 1937 2562 2008 μὲν,
2595 1937 2669 2001 ὡς
2701 1936 2828 1991 ὅταν
2855 1935 3018 2012 λέγῃ*

492 2025 870 2080 arbitramur:
902 2025 1138 2096 primum
1175 2022 1446 2088 fabulose,
1474 2029 1533 2076 ut
1565 2037 1688 2077 cum
1710 2022 1823 2076 ait:

2348 2179 2363 2193 .
2400 2179 2414 2194 .
2457 2178 2471 2192 .
2520 2138 2928 2210 ,Ειὲτεὸνδὴ

2161 2207 2466 2280 Κρήτηθεν
2499 2210 2689 2264 κεῖναι
2719 2227 2785 2282 τε
2815 2207 2952 2278 Διὸς
2980 2208 3248 2280 μεγάλου
3278 2211 3482 2279 ἰότητιο
3590 2239 3598 2247 -

2161 2322 2277 2376 ἔστι
2299 2320 2408 2394 γὰρ
2436 2323 2528 2378 καὶ
2554 2323 2798 2395 φυσικῶς
2847 2324 2943 2380 καὶ
2993 2322 3238 2396 μυθικῶς
3281 2321 3680 2398 ὲξηγήσασθαιτδ

2163 2423 2450 2494 προοίμιον
2474 2437 2489 2453 ο
2523 2419 2584 2474 τὸ
2613 2420 2691 2486 δὲ,

679 2181 695 2197 .
727 2179 743 2195 .
768 2179 796 2193 ι.
837 2137 898 2193 Si
919 2155 1104 2192 revera
1132 2146 1276 2191 certe

499 2206 550 2266 Ε
575 2207 732 2267 Creta
758 2210 867 2264 illa:
896 2209 1072 2278 utique
1099 2207 1243 2262 Jovis
1273 2206 1450 2276 magni
1483 2204 1702 2260 consilio
1719 2219 1744 2272 ;

492 2325 624 2381 licet
653 2324 798 2380 enim
843 2331 898 2379 et
937 2339 1008 2380 ex
1052 2338 1235 2380 rerum
1285 2330 1502 2388 natura,
1532 2328 1586 2376 et
1631 2335 1698 2376 ex
1755 2318 2062 2375 fabularum

489 2414 821 2471 commentis
848 2427 1107 2469 enarrare
1131 2413 1501 2483 prooemium;
1527 2411 1641 2482 jam
1674 2410 1807 2465 illud
1838 2427 1852 2464 :

491 2527 567 2582 ιω
582 2535 765 2582 autem
786 2541 902 2580 cum
919 2524 1126 2580 crebrae
1155 2525 1295 2579 nives
1313 2539 1388 2578 ea:
1409 2521 1537 2578 Ioue
1560 2522 1810 2586 uolitant,

2175 2535 2270 2603 Ὠς
2297 2535 2349 2589 δ’
2383 2535 2481 2589 ὅτε
2507 2533 2774 2604 ταρφειαὶ
2815 2531 3064 2603 νιφάδες
3096 2531 3231 2599 Διὸς
3259 2530 3634 2593 ἐκποτέονται,

494 2637 576 2692 sic
604 2637 873 2709 accipere,
903 2636 1061 2707 quasi
1100 2634 1242 2690 idem
1275 2634 1347 2690 sit
1378 2643 1540 2705 atque
1572 2653 1592 2686 ι
1632 2650 1663 2690 e
1688 2636 1827 2688 cmlo
1847 2673 1862 2699 ,
1897 2652 1917 2686 ι
1965 2648 2060 2704 pe-

493 2733 644 2786 nitus
695 2739 780 2786 est
823 2731 1146 2785 conlictum.
1181 2728 1458 2800 Siquidem
1499 2726 1766 2783 Homerus
1805 2728 2059 2782 imbrium

494 2831 772 2879 auctorem
808 2822 938 2877 facit
968 2821 1180 2878 Jovem.
1213 2819 1312 2876 Sic
1334 2819 1467 2875 illud
1499 2835 1717 2891 quoque
1745 2838 1762 2874 :
1803 2838 1820 2871 ι
1859 2819 1925 2873 In
1954 2817 2055 2874 Jo-

2161 2648 2222 2715 ὲξ
2256 2649 2484 2722 οὐρανοῦ
2516 2649 2732 2720 νοῆσαι,
2780 2649 2901 2702 ὅλον
2932 2649 3048 2702 ἐστὶ
3074 2647 3321 2719 πλάσμα.
3349 2649 3580 2719 Ὅμηρος
3606 2644 3686 2714 γὰρ

2156 2739 2264 2797 οἶδε
2299 2744 2388 2797 τὸν
2414 2744 2511 2796 Δία
2549 2743 2770 2814 ὄμϐρων
2799 2743 3107 2814 παραίτιον.
3129 2743 3242 2796 Καὶ
3275 2742 3438 2795 πάλιν
3471 2742 3545 2806 τὸ,
3569 2759 3585 2792 ι
3611 2739 3687 2793 Ἕν

2157 2835 2292 2902 Διὸς
2328 2835 2596 2900 εἱλεῖται,
2661 2835 2922 2900 ὡσαύτως
2972 2834 3306 2907 παραλαϐεῖν
3361 2834 3588 2902 ἀνόητον.
3633 2827 3687 2882 Οὐ

491 2917 569 2972 eis
617 2914 871 2979 volvitur;
931 2914 1120 2971 eodem
1177 2913 1520 2984 interpretari
1562 2928 1745 2976 sensu,
1799 2912 2054 2967 stolidum

490 3015 597 3065 est.
625 3005 744 3063 Non
770 3008 914 3063 enim
959 3007 1181 3078 scripsit
1211 3025 1226 3061 :
1259 3025 1278 3058 ι
1306 3004 1370 3060 in
1391 3003 1544 3069 Jove,
1579 3023 1599 3057 ι
1642 3003 1738 3061 sed
1771 3025 1785 3060 :
1816 3005 1876 3058 In
1905 3001 2056 3058 Jovis

2155 2927 2264 3001 γὰρ
2288 2923 2460 2990 εἶπεν,
2491 2947 2509 2980 ι
2530 2929 2621 2982 Ἐν
2658 2929 2792 2993 Att,»
2824 2928 3080 2992 manu;
3107 2927 3184 2999 τῷ
3221 2926 3317 2980 τοῦ
3359 2926 3480 2991 Διὸς
3508 2923 3689 3007 κλίματι

2155 3019 2189 3090 ἢ
2221 3019 2537 3091 οἱκητηρίῳ,
2566 3019 2778 3093 οὖρανῴ
2809 3019 2948 3074 κατὰ
2973 3018 3296 3093 παράλειψιν
3313 3036 3329 3050 ο
3363 3017 3440 3082 ὡς
3468 3036 3486 3070 ι
3516 3018 3566 3072 ὲν
3591 3028 3686 3067 παι-

491 3108 670 3156 traetu
723 3101 810 3155 vel
851 3099 1160 3167 domicilio;
1206 3098 1462 3154 nimirum
1509 3098 1567 3153 in
1599 3098 1759 3162 coelo,
1786 3111 1882 3168 per
1921 3097 2055 3152 sub-

2163 3109 2428 3183 δοτρισου,
2465 3132 2484 3166 ι
2510 3112 2545 3184 ἢ
2588 3130 2608 3166 ι
2645 3111 2977 3185 κιθαριστοῦ.
3024 3131 3043 3166 δ

492 3191 860 3258 auditionem;
897 3189 1354 3260 quemadmodum
1399 3189 1656 3255 dicimus,
1717 3207 1738 3241 ι
1775 3187 1917 3260 apud
1947 3203 2062 3256 pa:-

491 3283 742 3349 dotribat,
780 3301 800 3336 ι
835 3283 919 3339 vel
953 3299 972 3334 ι
1011 3282 1266 3338 lidicinis.
1303 3299 1325 3334 ι

561 3373 860 3445 Aptissime
883 3389 1049 3445 porro
1080 3373 1149 3429 ab
1175 3372 1307 3429 Jove
1341 3386 1504 3428 orsus
1532 3377 1641 3436 est,
1667 3371 1817 3427 velut
1844 3370 2060 3442 opiﬁce,

489 3479 555 3521 ac
592 3480 774 3521 rerum
807 3463 1048 3520 omnium
1085 3464 1328 3519 domino.
1359 3461 1630 3529 Quocirca
1654 3469 1848 3517 caetera
1877 3476 2062 3532 prooe-

491 3557 601 3611 mia
647 3556 986 3627 repudianda
1041 3563 1193 3613 sunt.
1250 3554 1460 3610 Etenim
1528 3553 1828 3619 Hesiodus,
1899 3569 2061 3624 quem

492 3661 659 3701 unum
680 3663 745 3702 ex
773 3648 1028 3703 omnibus
1058 3647 1371 3703 aemulatum
1407 3647 1641 3702 maxime
1673 3663 1795 3704 esse
1821 3647 2060 3703 dicimus

492 3739 721 3794 Aratum
742 3778 757 3803 ,
791 3739 860 3794 ab
885 3737 1016 3795 Jove
1043 3742 1228 3808 coepit.

562 3825 740 3883 Fuere
775 3828 870 3898 qui
917 3835 1134 3899 poetam
1181 3828 1536 3898 castigarem,
1567 3829 1714 3900 quod
1761 3830 1992 3886 litteram
2028 3849 2060 3886 σ

490 3916 788 3974 inseruerit
809 3920 1075 3975 vocabulo
1099 3919 1453 3992 ἁρχώμεσθα.
1489 3921 1596 3978 Sed
1624 3922 1752 3978 huic
1773 3923 1949 3979 simile
1973 3930 2058 3980 est

482 4008 637 4081 apud
661 4019 877 4082 poetam
905 4009 1252 4082 χαζώμεσθα.
1280 4009 1420 4066 Tum
1449 4027 1602 4080 vero,

556 4125 757 4182 Tecum
793 4139 972 4179 omnes
1000 4133 1288 4191 certamus,

477 4238 645 4304 «dixit,
667 4246 932 4310 tanquam
956 4238 1266 4295 communia
1299 4237 1554 4296 omnibus
1581 4237 1807 4306 dicens;
1831 4251 1961 4302 non,
1996 4245 2057 4294 ut

483 4329 774 4404 Apollonio
805 4331 982 4387 visum
1019 4339 1124 4400 est,
1152 4345 1220 4388 ex
1249 4331 1470 4404 propria
1513 4331 1894 4388 tantummodo
1925 4346 2054 4404 per-

484 4435 644 4485 80,38.

544 4556 723 4616 Orsus
748 4574 782 4614 α
812 4567 880 4625 te,
912 4558 1128 4626 Phoebe,
1159 4574 1309 4632 quem
1327 4573 1663 4630 nunquam...

551 4669 826 4725 Articulus
853 4669 1232 4742 praepositivus
1254 4685 1352 4741 pro
1377 4668 1723 4740 sul'junctivo
1760 4667 1840 4733 ὃν,
1874 4666 1942 4722 ad
1971 4666 2051 4722 vi-

474 4757 703 4814 tandam
749 4759 1105 4814 co‘llisioncm.
1150 4758 1370 4832 Ἂνδρός
1392 4757 1677 4823 vocabulo,
1717 4757 1770 4813 id
1801 4765 1885 4814 est
1926 4758 2046 4824 viri,

479 4849 626 4922 quod
660 4850 985 4922 particulare
1014 4857 1121 4914 est,
1157 4865 1264 4920 pro
1289 4850 1550 4922 generali,
1574 4849 1822 4916 hominis,
1845 4848 1922 4905 uti
1948 4863 2045 4904 vo-

481 4939 617 5007 luit;
646 4941 737 4995 cui
765 4941 943 4997 simile
969 4941 1117 4998 istud
1145 4949 1264 4997 est:

478 5030 592 5086 Alii
616 5028 824 5101 quidem
849 5031 948 5098 dii,
979 5031 1152 5086 etviri
1177 5046 1242 5086 ea:
1266 5030 1756 5102 equispugnantes.

477 5140 661 5196 Plena:
683 5151 873 5197 autem
912 5143 1041 5198 Jove
1085 5152 1207 5198 sunt
1257 5160 1432 5199 omnes
1454 5145 1676 5216 quidem
1714 5146 1830 5200 vite.
1862 5143 2044 5202 Poetae

479 5232 872 5288 omnituentem
905 5233 1064 5304 152
1115 5235 1316 5305 ubique
1355 5233 1545 5292 'Jovem
1579 5236 1896 5301 nominant,
1929 5243 1989 5290 ut
2021 5254 2036 5291 :

470 5319 762 5392 ﬂJupit-er
804 5325 1136 5388 omnituens;
1164 5325 1314 5391 item,
1348 5325 1441 5380 Sol
1464 5329 1554 5397 qui
1597 5331 1778 5382 omnia
1816 5328 2037 5384 lustras.

491 5414 700 5482 εΑγυιαί
743 5424 872 5471 sunt
893 5417 1032 5482 vici,
1072 5433 1167 5490 per
1195 5434 1317 5490 quae
1355 5423 1521 5490 γυῖα,
1557 5421 1824 5484 membra,
1858 5436 2043 5478 move-

476 5520 630 5572 mus;
683 5511 738 5559 at
768 5505 888 5574 [ora
939 5519 1066 5566 sunt
1118 5510 1412 5566 conciones.
1446 5511 1582 5566 Nam
1626 5517 1681 5568 et
1718 5511 1954 5579 Balteus,
1987 5511 2040 5567 id

1998 4506 2002 4510 .
2080 4457 2128 4516 Β

2231 3371 2551 3427 Οἰκειότατα
2582 3373 2639 3427 δὲ
2676 3373 2786 3429 ἀπὸ
2827 3375 2950 3440 Διὸς
2987 3374 3207 3447 ἤρξατο,
3237 3374 3316 3439 ὡς
3350 3369 3586 3444 ποιητοῦ,
3619 3365 3689 3422 καὶ

2159 3462 2268 3518 τῶν
2292 3463 2427 3519 ὅλων
2455 3464 2733 3521 δεσπότου.
2761 3467 2922 3519 Ὥστε
2945 3465 3014 3520 τὰ
3044 3465 3206 3519 λοιπὰ
3236 3464 3511 3537 προοίμια
3528 3473 3691 3532 παραι-

2158 3554 2368 3628 τητέον.
2406 3556 2518 3610 Καὶ
2546 3555 2654 3628 γὰρ
2695 3557 2955 3622 Ἡσίοδος,
2985 3553 3045 3612 οὗ
3077 3558 3313 3629 μάλιστα
3353 3556 3590 3629 ζηλωτὴν
3622 3549 3690 3603 τὸν

2164 3646 2398 3718 Ἄρατόν
2425 3665 2605 3718 φαμεν
2641 3649 2944 3718 γεγονέναι,
2973 3650 3081 3704 ἀπὸ
3107 3651 3246 3716 Διὸς,
3261 3650 3488 3723 ἤρξατο.

2240 3828 2558 3900 ᾜτιάσαντο
2581 3827 2636 3881 δέ
2663 3844 2834 3892 τινες,
2857 3829 2936 3882 ὅτι
2961 3827 3205 3898 ἔγκειται
3231 3829 3295 3883 τὸ
3325 3843 3370 3884 σ
3394 3829 3473 3900 τῷ
3501 3847 3519 3879 ι
3549 3819 3695 3900 ἀρχώ-

2162 3920 2352 3991 μεσθα.
2397 3939 2415 3972 ι
2454 3921 2678 3990 Ὅμοιον
2711 3919 2772 3975 δέ
2798 3922 2913 3974 ἐστι
2946 3921 3024 3992 τῷ
3053 3920 3208 3994 παρὰ
3233 3920 3314 3992 τῷ
3340 3923 3538 3992 ποιητῇ
3570 3936 3588 3966 α
3616 3925 3690 3981 χα-

2157 4009 2434 4083 ζώμεσθα.
2468 4030 2487 4063 ι
2521 4012 2654 4078 Καὶ,

2155 4125 2256 4179 Σοὶ
2284 4124 2505 4193 πάντες
2526 4127 2882 4198 μαχόμεσθα
2897 4168 2914 4194 ,

2152 4233 2210 4288 δὲ
2237 4234 2414 4300 εἶπεν,
2439 4234 2515 4299 ὡς
2543 4235 2699 4290 κοινὰ
2729 4239 2863 4292 πᾶσι
2883 4237 3139 4310 γράφωνο
3173 4231 3297 4304 οὐχ,
3324 4231 3410 4295 ὡς
3452 4223 3691 4285 Ἀπολλώ-

2153 4343 2286 4392 νιος,
2315 4326 2376 4393 ἐξ
2409 4327 2540 4382 ἰδίου
2572 4329 2733 4400 μόνου
2761 4329 3079 4400 προσώπου.

2241 4548 2588 4620 Ἀρχόμενος
2625 4551 2755 4617 σέο,
2786 4551 2977 4617 Φοῖϐε,
3005 4550 3114 4605 τὸν
3133 4549 3516 4605 οὐδέποτε....

2228 4657 2465 4732 ’Λρθρον
2502 4663 2867 4734 προτακτικὸν
2895 4663 3016 4718 ἀντὶ
3048 4647 3416 4716 ὑποτακτικοῦ
3439 4679 3459 4711 ι
3485 4659 3561 4722 ὃν,
3586 4673 3602 4706 ι
3623 4649 3695 4706 διὰ

2151 4748 2243 4802 τὸν
2285 4753 2688 4823 συγκρουσμὼ.
2739 4771 2760 4808 ι
2799 4754 3018 4826 ’Δνδρὸς
3058 4771 3079 4806 ι
3117 4752 3176 4806 δὲ
3215 4752 3381 4807 ἱδικὺν
3409 4750 3531 4806 ἀντὶ
3573 4758 3694 4815 73V!-

2151 4837 2272 4908 κοῦ,
2305 4858 2324 4893 ι
2355 4841 2449 4895 τοῦ
2482 4842 2792 4916 ἀνθρώπου*
2839 4865 2860 4900 ι
2900 4846 2996 4900 καὶ
3039 4845 3226 4916 ὅμοιον
3257 4844 3365 4916 τῷ,⁸

2154 5033 2364 5089 Ἄλλοι
2392 5031 2504 5100 μέν
2524 5031 2606 5099 ῥα
2634 5029 2758 5085 θεοί
2795 5046 2860 5084 τε
2897 5026 2995 5083 καὶ
3030 5027 3242 5097 ἀνέρες
3263 5014 3692 5092 ἱπποκορυσταί·

2147 5145 2374 5200 Μεσταὶ
2425 5143 2493 5198 δὲ
2540 5143 2674 5211 Διὸς
2717 5142 2906 5199 πᾶσαι
2939 5141 3055 5212 μὲν
3099 5142 3322 5213 ἀγυιαί.
3348 5143 3468 5195 Ὅτι
3528 5132 3615 5189 καὶ
3652 5126 3693 5179 οἱ

2147 5237 2368 5310 ποιηταὶ
2406 5237 2690 5308 πανόπτην
2735 5235 2957 5291 καλοῦσι
2996 5233 3295 5305 πανταχοῦ·
3331 5229 3398 5288 Ὦ
3430 5228 3544 5286 Ζεῦ
3562 5237 3692 5310 παγ-

2146 5306 2332 5380 όπτασ
2370 5325 2484 5392 καὶ,
2525 5306 2776 5392 Ἠέλιος,
2811 5324 2880 5392 ὃς
2903 5322 3076 5377 πάντ’
3108 5321 3350 5393 ἐφορᾷς.
3391 5339 3411 5372 ι
3455 5306 3688 5384 ’Δγυιαὶν

2145 5418 2202 5471 δὲ
2234 5417 2302 5473 τὰ
2341 5417 2578 5490 ἄμφοδα,
2613 5418 2681 5472 δι’
2731 5411 2807 5472 ὦν
2850 5436 2870 5470 ι
2905 5415 2974 5471 τὰ
3019 5418 3150 5486 γυῖα
3181 5434 3201 5467 ι
3236 5414 3505 5487 φέρομεν
3531 5423 3552 5457 ⁸
3577 5403 3691 5490 ἅτθ’

2151 5512 2240 5584 ραὶ
2276 5531 2295 5566 ι
2327 5487 2506 5565 δὲνιίαι
2537 5509 2868 5584 ἐκκλησίαι»
2903 5509 3068 5585 nata!
3089 5507 3315 5564 σύνοδοι.
3345 5503 3574 5573 Λέγεται
3598 5487 3690 5559 γὰρ

544 5659 595 5694 ⁸³
623 5636 780 5715 Deest
802 5663 1134 5734 participium
1161 5663 1387 5739 δράσας,
1423 5674 1515 5721 aut
1539 5663 1727 5721 simile
1759 5663 1937 5720 aliud.
1983 5664 2233 5722 Videntur
2261 5673 2438 5722 autem
2473 5663 2692 5722 senarii.
