3800 6354
124 342 254 398 U65

1539 346 1749 405 ΔΒΔΤΙ
1788 345 1970 403 VITA.

3197 339 3335 395 “(iis

120 459 209 511 καὶ
264 457 557 525 Βουλαῖος
595 459 752 524 Ζεὺς,
799 461 876 525 ὡς
927 461 1164 529 Ξένιος·
1209 464 1302 517 καὶ
1353 463 1672 534 Ἑταιρεῖος,

1789 473 1867 521 est
1882 461 2259 527 Consiliarius,
2279 460 2581 532 appellatur
2595 459 2828 534 Jupiter;
2855 459 2998 514 sicut
3016 455 3334 528 Hospitem.

121 549 312 615 Φίλος,
338 548 691 617 Φυτάλιμος,
734 553 1125 623 Ἐπικάρπιος.

182 639 387 709 Μεστὴ
419 639 488 694 δὲ
520 641 819 709 θάλασσα,
845 645 942 698 καὶ
961 647 1222 715 λιμένες.
1258 647 1594 717 Ἔπιπόριος
1610 648 1677 713 ⁸⁸,

120 732 209 785 καὶ
247 731 543 800 Λιμένιος,
590 735 684 788 καὶ
733 735 1002 804 Κερδῷος
1052 741 1162 802 τοῖς
1208 739 1488 811 ἐμπόροις.
1531 741 1584 793 Ὀ
1625 740 1679 794 δ’

119 821 288 892 ἤπιος
322 824 746 893 ἀνθρώποισιν
787 828 908 881 ἐπεὶ
938 829 1132 898 πατὴρ
1162 830 1398 898 ἀνδρῶν
1435 848 1500 885 τε
1532 831 1679 888 θεῶν

119 932 195 970 τε.
224 915 323 970 Διά
370 916 528 971 τοῦτο
563 918 654 971 καὶ
688 917 865 988 ἤπιος
893 935 909 950 ο

180 1072 194 1086 .
231 1070 246 1084 .
283 1069 298 1084 .
337 1069 352 1083 .
385 1068 403 1082 .
441 1070 458 1086 .
494 1031 696 1100 Πατὴρ
726 1031 780 1085 δ’
815 1032 896 1098 ὡς
935 1030 1110 1100 ἤπιος
1146 1028 1274 1103 ἦεν.

181 1143 348 1215 Λέγει
393 1145 446 1198 δ’
481 1146 579 1200 ὅτε
602 1145 807 1212 ,ϐῶλος
835 1147 1074 1215 ἀρίστη.
1101 1147 1374 1219 Γράφεται
1404 1148 1498 1202 καὶ
1541 1149 1678 1218 ἀρο-

115 1235 224 1303 στὴ
246 1238 278 1307 ἡ
306 1237 596 1308 ιάροσίμηο
613 1257 630 1288 s
650 1237 696 1268 ⁸⁸
717 1237 837 1309 [οὐχ
859 1239 1117 1310 ἁρμόττει
1143 1238 1255 1310 δέ
1286 1239 1525 1308 ἐπιλέγει
1544 1242 1675 1312 γὰρ,

108 1326 290 1390 ,βουσί
335 1345 400 1382 τε
445 1328 546 1382 καὶ
581 1329 901 1399 μακέλῃσι.
939 1330 1215 1394 Μακέλαις
1245 1330 1300 1384 δὲ
1325 1331 1425 1384 οὐκ
1449 1330 1676 1403 ἀροῦται

111 1430 210 1477 τις.
270 1415 583 1484 Γυρῶσαι,
654 1418 836 1488 κύκλῳ
894 1419 1250 1490 περισκάψαι.
1299 1422 1415 1475 Πᾶν
1457 1422 1562 1495 γὰρ
1617 1422 1677 1476 τὺ

114 1505 432 1578 κυκλοτερὲς
474 1509 665 1580 γυρόνο
699 1509 893 1578 Γυρὸς
923 1511 993 1566 ὲν
1019 1511 1288 1580 ὤμοισιν.
1331 1513 1524 1580 Αὐτὸς
1564 1514 1677 1584 γὰρ

112 1595 245 1651 τάδε
293 1597 510 1666 σήματ’
553 1599 623 1652 ἐν
653 1599 882 1669 οὐρανῷ
923 1601 1234 1670 ἐστήριξε,
1288 1603 1412 1667 τοὺς
1442 1603 1676 1676 ἀστέρας

112 1687 202 1740 καὶ
234 1688 306 1742 τὰ
351 1689 566 1744 εἴδωλα.
596 1691 752 1762 Παρὰ
773 1691 832 1744 δὲ
864 1691 923 1745 τὺ
952 1693 1269 1765 ὲστηρίχθαι
1301 1695 1674 1766 ὴτυμολόγησε

111 1778 213 1831 τῶν
226 1780 473 1852 ἀστέρων
494 1781 556 1835 τὸ
578 1782 764 1853 ὄνομα.
786 1783 968 1838 Ἀλλοι
987 1784 1046 1838 δέ
1064 1802 1225 1854 φασιν
1242 1786 1350 1840 ἀπὸ
1364 1787 1668 1859 Ἀστραίου.

113 1870 207 1923 Διὰ
261 1871 319 1926 δὲ
364 1873 446 1939 τὸ,
491 1874 823 1943 Ἐστήριξε,
865 1876 927 1930 τὸ
968 1877 1223 1950 ἀκίνητον
1267 1879 1378 1933 τῶν
1422 1880 1676 1935 ἀπλανῶν

112 1963 341 2036 ἐδήλωσε
359 1981 377 2000 ο
444 1967 802 2036 τετυγμένα,
856 1971 1256 2041 παρῳχημένου
1309 1971 1498 2043 χρόνου
1554 1973 1678 2028 ἀντὶ

115 2056 427 2126 μέλλοντοςο
465 2057 542 2123 ὡς
575 2058 727 2130 παρὰ
756 2059 836 2130 τῷ
878 2065 1111 2134 ποιητῇ·

111 2170 178 2223 El
191 2168 443 2239 δύναμαι
462 2171 702 2225 τελέσαι
724 2188 811 2240 γε,
830 2172 929 2227 καὶ
949 2175 1000 2227 ει
1018 2175 1447 2245 τετελεσμένον
1471 2177 1642 2232 ἐστιν
1657 2193 1672 2208 ο

109 2283 224 2336 ἀντὶ
253 2282 346 2336 τοῦ
378 2303 397 2334 ι
423 2284 900 2356 τελεσθησόμενον.
948 2307 967 2339 s
1020 2288 1178 2358 'Osep'
1217 2289 1442 2358 ἔμπεδα
1484 2291 1678 2347 πάντα

109 2375 680 2448 φύωνται,ιάσιραλῶς
707 2377 1030 2448 φυτεύσωσι,
1051 2381 1365 2455 »παθητικῷ
1393 2384 1513 2438 ἀντὶ
1529 2388 1677 2458 ὲνερ-

109 2465 362 2537 γητικοῦ,
410 2467 444 2536 ἢ
497 2467 586 2521 ἵνα
614 2467 887 2540 φαίνηται,
917 2469 994 2535 ὡς
1031 2490 1050 2523 ι
1079 2471 1317 2541 σπάρτα
1367 2473 1672 2531 λέλυνται.

123 2555 436 2625 Ἀνδράσιν
454 2557 682 2626 ὠράων’
715 2561 837 2614 ἀντὶ
856 2561 950 2615 τοῦ
971 2581 990 2615 ι
1013 2561 1188 2635 ὡρῶν.
1214 2581 1234 2615 ι
1254 2562 1453 2634 Χαῖρε,
1470 2565 1674 2635 πάτερ,

108 2645 254 2717 μέγα
302 2647 523 2717 θαῦμα,
544 2647 674 2719 μέγ’
702 2649 1102 2720 ἀνθρώποισιν
1140 2650 1354 2723 ὄνειαρ.
1384 2655 1458 2707 Οὐ
1506 2653 1674 2725 λέγει,

119 2756 136 2789 ι
158 2739 249 2792 καὶ
288 2740 488 2810 μέγα.»
525 2739 700 2809 Χαζοε
734 2743 936 2809 αὐτὸς,
969 2742 1064 2797 καὶ
1090 2744 1344 2813 προτέρη
1380 2746 1576 2815 γενεή.
1609 2743 1679 2802 Ὦ

113 2829 233 2896 Ζεῦ,
270 2833 332 2885 σὺ
365 2832 460 2884 καὶ
491 2833 524 2903 ἡ
553 2832 619 2904 σὴ
656 2835 846 2901 γενεά·
881 2834 1000 2904 ἢτοι
1030 2835 1078 2886 οἱ
1108 2833 1354 2901 Τιτᾶνες.
1395 2839 1554 2902 Ἴσως
1583 2842 1678 2895 καὶ

111 2923 258 2996 παρὰ
294 2925 626 2996 Ἀντιμάχῳ·

111 3039 408 3109 Γηγενέας
442 3055 509 3093 τε
553 3038 748 3106 θεοὺς,
794 3042 1260 3114 προτερηγενέας
1297 3059 1363 3098 τε
1407 3041 1674 3114 Τιτῆνας.

113 3146 217 3202 Καὶ
245 3150 498 3222 Ὄμηρος
517 3165 532 3180 ⁸

123 3259 402 3316 Ὠκεανόν
427 3277 493 3315 τε
529 3259 680 3316 θεῶν
714 3261 976 3332 γένεσιν,
1006 3263 1105 3317 καὶ
1133 3264 1361 3334 μητέρα
1394 3267 1608 3335 Τηθύν.

175 3367 312 3421 mea
334 3367 409 3431 ὡς
432 3367 572 3439 πρὸς
603 3366 923 3439 ἀνθρώπους
951 3369 1206 3438 προτέρα
1223 3372 1509 3442 νοήσομεν,
1532 3371 1681 3444 λέγοι

117 3454 177 3508 ἂν
224 3458 323 3530 τὴν
377 3457 650 3529 τετάρτην
705 3460 812 3513 ἀπὸ
859 3460 954 3513 τοῦ
997 3461 1198 3532 χρυσοῦ
1236 3462 1421 3532 γένους
1452 3465 1550 3528 τὴν
1574 3464 1682 3519 τῶν

114 3550 370 3622 ἡμιθέων.
405 3553 599 3622 Ἡμεῖς
638 3553 748 3626 γὰρ
780 3555 878 3625 τῆς
914 3554 1172 3627 πέμπτης
1200 3558 1412 3626 γενεᾶς.
1449 3557 1684 3628 Τιτῆνας

116 3638 171 3693 δι
202 3642 286 3696 διὰ
321 3643 481 3698 τοῦτο
527 3644 674 3713 λέγει
724 3646 965 3718 χαίρειν,
1000 3649 1184 3721 ἐπειδὴ
1213 3650 1308 3703 καὶ
1337 3651 1395 3703 ὲν
1423 3652 1532 3714 τοῖς
1557 3651 1684 3722 ἑξῆς

129 3730 425 3809 Ἀσκραῖον,
455 3735 552 3789 ἕνα
578 3736 684 3790 τῶν
712 3737 954 3794 Τιτάνων
986 3739 1134 3806 ὄντα,
1163 3741 1342 3812 ὑμνεῖ,
1370 3741 1542 3812 λέγων
1559 3758 1574 3773 ο

115 3929 229 4012 git‘
255 3930 368 3991 οὗ)⁹
399 3937 719 4012 ’ᾼστρέῖιου
752 3939 954 4012 κείνου
985 3937 1179 4010 γένος’
1197 3939 1270 3995 ὅν
1295 3940 1376 4008 ῥά
1404 3939 1468 3995 τέ
1497 3956 1687 4012 φασιν

120 3997 384 4070 Ἀστρων
404 3997 663 4076 ἀρχαῖον
685 4009 884 4077 πατέρ’
912 3997 1177 4079 ἔμμεναι.
1211 4051 1226 4066 .
1259 4049 1275 4064 .
1295 3997 1320 4064 ’.
1351 4051 1367 4066 .
1401 4049 1416 4064 .

183 4112 417 4169 Δύναται
466 4119 525 4169 δὲ
579 4119 641 4173 τὸ
684 4121 816 4174 αὐτὸ
856 4121 950 4176 καὶ
980 4125 1094 4186 τοῖς
1121 4122 1561 4195 προειρημένοις,
1591 4123 1687 4177 καὶ

118 4203 230 4266 τοῖς
257 4204 666 4276 ἐπιφερομένοις
690 4209 1074 4266 συνάπτεσθαι·
1104 4210 1291 4286 ὥσπερ
1311 4212 1427 4278 καὶ,
1444 4214 1687 4282 Χαίρετε

116 4287 205 4356 δὲ,
227 4293 479 4361 Μοῦσαι,
502 4294 626 4350 καθ’
655 4299 842 4355 ἑαυτό·
871 4295 1007 4368 εἶτα,
1034 4301 1202 4372 μάλα
1239 4300 1448 4370 πᾶσαι,
1479 4304 1567 4373 ὑφ’
1604 4303 1682 4358 ’ἐν’

125 4528 196 4575 .n._
227 4535 291 4575 ..τ
323 4535 340 4551 .
369 4537 383 4552 .
433 4500 594 4575 Ἐμοί
622 4520 686 4575 γε
709 4503 966 4575 ἀστέρας
993 4508 1185 4562 εἰπεῖν

122 4559 200 4617 Ει
227 4566 405 4636 θέμις,
452 4559 765 4642 εὖχομένῳν
782 4559 1115 4649 τεέέμῆρᾶξέ
1129 4559 1348 4634 πᾶσαν
1377 4580 1611 4652 ἀοιδήν.

116 4674 213 4742 Τὸ,
248 4677 424 4749 θέμις,
463 4683 784 4753 ἀμφίϐολον.
829 4691 986 4744 Ἤτοι
1023 4690 1132 4762 γὰρ
1163 4690 1241 4766 τῷ
1273 4691 1524 4765 προτέρῳ
1563 4709 1687 4747 συν-

117 4770 335 4838 απιέον,
367 4774 401 4846 ἢ
425 4775 505 4844 τῷ
532 4775 679 4847 ἑξῆς
716 4779 856 4850 ἦτοι,
874 4780 1131 4850 ἀστέρας
1164 4784 1375 4849 εἰπεῖν,
1394 4785 1475 4852 ὡς
1503 4801 1689 4855 προσ-

117 4856 290 4927 ῆκον,
328 4866 684 4936 τεκμήρατε·
732 4871 790 4941 ἢ,
838 4871 1144 4943 εὐχομένῳ
1175 4867 1257 4942 ὡς
1297 4876 1689 4946 προσήκοντα

116 4950 451 5023 παράσχετε
473 4959 666 5026 εἰπεῖν
686 4999 701 5025 ,
728 4955 776 5015 ὦ
800 4963 1056 5020 Μοῦσαι.
1086 4964 1446 5034 Τεκμήρατε,
1481 4985 1499 5018 ι
1526 4965 1687 5039 μέχρι

116 5039 302 5106 τέλους
320 5043 539 5100 εἴπατεο
566 5065 586 5100 ι
614 5048 838 5121 τέκμωρ
856 5053 966 5125 γὰρ
992 5054 1054 5108 τὸ
1086 5073 1104 5108 ι
1128 5056 1303 5121 τέλος.
1333 5076 1354 5109 ι

1776 555 2026 620 Socialis,
2053 554 2290 618 Amicus,
2319 551 2522 618 Serius,
2548 551 2817 622 Frugifer.

1847 646 2070 703 Plenum
2100 655 2178 702 est
2199 663 2365 709 mare,
2394 657 2442 699 et
2471 654 2674 710 portus.
2715 642 2926 697 Dicitur
2965 641 3110 698 enim
3145 638 3334 695 Portu-

1776 753 1930 792 mnus
1949 746 2003 793 et
2028 735 2220 792 Lucrio
2245 735 2695 807 negotiatoribus.
2723 733 2825 787 Hic
2858 748 2974 786 vero
2999 732 3141 786 mitis
3168 731 3339 785 Ιιοηιιο

1776 829 1952 894 nibus,
2001 828 2258 898 quoniam
2301 835 2452 896 pater
2485 836 2564 880 est
2624 825 2892 894 uirumque
2937 822 3209 893 deumque.
3256 820 3339 876 0b

1774 921 1832 978 id
1862 931 1916 978 et
1948 922 2091 976 mitis
2121 920 2342 976 dicitur.

1779 1075 1796 1091 .
1837 1074 1854 1090 .
1896 1073 1912 1090 .
1953 1033 2117 1090 Pater
2143 1048 2260 1088 vero
2284 1047 2377 1086 ceu
2402 1030 2544 1084 mitis
2574 1037 2710 1084 erat.

1846 1149 2103 1204 Admonet
2126 1158 2304 1204 autem
2325 1145 2662 1218 quandonam
2680 1143 2832 1215 gleba
2853 1141 3050 1210 optima
3068 1150 3165 1197 est.
3186 1140 3337 1196 Alias

1774 1241 1997 1312 ἀροστή,
2029 1239 2083 1294 id
2120 1249 2204 1295 est
2238 1258 2258 1291 ι
2281 1239 2522 1294 arabilis.
2551 1257 2570 1290 ι
2611 1237 2715 1292 Sed
2743 1253 2852 1291 non
2885 1234 3154 1307 congruit.
3203 1231 3337 1288 Nam

1775 1330 1999 1399 subjieit
2035 1348 2047 1384 :
2084 1329 2244 1385 bobus
2293 1341 2340 1384 et
2376 1327 2657 1402 ligonibus.
2688 1327 2758 1383 At
2795 1327 3066 1399 ligonibus
3098 1332 3218 1380 arat
3243 1340 3341 1380 ne-

1773 1419 2302 1477 mo.Circumvallare
2316 1431 2401 1478 est
2421 1442 2440 1475 ι
2451 1419 2864 1476 circumfodere.
2880 1439 2899 1471 ι
2920 1418 3129 1490 Quippe
3143 1418 3339 1472 rotun-

1774 1503 1904 1566 dum
1933 1527 2093 1568 omne
2119 1513 2284 1585 γυρόν
2312 1513 2636 1584 appellatur,
2662 1519 2743 1579 ut,
2772 1509 3028 1565 rotundus
3062 1509 3118 1563 in
3154 1509 3341 1562 Imme-

1773 1605 1870 1660 ris.
1904 1602 2190 1675 Sequitur:
2221 1605 2340 1674 Ipse
2367 1606 2505 1659 enim
2541 1603 2645 1658 luce
2667 1604 2818 1673 signa
2851 1603 2904 1656 in
2931 1600 3060 1656 ctele
3086 1601 3338 1670 ﬁrmavit,

1773 1707 1969 1763 nempe
1997 1693 2186 1749 stellas
2235 1703 2291 1750 et
2342 1693 2630 1765 imagines.
2667 1693 2853 1764 Itaque
2894 1692 2964 1748 ab
2989 1707 3055 1746 eo
3081 1690 3229 1762 quod
3255 1698 3342 1746 est

1774 1781 2110 1854 ἐστηρίχθαι,
2143 1783 2398 1855 ἀστέρας,
2424 1783 2479 1838 id
2507 1790 2592 1839 est
2628 1781 2838 1848 stellas,
2873 1783 3105 1837 vocavit.
3129 1781 3234 1836 Alii
3270 1782 3341 1836 ab

1775 1871 1987 1928 Astraeo
2035 1874 2215 1931 dictas
2266 1875 2479 1930 volunt.
2523 1873 2701 1943 Atque
2730 1873 2834 1928 hoc
2865 1872 3114 1943 ﬁrmandi
3153 1871 3338 1937 verbo,

1776 1963 1845 2018 ad
1874 1964 2103 2020 lixarum
2137 1965 2571 2022 immobilitatem
2603 1965 2822 2032 allusit;
2863 1965 3036 2034 facta,
3069 1967 3342 2036 praeterito

1777 2074 1912 2114 usus
1935 2067 2020 2114 est
2043 2075 2143 2130 pro
2168 2059 2395 2127 laturo;
2425 2067 2486 2114 ut
2513 2059 2657 2132 apud
2681 2067 2896 2130 poetam
2920 2077 2934 2114 :

1777 2165 1840 2223 Si
1867 2169 2072 2239 quidem
2102 2185 2314 2239 possum
2341 2171 2609 2240 perﬁcere,
2637 2181 2686 2225 et
2715 2171 2763 2225 si
2787 2178 3072 2240 perlectum
3104 2180 3202 2225 est.

1845 2276 1959 2333 Hoc
1979 2288 2082 2344 est,
2115 2281 2190 2337 «si
2224 2290 2401 2352 potest
2426 2282 2634 2352 perlici.
2674 2279 2890 2353 Pergit:
2922 2282 2988 2336 Ut
3008 2292 3151 2338 stata
3168 2283 3347 2337 omnia

1776 2380 2098 2438 nascantur;
2141 2373 2244 2429 hoc
2269 2380 2374 2441 est,
2399 2393 2417 2425 ι
2450 2383 2508 2430 ιιι
2538 2381 2658 2428 tuto
2685 2383 2994 2439 conserant,
3015 2393 3034 2427 ι
3066 2375 3345 2446 passivum

1777 2476 1878 2533 pro
1904 2463 2116 2532 activo;
2147 2472 2242 2519 aut
2262 2472 2322 2519 ut
2346 2464 2621 2530 videatur,
2648 2475 2898 2537 tanquam
2920 2467 3070 2535 funes
3099 2466 3346 2521 dissoluti

1777 2565 1920 2607 sunt.
1979 2553 2120 2609 Viris
2170 2563 2570 2624 tempestatum,
2607 2571 2706 2627 pro
2750 2555 2927 2629 ὡρῶν.
2967 2556 3140 2624 Salve,
3172 2567 3343 2628 pater,

1779 2661 2025 2718 magnum
2053 2647 2405 2714 miraculum,
2433 2665 2624 2720 magna
2648 2649 2943 2704 hominibus
2965 2651 3195 2707 utilitas.
3225 2651 3345 2707 Non

1779 2736 1933 2802 dicit,
1975 2757 1996 2790 ι
2019 2747 2072 2794 et
2091 2754 2305 2812 magna.
2329 2759 2349 2794 ι
2379 2738 2534 2795 Salve
2559 2749 2615 2794 tu
2638 2741 2768 2812 ipse,
2800 2750 2849 2796 et
2886 2743 3036 2811 prior
3057 2745 3344 2814 generatio.

1779 2827 1824 2885 0
1860 2829 2098 2902 Jupiter,
2129 2839 2187 2886 tu
2243 2839 2298 2888 et
2349 2832 2638 2904 progenies
2691 2839 2785 2888 tua
2816 2851 2832 2890 :
2860 2848 3056 2906 nempe
3100 2833 3341 2890 Titanes.

1779 2921 1941 2980 Velut
1975 2924 2118 2996 apud
2145 2924 2530 2980 Antimachum
2559 2943 2574 2981 :

1783 3039 2192 3113 Terrigenasque
2226 3041 2351 3096 deos
2369 3078 2387 3109 ,
2416 3040 2837 3111 antiquioresque
2870 3040 3071 3112 origine
3102 3005 3357 3096 Titanarsl

1705 3186 1750 3246 α
1783 3152 1877 3210 Sic
1903 3154 2190 3222 Homerus,

1783 3268 2149 3340 Oceanumque
2179 3258 2348 3323 Deum
2375 3268 2651 3339 originem,
2672 3276 2723 3322 et
2751 3275 2972 3322 matrem
2999 3267 3220 3339 Tethyn.

1848 3379 2053 3447 Quodsi
2097 3380 2166 3435 ad
2215 3380 2463 3436 homines
2513 3395 2621 3435 nos
2665 3379 2756 3434 illa
2783 3420 2798 3445 ,
2832 3381 3014 3449 prior,
3061 3379 3348 3438 referenda

1781 3470 1887 3537 sit,
1923 3472 1991 3528 de
2021 3480 2216 3542 quarta
2267 3473 2336 3527 ab
2377 3488 2542 3528 aureo
2586 3488 2781 3544 genere
2819 3473 3180 3528 semideorum
3223 3489 3345 3545 pro.

1781 3562 1939 3632 genie
1967 3562 2241 3632 loquetur.
2271 3561 2406 3617 Nam
2450 3579 2553 3618 nos
2596 3563 2652 3618 in
2695 3563 2889 3636 quinta
2931 3563 3189 3634 progenie
3219 3579 3346 3622 cen-

1782 3667 1986 3709 semur.
2021 3653 2100 3708 Ac
2144 3660 2434 3724 propterea
2479 3651 2706 3710 Titanas
2750 3653 2963 3709 salvere
3003 3653 3179 3723 jubet,
3213 3670 3346 3724 quo-

1781 3741 1927 3795 niam
1954 3741 2010 3795 in
2039 3743 2392 3813 sequentibus
2426 3742 2716 3812 Astraeum,
2755 3759 2926 3800 unum
2945 3744 3014 3800 de
3040 3743 3346 3812 Titanibus,

1783 3833 2041 3903 prtedicat
2065 3833 2151 3889 bis
2181 3835 2400 3891 verbis:

1784 3946 1906 4023 Sive
1929 3948 2091 4017 igitur
2123 3949 2317 4023 Astraei
2343 3950 2487 4006 illius
2507 3951 2680 4021 proles
2715 3969 2732 4009 :
2771 3968 2922 4023 quem
2959 3952 3108 4010 aiunt

1783 4017 2064 4072 Astrorum
2093 4020 2365 4091 antiquum
2392 4017 2595 4089 patrem
2623 4038 2754 4076 esse.

1856 4128 1973 4187 Hoc
2016 4131 2196 4202 ipsum
2225 4147 2354 4188 vero
2392 4142 2503 4188 tam
2545 4149 2670 4189 cum
2705 4135 3154 4206 praecedentibus,
3185 4151 3348 4206 quam

1787 4237 1912 4279 cum
1961 4223 2319 4294 sequentibus
2369 4225 2616 4293 copulari
2660 4233 2859 4296 potest,
2894 4225 3350 4297 quemadmodum

1787 4313 1936 4370 istud
1966 4332 1980 4370 :
2010 4312 2237 4378 Salvete,
2267 4311 2459 4378 Musas,
2490 4329 2588 4385 per
2611 4315 2849 4386 seipsum
2881 4333 2896 4371 ;
2923 4315 3138 4382 deinde,
3169 4315 3340 4370 admo-

1787 4405 1914 4460 dum
1943 4422 2141 4472 omncs,
2169 4405 2506 4475 conjunctim
2537 4423 2550 4459 :

1715 4531 1762 4586 D
1791 4565 1807 4579 .
1843 4558 1860 4575 .
1897 4557 1914 4575 .
1952 4559 1966 4575 .
1999 4559 2015 4575 .
2050 4516 2186 4572 Mihi
2210 4515 2419 4587 quidem
2449 4515 2517 4570 ad
2545 4517 2726 4572 stellas
2753 4515 3001 4571 dicendas

1792 4591 1854 4648 Si
1875 4591 1960 4661 {as
1979 4597 2080 4654 est,
2109 4588 2344 4659 precanti
2365 4588 2588 4657 promite
2615 4602 2815 4641 omnem
2837 4598 3070 4643 cantum.

1790 4701 1909 4758 Vox
1938 4702 2050 4766 illa,
2101 4699 2210 4770 fas,
2245 4698 2500 4770 ambigua
2531 4707 2634 4755 est.
2664 4696 2799 4752 Nam
2850 4709 2945 4753 aut
2982 4696 3352 4754 antecedenti-

1792 4796 1917 4862 bus,
1949 4801 2044 4850 aut
2091 4790 2447 4862 sequentibus
2487 4790 2824 4846 annectenda
2856 4797 2959 4846 est.
3001 4788 3264 4847 Videlicet
3294 4801 3351 4844 ιιι

1795 4889 1872 4942 ita
1901 4892 2250 4944 construatur
2287 4902 2302 4940 :
2334 4883 2402 4938 ad
2445 4883 2628 4938 stellas
2656 4883 2928 4950 dicendas,
2958 4892 3017 4938 ut
3035 4882 3202 4948 decet,
3232 4899 3348 4952 pro.

1797 4977 1953 5043 mite;
1980 4975 2064 5033 vel
2096 4994 2111 5032 :
2148 4974 2384 5046 precanti
2423 4983 2483 5028 ut
2523 4972 2762 5028 decentia
2797 4972 2920 5029 date
2951 4973 3079 5028 mihi
3100 4973 3290 5038 dicere,
3323 4991 3351 5031 ο

1795 5068 1986 5126 Mutat.
2003 5067 2099 5124 Est
2110 5075 2288 5124 autem
2299 5068 2627 5139 τεκμήρατε,
2645 5085 2664 5118 ι
2678 5066 2744 5120 ad
2762 5065 2920 5122 linem
2937 5082 3108 5138 usque
3122 5065 3287 5123 dicite
3303 5083 3354 5134 ;ὶ

1795 5162 2017 5234 τέκμωρ
2047 5161 2193 5218 enim
2229 5177 2248 5211 ι
2282 5159 2445 5215 linem
2484 5177 2504 5211 ι
2539 5158 2832 5230 signiﬁcat.

200 5312 244 5346 δ’
277 5314 316 5385 f.
347 5318 631 5391 ιμπόριος.
702 5317 748 5350 ³⁸
778 5316 933 5376 Deest
968 5316 1192 5390 aliquid.
1234 5314 1415 5392 (Quod
1446 5330 1547 5372 nos
1567 5314 1872 5386 supplendo
1899 5329 1928 5370 e
1960 5311 2231 5384 versione,
2264 5312 2421 5373 uncis
2446 5313 2786 5372 inclusimus.
2817 5311 3001 5391 Em.)
