3800 6312
126 328 261 386 H69

1085 316 1428 378 ’1⁸11800081
1466 316 1671 373 GAZE
1699 313 1903 373 LIBER
1938 315 2029 370 DE
2058 315 2417 373 HENSIBUS.

3219 314 3366 365 H70

127 464 222 520 μιν
276 445 560 519 χρῆσθαι,
609 445 935 518 Ἑλληνικῶς
993 440 1293 516 φράζοντες
1320 481 1336 508 ,
1385 437 1520 493 άλλά
1580 438 1693 509 μὴ,

1801 445 1908 492 tum
1931 451 1995 493 es
2031 436 2282 507 pluribus
2321 433 2579 490 distincta
2619 431 2979 503 explicatione
3026 429 3358 487 ratiocinan-

123 539 301 595 ὸθνεῖα
337 536 802 610 παραμιγνύντες,
833 533 1129 605 ξενίζωμεν
1152 532 1282 603 περὶ
1313 530 1411 601 τὴν
1436 527 1693 599 πατρῷαν

124 630 329 703 φωνὴν,
359 631 457 686 καὶ
483 629 689 703 ἐκμελῆ
719 629 810 683 τὸν
842 627 997 697 λόγον
1022 624 1285 695 ποιῶμεν.
1310 619 1602 689 Φιλοσόφου
1638 618 1697 673 δὲ

123 724 215 779 καί
255 725 320 777 τὸ
366 724 499 795 περὶ
545 723 733 777 τούτου
773 718 1067 790 ἐσκέφθαι·
1103 716 1204 786 τῆς
1237 713 1407 782 αὐτῆς
1445 711 1554 781 γάρ
1584 711 1701 762 ἑπι-

124 817 337 887 στήμης
379 816 529 869 ἐστὶν
551 814 727 886 ὀρθῶς
754 829 815 867 τε
843 815 956 876 τοῖς
999 807 1271 880 κειμένοις
1313 803 1545 876 χρῆσθαι
1575 800 1695 855 dvo.

125 923 275 980 μασι,
313 908 412 961 καὶ
453 908 618 979 μηδὲν
645 904 923 968 ἀλλοεθνὲς
955 898 1306 965 ἐπιπολάζειν
1336 898 1447 959 τοῖς
1477 892 1695 956 οἰκείοις

123 1002 213 1074 ιᾷν
233 1017 248 1032 ·
279 1000 474 1073 ὥσπερ
502 1000 693 1072 ἀμέλει
719 998 815 1053 καὶ
850 996 919 1052 τὰ
953 994 1052 1067 μὲν
1089 992 1165 1064 μὴ
1191 989 1502 1062 ὑπάρχοντα
1538 1000 1694 1055 νομο-

123 1097 293 1150 θετεῖν
314 1136 331 1160 ,
359 1094 431 1150 τὰ
473 1094 530 1148 δὲ
580 1091 868 1166 μοχθηρῶς
913 1086 1276 1160 ὠνομασμένα
1324 1084 1439 1145 τοῖς
1480 1077 1694 1141 πολλοῖς

120 1185 480 1260 διορθοῦσθαι.
514 1185 669 1241 Οὕτω
709 1186 819 1257 γάρ
856 1182 923 1238 ἂν
964 1182 1168 1251 ἑκάστη
1210 1176 1318 1232 τῶν
1353 1167 1691 1242 ἐπιστημῶν,

122 1280 328 1352 βέλτιον
354 1279 417 1333 τὸ
441 1280 610 1350 αὐτῆς
643 1278 801 1350 ἔργον
837 1272 1198 1336 ἀποτελοῦσα,
1230 1266 1587 1340 συμϐάλλοιτο
1613 1262 1695 1324 είς

119 1351 213 1446 τὴν
253 1372 541 1444 πολιτικὴν
586 1370 905 1425 κοινωνίανο
966 1366 1197 1441 μάλιστα
1241 1361 1295 1414 δὲ
1318 1359 1375 1414 αἱ
1411 1355 1540 1427 περὶ
1568 1351 1692 1415 τοὺς

118 1468 331 1536 λόγους.

1795 526 1947 591 dum,
1985 538 2258 598 quatenus
2292 525 2411 582 ﬁeri
2461 525 2661 596 poterit
2712 523 2782 580 de
2816 523 3019 579 talibus
3053 528 3244 578 esset:
3273 522 3359 576 in-

1794 623 2101 695 vestigatio,
2132 629 2196 678 ut
2215 621 2400 677 Graece
2441 620 2686 675 dicentes
2716 616 2921 673 Gmcis
2955 616 3223 671 mensium
3257 631 3359 670 nu-

1795 715 2031 772 minibus
2061 722 2315 781 utamur;
2346 720 2401 769 et
2424 728 2494 768 ne
2517 719 2743 768 externa
2764 709 3177 781 permiscentes,
3196 713 3359 777 atque

1794 807 2156 870 inculcantes,
2185 807 2240 862 in
2268 813 2522 862 nostrate
2545 805 2727 875 lingua
2756 802 2913 874 quasi
2942 800 3184 872 hospites
3206 814 3362 870 pereo

1797 900 2013 971 grinum
2046 898 2305 970 quiddam
2363 912 2643 962 sonemus,
2673 903 2728 952 et
2780 896 3025 965 ineptum
3075 893 3360 949 inconcin-

1797 1005 2036 1061 numque
2062 1004 2373 1046 sermonem
2404 988 2686 1045 faciamus.
2727 987 2898 1043 Porro
2930 984 3234 1057 philosophi
3270 989 3359 1040 est

1796 1080 1959 1136 etiam
1991 1080 2302 1151 hujusmodi
2348 1082 2781 1136 commentatio:
2824 1084 2955 1135 'cum
3000 1076 3218 1148 quidem
3262 1090 3362 1146 pe-

1796 1167 1935 1224 ritiae
1965 1168 2037 1224 sit
2064 1170 2168 1226 rite
2196 1168 2470 1240 impositis
2497 1169 2813 1226 nominibus
2836 1170 2934 1234 uti,
2956 1174 3010 1224 et
3041 1166 3176 1224 nihil
3209 1173 3384 1237 pere-'

1796 1259 2009 1331 grinum
2040 1262 2150 1331 pati
2188 1262 2243 1318 in
2280 1262 2521 1334 propriis
2540 1262 2959 1332 vernaculisque
2985 1258 3356 1331 superﬂuere:

1796 1351 2251 1420 quemadmodum
2297 1360 2446 1409 certe
2467 1392 2486 1416 .
2539 1354 2757 1409 nomina
2787 1354 2831 1411 si
2861 1354 3088 1417 desunt,
3137 1360 3192 1409 et
3218 1367 3358 1407 nova

1795 1440 2032 1500 formare
2046 1453 2099 1499 et
2123 1461 2407 1517 perperam
2437 1461 2469 1501 a
2490 1447 2718 1504 rudibus
2748 1446 2918 1503 indita
2941 1447 3232 1517 corrigere.
3264 1442 3360 1499 Sic

122 1562 261 1616 extim
300 1573 645 1629 unaquaeque
683 1556 970 1627 disciplina
1037 1552 1230 1608 melius
1294 1545 1580 1617 magisque
1645 1550 1746 1594 suo
1802 1551 2025 1595 munere
2080 1539 2309 1613 fungens
2366 1543 2636 1601 universa
2693 1541 3005 1614 reipublicae
3052 1540 3356 1607 conducat;

120 1654 390 1725 imprimis
421 1662 599 1709 autem
627 1666 706 1709 ea:
734 1660 881 1709 artes
907 1665 1028 1722 qua!
1070 1647 1382 1705 consistunt
1427 1641 1485 1695 in
1533 1632 1669 1692 recti
1703 1634 1972 1691 sermonis
1996 1637 2226 1693 ratione.

626 1791 831 1863 Μῆγες
868 1792 994 1857 Ἀθη
1002 1787 1203 1842 ναίων.

193 1907 268 1968 B'.
296 1907 523 1963 Δώδεκα
554 1908 653 1980 μὲν
686 1904 982 1965 τοίνυνοτδν
1020 1899 1250 1974 ἀριθμὸν
1279 1894 1420 1952 εἶναι
1455 1893 1695 1964 ὀνόματα

124 1999 304 2074 μηνῶν
324 2000 524 2067 ταῦτα,
545 2001 622 2065 ὡς
654 1999 920 2071 Ἀθηναῖοι
941 1992 1099 2069 ἦγον,
1125 1992 1327 2056 πάντες
1350 1983 1691 2061 ὁμολογοῦσι·

470 2174 840 2246 Μουνυχιωνα,

471 2245 854 2318 θαργηλιῶνα,

478 2315 912 2387 Σκιροφοριῶνα,

486 2385 953 2458 Ἑκατομϐαιῶνα,

472 2457 934 2524 Μεταγειτνιῶνα,

471 2525 879 2599 Βοηδρομιῶνα,

470 2598 974 2669 ΙΕαιμακτηριῶνα,

471 2666 849 2738 Πυανεψιῶνα,

485 2737 938 2809 Ἀνθεστηριῶνα,

474 2807 832 2874 Ποσειδεῶνα,

476 2877 828 2949 Γαμηλιῶνα,

484 2948 940 3021 Ἐλαφηϐολιῶνα.

187 3041 325 3114 Περὶ
350 3040 408 3095 δὲ
436 2996 644 3107 τάξέᾷξ
660 2996 1130 3116 ’ξςᾎιῖὲῖλξὶφεεῆς
1163 3044 1196 3113 τι,
1231 3040 1464 3114 διαφορά
1500 3056 1559 3095 τε
1601 2996 1700 3095 καί

2151 1773 2309 1847 154
2350 1774 2553 1832 Menses
2595 1776 3005 1834 Atheniensium.

1868 1880 1933 1939 ll.
1974 1883 2110 1943 Esse
2134 1886 2301 1958 igitur
2326 1888 2439 1944 haec
2478 1888 2778 1945 Atticorum
2813 1890 3080 1945 mensium
3108 1889 3358 1954 nomina,

1798 1972 2087 2034 duodecim
2130 1974 2383 2047 numero,
2405 1981 2661 2039 omnibus
2694 1981 2749 2037 in
2791 1980 3045 2040 confesso
3080 1989 3185 2040 est.
3221 1972 3370 2039 Sunt

1798 2077 1978 2126 autem
2010 2070 2124 2130 haec
2153 2091 2167 2128 :

2151 2162 2481 2236 ynnychion
2505 2203 2523 2230 ,

2151 2231 2479 2306 Ibargelion
2506 2275 2521 2299 ,

2150 2302 2536 2375 ﬁciropborion

2147 2372 2560 2430 Hecatombseon
2589 2415 2604 2440 .

2150 2443 2503 2516 Metagitnion
2525 2486 2541 2511 ,

2144 2512 2507 2571 Boedromion
2524 2558 2538 2581 ,

2134 2584 2547 2651 .Maemacterion
2575 2625 2591 2652 ,

2144 2652 2487 2728 Pyanepsion
2503 2697 2518 2720 ,

2144 2726 2533 2783 Anthesterion
2558 2766 2575 2791 .

2146 2795 2417 2853 Posideon
2433 2840 2449 2866 ,

2149 2866 2428 2923 Gamelion
2455 2907 2472 2930 ,

2158 2936 2569 3010 Elaphebolion.

1867 3027 2135 3087 Caeterum
2178 3033 2311 3104 quis
2343 3033 2497 3101 ordo,
2523 3040 2578 3089 et
2605 3046 2726 3103 quae
2764 3047 2955 3099 senes,
2987 3038 3148 3105 atque
3198 3032 3382 3089 etiam”

122 3134 531 3208 ἀμφισϐήτησίς
575 3137 724 3190 ἐστι’
761 3137 896 3211 πρὸς
926 3136 981 3191 δὲ
1014 3138 1108 3192 καὶ
1140 3136 1266 3209 περὶ
1291 3135 1407 3199 τοῦ,
1441 3134 1556 3197 πῶς
1598 3135 1694 3204 δεῖ¹

1801 3124 2106 3195 quomodo,
2154 3133 2209 3182 et
2236 3126 2450 3197 quibus
2501 3125 2684 3182 verbis
2738 3125 2794 3180 in
2827 3123 3075 3180 Latinam
3117 3124 3361 3196 linguam

128 3228 532 3300 μεταφέροντας
584 3231 664 3293 εἰς
715 3228 812 3301 τὴν
853 3227 1095 3283 Λατίνων
1142 3227 1353 3300 φωνὴν,
1387 3228 1694 3300 ὀνομάζειν.

125 3317 344 3388 Πρῶτον
389 3317 455 3391 δὴ
504 3320 630 3390 περὶ
671 3319 875 3386 τάξεως
918 3322 1014 3375 καὶ
1055 3318 1149 3373 τοῦ
1204 3320 1402 3392 ἑφεξῆς
1450 3321 1652 3374 τούτων
1678 3337 1693 3351 ’

127 3408 311 3465 επειτα
354 3411 486 3479 περὶ
516 3411 809 3483 ἑρμηνείας
834 3411 1150 3485 θεωρητέον.
1181 3415 1337 3466 Δοκεῖ
1367 3412 1474 3485 γάρ
1510 3413 1698 3487 ὥσπερ

128 3506 382 3574 στοιχεῖον
438 3504 732 3576 ἑρμηνείας
772 3501 906 3559 οὖσα
956 3504 1159 3559 τούτων
1195 3506 1229 3577 ἠ
1273 3504 1463 3570 τάξις’
1492 3506 1585 3559 καὶ
1629 3506 1699 3559 τὰ

126 3596 291 3651 πολλὰ
326 3596 461 3661 ἴσως
499 3598 607 3651 τῶν
632 3598 768 3669 πρὸς
799 3598 898 3669 τὴν
932 3599 1228 3670 ἑρμηνείαν
1269 3598 1552 3653 τεινόντων
1589 3599 1697 3653 δέοι

124 3685 208 3754 ἂν,
239 3688 621 3760 λαμϐάνοντας
646 3692 710 3745 ὲκ
732 3690 839 3744 τῶν
861 3691 959 3761 τῆς
994 3690 1297 3756 συντάξεως
1324 3691 1557 3756 οἰκείων,
1585 3691 1697 3744 δει-

124 3782 320 3838 κνύειν.
358 3782 516 3838 Μετὰ
556 3783 612 3836 δὲ
649 3783 821 3838 ταῦτα
868 3785 994 3856 περὶ
1025 3785 1213 3857 χρείας
1249 3785 1441 3856 ῥητέον
1467 3801 1481 3815 ·
1508 3782 1696 3837 τούτου

125 3873 229 3946 γὰρ
265 3875 430 3930 ἕνεκα
458 3875 553 3930 καὶ
586 3877 684 3949 τὴν
716 3876 867 3941 τάξιν
900 3877 1096 3931 εἰδέναι
1141 3876 1375 3947 μάλιστα
1409 3875 1699 3948 προαιρού-

129 3963 285 4033 μεθα.
316 3967 427 4020 Καὶ
465 3966 602 4037 πρὸς
641 3968 883 4031 τούτοις,
910 3966 965 4020 ετ
998 3985 1048 4021 τι
1088 3967 1215 4022 ἄλλο
1252 3986 1369 4032 πως
1401 3970 1599 4021 οἰκεῖον
1628 3967 1694 4037 τῇ

129 4052 312 4123 σκέψει
363 4054 495 4126 τῇδέ
522 4057 659 4121 ἐστι,
698 4055 1091 4128 προσληπτέον,
1125 4056 1299 4129 βραχύ
1334 4072 1388 4110 τι
1430 4072 1699 4127 συμπεριο

124 4146 527 4217 λαμϐάνοντας,
555 4148 643 4202 ἵνα
681 4148 756 4219 μὴ
786 4146 876 4201 τοῦ
916 4147 1079 4221 ἔργου
1115 4148 1300 4221 μεῖζον
1327 4148 1389 4204 τὸ
1423 4150 1697 4222 πάρεργον

126 4236 359 4310 γίνηται.

510 4354 651 4421 Περὶ
683 4352 907 4421 τάξεως
939 4352 1057 4408 τῶν
1078 4353 1307 4426 μηνῶν.

1796 3217 2188 3276 transferentes
2216 3220 2489 3291 appellare
2518 3226 2804 3290 oporteat,
2854 3220 2941 3275 hic
2978 3219 3269 3277 discrimen
3292 3229 3362 3276 et

1796 3312 2188 3368 controversia.
2222 3311 2467 3367 Primum
2513 3312 2678 3384 igitur
2722 3313 2790 3368 de
2829 3312 3021 3368 ordine
3068 3320 3123 3368 et
3176 3313 3358 3381 serie;

1796 3414 1919 3477 post
1948 3405 2015 3461 de
2064 3406 2512 3477 interpretatione
2564 3405 3042 3462 considerandum.
3092 3403 3361 3460 Nimirum

1797 3497 1931 3553 ordo
1985 3498 2103 3570 ipse
2160 3500 2309 3555 velut
2360 3499 2828 3572 interpretationis
2880 3499 3207 3556 elementum
3237 3502 3359 3565 est,

1798 3604 1919 3644 cum
1949 3599 2002 3645 et
2025 3590 2195 3645 multa
2226 3588 2364 3646 forte
2392 3605 2579 3647 eorum
2614 3606 2736 3663 qua
2765 3590 2833 3645 ad
2859 3589 3362 3661 interpretationem

1797 3681 2057 3748 tendunt,
2101 3699 2167 3740 ex
2209 3684 2635 3741 constructionis
2673 3685 2989 3756 ordinisque
3039 3682 3363 3756 proprietate

1796 3774 2101 3830 elicientem
2144 3783 2391 3846 oporteat
2435 3776 2742 3833 ostendere.
2788 3776 2910 3832 Mox
2941 3775 3008 3832 de
3042 3791 3143 3832 usu
3174 3773 3366 3829 dicen-

1797 3870 1925 3926 dum
1958 3891 1972 3927 :
2008 3871 2168 3941 cuius
2214 3874 2387 3944 gratia
2429 3874 2675 3929 ordinem
2709 3873 2850 3931 scire
2878 3871 3144 3944 imprimis
3173 3868 3365 3927 statui-

1798 3979 1939 4020 mus.
1968 3964 2048 4019 Ad
2068 3965 2203 4031 hac,
2222 3966 2266 4022 si
2289 3967 2419 4037 quid
2449 3967 2595 4022 aliud
2625 3966 2751 4023 huic
2767 3962 3212 4021 commentationi
3237 3978 3366 4033 pro.

1798 4057 2168 4126 prium,nobis
2190 4060 2576 4114 assumendum
2601 4067 2705 4124 est,
2731 4058 3189 4130 compendiariam
3217 4057 3376 4113 viam‘

1799 4149 2257 4220 amplexantibus,
2288 4159 2349 4207 ut
2370 4168 2438 4208 ne
2465 4151 2647 4223 operis
2666 4150 3047 4208 diverticulum
3078 4148 3172 4205 ﬁat
3197 4162 3361 4220 opere

1798 4241 2047 4298 instituto
2081 4240 2279 4312 majus.

2278 4357 2356 4413 De
2397 4356 2580 4413 ordine
2608 4357 2886 4412 mensium.

190 4467 267 4523 Ρ.
302 4465 560 4537 Εἰλήφθω
600 4466 888 4538 τοιγαροῦν
918 4468 1024 4539 μὴν
1070 4470 1099 4522 ό
1135 4468 1313 4541 τυχὼν
1357 4469 1571 4542 πρῶτος
1618 4469 1694 4541 τῷ

1868 4464 1955 4522 ΠΙ.
1998 4463 2278 4539 ,ευωιιιιιι-
2332 4466 2516 4536 itaque
2564 4466 2773 4536 primus
2830 4467 3062 4540 quisque
3135 4466 3367 4535 mensis,

122 4559 302 4631 λόγῳ·
337 4559 478 4613 ἔστω
525 4558 603 4623 δὲ,
632 4561 681 4612 εἰ
720 4559 897 4627 δοκεῖ,
939 4560 1236 4615 Ποσειδεὼν
1260 4579 1274 4593 ο
1318 4560 1456 4634 μετὰ
1501 4562 1694 4616 Ποσει-

122 4651 294 4707 δεῶνα
319 4652 384 4723 δὴ
413 4651 577 4715 εὐθὺς
603 4651 912 4723 Γαμηλιών.
939 4654 1231 4727 Μάρτυρες
1257 4655 1315 4709 δὲ
1336 4655 1525 4709 τούτου
1552 4656 1697 4727 Ἀρι-

126 4744 377 4814 στοτέλης
402 4761 463 4798 τε
485 4745 578 4800 καὶ
596 4744 954 4817 Θεόφραστος,
980 4745 1169 4818 ἄνδρες
1194 4747 1430 4812 παλαιᾶς
1454 4748 1692 4821 μνήμης,

125 4834 217 4889 καὶ
237 4835 518 4908 ἐμπείρως
544 4835 758 4906 ἔχοντες
782 4836 881 4907 τῆς
927 4836 1222 4908 Ἀθηναίων
1248 4840 1454 4910 φωνῆς.
1476 4844 1569 4894 Δεῖ
1587 4839 1696 4913 γὰρ

128 4925 202 4996 μὴ
227 4926 517 4998 ἀμάρτυρα
544 4928 794 4996 φάσκειν,
830 4927 906 4993 ὡς
932 4929 982 4981 οἳ
1019 4930 1217 5000 προτοῦ
1254 4931 1429 4994 θέσεις
1463 4932 1597 5004 πρὸς
1619 4932 1694 5004 τῷ

122 5017 304 5087 ψευδεῖ
335 5019 432 5072 καὶ
471 5017 796 5082 ἀδεσπότους
838 5018 1209 5073 ἀποδεδώκασι
1230 5062 1244 5086 ,
1276 5020 1523 5090 λέγοντες
1565 5023 1693 5094 περὶ

123 5110 323 5165 τούτων
351 5126 365 5140 ·
412 5108 526 5162 ἀλλ’
570 5111 654 5179 ἐφ’
712 5111 961 5175 ἑκάστοις
1034 5113 1317 5184 μάρτυρας
1362 5114 1692 5186 παρέχεσθαι

125 5205 322 5276 ἄνδρας
346 5204 715 5271 ἀξιοπίστους,
745 5204 934 5277 ὥσπερ
960 5207 1018 5260 ὲν
1056 5205 1406 5278 δικαστηρίῳ.
1440 5207 1554 5260 Πᾶν
1585 5208 1694 5281 γάρ

122 5296 186 5351 τὸ
222 5299 278 5351 ἐν
306 5298 517 5361 τούτοις
550 5298 740 5352 πιστὸν
782 5300 884 5353 οὐκ
926 5300 989 5352 ἑκ
1024 5299 1340 5371 τεκμηρίων
1384 5301 1479 5355 καὶ
1521 5301 1692 5370 λόγων

124 5392 397 5456 τοιούτων,
434 5391 549 5445 ἀλλ’
578 5390 638 5455 ἐξ
668 5384 744 5445 ὧν
782 5408 927 5455 τινες
955 5392 1064 5447 τῶν
1095 5391 1319 5457 ἐνδόξων
1357 5390 1510 5447 εἶπόν
1551 5395 1689 5449 ἑστι.

125 5480 341 5538 τούτων
360 5485 427 5555 δὴ
443 5487 474 5538 ὁ
497 5484 596 5554 μὲν
617 5485 675 5536 έν
697 5486 759 5554 τῇ
783 5485 908 5555 περὶ
931 5484 1000 5538 τὰ
1019 5484 1134 5549 ζῶα
1157 5486 1367 5557 ἱστορία
1387 5479 1490 5541 ὧδε
1510 5486 1656 5558 λέγει
1673 5505 1688 5520 ·

134 5593 153 5626 ι
190 5576 253 5630 Ἦ
295 5577 352 5630 δὲ
400 5577 581 5640 θυννὶς
627 5576 773 5644 ἅπαξ
818 5579 990 5631 τίκτει
1018 5596 1032 5609 ’
1077 5578 1214 5633 ἀλλὰ
1253 5578 1342 5632 διὰ
1377 5580 1439 5633 τὸ
1479 5581 1546 5635 τὰ
1595 5583 1694 5654 μὲν

127 5665 323 5737 πρώῖα,
345 5666 418 5721 τά
444 5667 502 5722 δὲ
524 5667 658 5738 ,δψια
687 5667 988 5738 προΐεσθαι,
1020 5670 1102 5734 δὶς
1121 5670 1269 5724 δοκεῖ
1298 5671 1521 5727 τίκτειν.
1539 5674 1693 5728 Ἔστι

127 5753 184 5810 δι
210 5760 240 5811 ὁ
265 5759 368 5829 μὲν
390 5757 607 5830 πρῶτος
629 5758 784 5824 τόκος
817 5759 943 5831 περί
973 5760 1061 5814 τὸν
1090 5762 1426 5818 Ποσειδεῶνα
1456 5764 1560 5836 πρὸ
1587 5763 1696 5820 τῶν

1800 4572 1921 4614 sese
1943 4564 2003 4612 ut
2031 4558 2263 4614 dicendo
2291 4558 2584 4626 obtulerit;
2629 4558 2842 4629 sitque,
2895 4558 2943 4629 si
2981 4558 3177 4629 placet,
3210 4556 3366 4616 Posi-

1799 4648 1975 4714 deon;
2033 4657 2158 4719 post
2210 4649 2358 4705 hunc
2399 4649 2661 4705 continuo
2707 4647 3008 4706 Gamelion.
3061 4648 3233 4720 Cujus
3285 4649 3367 4707 rei

1801 4746 1970 4796 testes
2000 4740 2323 4797 Aristoteles
2341 4750 2397 4797 et
2417 4740 2844 4812 Theophrastus,
2874 4742 3070 4813 priscas
3087 4742 3367 4799 memorie

1803 4833 1924 4898 viri,
1943 4841 2108 4904 atque
2132 4832 2324 4890 Attica?
2347 4834 2543 4906 linguae
2564 4834 2744 4904 periti.
2773 4833 2958 4905 Neque
2982 4834 3128 4889 enim
3151 4832 3239 4889 hic
3257 4848 3365 4891 non

1800 4923 2081 4995 productis
2111 4924 2440 4980 testimoniis
2484 4939 2643 4995 agere
2683 4924 2843 4992 licet,
2900 4932 2961 4980 ut
2993 4924 3087 4996 qui
3137 4925 3372 4982 antehac

1801 5013 1991 5079 falsas,
2021 5014 2360 5083 testibusque
2379 5019 2605 5085 egentes
2646 5012 2947 5084 positiones
2975 5011 3321 5070 tradiderunt
3347 5052 3364 5079 ,

1801 5105 1944 5161 hanc
1970 5104 2038 5160 de
2067 5104 2349 5160 mensibus
2400 5104 2756 5175 quaestionem
2805 5108 3101 5160 tractantes
3132 5122 3145 5158 :
3177 5118 3367 5160 verum

1800 5199 1856 5254 in
1890 5194 2321 5269 singulis’testes
2343 5197 2615 5261 excitare,
2653 5197 2804 5252 viros
2829 5195 3127 5266 locupletes
3159 5201 3216 5252 et
3263 5193 3369 5249 ilde

1799 5292 1991 5363 dignos
2020 5304 2158 5359 opus
2185 5295 2292 5353 est,
2320 5304 2429 5345 non
2456 5304 2617 5345 secus
2645 5298 2807 5360 atque
2841 5291 2897 5344 in
2915 5289 3146 5359 judicio.
3199 5286 3369 5355 Quid-
3428 5335 3442 5357 ,

1799 5383 1931 5453 quid
1955 5384 2099 5438 enim
2142 5382 2199 5436 in
2227 5381 2312 5436 his
2346 5382 2645 5451 probabile,
2679 5398 2788 5437 non
2820 5399 2883 5438 ex
2914 5382 3084 5454 signis
3111 5395 3368 5439 necessa-

1800 5479 1921 5541 riis,
1953 5476 2380 5547 bujusmodique
2423 5475 2729 5531 rationibus
2768 5475 2920 5546 sequi
2959 5481 3218 5547 oportet:
3270 5475 3368 5530 sed

1798 5584 1865 5626 ex
1900 5570 1968 5624 iis
1999 5585 2246 5634 sumere,
2294 5582 2415 5639 quas
2443 5567 2630 5623 dixere
2665 5569 2799 5624 clari
2845 5567 3198 5638 celebresque
3236 5563 3361 5621 viri.
3424 5588 3429 5593 ο

1799 5663 2007 5722 Horum
2058 5662 2227 5735 igitur
2272 5661 2412 5716 alter
2442 5660 2496 5715 in
2529 5661 2758 5717 historia
2787 5660 3105 5717 animalium
3136 5658 3217 5714 sic
3245 5655 3322 5711 ait
3350 5673 3365 5709 :

1806 5778 1826 5813 ι
1860 5748 2093 5814 Thunna
2142 5755 2307 5811 etiam
2335 5753 2501 5812 semel
2532 5754 2704 5825 parit:
2746 5753 2841 5810 sed
2872 5767 2996 5809 cum
3047 5752 3183 5810 alios
3227 5748 3370 5807 fetus
3430 5760 3475 5803 ι’
