3800 6318
426 308 554 365 “7|

1439 312 1526 370 AD
1573 310 1843 374 EUSEBlI
1873 312 2268 377 CHRONICON
2307 312 2667 377 APPENDIX.

3517 316 3640 372 ll'l!

417 433 800 499 praematuras,
825 431 963 490 alios
1008 432 1279 491 serotinot
1323 433 1623 506 producat,
1654 437 1740 495 bis
1775 438 1990 496 videtur

2095 442 2329 512 τροπῶν,
2363 441 2457 494 ὁδ’
2491 441 2716 513 ὕστερος
2741 437 2834 494 τοῦ
2865 439 3047 512 ἔαρος.
3079 458 3097 492 ι
3129 435 3476 512 Θεόφραστος
3500 439 3554 494 δὲ
3587 441 3640 494 ὲν

419 533 654 586 parere:
690 522 911 594 editque
940 523 1175 593 priorem
1205 531 1421 596 partum
1467 527 1690 584 circiter
1717 527 1980 586 Posideo-

420 625 547 666 nem
589 621 716 670 ante
771 613 1018 669 brumam
1041 653 1057 680 ,
1116 617 1474 685 posteriorem
1532 634 1674 676 vere.
1729 640 1749 674 ι
1810 619 1981 678 Porro

422 699 831 774 Theophrastus
860 705 917 762 in
974 707 1199 764 historia
1251 708 1320 766 de
1373 710 1574 781 plantis
1601 751 1618 778 ,
1652 713 1979 785 principium

421 801 678 852 sementis
706 799 956 854 secundae
981 807 1104 870 post
1139 800 1387 859 brumale
1421 803 1712 860 solstitium
1743 821 1864 863 esse
1897 806 1984 861 di-

421 886 516 950 cit,
539 904 724 946 mense
750 887 1060 949 Gamelione
1085 911 1101 949 :
1153 894 1313 965 cujus
1341 896 1561 967 quidem
1600 899 1840 956 auctoris
1867 900 1982 956 haec

420 985 548 1033 sunt
593 981 755 1036 verba
786 998 802 1037 :
836 1001 856 1034 ι
886 982 962 1039 lta
1004 985 1316 1056 appellant,
1358 1005 1378 1040 ι
1403 988 1601 1060 inquit,
1629 1005 1648 1040 ι
1691 1004 1800 1044 non
1829 997 1982 1047 satus

419 1071 634 1140 quidem
661 1074 925 1131 rationem
955 1076 1235 1140 habentes,
1263 1077 1358 1134 sed
1379 1087 1536 1136 ortus
1557 1087 1612 1137 et
1637 1094 1772 1136 usus
1796 1082 1984 1152 cujus-

417 1177 565 1232 que:
612 1167 1050 1240 quandoquidem
1093 1179 1248 1228 satus
1289 1172 1348 1227 ﬁt
1383 1174 1678 1231 contrariis
1706 1173 1819 1231 fere
1847 1183 1984 1232 tem-

417 1255 664 1325 poribus.
713 1256 1046 1332 Priucipium
1076 1263 1223 1318 enim
1257 1263 1472 1320 hiberni
1506 1265 1700 1336 (quem
1751 1265 1984 1335 primam

419 1361 714 1406 sementem
743 1353 1049 1426 appellant)
1100 1363 1226 1426 post
1252 1356 1499 1412 restivum
1529 1356 1822 1412 solstitium
1863 1366 1982 1423 est,

421 1452 611 1495 mense
657 1440 1085 1517 Metagttnione:
1139 1457 1195 1503 at
1225 1463 1442 1505 rursum
1493 1449 1758 1513 secundi,
1801 1464 1987 1507 mense

425 1529 772 1604 Gamelione,
823 1549 948 1608 post
991 1540 1289 1600 solstitium
1341 1541 1650 1596 hibernum.
1695 1559 1715 1594 ι
1756 1540 1812 1595 Si
1856 1555 1988 1612 ergo

427 1625 632 1682 dictum
661 1635 746 1684 est
775 1643 805 1684 a
829 1631 991 1688 claris
1015 1632 1124 1689 illis
1148 1633 1282 1688 viris
1304 1674 1320 1700 ,
1369 1633 1590 1689 circiter
1633 1631 1988 1687 Posideonem

426 1724 554 1772 ante
589 1718 861 1788 brumam,
893 1732 946 1779 et
977 1739 1161 1780 mense
1188 1723 1500 1782 Gamelione
1542 1735 1666 1796 post
1702 1723 1983 1778 brumam:

2083 535 2150 603 τῇ
2182 532 2307 603 περὶ
2333 533 2403 586 τὰ
2428 533 2570 602 φυτὰ
2605 531 2816 605 ἱστορίᾳ
2855 532 3030 604 ἀρχὴν
3062 527 3201 584 εἷναί
3241 549 3376 602 φησι
3404 530 3499 584 τοῦ
3537 531 3641 585 δευ-

2084 623 2240 695 τέρου
2268 624 2376 677 τῶν
2397 623 2608 696 ἀροτῶν
2641 625 2760 696 μεθ’
2792 624 2942 697 ἡλίου
2968 623 3171 696 τροπὰς
3201 624 3540 696 χειμερινὰς.
3559 624 3641 679 τοῦ

2086 714 2434 785 Γαμηλιῶνος
2466 716 2653 787 μηνός.
2680 717 2832 787 Ἔχει
2854 717 2910 770 δὲ
2938 718 2970 787 ἡ
3003 716 3147 780 λέξις
3169 716 3318 786 αὐτῷ
3345 709 3470 768 ὧδε’
3504 733 3523 766 ι
3542 717 3642 768 Κα-

2087 805 2238 859 λοῦσι
2270 806 2326 859 δὲ
2353 807 2524 870 οὕτως
2553 807 2614 860 οὐ
2645 806 2782 878 πρὸς
2804 808 2901 879 τὴν
2932 807 3140 878 σπορὰν
3179 806 3490 876 βλέποντες,
3524 803 3644 858 ἀλλά

2087 897 2224 967 πρὸς
2266 897 2364 968 τὴν
2403 898 2616 967 γένεσιν
2655 898 2750 952 καὶ⁹
2780 899 2879 970 τὴν
2915 899 3103 971 χρείαν
3140 897 3395 950 ἑκάστου.
3445 896 3641 967 Ἐπεὶὴ

2086 1004 2150 1057 γε
2182 988 2360 1060 σπορά
2399 989 2583 1060 σχεδὸν
2607 989 2665 1042 ὲν
2695 992 2809 1054 τοῖς
2841 989 3103 1052 ἐναντίοις
3129 987 3359 1057 γίνεται.
3395 989 3642 1058 Χειμερι-

2087 1079 2180 1134 νοῦ
2208 1080 2317 1154 γὰρ
2357 1081 2499 1152 ἀρχὴ
2544 1081 2684 1152 μετά
2715 1081 2923 1153 τροπὰς
2961 1081 3178 1152 θερινὰς
3201 1120 3215 1144 ,
3246 1080 3343 1134 τοῦ
3387 1079 3640 1148 Μεταγει-

2089 1170 2317 1236 τνιῶνος
2346 1171 2514 1242 μηνὸς
2552 1171 2796 1243 (καλοῦσι
2833 1172 2890 1226 δὲ
2918 1171 3103 1226 τοῦτον
3136 1171 3355 1244 πρῶτον
3386 1170 3496 1224 τῶν
3533 1171 3643 1242 ἀρο-

2087 1261 2214 1325 τῶν)
2232 1279 2243 1292 ο
2273 1261 2367 1315 τοῦ
2389 1263 2640 1334 δευτέρου
2673 1263 2834 1316 πάλιν
2869 1262 2984 1334 μεθ’
3013 1262 3161 1333 ἡλίου
3185 1263 3396 1334 τροπὰς
3422 1278 3643 1332 χειμερι-

2089 1352 2206 1418 νάς,
2232 1352 2324 1406 τοῦ
2353 1351 2700 1424 Γαμηλιῶνος
2725 1353 2910 1425 μηνός.
2933 1372 2951 1404 ι
2985 1354 3047 1406 El
3075 1353 3138 1424 δὴ
3168 1354 3297 1424 περὶ
3323 1352 3644 1406 Ποσειδεῶνι

2093 1442 2200 1515 πρὸ
2218 1443 2328 1496 τῶν
2357 1442 2596 1515 τροπῶν,
2623 1443 2718 1496 καὶ
2739 1443 3090 1516 Γαμηλιῶνος
3121 1443 3258 1514 μετὰ
3286 1443 3498 1514 τροπάς
3515 1459 3528 1471 ·
3554 1441 3588 1493 Γ
3591 1459 3644 1494 α-

2095 1533 2340 1606 μηλιῶνα
2369 1533 2508 1605 μετά
2548 1534 2883 1589 Ποσειδεῶνα
2921 1530 3058 1589 εἶναι
3091 1535 3328 1605 ἀνάγκη.
3365 1534 3455 1598 Ὦς
3490 1534 3545 1587 δὲ
3566 1535 3649 1586 καὶ

2091 1624 2308 1697 ἐφεξῆς,
2345 1627 2623 1696 συμφανὲς
2649 1629 2714 1680 ἐκ
2735 1625 2828 1680 τοῦ
2863 1627 3244 1699 προκειμένου,
3274 1627 3372 1681 καὶ
3402 1626 3504 1695 τῆς
3527 1627 3648 1698 φράρ

2094 1735 2231 1782 σεως
2269 1717 2414 1771 τοῦτ’
2452 1717 2672 1773 ἀκούειν
2699 1717 2895 1790 χρεὼν.
2935 1720 2991 1773 '0
3031 1719 3140 1790 γὰρ
3175 1721 3302 1791 περὶ
3325 1717 3648 1773 Ποσειδεῶνα

424 1808 791 1869 Gamelionem
841 1823 965 1885 post
1010 1815 1372 1872 Posideonem
1416 1814 1544 1872 inde
1592 1829 1714 1872 esse
1765 1829 1991 1870 necesse

2095 1809 2195 1882 πρὸ
2215 1809 2323 1864 τῶν
2344 1810 2558 1882 τροπῶν
2583 1807 2755 1880 λέγων
2778 1813 2871 1865 καὶ
2890 1809 3238 1882 Γαμηλιῶνος
3271 1812 3412 1882 μετά
3440 1811 3648 1882 τροπὰς,

421 1910 526 1958 est.
555 1902 710 1970 Quod
745 1915 924 1962 autem
973 1923 1098 1962 mox
1138 1909 1301 1964 etiam
1345 1915 1625 1980 sequatur,
1655 1906 1879 1964 evidens
1904 1913 1990 1963 est

422 2009 489 2048 ex
514 1995 946 2063 praecedentibus
971 2037 987 2062 ,
1028 2006 1081 2054 et
1127 2014 1194 2054 ex
1228 1999 1538 2055 elocutione
1583 1998 1636 2054 id
1693 1998 1992 2070 intelligere

423 2087 699 2143 convenit.
758 2087 862 2156 Qui
911 2104 1144 2160 namque
1190 2090 1321 2146 dicit
1359 2091 1580 2146 circiter
1633 2087 1990 2147 Posideonem

426 2186 555 2233 ante
597 2179 876 2246 brumam,
919 2188 975 2238 et
1025 2183 1340 2239 Gamelione
1398 2189 1522 2253 post
1573 2183 1861 2250 brumam;
1907 2183 1993 2237 vel

426 2267 574 2322 circa
605 2284 728 2324 eum
760 2285 1000 2326 mensem
1045 2271 1228 2344 (quem
1263 2273 1530 2347 nominat)
1582 2273 1638 2329 id
1695 2275 1992 2330 solstitium

423 2373 547 2414 esse
574 2360 709 2426 vult,
730 2361 811 2416 vel
844 2369 989 2418 certe
1011 2364 1156 2418 circa
1185 2365 1492 2434 proximum
1527 2356 1834 2422 ostendere.
1857 2364 1992 2420 Nam

423 2450 568 2521 quod
607 2449 869 2507 hibernus
903 2451 977 2508 sit
1022 2451 1312 2518 Posideon,
1341 2469 1409 2510 ex
1442 2454 1510 2510 iis
1541 2455 1596 2510 in
1627 2464 1880 2528 promptu
1907 2463 1992 2511 est

425 2555 547 2611 quas
581 2539 906 2598 Aristoteles
949 2543 1005 2598 in
1035 2543 1225 2600 eadem
1272 2544 1502 2601 historia
1528 2585 1544 2611 ,
1598 2546 1666 2602 de
1698 2545 1992 2617 mugilibus

426 2633 669 2705 piscibus
694 2636 1133 2692 commodissime
1160 2636 1443 2694 discernit.
1492 2636 1628 2693 Cum
1659 2637 1803 2694 enim
1839 2637 1992 2709 prius

425 2728 673 2793 dixisset,
702 2728 880 2784 hieme
903 2728 1156 2799 mugilem
1180 2743 1392 2800 parere,
1414 2737 1601 2800 postea
1631 2715 1816 2786 subdit
1837 2744 1993 2784 men-

425 2833 565 2884 sem,
592 2819 737 2874 circa
767 2834 928 2890 quem
959 2819 1120 2890 parit,
1149 2830 1275 2890 puta
1299 2818 1680 2877 Posideouem.
1714 2820 1840 2876 Haec
1867 2836 1996 2876 vero

427 2919 657 2979 utraque
715 2908 771 2963 in
837 2908 1030 2980 quinto
1100 2909 1341 2965 historia:
1394 2910 1484 2967 his
1522 2911 1704 2968 verbis
1755 2912 1992 2966 scribit:

433 3019 453 3050 ι
489 2999 629 3055 Sunt
661 3007 840 3056 autem
870 3017 990 3072 qua:
1013 3001 1096 3056 vel
1122 3017 1219 3072 per
1252 3002 1508 3070 hiemem,
1528 3011 1841 3060 zestatemve
1866 3019 1996 3061 suos

427 3098 621 3162 partus
652 3090 849 3158 edant;
888 3105 986 3162 per
1019 3091 1271 3156 hiemem,
1305 3093 1485 3164 lupus,
1512 3094 1766 3167 mugilis,
1809 3111 1942 3151 acus
1977 3116 1992 3152 :

428 3155 530 3252 per
555 3189 797 3238 aestatem
834 3155 989 3238 ﬁci—rea
1024 3155 1552 3250 Hecatombmonem,
1592 3155 1835 3244 thunnae.
1877 3209 1897 3242 ι
1934 3188 2000 3243 Et
2024 3155 2067 3214 ο

431 3275 593 3343 paulo
614 3281 776 3345 post:
818 3291 836 3326 t
869 3272 1070 3331 Parere
1116 3290 1246 3330 vero
1275 3275 1544 3346 incipiunt
1578 3292 1644 3332 ex
1673 3278 2000 3350 mugilibus,

435 3367 690 3422 labeones
717 3366 937 3438 quidem
965 3383 1152 3424 mense
1183 3367 1521 3434 Posideone,
1556 3376 1611 3424 et
1639 3385 1922 3435 mucones,
1947 3377 2004 3427 et

432 3461 733 3530 capitones,
762 3470 1062 3530 geruntque
1093 3461 1288 3516 diebus
1335 3461 1582 3517 tricenis.
1639 3481 1658 3515 ι
1693 3460 1808 3516 Hoc
1859 3462 2002 3518 idem

433 3567 653 3608 rursum
679 3551 818 3606 libro
839 3553 1068 3622 septimo
1098 3552 1250 3608 dicit.
1296 3551 1474 3608 Simul
1499 3568 1628 3608 vero
1656 3561 1872 3609 constat
1894 3555 2006 3610 sol-

434 3645 688 3701 stitialem
710 3660 834 3701 esse
861 3643 1239 3700 Posideonem.
1267 3643 1405 3698 Nam
1449 3645 1494 3699 si
1543 3653 1668 3701 ante
1711 3645 2004 3701 solstitium

434 3733 583 3790 circa
616 3731 971 3789 Posideonem
996 3773 1012 3799 ,
1066 3733 1438 3804 hibernusque
1480 3734 1787 3792 Posideon:
1832 3737 2008 3791 maui-

436 3827 636 3886 t‘estum
691 3833 776 3882 est
837 3825 1054 3881 circiter
1109 3823 1463 3882 Posideonem
1515 3827 1808 3883 solstitium
1863 3842 2003 3884 esse.

436 3921 596 3976 Circa
625 3920 1049 3991 enimprimum
1090 3919 1377 3974 hibernum
1425 3935 1666 3976 mensem
1711 3921 2005 3985 solstitium

437 4013 736 4083 peragitur.
768 4009 833 4064 Et
861 4011 950 4065 illa
998 4011 1216 4082 quidem
1251 4010 1474 4076 locutio,
1517 4029 1535 4063 ι
1573 4011 1718 4067 circa
1753 4011 2006 4068 Posideo-

437 4119 564 4159 nem
595 4112 720 4161 ante
755 4103 1024 4168 brumam,
1060 4123 1080 4156 ι
1135 4119 1246 4176 quo
1293 4119 1481 4160 mense
1516 4104 1609 4158 liat
1656 4105 2010 4162 circumscri-

438 4194 551 4263 bit;
587 4205 647 4252 ut
699 4195 915 4252 dicendi
954 4212 1171 4268 quoque
1221 4195 1494 4263 formula,
1546 4211 1654 4267 qua
1708 4197 1837 4268 quid
1887 4205 2012 4269 post

2090 1903 2208 1974 ἡτοι
2234 1903 2362 1976 περὶ
2391 1904 2482 1958 τὸν
2512 1903 2910 1976 ὀνομαζόμενον
2957 1905 3100 1976 μῆνα
3144 1906 3244 1970 τὰς
3279 1905 3494 1976 τροπὰς
3530 1899 3650 1957 εἶναι

2093 1995 2360 2065 βούλεται,
2401 1993 2434 2065 ἢ
2483 1995 2612 2068 περὶ
2647 1995 2740 2049 τὸν
2778 1996 3054 2066 ἐγγύτατὰ
3095 2012 3157 2066 γε
3200 1996 3418 2068 δηλοῦν.
3451 1998 3570 2050 Ὅτι
3603 1996 3654 2049 δε

2091 2085 2184 2139 καὶ
2215 2085 2521 2158 χειμερινὸς
2564 2081 2631 2139 αὖ
2677 2087 2706 2138 6
2747 2085 3081 2151 Ποσειδεὼν,
3113 2086 3272 2156 δῆλον
3316 2087 3378 2153 ἐξ
3412 2080 3489 2140 ὧν
3523 2087 3652 2156 ’Λριο

2093 2178 2346 2248 στοτέλης
2377 2180 2434 2232 ὲν
2465 2181 2531 2250 τῇ
2559 2179 2697 2249 αὐτῇ
2735 2179 2945 2250 ἱστορίᾳ
2977 2178 3277 2251 διευκιρνεί
3299 2179 3432 2250 περὶ
3476 2179 3654 2250 ίχθύων

2091 2271 2198 2325 τῶν
2235 2271 2585 2342 καλουμένων
2617 2271 2911 2342 κεστρέων.
2948 2270 3131 2325 Εἰπὼν
3165 2272 3272 2345 γὰρ
3300 2271 3559 2344 πρόσθεν,
3583 2273 3653 2325 ὅτι

2092 2360 2358 2432 χειμῶνος
2402 2363 2431 2414 6
2488 2360 2752 2431 κεστρεὺς
2801 2361 3010 2425 τίκτει,
3047 2361 3185 2433 μετά
3220 2363 3398 2417 ταῦτα
3445 2362 3538 2416 καὶ
3576 2361 3654 2417 τὸν

2096 2453 2264 2525 μῆνα,
2295 2455 2424 2527 περὶ
2449 2454 2509 2509 6v
2530 2454 2722 2518 τίκτει,
2748 2452 3004 2525 ὀνομάζει
3036 2455 3230 2524 λέγων,
3261 2457 3344 2510 ὅτι
3374 2454 3655 2510 Ποσειδεῶ-

2093 2563 2200 2610 νος.
2239 2547 2440 2617 ’Λμφω
2485 2545 2542 2599 δὲ
2587 2545 2759 2600 ταῦτα
2789 2547 2846 2598 ὲν
2894 2545 2972 2617 τῷ
3017 2546 3253 2619 πέμπτῳ
3297 2548 3399 2619 τῆς
3435 2547 3656 2620 ἱστορίας

2093 2641 2186 2693 ἐπὶ
2209 2639 2336 2711 τῇδε
2360 2641 2425 2710 τῇ
2461 2638 2605 2702 λέξει
2628 2655 2642 2669 ο
2680 2658 2699 2691 ι
2730 2636 2915 2690 Τίκτει
2937 2637 2981 2690 δ’
3009 2638 3125 2692 ἔνια
3157 2641 3252 2693 καὶ
3283 2639 3551 2712 χειμῶνος
3574 2641 3656 2704 καὶ

2095 2731 2286 2803 θέρους
2308 2747 2322 2762 °
2358 2731 2623 2802 χειμῶνος
2677 2732 2775 2802 μὲν
2824 2732 3032 2805 λάϐραξ
3055 2772 3070 2797 ,
3099 2733 3365 2804 κεστρεὺς
3388 2774 3404 2798 ,
3455 2731 3655 2802 βελόνη·

2095 2823 2287 2896 θέρους
2316 2823 2373 2876 δὲ
2405 2822 2535 2895 περὶ
2566 2823 2657 2878 τὸν
2689 2825 3138 2897 Ἐκατομόαιῶνα
3168 2823 3444 2887 θυννίδες·
3472 2843 3492 2876 ι
3526 2819 3656 2875 εἶτα·

2101 2934 2119 2967 ι
2149 2917 2438 2987 Ἀρχονται
2465 2915 2522 2968 δὲ
2547 2916 2752 2969 τίκτειν
2778 2916 2888 2970 τῶν
2916 2917 3190 2987 κεστρέων
3215 2919 3269 2970 oi‘
3324 2917 3425 2988 μὲν
3449 2914 3660 2986 χελῶυες

2094 3007 2190 3061 τοῦ
2214 3007 2594 3074 Ποσειδεῶνος,
2625 3009 2722 3062 καὶ
2750 3011 2779 3062 6
2814 3008 2996 3080 μύξων
3025 3006 3380 3079 καλούμενος,
3412 3007 3509 3060 καὶ
3533 3007 3559 3058 ὁ
3584 3003 3663 3060 κέ·

2098 3099 2264 3168 φαλος
2282 3113 2298 3130 ⁸
2330 3100 2520 3154 κυοῦσι
2545 3100 2600 3153 δὲ
2626 3101 2921 3172 τριάκοντα
2946 3099 3180 3172 ἡμέρας.
3213 3118 3236 3152 ι
3271 3098 3446 3152 Τοῦτο
3475 3097 3518 3151 δ’
3547 3093 3665 3150 αὐτὸ

2101 3190 2262 3244 πάλιν
2295 3190 2390 3244 καὶ
2427 3191 2486 3244 ὲν
2523 3190 2602 3262 τῷ
2629 3191 2841 3262 ἑϐδόμῳ
2875 3189 3060 3261 φησίν.
3100 3190 3252 3261 ’Ἅμα
3294 3187 3353 3240 δὲ
3381 3183 3562 3257 δῆλον,
3592 3183 3666 3236 ὅτι

2100 3284 2194 3336 καὶ
2231 3282 2488 3355 τροπικός
2528 3285 2556 3337 6
2586 3281 2906 3336 Ποσειδεὼν.
2941 3283 3005 3335 Ei.
3037 3279 3146 3352 γὰρ
3180 3279 3310 3351 περὶ⁵
3342 3275 3668 3331 Ποσειδεῶνα

2100 3374 2207 3446 πρὸ
2246 3374 2355 3428 τῶν
2386 3374 2603 3447 τροπῶν
2622 3416 2636 3440 ,
2668 3373 2976 3446 χειμερινὸς
3001 3375 3046 3426 δ’
3075 3375 3104 3426 6
3134 3368 3439 3424 Ποσειδεὼν
3463 3386 3478 3400 °
3517 3383 3668 3438 φανε-

2106 3468 2216 3539 ρὸν,
2245 3469 2326 3522 ὅτι
2355 3468 2482 3539 περὶ
2513 3467 2850 3521 Ποσειδεῶνα
2883 3467 2940 3518 αί
2977 3465 3198 3537 τροπαί.
3231 3463 3371 3536 Περὶ
3393 3461 3504 3534 γὰρ
3532 3458 3668 3531 πρῶ-

2101 3577 2192 3615 τον
2229 3561 2374 3632 μῆνα
2399 3560 2508 3614 τῶν
2531 3559 2854 3632 χειμερινῶν
2884 3559 3121 3627 γίνονται
3152 3559 3206 3610 αἱ
3243 3555 3469 3628 τροπαί.
3507 3553 3610 3608 Καὶ
3638 3551 3674 3619 ἡ

2109 3669 2128 3703 ι
2156 3651 2283 3721 περὶ
2319 3650 2652 3704 Ποσειδεῶνα
2674 3650 2780 3722 πρὸ
2804 3649 2912 3703 τῶν
2949 3649 3162 3721 τροπῶν
3187 3669 3206 3701 ι
3241 3647 3400 3720 ῥῆσις
3426 3685 3442 3711 ,
3478 3645 3582 3716 ἄρα
3617 3641 3670 3694 τὺ

2104 3741 2234 3794 πότε
2250 3741 2342 3796 τοῦ
2367 3741 2531 3812 μηνὸς
2545 3741 2764 3814 διορίζει
2781 3759 2794 3772 ο
2809 3741 2884 3804 ὡς
2907 3741 3000 3794 καὶ
3023 3739 3161 3812 μετά
3173 3739 3379 3812 τροπὰς
3402 3734 3668 3806 γινομένου

2104 3833 2198 3887 τοῦ
2234 3833 2359 3907 περὶ
2387 3833 2479 3887 τὸν
2509 3834 2669 3888 αὐτὸν
2711 3834 2875 3905 μῆνα,
2901 3833 3028 3904 περ)⁵
3055 3833 3113 3886 6v
3134 3835 3188 3885 αἱ
3211 3829 3431 3901 τροπαί.
3464 3827 3537 3881 Οὐ
3578 3824 3673 3894 μὴν

2106 3926 2242 3980 ἀλλά
2267 3927 2360 3980 καὶ
2384 3927 2491 3980 τῶν
2513 3925 2739 3999 ὀρνίθων
2764 3924 2978 3979 ἀλκυὼν
3003 3925 3173 3979 τίκτει
3202 3923 3300 3994 μὲν
3331 3920 3460 3993 περὶ
3482 3914 3670 3989 τροπάς

2108 4018 2440 4092 χειμερινάς.
2493 4019 2586 4072 Διὸ
2642 4018 2737 4072 καὶ
2772 4016 3262 4081 καλοῦνται,οὸταν
3313 4009 3567 4065 εὐδιειναὶ
3595 4003 3652 4073 τέ

2107 4130 2306 4166 νωνται
2339 4113 2394 4166 αἱ
2428 4111 2646 4184 τροπαὶ,
2684 4109 3017 4163 Ἀλκυόνειαι
3038 4107 3264 4180 ἡμέραι,
3294 4103 3436 4158 ἑπτὰ
3464 4100 3560 4172 μὲν
3578 4094 3670 4167 πρὸ

2109 4201 2347 4274 τροπῶν,
2384 4199 2524 4253 ἑπτὰ
2565 4200 2623 4254 δὲ
2665 4199 2804 4270 μετά
2841 4199 3081 4271 τροπάς’
3114 4195 3371 4265 καθάπερ
3412 4191 3506 4244 καὶ
3543 4190 3666 4256 ’Δριο

438 4289 686 4344 brumam
715 4290 828 4345 fieri
867 4290 1204 4362 perhibetur,
1224 4290 1278 4344 id
1309 4305 1431 4347 esse
1453 4290 1706 4361 designat
1729 4289 1886 4360 155
1904 4292 1992 4345 cir-

2115 4291 2368 4363 στοτέλης
2400 4291 2532 4362 φησί
2552 4308 2565 4320 ·
2595 4290 2840 4346 καλεῖται
2867 4291 2924 4344 δὲ
2955 4287 3307 4350 Ποσειδεωνὶς
3334 4288 3449 4347 τοῖς
3479 4278 3667 4337 πολλῦῖς

435 4382 575 4438 citer
602 4383 851 4439 eumdem
883 4398 1123 4440 mensem
1144 4425 1159 4448 ,
1213 4398 1323 4454 quo
1369 4384 1666 4439 solstitium
1697 4385 1992 4438 coulectuu

2113 4383 2146 4452 ἡ
2178 4383 2326 4453 ὅρνις
2352 4420 2368 4445 ,
2411 4380 2562 4452 παρά
2587 4397 2680 4433 του
2724 4379 2832 4432 τῶν
2859 4377 3087 4432 ἀστείων
3107 4415 3123 4439 ,
3145 4375 3221 4439 ὡς
3247 4373 3412 4436 ἔοικε,
3459 4367 3667 4434 τοῦνομα

437 4476 531 4533 sit.
558 4474 866 4542 Quinetiam
911 4475 1118 4547 Alcyon
1176 4477 1294 4532 avis
1347 4476 1496 4531 circa
1554 4477 1803 4532 brumam
1850 4475 1990 4545 parit

2118 4473 2388 4544 εἰληφόσι,
2417 4473 2567 4543 παρά
2594 4472 2654 4525 τὸ
2677 4473 2882 4526 τίκτειν
2922 4468 3280 4532 Ποσειδεῶνος
3317 4463 3483 4537 μηνός
3502 4478 3514 4492 ’
3548 4459 3667 4512 ὥστε

437 4567 803 4634 Quamobrem
832 4568 1048 4638 quoties
1077 4567 1270 4624 bruma
1289 4581 1482 4623 serena
1499 4575 1601 4635 est,
1627 4567 1745 4622 dies
1769 4566 1992 4638 Alcyoni

2118 4569 2340 4638 σημεῖον
2384 4565 2478 4618 καὶ
2520 4565 2664 4619 τοῦτ’
2689 4566 2754 4620 ἂν
2794 4565 2879 4634 εἴη
2913 4561 3173 4635 τροπικὸν
3211 4556 3352 4613 εἶναι
3384 4557 3474 4610 τὸν
3503 4555 3649 4608 Ποσει

439 4659 781 4730 appellantur
824 4667 1028 4729 septem
1083 4666 1210 4714 ante
1262 4658 1552 4725 brumam,
1616 4664 1671 4713 et
1720 4666 1928 4728 septem
1984 4674 1992 4711 :

2114 4657 2307 4722 δεῶνα,
2341 4657 2435 4710 καὶ
2472 4655 2581 4710 τῶν
2605 4655 2932 4728 χειμερινῶν
2963 4653 3197 4727 πρῶτον.
3231 4650 3347 4705 Νῦν
3381 4649 3477 4722 μὲν
3503 4641 3588 4700 οὖν
3616 4641 3667 4692 ἐκ

438 4749 670 4818 bruma;
704 4758 763 4803 ut
781 4750 946 4805 etiam
966 4751 1288 4806 Aristoteles
1317 4750 1415 4813 ait,
1443 4757 1778 4819 vocaturque
1811 4764 1841 4802 a
1873 4750 1992 4804 muli

2115 4749 2322 4802 τούτων
2367 4746 2612 4818 εἰλήφθω
2652 4747 2960 4820 χειμερινόν
2997 4762 3057 4798 τε
3108 4744 3203 4798 καὶ
3246 4740 3504 4813 τροπικὸν
3551 4730 3666 4788 εἶναι

440 4843 514 4897 tis
547 4841 664 4910 ipsa
698 4843 814 4896 avis
846 4839 1188 4906 Posicleonis,
1236 4840 1289 4895 id
1342 4847 1427 4897 est
1461 4838 1804 4903 Decembris,
1839 4839 1908 4894 ab
1933 4840 1992 4895 ie

2114 4841 2206 4895 τὸν
2238 4840 2576 4895 Ποσειδεῶνα
2597 4857 2612 4870 ·
2645 4819 2872 4908 ὕστερον
2914 4838 2970 4891 δὲ
3019 4835 3114 4890 καὶ⁸
3153 4835 3224 4889 δι’
3251 4830 3530 4904 ἀκριϐείας
3560 4819 3654 4894 μὲλ

438 4931 568 5000 pido
600 4933 854 5002 quopiam
886 4941 942 4988 et
980 4933 1193 4987 urbano
1241 4939 1498 4992 auctore,
1536 4940 1596 4986 ut
1629 4930 1880 4990 videtur,
1914 4946 1992 5001 api

2119 4933 2210 4986 λον
2253 4931 2616 5005 δειχθήσεται.
2673 4931 2784 5004 Τὴν
2843 4931 2887 4984 δ’
2920 4929 3205 5000 ἀκρίϐειαν
3257 4927 3356 4996 οὐχ
3399 4921 3585 4992 ὁμοίως
3621 4915 3667 4964 ἐκ

443 5020 792 5089 pellationcm
828 5021 1131 5080 mutuatis,
1193 5019 1339 5090 quod
1391 5019 1569 5090 pariat
1619 5035 1808 5074 mense
1859 5017 1992 5074 Posi'

2123 5024 2326 5078 ἅπασιν
2352 5023 2627 5095 ἐπιζητεῖν
2653 5025 2752 5089 δεῖ,
2783 5023 2897 5077 ἀλλ’
2927 5024 2985 5075 ὲν
3011 5021 3260 5082 ἑκάστοις
3287 5015 3429 5072 κατά
3457 5012 3548 5082 τὴν
3565 5009 3659 5060 ὕπο

443 5110 619 5166 deone
645 5129 658 5164 :
696 5111 833 5166 adeo
858 5121 917 5165 ut
941 5112 1072 5164 illud
1107 5112 1323 5166 abunde
1347 5127 1603 5182 magnum
1629 5119 1992 5181 argumentun

2123 5114 2386 5187 κειμένην
2415 5094 2568 5188 ὓλην,
2599 5117 2694 5169 καὶ
2732 5115 2826 5168 ἐπὶ
2857 5113 3126 5174 τοσοῦτον,
3157 5110 3248 5179 ἐφ’
3275 5109 3397 5162 ὅσον
3430 5099 3593 5158 οἰκεία
3612 5094 3668 5161 τῇ

445 5203 538 5266 sit,
582 5202 922 5256 solstitialem
966 5217 1090 5258 esse
1145 5201 1543 5267 Posideouem,
1599 5210 1655 5259 et
1701 5203 2014 5258 hiemalium
2127 5206 2354 5278 μεθόδῳ.

445 5295 717 5352 mensium
745 5297 1004 5365 primum.
1033 5295 1189 5351 Nunc
1221 5297 1388 5368 igitur
1413 5312 1480 5352 ex
1516 5297 1602 5352 his
1635 5307 1913 5368 sumptum
1945 5301 2038 5364 sit,
2079 5300 2366 5358 hibernum
2430 5309 2485 5359 et
2527 5300 2870 5358 solstitialem
2915 5313 3038 5355 esse
3078 5295 3477 5352 Posideonem:
3513 5293 3666 5357 (1⁸³⁵⁸

445 5403 611 5460 quam
694 5390 858 5444 etiam
936 5390 1250 5461 diligentius
1323 5390 1554 5460 posthac
1625 5390 2109 5448 demonstrabitur.
2171 5385 2278 5450 Sed
2319 5409 2420 5450 nec
2489 5395 2630 5450 hanc
2683 5393 2882 5465 pariter
2951 5391 3007 5445 in
3057 5387 3316 5444 omnibus
3363 5381 3667 5452 diligentiam

445 5480 728 5550 requirere
777 5488 1024 5550 oportet;
1082 5497 1267 5537 verum
1327 5483 1381 5537 in
1430 5483 1662 5553 singulis
1716 5483 2020 5539 secundum
2053 5487 2355 5558 subiectam
2390 5486 2697 5548 materiam,
2730 5493 2895 5557 atque
2920 5484 3212 5547 hactenus,
3275 5484 3538 5549 quatenus
3589 5479 3656 5534 Ρθ

447 5576 672 5631 culiaris
699 5582 782 5631 est
813 5575 1044 5632 docendi
1077 5579 1298 5634 rationi.

519 5665 892 5723 Gamelionem
921 5683 1086 5739 porro
1111 5670 1296 5725 statim
1327 5669 1577 5740 sequitur
1600 5667 1989 5741 Elapheholion

2199 5669 2357 5724 Μετά
2384 5667 2441 5720 δὲ
2473 5665 2800 5738 Γαμηλιῶνα
2838 5665 2996 5728 εὐθὺς
3041 5656 3466 5733 Ἐλαφηϐολιών·
3506 5648 3664 5705 τελευδ

464 5759 766 5815 novissimo
790 5760 932 5816 enim
967 5776 1156 5818 mense
1185 5761 1416 5817 brumali
1446 5776 1585 5833 opus
1611 5769 1692 5823 est
1717 5781 1732 5831 ;
1763 5766 1909 5834 atqui
1945 5765 1992 5818 hi

2138 5762 2288 5818 ταίου
2324 5761 2434 5832 γὰρ
2465 5759 2632 5832 μηνὸς
2659 5759 2768 5814 τῶν
2807 5755 3134 5825 χειμερινῶν
3158 5754 3264 5808 δεῖ’
3301 5748 3478 5805 οὑτοσὶ
3505 5741 3558 5800 δὲ
3589 5749 3661 5789 ‘W
