3800 6326
139 341 265 399 H73

1046 339 1392 399 THEODORI
1430 336 1636 396 GAZE
1675 335 1879 394 LIBER
1917 340 2005 396 DE
2035 340 2401 404 HENSIBUS.

3214 337 3355 396 ΙΠΕ

137 460 391 522 λευταῖος.
443 457 676 530 Σημεῖον
725 456 814 512 δέ’
847 458 1172 531 Θουκυδίδης
1207 459 1314 534 γὰρ
1357 461 1416 513 ἐν
1459 458 1692 530 τετάρτῃ

1812 469 1940 516 :erte
1969 472 2301 531 postremus.
2337 461 2506 532 Cujus
2534 461 2612 518 rei
2643 463 2858 534 signum
2884 472 2968 520 est
2987 503 3004 532 ,
3034 461 3181 534 quod
3202 461 3352 516 Thu-

140 551 232 607 τῶν
267 549 524 621 ἱστοριῶν
571 549 668 622 τὴν
719 549 984 605 ἐνιαύσιον
1017 551 1354 621 ἐκεχειρίαν,
1394 549 1492 620 τὴν
1541 565 1694 618 γενο-

135 642 299 714 μένην
343 641 793 712 Λακεδαιμονίοις
833 641 928 695 καὶ
981 641 1310 712 Ἀθηναίοις,
1342 639 1695 703 τελευτῶντος

133 732 310 802 ὀγδόου
339 733 497 798 ἔτους
528 733 606 804 τῷ
637 733 878 804 πολέμῳ,
903 733 1118 804 τετράδι
1150 734 1241 787 ἐπὶ
1268 732 1398 786 δέκα
1421 732 1515 785 τοῦ
1546 731 1694 784 Ἐλα-

134 826 468 898 φηϐολιῶνος
503 827 668 898 μηνὸς
702 825 1077 896 ὁμολογεῖσθαι
1115 841 1246 895 φησι
1267 840 1282 856 ο
1313 823 1412 896 τὴν
1447 824 1490 877 δ’
1525 823 1694 894 αὐτὴν

133 919 442 991 ἐκεχειρίαν
472 920 566 972 καὶ
595 917 891 980 διελθόντος
914 916 1007 971 τοῦ
1037 916 1304 987 χειμῶνος
1333 917 1448 986 ἅμα
1476 910 1570 986 ἦρι
1598 913 1692 967 τοῦ

133 1008 521 1078 ἐπιγινομένου
563 1007 754 1077 θέρους
807 1006 1106 1076 γεγονέναι.
1165 1005 1280 1058 Κάν
1341 1007 1407 1074 τῇ
1469 1003 1694 1074 πέμπτῃ

131 1103 174 1155 δ’
197 1100 266 1155 αὖ
309 1101 418 1155 τῶν
455 1101 632 1154 αὐτῶν
677 1099 924 1170 ἱστοριῶν
966 1098 1196 1163 σπονδὰς
1236 1098 1484 1166 γενέσθαι
1529 1095 1694 1168 φησὶν

132 1194 221 1248 ἐπὶ
259 1193 528 1266 ἄρχοντος
579 1192 864 1265 Ἀθήνῃσιν
906 1190 1188 1251 Ἀλκαίου,
1235 1187 1695 1258 Ἐλαφηϐολιῶνος

135 1283 302 1355 μηνὸς
346 1284 483 1354 ἕκτῃ
537 1282 832 1351 φθίνοντος.
881 1282 993 1345 Τὰς
1028 1281 1073 1334 δ’
1117 1279 1286 1343 αὑτὰς
1329 1279 1556 1342 σπονδὰς
1603 1278 1696 1332 καὶ

131 1374 493 1438 τελευτῶντος
520 1373 614 1427 τοῦ
649 1373 912 1444 χειμῶνος
945 1373 1062 1443 ἅμα
1097 1369 1193 1444 ἦρι
1224 1370 1474 1442 γενέσθαι
1508 1369 1691 1441 φησίν.

137 1468 253 1521 Ἔτι
279 1467 326 1521 δ’
367 1465 744 1537 Ἀριστοτέλης
764 1465 880 1520 τῶν
897 1464 1098 1536 Θηρίων
1127 1463 1224 1535 τὴν
1262 1464 1461 1534 ἄρκτον
1493 1463 1697 1533 ἱστορεῖ

133 1559 225 1627 τὴν
252 1557 440 1629 ὀχείαν
471 1556 735 1610 ποιεῖσθαι
761 1554 853 1610 τοῦ
879 1556 1045 1627 μηνὸς
1067 1553 1162 1608 τοῦ
1201 1552 1693 1625 Ἐλαφηϐολιῶνοςο

1799 551 2022 622 cydides
2047 553 2289 609 historia
2310 554 2447 609 libro
2467 562 2662 624 quarto
2687 554 2936 610 inducias
2966 568 3177 610 annuas
3209 551 3374 607 inter-

1798 643 2162 700 Athenienses
2195 642 2742 714 Lacedaemoniosque
2782 642 2990 709 factas,
3039 658 3182 698 anno
3225 642 3350 698 belli
3429 655 3442 668 '

1796 744 1989 791 octavo
2026 736 2350 802 excedente,
2395 737 2601 794 mensis
2639 735 3082 807 Elapbebolionis
3127 741 3352 805 quarto-

1797 827 2012 882 decimo
2047 828 2135 883 die
2176 836 2364 900 pactas
2409 844 2530 884 esse
2577 828 2748 892 dicit,
2791 836 2845 882 et
2888 826 3106 882 easdem
3161 831 3364 880 exacta

1799 919 2018 989 quidem
2055 920 2268 985 hieme,
2299 921 2521 976 ineunte
2549 919 2712 974 simul
2743 934 2868 974 vere
2909 918 3116 972 aestatis
3155 915 3351 970 subse-

1795 1012 2015 1081 quentis
2049 1011 2348 1067 confectas.
2383 1011 2448 1066 Et
2479 1011 2639 1068 etiam
2676 1011 2729 1066 in
2761 1012 2950 1082 quinto
2987 1007 3230 1079 ejusdem
3266 1006 3378 1060 ιιι-ς

1797 1104 2015 1169 storias,
2049 1103 2360 1174 praefectum
2391 1112 2608 1175 gerente
2651 1102 2875 1157 Athenis
2917 1101 3098 1155 Alcaeo
3148 1097 3378 1153 renders»

1797 1209 2058 1264 percussa
2107 1210 2230 1251 esse
2268 1193 2437 1260 dicit,
2483 1195 2690 1250 mensis
2718 1191 3156 1264 Elaphebolionis
3197 1196 3376 1245 sexto-

1798 1293 1922 1338 ante
1952 1283 2111 1338 ﬁnem
2143 1284 2259 1351 die,
2291 1283 2454 1354 idque
2481 1283 2583 1339 sub
2615 1283 2811 1338 hiemis
2839 1289 3144 1337 extremum
3173 1287 3228 1335 et
3256 1293 3354 1333 ve-

1798 1371 1875 1426 ris
1898 1371 2132 1427 initium.
2160 1374 2430 1428 Praeterea
2455 1387 2582 1428 vero
2608 1372 2814 1428 scribit
2828 1370 3149 1427 Aristoteles
3169 1383 3354 1425 ursam

1799 1463 1950 1520 coire
1984 1479 2171 1521 mense
2202 1463 2653 1535 Elaphebolione,
2696 1463 2946 1534 ferreque
2989 1470 3204 1517 uterum
3237 1459 3368 1514 dies-

1742 1624 1750 1630 .
1798 1557 2025 1627 triginta
2044 1595 2060 1622 ,
2085 1565 2139 1614 et
2165 1571 2360 1628 parere
2387 1572 2452 1612 eo
2479 1565 2717 1627 tempore
2743 1571 2853 1626 quo
2878 1555 3047 1621 latet;
3080 1568 3204 1608 cum
3229 1567 3366 1608 vero

133 1649 282 1704 κύειν
307 1651 367 1703 δὲ
418 1650 631 1722 ἡμέρας
680 1649 1004 1721 τριάκοντα,
1049 1648 1142 1702 καὶ
1179 1649 1382 1702 τίκτειν
1430 1646 1558 1716 περὶ
1603 1641 1760 1734 rev;

134 1736 358 1808 καιρδν,
411 1737 474 1789 ὃν
527 1736 725 1807 φωλεῖο
764 1738 891 1790 ὅταν
933 1736 990 1790 δὲ
1029 1737 1266 1808 ἐκθρέψῃ
1313 1737 1482 1808 τρίτῳ
1531 1735 1690 1806 μηνὶ,

1802 1649 2010 1720 prolem
2061 1650 2381 1713 euutrierit,
2433 1649 2581 1706 exire
2628 1664 2815 1704 mense
2838 1647 2950 1717 jam
2979 1647 3128 1702 veris
3169 1645 3355 1701 tertio.

1802 1739 2036 1810 Hrcque
2062 1741 2223 1795 habet
2243 1741 2296 1794 in
2321 1741 2572 1809 septimo.
2588 1737 2824 1795 Rursum
2847 1739 2901 1792 in
2926 1745 3119 1794 octavo
3143 1737 3321 1808 inquit
3339 1774 3356 1800 ,

133 1800 404 1883 ἐκϐαίνειν
434 1800 552 1900 ήδη-
569 1828 662 1882 τοῦ
696 1828 874 1900 ἔαρος.
906 1828 1092 1884 Ταῦτα
1186 1800 1435 1882 εἰπὼνέν
1453 1800 1696 1898 ἐϐδόμῃ),

1812 1847 1866 1887 eo
1899 1800 2141 1901 tempore
2171 1846 2356 1885 ursam
2383 1800 2522 1886 eniti
2543 1869 2560 1896 ,
2603 1831 2904 1900 tandiuqne
2945 1830 3140 1893 latere,
3177 1800 3358 1898 quoad

133 1921 294 1975 πάλιν
349 1923 410 1975 ἐν
459 1921 630 1991 ὀγδόῳ
671 1923 805 1993 φησὶ
857 1922 959 1993 τὴν
1014 1923 1214 1992 ἄρκτον
1263 1920 1525 1975 ἐντίκτειν
1570 1921 1698 1992 περὶ

133 2013 317 2066 τοῦτον
350 2012 443 2064 τὸν
476 2011 686 2082 καιρὸν,
709 2013 802 2065 καὶ
835 2012 1030 2082 φωλεῖν
1063 2012 1166 2076 ἓως
1191 2011 1257 2066 ἂν
1283 2011 1399 2084 ῶρα
1429 2007 1699 2085 ᾗὲξάγειν

133 2105 256 2166 τοὺς
277 2102 556 2174 σκύμνους
575 2119 588 2133 ·
615 2102 770 2156 τοῦτο
797 2103 853 2156 δὲ
879 2106 1049 2156 ποιεῖν
1067 2103 1159 2156 τοῦ
1183 2103 1341 2174 ἔαρος
1367 2103 1494 2174 περὶ
1518 2103 1699 2174 τρίτον

137 2195 276 2266 μῆνα
299 2194 410 2248 ἀπὸ
442 2193 550 2247 τῶν
582 2195 816 2266 τροπῶν.
837 2195 984 2248 ’Ὢστ“
1007 2196 1174 2249 ἐάντε
1205 2195 1410 2249 τίκτειν
1439 2195 1546 2250 άπὸ
1573 2211 1696 2266 τρο-

133 2286 244 2339 πῶν
289 2285 626 2356 χειμερινῶν
655 2285 782 2358 περὶ
815 2287 999 2358 τρίτον
1035 2287 1210 2358 μῆνα,
1246 2287 1340 2341 ἐάν
1379 2303 1438 2340 τε
1486 2287 1700 2355 ἐξάγειν

131 2376 234 2431 ἀπὸ
279 2378 510 2448 ἐαρινῆς
565 2377 852 2449 ίσημερίας
904 2379 1032 2450 περὶ
1077 2379 1258 2450 τρίτον
1304 2379 1522 2432 ἀκούειν
1572 2379 1695 2451 δέῃ·

133 2471 244 2522 κατ’
272 2470 448 2540 ἄμφω
474 2467 532 2522 δὲ
564 2469 654 2523 τὸν
689 2469 1120 2540 Ἐλαφηϐολιῶνα
1136 2487 1204 2538 γε
1230 2471 1372 2542 μῆνα
1399 2471 1700 2524 τελευταῖον

132 2557 265 2615 εἶναι
293 2561 408 2614 τῶν
441 2562 766 2632 χειμερινῶν
806 2563 901 2616 καὶ
928 2561 1109 2634 τρίτον
1147 2562 1451 2633 συμϐαίνει.
1483 2561 1702 2614 Τίκτειν

133 2654 236 2725 γάρ
262 2671 402 2723 φησι
437 2654 567 2725 περὶ
597 2654 656 2707 δν
692 2654 880 2725 καιρὸν
929 2655 1163 2725 μάλιστα
1207 2653 1372 2724 φωλεῖ
1393 2671 1407 2686 ο
1445 2652 1613 2724 φωλεῖ
1643 2653 1703 2707 δέ

133 2747 196 2800 τὰ
217 2749 457 2820 χερσαῖα
487 2747 666 2801 πάντα
710 2747 804 2800 τοῦ
852 2747 1137 2819 χειμῶνος,
1163 2745 1238 2812 ὡς
1281 2747 1494 2820 εἴρηται
1527 2746 1584 2800 ἐν
1620 2743 1702 2816 τῷ

133 2837 320 2908 ὀγδόῳ.
381 2837 709 2908 Χειμερινὸς
750 2837 858 2910 ἄρα
901 2840 930 2891 6
992 2835 1427 2908 Ἐλαφηϐολιὼν,
1469 2835 1598 2906 περὶ
1641 2835 1702 2890 δν

135 2927 268 2983 κύει.
300 2929 379 2983 Οὐ
405 2927 624 3000 πρῶτος
650 2927 727 2993 δὲ,
754 2928 872 2981 οὐδὲ
893 2927 1362 3000 δεύτερος-τρίτος
1387 2927 1496 3001 ἄρα
1516 2944 1530 2958 ο
1561 2925 1616 2980 εί
1637 2943 1702 2996 γε

134 3023 278 3091 τρεῖς
310 3020 444 3092 περὶ
472 3019 711 3089 ἑκάστην
743 3019 851 3073 τῶν
879 3018 1037 3091 ὡρῶν
1068 3016 1236 3089 μῆνές
1267 3018 1424 3071 εἰσιν.

1800 1931 2014 1992 tempus
2043 1922 2149 1990 sit,
2181 1929 2244 1976 ut
2272 1936 2404 1977 suos
2437 1921 2648 1977 catulos
2681 1921 2736 1976 in
2770 1929 3018 1992 apertum
3051 1919 3356 1991 producat;

1799 2012 1964 2082 idque
1997 2027 2166 2066 verno
2197 2021 2443 2082 tempore
2463 2050 2478 2074 ,
2513 2027 2703 2067 mense
2731 2026 2761 2064 a
2793 2011 2989 2066 bruma
3023 2009 3184 2066 tertio
3221 2007 3356 2063 ﬁeri.

1801 2103 2077 2170 Quocirca
2097 2104 2212 2160 sive
2241 2104 2543 2158 audiendus
2575 2120 2698 2160 cum
2727 2105 2887 2168 dicit,
2919 2117 3110 2173 parere
3137 2099 3301 2157 tertio
3332 2112 3365 2155 ι

1797 2195 1993 2251 bruma
2041 2209 2260 2260 mense,
2295 2194 2410 2250 sive
2459 2209 2582 2248 cum
2625 2196 2926 2265 producere
2957 2208 3087 2248 suos
3132 2191 3269 2248 fetus
3296 2189 3365 2243 ab

1799 2286 2127 2357 aequinoctio
2153 2300 2321 2340 verno
2352 2285 2514 2339 tertio
2539 2299 2725 2339 mense
2751 2301 2766 2350 ;
2794 2291 3026 2352 utroque
3048 2297 3179 2338 sane
3204 2281 3366 2335 modo

1801 2377 2278 2447 Elaphebolionem
2311 2377 2662 2432 hibernorum
2691 2376 2961 2431 mensium
2993 2375 3242 2429 ultimum
3265 2413 3280 2438 ,
3310 2378 3366 2428 et

1800 2469 2023 2525 tertium
2053 2483 2176 2524 esse
2203 2467 2486 2540 contingit.
2518 2466 2716 2523 Parere
2745 2467 2889 2523 enim
2919 2468 2993 2520 ait
3021 2480 3118 2536 per
3144 2464 3198 2520 id
3227 2472 3366 2520 temo

1799 2577 1906 2633 pus
1933 2576 2042 2632 quo
2073 2561 2244 2628 latet;
2277 2561 2448 2616 latent
2474 2575 2602 2616 vero
2626 2558 2911 2614 terrestria
2937 2564 3135 2611 cuncta
3165 2556 3363 2620 hieme.

1802 2662 1864 2707 ut
1892 2651 1963 2707 ab
1991 2666 2058 2707 eo
2089 2650 2294 2706 dictum
2325 2657 2408 2705 est
2443 2649 2498 2704 in
2525 2656 2738 2705 octavo.
2778 2649 3053 2703 Hibernus
3082 2655 3168 2705 est
3200 2647 3368 2720 igitur

1802 2743 2234 2814 Elaphebolion,
2290 2757 2400 2813 quo
2441 2755 2628 2797 mense
2686 2754 2816 2795 ursa
2869 2748 3112 2795 ventrem
3168 2747 3366 2811 gestat.

1800 2836 1964 2908 Atqui
2012 2851 2120 2892 non
2175 2835 2419 2906 primus,
2477 2850 2585 2890 non
2633 2831 2946 2898 secundus,
2976 2847 3108 2904 ergo
3149 2831 3369 2887 tertius.

1804 2927 2085 3000 Siquidem
2117 2928 2247 2984 anni
2282 2927 2696 3001 tempestatibus
2743 2925 2885 2982 terni
2937 2940 3154 2982 menses
3199 2922 3370 2981 ascri-

1799 3021 2022 3078 buntur.

212 3113 451 3183 Ἐφεξῆς·
493 3110 538 3163 δ’
591 3108 1012 3179 Ἐλαφηϐολιῶνι
1055 3106 1403 3178 Μουνυχιώνο
1448 3106 1702 3179 τέταρτος

1873 3111 2178 3169 Continens
2208 3118 2296 3168 est
2343 3125 2473 3167 vero
2523 3109 2936 3180 Elaphebolioni
2993 3103 3369 3178 Munychion;

141 3209 233 3280 μὶν
257 3207 372 3279 γὰρ
407 3205 502 3259 ἀπ’
542 3201 999 3273 Ἐλαφηϐολιῶνος
1025 3199 1414 3272 Σκιροφοριὼν,
1440 3199 1620 3272 τρίτος
1647 3198 1704 3252 δέ

138 3299 240 3353 άπὸ
264 3295 676 3367 Μουνυχιῶνος.
695 3293 1068 3363 Ἀριστοτέλης
1094 3294 1151 3346 ἐν
1168 3295 1236 3363 τῇ
1252 3292 1389 3362 αὐτῇ
1408 3291 1537 3362 περὶ
1553 3289 1706 3356 ζώων

139 3391 351 3462 ίστορίᾳ
399 3382 504 3442 ὦδε
565 3383 1069 3458 καταριθμούμενος
1113 3383 1339 3455 τέταχε·
1395 3401 1414 3435 ι
1451 3383 1707 3435 Τίκτουσι

137 3481 178 3533 δ’
202 3484 249 3534 οί
277 3482 530 3534 πλεῖστοι
548 3478 660 3532 τῶν
692 3477 887 3546 ἰχθύων
911 3480 969 3530 ἐν
992 3477 1124 3549 μησὶ
1147 3477 1312 3549 τρισὶ,
1344 3474 1706 3546 Μουνυχιῶνι,

140 3573 226 3625 καὶ
262 3570 643 3645 Θαργηλιῶνι,
668 3571 763 3624 καὶ
793 3569 1206 3641 Σκιροφοριῶνι.
1235 3589 1254 3621 ι
1279 3568 1627 3640 Δημοσθένης
1653 3568 1710 3622 δέ

140 3665 192 3715 ἐν
237 3663 320 3734 τῷ
351 3661 497 3730 Περὶ
538 3662 1015 3730 παραπρεσϐείας
1046 3660 1214 3731 λόγῳ·
1253 3677 1272 3711 ι
1303 3660 1369 3713 Ἡ
1403 3658 1502 3730 μὲν
1533 3659 1712 3713 τοίνυν

141 3757 355 3827 εἰρήνη,
393 3774 414 3806 ι
463 3754 651 3824 φησὶν,
690 3771 710 3804 ι
758 3751 1216 3822 Ἐλαφηϐολιῶνος
1265 3751 1400 3824 ἕκτῃ
1445 3752 1537 3804 ἐπὶ
1580 3750 1712 3804 δέκα

140 3846 390 3915 ἐγένετοο
433 3843 868 3915 ἀπεδημήσαμεν
900 3844 958 3896 δέ
992 3844 1156 3914 ⁵ἡμεῖς
1209 3842 1302 3897 ἐπὶ
1345 3843 1471 3906 τοὺς
1517 3843 1712 3914 ὅρκους

140 3943 284 4008 τρεῖς
332 3937 493 4000 ὅλους
524 3936 720 4008 μῆνας.
759 3935 869 3990 Καὶ
909 3933 1096 3988 τοῦτον
1136 3934 1351 3988 ἅπαντα
1403 3933 1494 3988 τὸν
1525 3935 1713 4006 χρόνον

142 4025 276 4100 ἦσαν
310 4030 361 4084 οί
395 4029 605 4090 Φωκεῖς
638 4027 786 4081 σῶοι.
815 4027 1058 4096 Ἥκομεν
1080 4025 1137 4078 δὲ
1168 4025 1275 4078 ἀπὸ
1297 4025 1396 4095 τῆς
1421 4024 1715 4096 πρεσϐείας

144 4122 237 4191 τῆς
267 4122 366 4176 ἐπὶ
415 4120 545 4182 τοὺς
577 4119 773 4189 ὅρκους
813 4117 972 4190 τρίτῃ
1005 4117 1098 4170 ἐπὶ
1139 4116 1270 4170 δέκα
1308 4115 1400 4170 τοῦ
1451 4117 1714 4185 Σκιροφο-

149 4215 358 4286 ριῶνος.
415 4231 434 4265 ι
488 4211 601 4266 Καὶ
654 4209 912 4281 Αἰσχίνης
965 4208 1022 4261 δὲ
1089 4209 1147 4262 ἐν
1199 4210 1268 4280 τῇ
1328 4207 1468 4277 Περὶ
1527 4223 1715 4276 παρα-

146 4306 470 4374 πρεσϐείας
512 4303 828 4370 ἀπολογία,
863 4298 1144 4364 ὑπειπὼν,
1188 4300 1270 4354 ὅτι
1320 4299 1384 4371 δὴ
1438 4298 1537 4370 τὴν
1595 4301 1718 4353 ἐπι-

149 4400 337 4471 στολὴν
365 4397 603 4470 γράψειε
645 4397 836 4468 Χάρης
879 4392 1340 4466 Ἐλαφηϐολιῶνος
1382 4392 1548 4464 μηνὸς
1581 4392 1717 4463 ἐκτῃ

1805 3209 2036 3272 quartus
2068 3201 2214 3256 enim
2247 3201 2317 3256 ab
2349 3199 2770 3270 Elaphebolione
2799 3197 3189 3268 Scimpborion
3209 3234 3226 3262 ,
3259 3201 3369 3249 ter-

1804 3295 1915 3350 tius
1945 3302 2123 3351 autem
2157 3309 2187 3349 a
2221 3293 2603 3366 Munychione.
2625 3293 2945 3349 Aristoteles
2978 3291 3034 3347 in
3066 3290 3254 3348 eadem
3287 3290 3365 3346 hi-

1808 3388 1979 3445 storia
2026 3388 2096 3444 de
2142 3386 2474 3442 animalibus
2520 3385 2624 3444 hos
2664 3386 2744 3443 sic
2795 3386 2989 3442 ordine
3039 3391 3368 3441 enumerat:

1814 3499 1832 3531 ι
1860 3479 2086 3534 Pariunt
2115 3486 2261 3534 certe
2286 3480 2464 3549 pisces
2489 3478 2711 3550 plurimi
2747 3478 2924 3533 tribus
2954 3477 3040 3534 his
3065 3477 3372 3542 mensibus,

1811 3572 2210 3644 Munychione,
2259 3570 2660 3643 Thargelione,
2713 3569 3155 3642 Scirophorione.
3205 3587 3225 3622 ι
3270 3567 3374 3624 De-

1809 3664 2128 3720 mosthenes
2173 3679 2304 3719 vero
2337 3663 2393 3717 in
2423 3663 2670 3717 oratione
2704 3660 2778 3715 De
2805 3662 3050 3716 ementita
3083 3657 3376 3727 legatione:

1817 3775 1834 3808 ο
1854 3751 2675 3826 .Pax(inquit)Elaphebolionis
2703 3751 2914 3806 decimo
2927 3759 3080 3806 sexto
3111 3749 3199 3805 die
3233 3749 3377 3804 facta

1811 3855 1940 3902 est:
1975 3860 2138 3916 porro
2170 3855 2280 3900 tres
2325 3844 2568 3915 integros
2611 3858 2828 3899 menses
2879 3841 2947 3897 ad
2990 3841 3378 3912 jusjurandum

1814 3935 2189 4006 recipiendum
2223 3948 2453 4004 peregre
2487 3932 2799 3996 abfnimus,
2835 3929 2998 4000 idque
3029 3935 3204 3983 totum
3237 3935 3380 3982 tem-

1815 4043 1918 4098 pus
1944 4028 2078 4083 salvi
2109 4025 2261 4082 fuere
2292 4023 2604 4080 Phocenses
2630 4040 2645 4089 ;
2677 4023 3045 4092 rediimusque
3066 4020 3134 4074 ab
3154 4034 3218 4074 ea
3237 4018 3382 4088 lega-

1818 4119 1964 4173 tione
1994 4117 2061 4173 de
2087 4115 2481 4188 jurejurando,
2513 4114 2726 4170 decimo
2757 4114 2920 4169 tertio
2957 4112 3046 4168 die
3085 4109 3385 4180 Scimpho-

1817 4210 2009 4265 rionis.
2059 4227 2078 4260 ι
2125 4207 2192 4262 Ει
2241 4206 2535 4262 Eschines
2583 4221 2716 4261 vero
2769 4205 2826 4260 in
2876 4203 3187 4274 Defensione
3235 4199 3386 4269 falsa

1818 4299 2095 4369 legationis
2119 4336 2136 4361 ,
2185 4311 2311 4351 cum
2342 4304 2468 4351 ante
2499 4294 2761 4358 dixisset,
2793 4293 3082 4363 epistolam
3117 4303 3216 4359 per
3240 4285 3387 4342 Cha-

1818 4401 1987 4446 retem
2018 4387 2277 4457 scriptam
2305 4401 2427 4442 esse
2453 4392 2607 4442 sexto
2629 4385 2732 4442 sub
2758 4385 2918 4440 linem
2944 4375 3394 4453 Elaphebolionis

146 4489 446 4559 φθίνοντος,
487 4487 761 4558 ἐπήνεγκε
809 4485 962 4539 τάδε’
1006 4503 1026 4537 ι
1067 4483 1353 4547 Ἀκούετε,
1395 4484 1478 4537 ὅτι
1509 4484 1694 4537 Μουνυ

1825 4482 1942 4545 die,
1975 4479 2090 4535 haec
2119 4478 2351 4536 subinde
2382 4477 2562 4533 intulit
2597 4495 2611 4532 :
2645 4495 2665 4529 ι
2692 4475 2913 4532 Auditis
2943 4471 3206 4547 (inquit)
3231 4483 3389 4540 roga-

145 4581 338 4651 χιῶνος
383 4577 661 4649 ἐψηφίσθη
696 4576 852 4648 τρίτῃ
900 4576 1217 4648 ἱσταμένου·
1258 4577 1286 4630 ὁ
1324 4574 1718 4646 δὲ’Κερσοκλέ-

146 4687 287 4746 πης
317 4672 520 4734 πόσαις
551 4668 817 4740 πρότερον
860 4668 1094 4741 ἡμέραις
1125 4667 1378 4722 ἀπώλεσε
1427 4669 1528 4740 τὴν
1575 4667 1722 4740 Θρᾴ-

146 4778 268 4835 κην,
301 4763 436 4835 πρὶν
483 4760 584 4830 ἐμὲ
613 4760 863 4824 ἀπιέναι;
893 4758 970 4822 ῶς
1015 4776 1148 4830 φησι
1182 4760 1370 4830 Χάρης
1399 4758 1719 4830 στρατηγὸς,

147 4856 240 4910 καὶ
293 4853 592 4924 ἐπιστολὴ,
618 4851 713 4905 τοῦ
748 4851 1013 4923 προτέρου
1052 4853 1251 4922 μηνός’
1295 4852 1452 4924 είπερ
1494 4851 1724 4923 Ἐλαφη-

149 4949 340 5003 ϐολιών
370 4951 489 5002 ἐστι
520 4944 902 5016 Μουνυχιῶνος
935 4945 1215 5017 πρότερος.
1250 4964 1268 4997 i

263 5088 392 5138 Ὅτι
419 5081 556 5152 περὶ
586 5076 981 5149 Μουνυχιῶνα
1009 5079 1047 5146 ἡ
1078 5075 1285 5146 ἐαρινὴ
1312 5077 1606 5147 ὶσημερία.

216 5229 289 5279 Δ’.
329 5224 504 5296 Δῆλον
536 5222 592 5275 δὲ
619 5219 762 5276 τοῦτ’
795 5220 926 5273 αὐτὸ
953 5219 1046 5271 καὶ
1078 5219 1142 5270 ἐκ
1166 5215 1260 5270 τοῦ
1287 5217 1396 5269 δεῖν
1430 5217 1574 5288 μῆνα
1605 5234 1728 5270 συν-

152 5318 247 5390 εχῆ
273 5314 438 5376 εἶναι,
470 5313 600 5384 περὶ
623 5312 682 5364 ὃν
709 5314 868 5381 ίσημε
879 5310 965 5382 ρία
989 5310 1197 5379 ἐαρινή.
1216 5309 1352 5378 Περὶ
1371 5307 1727 5378 Μουνυχιῶνα

151 5407 206 5461 δὲ
235 5409 394 5480 αὕτη.
415 5406 764 5474 Θεόφραστος
783 5402 893 5472 γάρ
926 5404 982 5453 ἐν
1013 5402 1126 5461 τοῖς
1154 5401 1336 5462 αὐτοῖς
1361 5399 1488 5470 περὶ
1509 5397 1725 5469 ἀροτοῦ,

154 5499 343 5569 ῶσπερ
367 5497 481 5553 ἀπὸ
502 5493 720 5566 τροπῶν
751 5489 886 5547 εἶναί
909 5508 1042 5562 φησι
1059 5490 1158 5560 τὴν
1183 5490 1355 5561 ἀρχὴν
1374 5488 1466 5542 τοῦ
1489 5489 1725 5562 πρώτου,

155 5591 245 5644 καὶ
272 5589 534 5658 δευτέρου
569 5585 675 5639 τῶν
695 5584 922 5657 ἀροτῶν,
946 5583 1020 5646 ὡς
1049 5582 1142 5634 καὶ
1165 5581 1262 5652 τὴν
1290 5579 1384 5634 τοῦ
1413 5579 1595 5652 τρίτου
1622 5581 1730 5635 ἀπδ

159 5683 454 5755 ἰσημερίας
489 5678 714 5750 ἐαρινῆς
742 5673 880 5731 εἶναι
918 5671 1323 5744 ἐνδεικνύμενος
1343 5691 1355 5703 ·
1387 5691 1404 5724 ι
1442 5671 1606 5745 Ἀρχὴ
1635 5670 1728 5725 τοῦ

157 5774 364 5834 τοίτου,
399 5793 417 5825 i
454 5771 644 5835 φησὶν,
680 5769 774 5824 ιδν
803 5766 1023 5824 καλοῦσι
1050 5764 1280 5833 θερινὸν,
1320 5765 1725 5833 Μουνυχιῶνος·

1822 4574 2025 4628 tionem
2057 4572 2112 4626 in
2143 4571 2343 4642 populo
2377 4570 2570 4626 scitam
2604 4567 2776 4623 fuisse
2805 4568 2968 4622 tertio
3006 4562 3398 4634 M'unychionis

1823 4664 1947 4720 die:
1979 4679 2167 4721 verum
2200 4669 2334 4733 quot
2361 4661 2512 4732 prius
2554 4659 2746 4717 diebus
2789 4657 3168 4728 Cersocleptes
3212 4653 3389 4709 Thrav

1823 4759 1962 4813 ciam
1997 4755 2208 4822 amisit,
2238 4769 2400 4825 quam
2429 4753 2546 4822 ipse
2571 4752 2808 4816 abirem,
2834 4755 2896 4804 ut
2925 4755 3156 4804 testatur
3182 4744 3390 4801 Chares

1825 4848 2146 4918 imperator,
2175 4856 2228 4900 et
2259 4844 2524 4912 epistola,
2579 4841 2850 4912 superiori
2901 4853 3088 4894 mense
3133 4837 3384 4908 epistola.

1822 4939 1962 4996 Nam
1994 4946 2146 4996 certe
2172 4935 2564 5008 Elaphebolion
2593 4933 2956 5006 Munychione
2985 4931 3153 5002 prior.
3189 4948 3210 4980 ι

1830 5075 1988 5146 Quod
2024 5077 2170 5130 circa
2205 5072 2608 5144 Munychionem
2644 5070 2714 5126 sit
2752 5085 2963 5126 vernum
2997 5065 3401 5137 aequinoctium.

1900 5211 1989 5267 IV.
2030 5209 2149 5266 Jam
2183 5225 2314 5265 vero
2348 5208 2401 5263 id
2435 5209 2612 5278 ipsum
2643 5213 2860 5262 constat
2885 5221 2952 5260 ex
2977 5218 3043 5259 eo
3078 5199 3225 5273 quod
3265 5199 3392 5254 Ela-

1829 5303 2141 5374 phebolioni
2176 5316 2298 5356 eum
2330 5314 2572 5356 mensem
2601 5301 2926 5353 continuum
2952 5310 3075 5352 esse
3107 5299 3390 5364 oporteat,

1828 5396 1978 5449 circa
2033 5407 2192 5463 quem
2241 5391 2313 5447 sit
2360 5389 2744 5462 aequinoctium
2787 5403 3038 5442 vernum.
3090 5385 3166 5438 At
3216 5383 3394 5451 ipsum

1829 5487 1977 5541 circa
2007 5483 2426 5554 Munychionem
2457 5489 2564 5537 est.
2597 5478 2733 5534 Nam
2764 5477 3174 5549 TlteOphrastus
3203 5471 3394 5528 eodem

1830 5593 1940 5649 quo
1969 5590 2136 5648 supra
2170 5574 2238 5630 de
2269 5579 2511 5629 semente
2541 5571 2700 5637 loco,
2745 5565 3199 5640 quemadmodum
3243 5561 3395 5636 prin-

1830 5670 2033 5742 cipiunt
2062 5666 2324 5724 sementis
2348 5663 2538 5734 primae
2566 5669 2620 5716 et
2649 5661 2904 5718 secunda
2929 5661 3002 5716 ab
3025 5666 3256 5728 utroque
3286 5652 3396 5708 sol-

1832 5741 1986 5819 stitio
2009 5773 2131 5818 esse
2161 5756 2322 5822 dicit,
2355 5753 2430 5811 ita
2460 5758 2513 5809 et
2541 5749 2712 5808 tertiae
2737 5758 2863 5822 post
2899 5760 3120 5808 vernum
3151 5741 3396 5815 equino?
