3800 6338
409 291 543 347 1175

1382 292 1472 346 AD
1513 289 1776 348 EUSEBII
1809 289 2205 349 CHRONICON
2251 287 2614 345 APPENDIX.

3493 287 3625 374 tm

404 412 572 470 ctium
605 410 690 469 his
720 413 899 470 verbis
924 412 1196 470 ostendit:
1229 430 1247 463 ι
1269 411 1604 483 Principium
1630 415 1778 469 tertii
1812 380 1964 470 satus

2069 415 2127 466 ἐν
2155 404 2199 480 ᾧ
2228 413 2507 484 σπείρεται
2541 411 2744 473 σίκυος,
2782 407 3099 479 κολοκύνθη,
3129 407 3328 478 βλίτον.
3360 425 3379 458 ›
3423 407 3498 460 Οὗ
3530 406 3630 479 μὴν

405 504 629 575 (inquit)
651 519 812 575 quem
836 504 1078 559 azstivum
1099 510 1313 566 vocant,
1337 510 1423 558 est
1440 501 1832 576 Munychione:
1857 521 1966 574 quo

405 607 651 669 tempore
673 598 872 653 seritur
894 595 1158 657 cucumis,
1182 596 1484 660 cucurbita,
1511 596 1727 650 blitum.
1752 616 1771 648 ι
1823 595 1966 662 Quin

403 693 567 744 etiam
609 690 785 762 pisces
823 689 1086 759 plurimos
1120 688 1275 757 juxta
1305 689 1691 758 aequinoctium
1734 704 1964 755 vernum

404 797 598 852 parere
641 783 714 834 ait
760 780 1120 834 Aristoteles:
1155 788 1208 834 et
1241 779 1472 850 plurima
1505 795 1570 834 ex
1606 786 1758 850 parte
1787 779 1966 833 tribus

402 875 491 928 his
521 871 800 926 mensibus
821 911 836 935 ,
870 877 929 924 ut
961 870 1165 924 dictum
1199 878 1318 932 est,
1355 868 1720 941 Munychione
1742 909 1756 933 ,
1792 870 1966 923 Thar-

401 965 616 1035 gelione
641 1003 656 1027 ,
692 961 1132 1032 Scirophorione.
1183 959 1256 1016 Eo
1290 961 1346 1014 tit
1379 970 1436 1014 ut
1467 965 1615 1016 circa
1647 961 1966 1032 Munychio-

402 1069 523 1111 nem
555 1056 624 1112 sit
655 1070 881 1108 vernum
922 1055 1339 1126 aequinoctium.
1387 1064 1440 1108 et
1485 1053 1964 1123 Elaphebolionem

401 1147 582 1202 statim
617 1146 941 1217 Munychion
976 1156 1361 1215 consequatur.
1399 1145 1665 1200 Caeterum
1697 1153 1820 1216 post
1850 1143 1966 1198 Mu-

401 1238 724 1308 nychionem
777 1238 1038 1293 continuo
1089 1237 1502 1308 Thargelionem
1557 1253 1716 1302 esse,
1769 1227 1967 1292 deinde

400 1326 916 1398 Scirophorionem,
979 1343 1085 1382 non
1144 1327 1303 1382 modo
1348 1344 1414 1382 ex
1471 1329 1536 1382 iis
1581 1328 1963 1391 manifestum,

396 1435 516 1488 qua:
541 1434 685 1472 nunc
705 1436 771 1473 ex
797 1419 1087 1474 Aristotele
1112 1419 1394 1473 retulimus
1421 1438 1435 1484 ;
1463 1419 1557 1474 sed
1584 1436 1647 1475 ex
1673 1420 1738 1474 iis
1762 1419 1926 1478 etiam
1947 1458 1963 1483 ,

399 1524 517 1578 qua:
549 1509 616 1563 ab
645 1508 764 1579 ipso
792 1509 931 1563 dicta
965 1509 1124 1580 156
1155 1519 1283 1562 sunt
1317 1510 1382 1564 de
1415 1510 1620 1571 bobus,
1659 1519 1712 1565 et
1747 1511 1924 1566 cervis
1949 1550 1964 1573 .

398 1599 451 1651 in
484 1599 676 1654 iisdem
723 1600 877 1654 libris
912 1599 980 1654 de
1024 1601 1370 1655 animalibus.
1404 1619 1421 1650 ι
1476 1600 1656 1659 Bobus
1709 1601 1964 1671 (inquit)

396 1691 610 1746 initium
661 1693 839 1746 coitus
884 1699 969 1747 est
1017 1707 1204 1747 mense
1254 1692 1614 1761 Thargelione
1667 1699 1722 1746 et
1779 1691 1965 1746 Sciro-

397 1785 657 1851 phorione
703 1783 974 1853 plurimis.
1029 1783 1135 1838 Sed
1184 1783 1459 1836 nonnulla:
1503 1786 1662 1838 etiam
1697 1799 1870 1853 usque
1900 1782 1968 1836 ad
1999 1773 2040 1827 Β

397 1883 718 1929 autumnum
750 1874 981 1929 coeundi
1015 1883 1226 1943 tempus
1275 1875 1570 1929 deducunt.
1613 1893 1630 1925 ι
1660 1873 1723 1928 Et
1775 1891 1968 1930 cervos

397 1977 655 2034 prmterea
691 1981 898 2020 cornua
929 1966 1178 2020 amittere
1211 1964 1346 2020 dicit
1373 1981 1561 2021 mense
1589 1965 1966 2036 Thargelione.

397 2053 452 2110 ld
481 2072 606 2110 vero
640 2072 827 2110 mense
853 2057 997 2110 veris
1023 2055 1264 2109 secundo
1292 2055 1541 2110 accidere
1572 2055 1964 2124 conspicimus.

398 2145 600 2200 Eodem
633 2163 794 2217 porro
823 2148 1058 2218 pertinet
1086 2147 1247 2201 etiam
1280 2147 1410 2202 illud
1435 2187 1450 2210 ,
1481 2147 1627 2217 quod
1661 2148 1715 2201 in
1748 2162 1813 2202 eo
1839 2163 1969 2216 ope-

396 2253 489 2301 re,
523 2240 663 2309 quod
693 2242 854 2293 Μετὰ
887 2239 956 2292 τὰ
988 2237 1218 2308 φυσικά
1249 2239 1568 2310 inscripsit,
1611 2257 1629 2290 ‹
1661 2238 1966 2309 navigatio—

397 2348 520 2387 nem
547 2352 564 2384 ι
591 2333 780 2386 scribit
807 2351 824 2382 ‹
854 2331 966 2386 ﬁeri
994 2330 1062 2385 ab
1085 2331 1431 2400 mquinoctio,
1458 2349 1476 2382 ι
1499 2339 1547 2386 et
1574 2349 1590 2380 ι
1615 2347 1680 2385 ex
1698 2329 1969 2401 Dionysiis

396 2421 682 2493 Thargelia
715 2422 886 2478 festa:
925 2443 944 2476 ι
977 2422 1120 2493 quod
1169 2422 1283 2477 haec
1331 2432 1479 2476 certe
1531 2431 1653 2491 post
1686 2421 1990 2494 Dionysia.'

396 2514 622 2569 Constat
653 2516 793 2569 enim
825 2515 1045 2569 solitum
1074 2513 1340 2570 celebrari
1367 2511 1566 2569 Libero
1596 2515 1734 2585 patri
1769 2515 1968 2571 festum

397 2621 581 2661 mense
613 2606 991 2677 Munychione,
1044 2608 1261 2661 circiter
1285 2606 1670 2676 arquinoctium
1717 2623 1967 2661 vernum.

399 2693 880 2765 Scirophorionem
913 2712 1042 2752 vero
1073 2712 1196 2750 mox
1227 2712 1348 2751 esse
1391 2703 1514 2766 post
1554 2693 1968 2766 Thargelionem

397 2795 626 2842 testatur
656 2787 1068 2859 Theophrastus
1114 2789 1168 2842 in
1213 2789 1404 2844 iisdem
1451 2788 1608 2844 libris
1654 2787 1720 2844 de
1768 2790 1971 2858 plantis

395 2879 624 2935 dicens:
661 2898 678 2930 ι
714 2879 942 2944 Pinum,
979 2880 1206 2935 abietem
1231 2920 1246 2944 ,
1284 2881 1452 2934 robur
1487 2880 1850 2936 intermittere
1884 2883 1970 2935 in-

396 2979 766 3034 crementum,
821 2978 1086 3040 ternaque
1137 2969 1298 3028 edere
1349 2969 1634 3040 germina:
1691 2971 1966 3040 primum,

397 3077 613 3117 summo
645 3077 765 3116 vere
793 3061 974 3114 statim
995 3100 1010 3125 ,
1035 3059 1414 3130 Thargelionis
1440 3061 1630 3129 initio;
1661 3060 1966 3116 secundum

398 3149 728 3205 intermissis
777 3148 967 3204 diebus
1018 3147 1238 3202 circiter
1277 3148 1498 3218 triginta
1529 3188 1543 3211 ,
1598 3149 1680 3203 vel
1719 3150 1966 3219 pauxillo

398 3241 647 3311 pluribus
674 3241 817 3294 circa
845 3237 1321 3310 Scirophorionem
1349 3240 1683 3295 desinentem
1706 3257 1720 3307 ;
1743 3242 1964 3296 tertium

397 3331 667 3400 denique,
710 3332 995 3399 interjeeto
1033 3331 1144 3387 fere
1171 3330 1480 3401 quindecim
1513 3331 1724 3386 dierum
1763 3334 1962 3404 spatio,

398 3421 678 3485 emittere,
709 3438 806 3475 nec
833 3421 1039 3476 diutius
1062 3424 1210 3477 senis
1241 3431 1333 3476 aut
1365 3424 1605 3494 septenis
1636 3423 1833 3480 diebus
1861 3425 1967 3486 lle-

398 3513 812 3568 catombzeonis.
847 3533 864 3565 ι
900 3512 1221 3569 Testimonii
1281 3525 1458 3569 autem
1517 3516 1639 3570 loco
1695 3525 1778 3574 est
1835 3517 1966 3571 illud

400 3621 619 3676 quoque
665 3605 1046 3675 plebiscitum,
1093 3605 1241 3674 quod
1288 3607 1540 3676 producit
1584 3606 1880 3664 Eschines
1911 3608 1968 3662 in

399 3699 648 3752 oratione
679 3696 940 3751 adversus
969 3695 1399 3768 Ctesiphontem.
1434 3698 1576 3755 Dicit
1603 3701 1746 3758 enim
1777 3701 1970 3758 decre-

400 3798 517 3842 tum
567 3803 692 3843 esse
731 3786 820 3842 die
863 3787 1246 3857 .Thargelionis
1290 3791 1618 3858 penultimo,
1655 3801 1714 3846 ut
1747 3794 1968 3848 comitia

401 3876 737 3931 haberentur
761 3876 1004 3932 ineuntis
1033 3877 1474 3948 Scirophorionis
1504 3883 1743 3937 secundo
1770 3884 1857 3939 die
1885 3885 1969 3939 vel

398 3969 583 4026 tertio.
623 3967 755 4025 Post
788 3968 1270 4039 Scirophorionem
1301 3986 1430 4026 vero
1467 3969 1967 4042 lieeatombteonem

399 4079 556 4129 esse,
607 4078 732 4118 cum
787 4062 842 4116 in
894 4061 1226 4132 supradictis
1257 4061 1497 4117 declarat
1527 4064 1965 4134 Theophrastus,

401 4167 513 4210 tum
544 4157 599 4210 in
641 4157 708 4210 iis
744 4170 868 4226 quae
901 4155 968 4211 de
999 4155 1368 4224 amputatione
1400 4156 1602 4212 tibialis
1631 4157 1825 4217 calami
1855 4173 1968 4213 me-

399 4247 585 4302 moriae
615 4248 816 4317 prodit.
866 4247 957 4300 Ait
998 4246 1174 4311 enim,
1219 4247 1352 4302 caedi
1397 4249 1617 4303 solitum
1651 4250 1968 4320 tempestive

399 4353 571 4408 usque
596 4339 664 4394 ad
694 4338 1074 4410 Antigenidem
1093 4378 1107 4402 ,
1138 4354 1262 4394 cum
1291 4340 1467 4395 adhuc
1492 4340 1724 4412 simplici
1759 4345 1967 4396 musica

2071 501 2209 556 ἀλλὰ
2247 503 2340 556 καὶ
2386 500 2493 555 τῶν
2531 499 2727 570 ἰχθύων
2773 500 2897 560 τοὺς
2943 497 3224 561 πλείστους
3270 496 3471 549 τίκτειν
3510 498 3631 568 περὶ

2071 592 2290 664 ἐαρινὴν
2314 593 2600 663 ἰσημερίαν
2637 589 3012 660 Ἀριστοτέλης
3046 589 3176 658 φησί
3199 607 3212 618 ο
3247 589 3372 651 τοὺς
3401 588 3457 641 δὲ
3487 588 3630 640 πλεί-

2072 703 2231 750 στους
2269 687 2362 740 καὶ¹
2408 689 2465 738 ἑν
2496 686 2646 757 τρισὶ
2683 683 2839 754 μησὶ,
2875 681 3239 752 Μουνυχιῶνι,
3269 680 3630 758 Θαργηλιῶνι,

2071 778 2480 850 Σκιροφοριῶνι,
2513 777 2587 840 ὡς
2622 777 2854 846 εἴρηται.
2885 774 3092 828 Οὐκοῦν
3121 774 3249 845 περὶ
3280 774 3633 844 Μουνυχιῶνα

2069 873 2103 941 ὴ
2137 870 2325 941 ἐαρινὴ
2357 868 2634 940 ίσημερία,
2669 868 2762 920 καὶ
2804 866 2998 936 ἐφεξῆς
3032 865 3456 938 Ἐλαφηϐολιῶνι
3496 868 3634 919 Μου-

2069 961 2287 1033 νυχιὼν.
2338 961 2492 1014 Μετὰ
2542 960 2599 1012 δὲ
2636 958 2990 1028 Μουνυχιῶνα
3043 958 3203 1022 εὐθὺς
3234 955 3373 1012 εἶναι
3424 957 3635 1029 Θαργη-

2067 1054 2254 1117 λιῶνα,
2295 1049 2411 1106 εἶτα
2437 1051 2866 1124 Σκιροφοριῶνα,
2900 1050 3148 1119 ἐπίδηλον
3179 1051 3279 1103 οὐκ
3308 1053 3372 1103 ἐκ
3412 1051 3520 1103 τῶν
3546 1051 3634 1103 νῦν

2067 1146 2131 1215 δὴ
2169 1145 2472 1216 εἰρημένων
2512 1143 2915 1213 Ἀριστοτέλους
2945 1143 3126 1213 μόνον,
3155 1142 3290 1196 ἀλλὰ
3319 1145 3414 1195 καὶ
3443 1144 3507 1194 ἐκ
3533 1142 3634 1194 τῶν

2067 1235 2362 1306 λεχθέντων
2393 1233 2534 1303 αὐτῷ
2563 1234 2690 1305 περὶ
2717 1233 2854 1303 βοῶν
2881 1233 2974 1286 καὶ
3002 1233 3214 1301 ἐλάιιςων
3242 1235 3298 1285 ἐν
3321 1235 3432 1295 τοῖς
3460 1233 3633 1294 αὐτοῖς

2068 1329 2194 1400 περὶ
2235 1326 2387 1390 ζώων
2432 1325 2852 1398 ἱστορουμένοις.
2883 1343 2901 1376 ι
2931 1326 3221 1396 Ἀρχονται
3261 1327 3360 1394 τῆς
3397 1325 3627 1395 ὀχείας,»

2069 1419 2258 1490 φησὶν,
2291 1419 2394 1471 ιιαί
2428 1417 2552 1488 βοῦς
2584 1418 2711 1486 περὶ
2741 1417 2830 1469 τὸν
2860 1416 3214 1488 Θαργηλιῶνα
3244 1416 3392 1487 μῆνα
3427 1417 3520 1469 καὶ
3547 1417 3632 1471 τὸν

2071 1510 2474 1583 Σκιροφοριῶνα
2524 1510 2579 1562 αἱ
2626 1509 2900 1561 πλεῖσται·
2953 1508 3014 1560 οὐ
3057 1507 3161 1579 μὴν
3211 1507 3328 1560 ἀλλ’
3359 1507 3499 1560 ἔνιαι
3545 1506 3632 1559 καὶ

2075 1602 2234 1673 μέχρι
2263 1600 2356 1654 τοῦ
2404 1599 2718 1671 μετοπώρου
2762 1601 3099 1655 κυΐσκονται.
3135 1619 3153 1651 ι
3185 1600 3294 1653 Καὶ
3348 1601 3476 1662 τοὺς
3515 1598 3642 1651 ἐλάο“

2071 1713 2200 1764 (ρους
2229 1694 2284 1746 δὲ
2314 1694 2638 1748 ἀποϐάλλειν
2664 1693 2790 1762 περὶ
2817 1691 3176 1764 Θαργηλιῶνα
3211 1691 3278 1744 τά
3315 1691 3519 1761 κέρατα
3555 1689 3634 1744 λέ·

2069 1805 2186 1858 γει’
2222 1788 2376 1841 τοῦτο
2417 1788 2472 1840 δὲ
2513 1787 2745 1858 δευτέρῳ
2777 1789 2907 1858 μηνὶ
2945 1787 3053 1840 τῶν
3086 1784 3316 1856 ἐαρινῶν
3348 1784 3632 1855 συμϐαῖνον

2067 1881 2300 1952 ὁρῶμεν.
2339 1881 2431 1943 Εἰς
2458 1879 2624 1932 ταυτὸ
2662 1879 2720 1931 δὲ.
2752 1880 2912 1932 τείνει
2943 1879 3036 1931 καὶ
3062 1878 3122 1930 τὸ
3150 1879 3207 1930 ἐν
3232 1880 3344 1939 τοῖς
3368 1876 3530 1930 Μετὰ
3569 1875 3634 1928 τὰ

2067 1975 2296 2044 φυσικὰ
2319 1973 2482 2045 ῥηθέν
2500 1991 2514 2003 ·
2544 1975 2624 2028 ὅτι
2660 1994 2677 2026 ι
2702 1973 2761 2038 ἐξ
2793 1973 3078 2044 ἰσημερίας
3107 1972 3323 2040 ἐγένετο
3348 1971 3376 2022 ὁ
3404 1967 3588 2030 πλοῦς,
3611 1985 3628 2016 ι

2068 2067 2162 2120 καὶ
2191 2085 2208 2116 ε
2241 2068 2304 2123 ἐκ
2331 2067 2617 2119 Διονυσίων
2647 2064 2923 2136 Θαργήλια
2947 2080 2960 2092 ·
2998 2082 3016 2115 ι
3051 2062 3182 2114 διότι
3221 2059 3361 2130 μετά
3407 2059 3476 2111 τά
3522 2059 3629 2108 Διο-

2067 2156 2245 2212 νύσια.
2269 2158 2437 2228 Δῆλον
2464 2158 2591 2229 γάρ,
2624 2157 2706 2209 δτι
2751 2153 3131 2223 Μουνυχιῶνος
3158 2152 3249 2204 καὶ
3280 2149 3413 2220 περὶ
3451 2151 3634 2216 ἰσημε-

2069 2249 2190 2320 ρίαν
2231 2249 2448 2320 ἐαρινὴν
2479 2250 2641 2319 ἧγετο
2669 2246 2964 2318 Διονύσῳή
3006 2245 3187 2316 ἐορτή.
3234 2239 3638 2312 Σκιρονξοριῶνα

2066 2342 2111 2395 δ’
2142 2341 2270 2410 ea;
2312 2337 2450 2394 εἶναι
2492 2339 2835 2412 Θαργηλιῶνι
2880 2339 3148 2410 μαρτυρεῖ
3175 2335 3270 2388 καὶ
3301 2334 3635 2403 Θεόφραστος

2068 2439 2125 2491 ἐν
2163 2438 2275 2500 τοῖς
2318 2437 2499 2500 αὐτοῖς
2533 2436 2662 2506 περὶ
2695 2432 2910 2504 φυτῶν,
2950 2431 3122 2498 λέγων
3143 2446 3154 2458 ·
3209 2446 3226 2479 ι
3265 2425 3520 2494 Πεύκην,
3549 2423 3636 2476 καὶ

2070 2528 2301 2598 ἐλάτην,
2361 2528 2456 2581 καὶ
2513 2526 2644 2598 δρῦν
2701 2522 2996 2577 διαλείπειν
3057 2521 3186 2591 περὶ
3234 2517 3334 2588 τὴν
3385 2515 3632 2585 αὖῇσιν,

2069 2619 2162 2672 καὶ
2193 2620 2340 2688 τρεῖς
2390 2616 2605 2686 ἀφιέναι
2634 2614 2925 2686 βλαστούς·
2963 2612 3052 2665 τὸν
3082 2611 3181 2682 μὲν
3220 2609 3438 2681 πρῶτον
3476 2609 3632 2678 ἄκρον

2068 2708 2248 2779 ἔαρος,
2283 2708 2443 2772 εὐθυς
2501 2706 2790 2776 ἱσταμένου
2839 2704 2932 2758 τοῦ
2971 2701 3392 2774 Θαργηλιῶνος·
3452 2700 3542 2752 τὸν
3581 2698 3634 2750 δέ

2068 2800 2318 2870 δεύτερον
2375 2798 2723 2860 διαλιπούσας
2790 2796 2919 2867 περὶ
2981 2795 3306 2866 τριάκοντα,
3361 2792 3396 2864 ἢ
3464 2788 3635 2862 μικρῷ

2072 2892 2287 2954 πλείους
2312 2891 2525 2962 ἡμέρας
2553 2887 2936 2943 ἐπιϐάλλεσθαι
2964 2888 3090 2958 περὶ
3117 2886 3209 2938 τὸν
3233 2883 3633 2955 Σκιροφοριῶνα

2074 2985 2216 3056 μῆνα
2245 2984 2506 3055 λήγοντα·
2541 2982 2632 3034 τὸν
2661 2981 2717 3034 δὲ
2759 2979 2938 3052 τρίτον
2973 2977 3326 3040 διαλιπούσας
3361 2977 3489 3046 περὶ
3517 2991 3633 3026 πενο

2071 3077 2358 3130 τεκαίδεκα
2393 3076 2604 3146 ἡμέρας
2625 3114 2639 3139 ,
2677 3071 3063 3126 ἐπιϐάλλεσθαι
3108 3069 3166 3136 ἓξ
3195 3070 3228 3138 ἢ
3260 3067 3403 3121 ἑπτὰ
3435 3066 3633 3138 ἡμέρας

2079 3166 2564 3238 Ἑκατομϐαιῶνος.
2603 3186 2621 3218 ι
2658 3164 2971 3236 Μαρτύριον
3018 3163 3074 3215 δέ
3120 3161 3213 3215 καὶ
3251 3160 3314 3213 τὸ
3345 3161 3629 3230 ψήφισμα,

2067 3260 2203 3331 ὅπερ
2227 3259 2484 3330 Αἰσχίνης
2504 3257 2836 3329 προφέρεται
2857 3257 2914 3308 ἐν
2929 3255 3005 3326 τῷ
3025 3252 3188 3307 Κατὰ
3215 3249 3631 3320 Κτησιφῶντος

2067 3351 2230 3420 λόγῳ.
2281 3351 2420 3421 Φησὶ
2475 3351 2584 3419 γάρ
2660 3347 2968 3418 γεγράφθαι
3028 3342 3416 3416 Θαργηλιῶνος
3476 3337 3628 3410 μηνὸς

2065 3441 2291 3512 δευτέρᾳ
2327 3439 2620 3508 φθίνοντος,
2646 3437 2850 3506 ἀγορὰν
2876 3436 3098 3506 ποιῆσαι
3124 3433 3232 3486 τῶν
3274 3431 3481 3501 φυλῶν,
3515 3430 3647 3495 Σκιο,

2073 3529 2398 3601 ροιροριῶνος
2446 3528 2672 3600 δευτέρᾳ
2711 3526 3011 3598 -ίπαμένου
3054 3525 3146 3578 καὶ
3185 3523 3370 3596 τρίτῃ.
3427 3519 3545 3573 Ἐπὶ
3578 3516 3630 3570 δέ

2069 3619 2455 3693 Σκιροφοριῶνι
2496 3617 2938 3689 Ἑκατομϐαιῶνα
2967 3612 3104 3670 εἶναι
3137 3615 3288 3686 δηλοῖ
3321 3616 3420 3685 μὲν
3454 3614 3542 3666 καὶ
3572 3612 3630 3662 ἐκ

2067 3712 2176 3766 τῶν
2210 3711 2304 3765 νῦν
2338 3712 2640 3782 εἰρημένων
2674 3709 3036 3780 Θεόφραστος,
3078 3708 3177 3778 οὐχ
3217 3707 3421 3777 ἥκιστα
3453 3705 3506 3758 δέ
3544 3700 3628 3755 καὶ

2068 3803 2127 3866 ἐξ
2151 3795 2224 3855 ῶν
2249 3804 2450 3871 ἱστορεῖ
2470 3801 2596 3872 περὶ
2622 3801 2720 3871 τῆς
2740 3801 2910 3869 τομῆς
2939 3798 3030 3851 τοῦ
3051 3797 3349 3869 αὐλητικοῦ
3372 3796 3625 3866 καλάμου.

2069 3894 2228 3961 Λέγει
2252 3892 2360 3963 γὰρ
2383 3891 2486 3962 πρὸ
2523 3891 2873 3960 Ἀντιγενίδου
2902 3891 3020 3958 μὲν,
3037 3891 3200 3960 ἡνίκα
3234 3889 3436 3960 ηθλουν
3463 3886 3626 3942 ἀπλά-

2072 4001 2230 4049 στως,
2261 3983 2469 4054 ὡραίαν
2503 3982 2600 4053 τὴν
2648 3982 2817 4053 τομὴν
2845 3977 2984 4035 εἶναι
3018 3981 3108 4033 ὑπ’
3162 3980 3476 4052 Ἀρκτούρῳ
3505 3979 3628 4046 Βοη-

2067 4074 2361 4148 δρομιῶνος
2397 4074 2562 4144 μηνός
2586 4090 2602 4104 θ
2628 4072 2848 4144 ὕστερον
2881 4073 2960 4136 δέ,
2987 4071 3177 4143 ἐπειδὴ
3199 4074 3278 4134 είς
3309 4071 3410 4142 τὴν
3448 4069 3627 4122 πλάσιν

2019 4197 2026 4204 -
2073 4165 2398 4237 μετέϐησαν,
2439 4165 2893 4236 μετακινηθῆναι·
2926 4163 3147 4234 τέμνειν
3181 4163 3292 4232 γὰρ
3323 4161 3418 4214 τοῦ
3455 4162 3626 4230 Σκιρο-

2069 4257 2332 4329 φοριῶνος
2354 4257 2450 4311 καὶ
2486 4256 2952 4328 Ἑκατομϐαιῶνος
2971 4273 2984 4286 ·
3011 4254 3256 4327 ὡσπερεὶ
3286 4255 3394 4326 πρὸ
3425 4250 3626 4325 τροπῶν

2073 4349 2286 4419 μικρὸν,
2333 4349 2366 4418 ἢ
2401 4349 2502 4402 ὑπὸ
2537 4350 2759 4421 τροπάς.
2801 4349 2912 4401 Καὶ
2967 4346 3347 4418 Ἀριστοτέλης
3400 4346 3455 4398 δὲ
3495 4344 3624 4415 τρεῖς

399 4439 702 4495 uterentur,
729 4421 832 4486 Sub
860 4432 1119 4496 Arcturo,
1149 4447 1335 4488 mense
1362 4431 1773 4489 Boedromione.
1804 4431 1965 4488 Post-

2069 4438 2265 4508 ἐφεξῆς
2318 4439 2507 4510 τέταχε
2547 4439 2794 4493 τουτουσὶ
2844 4437 3047 4509 μῆνας,
3097 4436 3303 4491 εἰπών’
3354 4455 3374 4488 ι
3409 4435 3523 4489 Τῶν
3573 4431 3622 4484 δέ

395 4539 556 4592 quam
615 4539 743 4579 vero
795 4525 1027 4580 accessit
1081 4524 1260 4590 ﬁctio,
1322 4534 1377 4582 et
1431 4536 1628 4583 cantus
1677 4528 1961 4592 luxuries,

398 4622 659 4669 mutatam
686 4631 948 4670 caasurarn
967 4657 982 4681 ,
1005 4616 1248 4687 caedique
1275 4624 1514 4688 emptum
1541 4616 1966 4689 Scirophorione

397 4713 451 4758 et
475 4704 955 4773 llecatomlweone,
986 4709 1133 4764 velut
1167 4709 1330 4780 paulo
1359 4717 1485 4762 ante
1515 4708 1844 4774 solstitium,
1879 4709 1966 4763 vel

398 4800 496 4852 sub
543 4800 664 4870 ipso
711 4801 966 4856 solstitio.
1023 4802 1088 4856 Et
1130 4801 1454 4858 Aristoteles
1494 4801 1658 4855 etiam
1707 4800 1818 4856 hos-
1853 4808 1964 4857 tres

399 4903 614 4946 menses
654 4891 996 4946 continenter
1040 4900 1203 4961 atque
1243 4891 1436 4946 ordine
1481 4891 1804 4956 constituit,
1840 4906 1963 4946 cum

399 4978 576 5035 dixit:
610 5001 627 5033 ι
657 4981 935 5044 Locusta,
985 4983 1124 5038 inter
1166 4998 1230 5037 ea
1272 4999 1392 5054 quae
1431 4985 1578 5039 tenui
1607 4992 1792 5039 crusta
1821 4983 1962 5038 inte~

397 5075 619 5138 gnutur,
652 5085 753 5126 ova
774 5113 788 5136 ,
816 5089 936 5142 qua:
967 5081 1091 5142 post
1123 5074 1327 5128 coitum
1353 5084 1719 5146 conceperant
1739 5115 1754 5139 ,
1788 5075 1965 5131 tribus

400 5167 556 5214 utero
585 5171 780 5230 gerunt
807 5166 1108 5231 mensibus,
1131 5165 1572 5238 Scirophorione,
1593 5166 1966 5223 Hecatombae-

399 5267 502 5305 one
522 5290 536 5314 ,
565 5251 963 5322 Metagitniune.
996 5277 1014 5308 ι
1043 5259 1270 5329 Insuper
1293 5268 1472 5314 autem
1503 5259 1554 5313 id
1585 5275 1649 5314 ex
1677 5259 1801 5314 aliis
1829 5274 1966 5329 quo-

399 5358 509 5412 que
540 5343 725 5398 multis
753 5354 958 5402 certum
985 5360 1066 5404 est
1090 5359 1142 5404 et
1164 5351 1521 5422 exploratum.
1548 5350 1786 5406 Mensem
1818 5350 1961 5406 enim

409 5434 728 5489 continuum
762 5438 1013 5496 ordinare
1044 5459 1269 5498 necesse
1302 5452 1417 5508 est,
1449 5445 1504 5498 in
1535 5459 1644 5513 quo
1677 5447 1747 5499 sit
1779 5443 1965 5500 solsti-

404 5525 536 5579 tiuxu
566 5529 832 5588 aestivum,
853 5541 1103 5599 quartum
1126 5534 1344 5604 quidem
1375 5551 1405 5588 a
1438 5534 1822 5606 Mnuyehione,
1853 5546 1962 5591 uta

403 5629 691 5674 vernorum
718 5622 982 5677 mensium
1001 5627 1192 5695 primo.
1211 5627 1961 5695 AteircaHecatombmnnem

405 5708 694 5768 solstitium
723 5720 806 5767 est
829 5752 843 5779 ,
874 5721 932 5770 ut
957 5725 1117 5771 etiam
1145 5718 1461 5774 Aristotcles
1494 5719 1547 5773 in
1577 5719 1759 5775 eadem
1790 5720 1963 5775 mani-

2070 4530 2534 4602 μαλακοστράκων
2565 4533 2612 4584 οἱ
2651 4531 2878 4603 κάραϐοι
2908 4528 3046 4600 μετὰ
3077 4529 3179 4600 τὴν
3205 4529 3391 4600 ὀχείαν
3428 4525 3618 4585 κυοῦσι,

2065 4625 2161 4676 καὶ
2195 4622 2404 4692 ἴσχουσι
2431 4622 2500 4674 τά
2527 4621 2608 4675 ιὶιὰ
2649 4623 2775 4694 περὶ
2811 4625 2956 4694 τρεῖς
2988 4621 3186 4692 μῆνας,
3211 4618 3617 4692 Σκιροφοριῶνα,

2066 4715 2160 4768 καὶ
2212 4713 2688 4784 Ἑκατομϐαιῶνα,
2738 4715 2831 4767 καὶ
2883 4714 3352 4780 Μεταγειτνιῶνα.
3387 4732 3404 4764 ι
3437 4711 3547 4763 Ἔτι
3571 4705 3618 4758 δὲ

2069 4804 2288 4875 βέϐαιον
2325 4806 2418 4861 καὶ
2467 4807 2532 4860 ἐκ
2563 4805 2771 4859 πολλῶν
2805 4805 2996 4859 ἄλλων.
3020 4806 3186 4876 Μῆνα
3221 4805 3331 4876 γάρ
3375 4803 3526 4870 τάξαι
3552 4799 3617 4852 δεῖ

2067 4897 2333 4969 προσεχῆ,
2374 4900 2503 4970 περὶ
2545 4897 2602 4952 ὃν
2642 4900 2696 4951 αἱ
2727 4896 2931 4968 θεριναὶ
2982 4899 3212 4966 τροπαί·
3250 4897 3504 4968 τέταρτον
3527 4891 3613 4960 γὰρ

2066 4990 2174 5044 ἀπὸ
2197 4989 2596 5060 Μουνυχιῶνος,
2615 4990 2672 5052 ὃς
2684 4989 2745 5059 δὴ
2765 4987 2974 5060 πρῶτος
2993 4983 3059 5057 ἧν
3094 4989 3207 5040 τῶν
3231 4987 3480 5058 ἐαρινῶν.
3500 4981 3611 5052 Περὶ

2077 5079 2532 5151 Ἑκατομϐαιῶνα
2553 5079 2608 5132 δὲ
2632 5078 2895 5147 αίτροπαὶ
2915 5079 2969 5129 αἱ
2993 5075 3229 5147 θεριναὶ,
3249 5079 3325 5140 ὼς
3362 5077 3451 5131 καὶ
3490 5076 3602 5142 Ἀρι·

2068 5171 2320 5242 στοτέλης
2352 5172 2631 5239 διασαφεῖ,-
2657 5169 2829 5236 λέγων
2855 5169 2911 5218 ἐν
2945 5169 3052 5229 τοῖς
3089 5167 3278 5232 αὐτοῖς
3302 5169 3429 5238 περὶ
3456 5164 3608 5230 ζώων·

2071 5281 2088 5312 ι
2117 5263 2270 5314 Ἐνια
2313 5260 2366 5314 δὲ
2409 5261 2578 5314 τίκτει
2636 5257 2897 5331 χειμῶνος
2960 5255 3048 5308 καὶ
3104 5256 3331 5328 θέρους·
3376 5253 3607 5326 χειμῶνος

2068 5351 2168 5424 μὲν
2205 5349 2413 5420 λάϐραξ
2446 5352 2539 5403 καὶ
2566 5348 2846 5418 κεστρεὺς,
2880 5343 3067 5414 θέρους
3095 5345 3155 5398 δὲ
3184 5347 3312 5416 περὶ
3352 5345 3439 5396 τὸν
3473 5341 3588 5393 Ἕκα.

2064 5442 2374 5514 τομϐαιῶνα
2390 5441 2646 5503 θυννίδες,
2667 5437 2792 5510 περὶ
2815 5435 3016 5507 τροπὰς
3037 5433 3283 5506 θερινάςο
3306 5455 3324 5486 ›
3351 5437 3440 5488 καὶ
3453 5431 3592 5483 πάλιν

2071 5556 2089 5585 ι
2140 5534 2444 5604 Ὀχεύονται
2490 5533 2697 5592 θύννοι,
2752 5529 2844 5582 καὶ
2889 5524 3181 5596 σκόμϐροι,
3208 5548 3224 5578 ι
3259 5527 3410 5595 φησι,
3451 5541 3468 5574 r
3504 5517 3600 5589 περ’

2065 5627 2154 5679 τδν
2197 5625 2632 5698 Ἐλαφηϐολιῶνα
2673 5621 2957 5690 φθίνονταο
2994 5616 3242 5670 τίκτουσι
3282 5617 3339 5669 δὲ
3375 5613 3493 5685 περὶ
3534 5608 3598 5662 τὸ*

2079 5717 2522 5789 Ἑκατομϐαιῶνα
2554 5713 2866 5787 ἀρχόμενον.
2902 5728 2917 5756 ι
2957 5709 3019 5759 '0
3065 5708 3180 5780 γὰρ
3222 5708 3477 5779 πρότερον
3505 5699 3609 5768 περὶ
