3800 6320
52 362 172 420 H77

926 356 1279 415 THEODOBI
1312 356 1519 414 GAZE
1556 356 1756 413 LIBER
1788 355 1876 412 DE
1915 355 2279 413 MENSIBUS.

3118 358 3257 411 H78

50 473 234 548 τροπὰς
256 471 472 544 θερινὰς
499 488 641 540 eius,
667 471 810 527 τοῦτ’
839 473 972 528 αὐτὸ
996 475 1220 545 ὕστερον
1260 476 1392 547 περὶ
1430 475 1588 529 Ἐκα-

1696 475 1848 531 restat
1874 474 2123 531 historia.
2157 491 2177 524 ι
2209 471 2465 539 Quadam
2487 510 2503 535 ,
2544 472 2751 542 inquit,
2790 473 3008 541 pariunt
3043 473 3217 527 hieme
3238 494 3253 518 ι

50 564 337 637 τομσαιιῖινα
367 563 664 636 ἀρχόμενον
695 562 871 633 λέγει·
909 564 984 630 ὡς
1021 566 1130 637 ἄρα
1162 566 1291 638 περὶ
1328 567 1587 637 Ἑκατομ-

51 657 234 711 ϐιιιῖδνα
262 655 560 728 ἀρχόμενον
591 656 699 709 τῶν
738 656 964 726 θερινῶν
994 658 1290 728 γινομένων
1334 657 1579 729 τροπῶν·

50 746 447 816 ὁμολογούμενον
499 747 556 801 δὲ
616 746 825 813 τούτοις
855 750 950 803 καὶ
990 754 1052 803 τὸ
1103 750 1230 822 περὶ
1275 754 1446 822 τομῆς
1489 749 1583 804 τοῦ

51 836 316 907 αὐλητικοῦ
370 836 615 907 καλάμου
655 838 981 909 Θεοφράστῳ
1005 838 1223 909 λεχθέν·
1264 858 1283 891 ι
1322 840 1585 910 Τέμνουσι

51 932 141 1000 γὰρ
179 929 241 1001 δὴ
283 928 399 994 νῦν,
433 949 452 981 ι
485 931 644 1001 φησι,
681 930 810 983 «τοῦ
845 930 1274 1003 Σκιροφοριῶνος
1297 932 1390 985 καὶ
1435 932 1592 984 Ἑκα-

50 1020 390 1091 τομῦαιῶνος,
428 1020 667 1093 ῶεςπερελ⁸
716 1021 823 1092 πρὸ
866 1021 1085 1092 τροπῶν
1121 1022 1346 1094 μικρὸν,
1398 1023 1430 1093 ἢ
1486 1022 1590 1076 ὑπὸ

51 1113 264 1183 τροπάς·
300 1132 318 1164 ι
359 1112 542 1167 καὶτὸ
588 1114 851 1184 πρότερον
878 1113 941 1183 δὴ
976 1114 1297 1184 παρατεθὲν,
1326 1114 1406 1167 ὃτι
1450 1130 1590 1185 τρο-

1688 567 1791 621 alia
1824 574 2052 621 aestate:
2084 565 2291 626 hieme.
2327 565 2510 633 lupus,
2538 564 2753 633 mugilis
2780 580 2793 629 ;
2824 573 3011 619 aestate
3035 605 3049 627 ,
3092 572 3256 635 atque

1689 659 1824 714 adeo
1871 659 2321 713 Hecatombazone
2365 672 2585 719 mense.
2638 657 2860 711 circiter
2914 657 3246 720 solstitium,

1689 750 1971 804 thunme.»
1992 749 2123 805 Item
2146 769 2158 804 :
2185 768 2202 801 ι
2227 749 2437 804 Coeunt
2461 748 2654 802 thunni
2677 755 2731 801 et
2756 748 3020 811 scombri,
3045 748 3222 818 inquit
3240 788 3254 813 ,

1691 843 1793 897 sub
1837 843 1996 898 tinem
2050 841 2531 912 Elapliebnlionis.
2588 839 2916 909 parinntque
2971 838 3258 893 llecatom-

1689 936 1894 992 batonis
1929 935 2216 1004 principio.
2249 953 2266 985 ι
2295 932 2450 1001 Quod
2488 948 2720 1002 namque
2756 932 2978 985 circiter
3006 930 3256 985 aestivum

1689 1025 1977 1081 solstitium
2016 1025 2167 1093 prius
2196 1024 2370 1089 dixit,
2415 1023 2468 1077 id
2499 1033 2681 1093 postea
2713 1022 2844 1076 dicit
2887 1020 3041 1074 initio
3084 1018 3258 1074 lleca-

1689 1117 2042 1181 tombzeonis,
2077 1124 2336 1185 tanquam
2372 1116 2582 1170 scilicet
2616 1115 2805 1169 mstivo
2839 1113 3079 1169 solstitio
3112 1111 3258 1166 exsi-

50 1204 140 1265 rzi;
168 1204 402 1274 θερινὰς,
427 1205 520 1258 τοῦ
546 1204 1012 1274 Μεταγειτνιῶνος
1038 1205 1203 1275 μηνός
1223 1221 1238 1236 ·
1269 1206 1322 1259 ετ
1346 1222 1409 1275 γε
1449 1203 1587 1276 μετὰ

1696 1215 1861 1263 stente
1886 1208 2032 1261 circa
2061 1208 2334 1261 ineuntem
2365 1205 2888 1261 Hecatombmonem.
2933 1202 3053 1258 Jzun
3085 1203 3154 1257 ab
3188 1203 3258 1258 ii:

57 1296 485 1367 Ἑκατομϐαιῶνα
513 1296 921 1364 Μεταγειτνιὼν
948 1297 1164 1368 ἐφεξῆς.

1696 1313 1793 1351 non
1819 1298 2087 1361 alienum,
2124 1299 2267 1368 quod
2302 1298 2369 1352 de
2401 1297 2775 1366 amputatione
2822 1296 3027 1350 tibialis
3059 1292 3254 1348 calami

48 1382 432 1455 Theophrastus
465 1387 686 1442 retulit:
717 1406 734 1439 ι
763 1386 1022 1454 Caedunt,
1055 1388 1267 1457 inquit,
1304 1388 1406 1443 hac
1442 1395 1767 1458 tempestate
1818 1390 2101 1445 mensibus
2167 1390 2287 1455 his,
2322 1389 2787 1459 Seir0pliurione,
2849 1395 2904 1443 et
2948 1375 3253 1441 'lleeatom-

51 1482 241 1533 leone:
303 1481 465 1549 paulo
514 1480 767 1535 videlicet
813 1491 939 1535 ante
988 1481 1304 1543 solstitium,
1353 1481 1440 1536 vel
1488 1482 1591 1535 sub
1630 1483 1787 1551 ipso;
1817 1501 1835 1534 ι
1859 1498 1958 1537 nec
1987 1499 2095 1538 non
2129 1482 2182 1537 id
2213 1484 2390 1554 ipsum
2413 1523 2427 1545 ,
2458 1481 2603 1551 quod
2654 1492 2780 1537 ante
2804 1496 2870 1536 ex
2902 1481 3091 1536 eodem
3152 1496 3256 1533 auo

48 1583 177 1630 ctore
204 1574 270 1630 de
299 1583 543 1632 semente
570 1576 897 1641 citavimus,
954 1584 1083 1647 puta
1125 1592 1311 1632 mense
1351 1576 1734 1647 Metagitnione
1783 1589 1904 1648 post
1965 1580 2211 1634 aestivum
2276 1578 2606 1643 solstitium,
2676 1578 2908 1648 primam
2957 1585 3255 1632 sementem

50 1666 502 1738 ticri;-siquidem
558 1676 680 1738 post
733 1666 1240 1723 llecatombaaonem
1283 1669 1528 1739 proxime
1576 1679 1660 1725 est
1695 1669 2069 1740 Metagitnion.

79 1806 193 1858 Ὀτι
222 1804 378 1875 ἀρχὴ
406 1805 682 1859 ἐνιαυτοῦ
706 1806 1021 1873 Ἀθηναίοις
1048 1810 1080 1860 ὁ
1108 1806 1553 1876 Ἑκατομϐαιὼν.

1762 1809 1916 1877 Quod
1951 1810 2263 1879 principium
2304 1808 2429 1863 anni
2460 1806 2627 1860 Attici
2656 1806 2725 1860 sit
2761 1803 3185 1859 Hecatombmn.

107 1918 174 1971 E'.
208 1919 315 1970 Καὶ
358 1915 632 1988 Ἀθηναῖοι
683 1916 739 1969 δὲ
775 1916 869 1970 τοῦ
919 1917 1163 1971 ἐνιαυτοῦ
1205 1919 1435 1989 ἤρχοντο
1483 1917 1590 1970 ἀπὸ

59 2008 525 2080 Ἑκατομϐαιῶνος,
553 2008 640 2061 διὰ
668 2008 729 2061 τὸ
772 2009 871 2073 τὰς
909 2010 1117 2082 τροπὰς
1166 2009 1411 2078 γίνεσθαι
1442 2008 1590 2080 Δπερὶ

48 2102 204 2155 αὐτόν.
245 2102 379 2154 Ἀπὸ
408 2102 516 2172 γὰρ
540 2100 765 2174 θερινῶν
792 2102 1005 2174 τροπῶν
1032 2105 1064 2174 ἡ
1092 2102 1234 2173 ἁρχὴ
1265 2098 1333 2173 ἦν
1366 2102 1590 2165 ἐκείνοις

48 2193 125 2246 τοῦ
151 2190 297 2257 ἔτους
318 2210 331 2222 ·
372 2192 561 2261 ῶσπερ
598 2193 891 2263 Ῥωμαίοις
923 2192 1147 2264 ὕστερον
1186 2195 1293 2248 ἀπὸ
1321 2194 1429 2248 τῶν
1471 2211 1588 2264 χει-

53 2287 278 2359 μερινῶν.
325 2288 525 2357 ’Λρχὴν
556 2287 652 2357 μὲν
681 2282 773 2340 οῦν
798 2284 934 2340 εἶναι
972 2285 1065 2339 τοῦ
1110 2286 1261 2349 ἔτους
1294 2287 1389 2340 τὸν
1431 2286 1590 2340 Ἐκα-

48 2376 335 2447 τομὸαιῶνα
381 2378 541 2447 δῆλον
588 2378 935 2449 Δημοσθένης
984 2381 1129 2432 ποιεῖ
1173 2381 1230 2431 ἐν
1278 2380 1448 2450 τρίτῳ
1480 2378 1587 2432 τῶν

59 2468 462 2534 Ὀλυνθιακῶν,
490 2469 660 2539 λέγων
679 2488 691 2501 ·
728 2490 745 2521 ι
774 2471 925 2526 Μετά
954 2471 1010 2524 δὲ
1056 2470 1252 2534 ταῦτα,
1292 2470 1586 2534 διελθόντος

48 2559 124 2612 τοῦ
164 2562 406 2615 ἐνιαυτοῦ
448 2562 659 2624 τούτου,
696 2562 1099 2634 Ἐκατομϐαιὼν
1120 2603 1134 2621 ,
1161 2560 1582 2631 Μεταγειτνιὼν,

50 2654 394 2726 Βοηδρομιὼν·
430 2654 622 2708 τούτου
663 2655 755 2708 τοῦ
799 2656 964 2725 μηνὸς
1007 2655 1164 2724 μόγις
1200 2654 1337 2724 μετὰ
1383 2654 1586 2725 μυστὴ-

52 2762 125 2812 ρια
151 2748 276 2801 δέκα
306 2747 437 2810 ναῦς
485 2748 861 2804 ἀπεστείλατε.
902 2767 920 2821 ι
961 2748 1320 2801 Ἑπιδείκνυσι
1352 2746 1459 2816 γὰρ
1486 2746 1584 2817 τὴν

58 2836 330 2908 Ἀθηναίων
381 2839 644 2909 ἀμέλειαν
682 2841 773 2893 καὶ
814 2842 893 2903 εἰς
936 2842 1083 2910 τρεῖς
1126 2839 1206 2892 ἔτι
1266 2839 1438 2909 μῆνας
1487 2837 1581 2890 τοῦ

48 2931 262 2996 ἐπιόντος
313 2932 561 2986 ἐνιαυτοῦ
614 2931 1193 3007 προσπαρατετάσθαι·
1237 2932 1312 2995 ὡς
1374 2931 1418 2984 δ’
1477 2930 1584 2984 ἀπὸ

49 3025 245 3094 θερινῶν
294 3026 511 3097 τροπῶν
558 3021 697 3078 εἶναι
743 3026 840 3097 τὴν
872 3026 1078 3097 ἀρχὴν,
1129 3024 1464 3096 Σιμπλίκιοςν
1501 3025 1584 3092 ἐξ·

48 3115 160 3182 meo
167 3134 317 3187 μενος
333 3121 386 3171 Ἀ
397 3134 485 3189 ρισ
497 3118 731 3183 τοτέλους
751 3118 849 3189 τῆς
884 3118 1149 3187 φυσικῆς
1168 3117 1510 3187 ἀκροάσεως
1525 3118 1584 3170 τὸ

51 3205 295 3276 πέμπτον,
330 3203 434 3262 ὧδε
459 3208 706 3281 περὶτοῦ
737 3209 896 3278 φῦσει
938 3209 1201 3281 προτέρου
1235 3208 1330 3262 καὶ
1357 3208 1584 3279 ὑστέρου

49 3295 198 3367 λέγων
234 3301 545 3356 πιστοῦται·
579 3321 597 3354 ι
632 3302 728 3365 Ἀς
760 3302 819 3355 δὲ
854 3304 1015 3373 ἡμεῖς
1051 3300 1353 3371 ποιούμεθα
1391 3300 1583 3372 ἀρχὰς,

50 3390 267 3446 ἐνιαυτοῦ
300 3394 400 3464 μὲν
424 3395 555 3464 περὶ
586 3392 801 3463 θερινὰς
833 3394 1058 3465 τροπὰς,
1093 3393 1169 3456 ὡς
1209 3393 1476 3463 Ἀθηναῖοι
1500 3408 1514 3423 ⁸
1551 3391 1583 3463 ἦ

52 3482 161 3551 περὶ
187 3485 582 3555 μετοπωρινὰς,
621 3484 696 3548 ὡς
734 3486 932 3557 οἱπερὶ
960 3485 1058 3556 τὴν
1104 3484 1198 3538 νῦν
1245 3484 1587 3555 καλουμένην

63 3571 247 3629 Ἀσίαν·
279 3578 311 3648 ἢ
341 3578 471 3648 περὶ
516 3577 863 3648 χειμερινὰς,
911 3578 988 3641 ὡς
1042 3577 1331 3648 Ῥωμαῖοι·
1374 3576 1406 3647 ἢ
1463 3575 1589 3646 περὶ

51 3665 261 3736 ἑαρινὰς,
281 3670 359 3733 ὼς
387 3669 626 3740 ’Δραῦες
664 3670 756 3722 καὶ
794 3670 1144 3742 Δαμασκηνοί
1164 3688 1178 3700 ·
1220 3669 1384 3742 μηνὸς
1416 3668 1491 3732 δὲ,
1515 3666 1591 3729 ὥς

50 3774 190 3823 τινες,
223 3761 396 3832 ἀρχὴν
422 3762 521 3833 τὴν
552 3760 886 3832 πανσέληνον
914 3762 1163 3830 λέγουσιν
1192 3762 1225 3832 ἢ
1274 3762 1373 3832 τὴν
1427 3759 1586 3812 νέαν·

53 3849 237 3906 ἔσονται
277 3855 423 3907 θέσει
466 3848 645 3907 αἶιται.
670 3872 690 3905 ι
721 3854 889 3907 Πάλιν
912 3856 959 3907 εξ
994 3854 1134 3925 ἁρχὴ
1180 3854 1277 3923 μὲν
1305 3852 1399 3907 τοῦ
1441 3851 1591 3914 ἔτους

52 3944 140 3997 ἀπὸ
162 3947 372 4016 τροπῶν
410 3946 637 4018 θερινῶν
676 3946 997 4017 Ἀθηναίοις,
1028 3947 1104 4009 ὡς
1151 3944 1470 4016 Σιμπλίκιος
1504 3942 1590 3994 λέ-

52 4048 151 4097 γει·
178 4035 366 4107 θέρους
392 4036 450 4089 δὲ
473 4036 599 4106 περὶ
628 4035 721 4088 τὸν
756 4033 1202 4105 Ἑκατομϐαιῶνα
1233 4032 1359 4102 περὶ
1388 4029 1591 4102 τροπὰς

52 4124 268 4178 τίκτουσι
297 4125 537 4190 θυννίδες
555 4165 570 4188 ,
615 4124 690 4187 ὡς
734 4123 1109 4196 Ἀριστοτέλης
1128 4138 1143 4151 ·
1190 4120 1556 4192 συμπέρασμα
1574 4157 1589 4183 ,

51 4215 118 4267 δτι
164 4218 302 4289 ἀρχὴ
350 4217 444 4270 τοῦ
496 4218 648 4279 ἔτους
681 4219 709 4270 ὁ
755 4216 1185 4287 Ἑκατομϐαιῶν,
1231 4214 1489 4288 τροπικος
1516 4214 1592 4267 ὢν

53 4306 258 4380 θερινός.
328 4310 491 4364 Ἀλλὰ
554 4310 660 4381 μὴν
726 4311 819 4363 καὶ
877 4310 1068 4382 ἑορτὴν
1146 4309 1415 4380 Ἀθηναῖοι
1472 4307 1592 4360 τότε

49 4387 163 4460 ἦγον
190 4396 475 4468 δημοτελῆ,
503 4398 595 4450 καὶ
618 4397 774 4451 ἔθυον
821 4398 1250 4470 μεγαλοπρεπῶς
1288 4398 1366 4469 τῷ
1405 4397 1589 4469 Ἡλίῳ,

1769 1921 1830 1978 ν.
1872 1923 1938 1977 Ει
1970 1937 2173 1977 annum
2206 1920 2426 1992 quidem
2460 1919 2825 1974 Athenienses
2865 1917 2935 1972 ab
2971 1916 3258 1971 Hecatom-

1694 2014 1881 2070 bteone
1928 2014 2293 2083 incipiebant,
2348 2012 2495 2082 quod
2548 2027 2615 2067 eo
2666 2025 2853 2065 mense
2908 2014 3261 2080 perageretur

1694 2107 2009 2162 solstitium.
2044 2106 2127 2160 Ab
2151 2107 2340 2160 aestivo
2370 2105 2516 2160 enim
2565 2104 2804 2159 solstitio
2852 2102 2921 2158 iis
2965 2110 3085 2157 crat
3132 2101 3260 2156 anni

1694 2199 2021 2269 principium
2043 2237 2057 2261 ,
2093 2195 2552 2268 quemadmodum
2590 2195 2852 2250 llornanis
2885 2194 3160 2264 posterius
3192 2193 3262 2247 ab

1693 2290 1940 2345 hiberno.
1972 2288 2308 2358 Principium
2352 2288 2537 2357 itaque
2586 2289 2713 2340 anni
2741 2301 2864 2341 esse
2889 2284 3262 2339 Hecatomhce-

1692 2399 1849 2439 onem
1871 2421 1885 2446 ,
1912 2397 1978 2437 ex
2006 2380 2365 2437 Demosthene
2386 2381 2439 2434 in
2464 2381 2622 2434 tertia
2647 2378 3084 2449 Olynthiacarum
3108 2390 3260 2430 com-

1692 2488 1904 2550 pertum
1928 2477 2187 2530 habemus
2214 2493 2228 2528 :
2256 2493 2274 2526 ι
2306 2473 2509 2529 Deinde
2530 2488 2679 2535 vero,
2695 2492 2711 2523 ι
2738 2472 2966 2540 inquit.«
2995 2470 3099 2522 hoc
3118 2482 3261 2521 anno

1693 2575 1885 2623 exacto
1912 2568 2109 2621 labitur
2138 2564 2550 2619 llecatombaaon
2569 2602 2584 2627 ,
2610 2561 2959 2633 Metagitnion
2979 2601 2993 2622 .
3022 2559 3259 2614 Boedro-

1691 2660 1861 2714 mion.
1900 2658 2011 2712 Hoc
2044 2673 2227 2712 mense
2255 2657 2341 2711 vix
2380 2654 2598 2710 tandem
2630 2660 2752 2723 post
2786 2649 3044 2723 mysteria
3070 2648 3258 2704 decem

1691 2765 1857 2805 naves
1880 2748 2158 2803 misistis»
2188 2746 2533 2801 Demonstrat
2553 2745 2696 2799 enim
2722 2739 3139 2795 Atheniensium
3168 2754 3261 2794 so-

1690 2842 1929 2897 cordiam
1958 2842 2010 2894 in
2034 2840 2252 2895 tertium
2277 2853 2448 2907 usque
2476 2828 2713 2891 mensem
2741 2833 2978 2888 ineuntis
2997 2831 3122 2885 anni
3142 2838 3262 2900 pro-

1690 2941 1919 2988 tractam
1947 2931 2138 2997 fuisse;
2163 2946 2286 2984 nam
2309 2930 2452 3000 quod
2478 2929 2547 2982 al)
2567 2928 2754 2982 aestivo
2782 2924 3017 2980 solstitio
3036 2923 3109 2979 sit
3132 2920 3260 2976 anni

1690 3022 2015 3092 principium
2038 3061 2054 3087 ,
2098 3020 2409 3089 Simplicius
2435 3031 2717 3087 exponens
2743 3015 2994 3085 quintum
3025 3012 3261 3084 physicae

1690 3109 2103 3167 auscultationis
2123 3109 2434 3164 Aristotelis
2454 3148 2469 3173 ,
2500 3110 2572 3161 ita
2595 3106 2661 3160 de
2681 3120 2766 3171 eo,
2795 3103 2941 3175 quod
2964 3111 3047 3157 est
3070 3110 3262 3155 natura

1690 3203 1841 3273 prius
1870 3210 1923 3255 et
1944 3201 2215 3270 posterius
2237 3200 2576 3262 edisserens,
2604 3197 2689 3250 his
2711 3195 2891 3250 verbis
2913 3193 3073 3248 tidem
3100 3192 3258 3247 facit:

1694 3316 1711 3347 ι
1735 3294 1885 3361 Quae,
1913 3313 1930 3344 ι
1952 3294 2159 3361 inquit,
2188 3310 2206 3342 ι
2229 3292 2459 3344 iacimus
2484 3289 2658 3353 initia,
2683 3286 2809 3340 anni
2826 3285 3068 3355 quidem,
3092 3281 3174 3338 vel
3194 3280 3262 3336 ad

1688 3386 1932 3441 aestivum
1952 3384 2242 3440 solstitium
2260 3423 2275 3447 ,
2297 3390 2355 3435 ut
2371 3381 2534 3435 Attici
2553 3380 2663 3444 ;vel
2683 3379 2746 3433 ad
2763 3377 3074 3431 autumnale
3089 3373 3263 3444 tequi-

1688 3480 1960 3540 noctium,
1979 3486 2038 3531 ut
2060 3487 2237 3535 terra},
2258 3488 2378 3545 quas
2394 3488 2538 3527 nunc
2551 3472 2677 3527 Asia
2696 3470 2917 3533 dicitur,
2938 3468 3160 3533 incolae;
3180 3463 3263 3519 vel

1688 3567 1832 3622 circa
1846 3566 2034 3620 bruma
2045 3581 2114 3627 ιιι,
2132 3572 2191 3618 ut
2208 3562 2433 3618 Roumni
2452 3578 2467 3627 ;
2486 3563 2569 3616 vel
2585 3562 2728 3615 circa
2743 3558 3124 3628 aequinoctium
3142 3573 3265 3611 ver-

1689 3674 1843 3722 num,
1876 3667 1933 3713 ut
1962 3659 2171 3713 Arabes
2198 3667 2251 3713 et
2275 3655 2596 3710 Damasceni
2616 3652 2864 3708 :-mensis
2889 3666 3039 3714 vero,
3063 3657 3122 3704 ut
3144 3649 3267 3719 qui-

1689 3752 1811 3806 dam
1839 3753 2024 3806 volunt
2044 3792 2057 3814 ,
2082 3750 2438 3821 plenilunium
2465 3754 2556 3801 aut
2579 3746 2946 3801 novilunium:
2971 3743 3083 3798 haec
3104 3749 3265 3797 erunt

1692 3846 1978 3915 positione.
1994 3844 2260 3899 iRursum
2279 3844 2323 3897 si
2343 3839 2766 3896 Atheniensibus
2790 3837 2917 3891 anni
2936 3836 3262 3907 principium

1690 3946 1772 3992 est
1792 3979 1806 4001 ,
1828 3945 1885 3990 ut
1912 3938 2076 3992 refert
2104 3934 2417 4005 Simplicius
2436 3974 2451 3998 ,
2479 3934 2547 3987 ab
2577 3933 2761 3986 aestiva
2794 3930 2926 3985 solis
2957 3930 3265 3998 reciproca-

1689 4029 1874 4089 tione,
1932 4037 1987 4083 et
2034 4036 2222 4083 aestate
2269 4027 2415 4080 circa
2458 4025 2702 4080 eamdem
2747 4022 2969 4075 thunna:
3010 4020 3263 4090 pariunt,

1691 4133 1878 4172 mense
1902 4117 2366 4178 llecatombteone,
2390 4114 2578 4167 utvult
2598 4112 2951 4166 Aristoteles:
2973 4110 3097 4163 inde
3114 4110 3189 4168 iit,
3206 4115 3268 4161 ut

1691 4210 2107 4265 Hccatombmon
2146 4210 2216 4262 sit
2257 4208 2383 4261 anni
2415 4207 2668 4270 initium;
2701 4204 2923 4258 aestivus
2953 4216 3077 4256 cum
3112 4200 3185 4256 sit
3210 4206 3267 4253 et

1694 4302 2026 4356 solstitialis.
2077 4301 2146 4353 At
2176 4315 2305 4354 vero
2351 4299 2517 4355 ferias
2548 4300 2712 4353 etiam
2747 4308 2859 4350 tum
2890 4296 3121 4366 agebant
3160 4309 3262 4363 pu-

1692 4394 1865 4448 blicas
1891 4393 2251 4446 Athenienses
2272 4431 2285 4454 ,
2315 4399 2368 4445 et
2396 4389 2678 4460 splendide
2704 4387 3089 4443 sacriﬁcabant
3115 4382 3224 4437 Soli
3247 4400 3262 4435 :

50 4484 113 4547 ὡς
141 4490 261 4560 περὶ
300 4491 511 4560 τροπὰς
569 4490 715 4543 ὄντι·
751 4489 873 4544 ὅθεν
923 4491 1018 4543 καὶ
1068 4489 1305 4562 τοῦνομα
1345 4490 1423 4561 τῷ
1468 4492 1590 4562 μηνῖ

1700 4495 1759 4540 ut
1785 4488 1877 4555 qui
1919 4486 1971 4538 in
2011 4483 2246 4538 solstitio
2278 4492 2422 4540 esset
2450 4501 2461 4535 :
2495 4481 2639 4535 unde
2668 4490 2721 4533 et
2762 4478 2937 4533 mensi
2971 4475 3263 4531 Hecatom-

60 4574 449 4649 Ἐκατομϐαιὼν
474 4620 489 4644 ,
535 4580 751 4652 Κρονίῳ
781 4582 1081 4653 πρότερον,
1136 4583 1211 4647 ὡς
1257 4582 1597 4656 Πλούταρχός

52 4681 165 4735 φησι
182 4710 196 4730 ,
222 4670 563 4741 καλουμένῳ.

108 4759 273 4825 Κέκος
297 4762 373 4825 δὲ,
405 4762 648 4835 Πρόκλου
688 4762 980 4833 χλευάζων,
1014 4763 1237 4832 γελοίως
1282 4765 1382 4828 τὰς
1424 4765 1598 4819 Ἠσιό-

51 4846 127 4900 δου
177 4854 449 4924 ἐξηγεῖται
496 4854 729 4926 ἡμέρας,
770 4854 955 4925 ἕτερον
991 4851 1129 4909 εἶναι
1159 4857 1300 4927 μῆνα
1334 4858 1600 4929 Ἑκατομ-

53 4939 260 5008 ϐαιῶνος
285 4947 376 4999 τὸν
408 4947 640 5018 Κρόνιον
681 4946 1096 5017 ὑπολαμϐάνων,
1128 4950 1224 5002 καὶ
1263 4948 1444 5019 τρίτον
1473 4966 1599 5002 συν-

52 5033 241 5089 τάττων
277 5038 383 5090 ἀπὸ
420 5037 919 5107 Ἑκατομϐαιῶνος·
965 5040 1058 5092 καὶ
1093 5038 1453 5111 Θαργηλιῶνα
1501 5040 1599 5110 μὲν

54 5124 132 5177 καὶ
161 5128 595 5196 Μεταγειτνιῶνα
614 5128 875 5199 μηδαμῶς
900 5129 1177 5200 ὀνομάζων
1212 5130 1303 5182 ὑπ’
1338 5129 1596 5200 ἀμαθίας,

55 5212 321 5283 Ληναιῶνα
364 5219 422 5272 δὲ
467 5219 545 5288 (ὃν
583 5220 677 5272 καὶ
714 5222 876 5285 αὐτὸς
911 5221 1027 5292 ᾔδει
1079 5223 1401 5293 Ἰανουάριον
1434 5222 1598 5292 ὅντα)

54 5309 343 5377 καταλέγων
381 5313 439 5364 έν
487 5314 601 5375 τοῖς
625 5311 733 5365 τῶν
772 5313 1068 5386 Ἀθηναίων
1109 5314 1262 5384 μησὶ,
1292 5314 1384 5367 καὶ
1417 5314 1600 5368 δεύτε-

56 5410 133 5463 ρον
155 5400 320 5465 τιθεὶς
350 5401 458 5455 ἀπὺ
489 5401 978 5473 Ἑκατομϐαιῶνος.
1024 5403 1467 5474 Ἑκατομϐαιῶνα
1503 5406 1600 5475 μὲν

53 5483 281 5549 οὖνεῖναι
321 5497 458 5567 μετὰ
489 5497 892 5567 Σκιροφοριῶνα
950 5496 1131 5561 εὐθὺς,
1167 5498 1406 5569 καὶπερὶ
1440 5498 1598 5551 Ἐκα-

52 5583 345 5649 τομσαιῶνα
396 5587 499 5649 τὰς
555 5586 772 5657 θερινὰς
833 5583 971 5641 εἷναι
1018 5587 1246 5659 τροπὰς,
1276 5587 1507 5659 φανερὸν
1536 5588 1599 5659 δὴ

55 5672 246 5733 mea:
270 5696 282 5710 '
310 5680 753 5751 Μεταγειτνιῶνα
784 5683 827 5735 δ’
872 5683 1002 5752 ἑξῆς
1030 5678 1188 5744 εἶναι,
1225 5678 1342 5735 εἶτα
1367 5683 1598 5754 Βοηδρο-

58 5768 238 5837 μιιῖινα,
267 5774 497 5844 δήλωσις
543 5773 639 5844 μὲν
686 5774 778 5828 καὶ
801 5775 869 5827 τὰ
893 5772 1266 5845 Δημοσθένους
1297 5774 1421 5846 ἄρτι
1452 5776 1600 5845 εἰρη-

1697 4578 1870 4633 hazoni
1904 4577 2058 4647 157
2093 4592 2320 4639 nomen,
2371 4574 2573 4629 Cronio
2610 4571 2793 4642 prius,
2838 4578 2896 4623 ut
2937 4566 3264 4623 Plutarchus

1698 4671 1874 4742 inquit
1899 4711 1913 4732 ,
1951 4677 2283 4739 nuncupata.

1768 4763 1940 4817 Porro
1967 4762 2145 4817 Cecns
2180 4760 2433 4816 Proclum
2478 4757 2739 4821 irridens,
2775 4755 2894 4811 dies
2929 4751 3152 4828 Hesiodi
3188 4739 3274 4806 rio‘

1698 4859 1878 4914 dicule
1915 4858 2333 4926 interpretatur,
2384 4854 2548 4907 alium
2584 4864 2827 4905 mensem
2878 4847 2946 4901 ab
2975 4844 3266 4901 Hecatom-

1698 4950 1888 5004 bteone
1917 4944 2178 5001 Cronion'
2201 4962 2323 4999 esse
2357 4943 2695 5005 existimans,
2739 4949 2792 4993 et
2819 4936 3040 4992 tertium
3074 4937 3143 4989 ab
3171 4934 3267 4989 illo

1700 5042 2040 5096 constituens
2077 5057 2089 5092 :
2126 5048 2179 5092 et
2209 5036 2624 5107 Thargclionem
2651 5032 2892 5103 quidem.
2923 5045 2987 5084 ac
3016 5026 3268 5098 Metagit-

1700 5133 1941 5195 nionem,
1996 5144 2108 5201 pra:
2157 5129 2449 5199 imperitia,
2508 5126 2658 5180 nullo
2717 5123 2880 5177 modo
2938 5121 3265 5186 nominans;

1698 5225 2021 5279 Lcnzeonem
2092 5237 2220 5275 vero
2273 5221 2479 5290 (quem
2543 5218 2684 5273 idem
2758 5214 3075 5270 Ianuarium
3144 5226 3268 5268 esse

1701 5315 1955 5385 sciebat)
2004 5316 2145 5367 inter
2187 5313 2398 5367 Atticos
2444 5325 2659 5366 menses
2695 5322 3008 5368 recensens,
3042 5313 3094 5361 et
3139 5319 3268 5375 pro-

1700 5409 1902 5478 pinqua
1947 5405 2076 5460 sede
2126 5403 2563 5459 Hecatombaaoni
2616 5401 2912 5456 collocaris.
2974 5397 3266 5452 Hecatom-

1701 5500 1941 5554 bmonem
2000 5498 2164 5567 igitur
2217 5511 2339 5551 esse
2390 5494 2575 5549 statim
2628 5507 2657 5545 a
2707 5489 3150 5560 ScirOpliorione.
3213 5494 3269 5540 et

1701 5591 1850 5645 circa
1896 5587 2407 5642 Hecatombmonem
2434 5585 2680 5639 aestivum
2711 5580 3004 5637 solstitium
3048 5575 3266 5638 conﬁci.

1702 5682 1827 5736 hinc
1853 5687 2068 5736 constat
2085 5679 2340 5734 dilucide.
2371 5676 2639 5731 Caeterum
2669 5670 3112 5742 Metagitnionem
3145 5679 3269 5720 esse

1701 5774 1983 5843 deinceps,
2016 5781 2203 5849 postea
2243 5765 2716 5827 Boedromionem,
2738 5762 3022 5819 declarant
3051 5755 3273 5817 quidem
