3800 6356
108 382 240 442 1181

1049 377 1401 438 THEODORI
1438 374 1643 436 (ΞΔῑῶ
1681 374 1883 433 LIBER
1920 375 2008 432 DE
2046 374 2408 435 MENSIBUS.

3195 380 3333 439 “89

106 500 333 553 τίκτειν.
387 493 572 552 Ταῦτα
599 493 657 551 δὲ
692 495 1007 568 συμϐαίνειν
1035 495 1196 559 εὐθὺς
1234 495 1341 549 ἀπὺ
1389 493 1657 567 ἰσημερία.

1783 493 1981 548 seriem
2027 492 2319 558 intelligit:
2353 492 2407 547 id
2444 490 2588 563 quod
2634 491 2845 563 singula
2876 496 3222 565 persequentl
3247 505 3334 552 est

115 592 529 663 φθινοπωρινῆς
543 591 591 643 οἱ
620 589 746 659 περὶ
766 588 1017 661 Τάραντα
1038 588 1206 652 ἁλιεῖς
1230 587 1495 656 λέγουσιν.
1519 586 1680 651 Εἰκὸς

107 684 162 737 δὲ
191 684 289 737 καὶ
308 682 389 753 τῷ
406 682 552 752 λόγῳ
569 700 583 713 ο
603 681 707 735 τῶν
726 681 834 753 γὰρ
866 679 1063 752 ἰχθύων
1089 680 1255 749 ὀλίγοι
1276 679 1519 734 τίκτουσι
1550 695 1679 750 μετ-

109 771 451 846 οπῶρου,ώς
480 774 574 827 καὶ
604 766 1319 846 Αριστοτέληςῖστορεῖ,οἷον
1333 771 1677 843 σάλπη,σαρ-

109 866 225 935 γδς,
243 867 342 921 καὶ
357 868 460 921 ὅσα
475 866 609 920 ἄλλα
629 864 872 919 τοιαῦταο
891 865 984 918 καὶ
998 865 1193 937 νάρκη,
1208 866 1300 918 καὶ
1318 865 1459 937 ῥίνη,
1487 865 1677 938 μικρὸν

108 958 213 1028 πρὸ
233 957 529 1030 ἰσημερίας
559 957 659 1027 τῆς
675 956 1090 1027 φθινοπωρινῆς.
1107 957 1169 1009 Εἰ
1188 956 1245 1010 δὲ
1270 956 1524 1029 ἀστερίας
1540 959 1677 1011 Μαι-

111 1049 497 1120 μακτηριῶνος
526 1049 719 1112 τίκτει,
749 1048 893 1111 εἰκὸς
925 1049 1014 1101 τὸν
1051 1050 1195 1120 μῆνα
1222 1048 1409 1103 τοῦτον
1433 1050 1508 1121 μὴ
1538 1046 1675 1104 εἶναι

106 1138 359 1210 δεύτερον
394 1138 504 1192 ἀπὸ
524 1139 622 1210 τῆς
651 1139 957 1211 ἰσημερίας,
995 1139 1130 1193 ἀλλὰ
1157 1140 1400 1215 πρῶτον·
1435 1141 1675 1213 καὶπερὶ

110 1226 406 1300 ἰσημερίαν
432 1227 498 1300 δὴ
525 1228 747 1289 τίκτειν,
775 1228 867 1281 καὶ
899 1229 1155 1300 ἀστερίαν
1203 1229 1311 1284 τῶν
1361 1228 1674 1300 σελαχωδῶν

104 1316 254 1381 ὀντα,
279 1318 379 1372 καὶ
411 1318 647 1389 ὁμογενῆ
670 1321 736 1390 τῇ
767 1319 943 1393 νάρκῃ
962 1320 1057 1373 καὶ
1082 1319 1222 1392 ῥίνῃ.
1269 1321 1545 1392 Ἱσημερία
1574 1320 1673 1390 μὲν

105 1404 197 1462 οὖν
245 1409 340 1469 διὰ
383 1410 558 1463 ταῦτα
610 1411 735 1483 περὶ
766 1412 1263 1484 Μαιμακτηριῶνα·
1299 1414 1392 1467 καὶ
1419 1414 1543 1484 ἑξῆς
1585 1414 1672 1468 ὅδε

106 1500 457 1572 Βοηδρομιὼν
479 1504 612 1556 ἐστι.
635 1502 948 1573 Πυανεψιὼν
964 1505 1020 1559 δὲ
1053 1505 1187 1575 μετά
1203 1505 1672 1578 Μαιμακτηριῶνα

104 1591 285 1654 εὐθύς.
322 1592 474 1645 res:
503 1593 691 1647 πιστὸν
728 1595 823 1648 καὶ
864 1595 1015 1668 παρά
1047 1596 1386 1668 Πλουτάρχου
1418 1596 1669 1668 ληπτέον,

104 1678 353 1751 λέγοντος
382 1684 442 1738 ὲν
461 1685 538 1756 τῷ
555 1685 773 1756 Θησέως
796 1686 896 1757 βίῳ
919 1688 1071 1755 ἄγειν
1102 1688 1415 1759 Ἀθηναίους
1440 1690 1539 1761 τὴν
1562 1690 1671 1746 τῶν

116 1768 482 1848 ὀσχοφορίων
509 1776 700 1850 ἑορτὴν
731 1778 1128 1849 Πυανεψιῶνος,
1161 1781 1380 1850 Θησέως
1403 1783 1673 1854 καταστή-
1702 1830 1743 1885 Β

106 1880 295 1926 σαντος
316 1883 329 1895 ο
369 1866 555 1938 φέρειν
584 1886 642 1922 τε
687 1871 812 1934 τοὺς
850 1870 1061 1941 ὀσχους,
1091 1872 1172 1925 ὅτι
1204 1872 1668 1945 συγκομιζομένης

104 1954 322 2028 ὀπώρας
353 1960 591 2030 ἐπανῆκε
611 1958 818 2031 Θησεὺς
844 1963 979 2032 μετά
998 1962 1103 2016 τῶν
1118 1962 1310 2034 ἠῖθέων
1335 1964 1399 2017 ὲκ
1424 1964 1665 2034 Κρήτης,

103 2049 482 2119 Πυανεψιῶνος
517 2051 676 2123 ὀγδόῃ
734 2054 1039 2124 ἱσταμένου.
1070 2055 1237 2123 Δῆλον
1264 2054 1392 2128 γὰρ,
1429 2055 1509 2108 ὅτι
1556 2055 1666 2125 ἀμ-

101 2139 329 2209 πελικῆς
389 2139 608 2213 ὀπώρας
637 2144 671 2214 ἡ
704 2144 896 2215 κομιδὴ
933 2140 1019 2216 ἦν.
1062 2146 1125 2198 Ἠ
1161 2145 1218 2198 δὲ
1241 2144 1521 2216 ὀψιαιτέρα
1548 2145 1665 2215 μετ’

115 2231 441 2304 Ἀρκτοῦρον
460 2248 476 2264 ·
502 2233 535 2303 ἢ
567 2234 647 2297 εἰς
681 2235 862 2306 τρίτον
904 2237 1048 2307 μῆνα
1075 2238 1175 2291 οὐκ
1195 2237 1260 2291 ἂν
1293 2237 1501 2306 γένοιτο
1538 2236 1667 2309 περὶ

114 2322 387 2395 Ἀττικήν.
448 2324 641 2395 Τρίτος
673 2324 717 2378 δ’
747 2324 875 2397 ἡμῖν
924 2326 1241 2398 Πυανεψιὼν
1284 2328 1391 2382 ἀπὸ
1432 2328 1664 2399 Βοηδρο-

103 2414 319 2486 μιῶνος,
374 2416 471 2470 καὶ
519 2416 633 2487 μετ’
676 2417 1022 2491 Ἀρκτοῦρον.
1070 2420 1232 2474 Ἀλλὰ
1265 2420 1372 2493 μὴν
1404 2422 1498 2475 καὶ
1536 2421 1666 2475 Θεό-

102 2525 340 2579 φραστος
365 2510 424 2562 ἐν
455 2512 566 2572 τοῖς
592 2509 773 2574 αὐτοῖς
801 2511 925 2583 περὶ
956 2512 1138 2581 φυτῶν
1187 2513 1385 2584 ἱστορεῖ
1422 2512 1665 2584 κόμαρον

101 2598 279 2654 ἀνθεῖν
337 2599 736 2671 Πυανεψιῶνος.
800 2602 1022 2674 Ὀρᾶται
1076 2602 1133 2656 δὲ
1174 2601 1329 2655 τοῦτο
1384 2602 1664 2673 γινόμενον

104 2690 231 2762 περὶ
294 2690 568 2762 ’Δττικὴν,
625 2692 719 2745 καὶ
770 2693 868 2757 τὰς
911 2693 1101 2764 ὀμοίας
1127 2694 1225 2765 τὴν
1256 2694 1449 2764 κρᾶσιν
1481 2693 1665 2766 χώρας

99 2781 337 2853 δευτέρῳ
384 2783 515 2855 μηνί
575 2784 672 2837 ἀπ’
721 2784 1008 2856 ἰσημερίας
1032 2783 1466 2856 φθινοπωρινῆς
1498 2786 1665 2857 τρίτῳ

97 2868 147 2927 δ’
188 2874 450 2928 ἀπανθεῖν
470 2915 488 2942 ,
540 2876 636 2928 καὶ
676 2876 737 2929 τὸ
790 2876 1119 2947 μεμαίκυλον
1168 2876 1267 2948 ῆδη
1308 2876 1664 2949 ἀδρυνόμενον

102 2963 290 3035 ἴσχειν.
338 2966 715 3037 Πυανεψιῶνος
758 2968 813 3022 δὲ
856 2969 949 3021 καὶ
977 2969 1074 3039 τὴν
1104 2970 1161 3021 ἐν
1185 2968 1444 3040 Αἰγύπτῳ
1466 2987 1665 3023 κοκκυ-

103 3059 307 3131 μηλέαν
364 3059 546 3114 ἀνθεῖν
588 3078 719 3132 φησι
744 3075 758 3088 ⁸
790 3061 947 3113 τοῦτο
983 3061 1041 3115 δὲ
1088 3062 1214 3133 περὶ
1237 3062 1489 3133 δεύτερον
1520 3062 1667 3132 γίνε-

1785 584 2159 655 perspicuum.
2192 583 2394 641 Verum
2448 585 2726 640 enimvero
2755 601 2786 642 e
2815 587 3168 641 mustelarum
3196 602 3334 657 quo-

1776 689 1883 744 que
1917 689 2113 745 genere
2135 674 2407 729 stellarem
2448 675 2650 729 coitum
2699 674 2837 730 inire
2876 675 3331 745 Maemacterione,

1775 773 1830 819 et
1858 765 1942 819 bis
1974 780 2158 821 mense
2186 776 2394 836 partum
2418 767 2698 821 absolvere
2728 768 2876 822 dicit.
2908 767 2964 823 ld
2991 777 3170 823 autem
3201 784 3333 824 con-

1774 857 1988 928 tingere
2023 859 2092 912 ab
2117 858 2415 912 autumnali
2440 858 2787 929 aequinoctio,
2814 860 3113 930 piscatores
3127 861 3334 916 Taren-

1775 949 1875 1002 tini
1929 958 2258 1004 asseverant.
2314 946 2472 1015 Quod
2527 957 2581 1004 et
2626 949 2825 1004 rationi
2877 959 3326 1013 consentaneum.

1774 1054 1899 1094 cum
1922 1040 2151 1111 piscium
2173 1041 2331 1110 pauci
2356 1051 2615 1095 autumno
2637 1041 2870 1111 pariant,
2894 1048 2955 1096 ut
2975 1043 3115 1098 idem
3139 1053 3330 1098 auctor

1772 1139 1859 1186 est
1889 1131 2231 1199 Aristoteles,
2276 1140 2337 1186 ut
2374 1132 2544 1202 salpa,
2601 1146 2811 1203 sargus,
2839 1140 2893 1187 et
2913 1133 2965 1187 id
2996 1149 3166 1205 genus
3198 1134 3324 1201 alia,

1772 1226 1827 1274 et
1872 1222 2115 1290 torpedo,
2157 1231 2211 1275 et
2250 1220 2502 1291 squatina
2549 1221 2824 1289 paululum
2855 1230 2980 1278 ante
3017 1224 3328 1280 autumnale

1770 1310 2174 1380 aequinoctium.
2201 1310 2355 1377 Quod
2381 1311 2427 1366 si
2445 1311 2676 1367 stellaris
2699 1311 3126 1370 Marmacterione
3157 1316 3322 1385 parit,

1771 1410 2198 1458 consentaneum
2241 1412 2324 1458 est
2352 1402 2498 1457 hunc
2530 1417 2770 1457 mensem
2801 1418 2911 1458 non
2940 1420 3062 1461 esse
3096 1406 3325 1462 alterum

1771 1495 1842 1551 ab
1903 1496 2256 1566 aequinoctio,
2306 1496 2401 1552 sed
2455 1505 2603 1552 certe
2649 1498 2907 1566 primum,
2952 1508 3008 1552 et
3051 1500 3323 1556 stellarem

1771 1601 1986 1656 quoque
2019 1587 2161 1642 circa
2192 1587 2571 1657 aequinoctium
2603 1602 2810 1657 parere,
2842 1589 3057 1659 generis
3086 1606 3209 1645 cum
3251 1593 3324 1646 sit

1770 1678 2128 1747 cartilaginei,
2146 1686 2200 1733 et
2222 1677 2484 1747 ejusdem,
2508 1679 2665 1749 cujus
2702 1681 2919 1735 testudo
2948 1688 3003 1736 ct
3043 1684 3321 1752 squatina.

1772 1767 1851 1823 Ex
1893 1768 1980 1825 his
2024 1769 2210 1841 itaque
2240 1769 2388 1824 circa
2416 1768 2902 1826 Maemacterionem
2930 1773 3317 1843 aequinoctium

1770 1869 1875 1925 est,
1909 1870 1963 1915 et
1992 1863 2284 1916 continuus
2314 1860 2693 1917 Boedromioni
2737 1862 3154 1921 Mamacterion.
3186 1865 3326 1937 Pya-

1770 1957 1995 2026 nepsion
2027 1965 2206 2012 autem
2231 1960 2479 2026 protinus
2496 1973 2526 2011 a
2550 1957 2983 2014 Mmmacterione
3009 1967 3111 2023 est,
3138 1960 3325 2016 iidem—

1768 2062 1872 2117 que
1895 2046 2094 2102 faciant
2108 2047 2384 2103 Plutarchi
2399 2049 2583 2113 verba,
2602 2051 2656 2104 in
2684 2050 2877 2105 Theseo
2894 2050 3146 2120 dicentis,
3167 2052 3325 2108 Athe-

1766 2139 1984 2194 nienses
2006 2137 2376 2209 Pyanepsione
2408 2139 2698 2194 Ramorum
2741 2141 2882 2197 diem
2923 2139 3119 2198 festum
3164 2157 3324 2211 agere

1765 2229 1820 2283 in
1852 2230 2164 2284 memoriam
2204 2230 2363 2300 158
2402 2229 2596 2285 Thesei
2630 2240 2743 2285 tum
2776 2247 2806 2286 e
2836 2232 2995 2289 Creta
3023 2249 3146 2288 cum
3169 2233 3324 2304 juve-

1765 2321 1930 2376 nibus
1963 2320 2184 2376 reducis
2220 2321 2377 2388 facti;
2416 2329 2469 2376 et
2511 2338 2692 2377 ramos
2732 2332 2969 2393 gestare,
3005 2326 3152 2396 quod
3207 2333 3322 2379 tum

1765 2414 2011 2477 redierit,
2048 2428 2173 2468 cum
2210 2413 2423 2469 fructus
2465 2415 2773 2485 legerentur
2813 2418 2901 2472 die
2945 2428 3139 2474 octavo
3183 2418 3322 2491 Pya-

1765 2503 2066 2574 nepsiouis.
2106 2504 2333 2560 Constat
2363 2506 2506 2560 enim
2550 2506 2719 2561 fuisse
2744 2507 3034 2564 vindemiae
3067 2519 3319 2580 tempus:

1763 2611 1884 2667 quae
1908 2596 1963 2650 in
2007 2597 2189 2651 Attica
2218 2612 2559 2668 nequaquam
2614 2598 2706 2653 ﬁat
2748 2600 2925 2654 serior
2953 2602 3022 2655 ab
3061 2602 3321 2667 Arcturo,

1764 2706 1925 2761 quam
1953 2690 2116 2745 tertio
2141 2704 2350 2745 mense.
2388 2689 2606 2745 Tertius
2647 2706 2777 2747 vero
2815 2692 2974 2747 nobis
3004 2701 3088 2747 est
3116 2708 3145 2746 a
3187 2692 3320 2750 Boc—

1764 2781 2070 2846 dromione,
2103 2783 2247 2837 etab
2286 2781 2518 2836 Arcturo
2558 2781 2919 2854 Pyanepsion.
2951 2784 3111 2854 Atqui
3156 2785 3320 2840 etiam

1765 2873 2170 2944 TheOphrastus
2201 2874 2253 2927 in
2298 2873 2486 2927 iisdem
2524 2873 2675 2929 libris
2734 2874 2801 2929 de
2838 2875 3059 2945 plantis,
3110 2874 3312 2948 Pyane-

1762 2965 1954 3035 psione
2010 2964 2263 3018 arbutum
2308 2963 2499 3017 ﬂorere
2556 2963 2781 3031 scribit;
2834 2965 2981 3035 quod
3035 2965 3091 3020 in
3143 2965 3319 3022 Attica

1764 3056 2126 3126 conspicitur,
2161 3064 2213 3111 et
2242 3055 2436 3110 similis
2462 3056 2740 3127 temperiei
2770 3057 3106 3126 regionibus,
3135 3074 3318 3115 mense

102 3152 222 3206 σθαι
260 3152 402 3225 μῆνα
450 3153 559 3206 ἀπὸ
607 3152 891 3224 ἰσημερίας
938 3152 1219 3221 Αἰγύπτιοι
1259 3151 1498 3222 λέγουσι.
1554 3153 1657 3208 Καὶ

1764 3150 1833 3205 ab
1895 3149 2195 3204 autumnali
2255 3149 2584 3219 aequinoctio
2644 3150 2918 3218 secundo;
2974 3151 3135 3206 tertio
3192 3167 3318 3208 vero

101 3244 271 3308 ἄλλως
310 3243 367 3297 δὲ
418 3242 620 3309 δόξειεν
673 3244 739 3298 ἂν
794 3246 1218 3317 ἀμφισϐητοῦντι
1279 3246 1511 3316 μάλιστα
1554 3248 1657 3300 τῶν

1761 3241 2044 3306 deﬂorere,
2069 3250 2124 3297 et
2168 3242 2279 3311 jam
2325 3242 2627 3297 crescentia
2684 3242 2877 3297 arbuta
2928 3243 3146 3297 habere.
3181 3241 3315 3315 Pya-

102 3335 271 3387 ἀλλων
299 3335 554 3390 ἁπάντων
573 3336 754 3407 μηνῶν
782 3338 809 3389 ὀ
835 3336 1150 3408 Πυανεψιὼν
1172 3337 1331 3402 εὐθὺς
1349 3334 1487 3392 εἶναι
1523 3338 1663 3409 μετά

103 3426 500 3498 Βοηδρομιῶνα,
528 3428 582 3481 εῖ
603 3445 664 3496 γε
686 3430 812 3500 περί
833 3429 991 3483 αὐτὸν
1020 3432 1053 3502 ἡ
1078 3430 1269 3501 κομιδὴ
1296 3430 1394 3501 τῆς
1418 3429 1656 3503 ὀπώρας,

100 3516 173 3579 ὡς
219 3516 564 3588 Πλούταρχος
611 3518 731 3589 ἔφη.
760 3521 874 3574 Οὐκ
915 3520 1028 3573 ἔστι
1050 3520 1109 3573 δέ
1133 3539 1145 3551 ·
1190 3521 1660 3592 Μαιμακτηριῶνα

100 3603 204 3677 γὰρ
231 3600 367 3658 εἶναι
392 3605 767 3660 ἀποδέδεικται
794 3607 880 3678 δή.
917 3607 976 3661 '0
1002 3609 1107 3679 ἀρα
1132 3608 1246 3679 μετ’
1274 3610 1478 3663 ἐκεῖνον
1500 3609 1659 3673 εὐθὺς

99 3697 167 3751 ὅδ’
210 3698 374 3753 ἐστίν.
415 3699 683 3763 ’Υστατος
712 3700 768 3753 δὲ
796 3700 872 3771 τῷ
893 3701 1177 3772 καταλόγῳ
1202 3700 1337 3771 τῷδε
1366 3704 1497 3773 ἡμῖν
1542 3703 1658 3756 Ἀν-

99 3788 393 3863 θεστηριών
411 3805 426 3821 ’
455 3790 534 3861 τῷ
555 3790 662 3863 γὰρ
685 3792 1087 3863 ὑπολειπομένῳ
1103 3792 1201 3864 τὴν
1224 3793 1412 3864 λοιπὴν
1438 3794 1654 3847 ἀπονεῖ-

100 3899 193 3951 μαι
219 3881 404 3953 χώραν
440 3882 506 3953 δὴ
545 3883 857 3948 ἀναγκαῖον.
890 3885 1001 3937 Καὶ
1033 3884 1214 3948 πίστις
1249 3886 1404 3956 ἰκανὴ
1428 3886 1564 3950 τέως
1588 3904 1653 3955 γε

97 3972 250 4027 τοῦτο
301 3973 369 4027 ἂν
416 3972 525 4044 εἴη.
554 3975 704 4045 Ἀμα
748 3974 812 4045 δὴ
859 3974 1036 4046 δῆλον,
1068 3975 1163 4028 καὶ⁹
1193 3976 1273 4029 ὃτι
1310 3976 1437 4046 περὶ
1464 3977 1654 4031 Ποσει-

94 4061 260 4116 δεῶνα
287 4064 344 4117 αἰ
369 4065 677 4135 χειμεριναὶ
702 4065 900 4135 τροπαὶ¹
937 4065 1344 4135 ἀκριϐέστερον,
1370 4065 1505 4137 ὅπερ
1530 4066 1651 4119 κατ’

94 4154 261 4226 ἀρχὰς
311 4154 651 4226 ἀπελίπομεν
688 4159 803 4220 τοῖς
849 4157 1114 4229 ὑστέροις.
1148 4157 1411 4228 Ἕϐδομος
1436 4158 1542 4230 γὰρ
1566 4158 1651 4212 ὅδε

94 4247 195 4300 ἀπὸ
233 4245 705 4317 Ἑκατομϐαιῶνος
733 4247 828 4301 καὶ
846 4248 1061 4320 τροπῶν
1085 4247 1327 4320 θερινῶν.
1360 4248 1651 4319 Φιλόστρα-

92 4335 534 4409 τοςδὲπάμπολυ
578 4336 848 4410 διέστηκε,
897 4337 1134 4410 φάμενος
1178 4337 1477 4409 Ἀθηναίοις
1508 4338 1653 4410 νόμι-

95 4443 187 4495 μον
213 4422 353 4480 εἶναι
385 4428 511 4489 τοὺς
530 4428 724 4491 παῖδας
741 4430 970 4499 τριετεῖς
999 4427 1320 4499 γενομένους
1354 4428 1650 4497 στεφανοῦ-

1759 3333 2021 3403 nepsione
2069 3348 2285 3404 quoque
2316 3333 2370 3387 in
2407 3332 2642 3404 Egypto
2666 3350 2900 3404 prunum
2925 3333 3117 3389 ﬂorere
3142 3334 3273 3389 dicit
3300 3353 3316 3390 :

1758 3441 1944 3479 verum
2010 3426 2062 3479 id
2120 3424 2236 3479 ﬁeri
2302 3425 2545 3480 secundo
2615 3441 2801 3481 mense
2864 3426 2932 3481 ab
2993 3427 3316 3495 aequinoctio

1758 3513 1995 3585 Egyptii
2050 3522 2386 3570 asseverant.
2441 3519 2511 3569 At
2562 3517 2817 3587 cuiquam
2868 3516 3099 3572 fortasse
3133 3516 3199 3573 de
3229 3517 3316 3573 hil

1756 3606 2050 3676 ambigenti
2109 3607 2278 3661 videri
2325 3609 2499 3677 possit
2546 3607 2888 3680 Pyanepsion
2930 3607 3314 3665 Boedromioni

1754 3698 1999 3753 omnium
2048 3697 2344 3768 proximus,
2400 3698 2448 3752 si
2505 3712 2571 3753 eo
2614 3713 2802 3754 mense
2858 3698 3016 3753 ﬁebat
3066 3699 3313 3754 autumni

1754 3788 2029 3847 fructuum
2079 3790 2461 3860 comportatio,
2509 3797 2570 3845 ut
2616 3790 2943 3845 Plutarchus
2993 3790 3187 3862 inquit.
3244 3791 3314 3846 At

1752 3897 1860 3937 non
1909 3883 1982 3938 ita
2024 3890 2128 3947 est,
2180 3898 2304 3937 cum
2364 3881 2850 3938 Maemacterionem
2898 3883 3159 3938 continuo
3191 3897 3314 3939 esse

1751 3971 2180 4028 demonstratum
2213 3974 2302 4028 sit.
2325 3972 2743 4029 Maemacterioni
2785 3974 2947 4045 igitur
2974 3973 3311 4045 Pyanepsion

1750 4065 2059 4135 contiguus.
2116 4063 2353 4119 Ultimus
2402 4065 2559 4120 nobis
2606 4065 2709 4119 hac
2765 4066 3171 4121 enumeratione
3226 4074 3313 4121 est

1750 4157 2173 4222 Anthesterion;
2218 4157 2429 4227 reliquo
2478 4157 2620 4211 enim
2673 4156 2852 4212 sedem
2900 4171 3040 4218 eam.
3070 4172 3191 4226 qua:
3217 4170 3312 4212 su-

1751 4259 1933 4320 perest
1973 4249 2171 4303 ascribi
2201 4256 2433 4318 oportet.
2466 4247 2527 4301 Et
2547 4248 2662 4302 haec
2699 4248 2918 4316 quidem
2942 4248 3157 4303 interim
3181 4263 3309 4317 pro-

1751 4339 1899 4395 batio
1947 4339 2203 4395 sufﬁciat.
2264 4339 2440 4403 Simul
2493 4354 2623 4393 vero
2678 4346 2912 4403 constat,
2959 4338 3107 4394 circa
3153 4337 3309 4394 Posi-

1750 4429 1975 4485 deonem
2034 4428 2282 4483 brumam
2343 4442 2483 4491 esse,
2538 4426 2703 4495 idque
2750 4427 2962 4481 ratione
3013 4427 3304 4491 exactiore,

93 4517 209 4571 σθαι
234 4517 344 4571 τῶν
376 4517 581 4571 ἀνθέων
613 4518 781 4588 μηνός
830 4518 1297 4592 Ἀνθεστηριῶνος.
1332 4519 1501 4590 Δῆλος
1540 4521 1647 4591 γάρ

1758 4519 1894 4593 quod
1923 4535 1951 4572 a
1984 4519 2251 4590 principio
2275 4518 2564 4587 rejecimus
2591 4518 2656 4573 ad
2682 4516 3005 4587 posteriora.
3031 4515 3305 4586 Septimus

91 4608 228 4661 ἔστιν
255 4608 469 4679 ὲαρινόν
494 4607 640 4662 τόνδε
678 4609 820 4679 μῆνα
846 4609 1216 4681 καταριθμῶν.
1251 4610 1315 4663 Εἰ
1350 4610 1446 4681 μὲν
1474 4606 1567 4664 οὖν
1593 4612 1643 4664 οἰ

89 4697 168 4750 ἔπ’
217 4698 382 4753 αὑτοῦ
436 4699 726 4771 Ἀθηναῖοι,
768 4699 996 4772 τὴντῶν
1016 4701 1295 4773 προγόνων
1334 4703 1463 4775 περί
1518 4705 1643 4769 τοὺς

94 4790 258 4859 μῆνας
270 4791 518 4856 σύνταξιν
535 4792 955 4857 ὑπαλλάξαντες,
981 4793 1153 4859 ἄλλως
1167 4795 1421 4868 ἐχρῶντο,
1448 4796 1641 4867 ἀληθὲς

86 4880 374 4949 ἀντιλέγοι·
438 4880 577 4953 πλὴν
628 4884 787 4953 ἡμῖν,
837 4884 933 4954 οὐχ
961 4884 990 4937 ὀ
1018 4902 1070 4938 τι
1098 4886 1145 4938 οἰ
1172 4886 1265 4938 ἐπὶ
1284 4886 1639 4959 Φιλοστράτου

97 4972 360 5043 Ἀθηναῖοι
383 4970 537 5045 ῆγον,
571 4977 824 5045 ἐπιμελὲς
861 4977 1059 5032 εἰδέναι
1079 4996 1136 5031 τε
1172 4978 1266 5032 καὶ
1296 4979 1500 5044 λαϐεῖν,
1525 4981 1638 5035 ἀλλ’

84 5061 175 5118 ὅτι
203 5066 251 5117 οἱ
274 5065 362 5118 ἐπ’
397 5065 797 5137 Ἀριστοτέλους
852 5067 945 5119 καὶ
990 5067 1352 5138 Θεοφράστου.
1388 5067 1450 5120 Εἰ
1490 5067 1547 5121 δὲ
1573 5068 1638 5141 δὴ

84 5154 137 5207 τὸ
165 5156 264 5225 μὲν
302 5156 431 5227 περὶ
464 5158 591 5220 τοὺς
640 5158 837 5221 παῖδας
878 5158 1037 5222 αὐτὸς
1098 5158 1369 5228 λογοποιεῖ
1420 5176 1481 5212 τε
1543 5160 1637 5215 καὶ

86 5247 389 5312 πλάττεται,
417 5247 492 5312 ὡς
518 5248 612 5301 καὶ
644 5248 778 5302 ἀλλα
802 5248 993 5312 πολλὰ,
1027 5250 1284 5320 σοφιστὴς
1304 5248 1379 5303 ὢν
1406 5266 1421 5281 ’
1469 5251 1559 5304 τὸν
1579 5251 1635 5305 δὲ

87 5333 219 5404 μῆνα
246 5336 355 5389 ἀπὸ
400 5334 509 5388 τῶν
547 5336 750 5391 ἀνθέων
783 5338 1123 5407 ἐτυμολογῶν
1160 5338 1455 5410 ὑπείληφεν
1483 5341 1634 5412 ἐαρι-

83 5424 161 5478 νδν
190 5427 327 5481 εῖναι
348 5444 361 5456 ·
386 5427 531 5481 οὕτω
586 5430 644 5483 δὲ
673 5431 767 5484 καὶ
795 5430 972 5501 πολλῷ
998 5430 1195 5501 μᾶλλον
1224 5432 1632 5504 εὐκαταφρονη-

84 5515 265 5590 τότερα
291 5519 357 5571 τά
394 5520 515 5573 κατ’
568 5520 728 5574 αὑτὸν
780 5522 1007 5590 γίνεται.
1042 5521 1175 5576 οὐδὲ
1214 5520 1320 5593 γὰρ
1346 5522 1408 5593 δὴ
1433 5522 1503 5575 τὰ
1530 5523 1632 5593 τῆς

84 5607 425 5680 ἐτυμολογίας
460 5610 798 5684 πιθανώτερα
821 5612 930 5667 ἀπὸ
962 5616 1059 5683 τῆς
1091 5612 1256 5680 ἕξεως
1284 5613 1390 5667 τῶν
1424 5613 1630 5670 ἀνθέων

85 5696 118 5763 ἢ
145 5699 245 5753 ἀπὸ
272 5701 374 5771 τῆς
406 5701 712 5772 στερήσεως
758 5705 985 5773 φαίνοιτ·
1032 5705 1116 5759 ἄν.
1151 5705 1271 5759 Ὅτι
1308 5704 1415 5777 γὰρ
1448 5705 1630 5775 στέρε-

88 5786 194 5843 σθαι
236 5791 357 5846 τότε
417 5791 621 5846 ἀνθέων
672 5795 953 5864 συμϐαίνει
994 5795 1092 5869 τὴν
1132 5795 1299 5867 ὥραν,
1347 5796 1629 5866 Ἀνθεστη-

1749 4624 1982 4679 namque
2014 4615 2097 4662 est
2124 4607 2191 4661 ab
2223 4606 2670 4663 llecatombazone
2726 4607 3024 4677 testivoque
3048 4605 3301 4663 solstitio.

1751 4700 1857 4757 Sed
1906 4699 2269 4755 Philostratus
2319 4700 2476 4769 longe
2529 4700 2582 4753 in
2644 4699 2750 4752 alia
2800 4699 2951 4754 stetit
3011 4697 3301 4763 sententia,

1748 4794 1939 4850 dicens
1966 4792 2391 4848 Atheniensibus
2419 4806 2623 4847 morem
2660 4790 2832 4846 fuisse
2862 4804 3062 4860 pueros
3107 4790 3303 4846 trimos

1746 4885 1972 4941 ﬂoribus
2017 4884 2295 4949 coronari,
2343 4898 2530 4938 mense
2574 4882 3013 4936 Anthesterione.
3045 4881 3097 4936 Is
3131 4881 3299 4945 enim,

1745 4980 1805 5028 ut
1834 4978 2078 5041 apparet,
2120 4969 2268 5024 hunc
2297 4982 2538 5023 mensem
2564 4974 2751 5037 aperte
2784 4966 2927 5020 inter
2948 4980 3145 5020 vernos
3166 4980 3301 5020 enu-

1743 5072 1937 5120 merat.
1994 5062 2051 5116 Si
2080 5062 2245 5132 igitur
2288 5059 2605 5116 Philostrati
2654 5059 2912 5129 aequales,
2942 5056 3299 5113 Athenienses

1741 5158 1885 5225 dico,
1934 5155 2212 5211 mensibus
2255 5154 2410 5208 aliter
2453 5152 2765 5217 utebantur,
2798 5166 2862 5206 ac
2904 5150 3145 5221 ipsorum
3177 5163 3295 5204 ma-

1735 5248 1904 5318 jores,
1929 5260 2117 5301 eorum
2152 5243 2361 5299 scilicet
2390 5243 2579 5299 ordine
2607 5242 2845 5309 turbato,
2870 5255 3057 5296 verum
3088 5239 3293 5310 aliquid

1740 5340 1966 5395 diceret.
2002 5335 2240 5390 Tametsi
2291 5334 2448 5390 nobis
2496 5349 2643 5390 curae
2679 5349 2787 5388 non
2827 5341 2933 5397 est,
2965 5345 3294 5402 cognoscere

1737 5431 1868 5502 quid
1894 5427 2210 5484 Philostrati
2242 5435 2487 5496 tempore
2530 5432 2752 5497 agerent
2784 5422 3165 5484 Athenienses,
3196 5419 3291 5476 sed

1737 5522 1866 5593 quid
1893 5519 2198 5576 Aristotelis
2246 5528 2301 5575 et
2342 5515 2726 5589 Theophrasti.
2753 5515 2893 5581 Quid
2934 5528 3060 5569 vero
3104 5512 3148 5567 si
3188 5512 3291 5564 hoc

1742 5629 1958 5686 quoque
2000 5613 2069 5690 de
2096 5612 2280 5682 pueris
2306 5609 2759 5672 comminiscitur,
2791 5614 2848 5661 ut
2876 5606 3130 5678 pleraque
3160 5600 3287 5662 alia.

1734 5722 1801 5762 ex
1842 5705 1911 5760 iis
1931 5718 2093 5771 unus,
2128 5717 2266 5774 quos
2316 5699 2589 5771 sophistas
2631 5696 2849 5752 dixere:
2878 5706 3110 5765 eumque
3135 5703 3291 5743 men-

1726 5813 1853 5855 .sem
1885 5809 2115 5852 vernum
2150 5808 2273 5851 esse
2316 5791 2509 5856 credit,
2543 5804 2573 5845 a
2605 5788 2831 5845 ﬂoribus
2858 5786 3020 5842 ducta
3047 5778 3288 5840 nominis
