3800 6320
87 327 216 386 1188

1000 326 1348 384 THEODUN
1386 328 1588 384 (ΞΑΖῶ
1629 326 1829 383 L-IBER
1870 327 1956 383 DE
1997 327 2359 385 MENSIBUS.

3161 334 3303 389 “86

90 457 179 495 ιαν
209 438 490 506 σύνταξιν.
529 438 606 512 τῷ
636 437 721 493 ἀεὶ
748 439 951 494 ἐπιόντι
986 442 1094 494 τῶν
1125 440 1445 514 Ῥωμαϊκῶν
1477 445 1645 514 ἐφαρ-

1753 442 1849 499 bus
1878 439 2099 497 Iunium
2133 456 2252 499 esse
2286 441 2790 499 llecatombteonem
2818 484 2832 509 ,
2868 443 2980 513 jam
3014 445 3194 502 nullus
3222 457 3305 501 est

90 531 311 602 μόττων,
344 532 445 585 καὶ
472 532 607 603 πρὸς
633 530 730 594 τὰς
771 529 919 602 ὥρας
947 530 1041 585 τοῦ
1071 533 1314 586 ἐνιαυτοῦ
1344 532 1648 602 συμφωνῶν

90 622 331 696 δπάρξει.
374 624 694 695 Ἀπρὴσειε
737 621 781 675 δ’
814 625 878 678 ἄν
910 641 1013 688 τις.
1065 625 1119 678 εἰ
1159 641 1223 693 γε
1261 626 1388 687 τοὺς
1429 625 1649 696 χρόνους

99 714 368 786 Ἀθηναῖοι
394 711 534 787 ἦγον
574 714 717 767 κατὰ
753 713 850 785 τὴν
900 716 1129 787 σελήνης
1166 715 1357 787 φορὰν,
1395 715 1650 785 Ῥωμαῖοι

88 808 142 862 δὲ
171 807 315 862 κατὰ
352 807 456 878 τὴν
483 808 633 876 ἡλίου
660 805 979 876 λογίζονται,
1024 807 1139 871 πῶς
1169 808 1236 862 ἂν
1271 809 1319 861 οἰ
1346 808 1453 862 τῶν
1496 810 1653 880 Ἀθη-

90 902 246 955 ναίων
270 897 669 971 ἐφαρμόζοιντο
696 902 807 963 τοῖς
842 901 937 971 μὲν
974 900 1256 976 Ῥωμαίων
1291 902 1476 971 μησὶν,
1511 899 1651 953 ὥστε

88 994 179 1047 καὶ
217 994 544 1065 ἀπαρτίζειν
588 993 694 1057 ἀεὶ,
735 995 829 1046 καὶ
877 992 1092 1046 ’ῐούνιον
1127 993 1223 1063 μὲν
1261 992 1351 1047 τὸν
1390 994 1654 1065 Ἑκατομ-

89 1086 309 1151 ϐαιῶνα,
361 1085 581 1139 Ἰούλιον
622 1085 681 1140 δὲ
724 1084 814 1138 τὸν
853 1085 1289 1154 Μεταγειτνιῶνα
1336 1085 1653 1158 ἑρμηνεύειν

87 1178 257 1250 ὀρθῶς
278 1195 296 1211 ·
326 1177 592 1241 ὡσαύτως
621 1176 677 1230 δὲ
709 1177 801 1230 καὶ
824 1176 916 1229 ἐτι)⁹
940 1176 1051 1230 τῶν
1079 1178 1267 1233 ἄλλων.
1298 1179 1371 1231 Ού
1406 1179 1512 1251 γὰρ
1548 1182 1655 1233 ἰσο-

87 1269 251 1341 saxi;
281 1270 316 1340 ἡ
359 1269 559 1340 σελήνη
602 1266 681 1338 τῷ
709 1268 841 1339 ἡλίῳ
860 1285 875 1299 θ
918 1268 1027 1321 οὐδ’
1073 1268 1187 1339 ἅμα
1228 1268 1514 1322 τελευτῶσι
1559 1269 1652 1322 καὶ

85 1359 365 1429 ἄρχονται,
397 1357 475 1421 ὠς
520 1359 711 1422 εἰπεῖν,
752 1358 880 1429 περί
925 1357 1015 1411 τὸν
1060 1358 1151 1411 τοῦ
1184 1357 1448 1422 ζωδιακοῦ
1500 1377 1655 1431 μερι-

87 1450 237 1523 σμόν.
280 1451 526 1522 ’Δνάγκη
575 1450 639 1523 δὴ
692 1450 1148 1522 ἐπαμφοτερίζειν
1186 1453 1313 1515 τοὺς
1354 1452 1461 1504 τῶν
1501 1453 1654 1525 Ἀθη-

86 1544 245 1597 ναίων
286 1543 490 1615 μῆνας.
525 1543 673 1597 Εἰδέ
716 1543 778 1614 δὴ
816 1542 1044 1606 ἕκαστος
1076 1543 1520 1619 ἐπαμφοτερίζων
1550 1547 1656 1618 ἀμ-

85 1637 221 1706 φοίν,
280 1635 607 1707 ἐπιλήψεται
662 1634 755 1688 τοῦ
808 1651 868 1688 τε
929 1632 1213 1706 προτέρου,
1262 1636 1338 1700 ὡς
1396 1637 1654 1708 Ῥωμαῖοι

84 1727 292 1796 ἄγουσι,
335 1726 433 1779 καὶ
474 1725 567 1778 τοῦ
603 1724 827 1795 ὑστέρου
875 1723 1061 1796 μηνὸς,
1088 1723 1138 1776 τί
1183 1723 1381 1796 μᾶλλον
1424 1724 1529 1777 ἀπὸ
1559 1723 1652 1777 τοῦ

83 1817 347 1891 προτέρου
377 1816 914 1889 μεθερμηνευόμενος
938 1816 1253 1887 ὀνομάζοιτο
1290 1816 1355 1870 ἂν
1396 1816 1575 1877 καλῶς
1612 1816 1645 1886 ἢ

1751 535 1902 590 labor
1962 536 2199 605 reliquos
2260 533 2677 607 interpretandi.
2747 535 2972 606 Semper
3019 551 3164 591 enim
3219 554 3306 594 se-

1748 628 1937 696 quenti
1974 627 2150 682 Attico
2181 627 2337 697 juxta
2359 627 2702 698 suppositum
2727 627 2974 683 ordinem
3010 644 3134 684 cum
3183 630 3308 685 sub-

1749 717 1872 773 inde
1897 719 2144 789 sequenti
2180 718 2426 773 Romano
2450 720 2754 783 conveniet,
2788 727 2841 773 et
2871 720 3055 774 eadem
3086 720 3152 774 ad
3177 722 3304 774 anni
3344 789 3348 795 '

1749 817 1929 880 partes
1956 811 2059 866 erit
2089 811 2465 866 consonantia.
2500 810 2603 865 Sed
2630 810 2767 867 forte
2794 812 2917 881 quis
2945 812 3304 877 dubitaverit,
3338 806 3343 816 ’

1749 915 1873 953 eum
1895 900 2249 957 Athenienses
2283 902 2350 955 ad
2380 903 2521 956 lunae
2546 942 2560 964 .
2614 903 2680 956 ad
2722 903 2853 958 solis
2902 918 3033 957 vero
3086 918 3307 960 cursum

1750 989 1979 1046 Romani
2012 994 2281 1049 calculum
2315 1001 2618 1065 temporum
2641 996 3005 1051 subducerent
3041 1014 3054 1050 :
3089 1012 3195 1066 qua
3222 1011 3311 1050 ra-

1749 1081 1897 1138 tione
1933 1084 2047 1139 lieri
2078 1087 2273 1156 possit,
2304 1094 2361 1139 ut
2391 1086 2675 1156 utriusque
2705 1088 2881 1157 gentis
2904 1103 3120 1143 menses
3151 1088 3309 1142 alteri

1749 1191 1871 1231 cum
1925 1176 2112 1232 alteris
2168 1175 2248 1232 sic
2298 1186 2644 1247 competant,
2703 1185 2762 1231 ut
2818 1178 3051 1233 invicem
3097 1179 3311 1233 dierum

1750 1280 1959 1320 summa
1990 1282 2202 1336 semper
2248 1270 2524 1337 quadrans
2552 1267 2624 1322 sit
2645 1307 2660 1329 .
2702 1274 2755 1321 et
2787 1269 2922 1322 nihil
2951 1271 3005 1322 in
3036 1268 3316 1323 alterutris

1750 1364 2042 1413 excurrat:
2078 1366 2245 1429 utque
2298 1359 2712 1414 llecatombteon
2755 1371 2904 1414 reete
2953 1358 3317 1414 transferatur

1748 1446 1964 1514 Junius,
1990 1458 2043 1503 et
2075 1448 2424 1520 Metagitnion
2456 1448 2665 1514 Julius,
2716 1451 2790 1504 ita
2825 1465 3041 1520 thOque
3072 1451 3140 1505 de
3170 1451 3312 1505 aliis.

1750 1537 1934 1610 Neque
1965 1541 2107 1595 enim
2140 1543 2237 1597 soli
2272 1541 2483 1603 eadem.
2515 1559 2637 1613 quae
2671 1544 2847 1608 lu'uae,
2895 1551 2979 1598 est
3020 1545 3316 1598 celeritas:

1751 1649 1926 1703 neque
1957 1650 2064 1688 una
2090 1634 2348 1690 desinunt
2376 1637 2709 1707 incipiuntve
2743 1637 2812 1690 ad
2867 1636 3134 1707 signiferi,
3171 1637 3318 1707 quod

1753 1740 1919 1796 prope
1945 1724 2194 1790 dixerim,
2222 1727 2592 1797 partitionem.
2624 1727 2765 1798 Ergo
2800 1743 3024 1784 necesse
3062 1740 3143 1784 est
3174 1730 3320 1782 Atti-

1754 1831 1849 1871 cos
1880 1833 2091 1873 menses
2125 1819 2370 1884 variare,
2427 1826 2481 1876 et
2514 1820 2769 1888 ambiguo
2825 1822 3147 1891 plerumque
3191 1836 3316 1876 esse

84 1909 186 1963 ἀπὸ
211 1909 310 1963 τοῦ
344 1909 607 1981 ὐστέρου;
637 1910 732 1963 Ὃν
769 1908 833 1980 δὴ
877 1908 1079 1981 τρόπον
1117 1910 1209 1964 καὶ
1251 1909 1485 1981 Γαληνὸς
1530 1909 1652 1982 περὶ

1758 1909 1899 1964 inter
1929 1909 2161 1981 priorem
2205 1909 2455 1966 Latinum
2480 1952 2495 1976 ,
2523 1922 2577 1966 et
2602 1913 2956 1981 posteriorem
2989 1914 3128 1967 loco.
3164 1913 3321 1979 Quod

83 2000 170 2055 τοῦ
193 2002 295 2073 τῆς
321 2000 523 2071 ἐλάτης
552 2000 862 2071 σπέρματος
889 2000 1134 2073 γράφων,
1171 2020 1188 2050 ι
1224 2002 1413 2065 Ὅστις
1446 2001 1650 2072 καιρὸς,

87 2095 265 2166 φησιν,
290 2095 352 2146 ἐν
395 2090 584 2164 Ῥώμῃ
610 2093 706 2163 μὲν
728 2095 756 2146 ὀ
781 2091 1111 2161 καλούμενος
1146 2092 1251 2163 μὴν
1289 2093 1455 2145 Σεπτέ
1464 2092 1654 2163 μδριός

82 2186 246 2249 ἐστιν,
295 2185 357 2238 ἐν
410 2183 688 2255 Περγάμῳ
722 2183 779 2236 δέ
821 2185 951 2256 παρ’
1003 2186 1135 2254 ἡμῖν
1185 2184 1650 2257 ’Υπερὸερεταῖος,

94 2278 349 2351 Ἀθήνῃσι
400 2275 460 2328 δὲ
513 2275 821 2346 Μυστήρια.
877 2294 895 2327 ι
948 2275 1029 2329 Τὰ
1084 2278 1191 2349 γάρ
1249 2294 1330 2330 τοι
1384 2280 1654 2349 μυστήρια

87 2368 496 2441 Βοηδρομιῶνος
515 2362 602 2438 ἦν.
624 2367 758 2439 Περὶ
781 2366 970 2421 εἰκάδα
992 2367 1100 2439 γὰρ
1124 2366 1217 2420 τοῦ
1250 2367 1652 2440 Βοηδρομιῶνος

80 2463 112 2515 ὀ
140 2460 402 2533 μυστικὸς
430 2461 648 2530 Ἴακχος
670 2458 911 2530 ἐξήγετο,
936 2458 1010 2522 ὡς
1033 2459 1125 2513 καὶ
1153 2459 1490 2535 Πλούταρχος
1515 2461 1654 2513 ἱστο-

86 2556 182 2625 ρεῖ.
217 2555 409 2607 Ἔοικε
452 2552 510 2606 δὲ
544 2551 638 2605 καὶ
677 2553 706 2605 ό
745 2552 1011 2622 Ῥωμαῖος
1041 2552 1275 2615 Πλίνιος,
1309 2551 1653 2623 παντοδαπῆς

86 2645 326 2719 ἱστορίας
375 2645 746 2717 συγγραφεὺς,
786 2642 927 2697 οῦτω
974 2644 1291 2716 μεταφέρων
1347 2644 1650 2715 Ἀριστοτέ-

83 2736 201 2803 λους
245 2737 308 2791 τὸ
367 2737 496 2809 περί
550 2736 708 2788 τόκου
767 2734 874 2789 τῶν
934 2734 1147 2806 ἰχθύων,
1193 2736 1265 2799 ὡς
1310 2738 1358 2789 οἰ
1414 2731 1650 2789 πλεῖστοι

81 2832 352 2885 τίκτουσιν
382 2830 443 2882 ἐν
492 2831 637 2900 τρισί
682 2829 833 2901 μησὶ,
884 2827 1240 2900 Μουνυχιῶνι,
1290 2828 1648 2901 Θαργηλιῶνι,

84 2922 500 2996 Σκιροφοριῶνι,
536 2922 699 2991 φάναι
734 2924 789 2975 ἐν
817 2922 1012 2993 τρισὶν,
1049 2921 1280 2993 Ἀπρίλι,
1312 2923 1491 2993 Μαΐῳ,
1523 2923 1652 2975 Ἰου-

83 3016 197 3087 νίῳ,
229 3016 438 3069 τίκτειν
478 3016 605 3079 τοὺς
649 3013 953 3077 πλείστους.
989 3014 1110 3066 Ἔτι
1141 3013 1235 3067 τοῦ
1266 3013 1532 3077 ἐνιαυτοῦ,
1576 3013 1651 3078 ὡς

86 3109 181 3177 μὲν
213 3109 480 3178 Ῥωμαῖοι
527 3106 738 3175 ἄγουσι,
772 3104 1080 3176 τριακόσιαι
1130 3107 1220 3160 καὶ
1259 3106 1521 3178 ἐξήκοντα
1557 3107 1650 3159 καὶ

85 3197 242 3251 πέντε
265 3197 474 3268 ἡμέραι
504 3195 673 3249 εἰσίνο
705 3194 1168 3266 ἀκριϐολογεῖσθαι
1202 3197 1247 3251 δ’
1279 3199 1357 3259 εἰς
1385 3196 1445 3249 τὸ
1480 3195 1651 3268 παρὸν

82 3290 145 3342 οὐ
191 3289 305 3342 δείσ
356 3290 434 3352 ὡς
485 3288 543 3341 δὲ
600 3286 891 3358 Ἀθηναῖοι,
947 3289 1086 3343 κατὰ
1142 3290 1236 3359 μὲν
1290 3288 1648 3359 Ἀριστοτέλη,

83 3380 389 3451 τριακόσιαι
417 3380 511 3432 καὶ
542 3377 822 3450 ἐξήκοντα.
859 3396 878 3430 ι
929 3379 1105 3432 Ἔνιαι
1144 3379 1220 3442 δὲ,
1266 3380 1417 3450 φησι,
1465 3377 1652 3431 κύουσι

80 3470 189 3524 τῶν
221 3471 400 3525 κυνῶν
449 3470 694 3541 πέμπτον
745 3470 908 3541 μέρος
949 3468 1041 3523 τοῦ
1090 3469 1355 3534 ἐνιαυτοῦ,
1400 3468 1555 3522 τοῦτο
1596 3468 1653 3521 δέ

86 3562 230 3616 ἐστιν
270 3563 489 3635 ἡμέρας
518 3562 885 3633 ἐϐδομήκοντα
926 3560 1175 3614 καὶδύο·
1209 3580 1228 3614 ι
1268 3561 1390 3615 καθ’
1432 3561 1652 3632 Ἡρόδο-

84 3669 173 3708 τον
210 3654 265 3709 δὲ
294 3655 391 3709 καὶ⁵
441 3652 654 3717 ἄλλους,
692 3654 996 3726 τριακόσιαι
1037 3653 1649 3725 πεντηκοντατέσσαρες.

95 3744 183 3809 Ὠς
216 3747 488 3800 τοσούτων
533 3745 597 3816 δὴ
636 3746 955 3817 γινομένων,
1004 3745 1053 3798 εἰ
1086 3743 1194 3797 τῶν
1242 3746 1427 3817 μηνῶν
1468 3747 1515 3798 οἰ
1556 3744 1654 3815 μὲν

83 3837 310 3911 πλήρεις
345 3855 407 3891 τε
438 3838 533 3891 καὶ
560 3837 1031 3910 τριακονθήμεροι,
1072 3837 1122 3890 οἱ
1159 3836 1214 3889 δὲ
1258 3836 1426 3889 κοῖλοι
1466 3852 1524 3890 τε
1562 3834 1654 3887 καὶ

87 3933 184 4003 μιᾷ
211 3932 318 3985 τῶν
350 3931 553 4002 ἑτέρων
581 3932 612 4002 ἡ
623 3930 761 4002 μέρα
786 3930 1095 4001 λειπόμενοι
1134 3929 1356 3995 ἐναλλὰξ
1385 3926 1490 3982 εἷεν
1523 3926 1655 3999 παρ’

81 4025 198 4088 ἕνα,
229 4024 505 4097 ὁποτέρως
531 4024 574 4077 δ’
605 4023 670 4077 ἂν
694 4023 812 4098 ἔχῃ,
847 4024 907 4078 τὸ
934 4026 1083 4078 ἐπιὸν
1115 4023 1178 4095 δὴ
1202 4023 1318 4087 ἔτος
1350 4024 1435 4076 ἀεὶ
1462 4039 1656 4093 προτε-

86 4120 263 4188 ρήσει,
294 4119 390 4172 καὶ
424 4119 489 4170 ἐκ
522 4117 885 4188 προσαγωγῆς
922 4119 1002 4180 εἰς
1040 4117 1285 4179 ἐναντίας
1312 4115 1459 4187 ὥρας
1490 4117 1653 4168 ὲκπεοο

87 4208 304 4263 σοῦνται
336 4210 386 4261 οἰ
429 4208 599 4279 μῆνες
633 4208 1048 4280 ὑποφερόμενοι.
1089 4207 1254 4261 Πάλιν
1295 4209 1342 4260 εἰ
1388 4207 1448 4260 τὸ
1493 4205 1654 4261 Ἴλιον

84 4300 199 4370 ἥλω
228 4300 587 4364 τελευτῶντος
617 4301 707 4355 τοῦ
736 4301 914 4372 ἔαρος,
944 4301 1100 4374 ὀγδόῃ
1134 4301 1407 4373 φθίνοντος
1435 4301 1651 4373 Θαργη-

80 4393 273 4457 )ιιῖινος
318 4394 508 4466 μηνὸς.
555 4393 918 4448 ἑπτακαίδεκα
971 4394 1234 4465 πρότερον
1280 4391 1514 4465 ἡμέραις
1553 4391 1654 4463 τῆς

80 4486 305 4559 θερινῆς
328 4486 561 4559 τροπῆς,
592 4487 667 4551 ὡς
700 4487 728 4539 ό
769 4486 1223 4559 Ἁλικαρνασσεὺς
1256 4485 1530 4549 Διονύσιος
1556 4486 1655 4559 ἀρ-

1755 2000 1800 2056 si
1835 2002 2120 2071 ambiguus
2150 2003 2382 2073 quisque
2412 2002 2696 2057 amborum
2731 2003 2825 2058 ﬁat
2870 2005 3176 2074 particeps.
3222 2019 3323 2058 cur

1753 2093 1934 2162 potius
1956 2108 1985 2146 a
2006 2095 2188 2163 priore
2213 2092 2495 2157 vertendo.
2514 2110 2676 2164 quam
2699 2109 2727 2147 a
2754 2096 3056 2165 posteriore
3073 2095 3323 2149 inunine-

1755 2188 1878 2242 tur?
1914 2188 2032 2255 Quo
2070 2204 2202 2243 sane
2239 2187 2399 2242 modo
2425 2186 2663 2243 Galenus
2694 2187 2820 2241 fecit
2846 2227 2862 2252 ,
2914 2188 2982 2242 de
3017 2188 3212 2242 abietis
3242 2202 3325 2242 εει

1753 2280 1935 2333 mine:
1984 2298 2003 2330 ι
2042 2278 2196 2345 Quod
2236 2287 2471 2349 tempus.
2513 2298 2531 2330 ι
2572 2279 2777 2349 inquit.
2814 2298 2834 2330 ε
2875 2277 3063 2333 Romae
3108 2290 3190 2333 est
3225 2276 3323 2333 Se-

1752 2370 2027 2441 ptember,
2084 2367 2331 2439 Pergami
2381 2358 2522 2439 apud
2579 2385 2682 2425 nos
2741 2369 2947 2424 mensis
2984 2367 3323 2440 llyperberc-

1755 2470 1911 2526 treus,
1942 2460 2171 2517 Athenis
2207 2477 2334 2515 vero
2366 2461 2639 2531 Mysteria.
2696 2480 2714 2512 ι
2774 2456 2849 2514 Ea
2899 2475 3135 2530 namque
3167 2458 3325 2514 erant

1753 2552 2162 2608 Boedromione.
2202 2551 2335 2606 Nam
2370 2554 2516 2609 circa
2549 2553 2964 2609 Boedromionis
2995 2554 3319 2608 vicesimum

1752 2644 1893 2701 diem
1921 2646 2182 2718 mysticus
2211 2646 2454 2700 Bacchus
2486 2646 2553 2701 ab
2587 2648 2719 2701 urbe
2759 2647 3228 2710 transferebatur;
3263 2652 3321 2698 ut

1751 2739 1912 2793 etiam
1939 2735 2264 2792 Plutarchus
2294 2737 2510 2796 scribit.
2562 2736 2788 2791 Videtur
2836 2752 3055 2807 quoque
3103 2736 3315 2790 Plinius

1751 2831 2053 2887 Omnil‘ariaa
2082 2832 2315 2900 scriptor
2349 2830 2610 2896 historiae,
2652 2830 2734 2885 sic
2787 2830 3137 2900 interpretari
3188 2830 3320 2885 illud

1752 2921 2063 2978 Aristotelis
2093 2921 2159 2977 de
2194 2921 2426 2991 piscium
2457 2931 2615 2992 partu
2638 2963 2652 2987 ,
2685 2921 2946 2978 nimirum
2986 2922 3166 2992 pisces
3197 2922 3321 2990 plu-

1753 3015 1889 3069 rima
1913 3015 1996 3070 sui
2022 3022 2172 3083 parte
2193 3014 2366 3069 tribus
2399 3013 2483 3069 bis
2512 3014 2795 3071 mensibus
2824 3014 3104 3077 fetilicare,
3133 3015 3324 3086 Muny-

1754 3106 1967 3173 cliione,
1999 3105 2392 3178 Thargelione.
2428 3105 2889 3177 Scirophorione,
2945 3115 3004 3165 ut
3045 3109 3191 3164 dicat
3236 3110 3325 3165 his

1754 3200 1961 3263 tribus,
2016 3199 2235 3269 Aprili,
2309 3198 2489 3266 Maio,
2563 3198 2746 3255 Junio.
2809 3199 3323 3269 lnsupertrecenti

1752 3290 2032 3361 sexaginta
2061 3290 2305 3360 quinque
2336 3290 2453 3345 dies
2501 3297 2629 3345 sunt
2671 3290 2801 3344 anni
2831 3289 3105 3356 Romani;
3152 3292 3326 3347 subti-

1752 3383 1858 3439 lius
1906 3383 2051 3437 enim
2103 3384 2160 3438 in
2211 3398 2450 3453 prmsens
2482 3391 2781 3453 supputare
2831 3386 3055 3440 minime
3085 3395 3322 3456 oportet.

1751 3475 2101 3533 Atheniensis
2130 3491 2260 3531 vero
2286 3476 2438 3544 anni,
2476 3491 2543 3532 ex
2579 3476 2887 3532 Aristotelis
2919 3478 3140 3547 quidem
3195 3494 3324 3533 sen-

1752 3567 1945 3631 tentia,
1978 3568 2206 3622 trecenti
2235 3567 2516 3638 sexaginta
2571 3578 2735 3623 sunt;
2777 3586 2797 3619 ι
2843 3569 2996 3633 Pars,
3032 3589 3051 3622 ι
3110 3570 3321 3640 inquit.

1758 3678 1777 3712 ι
1822 3675 2018 3715 canum
2047 3658 2151 3715 fert
2174 3669 2417 3715 ventrem
2447 3660 2695 3729 quintam
2730 3671 2944 3729 partem
2976 3662 3127 3724 anni,
3155 3660 3206 3715 id
3240 3668 3325 3717 est

1752 3750 1870 3807 dies
1900 3748 2038 3806 duos
2077 3758 2132 3807 et
2182 3752 2556 3822 septuaginta;
2600 3770 2619 3804 ι
2654 3760 2709 3804 at
2743 3752 3048 3807 secundum
3082 3751 3327 3809 Herodo-

1753 3850 1868 3898 tum
1899 3843 2184 3913 aliosque,
2243 3843 2471 3897 trecenti
2508 3851 2747 3913 quatuor
2793 3850 2848 3897 et
2904 3843 3325 3915 quinquaginta.

1752 3934 1855 3989 Tot
1885 3934 2049 4006 igitur
2085 3949 2209 3988 cum
2258 3933 2369 3989 sint
2395 3977 2410 4001 ,
2453 3933 2502 3988 si
2532 3949 2751 3991 menses
2779 3933 2871 3987 alii
2908 3934 3051 4003 pleni
3082 3943 3135 3989 et
3170 3935 3328 3993 trice-

1753 4024 1924 4089 narii;
1957 4024 2046 4078 alii
2076 4024 2272 4086 mutili,
2302 4023 2419 4077 cavi
2445 4065 2461 4090 ,
2491 4035 2544 4078 et
2585 4039 2695 4077 uno
2726 4023 2815 4079 die
2846 4025 3061 4079 caeteris
3083 4026 3325 4096 impares

1753 4114 1809 4169 in
1841 4128 2070 4168 numero
2102 4114 2408 4179 alternam,
2455 4129 2789 4184 quocunque
2819 4116 2980 4168 modo
3006 4130 3093 4168 res
3131 4130 3191 4169 se
3227 4116 3325 4171 lia-

1753 4207 1896 4276 beat,
1928 4222 2164 4276 sequens
2196 4222 2371 4261 annus
2397 4222 2610 4276 semper
2641 4214 2948 4277 praevertet,
2980 4216 3032 4262 et
3063 4188 3323 4277 paulatim

1752 4313 1818 4353 ex
1853 4298 2170 4354 accessione
2230 4299 2285 4353 in
2345 4299 2653 4353 contrarias
2705 4305 3061 4368 tempestates
3112 4313 3328 4354 menses

1752 4389 2012 4456 incident,
2048 4389 2166 4444 loco
2201 4389 2501 4459 diebusque
2533 4389 2695 4445 statis
2720 4390 2906 4443 emoti.
2940 4389 3068 4441 Item
3103 4389 3147 4443 si
3171 4386 3325 4441 Ilium

1753 4489 1970 4553 captum
2029 4490 2114 4536 est
2164 4482 2397 4536 abeunte
2432 4496 2590 4543 vere,
2636 4492 2832 4535 Octavo
2866 4479 2975 4542 die,
3011 4480 3115 4534 sub
3164 4480 3327 4534 linem

82 4579 381 4650 χαιολογῶν
408 4578 479 4633 τὰ
509 4578 790 4650 Ῥωμαῖκά
819 4595 950 4651 φησι
971 4597 982 4610 ο
1019 4577 1135 4642 πῶς
1168 4578 1423 4651 τροπικδς
1448 4578 1652 4650 θερινὸς

1758 4569 2167 4638 Thargelionis.
2215 4569 2602 4641 septemdecim
2666 4570 2858 4625 diebus
2912 4578 3039 4625 a'nte
3077 4570 3327 4624 aestivum

80 4673 112 4725 ὀ
150 4669 599 4743 Ἑκατομϐαιῶνς
627 4671 751 4724 Ὅδε
779 4670 887 4743 γὰρ
917 4673 945 4724 ὀ
970 4671 1125 4739 λόγος
1157 4672 1445 4740 ἀποφαίνει
1474 4671 1657 4744 Σκιρο-

82 4765 327 4838 φοριῶνα
354 4760 496 4819 εἶναι
524 4763 780 4838 τροπικὸν
825 4763 1054 4835 θερινόν.
1093 4763 1440 4835 Ἀνομὸλογον
1471 4763 1526 4817 δὲ
1561 4764 1654 4818 καὶ

77 4857 143 4909 τὸ
186 4855 558 4929 θεοφράστου,
591 4855 670 4908 ὅτι
714 4853 881 4926 ἄκρου
931 4854 1091 4925 ἐαρος
1135 4856 1315 4919 εὐθὺς,
1365 4855 1651 4927 ἱσταμένου

79 4946 177 5000 τοῦ
214 4945 617 5020 Θαργηλιῶνος.
648 4946 708 4999 Εἰ
736 4946 843 5018 γὰρ
866 4946 1033 5017 ἄκρου
1066 4945 1222 5017 ἔαρος
1248 4949 1286 5015 ιό
1310 4946 1649 5018 Θαργηλιὼν,

78 5037 184 5091 οὐκ
226 5037 287 5091 ἂν
319 5035 577 5110 τροπικός
606 5037 635 5088 ὀ
670 5034 1073 5108 Ἐκατομϐαιὼν
1101 5038 1185 5109 εἴη
1206 5054 1218 5067 ·
1257 5038 1390 5092 πολὺ
1416 5039 1461 5091 δ’
1493 5033 1653 5110 ἦττον

77 5128 109 5179 ό
152 5126 474 5198 Μουνυχιὼν
520 5126 731 5197 ἐαρινός
763 5142 823 5179 τε
871 5126 966 5179 καὶ
1009 5126 1336 5200 ἰσημερινός.
1387 5127 1566 5181 Ἔοικε
1607 5127 1652 5181 δ’

77 5219 425 5290 ἀττεμφαίνον
464 5220 557 5271 καὶ
584 5218 643 5272 τὸ
665 5217 757 5271 τοῦ
789 5217 1154 5289 Πλουτάρχου·
1191 5237 1209 5269 ι
1241 5218 1652 5290 Συγκομιζομέ-

76 5328 181 5383 νης
216 5311 433 5384 ὀπώρας
482 5310 857 5381 Πυανεψιῶνος
892 5311 1051 5383 ὀγδόῃ
1086 5310 1390 5382 ἱσταμένου.
1432 5329 1450 5362 ι
1499 5314 1656 5366 Δοκεῖ

44 5400 191 5474 ξγὰρ
223 5405 249 5457 ό
283 5402 604 5474 Πυανεψιὼν
639 5402 835 5475 μᾶλλον
868 5398 1005 5456 εἶναι
1041 5402 1351 5475 ἰσημερινδς
1384 5403 1654 5472 φθινοπω-

76 5497 231 5567 ρινὺς
257 5497 292 5567 ἢ
332 5500 362 5552 ό
406 5495 863 5568 Μαιμακτηριὼν,
897 5496 950 5550 εἰ
977 5514 1039 5565 γε
1078 5495 1385 5567 ἁμπελικῆς
1426 5495 1647 5568 ὀπώρας

76 5591 111 5660 ἡ
137 5589 336 5663 κομιδὴ
363 5586 455 5663 ἦν.

1760 4663 2090 4728 solstitium,
2144 4670 2204 4717 ut
2235 4662 2525 4734 Dionysius
2560 4661 3015 4718 Halicarnasseus
3070 4663 3183 4727 ait,
3241 4677 3329 4718 res

1760 4756 1968 4827 priscas
1995 4753 2363 4809 Romanorum
2403 4754 2648 4809 historiae
2688 4753 2954 4809 mandans
2983 4772 2997 4810 :
3028 4769 3136 4826 quo
3172 4762 3331 4824 pacto

1759 4847 2176 4905 llecatombteon
2212 4846 2518 4903 solstitialis
2566 4847 2795 4902 aestivus
2838 4847 2948 4901 sit?
2994 4846 3197 4916 Nempe
3242 4848 3332 4901 hic

1760 4955 1940 4997 sermo
1970 4940 2226 5005 ostendit,
2252 4938 2682 5011 Scirophorione
2711 4954 2833 4995 esse
2874 4940 3184 4994 solstitium.
3210 4940 3333 4994 Dis-

1760 5041 2079 5090 sentaneum
2116 5034 2280 5088 etiam
2317 5045 2401 5090 est
2429 5034 2560 5088 illud
2594 5032 2958 5104 Theophrasti
2984 5073 2999 5097 ,
3052 5049 3175 5088 cum
3203 5034 3333 5090 dicit

1760 5143 2008 5191 summo,
2048 5128 2376 5200 inennteque
2407 5145 2567 5195 vere,
2600 5126 2983 5197 Thargelionis
3039 5127 3331 5198 principio.

1762 5217 1820 5274 Si
1849 5219 1992 5274 enim
2026 5226 2109 5275 est
2137 5236 2418 5294 summun}
2445 5236 2535 5275 ver
2576 5219 2939 5291 Thargelion,
2990 5233 3331 5289 nequaquam

1759 5326 1881 5367 esse
1906 5320 2071 5381 queat
2098 5313 2404 5368 solstitialis
2433 5312 2854 5369 Hecatombaeon
2874 5353 2889 5377 ,
2944 5322 2997 5367 et
3028 5313 3202 5366 multo
3234 5310 3332 5363 mi-

1760 5418 1864 5458 nus
1896 5418 2097 5458 vernus
2126 5411 2181 5459 et
2214 5404 2615 5475 aequinoctialis
2649 5402 3001 5475 Munychion.
3037 5402 3170 5456 Illud
3204 5417 3334 5468 quo-

1759 5511 1865 5566 que
1892 5494 2171 5551 Plutarchi
2199 5497 2492 5553 dissentire
2519 5496 2736 5553 videtur
2756 5536 2772 5560 ,
2820 5494 3054 5549 dicentis
3079 5514 3092 5549 :
3136 5510 3154 5543 ι
3195 5490 3331 5545 Dum

1762 5585 1974 5643 fructus
2004 5588 2279 5659 leguntur.
2310 5603 2363 5645 et
2393 5589 2674 5645 vindemia
2704 5593 3115 5657 comportatur.
3141 5589 3335 5636 octavo

76 5684 172 5739 die
196 5682 589 5757 Pyanepsionis
627 5682 957 5754 incipientis.
1008 5703 1027 5735 ι
1058 5681 1154 5738 His
1186 5681 1329 5738 enim
1355 5680 1535 5737 verbis
1569 5680 1785 5737 videtur
1840 5681 2185 5755 Pyanepsion
2222 5682 2277 5739 in
2329 5699 2388 5740 se
2448 5683 2739 5739 continere
2792 5677 3041 5735 autumni
3087 5676 3331 5745 aquino-

72 5779 254 5830 ctium
282 5776 488 5847 potius,
520 5791 683 5847 quam
716 5772 1115 5831 Mamacterion
1138 5814 1153 5841 .
1194 5773 1476 5847 siquidem
1526 5782 1654 5831 erat
1687 5773 1973 5833 vindemiis
1990 5774 2276 5842 collectio.
