3800 6372
497 249 632 351 ί187

1474 291 1565 345 AD
1611 290 1877 346 EUSEBII
1913 288 2304 347 CHRONICON
2345 285 2707 343 APPENDIX.

3571 277 3694 334 “83

568 405 824 462 Solvendi
877 407 1038 478 igitur
1059 414 1205 462 osunt
1251 405 1306 459 hi
1353 404 1642 459 dubiorum
1672 405 1821 469 nodi,
1854 415 1911 460 ut
1946 405 2048 459 rite

2222 402 2393 456 Λῦσαι
2430 402 2496 473 δὴ
2524 401 2605 454 δεῖ
2634 400 2703 453 τὰ
2729 359 3076 468 ἀπορούμενα
3103 392 3294 457 ταῦτα,
3329 393 3398 446 ἵν’
3432 392 3469 462 ἡ
3503 408 3562 445 τε
3589 394 3699 446 σκέ-

498 497 592 551 ttat
621 498 733 552 haec
769 506 952 553 nostra
983 496 1366 552 commentatio
1389 535 1404 561 ,
1456 504 1510 551 et
1569 495 1827 564 majorem
1889 495 2050 549 ﬁdem

497 585 641 640 dicta
672 593 856 640 nostra
879 586 1164 655 accipiant.
1205 585 1471 652 Quocirca
1499 586 1902 640 vetustissimos
1931 586 2051 638 illos

497 675 744 732 homines
781 678 923 729 nulla
952 678 1160 731 ratione
1181 717 1196 742 ,
1241 677 1499 747 nulloque
1532 677 1724 731 ordine
1775 677 2052 730 mensibus

497 779 649 828 usos,
683 773 842 832 atque
872 764 1028 820 aliter
1061 766 1197 819 alios
1227 782 1431 821 annum
1461 768 1635 836 ipsum
1661 767 1888 836 partitos
1908 782 2049 831 esse,

496 869 620 908 cum
650 855 716 908 ab
743 854 884 918 aliis,
915 865 1026 909 tum
1076 857 1158 910 vel
1196 858 1430 911 maxime
1483 872 1514 910 a
1564 855 1884 919 Plutarcho,
1934 855 2054 910 viro

495 945 856 1015 undecunque
886 947 1225 1011 doctissimo,
1266 949 1392 1003 licet
1422 949 1736 1019 intelligere.
1771 949 1901 1002 Nam
1929 949 2054 1003 bar-

493 1035 748 1089 barorum
770 1039 1010 1091 nonnulli
1036 1039 1356 1094 trimestrem
1382 1055 1580 1096 annum
1601 1041 1892 1106 habebant,
1917 1048 1968 1095 et
1989 1056 2056 1096 ex

493 1122 695 1180 Graecis
730 1126 969 1182 Arcades
1011 1128 1498 1198 quadrimestrem;
1538 1129 1850 1184 Acarnanes
1883 1143 2056 1183 seme-

493 1225 682 1273 strem.
743 1217 1013 1289 Egyptiis
1068 1227 1248 1274 autem
1304 1226 1618 1274 menstruus
1668 1228 1783 1274 erat
1842 1235 2053 1282 annus,

493 1307 688 1362 deinde
719 1310 1166 1378 quadrtmestris,
1232 1318 1289 1364 ut
1336 1311 1506 1368 aiunt.
1554 1311 1760 1365 Idcirco
1792 1310 2057 1380 antiquis-

495 1400 616 1454 simi
658 1399 909 1454 videntur
964 1401 1284 1454 immensam
1335 1415 1598 1454 annorum
1654 1400 2056 1454 multitudinem

493 1492 597 1546 sibi
633 1499 1094 1557 annumerantes;
1131 1499 1190 1544 ut
1222 1493 1312 1561 qui
1345 1499 1490 1547 certe
1519 1508 1718 1546 annum
1751 1507 1936 1546 mense
1963 1492 2058 1546 de-

494 1583 731 1638 ﬁnirem.
773 1582 1004 1636 Romani
1033 1597 1160 1636 vero
1191 1583 1342 1652 prius
1397 1584 1582 1638 decem
1638 1585 1907 1638 mensium
1956 1597 2057 1636 an-

495 1689 624 1729 num
651 1675 904 1744 agebant,
934 1683 988 1727 et
1023 1689 1238 1728 menses
1270 1675 1405 1729 alios
1432 1690 1607 1744 neque
1646 1677 1894 1728 vicenum
1945 1674 2058 1728 die-

494 1770 792 1831 rum,alios
815 1769 1086 1822 triceuum
1127 1769 1375 1836 quinum,
1420 1769 1557 1822 alios
1596 1769 1757 1823 etiam
1786 1769 2054 1839 plurium:

497 1859 739 1928 illudque
769 1859 944 1912 solum
976 1858 1431 1921 considerabant,
1477 1866 1536 1911 ut
1591 1865 1953 1912 trecentorum
2005 1865 2059 1913 et

499 1953 778 2022 sexaginta
807 1951 1015 2005 dierum
1047 1967 1181 2005 suus
1210 1959 1357 2006 esset
1392 1967 1568 2006 annus
1588 1993 1601 2015 ,
1636 1966 1735 2006 nec
1765 1968 1884 2021 qute
1917 1959 2061 2006 esset

497 2043 631 2098 sclis
683 2050 735 2096 et
782 2041 921 2096 lunae
965 2042 1305 2110 inaequalitas
1341 2042 1636 2112 quidquam
1690 2043 1844 2112 pensi
1897 2043 2062 2098 habe-

498 2136 649 2190 bant.
683 2133 788 2188 Sed
828 2141 1014 2203 postea
1059 2134 1214 2205 160
1240 2149 1331 2190 rex
1375 2133 1573 2188 Numa.
1597 2133 1898 2206 Pompilius
1924 2134 2062 2190 duos

458 2261 476 2271 --
501 2243 718 2282 menses
765 2227 1028 2295 adjecisse
1076 2227 1280 2290 fertur,
1325 2234 1381 2281 et
1431 2227 1726 2281 discrimen
1783 2227 1947 2296 hujus
1979 2227 2064 2281 in-

499 2319 824 2391 :equalitatis
861 2318 1104 2372 undecim
1140 2319 1351 2372 dierum
1379 2334 1500 2373 esse
1530 2326 1790 2388 reputans
1819 2337 1834 2370 :
1877 2328 2063 2388 utpote

499 2426 642 2465 anno
673 2411 846 2464 lunari
878 2418 1151 2464 trecentos
1187 2409 1582 2479 quinquaginta
1632 2419 1867 2479 quatuor
1903 2409 2019 2466 dies
2044 2449 2058 2474 ,

500 2503 664 2556 solari
701 2512 878 2556 autem
909 2509 1181 2556 trecentos
1209 2501 1490 2570 sexaginta
1513 2501 1751 2571 quinque
1785 2501 2019 2556 habente
2047 2519 2061 2568 ;

499 2594 753 2648 undecim
786 2594 886 2648 hos
917 2593 1034 2647 dies
1067 2592 1376 2662 duplicatos
1409 2593 1637 2647 alternis
1687 2594 1845 2647 annis
1894 2592 2064 2647 inter-

498 2685 764 2740 calatione
792 2685 931 2739 facta
953 2685 1092 2755 (quae
1110 2684 1340 2737 duorum
1365 2692 1418 2738 et
1442 2685 1630 2754 viginti
1661 2685 1872 2739 dierum
1897 2683 2062 2754 esset)

499 2777 556 2832 in
581 2775 932 2832 Februarium
983 2776 1305 2830 induxisse:
1345 2777 1568 2845 verique
1613 2775 1791 2830 simile
1821 2783 1926 2840 est,
1953 2776 2067 2830 haec

499 2871 652 2924 illum
673 2885 738 2924 ex
772 2870 1073 2923 imitatione
1094 2868 1326 2938 quadam
1354 2866 1664 2922 Graecorum
1695 2867 1908 2923 fecisse.
1949 2867 2067 2922 Pri-

499 2976 648 3015 mum
677 2963 821 3017 enim
851 2959 1107 3015 Solonem
1159 2961 1314 3015 aiunt
1353 2959 1580 3014 Athenis
1627 2959 1767 3014 hanc
1796 2960 2065 3014 mensium

498 3068 690 3123 vagam
717 3061 770 3108 et
796 3053 972 3107 adhuc
1008 3053 1270 3109 incertam
1303 3052 1729 3106 inconstantiam
1763 3051 2065 3122 deprehenv

2151 492 2242 561 ψις
2270 492 2487 561 γίνηται
2516 489 2655 543 κατὰ
2686 487 2906 560 τρόπον,
2940 487 3032 539 καὶ
3057 485 3117 537 τὸ
3158 483 3348 537 πιστὸν
3378 483 3579 554 μᾶλλον
3615 484 3699 554 ἔχῃ

2151 583 2217 635 τὰ
2242 581 2525 651 εἰρημένα.
2553 580 2690 644 Τοὺς
2725 579 2821 650 μὲν
2849 573 2939 630 οῦν
2965 576 3101 629 πάνυ
3131 574 3394 645 ἀρχαίους
3425 573 3698 641 ἀλογίστως

2150 691 2209 725 τε
2238 674 2328 726 καὶ
2353 673 2602 740 ἀτάκτως
2628 670 2925 742 κεχρῆσθαι
2953 670 3063 731 τοῖς
3099 667 3253 738 μησὶ,
3289 666 3386 720 καὶ
3420 665 3596 727 ἄλλοις
3617 667 3694 720 ἆλ-

2150 767 2256 828 λως
2277 764 2367 817 τὸν
2393 764 2632 818 ἐνιαυτὸν
2654 762 2928 834 ὡρικέναι,
2954 760 3102 831 παρά
3125 775 3183 811 τε
3207 758 3383 812 ἄλλων
3431 758 3527 812 καὶ
3552 759 3698 812 Illon-

2153 854 2350 924 τάρχου
2415 853 2604 924 ἀνδρὸς
2673 849 3142 920 πολυμαθεστάτου
3215 847 3489 901 πυθέσθαι
3551 848 3692 902 ἔστιν.

2158 947 2323 998 Ἔνιοι
2353 946 2479 1013 γοῦν
2502 944 2608 996 τῶν
2642 942 2927 1015 βαρϐάρων
2963 941 3138 1014 τρισὶν
3167 941 3413 1011 ἐχρῶντο
3447 941 3605 1011 μησὶν
3633 942 3697 1004 είς

2154 1040 2242 1092 τὸν
2272 1038 2541 1090 ἐνιαυτὸνο
2579 1037 2672 1089 καὶ
2703 1035 2810 1087 τῶν
2848 1034 3108 1106 Ἑλλήνων
3150 1034 3414 1104 ’Δρκάδες
3461 1033 3559 1103 μὲν
3597 1035 3698 1086 τέτ-

2154 1148 2362 1202 ταρσιν,
2398 1129 2722 1200 Ἀκαρνᾶνες
2750 1127 2806 1181 δὲ
2828 1125 2906 1191 ἐξ.
2934 1124 3248 1194 Αἰγυπτίοις
3275 1125 3333 1178 δὲ
3372 1128 3612 1196 μηνιαῖος
3641 1121 3696 1196 ἡν

2155 1225 2182 1276 ὁ
2223 1222 2462 1285 ἐνιαυτὸς
2482 1261 2496 1284 ,
2532 1217 2650 1273 εἶτα
2691 1219 3046 1290 τετράμηνος,
3076 1216 3153 1280 ὦς
3189 1233 3346 1286 φασι.
3378 1216 3472 1269 Διὸ
3502 1218 3590 1269 καὶ
3616 1218 3699 1286 ἀρ-

2155 1315 2424 1384 χαιότατοι
2449 1310 2586 1365 εἶναι
2611 1310 2843 1374 δοκοῦσι,
2875 1309 3072 1379 πλῆθος
3098 1309 3233 1361 ἐτῶν
3258 1306 3697 1378 καταριθμοῦντες

2159 1406 2335 1474 σφίσιν
2373 1405 2671 1475 ἀμὴχανον,
2710 1402 2804 1455 ἅτε
2845 1400 2908 1472 δὴ
2948 1401 3073 1463 τοὺς
3119 1399 3294 1471 μῆνας
3330 1400 3597 1469 τιθέμενοι
3633 1402 3699 1460 εἰς

2158 1496 2296 1549 έτῶν
2327 1495 2574 1566 ἀριθμόν.
2601 1494 2709 1547 Καὶ
2741 1494 2994 1563 Ῥωμαῖοι
3018 1491 3076 1544 δὲ
3113 1492 3382 1562 πρότερον
3416 1491 3699 1560 δεκάμηνον

2156 1585 2290 1660 ἦγον
2333 1589 2423 1642 τὸν
2463 1587 2722 1648 ἐνιαυτὸν,
2773 1587 2866 1640 καὶ¹
2904 1584 3011 1638 τῶν
3059 1582 3243 1654 μηνῶν
3287 1584 3416 1646 τοὺς
3466 1582 3560 1652 μὲν
3595 1582 3698 1634 οὐδὲ

2161 1682 2363 1735 εἴκοσιν
2403 1679 2640 1751 ἡμερῶν,
2680 1680 2804 1741 τοὺς
2841 1678 2896 1731 δὲ
2929 1677 3090 1729 πέντε
3122 1677 3215 1729 καὶ
3246 1676 3558 1747 τριάκοντα,
3594 1677 3699 1736 τοὺς

2159 1773 2214 1826 δὲ
2269 1772 2363 1826 καὶ
2404 1771 2690 1825 πλειόνων·
2735 1769 2907 1824 ἐκεῖνό
2944 1786 3004 1823 τε
3047 1769 3207 1839 μόνον
3249 1768 3535 1832 ἐσκόπουν,
3572 1767 3700 1828 ὅπως

2161 1866 2422 1936 ἐξήκοντα
2449 1863 2541 1915 καὶ
2581 1862 2903 1933 τριακοσίων
2937 1860 3156 1932 ἡμερῶν
3183 1861 3212 1912 ὁ
3250 1859 3496 1922 ἐνιαυτὸς
3533 1859 3696 1912 ἔσται·

2159 1955 2364 2010 ἔννοιαν
2392 1957 2448 2010 δὲ
2471 1955 2570 2026 τῆς
2609 1954 2895 2025 γινομένης
2932 1955 3059 2025 περὶ
3085 1953 3181 2024 τὴν
3229 1951 3356 2022 σελή
3371 1969 3463 2022 νην
3508 1953 3595 2004 καὶ
3625 1951 3698 2003 τὸν

2159 2049 2309 2120 ἥλιον
2337 2047 2646 2119 ἀνωμαλίας
2669 2049 2767 2101 οὐκ
2800 2043 2960 2118 εἶχον.
2994 2047 3260 2116 ’Ὕστερον
3286 2045 3342 2098 δὲ
3371 2046 3555 2115 Νομᾶς
3577 2045 3698 2114 Πομ·

2160 2141 2334 2204 πίλιος
2365 2139 2657 2211 βασιλεύων
2697 2139 2910 2208 λέγεται
2947 2138 3037 2193 δύο
3071 2155 3131 2191 τε
3175 2138 3492 2209 προσθεῖναι
3527 2136 3697 2208 μῆνας,

2161 2233 2254 2287 καὶ
2284 2233 2345 2285 τὸ
2383 2232 2746 2306 παράλλαγμα
2783 2231 2882 2301 τῆς
2925 2230 3236 2301 ἀνωμαλίας
3267 2230 3495 2300 ἡμερῶν
3535 2227 3698 2281 ἕνδεκα

2161 2324 2405 2393 γίνεσθαι
2436 2324 2780 2394 λογιζόμενος
2799 2339 2811 2353 ο
2855 2323 2929 2386 ὡς
2956 2320 3048 2375 τοῦ
3081 2323 3178 2392 μὲν
3221 2319 3538 2392 σεληνιακοῦ
3566 2320 3696 2382 έτους

2161 2417 2476 2488 τριακοσίας
2510 2415 3108 2486 πεντηκοντατέσσαρας
3129 2414 3343 2484 ἔχοντος
3366 2413 3590 2485 ἡμέρας,
3621 2411 3698 2464 τοῦ

2162 2507 2216 2560 δὲ
2250 2507 2470 2578 ἡλιακοῦ
2510 2505 2826 2580 τριακοσίας
2871 2505 3333 2578 έξηκονταπέντε·
3387 2506 3487 2568 τὰς
3533 2505 3699 2557 ἕνδεκα

2162 2599 2361 2663 ταύτας
2401 2598 2776 2661 διπλασιάσας,
2826 2599 3123 2665 ἐπαγαγεῖν
3168 2597 3296 2669 παρ’
3341 2597 3577 2650 ἐνιαυτὸν
3622 2596 3697 2648 ἐπὶ

2164 2692 2241 2764 τῷ
2264 2692 2608 2764 Φεϐρουαρίῳ
2639 2692 2766 2762 μηνὶ
2790 2692 2881 2745 τὸν
2912 2690 3229 2761 ἐμϐόλιμον,
3265 2689 3440 2742 εἴκοσι
3466 2691 3554 2743 καὶ
3577 2688 3698 2740 δυοῖν

2165 2783 2384 2856 ἡμερῶν
2435 2783 2582 2837 ὄντα.
2622 2783 2780 2844 Εἰκὸς
2820 2782 2864 2835 δ’
2899 2783 3101 2834 ἐκεῖνον
3148 2779 3321 2833 ταῦτα
3366 2779 3500 2851 πρὸς
3539 2778 3699 2849 ὁμοίαν

2164 2875 2285 2928 τινὰ
2328 2875 2622 2945 Ἀθηναίων
2680 2874 2870 2945 χρῆσιν
2930 2872 3309 2942 πεποιηκέναι.
3359 2872 3566 2924 Σόλωνα
3610 2869 3698 2938 γὰρ

2166 2967 2378 3038 πρῶτον
2424 2967 2677 3040 Ἀθήνῃσι
2713 2967 2809 3038 τὴν
2850 2969 2975 3038 περὶ
3011 2969 3138 3032 τοὺς
3192 2968 3371 3038 μῆνας
3423 2966 3699 3038 ἀνωμαλίαν

2170 3059 2393 3114 συνιδεῖν
2424 3077 2554 3128 φασι
2574 3077 2588 3090 ·
2618 3059 2710 3112 καὶ
2735 3059 2829 3132 τὴν
2855 3060 2950 3129 μὲν
2977 3060 3210 3133 ἡμέραν,
3237 3061 3360 3114 καθ’
3387 3062 3454 3131 ἣν
3479 3063 3510 3131 ἡ
3533 3059 3700 3127 σελήνη

501 3145 647 3200 disse
674 3163 686 3198 :
721 3152 775 3200 et
804 3146 944 3200 diem
975 3161 1083 3215 quo
1125 3146 1253 3198 luna
1282 3145 1450 3200 solem
1479 3144 1789 3213 assequitur
1822 3151 1875 3198 et
1899 3152 2063 3199 trans-

2167 3151 2570 3222 καταλαμϐάνει
2607 3168 2666 3205 τε
2719 3152 2813 3205 καὶ
2849 3152 3184 3223 παρέρχεται
3241 3154 3334 3206 τὸν
3369 3155 3536 3224 ἥλιον,
3568 3151 3700 3217 τάξαι

501 3238 686 3300 mittit,
720 3237 847 3310 ἕνην
875 3237 969 3290 καὶ
993 3237 1141 3301 νέαν,
1172 3237 1225 3291 id
1265 3243 1382 3297 est,
1439 3235 1717 3303 antiquam
1774 3243 1827 3289 et
1871 3251 2063 3291 novam

502 3331 706 3398 lunam,
742 3333 858 3386 sive
896 3339 1192 3386 extremam
1228 3337 1281 3384 et
1315 3329 1576 3400 primam,
1610 3329 1713 3384 hoc
1746 3337 1859 3394 est,
1896 3329 2064 3384 inter-

503 3423 711 3477 iunium
740 3422 924 3477 vocari
954 3421 1259 3476 instituisse
1291 3439 1304 3474 :
1339 3427 1393 3474 et
1430 3429 1746 3489 sequentem
1777 3421 2066 3492 νουμηνίαν

503 3516 557 3570 id
586 3524 706 3581 est,
752 3515 1088 3570 novilunium
1119 3553 1136 3580 ,
1187 3515 1303 3568 sive
1355 3511 1626 3568 Kalendas
1680 3514 2064 3583 appellavisse,

504 3625 857 3679 mensemque
885 3609 1106 3676 triginta
1139 3608 1351 3662 dierum
1383 3605 1737 3660 constituisse
1763 3624 1776 3659 :
1808 3613 1862 3659 et
1891 3606 1944 3659 in
1975 3621 2068 3675 ge-

504 3718 636 3757 nere
665 3716 868 3756 annum
927 3700 1104 3768 ipsum
1145 3700 1200 3753 in
1239 3699 1648 3754 concinniorem
1697 3696 1943 3751 ordinem
1985 3696 2068 3749 di-

505 3795 763 3865 gessisse.
797 3791 1144 3846 lntercalaris
1180 3805 1304 3844 vero
1343 3790 1547 3845 mensis
1581 3804 1737 3845 usum
1769 3787 2070 3858 antiquitus

503 3880 678 3938 fuisse
707 3880 934 3944 Graecis,
965 3880 1208 3935 declarat
1230 3877 1537 3934 Herodotus
1569 3899 1582 3934 :
1626 3897 1644 3931 ι
1682 3877 1875 3941 Graeci,
1915 3896 1933 3929 ι
1987 3876 2072 3929 in-

505 3975 646 4046 quit,
680 3991 699 4025 ι
735 3973 899 4028 tertio
927 3988 1144 4043 quoque
1187 3986 1331 4025 anno
1381 3971 1849 4026 intercalationem
1904 3968 2072 4023 inter—

506 4073 737 4130 serunt,
792 4071 1100 4134 temporum
1157 4061 1330 4133 gratia
1362 4080 1377 4115 :
1408 4060 1648 4133 Egyptii
1689 4075 1818 4115 vero
1850 4059 2072 4113 tricenis

504 4157 719 4220 diebus,
747 4156 946 4226 quibus
975 4155 1262 4210 duodecim
1297 4169 1516 4209 menses
1557 4153 1685 4207 anni
1739 4158 1948 4215 laxant,
1974 4165 2072 4204 au-

501 4251 675 4305 ctario
710 4249 849 4304 facto
880 4249 946 4303 ad
977 4265 1100 4304 eum
1138 4263 1450 4314 numerum,
1481 4248 1598 4302 dies
1637 4245 1879 4316 quinque
1908 4250 2074 4315 quot-

504 4346 665 4400 annis
696 4342 1070 4414 superaddunt
1099 4361 1111 4397 :
1144 4350 1200 4397 et
1243 4343 1313 4398 iis
1345 4343 1484 4396 ratio
1517 4339 1711 4395 circuli
1764 4346 2071 4408 temporum

504 4444 719 4492 constat
749 4435 937 4491 eodem
973 4435 1276 4491 redeuntis.
1317 4455 1334 4486 ι
1369 4434 1525 4500 Quod
1567 4433 1612 4488 si
1655 4430 1829 4486 Numa
1851 4430 2070 4501 quidem

2165 3241 2290 3314 ἕνην
2332 3244 2426 3297 καὶ
2467 3244 2589 3296 νέαν
2630 3243 2938 3297 καλεῖσθαι’
2981 3245 3078 3314 τὴν
3116 3244 3160 3297 δ’
3197 3243 3395 3315 ἐφεξῆς
3441 3243 3700 3314 νουμηνίαν

2165 3333 2596 3406 προσαγορεῦσαι
2619 3349 2632 3362 ·
2661 3335 2787 3406 ἄχρι
2808 3351 2865 3387 τε
2891 3333 3177 3406 τριακάδος
3205 3335 3296 3388 τὸν
3327 3336 3472 3406 μῆνα
3498 3335 3702 3405 ἠριθμη-

2165 3427 2355 3481 κέναι·
2411 3429 2505 3481 καὶ
2535 3428 2670 3490 ὅλως
2702 3427 2795 3479 ἐπὶ
2825 3427 2884 3480 τὸ
2929 3427 3135 3496 βέλτιον
3177 3427 3461 3482 διαθέσθαι
3500 3427 3562 3480 τὰ
3597 3425 3700 3494 περὶ

2165 3519 2255 3572 τὸν
2289 3519 2548 3574 ἐνιαυτόν.
2583 3519 2790 3590 Χρῆσιν
2823 3519 2864 3571 δ’
2895 3519 3187 3588 ἐμϐολίμου
3219 3519 3389 3590 μηνὸς
3425 3518 3514 3571 καὶ
3539 3517 3701 3582 ’Ἕλλη⁹

2169 3628 2250 3664 σιν
2273 3611 2538 3666 ἀνέκαθεν
2563 3607 2700 3665 εἶναι
2733 3611 2880 3681 δηλοῖ
2907 3611 3000 3664 καὶ
3015 3612 3316 3681 Ἡρόδοτος,
3349 3612 3517 3679 λέγων
3535 3627 3547 3639 ο
3571 3628 3587 3661 ι
3605 3608 3700 3660 Ἐλο

2167 3704 2324 3776 ληνες
2362 3705 2458 3774 μὲν
2487 3703 2576 3758 διὰ
2605 3704 2787 3774 τρίτου
2831 3701 2976 3764 ἔτεος
3011 3700 3306 3771 ἐμϐόλιμον
3336 3699 3700 3768 ἐπεμϐάλλουσι

2167 3796 2275 3849 τῶν
2303 3796 2488 3867 ὡρέων
2534 3797 2770 3849 εἵνεκενο
2804 3792 3085 3861 Αἰγύπτιοι
3125 3791 3201 3857 δὲ,
3245 3791 3700 3864 τριακονθημέρους

2169 3887 2388 3956 ἄγοντες
2420 3889 2544 3951 τοὺς
2566 3887 2770 3940 δώδεκα
2799 3885 2993 3958 μῆνας,
3026 3885 3322 3954 ἐπάγουσιν
3353 3887 3456 3939 ἀνὰ
3486 3887 3587 3938 πᾶν
3610 3884 3700 3943 ἔτος

2170 3977 2328 4032 πέντε
2355 3978 2566 4050 ἡμέρας
2598 3977 2770 4049 παρὲξ
2790 3976 2882 4030 τοῦ
2915 3975 3148 4047 ἀριθμοῦ
3166 3993 3180 4007 ⁶
3214 3976 3308 4031 καί
3339 3993 3466 4044 σφιν
3489 3976 3516 4028 ὁ
3542 3973 3702 4032 κύκλος

2169 4066 2276 4121 τῶν
2319 4067 2504 4139 ὡρέων
2535 4069 2615 4129 είς
2650 4065 2812 4119 ταυτδ
2859 4065 3080 4136 περιιὼν
3119 4066 3502 4138 παραγίνεται.
3538 4084 3556 4117 ι
3585 4065 3637 4118 Εί
3661 4061 3702 4113 δὲ

2171 4159 2358 4229 Νομᾶς
2397 4161 2494 4229 μὲν
2538 4159 2710 4211 εἰκοσι
2747 4159 2838 4212 καὶ
2878 4157 3020 4211 δυοῖν
3053 4158 3281 4231 ἡμερῶν
3311 4158 3407 4213 τὸν
3449 4158 3700 4228 ἐμϐόλιμον

2171 4246 2378 4312 ἔταξεν,
2431 4248 2712 4319 Ἡρόδοτος
2751 4247 2807 4300 δὲ
2855 4247 3324 4318 τριακονθήμερον
3373 4247 3698 4319 καταριθμεῖ·

2171 4338 2325 4394 οὐθὲν
2367 4340 2516 4392 τουτὶ
2561 4339 2698 4411 πρὸς
2738 4339 2828 4417 τὸν
2860 4337 2953 4392 νῦν
2983 4338 3159 4405 λόγον.
3205 4338 3346 4394 Ἀλλ’
3382 4340 3556 4394 έκεῖνο
3578 4338 3698 4407 δῆλον

2173 4433 2281 4485 κάκ
2301 4431 2521 4497 τούτων,
2556 4432 2631 4496 ὼς
2672 4431 2935 4500 Ἀθηναῖοι
2976 4429 3248 4503 χρώμενοι
3283 4432 3560 4505 ἐμϐολίμῳ
3579 4441 3701 4499 apos-

503 4529 971 4584 intercalationem
1004 4527 1240 4582 duorum
1282 4535 1335 4582 et
1365 4526 1558 4597 viginti
1591 4525 1804 4580 dierum
1849 4524 2063 4579 ordina-

2175 4525 2508 4596 ανεπλὴρουν
2541 4525 2603 4578 τὸ
2640 4525 2880 4578 ἐλλεῖπον
2914 4523 3050 4595 πρὸς
3075 4525 3177 4595 τὴν
3205 4523 3336 4596 ὅλην
3366 4503 3601 4596 περίοδον
3629 4514 3699 4571 τοῦ

503 4621 607 4686 vit;
644 4619 949 4676 Herodotus
977 4635 1105 4675 vero
1133 4619 1360 4690 triginta
1391 4619 1601 4673 dierum
1642 4624 1909 4681 recenset,
1935 4617 2072 4671 nihil

2177 4616 2326 4688 ἡλίου
2351 4615 2458 4669 τῶν
2485 4615 2642 4687 ὡρῶν
2681 4617 2860 4670 ἕνεκα.

503 4710 607 4766 hoc
645 4711 712 4766 ad
739 4711 1189 4782 disceptationem
1235 4720 1577 4781 praesentem.
1616 4707 1816 4764 Verum
1866 4725 1933 4764 ex
1980 4709 2067 4764 his
2106 4708 2268 4764 datur
2326 4709 2462 4764 illud
2491 4708 2741 4780 intelligi,
2770 4707 3134 4763 Athenienses
3171 4722 3366 4764 mense
3401 4702 3701 4764 intercalario

504 4811 718 4860 utentes
747 4804 875 4859 anni
901 4806 986 4860 sui
1009 4803 1283 4859 defectum
1312 4801 1745 4872 supplevisse,ut
1766 4809 2073 4871 temporum
2103 4801 2240 4857 ratio
2269 4801 2487 4857 facilius
2510 4801 2641 4857 solis
2664 4801 2843 4855 itineri
2877 4806 3224 4871 congrueret.

1154 4895 1229 4949 De
1259 4911 1419 4949 anno.

569 4987 660 5042 IX.
692 4985 948 5040 Bil'ariam
968 5001 1096 5057 ergo
1117 5001 1324 5039 annum
1351 4983 1774 5040 considerabant
1797 5021 1812 5046 ,
1861 4989 1920 5036 ut
1970 4981 2068 5052 qui

505 5078 702 5148 partim
732 5093 761 5130 a
786 5078 899 5132 sole
917 5079 1176 5132 trecentis
1199 5077 1483 5147 sexaginta
1505 5075 1696 5130 diebus
1721 5075 2064 5137 deﬁniretur,

507 5179 726 5240 propter
755 5168 1049 5222 sectionem
1085 5169 1294 5238 obliqui
1330 5166 1579 5238 signiferi
1606 5167 1659 5219 in
1694 5166 1918 5218 totidem
1949 5178 2073 5233 gra-

507 5261 630 5315 dus.
665 5259 730 5314 Et
755 5261 916 5328 hujus
944 5266 1088 5315 certe
1117 5262 1365 5330 quintam
1399 5267 1608 5330 partem
1635 5257 1961 5312 Aristoteles
1988 5256 2071 5310 di-

505 5352 583 5405 c‘it
604 5366 726 5406 esse
751 5351 889 5404 duos
921 5358 975 5404 et
1029 5353 1370 5423 septuaginta
1405 5351 1561 5407 dies:
1625 5351 1821 5421 partim
1869 5363 1897 5402 a
1945 5348 2070 5401 luna

507 5443 700 5496 diebus
751 5451 984 5510 quatuor
1025 5450 1079 5496 et
1124 5443 1522 5512 quinquaginta
1576 5455 1741 5510 supra
1776 5447 2070 5493 trecentos.

509 5529 710 5585 Eadem
747 5530 912 5585 etiam
947 5531 1155 5586 ratione
1185 5532 1470 5587 mensibus
1501 5530 1698 5599 partim
1749 5529 1815 5583 ad
1868 5529 2074 5591 solem,

509 5622 706 5691 partim
757 5621 825 5675 ad
868 5621 1048 5677 lunam
1087 5621 1356 5684 deductis,
1398 5621 1625 5692 aliisque
1652 5621 1809 5677 annis
1839 5620 1956 5676 dies
1985 5621 2076 5674 tri-

511 5711 659 5782 ginta
714 5711 1070 5784 adjiciebant;
1134 5714 1258 5770 aliis
1301 5713 1538 5784 quinque
1571 5730 1584 5768 :
1622 5720 1685 5787 et
1718 5713 1766 5768 si
1795 5713 1925 5783 quid
1960 5727 2075 5768 am-

2721 4892 2860 4962 Περί
2891 4890 3197 4946 ἐνιαυτοῦ.

2244 4981 2321 5038 Θ¹.
2351 4981 2521 5053 Διχῶς
2544 4976 2637 5036 οὖν
2667 4981 2928 5054 ἐθεώρουν
2953 4981 3044 5034 τὸν
3070 4979 3336 5044 ἐνιαυτὸν,
3367 4975 3478 5033 οἷον
3506 4977 3588 5032 τὸν
3625 4971 3696 5043 μὲν

2179 5073 2440 5142 ἑξήκοντα
2486 5074 2580 5126 καὶ
2628 5074 2962 5145 τριακοσίαις
3011 5072 3249 5143 ἡμέραις
3299 5071 3600 5142 ὁριζόμενον
3644 5060 3700 5127 τῷ

2178 5165 2332 5236 ἡλίῳ,
2373 5166 2462 5220 διὰ
2509 5167 2604 5236 τὴν
2651 5167 2730 5228 είς
2768 5164 3030 5226 τοσαύτας
3075 5164 3270 5234 μοίρας
3312 5160 3611 5232 κατατομὴν
3634 5149 3699 5207 τοῦ

2177 5256 2329 5321 λοξοῦ
2349 5274 2362 5286 ·
2407 5257 2501 5310 καὶ
2544 5255 2728 5309 τούτου
2772 5255 2835 5325 δὴ
2881 5255 3044 5324 μέρος
3090 5253 3342 5323 πέμπτον
3380 5247 3700 5324 Ἀριστοτέλης

2180 5343 2317 5399 εἷναί
2345 5363 2506 5418 φησιν
2534 5346 2743 5417 ἡμέρας
2767 5345 3130 5416 ἑϐδομήκοντα
3158 5343 3252 5395 καὶ
3283 5343 3408 5397 δύο·
3434 5343 3521 5398 τὸν
3544 5340 3595 5394 δὲ
3617 5335 3700 5387 τέτο

2181 5455 2340 5509 ταρσι
2385 5439 2481 5491 καὶ
2530 5439 2862 5508 πεντήκοντα
2904 5435 2997 5489 καὶ
3039 5434 3383 5506 τριακοσίαις
3430 5437 3493 5506 τῇ
3526 5431 3697 5498 σελήνῃο

2195 5529 2477 5598 Ἀνάλογον
2502 5529 2559 5582 δὲ
2603 5529 2699 5583 καὶ
2745 5529 2870 5589 τοὺς
2913 5527 3086 5597 μῆνας
3128 5523 3287 5597 ἦγον,
3319 5529 3444 5592 τοὺς
3483 5525 3570 5594 μὲν
3597 5512 3698 5572 κοτὲ

2181 5619 2273 5673 τὸν
2298 5619 2468 5689 ἥλιον,
2497 5618 2622 5681 τοὺς
2659 5616 2714 5669 δὲ
2755 5613 2894 5669 κατὰ
2919 5613 3020 5684 τὴν
3067 5613 3298 5684 σελήνην
3319 5627 3336 5642 ο
3366 5605 3634 5664 ἐπέϐαλλόν
3656 5610 3696 5648 τε

2184 5715 2293 5776 τοῖς
2323 5711 2420 5782 μὲν
2448 5711 2732 5782 τριάκοντα
2754 5707 2984 5779 ἡμέρας,
3013 5707 3126 5770 τοῖς
3157 5704 3216 5760 δὲ
3249 5704 3434 5772 πέντε,
3461 5701 3550 5759 καὶ
3570 5696 3695 5754 ιίνω
