  <div class='ocr_page' id='page_1' title='image "/cluster/home/n/w/nwhite01/storage/ocr_20150623/19/hvd.32044011362951/602.png"; bbox 0 0 3800 6326; ppageno 0'>
   <div class='ocr_carea' id='block_1_1' title="bbox 83 319 209 377">
    <p class='ocr_par' dir='ltr' id='par_1_1' title="bbox 83 319 209 377">
     <span class='ocr_line' id='line_1_1' title="bbox 83 319 209 377; baseline 0.016 -2"><span class='ocrx_word' id='word_1_1' title='bbox 83 319 209 377; x_wconf 71' lang='lat'><strong>“89</strong></span> 
     </span>
    </p>
   </div>
   <div class='ocr_carea' id='block_1_2' title="bbox 991 301 2361 366">
    <p class='ocr_par' dir='ltr' id='par_1_2' title="bbox 991 301 2361 366">
     <span class='ocr_line' id='line_1_2' title="bbox 991 301 2361 366; baseline -0.005 -1"><span class='ocrx_word' id='word_1_2' title='bbox 991 307 1340 366; x_wconf 78' lang='lat' dir='ltr'><strong>TllEODORI</strong></span> <span class='ocrx_word' id='word_1_3' title='bbox 1372 305 1581 365; x_wconf 73' lang='grc' dir='ltr'>ϐΑῑιΕ</span> <span class='ocrx_word' id='word_1_4' title='bbox 1622 303 1827 361; x_wconf 77' lang='lat' dir='ltr'><strong>LIBER</strong></span> <span class='ocrx_word' id='word_1_5' title='bbox 1868 301 1954 356; x_wconf 84' lang='lat' dir='ltr'><strong>DE</strong></span> <span class='ocrx_word' id='word_1_6' title='bbox 1993 301 2361 358; x_wconf 78' lang='lat' dir='ltr'><strong>MENSIBUS.</strong></span> 
     </span>
    </p>
   </div>
   <div class='ocr_carea' id='block_1_3' title="bbox 3176 315 3312 363">
    <p class='ocr_par' dir='ltr' id='par_1_3' title="bbox 3176 315 3312 363">
     <span class='ocr_line' id='line_1_3' title="bbox 3176 315 3312 363; baseline 0.029 -4"><span class='ocrx_word' id='word_1_7' title='bbox 3176 315 3312 363; x_wconf 70' lang='lat' dir='ltr'><strong>i190</strong></span> 
     </span>
    </p>
   </div>
   <div class='ocr_carea' id='block_1_4' title="bbox 83 421 1655 503">
    <p class='ocr_par' dir='ltr' id='par_1_4' title="bbox 83 427 1649 503">
     <span class='ocr_line' id='line_1_4' title="bbox 83 427 1649 503; baseline -0.007 -12"><span class='ocrx_word' id='word_1_8' title='bbox 83 436 324 499; x_wconf 78' lang='grc' dir='ltr'>πλείονος</span> <span class='ocrx_word' id='word_1_9' title='bbox 371 433 480 487; x_wconf 86' lang='grc' dir='ltr'>δέοι</span> <span class='ocrx_word' id='word_1_10' title='bbox 510 432 598 488; x_wconf 79' lang='grc' dir='ltr'>διὰ</span> <span class='ocrx_word' id='word_1_11' title='bbox 635 431 895 503; x_wconf 75' lang='grc' dir='ltr'>’τετάρτου</span> <span class='ocrx_word' id='word_1_12' title='bbox 928 430 1195 484; x_wconf 86' lang='grc' dir='ltr'>ἐνιαυτοῦ.</span> <span class='ocrx_word' id='word_1_13' title='bbox 1221 429 1301 482; x_wconf 85' lang='grc' dir='ltr'><strong>Τὰ</strong></span> <span class='ocrx_word' id='word_1_14' title='bbox 1324 429 1368 482; x_wconf 78' lang='grc' dir='ltr'>δ’</span> <span class='ocrx_word' id='word_1_15' title='bbox 1398 429 1506 500; x_wconf 78' lang='grc' dir='ltr'><strong>ἀρα</strong></span> <span class='ocrx_word' id='word_1_16' title='bbox 1533 427 1649 498; x_wconf 83' lang='grc' dir='ltr'>βοή-</span> 
     </span>
    </p>
   </div>
   <div class='ocr_carea' id='block_1_5' title="bbox 1758 421 3314 503">
    <p class='ocr_par' dir='ltr' id='par_1_5' title="bbox 1758 421 3314 494">
     <span class='ocr_line' id='line_1_5' title="bbox 1758 421 3314 494; baseline 0.003 -18"><span class='ocrx_word' id='word_1_17' title='bbox 1758 423 1894 494; x_wconf 90' lang='lat' dir='ltr'><strong>plius</strong></span> <span class='ocrx_word' id='word_1_18' title='bbox 1921 437 2059 493; x_wconf 89' lang='lat' dir='ltr'><strong>opus</strong></span> <span class='ocrx_word' id='word_1_19' title='bbox 2081 433 2215 489; x_wconf 89' lang='lat' dir='ltr'><strong>erat,</strong></span> <span class='ocrx_word' id='word_1_20' title='bbox 2248 429 2446 492; x_wconf 89' lang='lat' dir='ltr'><strong>quarto</strong></span> <span class='ocrx_word' id='word_1_21' title='bbox 2468 436 2684 492; x_wconf 87' lang='lat' dir='ltr'><strong>quoque</strong></span> <span class='ocrx_word' id='word_1_22' title='bbox 2706 436 2870 476; x_wconf 82' lang='lat' dir='ltr'><strong>anno.</strong></span> <span class='ocrx_word' id='word_1_23' title='bbox 2905 421 3135 494; x_wconf 75' lang='lat' dir='ltr'><strong>Haecque</strong></span> <span class='ocrx_word' id='word_1_24' title='bbox 3157 436 3314 480; x_wconf 89' lang='lat' dir='ltr'><strong>erant</strong></span> 
     </span>
    </p>
   </div>
   <div class='ocr_carea' id='block_1_6' title="bbox 82 521 1652 597">
    <p class='ocr_par' dir='ltr' id='par_1_6' title="bbox 82 521 1652 597">
     <span class='ocr_line' id='line_1_6' title="bbox 82 521 1652 597; baseline -0.007 -15"><span class='ocrx_word' id='word_1_25' title='bbox 82 528 194 582; x_wconf 83' lang='grc' dir='ltr'>θεια</span> <span class='ocrx_word' id='word_1_26' title='bbox 221 521 313 597; x_wconf 77' lang='grc' dir='ltr'>ἦν,</span> <span class='ocrx_word' id='word_1_27' title='bbox 344 524 679 578; x_wconf 79' lang='grc' dir='ltr'><strong>διατείνουσα</strong></span> <span class='ocrx_word' id='word_1_28' title='bbox 709 525 805 594; x_wconf 84' lang='grc' dir='ltr'>μὲν</span> <span class='ocrx_word' id='word_1_29' title='bbox 830 523 891 576; x_wconf 83' lang='grc' dir='ltr'>οὐ</span> <span class='ocrx_word' id='word_1_30' title='bbox 914 524 1120 595; x_wconf 72' lang='grc' dir='ltr'>πόρρω,</span> <span class='ocrx_word' id='word_1_31' title='bbox 1155 522 1312 594; x_wconf 82' lang='grc' dir='ltr'>ἱκανὴ</span> <span class='ocrx_word' id='word_1_32' title='bbox 1349 521 1530 591; x_wconf 87' lang='grc' dir='ltr'>μέντοι</span> <span class='ocrx_word' id='word_1_33' title='bbox 1573 521 1652 582; x_wconf 79' lang='grc' dir='ltr'>εἰς</span> 
     </span>
    </p>
   </div>
   <div class='ocr_carea' id='block_1_7' title="bbox 83 612 1653 685">
    <p class='ocr_par' dir='ltr' id='par_1_7' title="bbox 83 612 1653 685">
     <span class='ocr_line' id='line_1_7' title="bbox 83 612 1653 685; baseline -0.004 -15"><span class='ocrx_word' id='word_1_34' title='bbox 83 619 139 670; x_wconf 82' lang='grc' dir='ltr'>τὸ</span> <span class='ocrx_word' id='word_1_35' title='bbox 167 616 298 670; x_wconf 79' lang='grc' dir='ltr'>αὐτὸ</span> <span class='ocrx_word' id='word_1_36' title='bbox 339 615 805 676; x_wconf 79' lang='grc' dir='ltr'><strong>ἀντικαθιστάναι,</strong></span> <span class='ocrx_word' id='word_1_37' title='bbox 852 614 946 667; x_wconf 72' lang='grc' dir='ltr'><strong>καὶ</strong></span> <span class='ocrx_word' id='word_1_38' title='bbox 981 613 1182 685; x_wconf 74' lang='grc' dir='ltr'>εἴργειν</span> <span class='ocrx_word' id='word_1_39' title='bbox 1225 615 1282 666; x_wconf 86' lang='grc' dir='ltr'><strong>ἐν</strong></span> <span class='ocrx_word' id='word_1_40' title='bbox 1317 615 1430 675; x_wconf 89' lang='grc' dir='ltr'>τοῖς</span> <span class='ocrx_word' id='word_1_41' title='bbox 1472 612 1653 676; x_wconf 74' lang='grc' dir='ltr'>αὐτοῖς</span> 
     </span>
    </p>
   </div>
   <div class='ocr_carea' id='block_1_8' title="bbox 83 702 1654 777">
    <p class='ocr_par' dir='ltr' id='par_1_8' title="bbox 83 702 1654 777">
     <span class='ocr_line' id='line_1_8' title="bbox 83 702 1654 777; baseline -0.004 -16"><span class='ocrx_word' id='word_1_42' title='bbox 83 723 180 761; x_wconf 67' lang='grc' dir='ltr'><strong>που</strong></span> <span class='ocrx_word' id='word_1_43' title='bbox 208 708 360 777; x_wconf 79' lang='grc' dir='ltr'>ὅροις</span> <span class='ocrx_word' id='word_1_44' title='bbox 392 705 519 767; x_wconf 80' lang='grc' dir='ltr'>τοὺς</span> <span class='ocrx_word' id='word_1_45' title='bbox 551 705 721 776; x_wconf 86' lang='grc' dir='ltr'>μῆνας</span> <span class='ocrx_word' id='word_1_46' title='bbox 743 721 755 732; x_wconf 84' lang='lat'><strong><em>°</em></strong></span> <span class='ocrx_word' id='word_1_47' title='bbox 787 705 922 774; x_wconf 80' lang='grc' dir='ltr'>ίαμά</span> <span class='ocrx_word' id='word_1_48' title='bbox 948 721 1005 756; x_wconf 90' lang='grc' dir='ltr'><strong>τε</strong></span> <span class='ocrx_word' id='word_1_49' title='bbox 1032 703 1130 773; x_wconf 91' lang='grc' dir='ltr'><strong>τῆς</strong></span> <span class='ocrx_word' id='word_1_50' title='bbox 1158 702 1467 774; x_wconf 78' lang='grc' dir='ltr'>ἀνωμαλίας</span> <span class='ocrx_word' id='word_1_51' title='bbox 1499 702 1654 770; x_wconf 79' lang='grc' dir='ltr'>ἐτύγ-</span> 
     </span>
    </p>
   </div>
   <div class='ocr_carea' id='block_1_9' title="bbox 81 793 1654 870">
    <p class='ocr_par' dir='ltr' id='par_1_9' title="bbox 81 793 1654 870">
     <span class='ocr_line' id='line_1_9' title="bbox 81 793 1654 870; baseline -0.005 -17"><span class='ocrx_word' id='word_1_52' title='bbox 81 816 236 870; x_wconf 85' lang='grc' dir='ltr'>χανεν</span> <span class='ocrx_word' id='word_1_53' title='bbox 262 799 347 861; x_wconf 81' lang='grc' dir='ltr'>ὃν,</span> <span class='ocrx_word' id='word_1_54' title='bbox 383 797 461 861; x_wconf 83' lang='grc' dir='ltr'><strong>ὡς</strong></span> <span class='ocrx_word' id='word_1_55' title='bbox 498 797 591 849; x_wconf 64' lang='grc' dir='ltr'>καὶ</span> <span class='ocrx_word' id='word_1_56' title='bbox 619 796 957 866; x_wconf 76' lang='grc' dir='ltr'>Πλούταρχος</span> <span class='ocrx_word' id='word_1_57' title='bbox 1005 795 1170 862; x_wconf 88' lang='grc' dir='ltr'>λέγει,</span> <span class='ocrx_word' id='word_1_58' title='bbox 1208 793 1463 865; x_wconf 76' lang='grc' dir='ltr'>μειζόνων</span> <span class='ocrx_word' id='word_1_59' title='bbox 1497 793 1654 862; x_wconf 77' lang='grc' dir='ltr'>ἰαμά-</span> 
     </span>
    </p>
   </div>
   <div class='ocr_carea' id='block_1_10' title="bbox 83 883 1654 960">
    <p class='ocr_par' dir='ltr' id='par_1_10' title="bbox 83 883 1654 960">
     <span class='ocr_line' id='line_1_10' title="bbox 83 883 1654 960; baseline -0.004 -18"><span class='ocrx_word' id='word_1_60' title='bbox 83 906 184 942; x_wconf 84' lang='grc' dir='ltr'><strong>των</strong></span> <span class='ocrx_word' id='word_1_61' title='bbox 214 887 508 960; x_wconf 84' lang='grc' dir='ltr'>δεήσεσθαι</span> <span class='ocrx_word' id='word_1_62' title='bbox 537 886 744 956; x_wconf 88' lang='grc' dir='ltr'>μέλλον.</span> <span class='ocrx_word' id='word_1_63' title='bbox 773 889 986 956; x_wconf 83' lang='grc' dir='ltr'>Καῖσαρ</span> <span class='ocrx_word' id='word_1_64' title='bbox 1019 883 1112 940; x_wconf 83' lang='grc' dir='ltr'>οὖν</span> <span class='ocrx_word' id='word_1_65' title='bbox 1157 888 1186 939; x_wconf 85' lang='grc' dir='ltr'>ὁ</span> <span class='ocrx_word' id='word_1_66' title='bbox 1213 884 1427 956; x_wconf 89' lang='grc' dir='ltr'>πρῶτος</span> <span class='ocrx_word' id='word_1_67' title='bbox 1457 901 1654 955; x_wconf 86' lang='grc' dir='ltr'>μοναρ-</span> 
     </span>
    </p>
   </div>
   <div class='ocr_carea' id='block_1_11' title="bbox 83 975 1652 1052">
    <p class='ocr_par' dir='ltr' id='par_1_11' title="bbox 83 975 1652 1052">
     <span class='ocr_line' id='line_1_11' title="bbox 83 975 1652 1052; baseline -0.003 -20"><span class='ocrx_word' id='word_1_68' title='bbox 83 983 248 1052; x_wconf 77' lang='grc' dir='ltr'>χήσας</span> <span class='ocrx_word' id='word_1_69' title='bbox 301 979 613 1048; x_wconf 88' lang='grc' dir='ltr'>Ῥωμαίων,</span> <span class='ocrx_word' id='word_1_70' title='bbox 655 981 768 1040; x_wconf 90' lang='grc' dir='ltr'>τοῖς</span> <span class='ocrx_word' id='word_1_71' title='bbox 809 978 1052 1048; x_wconf 81' lang='grc' dir='ltr'><strong>ἀρίστοις</strong></span> <span class='ocrx_word' id='word_1_72' title='bbox 1102 977 1208 1028; x_wconf 88' lang='grc' dir='ltr'><strong>τῶν</strong></span> <span class='ocrx_word' id='word_1_73' title='bbox 1260 975 1652 1046; x_wconf 83' lang='grc' dir='ltr'><strong>μαθηματικῶν</strong></span> 
     </span>
    </p>
   </div>
   <div class='ocr_carea' id='block_1_12' title="bbox 82 1065 1653 1140">
    <p class='ocr_par' dir='ltr' id='par_1_12' title="bbox 82 1065 1653 1140">
     <span class='ocr_line' id='line_1_12' title="bbox 82 1065 1653 1140; baseline -0.003 -19"><span class='ocrx_word' id='word_1_74' title='bbox 82 1071 377 1140; x_wconf 82' lang='grc' dir='ltr'>πρόϐλημα</span> <span class='ocrx_word' id='word_1_75' title='bbox 407 1069 535 1139; x_wconf 77' lang='grc' dir='ltr'>περὶ</span> <span class='ocrx_word' id='word_1_76' title='bbox 558 1067 745 1119; x_wconf 77' lang='grc' dir='ltr'>τούτου</span> <span class='ocrx_word' id='word_1_77' title='bbox 774 1066 1016 1137; x_wconf 76' lang='grc' dir='ltr'>προθεὶς,</span> <span class='ocrx_word' id='word_1_78' title='bbox 1056 1067 1118 1118; x_wconf 79' lang='grc' dir='ltr'><strong>ἐκ</strong></span> <span class='ocrx_word' id='word_1_79' title='bbox 1149 1065 1256 1118; x_wconf 88' lang='grc' dir='ltr'><strong>τῶν</strong></span> <span class='ocrx_word' id='word_1_80' title='bbox 1283 1065 1653 1136; x_wconf 83' lang='grc' dir='ltr'>ὑποκειμένων</span> 
     </span>
    </p>
   </div>
   <div class='ocr_carea' id='block_1_13' title="bbox 81 1155 1652 1232">
    <p class='ocr_par' dir='ltr' id='par_1_13' title="bbox 81 1155 1652 1232">
     <span class='ocr_line' id='line_1_13' title="bbox 81 1155 1652 1232; baseline -0.003 -20"><span class='ocrx_word' id='word_1_81' title='bbox 81 1159 178 1232; x_wconf 74' lang='grc' dir='ltr'><strong>ῆδη</strong></span> <span class='ocrx_word' id='word_1_82' title='bbox 227 1159 474 1230; x_wconf 84' lang='grc' dir='ltr'>μεθόδων</span> <span class='ocrx_word' id='word_1_83' title='bbox 525 1158 655 1211; x_wconf 75' lang='grc' dir='ltr'>ἰδίαν</span> <span class='ocrx_word' id='word_1_84' title='bbox 691 1157 811 1210; x_wconf 77' lang='grc' dir='ltr'>τινὰ</span> <span class='ocrx_word' id='word_1_85' title='bbox 851 1157 943 1209; x_wconf 75' lang='grc' dir='ltr'>καὶ</span> <span class='ocrx_word' id='word_1_86' title='bbox 990 1155 1420 1229; x_wconf 91' lang='grc' dir='ltr'>διηκριϐωμένην</span> <span class='ocrx_word' id='word_1_87' title='bbox 1456 1155 1652 1226; x_wconf 82' lang='grc' dir='ltr'>μᾶλλον</span> 
     </span>
    </p>
   </div>
   <div class='ocr_carea' id='block_1_14' title="bbox 82 1249 1651 1323">
    <p class='ocr_par' dir='ltr' id='par_1_14' title="bbox 82 1249 1651 1323">
     <span class='ocr_line' id='line_1_14' title="bbox 82 1249 1651 1323; baseline -0.001 -19"><span class='ocrx_word' id='word_1_88' title='bbox 82 1251 456 1323; x_wconf 72' lang='grc' dir='ltr'>ἐπανόρθωσιν</span> <span class='ocrx_word' id='word_1_89' title='bbox 509 1250 678 1321; x_wconf 73' lang='grc' dir='ltr'>ἔμιξε.</span> <span class='ocrx_word' id='word_1_90' title='bbox 736 1249 960 1302; x_wconf 88' lang='grc' dir='ltr'>Δοκοῦσι</span> <span class='ocrx_word' id='word_1_91' title='bbox 1015 1249 1059 1302; x_wconf 86' lang='grc' dir='ltr'>δ’</span> <span class='ocrx_word' id='word_1_92' title='bbox 1112 1249 1396 1318; x_wconf 80' lang='grc' dir='ltr'>Αἰγύπτιοι</span> <span class='ocrx_word' id='word_1_93' title='bbox 1448 1249 1651 1320; x_wconf 87' lang='grc' dir='ltr'>πρῶτοι</span> 
     </span>
    </p>
   </div>
   <div class='ocr_carea' id='block_1_15' title="bbox 84 1341 1649 1414">
    <p class='ocr_par' dir='ltr' id='par_1_15' title="bbox 84 1341 1649 1414">
     <span class='ocr_line' id='line_1_15' title="bbox 84 1341 1649 1414; baseline -0.003 -17"><span class='ocrx_word' id='word_1_94' title='bbox 84 1344 216 1414; x_wconf 73' lang='grc' dir='ltr'>μησὶ</span> <span class='ocrx_word' id='word_1_95' title='bbox 245 1343 561 1414; x_wconf 82' lang='grc' dir='ltr'>χρήσασθαι</span> <span class='ocrx_word' id='word_1_96' title='bbox 591 1342 711 1396; x_wconf 86' lang='grc' dir='ltr'>καθ’</span> <span class='ocrx_word' id='word_1_97' title='bbox 743 1341 892 1412; x_wconf 77' lang='grc' dir='ltr'>ἥλιον</span> <span class='ocrx_word' id='word_1_98' title='bbox 921 1342 1400 1413; x_wconf 85' lang='grc' dir='ltr'>τριακονθημέροις</span> <span class='ocrx_word' id='word_1_99' title='bbox 1425 1341 1649 1405; x_wconf 80' lang='grc' dir='ltr'>δώδεκα,</span> 
     </span>
    </p>
   </div>
   <div class='ocr_carea' id='block_1_16' title="bbox 81 1435 1650 1506">
    <p class='ocr_par' dir='ltr' id='par_1_16' title="bbox 81 1435 1650 1506">
     <span class='ocr_line' id='line_1_16' title="bbox 81 1435 1650 1506; baseline -0.001 -18"><span class='ocrx_word' id='word_1_100' title='bbox 81 1438 173 1489; x_wconf 77' lang='grc' dir='ltr'>καὶ</span> <span class='ocrx_word' id='word_1_101' title='bbox 201 1436 369 1488; x_wconf 80' lang='grc' dir='ltr'>πέντε</span> <span class='ocrx_word' id='word_1_102' title='bbox 403 1436 614 1506; x_wconf 81' lang='grc' dir='ltr'>ἡμέρας</span> <span class='ocrx_word' id='word_1_103' title='bbox 648 1437 943 1505; x_wconf 79' lang='grc' dir='ltr'>ἐπαγαγεῖν</span> <span class='ocrx_word' id='word_1_104' title='bbox 972 1439 1090 1491; x_wconf 86' lang='grc' dir='ltr'>κατ’</span> <span class='ocrx_word' id='word_1_105' title='bbox 1117 1437 1358 1490; x_wconf 65' lang='grc' dir='ltr'>ἐνιαυτὸν</span> <span class='ocrx_word' id='word_1_106' title='bbox 1392 1435 1650 1487; x_wconf 70' lang='grc' dir='ltr'>ἕκαστον*</span> 
     </span>
    </p>
   </div>
   <div class='ocr_carea' id='block_1_17' title="bbox 79 1526 1652 1599">
    <p class='ocr_par' dir='ltr' id='par_1_17' title="bbox 79 1526 1652 1599">
     <span class='ocr_line' id='line_1_17' title="bbox 79 1526 1652 1599; baseline -0.003 -18"><span class='ocrx_word' id='word_1_107' title='bbox 79 1529 139 1581; x_wconf 86' lang='grc' dir='ltr'><strong>τό</strong></span> <span class='ocrx_word' id='word_1_108' title='bbox 168 1544 230 1580; x_wconf 84' lang='grc' dir='ltr'><strong>τε</strong></span> <span class='ocrx_word' id='word_1_109' title='bbox 263 1527 552 1598; x_wconf 85' lang='grc' dir='ltr'>ἐπιτρέχον</span> <span class='ocrx_word' id='word_1_110' title='bbox 586 1528 769 1599; x_wconf 86' lang='grc' dir='ltr'>μόριον</span> <span class='ocrx_word' id='word_1_111' title='bbox 802 1529 899 1599; x_wconf 84' lang='grc' dir='ltr'><strong>τῆς</strong></span> <span class='ocrx_word' id='word_1_112' title='bbox 941 1527 1152 1599; x_wconf 80' lang='grc' dir='ltr'>ἡμέρας</span> <span class='ocrx_word' id='word_1_113' title='bbox 1189 1529 1267 1590; x_wconf 86' lang='grc' dir='ltr'><strong>εἰς</strong></span> <span class='ocrx_word' id='word_1_114' title='bbox 1311 1526 1652 1597; x_wconf 76' lang='grc' dir='ltr'>ἐκπλήρωσιν</span> 
     </span>
    </p>
   </div>
   <div class='ocr_carea' id='block_1_18' title="bbox 79 1615 1651 1688">
    <p class='ocr_par' dir='ltr' id='par_1_18' title="bbox 79 1615 1651 1688">
     <span class='ocr_line' id='line_1_18' title="bbox 79 1615 1651 1688; baseline -0.001 -18"><span class='ocrx_word' id='word_1_115' title='bbox 79 1616 170 1672; x_wconf 85' lang='grc' dir='ltr'><strong>τοῦ</strong></span> <span class='ocrx_word' id='word_1_116' title='bbox 204 1618 327 1671; x_wconf 83' lang='grc' dir='ltr'>ὅλου</span> <span class='ocrx_word' id='word_1_117' title='bbox 360 1617 606 1670; x_wconf 74' lang='grc' dir='ltr'>ἐνιαυτοῦ</span> <span class='ocrx_word' id='word_1_118' title='bbox 649 1620 711 1670; x_wconf 81' lang='grc' dir='ltr'>ὲκ</span> <span class='ocrx_word' id='word_1_119' title='bbox 745 1617 1004 1688; x_wconf 79' lang='grc' dir='ltr'>περιόδων</span> <span class='ocrx_word' id='word_1_120' title='bbox 1047 1617 1302 1669; x_wconf 87' lang='grc' dir='ltr'>πλειόνων</span> <span class='ocrx_word' id='word_1_121' title='bbox 1341 1615 1475 1669; x_wconf 86' lang='grc' dir='ltr'>ἐτῶν</span> <span class='ocrx_word' id='word_1_122' title='bbox 1515 1617 1651 1668; x_wconf 88' lang='grc' dir='ltr'>ἀπο-</span> 
     </span>
    </p>
   </div>
   <div class='ocr_carea' id='block_1_19' title="bbox 75 1707 1650 1780">
    <p class='ocr_par' dir='ltr' id='par_1_19' title="bbox 75 1707 1650 1780">
     <span class='ocr_line' id='line_1_19' title="bbox 75 1707 1650 1780; baseline -0.003 -16"><span class='ocrx_word' id='word_1_123' title='bbox 75 1708 355 1772; x_wconf 85' lang='grc' dir='ltr'>λαϐόντες,</span> <span class='ocrx_word' id='word_1_124' title='bbox 391 1707 674 1763; x_wconf 83' lang='grc' dir='ltr'>συνθέσθαι</span> <span class='ocrx_word' id='word_1_125' title='bbox 724 1708 848 1779; x_wconf 87' lang='grc' dir='ltr'>μίαν</span> <span class='ocrx_word' id='word_1_126' title='bbox 884 1709 1114 1780; x_wconf 73' lang='grc' dir='ltr'>ἡμέραν.</span> <span class='ocrx_word' id='word_1_127' title='bbox 1152 1707 1410 1779; x_wconf 82' lang='grc' dir='ltr'>Ἕλληνες</span> <span class='ocrx_word' id='word_1_128' title='bbox 1435 1708 1491 1760; x_wconf 79' lang='grc' dir='ltr'>δὲ</span> <span class='ocrx_word' id='word_1_129' title='bbox 1521 1707 1650 1778; x_wconf 78' lang='grc' dir='ltr'>παρ’</span> 
     </span>
    </p>
   </div>
   <div class='ocr_carea' id='block_1_20' title="bbox 1751 513 3314 584">
    <p class='ocr_par' dir='ltr' id='par_1_20' title="bbox 1751 513 3314 584">
     <span class='ocr_line' id='line_1_20' title="bbox 1751 513 3314 584; baseline 0.003 -18"><span class='ocrx_word' id='word_1_130' title='bbox 1751 513 2016 577; x_wconf 86' lang='lat' dir='ltr'><strong>subsidia,</strong></span> <span class='ocrx_word' id='word_1_131' title='bbox 2061 527 2182 582; x_wconf 65' lang='lat' dir='ltr'><strong>quae</strong></span> <span class='ocrx_word' id='word_1_132' title='bbox 2221 529 2329 567; x_wconf 84' lang='lat' dir='ltr'><strong>non</strong></span> <span class='ocrx_word' id='word_1_133' title='bbox 2375 513 2538 569; x_wconf 98' lang='lat' dir='ltr'><strong>latius</strong></span> <span class='ocrx_word' id='word_1_134' title='bbox 2567 513 2784 584; x_wconf 81' lang='lat' dir='ltr'><strong>quidem</strong></span> <span class='ocrx_word' id='word_1_135' title='bbox 2834 521 3113 583; x_wconf 88' lang='lat' dir='ltr'><strong>paterent,</strong></span> <span class='ocrx_word' id='word_1_136' title='bbox 3166 515 3314 571; x_wconf 69' lang='grc' dir='ltr'><strong>δυω-</strong></span> 
     </span>
    </p>
   </div>
   <div class='ocr_carea' id='block_1_21' title="bbox 1752 605 3315 669">
    <p class='ocr_par' dir='ltr' id='par_1_21' title="bbox 1752 605 3315 669">
     <span class='ocr_line' id='line_1_21' title="bbox 1752 605 3315 669; baseline 0.004 -11"><span class='ocrx_word' id='word_1_137' title='bbox 1752 605 1948 658; x_wconf 92' lang='lat' dir='ltr'><strong>cientia</strong></span> <span class='ocrx_word' id='word_1_138' title='bbox 1980 611 2161 660; x_wconf 91' lang='lat' dir='ltr'><strong>tamen</strong></span> <span class='ocrx_word' id='word_1_139' title='bbox 2190 606 2477 661; x_wconf 89' lang='lat' dir='ltr'><strong>restitttere</strong></span> <span class='ocrx_word' id='word_1_140' title='bbox 2508 621 2722 661; x_wconf 87' lang='lat' dir='ltr'><strong>menses</strong></span> <span class='ocrx_word' id='word_1_141' title='bbox 2751 607 2875 669; x_wconf 84' lang='lat' dir='ltr'><strong>sibi,</strong></span> <span class='ocrx_word' id='word_1_142' title='bbox 2905 615 2958 662; x_wconf 93' lang='lat' dir='ltr'><strong>et</strong></span> <span class='ocrx_word' id='word_1_143' title='bbox 2987 608 3175 662; x_wconf 86' lang='lat' dir='ltr'><strong>iisdem</strong></span> <span class='ocrx_word' id='word_1_144' title='bbox 3201 611 3315 665; x_wconf 87' lang='lat' dir='ltr'><strong>fere</strong></span> 
     </span>
    </p>
   </div>
   <div class='ocr_carea' id='block_1_22' title="bbox 1751 695 3310 766">
    <p class='ocr_par' dir='ltr' id='par_1_22' title="bbox 1751 695 3310 766">
     <span class='ocr_line' id='line_1_22' title="bbox 1751 695 3310 766; baseline 0.004 -18"><span class='ocrx_word' id='word_1_145' title='bbox 1751 695 1950 750; x_wconf 84' lang='lat' dir='ltr'><strong>finibus</strong></span> <span class='ocrx_word' id='word_1_146' title='bbox 1982 710 2078 749; x_wconf 90' lang='lat' dir='ltr'><strong>eos</strong></span> <span class='ocrx_word' id='word_1_147' title='bbox 2110 710 2397 760; x_wconf 85' lang='lat' dir='ltr'><strong>coercere;</strong></span> <span class='ocrx_word' id='word_1_148' title='bbox 2436 711 2607 766; x_wconf 90' lang='lat' dir='ltr'><strong>eaque</strong></span> <span class='ocrx_word' id='word_1_149' title='bbox 2641 696 3031 766; x_wconf 67' lang='lat' dir='ltr'><strong>inzequalltatis</strong></span> <span class='ocrx_word' id='word_1_150' title='bbox 3053 699 3271 754; x_wconf 85' lang='lat' dir='ltr'><strong>curatio</strong></span> <span class='ocrx_word' id='word_1_151' title='bbox 3295 737 3310 764; x_wconf 91' lang='lat'><strong>,</strong></span> 
     </span>
    </p>
   </div>
   <div class='ocr_carea' id='block_1_23' title="bbox 1750 787 3311 859">
    <p class='ocr_par' dir='ltr' id='par_1_23' title="bbox 1750 787 3311 859">
     <span class='ocr_line' id='line_1_23' title="bbox 1750 787 3311 859; baseline 0.004 -19"><span class='ocrx_word' id='word_1_152' title='bbox 1750 794 1810 840; x_wconf 93' lang='lat' dir='ltr'><strong>ut</strong></span> <span class='ocrx_word' id='word_1_153' title='bbox 1861 787 2161 856; x_wconf 84' lang='lat' dir='ltr'><strong>majoribus</strong></span> <span class='ocrx_word' id='word_1_154' title='bbox 2217 789 2345 842; x_wconf 91' lang='lat' dir='ltr'><strong>olim</strong></span> <span class='ocrx_word' id='word_1_155' title='bbox 2404 788 2658 843; x_wconf 87' lang='lat' dir='ltr'><strong>remediis</strong></span> <span class='ocrx_word' id='word_1_156' title='bbox 2707 787 3017 859; x_wconf 79' lang='lat' dir='ltr'><strong>indigeret,</strong></span> <span class='ocrx_word' id='word_1_157' title='bbox 3069 791 3311 846; x_wconf 89' lang='lat' dir='ltr'><strong>futurum</strong></span> 
     </span>
    </p>
   </div>
   <div class='ocr_carea' id='block_1_24' title="bbox 1749 880 3312 949">
    <p class='ocr_par' dir='ltr' id='par_1_24' title="bbox 1749 880 3312 949">
     <span class='ocr_line' id='line_1_24' title="bbox 1749 880 3312 949; baseline 0.003 -14"><span class='ocrx_word' id='word_1_158' title='bbox 1749 886 1888 944; x_wconf 89' lang='lat' dir='ltr'><strong>erat,</strong></span> <span class='ocrx_word' id='word_1_159' title='bbox 1922 880 2377 949; x_wconf 86' lang='lat' dir='ltr'><strong>quemadmodum</strong></span> <span class='ocrx_word' id='word_1_160' title='bbox 2409 880 2573 936; x_wconf 80' lang='lat' dir='ltr'><strong>refert</strong></span> <span class='ocrx_word' id='word_1_161' title='bbox 2604 880 2952 936; x_wconf 85' lang='lat' dir='ltr'><strong>Plutarchus.</strong></span> <span class='ocrx_word' id='word_1_162' title='bbox 2996 883 3180 939; x_wconf 63' lang='lat' dir='ltr'><strong>Ctesar</strong></span> <span class='ocrx_word' id='word_1_163' title='bbox 3211 886 3312 938; x_wconf 86' lang='lat' dir='ltr'><strong>ita-</strong></span> 
     </span>
    </p>
   </div>
   <div class='ocr_carea' id='block_1_25' title="bbox 1750 973 3312 1045">
    <p class='ocr_par' dir='ltr' id='par_1_25' title="bbox 1750 973 3312 1045">
     <span class='ocr_line' id='line_1_25' title="bbox 1750 973 3312 1045; baseline 0.004 -20"><span class='ocrx_word' id='word_1_164' title='bbox 1750 985 1878 1041; x_wconf 85' lang='lat' dir='ltr'><strong>que,</strong></span> <span class='ocrx_word' id='word_1_165' title='bbox 1916 973 1964 1026; x_wconf 90' lang='lat' dir='ltr'><strong>is</strong></span> <span class='ocrx_word' id='word_1_166' title='bbox 1999 973 2093 1040; x_wconf 88' lang='lat' dir='ltr'><strong>qui</strong></span> <span class='ocrx_word' id='word_1_167' title='bbox 2143 973 2352 1041; x_wconf 91' lang='lat' dir='ltr'><strong>primus</strong></span> <span class='ocrx_word' id='word_1_168' title='bbox 2403 973 2688 1042; x_wconf 91' lang='lat' dir='ltr'><strong>imperium</strong></span> <span class='ocrx_word' id='word_1_169' title='bbox 2736 975 2936 1030; x_wconf 77' lang='lat' dir='ltr'><strong>invasit</strong></span> <span class='ocrx_word' id='word_1_170' title='bbox 2966 984 3019 1030; x_wconf 90' lang='lat' dir='ltr'><strong>et</strong></span> <span class='ocrx_word' id='word_1_171' title='bbox 3050 977 3117 1030; x_wconf 93' lang='lat' dir='ltr'><strong>ad</strong></span> <span class='ocrx_word' id='word_1_172' title='bbox 3151 977 3312 1045; x_wconf 80' lang='lat' dir='ltr'><strong>cujus</strong></span> 
     </span>
    </p>
   </div>
   <div class='ocr_carea' id='block_1_26' title="bbox 1751 1062 3310 1139">
    <p class='ocr_par' dir='ltr' id='par_1_26' title="bbox 1751 1062 3310 1139">
     <span class='ocr_line' id='line_1_26' title="bbox 1751 1062 3310 1139; baseline 0.005 -23"><span class='ocrx_word' id='word_1_173' title='bbox 1751 1064 1914 1118; x_wconf 89' lang='lat' dir='ltr'><strong>unius</strong></span> <span class='ocrx_word' id='word_1_174' title='bbox 1944 1063 2234 1118; x_wconf 85' lang='lat' dir='ltr'><strong>arbitrium</strong></span> <span class='ocrx_word' id='word_1_175' title='bbox 2287 1079 2375 1118; x_wconf 91' lang='lat' dir='ltr'><strong>res</strong></span> <span class='ocrx_word' id='word_1_176' title='bbox 2420 1062 2664 1118; x_wconf 83' lang='lat' dir='ltr'><strong>Romana</strong></span> <span class='ocrx_word' id='word_1_177' title='bbox 2714 1065 2966 1120; x_wconf 81' lang='lat' dir='ltr'><strong>devoluta</strong></span> <span class='ocrx_word' id='word_1_178' title='bbox 2998 1075 3113 1131; x_wconf 89' lang='lat' dir='ltr'><strong>est,</strong></span> <span class='ocrx_word' id='word_1_179' title='bbox 3165 1084 3310 1139; x_wconf 71' lang='lat' dir='ltr'><strong>quae-</strong></span> 
     </span>
    </p>
   </div>
   <div class='ocr_carea' id='block_1_27' title="bbox 1751 1154 3310 1228">
    <p class='ocr_par' dir='ltr' id='par_1_27' title="bbox 1751 1154 3310 1228">
     <span class='ocr_line' id='line_1_27' title="bbox 1751 1154 3310 1228; baseline 0.003 -18"><span class='ocrx_word' id='word_1_180' title='bbox 1751 1155 1928 1211; x_wconf 91' lang='lat' dir='ltr'><strong>stione</strong></span> <span class='ocrx_word' id='word_1_181' title='bbox 1977 1154 2080 1210; x_wconf 89' lang='lat' dir='ltr'><strong>bac</strong></span> <span class='ocrx_word' id='word_1_182' title='bbox 2129 1154 2196 1210; x_wconf 90' lang='lat' dir='ltr'><strong>de</strong></span> <span class='ocrx_word' id='word_1_183' title='bbox 2229 1171 2288 1210; x_wconf 92' lang='lat' dir='ltr'><strong>re</strong></span> <span class='ocrx_word' id='word_1_184' title='bbox 2315 1155 2538 1225; x_wconf 83' lang='lat' dir='ltr'><strong>Optimis</strong></span> <span class='ocrx_word' id='word_1_185' title='bbox 2570 1156 2970 1214; x_wconf 88' lang='lat' dir='ltr'><strong>mathematicis</strong></span> <span class='ocrx_word' id='word_1_186' title='bbox 2999 1161 3310 1228; x_wconf 75' lang='lat' dir='ltr'><strong>preposita,</strong></span> 
     </span>
    </p>
   </div>
   <div class='ocr_carea' id='block_1_28' title="bbox 1749 1246 3312 1320">
    <p class='ocr_par' dir='ltr' id='par_1_28' title="bbox 1749 1246 3312 1320">
     <span class='ocr_line' id='line_1_28' title="bbox 1749 1246 3312 1320; baseline 0.004 -19"><span class='ocrx_word' id='word_1_187' title='bbox 1749 1261 1816 1301; x_wconf 83' lang='lat' dir='ltr'><strong>ex</strong></span> <span class='ocrx_word' id='word_1_188' title='bbox 1870 1246 2162 1301; x_wconf 77' lang='lat' dir='ltr'><strong>substratis</strong></span> <span class='ocrx_word' id='word_1_189' title='bbox 2209 1247 2322 1316; x_wconf 88' lang='lat' dir='ltr'><strong>jam</strong></span> <span class='ocrx_word' id='word_1_190' title='bbox 2379 1248 2483 1302; x_wconf 86' lang='lat' dir='ltr'><strong>viis</strong></span> <span class='ocrx_word' id='word_1_191' title='bbox 2545 1249 3000 1320; x_wconf 87' lang='lat' dir='ltr'><strong>rationibusque,</strong></span> <span class='ocrx_word' id='word_1_192' title='bbox 3034 1254 3312 1320; x_wconf 88' lang='lat' dir='ltr'><strong>propriam</strong></span> 
     </span>
    </p>
   </div>
   <div class='ocr_carea' id='block_1_29' title="bbox 1749 1338 3314 1411">
    <p class='ocr_par' dir='ltr' id='par_1_29' title="bbox 1749 1338 3314 1411">
     <span class='ocr_line' id='line_1_29' title="bbox 1749 1338 3314 1411; baseline 0.004 -21"><span class='ocrx_word' id='word_1_193' title='bbox 1749 1338 2041 1407; x_wconf 89' lang='lat' dir='ltr'><strong>quamdam</strong></span> <span class='ocrx_word' id='word_1_194' title='bbox 2093 1345 2147 1392; x_wconf 84' lang='lat' dir='ltr'><strong>et</strong></span> <span class='ocrx_word' id='word_1_195' title='bbox 2178 1340 2520 1392; x_wconf 84' lang='lat' dir='ltr'><strong>accuratiore</strong></span> <span class='ocrx_word' id='word_1_196' title='bbox 2568 1354 2699 1394; x_wconf 90' lang='lat' dir='ltr'><strong>cura</strong></span> <span class='ocrx_word' id='word_1_197' title='bbox 2732 1342 3093 1411; x_wconf 76' lang='lat' dir='ltr'><strong>excogitatam</strong></span> <span class='ocrx_word' id='word_1_198' title='bbox 3129 1358 3314 1396; x_wconf 84' lang='lat' dir='ltr'><strong>emen-</strong></span> 
     </span>
    </p>
   </div>
   <div class='ocr_carea' id='block_1_30' title="bbox 1750 1427 3312 1502">
    <p class='ocr_par' dir='ltr' id='par_1_30' title="bbox 1750 1427 3312 1502">
     <span class='ocr_line' id='line_1_30' title="bbox 1750 1427 3312 1502; baseline 0.002 -19"><span class='ocrx_word' id='word_1_199' title='bbox 1750 1429 2021 1484; x_wconf 90' lang='lat' dir='ltr'><strong>dationem</strong></span> <span class='ocrx_word' id='word_1_200' title='bbox 2051 1427 2304 1482; x_wconf 80' lang='lat' dir='ltr'><strong>confecit.</strong></span> <span class='ocrx_word' id='word_1_201' title='bbox 2336 1427 2506 1482; x_wconf 82' lang='lat' dir='ltr'><strong>Primi</strong></span> <span class='ocrx_word' id='word_1_202' title='bbox 2548 1441 2728 1484; x_wconf 90' lang='lat' dir='ltr'><strong>autem</strong></span> <span class='ocrx_word' id='word_1_203' title='bbox 2774 1431 3016 1483; x_wconf 92' lang='lat' dir='ltr'><strong>omnium</strong></span> <span class='ocrx_word' id='word_1_204' title='bbox 3068 1430 3312 1502; x_wconf 66' lang='lat' dir='ltr'><strong>Egyptii</strong></span> 
     </span>
    </p>
   </div>
   <div class='ocr_carea' id='block_1_31' title="bbox 1751 1507 3310 1583">
    <p class='ocr_par' dir='ltr' id='par_1_31' title="bbox 1751 1507 3310 1583">
     <span class='ocr_line' id='line_1_31' title="bbox 1751 1507 3310 1583; baseline 0.003 -8"><span class='ocrx_word' id='word_1_205' title='bbox 1751 1521 1820 1575; x_wconf 88' lang='lat' dir='ltr'><strong>ad</strong></span> <span class='ocrx_word' id='word_1_206' title='bbox 1857 1522 2025 1576; x_wconf 87' lang='lat' dir='ltr'><strong>solem</strong></span> <span class='ocrx_word' id='word_1_207' title='bbox 2057 1521 2342 1576; x_wconf 86' lang='lat' dir='ltr'><strong>duodecim</strong></span> <span class='ocrx_word' id='word_1_208' title='bbox 2380 1522 2657 1577; x_wconf 86' lang='lat' dir='ltr'><strong>mensibus</strong></span> <span class='ocrx_word' id='word_1_209' title='bbox 2712 1526 2796 1576; x_wconf 89' lang='lat' dir='ltr'><strong>usi</strong></span> <span class='ocrx_word' id='word_1_210' title='bbox 2841 1507 3124 1583; x_wconf 85' lang='lat' dir='ltr'><strong>videntur.</strong></span> <span class='ocrx_word' id='word_1_211' title='bbox 3159 1534 3212 1578; x_wconf 89' lang='lat' dir='ltr'><strong>et</strong></span> <span class='ocrx_word' id='word_1_212' title='bbox 3243 1525 3310 1580; x_wconf 88' lang='lat' dir='ltr'><strong>iis</strong></span> 
     </span>
    </p>
   </div>
   <div class='ocr_carea' id='block_1_32' title="bbox 1752 1615 3314 1688">
    <p class='ocr_par' dir='ltr' id='par_1_32' title="bbox 1752 1615 3314 1688">
     <span class='ocr_line' id='line_1_32' title="bbox 1752 1615 3314 1688; baseline 0.004 -19"><span class='ocrx_word' id='word_1_213' title='bbox 1752 1615 1969 1686; x_wconf 91' lang='lat' dir='ltr'><strong>quidem</strong></span> <span class='ocrx_word' id='word_1_214' title='bbox 2026 1616 2380 1683; x_wconf 87' lang='lat' dir='ltr'><strong>tricenariis,</strong></span> <span class='ocrx_word' id='word_1_215' title='bbox 2442 1623 2496 1672; x_wconf 86' lang='lat' dir='ltr'><strong>et</strong></span> <span class='ocrx_word' id='word_1_216' title='bbox 2553 1618 2793 1688; x_wconf 89' lang='lat' dir='ltr'><strong>quinque</strong></span> <span class='ocrx_word' id='word_1_217' title='bbox 2843 1619 2959 1674; x_wconf 87' lang='lat' dir='ltr'><strong>dies</strong></span> <span class='ocrx_word' id='word_1_218' title='bbox 3019 1620 3314 1688; x_wconf 80' lang='lat' dir='ltr'><strong>quotannis</strong></span> 
     </span>
    </p>
   </div>
   <div class='ocr_carea' id='block_1_33' title="bbox 1755 1709 3313 1779">
    <p class='ocr_par' dir='ltr' id='par_1_33' title="bbox 1755 1709 3313 1779">
     <span class='ocr_line' id='line_1_33' title="bbox 1755 1709 3313 1779; baseline 0.001 -15"><span class='ocrx_word' id='word_1_219' title='bbox 1755 1710 2020 1779; x_wconf 89' lang='lat' dir='ltr'><strong>adjecisse</strong></span> <span class='ocrx_word' id='word_1_220' title='bbox 2059 1751 2074 1776; x_wconf 91' lang='lat'><strong>,</strong></span> <span class='ocrx_word' id='word_1_221' title='bbox 2147 1709 2580 1779; x_wconf 90' lang='lat' dir='ltr'><strong>particulamque</strong></span> <span class='ocrx_word' id='word_1_222' title='bbox 2645 1711 2751 1765; x_wconf 89' lang='lat' dir='ltr'><strong>diei</strong></span> <span class='ocrx_word' id='word_1_223' title='bbox 2805 1720 3182 1765; x_wconf 75' lang='lat' dir='ltr'><strong>excurrentem</strong></span> <span class='ocrx_word' id='word_1_224' title='bbox 3244 1711 3313 1766; x_wconf 90' lang='lat' dir='ltr'><strong>ad</strong></span> 
     </span>
    </p>
   </div>
   <div class='ocr_carea' id='block_1_34' title="bbox 80 1773 1655 1872">
    <p class='ocr_par' dir='ltr' id='par_1_34' title="bbox 80 1773 1646 1872">
     <span class='ocr_line' id='line_1_34' title="bbox 80 1773 1646 1872; baseline -0.001 -18"><span class='ocrx_word' id='word_1_225' title='bbox 80 1801 304 1855; x_wconf 83' lang='grc' dir='ltr'>ἐκείνων</span> <span class='ocrx_word' id='word_1_226' title='bbox 332 1799 468 1855; x_wconf 83' lang='grc' dir='ltr'>ἄλλα</span> <span class='ocrx_word' id='word_1_227' title='bbox 509 1817 568 1852; x_wconf 89' lang='grc' dir='ltr'><strong>τε</strong></span> <span class='ocrx_word' id='word_1_228' title='bbox 613 1773 780 1853; x_wconf 82' lang='grc' dir='ltr'>πλείω</span> <span class='ocrx_word' id='word_1_229' title='bbox 815 1773 1216 1872; x_wconf 48' lang='grc' dir='ltr'>τῶῦοῦρανίων</span> <span class='ocrx_word' id='word_1_230' title='bbox 1259 1773 1646 1872; x_wconf 76' lang='grc' dir='ltr'>θεωρημάτων,</span> 
     </span>
    </p>
   </div>
   <div class='ocr_carea' id='block_1_35' title="bbox 1758 1773 3315 1872">
    <p class='ocr_par' dir='ltr' id='par_1_35' title="bbox 1758 1800 3315 1869">
     <span class='ocr_line' id='line_1_35' title="bbox 1758 1800 3315 1869; baseline 0 -13"><span class='ocrx_word' id='word_1_231' title='bbox 1758 1801 2183 1869; x_wconf 88' lang='lat' dir='ltr'><strong>supplementum</strong></span> <span class='ocrx_word' id='word_1_232' title='bbox 2225 1801 2392 1856; x_wconf 91' lang='lat' dir='ltr'><strong>totius</strong></span> <span class='ocrx_word' id='word_1_233' title='bbox 2417 1801 2568 1864; x_wconf 89' lang='lat' dir='ltr'><strong>anni,</strong></span> <span class='ocrx_word' id='word_1_234' title='bbox 2596 1816 2661 1855; x_wconf 80' lang='lat' dir='ltr'><strong>ex</strong></span> <span class='ocrx_word' id='word_1_235' title='bbox 2695 1800 2879 1855; x_wconf 91' lang='lat' dir='ltr'><strong>multis</strong></span> <span class='ocrx_word' id='word_1_236' title='bbox 2911 1815 3178 1854; x_wconf 90' lang='lat' dir='ltr'><strong>annorum</strong></span> <span class='ocrx_word' id='word_1_237' title='bbox 3209 1802 3315 1856; x_wconf 87' lang='lat' dir='ltr'><strong>cir-</strong></span> 
     </span>
    </p>
   </div>
   <div class='ocr_carea' id='block_1_36' title="bbox 80 1890 1648 1964">
    <p class='ocr_par' dir='ltr' id='par_1_36' title="bbox 80 1890 1648 1964">
     <span class='ocr_line' id='line_1_36' title="bbox 80 1890 1648 1964; baseline -0.001 -17"><span class='ocrx_word' id='word_1_238' title='bbox 80 1894 171 1947; x_wconf 74' lang='grc' dir='ltr'>καὶ</span> <span class='ocrx_word' id='word_1_239' title='bbox 200 1892 378 1946; x_wconf 88' lang='grc' dir='ltr'>ταῦτα</span> <span class='ocrx_word' id='word_1_240' title='bbox 415 1892 737 1963; x_wconf 87' lang='grc' dir='ltr'>παρέλαϐον,</span> <span class='ocrx_word' id='word_1_241' title='bbox 763 1890 832 1946; x_wconf 83' lang='grc' dir='ltr'>τὰ</span> <span class='ocrx_word' id='word_1_242' title='bbox 867 1892 966 1962; x_wconf 84' lang='grc' dir='ltr'>μὲν</span> <span class='ocrx_word' id='word_1_243' title='bbox 995 1892 1535 1964; x_wconf 80' lang='grc' dir='ltr'>μεθερμηνευθέντων</span> <span class='ocrx_word' id='word_1_244' title='bbox 1570 1896 1648 1957; x_wconf 84' lang='grc' dir='ltr'><strong>είς</strong></span> 
     </span>
    </p>
   </div>
   <div class='ocr_carea' id='block_1_37' title="bbox 79 1983 1650 2055">
    <p class='ocr_par' dir='ltr' id='par_1_37' title="bbox 79 1983 1650 2055">
     <span class='ocr_line' id='line_1_37' title="bbox 79 1983 1650 2055; baseline 0.001 -18"><span class='ocrx_word' id='word_1_245' title='bbox 79 1984 137 2037; x_wconf 75' lang='grc' dir='ltr'>τὸ</span> <span class='ocrx_word' id='word_1_246' title='bbox 176 1983 491 2055; x_wconf 78' lang='grc' dir='ltr'>Ἑλληνικὸν</span> <span class='ocrx_word' id='word_1_247' title='bbox 518 1983 624 2036; x_wconf 91' lang='grc' dir='ltr'><strong>τῶν</strong></span> <span class='ocrx_word' id='word_1_248' title='bbox 666 1985 1088 2055; x_wconf 81' lang='grc' dir='ltr'>ὑπομνημάτων,</span> <span class='ocrx_word' id='word_1_249' title='bbox 1114 1985 1181 2038; x_wconf 80' lang='grc' dir='ltr'><strong>τά</strong></span> <span class='ocrx_word' id='word_1_250' title='bbox 1219 1985 1274 2037; x_wconf 84' lang='grc' dir='ltr'>δὲ</span> <span class='ocrx_word' id='word_1_251' title='bbox 1314 1985 1406 2037; x_wconf 77' lang='grc' dir='ltr'>καὶ</span> <span class='ocrx_word' id='word_1_252' title='bbox 1438 1984 1650 2038; x_wconf 87' lang='grc' dir='ltr'>συνδια-</span> 
     </span>
    </p>
   </div>
   <div class='ocr_carea' id='block_1_38' title="bbox 77 2071 1648 2147">
    <p class='ocr_par' dir='ltr' id='par_1_38' title="bbox 77 2071 1648 2147">
     <span class='ocr_line' id='line_1_38' title="bbox 77 2071 1648 2147; baseline 0.001 -19"><span class='ocrx_word' id='word_1_253' title='bbox 77 2074 372 2145; x_wconf 80' lang='grc' dir='ltr'>τρίψαντες</span> <span class='ocrx_word' id='word_1_254' title='bbox 399 2078 512 2138; x_wconf 91' lang='grc' dir='ltr'>τοῖς</span> <span class='ocrx_word' id='word_1_255' title='bbox 545 2078 660 2128; x_wconf 84' lang='grc' dir='ltr'>ἐκεῖ</span> <span class='ocrx_word' id='word_1_256' title='bbox 699 2075 925 2147; x_wconf 85' lang='grc' dir='ltr'>ἱερεῦσι,</span> <span class='ocrx_word' id='word_1_257' title='bbox 969 2078 1240 2147; x_wconf 84' lang='grc' dir='ltr'>περιττοῖς</span> <span class='ocrx_word' id='word_1_258' title='bbox 1265 2071 1382 2128; x_wconf 83' lang='grc' dir='ltr'>οὖσι</span> <span class='ocrx_word' id='word_1_259' title='bbox 1419 2075 1514 2147; x_wconf 79' lang='grc' dir='ltr'>τὴν</span> <span class='ocrx_word' id='word_1_260' title='bbox 1541 2076 1648 2130; x_wconf 88' lang='grc' dir='ltr'><strong>τῶν</strong></span> 
     </span>
    </p>
   </div>
   <div class='ocr_carea' id='block_1_39' title="bbox 81 2166 1648 2238">
    <p class='ocr_par' dir='ltr' id='par_1_39' title="bbox 81 2166 1648 2238">
     <span class='ocr_line' id='line_1_39' title="bbox 81 2166 1648 2238; baseline 0 -18"><span class='ocrx_word' id='word_1_261' title='bbox 81 2166 346 2237; x_wconf 79' lang='grc' dir='ltr'>οὐρανίων</span> <span class='ocrx_word' id='word_1_262' title='bbox 387 2168 712 2238; x_wconf 76' lang='grc' dir='ltr'>ἐπιστήμην.</span> <span class='ocrx_word' id='word_1_263' title='bbox 757 2167 1014 2221; x_wconf 88' lang='grc' dir='ltr'>Πλάτωνα</span> <span class='ocrx_word' id='word_1_264' title='bbox 1049 2167 1177 2236; x_wconf 90' lang='grc' dir='ltr'>γοῦν</span> <span class='ocrx_word' id='word_1_265' title='bbox 1213 2168 1342 2236; x_wconf 83' lang='grc' dir='ltr'>φασί</span> <span class='ocrx_word' id='word_1_266' title='bbox 1381 2185 1524 2232; x_wconf 91' lang='grc' dir='ltr'>τινες</span> <span class='ocrx_word' id='word_1_267' title='bbox 1557 2170 1648 2223; x_wconf 76' lang='grc' dir='ltr'>καὶ</span> 
     </span>
    </p>
   </div>
   <div class='ocr_carea' id='block_1_40' title="bbox 83 2257 1649 2330">
    <p class='ocr_par' dir='ltr' id='par_1_40' title="bbox 83 2257 1649 2330">
     <span class='ocr_line' id='line_1_40' title="bbox 83 2257 1649 2330; baseline 0.001 -20"><span class='ocrx_word' id='word_1_268' title='bbox 83 2257 329 2322; x_wconf 75' lang='grc' dir='ltr'>Εὔδοξον,</span> <span class='ocrx_word' id='word_1_269' title='bbox 358 2257 814 2329; x_wconf 80' lang='grc' dir='ltr'>ἀποδημήσαντας</span> <span class='ocrx_word' id='word_1_270' title='bbox 839 2260 919 2321; x_wconf 85' lang='grc' dir='ltr'><strong>είς</strong></span> <span class='ocrx_word' id='word_1_271' title='bbox 938 2259 1232 2327; x_wconf 74' lang='grc' dir='ltr'>Αἴγυπτον,</span> <span class='ocrx_word' id='word_1_272' title='bbox 1255 2259 1510 2330; x_wconf 79' lang='grc' dir='ltr'>ὁμιλῆσαι</span> <span class='ocrx_word' id='word_1_273' title='bbox 1539 2263 1649 2323; x_wconf 85' lang='grc' dir='ltr'>τοῖς</span> 
     </span>
    </p>
   </div>
   <div class='ocr_carea' id='block_1_41' title="bbox 84 2349 1650 2422">
    <p class='ocr_par' dir='ltr' id='par_1_41' title="bbox 84 2349 1650 2422">
     <span class='ocr_line' id='line_1_41' title="bbox 84 2349 1650 2422; baseline -0.001 -19"><span class='ocrx_word' id='word_1_274' title='bbox 84 2349 287 2422; x_wconf 66' lang='grc' dir='ltr'>ἱερεῦσι</span> <span class='ocrx_word' id='word_1_275' title='bbox 315 2351 672 2422; x_wconf 84' lang='grc' dir='ltr'>τρισκαίδεκα</span> <span class='ocrx_word' id='word_1_276' title='bbox 701 2349 814 2421; x_wconf 74' lang='grc' dir='ltr'>ἐτη.</span> <span class='ocrx_word' id='word_1_277' title='bbox 855 2350 1166 2413; x_wconf 76' lang='grc' dir='ltr'>Μυστικοὺς</span> <span class='ocrx_word' id='word_1_278' title='bbox 1213 2351 1320 2421; x_wconf 81' lang='grc' dir='ltr'><strong>γάρ</strong></span> <span class='ocrx_word' id='word_1_279' title='bbox 1360 2351 1516 2410; x_wconf 71' lang='grc' dir='ltr'>ὄντας</span> <span class='ocrx_word' id='word_1_280' title='bbox 1559 2350 1650 2403; x_wconf 72' lang='grc' dir='ltr'>καὶ</span> 
     </span>
    </p>
   </div>
   <div class='ocr_carea' id='block_1_42' title="bbox 83 2440 1650 2513">
    <p class='ocr_par' dir='ltr' id='par_1_42' title="bbox 83 2440 1650 2513">
     <span class='ocr_line' id='line_1_42' title="bbox 83 2440 1650 2513; baseline -0.001 -18"><span class='ocrx_word' id='word_1_281' title='bbox 83 2441 531 2513; x_wconf 86' lang='grc' dir='ltr'>δυσμεταδότους,</span> <span class='ocrx_word' id='word_1_282' title='bbox 571 2440 678 2494; x_wconf 71' lang='grc' dir='ltr'>ἔδει</span> <span class='ocrx_word' id='word_1_283' title='bbox 718 2440 795 2510; x_wconf 83' lang='grc' dir='ltr'>τῷ</span> <span class='ocrx_word' id='word_1_284' title='bbox 837 2441 1009 2512; x_wconf 83' lang='grc' dir='ltr'>χρόνῳ</span> <span class='ocrx_word' id='word_1_285' title='bbox 1047 2441 1142 2494; x_wconf 72' lang='grc' dir='ltr'>καὶ</span> <span class='ocrx_word' id='word_1_286' title='bbox 1179 2445 1296 2505; x_wconf 88' lang='grc' dir='ltr'>ταῖς</span> <span class='ocrx_word' id='word_1_287' title='bbox 1339 2441 1650 2512; x_wconf 83' lang='grc' dir='ltr'>θεραπείαις</span> 
     </span>
    </p>
   </div>
   <div class='ocr_carea' id='block_1_43' title="bbox 84 2531 1646 2604">
    <p class='ocr_par' dir='ltr' id='par_1_43' title="bbox 84 2531 1646 2604">
     <span class='ocr_line' id='line_1_43' title="bbox 84 2531 1646 2604; baseline 0.001 -20"><span class='ocrx_word' id='word_1_288' title='bbox 84 2532 469 2604; x_wconf 71' lang='grc' dir='ltr'>ἐκλιπαρῆσαι,</span> <span class='ocrx_word' id='word_1_289' title='bbox 498 2531 634 2584; x_wconf 84' lang='grc' dir='ltr'>ὥστε</span> <span class='ocrx_word' id='word_1_290' title='bbox 665 2531 785 2584; x_wconf 87' lang='grc' dir='ltr'><strong>τινά</strong></span> <span class='ocrx_word' id='word_1_291' title='bbox 822 2531 930 2585; x_wconf 87' lang='grc' dir='ltr'><strong>τῶν</strong></span> <span class='ocrx_word' id='word_1_292' title='bbox 958 2531 1323 2602; x_wconf 86' lang='grc' dir='ltr'>θεωρημάτων</span> <span class='ocrx_word' id='word_1_293' title='bbox 1351 2533 1646 2602; x_wconf 78' lang='grc' dir='ltr'>ἱστορῆσαι.</span> 
     </span>
    </p>
   </div>
   <div class='ocr_carea' id='block_1_44' title="bbox 85 2622 1647 2694">
    <p class='ocr_par' dir='ltr' id='par_1_44' title="bbox 85 2622 1647 2694">
     <span class='ocr_line' id='line_1_44' title="bbox 85 2622 1647 2694; baseline -0.002 -18"><span class='ocrx_word' id='word_1_294' title='bbox 85 2623 266 2676; x_wconf 86' lang='grc' dir='ltr'>Ταῦτα</span> <span class='ocrx_word' id='word_1_295' title='bbox 299 2623 400 2693; x_wconf 85' lang='grc' dir='ltr'>μὲν</span> <span class='ocrx_word' id='word_1_296' title='bbox 430 2622 572 2675; x_wconf 77' lang='grc' dir='ltr'>οὕτω</span> <span class='ocrx_word' id='word_1_297' title='bbox 606 2622 832 2694; x_wconf 88' lang='grc' dir='ltr'>διαιρεῖν</span> <span class='ocrx_word' id='word_1_298' title='bbox 875 2622 1002 2686; x_wconf 80' lang='grc' dir='ltr'>ῐσως</span> <span class='ocrx_word' id='word_1_299' title='bbox 1029 2623 1089 2674; x_wconf 82' lang='grc' dir='ltr'>οὐ</span> <span class='ocrx_word' id='word_1_300' title='bbox 1128 2625 1336 2694; x_wconf 73' lang='grc' dir='ltr'>χεῖρονο</span> <span class='ocrx_word' id='word_1_301' title='bbox 1373 2623 1434 2675; x_wconf 88' lang='grc' dir='ltr'><strong>τό</strong></span> <span class='ocrx_word' id='word_1_302' title='bbox 1472 2639 1529 2674; x_wconf 90' lang='grc' dir='ltr'><strong>τε</strong></span> <span class='ocrx_word' id='word_1_303' title='bbox 1569 2622 1647 2674; x_wconf 70' lang='grc' dir='ltr'>διο</span> 
     </span>
    </p>
   </div>
   <div class='ocr_carea' id='block_1_45' title="bbox 82 2713 1651 2786">
    <p class='ocr_par' dir='ltr' id='par_1_45' title="bbox 82 2713 1651 2786">
     <span class='ocr_line' id='line_1_45' title="bbox 82 2713 1651 2786; baseline 0.001 -20"><span class='ocrx_word' id='word_1_304' title='bbox 82 2713 431 2786; x_wconf 85' lang='grc' dir='ltr'>ηπορημένον</span> <span class='ocrx_word' id='word_1_305' title='bbox 480 2713 665 2782; x_wconf 71' lang='grc' dir='ltr'>φανεὶς</span> <span class='ocrx_word' id='word_1_306' title='bbox 689 2715 717 2766; x_wconf 87' lang='grc' dir='ltr'><strong>ό</strong></span> <span class='ocrx_word' id='word_1_307' title='bbox 743 2714 1032 2784; x_wconf 78' lang='grc' dir='ltr'>ἐμϐόλιμος</span> <span class='ocrx_word' id='word_1_308' title='bbox 1057 2713 1192 2768; x_wconf 85' lang='grc' dir='ltr'>λύει.</span> <span class='ocrx_word' id='word_1_309' title='bbox 1228 2713 1337 2766; x_wconf 74' lang='grc' dir='ltr'><strong>Καὶ</strong></span> <span class='ocrx_word' id='word_1_310' title='bbox 1377 2714 1430 2766; x_wconf 81' lang='grc' dir='ltr'><strong>εί</strong></span> <span class='ocrx_word' id='word_1_311' title='bbox 1471 2731 1524 2766; x_wconf 85' lang='grc' dir='ltr'><strong>τι</strong></span> <span class='ocrx_word' id='word_1_312' title='bbox 1563 2714 1651 2767; x_wconf 87' lang='grc' dir='ltr'><strong>διά</strong></span> 
     </span>
    </p>
   </div>
   <div class='ocr_carea' id='block_1_46' title="bbox 88 2804 1653 2876">
    <p class='ocr_par' dir='ltr' id='par_1_46' title="bbox 88 2804 1653 2876">
     <span class='ocr_line' id='line_1_46' title="bbox 88 2804 1653 2876; baseline 0.001 -18"><span class='ocrx_word' id='word_1_313' title='bbox 88 2805 331 2869; x_wconf 86' lang='grc' dir='ltr'>πλείονος</span> <span class='ocrx_word' id='word_1_314' title='bbox 364 2804 446 2858; x_wconf 76' lang='grc' dir='ltr'>ἔτι</span> <span class='ocrx_word' id='word_1_315' title='bbox 475 2805 666 2876; x_wconf 88' lang='grc' dir='ltr'>χρόνου</span> <span class='ocrx_word' id='word_1_316' title='bbox 694 2805 1073 2875; x_wconf 86' lang='grc' dir='ltr'>παραλλάττει,</span> <span class='ocrx_word' id='word_1_317' title='bbox 1101 2804 1244 2867; x_wconf 74' lang='grc' dir='ltr'>εἰκὸς</span> <span class='ocrx_word' id='word_1_318' title='bbox 1276 2805 1370 2858; x_wconf 80' lang='grc' dir='ltr'>καὶ</span> <span class='ocrx_word' id='word_1_319' title='bbox 1401 2807 1524 2870; x_wconf 76' lang='grc' dir='ltr'>τοὺς</span> <span class='ocrx_word' id='word_1_320' title='bbox 1551 2807 1653 2860; x_wconf 88' lang='grc' dir='ltr'>πά-</span> 
     </span>
    </p>
   </div>
   <div class='ocr_carea' id='block_1_47' title="bbox 79 2895 1653 2970">
    <p class='ocr_par' dir='ltr' id='par_1_47' title="bbox 79 2895 1653 2970">
     <span class='ocr_line' id='line_1_47' title="bbox 79 2895 1653 2970; baseline 0.001 -20"><span class='ocrx_word' id='word_1_321' title='bbox 79 2896 171 2950; x_wconf 77' lang='grc' dir='ltr'><strong>λαι</strong></span> <span class='ocrx_word' id='word_1_322' title='bbox 202 2896 543 2968; x_wconf 84' lang='grc' dir='ltr'>συνορῶντας</span> <span class='ocrx_word' id='word_1_323' title='bbox 578 2896 672 2949; x_wconf 71' lang='grc' dir='ltr'>καὶ</span> <span class='ocrx_word' id='word_1_324' title='bbox 700 2895 856 2948; x_wconf 88' lang='grc' dir='ltr'>τοῦτο</span> <span class='ocrx_word' id='word_1_325' title='bbox 887 2895 1058 2968; x_wconf 80' lang='grc' dir='ltr'>δήπου</span> <span class='ocrx_word' id='word_1_326' title='bbox 1095 2895 1539 2970; x_wconf 78' lang='grc' dir='ltr'>ἐπανορθοῦσθαι,</span> <span class='ocrx_word' id='word_1_327' title='bbox 1566 2897 1653 2951; x_wconf 83' lang='grc' dir='ltr'><strong>ὁτὲ</strong></span> 
     </span>
    </p>
   </div>
   <div class='ocr_carea' id='block_1_48' title="bbox 89 2986 1654 3060">
    <p class='ocr_par' dir='ltr' id='par_1_48' title="bbox 89 2986 1654 3060">
     <span class='ocr_line' id='line_1_48' title="bbox 89 2986 1654 3060; baseline 0.001 -19"><span class='ocrx_word' id='word_1_328' title='bbox 89 2988 186 3058; x_wconf 78' lang='grc' dir='ltr'>μὲν</span> <span class='ocrx_word' id='word_1_329' title='bbox 232 2988 592 3060; x_wconf 87' lang='grc' dir='ltr'>μακρότερον,</span> <span class='ocrx_word' id='word_1_330' title='bbox 639 2986 725 3039; x_wconf 79' lang='grc' dir='ltr'><strong>ὁτὲ</strong></span> <span class='ocrx_word' id='word_1_331' title='bbox 769 2987 827 3040; x_wconf 87' lang='grc' dir='ltr'>δὲ</span> <span class='ocrx_word' id='word_1_332' title='bbox 875 2987 1200 3059; x_wconf 85' lang='grc' dir='ltr'>βραχύτερον</span> <span class='ocrx_word' id='word_1_333' title='bbox 1244 2989 1332 3040; x_wconf 74' lang='grc' dir='ltr'>τὸν</span> <span class='ocrx_word' id='word_1_334' title='bbox 1365 2989 1654 3060; x_wconf 86' lang='grc' dir='ltr'>ἐμϐόλιμον</span> 
     </span>
    </p>
   </div>
   <div class='ocr_carea' id='block_1_49' title="bbox 1751 1891 3313 1964">
    <p class='ocr_par' dir='ltr' id='par_1_49' title="bbox 1751 1891 3313 1964">
     <span class='ocr_line' id='line_1_49' title="bbox 1751 1891 3313 1964; baseline 0.003 -18"><span class='ocrx_word' id='word_1_335' title='bbox 1751 1891 1988 1947; x_wconf 87' lang='lat' dir='ltr'><strong>cuitibus</strong></span> <span class='ocrx_word' id='word_1_336' title='bbox 2017 1900 2355 1955; x_wconf 87' lang='lat' dir='ltr'><strong>acervatam,</strong></span> <span class='ocrx_word' id='word_1_337' title='bbox 2400 1892 2456 1946; x_wconf 89' lang='lat' dir='ltr'><strong>in</strong></span> <span class='ocrx_word' id='word_1_338' title='bbox 2502 1907 2669 1946; x_wconf 92' lang='lat' dir='ltr'><strong>unum</strong></span> <span class='ocrx_word' id='word_1_339' title='bbox 2708 1893 2849 1947; x_wconf 90' lang='lat' dir='ltr'><strong>diem</strong></span> <span class='ocrx_word' id='word_1_340' title='bbox 2883 1894 3149 1964; x_wconf 85' lang='lat' dir='ltr'><strong>integrum</strong></span> <span class='ocrx_word' id='word_1_341' title='bbox 3177 1911 3313 1950; x_wconf 86' lang='lat' dir='ltr'><strong>con-</strong></span> 
     </span>
    </p>
   </div>
   <div class='ocr_carea' id='block_1_50' title="bbox 1745 1984 3315 2057">
    <p class='ocr_par' dir='ltr' id='par_1_50' title="bbox 1745 1984 3315 2057">
     <span class='ocr_line' id='line_1_50' title="bbox 1745 1984 3315 2057; baseline 0.003 -19"><span class='ocrx_word' id='word_1_342' title='bbox 1745 1984 1964 2054; x_wconf 87' lang='lat' dir='ltr'><strong>jecisse.</strong></span> <span class='ocrx_word' id='word_1_343' title='bbox 1995 1984 2169 2040; x_wconf 81' lang='lat' dir='ltr'><strong>Graeci</strong></span> <span class='ocrx_word' id='word_1_344' title='bbox 2199 2001 2327 2040; x_wconf 84' lang='lat' dir='ltr'><strong>vero</strong></span> <span class='ocrx_word' id='word_1_345' title='bbox 2363 1985 2430 2039; x_wconf 87' lang='lat' dir='ltr'><strong>ab</strong></span> <span class='ocrx_word' id='word_1_346' title='bbox 2479 1986 2608 2051; x_wconf 91' lang='lat' dir='ltr'><strong>illis,</strong></span> <span class='ocrx_word' id='word_1_347' title='bbox 2639 2001 2764 2040; x_wconf 92' lang='lat' dir='ltr'><strong>cum</strong></span> <span class='ocrx_word' id='word_1_348' title='bbox 2798 1987 2902 2040; x_wconf 89' lang='lat' dir='ltr'><strong>alia</strong></span> <span class='ocrx_word' id='word_1_349' title='bbox 2934 1991 3198 2057; x_wconf 88' lang='lat' dir='ltr'><strong>permulta</strong></span> <span class='ocrx_word' id='word_1_350' title='bbox 3228 2003 3315 2044; x_wconf 76' lang='lat' dir='ltr'><strong>re-</strong></span> 
     </span>
    </p>
   </div>
   <div class='ocr_carea' id='block_1_51' title="bbox 1750 2077 3315 2146">
    <p class='ocr_par' dir='ltr' id='par_1_51' title="bbox 1750 2077 3315 2146">
     <span class='ocr_line' id='line_1_51' title="bbox 1750 2077 3315 2146; baseline 0.003 -17"><span class='ocrx_word' id='word_1_351' title='bbox 1750 2091 1872 2130; x_wconf 90' lang='lat' dir='ltr'><strong>rum</strong></span> <span class='ocrx_word' id='word_1_352' title='bbox 1902 2077 2237 2142; x_wconf 63' lang='lat' dir='ltr'><strong>caelestium;</strong></span> <span class='ocrx_word' id='word_1_353' title='bbox 2276 2084 2390 2130; x_wconf 89' lang='lat' dir='ltr'><strong>tum</strong></span> <span class='ocrx_word' id='word_1_354' title='bbox 2439 2077 2552 2131; x_wconf 65' lang='lat' dir='ltr'><strong>haec</strong></span> <span class='ocrx_word' id='word_1_355' title='bbox 2597 2080 2866 2146; x_wconf 66' lang='lat' dir='ltr'><strong>praacipue</strong></span> <span class='ocrx_word' id='word_1_356' title='bbox 2912 2086 3101 2132; x_wconf 89' lang='lat' dir='ltr'><strong>mutuo</strong></span> <span class='ocrx_word' id='word_1_357' title='bbox 3154 2093 3315 2134; x_wconf 84' lang='lat' dir='ltr'><strong>acce-</strong></span> 
     </span>
    </p>
   </div>
   <div class='ocr_carea' id='block_1_52' title="bbox 1751 2167 3311 2236">
    <p class='ocr_par' dir='ltr' id='par_1_52' title="bbox 1751 2167 3311 2236">
     <span class='ocr_line' id='line_1_52' title="bbox 1751 2167 3311 2236; baseline 0.003 -18"><span class='ocrx_word' id='word_1_358' title='bbox 1751 2174 1982 2235; x_wconf 90' lang='lat' dir='ltr'><strong>perunt;</strong></span> <span class='ocrx_word' id='word_1_359' title='bbox 2014 2167 2210 2235; x_wconf 83' lang='lat' dir='ltr'><strong>partim</strong></span> <span class='ocrx_word' id='word_1_360' title='bbox 2244 2167 2509 2220; x_wconf 87' lang='lat' dir='ltr'><strong>traductis</strong></span> <span class='ocrx_word' id='word_1_361' title='bbox 2541 2168 2595 2220; x_wconf 91' lang='lat' dir='ltr'><strong>in</strong></span> <span class='ocrx_word' id='word_1_362' title='bbox 2626 2168 2866 2236; x_wconf 80' lang='lat' dir='ltr'><strong>linguam</strong></span> <span class='ocrx_word' id='word_1_363' title='bbox 2893 2167 3138 2222; x_wconf 74' lang='lat' dir='ltr'><strong>Grzeeam</strong></span> <span class='ocrx_word' id='word_1_364' title='bbox 3161 2184 3311 2223; x_wconf 83' lang='lat' dir='ltr'><strong>com-</strong></span> 
     </span>
    </p>
   </div>
   <div class='ocr_carea' id='block_1_53' title="bbox 1750 2256 3312 2327">
    <p class='ocr_par' dir='ltr' id='par_1_53' title="bbox 1750 2256 3312 2327">
     <span class='ocr_line' id='line_1_53' title="bbox 1750 2256 3312 2327; baseline 0.003 -19"><span class='ocrx_word' id='word_1_365' title='bbox 1750 2256 2064 2320; x_wconf 87' lang='lat' dir='ltr'><strong>mentariis;</strong></span> <span class='ocrx_word' id='word_1_366' title='bbox 2096 2257 2292 2327; x_wconf 85' lang='lat' dir='ltr'><strong>partim</strong></span> <span class='ocrx_word' id='word_1_367' title='bbox 2317 2272 2441 2311; x_wconf 91' lang='lat' dir='ltr'><strong>cum</strong></span> <span class='ocrx_word' id='word_1_368' title='bbox 2463 2272 2651 2312; x_wconf 90' lang='lat' dir='ltr'><strong>eorum</strong></span> <span class='ocrx_word' id='word_1_369' title='bbox 2683 2258 3060 2314; x_wconf 88' lang='lat' dir='ltr'><strong>sacerdotibus</strong></span> <span class='ocrx_word' id='word_1_370' title='bbox 3086 2260 3312 2323; x_wconf 76' lang='lat' dir='ltr'><strong>versati,</strong></span> 
     </span>
    </p>
   </div>
   <div class='ocr_carea' id='block_1_54' title="bbox 1749 2348 3307 2420">
    <p class='ocr_par' dir='ltr' id='par_1_54' title="bbox 1749 2348 3307 2420">
     <span class='ocr_line' id='line_1_54' title="bbox 1749 2348 3307 2420; baseline 0.001 -18"><span class='ocrx_word' id='word_1_371' title='bbox 1749 2348 1962 2418; x_wconf 82' lang='lat' dir='ltr'><strong>egregie</strong></span> <span class='ocrx_word' id='word_1_372' title='bbox 1987 2348 2304 2417; x_wconf 61' lang='lat' dir='ltr'><strong>;divinarum</strong></span> <span class='ocrx_word' id='word_1_373' title='bbox 2338 2349 2753 2419; x_wconf 83' lang='lat' dir='ltr'><strong>coelestiumque</strong></span> <span class='ocrx_word' id='word_1_374' title='bbox 2781 2351 3131 2404; x_wconf 88' lang='lat' dir='ltr'><strong>scientiarum</strong></span> <span class='ocrx_word' id='word_1_375' title='bbox 3161 2353 3307 2420; x_wconf 88' lang='lat' dir='ltr'><strong>peri-</strong></span> 
     </span>
    </p>
   </div>
   <div class='ocr_carea' id='block_1_55' title="bbox 1752 2441 3316 2513">
    <p class='ocr_par' dir='ltr' id='par_1_55' title="bbox 1752 2441 3316 2513">
     <span class='ocr_line' id='line_1_55' title="bbox 1752 2441 3316 2513; baseline 0.002 -17"><span class='ocrx_word' id='word_1_376' title='bbox 1752 2443 1845 2498; x_wconf 90' lang='lat' dir='ltr'><strong>tis.</strong></span> <span class='ocrx_word' id='word_1_377' title='bbox 1874 2441 2077 2497; x_wconf 88' lang='lat' dir='ltr'><strong>Ferunt</strong></span> <span class='ocrx_word' id='word_1_378' title='bbox 2111 2443 2292 2512; x_wconf 88' lang='lat' dir='ltr'><strong>itaque</strong></span> <span class='ocrx_word' id='word_1_379' title='bbox 2321 2444 2624 2507; x_wconf 87' lang='lat' dir='ltr'><strong>Platonem,</strong></span> <span class='ocrx_word' id='word_1_380' title='bbox 2675 2452 2728 2496; x_wconf 92' lang='lat' dir='ltr'><strong>et</strong></span> <span class='ocrx_word' id='word_1_381' title='bbox 2763 2441 3045 2496; x_wconf 77' lang='lat' dir='ltr'><strong>Eudbxum</strong></span> <span class='ocrx_word' id='word_1_382' title='bbox 3090 2459 3316 2513; x_wconf 75' lang='lat' dir='ltr'><strong>peregre</strong></span> 
     </span>
    </p>
   </div>
   <div class='ocr_carea' id='block_1_56' title="bbox 1753 2534 3312 2606">
    <p class='ocr_par' dir='ltr' id='par_1_56' title="bbox 1753 2534 3312 2606">
     <span class='ocr_line' id='line_1_56' title="bbox 1753 2534 3312 2606; baseline 0.019 -27"><span class='ocrx_word' id='word_1_383' title='bbox 1753 2536 1808 2590; x_wconf 77' lang='lat' dir='ltr'><strong>in</strong></span> <span class='ocrx_word' id='word_1_384' title='bbox 1841 2534 2133 2606; x_wconf 68' lang='lat' dir='ltr'><strong>Egyptum</strong></span> <span class='ocrx_word' id='word_1_385' title='bbox 2168 2535 2470 2605; x_wconf 88' lang='lat' dir='ltr'><strong>profectos,</strong></span> <span class='ocrx_word' id='word_1_386' title='bbox 2505 2536 2662 2590; x_wconf 90' lang='lat' dir='ltr'><strong>annis</strong></span> <span class='ocrx_word' id='word_1_387' title='bbox 2695 2534 2951 2589; x_wconf 90' lang='lat' dir='ltr'><strong>tredecim</strong></span> <span class='ocrx_word' id='word_1_388' title='bbox 2983 2537 3122 2606; x_wconf 83' lang='lat' dir='ltr'><strong>apud</strong></span> <span class='ocrx_word' id='word_1_389' title='bbox 3143 2534 3312 2606; x_wconf 64' lang='grc' dir='ltr'><strong>ΑΕῧῖ-</strong></span> 
     </span>
    </p>
   </div>
   <div class='ocr_carea' id='block_1_57' title="bbox 1753 2625 3315 2695">
    <p class='ocr_par' dir='ltr' id='par_1_57' title="bbox 1753 2625 3315 2695">
     <span class='ocr_line' id='line_1_57' title="bbox 1753 2625 3315 2695; baseline 0.002 -18"><span class='ocrx_word' id='word_1_390' title='bbox 1753 2625 1894 2695; x_wconf 92' lang='lat' dir='ltr'><strong>ptios</strong></span> <span class='ocrx_word' id='word_1_391' title='bbox 1947 2625 2260 2679; x_wconf 85' lang='lat' dir='ltr'><strong>sacerdotes</strong></span> <span class='ocrx_word' id='word_1_392' title='bbox 2303 2625 2612 2691; x_wconf 83' lang='lat' dir='ltr'><strong>mansisse;</strong></span> <span class='ocrx_word' id='word_1_393' title='bbox 2647 2631 2796 2678; x_wconf 85' lang='lat' dir='ltr'><strong>tanta</strong></span> <span class='ocrx_word' id='word_1_394' title='bbox 2833 2625 2975 2680; x_wconf 90' lang='lat' dir='ltr'><strong>enim</strong></span> <span class='ocrx_word' id='word_1_395' title='bbox 3016 2633 3315 2680; x_wconf 89' lang='lat' dir='ltr'><strong>consuetu-</strong></span> 
     </span>
    </p>
   </div>
   <div class='ocr_carea' id='block_1_58' title="bbox 1753 2715 3315 2787">
    <p class='ocr_par' dir='ltr' id='par_1_58' title="bbox 1753 2715 3315 2787">
     <span class='ocr_line' id='line_1_58' title="bbox 1753 2715 3315 2787; baseline -0.001 -15"><span class='ocrx_word' id='word_1_396' title='bbox 1753 2717 1898 2781; x_wconf 88' lang='lat' dir='ltr'><strong>dine,</strong></span> <span class='ocrx_word' id='word_1_397' title='bbox 1922 2723 2141 2787; x_wconf 85' lang='lat' dir='ltr'><strong>tamque</strong></span> <span class='ocrx_word' id='word_1_398' title='bbox 2171 2717 2381 2771; x_wconf 89' lang='lat' dir='ltr'><strong>diutino</strong></span> <span class='ocrx_word' id='word_1_399' title='bbox 2413 2715 2678 2786; x_wconf 89' lang='lat' dir='ltr'><strong>obsequio</strong></span> <span class='ocrx_word' id='word_1_400' title='bbox 2709 2725 2864 2771; x_wconf 89' lang='lat' dir='ltr'><strong>erant</strong></span> <span class='ocrx_word' id='word_1_401' title='bbox 2916 2716 3176 2771; x_wconf 77' lang='lat' dir='ltr'><strong>exorandi</strong></span> <span class='ocrx_word' id='word_1_402' title='bbox 3201 2755 3216 2780; x_wconf 90' lang='lat'><strong>,</strong></span> <span class='ocrx_word' id='word_1_403' title='bbox 3259 2724 3315 2772; x_wconf 90' lang='lat' dir='ltr'><strong>et</strong></span> 
     </span>
    </p>
   </div>
   <div class='ocr_carea' id='block_1_59' title="bbox 1753 2807 3315 2878">
    <p class='ocr_par' dir='ltr' id='par_1_59' title="bbox 1753 2807 3315 2878">
     <span class='ocr_line' id='line_1_59' title="bbox 1753 2807 3315 2878; baseline 0 -18"><span class='ocrx_word' id='word_1_404' title='bbox 1753 2808 1908 2878; x_wconf 88' lang='lat' dir='ltr'><strong>quasi</strong></span> <span class='ocrx_word' id='word_1_405' title='bbox 1935 2807 2315 2872; x_wconf 85' lang='lat' dir='ltr'><strong>eblandiendi,</strong></span> <span class='ocrx_word' id='word_1_406' title='bbox 2365 2816 2422 2862; x_wconf 92' lang='lat' dir='ltr'><strong>ut</strong></span> <span class='ocrx_word' id='word_1_407' title='bbox 2469 2808 2561 2878; x_wconf 91' lang='lat' dir='ltr'><strong>qui</strong></span> <span class='ocrx_word' id='word_1_408' title='bbox 2597 2823 2776 2862; x_wconf 89' lang='lat' dir='ltr'><strong>rerum</strong></span> <span class='ocrx_word' id='word_1_409' title='bbox 2807 2821 3132 2860; x_wconf 88' lang='lat' dir='ltr'><strong>arcanarum</strong></span> <span class='ocrx_word' id='word_1_410' title='bbox 3163 2816 3315 2860; x_wconf 85' lang='lat' dir='ltr'><strong>tena-</strong></span> 
     </span>
    </p>
   </div>
   <div class='ocr_carea' id='block_1_60' title="bbox 1754 2898 3316 2970">
    <p class='ocr_par' dir='ltr' id='par_1_60' title="bbox 1754 2898 3316 2970">
     <span class='ocr_line' id='line_1_60' title="bbox 1754 2898 3316 2970; baseline -0.002 -14"><span class='ocrx_word' id='word_1_411' title='bbox 1754 2917 1866 2965; x_wconf 92' lang='lat' dir='ltr'><strong>ces,</strong></span> <span class='ocrx_word' id='word_1_412' title='bbox 1896 2901 2152 2970; x_wconf 90' lang='lat' dir='ltr'><strong>avarique</strong></span> <span class='ocrx_word' id='word_1_413' title='bbox 2186 2899 2502 2969; x_wconf 87' lang='lat' dir='ltr'><strong>elargitores</strong></span> <span class='ocrx_word' id='word_1_414' title='bbox 2539 2906 2722 2953; x_wconf 76' lang='lat' dir='ltr'><strong>essent</strong></span> <span class='ocrx_word' id='word_1_415' title='bbox 2748 2898 3157 2968; x_wconf 74' lang='lat' dir='ltr'><strong>disciplinarum</strong></span> <span class='ocrx_word' id='word_1_416' title='bbox 3189 2914 3316 2953; x_wconf 82' lang='lat' dir='ltr'><strong>sua-</strong></span> 
     </span>
    </p>
   </div>
   <div class='ocr_carea' id='block_1_61' title="bbox 1755 2991 3313 3062">
    <p class='ocr_par' dir='ltr' id='par_1_61' title="bbox 1755 2991 3313 3062">
     <span class='ocr_line' id='line_1_61' title="bbox 1755 2991 3313 3062; baseline -0.001 -16"><span class='ocrx_word' id='word_1_417' title='bbox 1755 3008 1910 3058; x_wconf 89' lang='lat' dir='ltr'><strong>rum;</strong></span> <span class='ocrx_word' id='word_1_418' title='bbox 1975 3007 2083 3062; x_wconf 91' lang='lat' dir='ltr'><strong>quo</strong></span> <span class='ocrx_word' id='word_1_419' title='bbox 2139 2991 2343 3061; x_wconf 89' lang='lat' dir='ltr'><strong>aliquid</strong></span> <span class='ocrx_word' id='word_1_420' title='bbox 2419 2991 2721 3045; x_wconf 66' lang='lat' dir='ltr'><strong>caelestium</strong></span> <span class='ocrx_word' id='word_1_421' title='bbox 2796 2991 3313 3061; x_wconf 88' lang='lat' dir='ltr'><strong>contemplationum</strong></span> 
     </span>
    </p>
   </div>
   <div class='ocr_carea' id='block_1_62' title="bbox 89 3077 1655 3174">
    <p class='ocr_par' dir='ltr' id='par_1_62' title="bbox 89 3077 1652 3150">
     <span class='ocr_line' id='line_1_62' title="bbox 89 3077 1652 3150; baseline 0 -18"><span class='ocrx_word' id='word_1_422' title='bbox 89 3079 461 3150; x_wconf 83' lang='grc' dir='ltr'>ποιουμένους.</span> <span class='ocrx_word' id='word_1_423' title='bbox 495 3078 568 3130; x_wconf 85' lang='grc' dir='ltr'>Τὸ</span> <span class='ocrx_word' id='word_1_424' title='bbox 594 3077 637 3130; x_wconf 80' lang='grc' dir='ltr'>δ’</span> <span class='ocrx_word' id='word_1_425' title='bbox 664 3077 1069 3149; x_wconf 86' lang='grc' dir='ltr'>ἀκριϐέστατον,</span> <span class='ocrx_word' id='word_1_426' title='bbox 1095 3079 1189 3132; x_wconf 78' lang='grc' dir='ltr'>καὶ</span> <span class='ocrx_word' id='word_1_427' title='bbox 1217 3078 1350 3150; x_wconf 83' lang='grc' dir='ltr'>μηδὲ</span> <span class='ocrx_word' id='word_1_428' title='bbox 1373 3080 1500 3150; x_wconf 88' lang='grc' dir='ltr'>παρ’</span> <span class='ocrx_word' id='word_1_429' title='bbox 1543 3079 1652 3132; x_wconf 86' lang='grc' dir='ltr'>όλί-</span> 
     </span>
    </p>
   </div>
   <div class='ocr_carea' id='block_1_63' title="bbox 1758 3077 3312 3174">
    <p class='ocr_par' dir='ltr' id='par_1_63' title="bbox 1758 3077 3312 3161">
     <span class='ocr_line' id='line_1_63' title="bbox 1758 3077 3312 3161; baseline -0.004 -26"><span class='ocrx_word' id='word_1_430' title='bbox 1758 3079 2271 3161; x_wconf 40' lang='grc' dir='ltr'>ἱιηρειιίνειιιηΗιεε</span> <span class='ocrx_word' id='word_1_431' title='bbox 2303 3093 2432 3133; x_wconf 86' lang='lat' dir='ltr'><strong>vero</strong></span> <span class='ocrx_word' id='word_1_432' title='bbox 2463 3079 2536 3132; x_wconf 88' lang='lat' dir='ltr'><strong>ita</strong></span> <span class='ocrx_word' id='word_1_433' title='bbox 2577 3077 2934 3147; x_wconf 85' lang='lat' dir='ltr'><strong>distinguere,</strong></span> <span class='ocrx_word' id='word_1_434' title='bbox 2983 3085 3043 3129; x_wconf 90' lang='lat' dir='ltr'><strong>ut</strong></span> <span class='ocrx_word' id='word_1_435' title='bbox 3075 3077 3272 3146; x_wconf 85' lang='lat' dir='ltr'><strong>Opinor</strong></span> <span class='ocrx_word' id='word_1_436' title='bbox 3297 3114 3312 3138; x_wconf 88' lang='lat'><strong>,</strong></span> 
     </span>
    </p>
   </div>
   <div class='ocr_carea' id='block_1_64' title="bbox 86 3166 1650 3238">
    <p class='ocr_par' dir='ltr' id='par_1_64' title="bbox 86 3166 1650 3238">
     <span class='ocr_line' id='line_1_64' title="bbox 86 3166 1650 3238; baseline 0.001 -18"><span class='ocrx_word' id='word_1_437' title='bbox 86 3185 178 3236; x_wconf 84' lang='grc' dir='ltr'><strong>γον</strong></span> <span class='ocrx_word' id='word_1_438' title='bbox 207 3186 258 3222; x_wconf 91' lang='grc' dir='ltr'><strong>τι</strong></span> <span class='ocrx_word' id='word_1_439' title='bbox 286 3166 647 3236; x_wconf 86' lang='grc' dir='ltr'>πλημμελεῖν,</span> <span class='ocrx_word' id='word_1_440' title='bbox 677 3167 775 3218; x_wconf 80' lang='grc' dir='ltr'>οὐκ</span> <span class='ocrx_word' id='word_1_441' title='bbox 796 3167 1067 3238; x_wconf 78' lang='grc' dir='ltr'>ἐπιζητεῖν</span> <span class='ocrx_word' id='word_1_442' title='bbox 1090 3167 1167 3220; x_wconf 88' lang='grc' dir='ltr'><strong>δεῖ</strong></span> <span class='ocrx_word' id='word_1_443' title='bbox 1185 3184 1198 3198; x_wconf 75' lang='grc' dir='ltr'><strong><em>ο</em></strong></span> <span class='ocrx_word' id='word_1_444' title='bbox 1230 3168 1389 3221; x_wconf 78' lang='grc' dir='ltr'>ὁπότε</span> <span class='ocrx_word' id='word_1_445' title='bbox 1416 3170 1508 3222; x_wconf 74' lang='grc' dir='ltr'>καὶ</span> <span class='ocrx_word' id='word_1_446' title='bbox 1536 3169 1650 3233; x_wconf 86' lang='grc' dir='ltr'>νῦν,</span> 
     </span>
    </p>
   </div>
   <div class='ocr_carea' id='block_1_65' title="bbox 88 3257 1655 3329">
    <p class='ocr_par' dir='ltr' id='par_1_65' title="bbox 88 3257 1655 3329">
     <span class='ocr_line' id='line_1_65' title="bbox 88 3257 1655 3329; baseline -0.001 -18"><span class='ocrx_word' id='word_1_447' title='bbox 88 3259 324 3312; x_wconf 84' lang='grc' dir='ltr'>ἐπίδοσιν</span> <span class='ocrx_word' id='word_1_448' title='bbox 353 3258 455 3327; x_wconf 89' lang='grc' dir='ltr'><strong>τῆς</strong></span> <span class='ocrx_word' id='word_1_449' title='bbox 498 3257 850 3328; x_wconf 83' lang='grc' dir='ltr'>ἀστρολογίας</span> <span class='ocrx_word' id='word_1_450' title='bbox 893 3257 1159 3328; x_wconf 83' lang='grc' dir='ltr'>τοσαύτην</span> <span class='ocrx_word' id='word_1_451' title='bbox 1186 3257 1476 3329; x_wconf 78' lang='grc' dir='ltr'>λαϐούσης,</span> <span class='ocrx_word' id='word_1_452' title='bbox 1508 3259 1655 3328; x_wconf 79' lang='grc' dir='ltr'>ὅμως</span> 
     </span>
    </p>
   </div>
   <div class='ocr_carea' id='block_1_66' title="bbox 85 3347 1654 3421">
    <p class='ocr_par' dir='ltr' id='par_1_66' title="bbox 85 3347 1654 3421">
     <span class='ocr_line' id='line_1_66' title="bbox 85 3347 1654 3421; baseline -0.001 -18"><span class='ocrx_word' id='word_1_453' title='bbox 85 3351 119 3419; x_wconf 74' lang='grc' dir='ltr'>ἡ</span> <span class='ocrx_word' id='word_1_454' title='bbox 149 3350 247 3420; x_wconf 71' lang='grc' dir='ltr'><strong>τῆς</strong></span> <span class='ocrx_word' id='word_1_455' title='bbox 270 3350 543 3419; x_wconf 84' lang='grc' dir='ltr'>κινήσεως</span> <span class='ocrx_word' id='word_1_456' title='bbox 570 3347 850 3418; x_wconf 87' lang='grc' dir='ltr'>ἀνωμαλία</span> <span class='ocrx_word' id='word_1_457' title='bbox 877 3348 1153 3418; x_wconf 79' lang='grc' dir='ltr'>διαφεύγει</span> <span class='ocrx_word' id='word_1_458' title='bbox 1178 3350 1266 3404; x_wconf 83' lang='grc' dir='ltr'>τὸν</span> <span class='ocrx_word' id='word_1_459' title='bbox 1289 3350 1465 3418; x_wconf 88' lang='grc' dir='ltr'>λόγον,</span> <span class='ocrx_word' id='word_1_460' title='bbox 1501 3366 1654 3421; x_wconf 88' lang='grc' dir='ltr'>περι-</span> 
     </span>
    </p>
   </div>
   <div class='ocr_carea' id='block_1_67' title="bbox 88 3437 1657 3511">
    <p class='ocr_par' dir='ltr' id='par_1_67' title="bbox 88 3437 1657 3511">
     <span class='ocr_line' id='line_1_67' title="bbox 88 3437 1657 3511; baseline 0 -19"><span class='ocrx_word' id='word_1_461' title='bbox 88 3441 346 3511; x_wconf 84' lang='grc' dir='ltr'>γινομένη</span> <span class='ocrx_word' id='word_1_462' title='bbox 376 3441 477 3510; x_wconf 88' lang='grc' dir='ltr'><strong>τῆς</strong></span> <span class='ocrx_word' id='word_1_463' title='bbox 501 3437 608 3491; x_wconf 91' lang='grc' dir='ltr'><strong>τῶν</strong></span> <span class='ocrx_word' id='word_1_464' title='bbox 639 3438 1032 3509; x_wconf 85' lang='grc' dir='ltr'>μαθηματικῶν</span> <span class='ocrx_word' id='word_1_465' title='bbox 1053 3440 1362 3511; x_wconf 86' lang='grc' dir='ltr'>ἐμπειρίας.</span> <span class='ocrx_word' id='word_1_466' title='bbox 1393 3440 1501 3504; x_wconf 82' lang='grc' dir='ltr'><strong>Τὰς</strong></span> <span class='ocrx_word' id='word_1_467' title='bbox 1532 3440 1657 3511; x_wconf 82' lang='grc' dir='ltr'>μέν·</span> 
     </span>
    </p>
   </div>
   <div class='ocr_carea' id='block_1_68' title="bbox 87 3529 1658 3602">
    <p class='ocr_par' dir='ltr' id='par_1_68' title="bbox 87 3529 1658 3602">
     <span class='ocr_line' id='line_1_68' title="bbox 87 3529 1658 3602; baseline 0.002 -22"><span class='ocrx_word' id='word_1_468' title='bbox 87 3547 165 3582; x_wconf 88' lang='grc' dir='ltr'><strong>τοι</strong></span> <span class='ocrx_word' id='word_1_469' title='bbox 199 3529 309 3583; x_wconf 89' lang='grc' dir='ltr'><strong>τῶν</strong></span> <span class='ocrx_word' id='word_1_470' title='bbox 343 3529 530 3601; x_wconf 86' lang='grc' dir='ltr'>μηνῶν</span> <span class='ocrx_word' id='word_1_471' title='bbox 563 3529 840 3600; x_wconf 88' lang='grc' dir='ltr'>περιόδους</span> <span class='ocrx_word' id='word_1_472' title='bbox 878 3531 1156 3601; x_wconf 87' lang='grc' dir='ltr'>ὁμολογεῖν</span> <span class='ocrx_word' id='word_1_473' title='bbox 1199 3534 1318 3594; x_wconf 88' lang='grc' dir='ltr'>ταῖς</span> <span class='ocrx_word' id='word_1_474' title='bbox 1358 3530 1527 3602; x_wconf 84' lang='grc' dir='ltr'>ὥραις</span> <span class='ocrx_word' id='word_1_475' title='bbox 1571 3531 1658 3583; x_wconf 69' lang='grc' dir='ltr'>ἀεὶ</span> 
     </span>
    </p>
   </div>
   <div class='ocr_carea' id='block_1_69' title="bbox 85 3619 1657 3693">
    <p class='ocr_par' dir='ltr' id='par_1_69' title="bbox 85 3619 1657 3693">
     <span class='ocr_line' id='line_1_69' title="bbox 85 3619 1657 3693; baseline 0.001 -19"><span class='ocrx_word' id='word_1_476' title='bbox 85 3623 229 3675; x_wconf 77' lang='grc' dir='ltr'>ποιεῖ</span> <span class='ocrx_word' id='word_1_477' title='bbox 269 3623 300 3674; x_wconf 88' lang='grc' dir='ltr'><strong>ό</strong></span> <span class='ocrx_word' id='word_1_478' title='bbox 350 3619 646 3691; x_wconf 83' lang='grc' dir='ltr'>ἐμϐόλιμος</span> <span class='ocrx_word' id='word_1_479' title='bbox 694 3619 773 3690; x_wconf 77' lang='grc' dir='ltr'><strong>τῷ</strong></span> <span class='ocrx_word' id='word_1_480' title='bbox 816 3622 983 3692; x_wconf 86' lang='grc' dir='ltr'>τρίτῳ</span> <span class='ocrx_word' id='word_1_481' title='bbox 1036 3622 1121 3674; x_wconf 72' lang='grc' dir='ltr'><strong>ἀεὶ</strong></span> <span class='ocrx_word' id='word_1_482' title='bbox 1171 3623 1506 3693; x_wconf 84' lang='grc' dir='ltr'>ἐπαγόμενος</span> <span class='ocrx_word' id='word_1_483' title='bbox 1549 3622 1657 3676; x_wconf 89' lang='grc' dir='ltr'><strong>τῶν</strong></span> 
     </span>
    </p>
   </div>
   <div class='ocr_carea' id='block_1_70' title="bbox 89 3710 1658 3784">
    <p class='ocr_par' dir='ltr' id='par_1_70' title="bbox 89 3710 1658 3784">
     <span class='ocr_line' id='line_1_70' title="bbox 89 3710 1658 3784; baseline 0.002 -20"><span class='ocrx_word' id='word_1_484' title='bbox 89 3711 242 3765; x_wconf 78' lang='grc' dir='ltr'>ἐτῶν.</span> <span class='ocrx_word' id='word_1_485' title='bbox 275 3711 352 3764; x_wconf 72' lang='lat' dir='ltr'><strong>To</strong></span> <span class='ocrx_word' id='word_1_486' title='bbox 378 3711 437 3764; x_wconf 82' lang='grc' dir='ltr'><strong>δέ</strong></span> <span class='ocrx_word' id='word_1_487' title='bbox 475 3711 605 3780; x_wconf 74' lang='grc' dir='ltr'>πρὶν</span> <span class='ocrx_word' id='word_1_488' title='bbox 637 3710 951 3782; x_wconf 86' lang='grc' dir='ltr'>ἐμϐολάσαι,</span> <span class='ocrx_word' id='word_1_489' title='bbox 989 3713 1081 3764; x_wconf 75' lang='grc' dir='ltr'>καὶ</span> <span class='ocrx_word' id='word_1_490' title='bbox 1117 3713 1240 3782; x_wconf 78' lang='grc' dir='ltr'>περὶ</span> <span class='ocrx_word' id='word_1_491' title='bbox 1281 3713 1340 3766; x_wconf 87' lang='grc' dir='ltr'>τὸ</span> <span class='ocrx_word' id='word_1_492' title='bbox 1363 3712 1658 3784; x_wconf 76' lang='grc' dir='ltr'>ἐμϐολάζον</span> 
     </span>
    </p>
   </div>
   <div class='ocr_carea' id='block_1_71' title="bbox 89 3803 1657 3878">
    <p class='ocr_par' dir='ltr' id='par_1_71' title="bbox 89 3803 1657 3878">
     <span class='ocr_line' id='line_1_71' title="bbox 89 3803 1657 3878; baseline 0.002 -21"><span class='ocrx_word' id='word_1_493' title='bbox 89 3805 216 3857; x_wconf 77' lang='grc' dir='ltr'>αὐτὸ</span> <span class='ocrx_word' id='word_1_494' title='bbox 260 3803 382 3867; x_wconf 76' lang='grc' dir='ltr'>ἔτος</span> <span class='ocrx_word' id='word_1_495' title='bbox 414 3803 706 3873; x_wconf 79' lang='grc' dir='ltr'>ὑπενεχθέν</span> <span class='ocrx_word' id='word_1_496' title='bbox 743 3821 802 3858; x_wconf 89' lang='grc' dir='ltr'><strong>τε</strong></span> <span class='ocrx_word' id='word_1_497' title='bbox 847 3805 940 3857; x_wconf 78' lang='grc' dir='ltr'>καὶ</span> <span class='ocrx_word' id='word_1_498' title='bbox 980 3805 1280 3869; x_wconf 82' lang='grc' dir='ltr'>ἐπαλλάξαν</span> <span class='ocrx_word' id='word_1_499' title='bbox 1312 3806 1420 3858; x_wconf 86' lang='grc' dir='ltr'><strong>τῶν</strong></span> <span class='ocrx_word' id='word_1_500' title='bbox 1453 3807 1657 3878; x_wconf 87' lang='grc' dir='ltr'>μηνῶν,</span> 
     </span>
    </p>
   </div>
   <div class='ocr_carea' id='block_1_72' title="bbox 85 3894 1659 3969">
    <p class='ocr_par' dir='ltr' id='par_1_72' title="bbox 85 3894 1659 3969">
     <span class='ocr_line' id='line_1_72' title="bbox 85 3894 1659 3969; baseline 0.004 -22"><span class='ocrx_word' id='word_1_501' title='bbox 85 3896 167 3948; x_wconf 78' lang='grc' dir='ltr'><strong>ἐτι</strong></span> <span class='ocrx_word' id='word_1_502' title='bbox 202 3895 373 3948; x_wconf 88' lang='grc' dir='ltr'>δεῖται</span> <span class='ocrx_word' id='word_1_503' title='bbox 424 3894 605 3962; x_wconf 89' lang='grc' dir='ltr'>λόγου,</span> <span class='ocrx_word' id='word_1_504' title='bbox 646 3895 762 3959; x_wconf 88' lang='grc' dir='ltr'><strong>πῶς</strong></span> <span class='ocrx_word' id='word_1_505' title='bbox 814 3896 879 3949; x_wconf 82' lang='grc' dir='ltr'>ἂν</span> <span class='ocrx_word' id='word_1_506' title='bbox 925 3897 1356 3966; x_wconf 84' lang='grc' dir='ltr'>ἑρμηνευόμενον</span> <span class='ocrx_word' id='word_1_507' title='bbox 1406 3899 1659 3969; x_wconf 83' lang='grc' dir='ltr'>τυγχάνοι</span> 
     </span>
    </p>
   </div>
   <div class='ocr_carea' id='block_1_73' title="bbox 87 3983 1660 4060">
    <p class='ocr_par' dir='ltr' id='par_1_73' title="bbox 87 3983 1660 4060">
     <span class='ocr_line' id='line_1_73' title="bbox 87 3983 1660 4060; baseline 0 -20"><span class='ocrx_word' id='word_1_508' title='bbox 87 3985 178 4040; x_wconf 89' lang='grc' dir='ltr'><strong>τοῦ</strong></span> <span class='ocrx_word' id='word_1_509' title='bbox 220 3983 430 4039; x_wconf 77' lang='grc' dir='ltr'>ἱκανοῦ.</span> <span class='ocrx_word' id='word_1_510' title='bbox 462 3985 632 4055; x_wconf 88' lang='grc' dir='ltr'>Δῆλον</span> <span class='ocrx_word' id='word_1_511' title='bbox 660 3985 786 4056; x_wconf 76' lang='grc' dir='ltr'>γάρ,</span> <span class='ocrx_word' id='word_1_512' title='bbox 813 3986 894 4038; x_wconf 79' lang='grc' dir='ltr'>ὅτι</span> <span class='ocrx_word' id='word_1_513' title='bbox 927 3985 987 4038; x_wconf 83' lang='grc' dir='ltr'>τὸ</span> <span class='ocrx_word' id='word_1_514' title='bbox 1011 3985 1304 4056; x_wconf 81' lang='grc' dir='ltr'>ἐμϐολάζον</span> <span class='ocrx_word' id='word_1_515' title='bbox 1335 3987 1504 4056; x_wconf 85' lang='grc' dir='ltr'>συχνά</span> <span class='ocrx_word' id='word_1_516' title='bbox 1530 3989 1660 4060; x_wconf 82' lang='grc' dir='ltr'>παρ’</span> 
     </span>
    </p>
   </div>
   <div class='ocr_carea' id='block_1_74' title="bbox 82 4075 1656 4149">
    <p class='ocr_par' dir='ltr' id='par_1_74' title="bbox 82 4075 1656 4149">
     <span class='ocr_line' id='line_1_74' title="bbox 82 4075 1656 4149; baseline 0 -18"><span class='ocrx_word' id='word_1_517' title='bbox 82 4079 181 4133; x_wconf 72' lang='grc' dir='ltr'>ἶνα</span> <span class='ocrx_word' id='word_1_518' title='bbox 218 4096 325 4132; x_wconf 90' lang='grc' dir='ltr'><strong>που</strong></span> <span class='ocrx_word' id='word_1_519' title='bbox 373 4076 486 4142; x_wconf 71' lang='grc' dir='ltr'>ἔξει</span> <span class='ocrx_word' id='word_1_520' title='bbox 530 4077 656 4140; x_wconf 71' lang='grc' dir='ltr'>τοὺς</span> <span class='ocrx_word' id='word_1_521' title='bbox 697 4077 870 4148; x_wconf 89' lang='grc' dir='ltr'>μῆνας</span> <span class='ocrx_word' id='word_1_522' title='bbox 913 4076 1266 4148; x_wconf 87' lang='grc' dir='ltr'>ἀνομολόγους</span> <span class='ocrx_word' id='word_1_523' title='bbox 1311 4079 1430 4140; x_wconf 85' lang='grc' dir='ltr'>ταῖς</span> <span class='ocrx_word' id='word_1_524' title='bbox 1469 4075 1656 4149; x_wconf 82' lang='grc' dir='ltr'>ὥραις.</span> 
     </span>
    </p>
   </div>
   <div class='ocr_carea' id='block_1_75' title="bbox 85 4167 1661 4240">
    <p class='ocr_par' dir='ltr' id='par_1_75' title="bbox 85 4167 1661 4240">
     <span class='ocr_line' id='line_1_75' title="bbox 85 4167 1661 4240; baseline -0.001 -18"><span class='ocrx_word' id='word_1_525' title='bbox 85 4171 176 4223; x_wconf 78' lang='grc' dir='ltr'><strong>Διὸ</strong></span> <span class='ocrx_word' id='word_1_526' title='bbox 217 4169 319 4224; x_wconf 82' lang='grc' dir='ltr'>καὶ</span> <span class='ocrx_word' id='word_1_527' title='bbox 367 4167 734 4239; x_wconf 79' lang='grc' dir='ltr'>Θεόφραστος,</span> <span class='ocrx_word' id='word_1_528' title='bbox 769 4187 788 4220; x_wconf 79' lang='grc' dir='ltr'><strong>ι</strong></span> <span class='ocrx_word' id='word_1_529' title='bbox 826 4169 1023 4239; x_wconf 83' lang='grc' dir='ltr'>Ἔαρος</span> <span class='ocrx_word' id='word_1_530' title='bbox 1066 4167 1226 4232; x_wconf 71' lang='grc' dir='ltr'>εὐθὺς</span> <span class='ocrx_word' id='word_1_531' title='bbox 1253 4169 1536 4240; x_wconf 74' lang='grc' dir='ltr'>ἱσταμένου</span> <span class='ocrx_word' id='word_1_532' title='bbox 1564 4167 1661 4221; x_wconf 89' lang='grc' dir='ltr'><strong>τοῦ</strong></span> 
     </span>
    </p>
   </div>
   <div class='ocr_carea' id='block_1_76' title="bbox 85 4258 1718 4346">
    <p class='ocr_par' dir='ltr' id='par_1_76' title="bbox 85 4258 1718 4346">
     <span class='ocr_line' id='line_1_76' title="bbox 85 4258 1718 4346; baseline -0.001 -34"><span class='ocrx_word' id='word_1_533' title='bbox 85 4259 495 4332; x_wconf 78' lang='grc' dir='ltr'>Θαργηλιῶνος,</span> <span class='ocrx_word' id='word_1_534' title='bbox 528 4278 546 4309; x_wconf 67' lang='grc' dir='ltr'><strong>ι</strong></span> <span class='ocrx_word' id='word_1_535' title='bbox 582 4259 762 4328; x_wconf 78' lang='grc' dir='ltr'>φησὶν,</span> <span class='ocrx_word' id='word_1_536' title='bbox 789 4258 864 4322; x_wconf 87' lang='grc' dir='ltr'>ὼς</span> <span class='ocrx_word' id='word_1_537' title='bbox 889 4259 982 4311; x_wconf 90' lang='grc' dir='ltr'><strong>τοῦ</strong></span> <span class='ocrx_word' id='word_1_538' title='bbox 1011 4258 1384 4329; x_wconf 87' lang='grc' dir='ltr'>Μουνυχιῶνος</span> <span class='ocrx_word' id='word_1_539' title='bbox 1425 4275 1666 4329; x_wconf 83' lang='grc' dir='ltr'>χειμερι-</span> <span class='ocrx_word' id='word_1_540' title='bbox 1701 4309 1718 4346; x_wconf 33' lang='grc' dir='ltr'>ἐ</span> 
     </span>
    </p>
   </div>
   <div class='ocr_carea' id='block_1_77' title="bbox 83 4347 1712 4437">
    <p class='ocr_par' dir='ltr' id='par_1_77' title="bbox 83 4347 1712 4437">
     <span class='ocr_line' id='line_1_77' title="bbox 83 4347 1712 4437; baseline -0.002 -31"><span class='ocrx_word' id='word_1_541' title='bbox 83 4353 178 4406; x_wconf 73' lang='grc' dir='ltr'><strong>⁴δοῦ</strong></span> <span class='ocrx_word' id='word_1_542' title='bbox 228 4353 296 4424; x_wconf 80' lang='grc' dir='ltr'>δὴ</span> <span class='ocrx_word' id='word_1_543' title='bbox 328 4349 623 4420; x_wconf 88' lang='grc' dir='ltr'>γενομένου</span> <span class='ocrx_word' id='word_1_544' title='bbox 645 4365 659 4380; x_wconf 81' lang='lat'><strong><em>°</em></strong></span> <span class='ocrx_word' id='word_1_545' title='bbox 703 4349 796 4404; x_wconf 89' lang='grc' dir='ltr'><strong>τοῦ</strong></span> <span class='ocrx_word' id='word_1_546' title='bbox 822 4351 866 4403; x_wconf 91' lang='grc' dir='ltr'>δ’</span> <span class='ocrx_word' id='word_1_547' title='bbox 895 4347 1441 4437; x_wconf 71' lang='grc' dir='ltr'>ἐμϐολίμουθερινοῦ</span> <span class='ocrx_word' id='word_1_548' title='bbox 1473 4367 1664 4420; x_wconf 87' lang='grc' dir='ltr'>τροπι-</span> <span class='ocrx_word' id='word_1_549' title='bbox 1698 4351 1712 4362; x_wconf 87' lang='grc'>”</span> 
     </span>
    </p>
   </div>
   <div class='ocr_carea' id='block_1_78' title="bbox 1755 3152 3317 3242">
    <p class='ocr_par' dir='ltr' id='par_1_78' title="bbox 1755 3152 3317 3242">
     <span class='ocr_line' id='line_1_78' title="bbox 1755 3152 3317 3242; baseline -0.004 -16"><span class='ocrx_word' id='word_1_550' title='bbox 1755 3189 1864 3226; x_wconf 91' lang='lat' dir='ltr'><strong>non</strong></span> <span class='ocrx_word' id='word_1_551' title='bbox 1896 3152 2249 3242; x_wconf 80' lang='lat' dir='ltr'><strong>improbabile</strong></span> <span class='ocrx_word' id='word_1_552' title='bbox 2280 3177 2363 3226; x_wconf 85' lang='lat' dir='ltr'><strong>est</strong></span> <span class='ocrx_word' id='word_1_553' title='bbox 2391 3188 2404 3223; x_wconf 89' lang='lat'>:</span> <span class='ocrx_word' id='word_1_554' title='bbox 2438 3177 2551 3224; x_wconf 86' lang='lat' dir='ltr'><strong>tum</strong></span> <span class='ocrx_word' id='word_1_555' title='bbox 2601 3170 2747 3238; x_wconf 86' lang='lat' dir='ltr'><strong>quod</strong></span> <span class='ocrx_word' id='word_1_556' title='bbox 2793 3169 2934 3222; x_wconf 89' lang='lat' dir='ltr'><strong>inest</strong></span> <span class='ocrx_word' id='word_1_557' title='bbox 2965 3167 3148 3231; x_wconf 89' lang='lat' dir='ltr'><strong>dubii,</strong></span> <span class='ocrx_word' id='word_1_558' title='bbox 3196 3182 3317 3238; x_wconf 68' lang='lat' dir='ltr'><strong>quae</strong></span> 
     </span>
    </p>
   </div>
   <div class='ocr_carea' id='block_1_79' title="bbox 1755 3255 3315 3333">
    <p class='ocr_par' dir='ltr' id='par_1_79' title="bbox 1755 3255 3315 3333">
     <span class='ocr_line' id='line_1_79' title="bbox 1755 3255 3315 3333; baseline -0.005 -17"><span class='ocrx_word' id='word_1_559' title='bbox 1755 3271 1943 3333; x_wconf 88' lang='lat' dir='ltr'><strong>postea</strong></span> <span class='ocrx_word' id='word_1_560' title='bbox 1976 3260 2200 3315; x_wconf 88' lang='lat' dir='ltr'><strong>emersit</strong></span> <span class='ocrx_word' id='word_1_561' title='bbox 2226 3258 2564 3314; x_wconf 86' lang='lat' dir='ltr'><strong>intercalatio</strong></span> <span class='ocrx_word' id='word_1_562' title='bbox 2596 3257 2779 3311; x_wconf 91' lang='lat' dir='ltr'><strong>solvit.</strong></span> <span class='ocrx_word' id='word_1_563' title='bbox 2831 3257 3009 3326; x_wconf 87' lang='lat' dir='ltr'><strong>Atque</strong></span> <span class='ocrx_word' id='word_1_564' title='bbox 3055 3255 3218 3310; x_wconf 89' lang='lat' dir='ltr'><strong>etiam</strong></span> <span class='ocrx_word' id='word_1_565' title='bbox 3269 3255 3315 3311; x_wconf 90' lang='lat' dir='ltr'><strong>si</strong></span> 
     </span>
    </p>
   </div>
   <div class='ocr_carea' id='block_1_80' title="bbox 1755 3344 3314 3422">
    <p class='ocr_par' dir='ltr' id='par_1_80' title="bbox 1755 3344 3314 3422">
     <span class='ocr_line' id='line_1_80' title="bbox 1755 3344 3314 3422; baseline -0.005 -18"><span class='ocrx_word' id='word_1_566' title='bbox 1755 3351 1886 3422; x_wconf 89' lang='lat' dir='ltr'><strong>quid</strong></span> <span class='ocrx_word' id='word_1_567' title='bbox 1917 3351 2160 3421; x_wconf 85' lang='lat' dir='ltr'><strong>longiore</strong></span> <span class='ocrx_word' id='word_1_568' title='bbox 2189 3349 2447 3418; x_wconf 89' lang='lat' dir='ltr'><strong>temporis</strong></span> <span class='ocrx_word' id='word_1_569' title='bbox 2492 3347 2775 3401; x_wconf 86' lang='lat' dir='ltr'><strong>intervallo</strong></span> <span class='ocrx_word' id='word_1_570' title='bbox 2804 3346 2981 3399; x_wconf 89' lang='lat' dir='ltr'><strong>adhuc</strong></span> <span class='ocrx_word' id='word_1_571' title='bbox 3025 3344 3314 3406; x_wconf 87' lang='lat' dir='ltr'><strong>evariaret,</strong></span> 
     </span>
    </p>
   </div>
   <div class='ocr_carea' id='block_1_81' title="bbox 1755 3435 3320 3509">
    <p class='ocr_par' dir='ltr' id='par_1_81' title="bbox 1755 3435 3320 3509">
     <span class='ocr_line' id='line_1_81' title="bbox 1755 3435 3320 3509; baseline -0.005 -11"><span class='ocrx_word' id='word_1_572' title='bbox 1755 3443 2014 3498; x_wconf 86' lang='lat' dir='ltr'><strong>credibile</strong></span> <span class='ocrx_word' id='word_1_573' title='bbox 2039 3449 2122 3498; x_wconf 91' lang='lat' dir='ltr'><strong>est</strong></span> <span class='ocrx_word' id='word_1_574' title='bbox 2169 3441 2253 3495; x_wconf 90' lang='lat' dir='ltr'><strong>vel</strong></span> <span class='ocrx_word' id='word_1_575' title='bbox 2295 3441 2548 3509; x_wconf 88' lang='lat' dir='ltr'><strong>antiquos</strong></span> <span class='ocrx_word' id='word_1_576' title='bbox 2581 3440 2729 3509; x_wconf 89' lang='lat' dir='ltr'><strong>ipsos</strong></span> <span class='ocrx_word' id='word_1_577' title='bbox 2783 3437 3212 3509; x_wconf 86' lang='lat' dir='ltr'><strong>perspicientes,</strong></span> <span class='ocrx_word' id='word_1_578' title='bbox 3265 3435 3320 3490; x_wconf 89' lang='lat' dir='ltr'><strong>id</strong></span> 
     </span>
    </p>
   </div>
   <div class='ocr_carea' id='block_1_82' title="bbox 1756 3527 3317 3605">
    <p class='ocr_par' dir='ltr' id='par_1_82' title="bbox 1756 3527 3317 3605">
     <span class='ocr_line' id='line_1_82' title="bbox 1756 3527 3317 3605; baseline -0.005 -17"><span class='ocrx_word' id='word_1_579' title='bbox 1756 3549 1972 3605; x_wconf 90' lang='lat' dir='ltr'><strong>quoque</strong></span> <span class='ocrx_word' id='word_1_580' title='bbox 2001 3529 2402 3603; x_wconf 89' lang='lat' dir='ltr'><strong>quodammodo</strong></span> <span class='ocrx_word' id='word_1_581' title='bbox 2427 3530 2770 3596; x_wconf 72' lang='lat' dir='ltr'><strong>correxisse;</strong></span> <span class='ocrx_word' id='word_1_582' title='bbox 2810 3527 2972 3581; x_wconf 90' lang='lat' dir='ltr'><strong>modo</strong></span> <span class='ocrx_word' id='word_1_583' title='bbox 3001 3528 3317 3598; x_wconf 89' lang='lat' dir='ltr'><strong>longiorem,</strong></span> 
     </span>
    </p>
   </div>
   <div class='ocr_carea' id='block_1_83' title="bbox 1757 3617 3322 3688">
    <p class='ocr_par' dir='ltr' id='par_1_83' title="bbox 1757 3617 3322 3688">
     <span class='ocr_line' id='line_1_83' title="bbox 1757 3617 3322 3688; baseline -0.003 -10"><span class='ocrx_word' id='word_1_584' title='bbox 1757 3623 1920 3678; x_wconf 88' lang='lat' dir='ltr'><strong>modo</strong></span> <span class='ocrx_word' id='word_1_585' title='bbox 1958 3622 2258 3676; x_wconf 79' lang='lat' dir='ltr'><strong>breviorem</strong></span> <span class='ocrx_word' id='word_1_586' title='bbox 2296 3620 2759 3674; x_wconf 89' lang='lat' dir='ltr'><strong>intercalationem</strong></span> <span class='ocrx_word' id='word_1_587' title='bbox 2814 3619 3098 3673; x_wconf 79' lang='lat' dir='ltr'><strong>facientes.</strong></span> <span class='ocrx_word' id='word_1_588' title='bbox 3133 3617 3322 3688; x_wconf 73' lang='lat' dir='ltr'><strong>Neque</strong></span> 
     </span>
    </p>
   </div>
   <div class='ocr_carea' id='block_1_84' title="bbox 1757 3696 3325 3781">
    <p class='ocr_par' dir='ltr' id='par_1_84' title="bbox 1757 3696 3325 3781">
     <span class='ocr_line' id='line_1_84' title="bbox 1757 3696 3325 3781; baseline -0.004 -12"><span class='ocrx_word' id='word_1_589' title='bbox 1757 3729 1887 3770; x_wconf 89' lang='lat' dir='ltr'><strong>vero</strong></span> <span class='ocrx_word' id='word_1_590' title='bbox 1912 3696 2162 3769; x_wconf 79' lang='lat' dir='ltr'><strong>exactam</strong></span> <span class='ocrx_word' id='word_1_591' title='bbox 2196 3715 2253 3766; x_wconf 89' lang='lat' dir='ltr'><strong>in</strong></span> <span class='ocrx_word' id='word_1_592' title='bbox 2283 3713 2368 3767; x_wconf 90' lang='lat' dir='ltr'><strong>bis</strong></span> <span class='ocrx_word' id='word_1_593' title='bbox 2401 3711 2760 3781; x_wconf 75' lang='lat' dir='ltr'><strong>diligentiam,</strong></span> <span class='ocrx_word' id='word_1_594' title='bbox 2792 3719 2844 3764; x_wconf 87' lang='lat' dir='ltr'><strong>et</strong></span> <span class='ocrx_word' id='word_1_595' title='bbox 2877 3710 2945 3763; x_wconf 86' lang='lat' dir='ltr'><strong>ab</strong></span> <span class='ocrx_word' id='word_1_596' title='bbox 2972 3710 3118 3764; x_wconf 91' lang='lat' dir='ltr'><strong>omni</strong></span> <span class='ocrx_word' id='word_1_597' title='bbox 3140 3725 3325 3765; x_wconf 86' lang='lat' dir='ltr'><strong>errore</strong></span> 
     </span>
    </p>
   </div>
   <div class='ocr_carea' id='block_1_85' title="bbox 1757 3799 3324 3872">
    <p class='ocr_par' dir='ltr' id='par_1_85' title="bbox 1757 3799 3324 3872">
     <span class='ocr_line' id='line_1_85' title="bbox 1757 3799 3324 3872; baseline -0.004 -13"><span class='ocrx_word' id='word_1_598' title='bbox 1757 3804 1843 3859; x_wconf 81' lang='lat' dir='ltr'><strong>vel</strong></span> <span class='ocrx_word' id='word_1_599' title='bbox 1877 3803 2153 3859; x_wconf 89' lang='lat' dir='ltr'><strong>levissimo</strong></span> <span class='ocrx_word' id='word_1_600' title='bbox 2185 3810 2354 3857; x_wconf 87' lang='lat' dir='ltr'><strong>tutam</strong></span> <span class='ocrx_word' id='word_1_601' title='bbox 2383 3803 2598 3872; x_wconf 76' lang='lat' dir='ltr'><strong>exigere</strong></span> <span class='ocrx_word' id='word_1_602' title='bbox 2627 3807 2860 3871; x_wconf 85' lang='lat' dir='ltr'><strong>oportet,</strong></span> <span class='ocrx_word' id='word_1_603' title='bbox 2888 3799 3324 3870; x_wconf 88' lang='lat' dir='ltr'><strong>quandoquidem</strong></span> 
     </span>
    </p>
   </div>
   <div class='ocr_carea' id='block_1_86' title="bbox 1760 3893 3325 3967">
    <p class='ocr_par' dir='ltr' id='par_1_86' title="bbox 1760 3893 3325 3967">
     <span class='ocr_line' id='line_1_86' title="bbox 1760 3893 3325 3967; baseline -0.003 -16"><span class='ocrx_word' id='word_1_604' title='bbox 1760 3896 1862 3951; x_wconf 89' lang='lat' dir='ltr'><strong>hoc</strong></span> <span class='ocrx_word' id='word_1_605' title='bbox 1889 3911 2102 3967; x_wconf 91' lang='lat' dir='ltr'><strong>quoque</strong></span> <span class='ocrx_word' id='word_1_606' title='bbox 2128 3897 2328 3950; x_wconf 61' lang='lat' dir='ltr'><strong>saeculo</strong></span> <span class='ocrx_word' id='word_1_607' title='bbox 2353 3934 2368 3960; x_wconf 92' lang='lat'><strong>,</strong></span> <span class='ocrx_word' id='word_1_608' title='bbox 2421 3909 2530 3965; x_wconf 89' lang='lat' dir='ltr'><strong>quo</strong></span> <span class='ocrx_word' id='word_1_609' title='bbox 2579 3893 2871 3962; x_wconf 84' lang='lat' dir='ltr'><strong>astrologia</strong></span> <span class='ocrx_word' id='word_1_610' title='bbox 2899 3899 3109 3946; x_wconf 88' lang='lat' dir='ltr'><strong>tantum</strong></span> <span class='ocrx_word' id='word_1_611' title='bbox 3142 3893 3325 3947; x_wconf 74' lang='lat' dir='ltr'><strong>incre-</strong></span> 
     </span>
    </p>
   </div>
   <div class='ocr_carea' id='block_1_87' title="bbox 1762 3981 3326 4052">
    <p class='ocr_par' dir='ltr' id='par_1_87' title="bbox 1762 3981 3326 4052">
     <span class='ocr_line' id='line_1_87' title="bbox 1762 3981 3326 4052; baseline 0.001 -16"><span class='ocrx_word' id='word_1_612' title='bbox 1762 3982 1929 4036; x_wconf 89' lang='lat' dir='ltr'><strong>menti</strong></span> <span class='ocrx_word' id='word_1_613' title='bbox 2000 3983 2433 4052; x_wconf 67' lang='lat' dir='ltr'><strong>praastantiaeque</strong></span> <span class='ocrx_word' id='word_1_614' title='bbox 2491 3981 2686 4050; x_wconf 86' lang='lat' dir='ltr'><strong>adepta</strong></span> <span class='ocrx_word' id='word_1_615' title='bbox 2735 3989 2854 4046; x_wconf 87' lang='lat' dir='ltr'><strong>est,</strong></span> <span class='ocrx_word' id='word_1_616' title='bbox 2907 3991 3083 4035; x_wconf 87' lang='lat' dir='ltr'><strong>tamen</strong></span> <span class='ocrx_word' id='word_1_617' title='bbox 3144 3989 3326 4037; x_wconf 67' lang='lat' dir='ltr'><strong>mutus</strong></span> 
     </span>
    </p>
   </div>
   <div class='ocr_carea' id='block_1_88' title="bbox 1711 4073 3328 4144">
    <p class='ocr_par' dir='ltr' id='par_1_88' title="bbox 1711 4073 3328 4144">
     <span class='ocr_line' id='line_1_88' title="bbox 1711 4073 3328 4144; baseline -0.001 -15"><span class='ocrx_word' id='word_1_618' title='bbox 1711 4131 1714 4134; x_wconf 67' lang='grc'><strong>,</strong></span> <span class='ocrx_word' id='word_1_619' title='bbox 1761 4073 2093 4143; x_wconf 88' lang='lat' dir='ltr'><strong>disparilitas</strong></span> <span class='ocrx_word' id='word_1_620' title='bbox 2116 4076 2623 4130; x_wconf 87' lang='lat' dir='ltr'><strong>mathematicorum</strong></span> <span class='ocrx_word' id='word_1_621' title='bbox 2649 4073 2886 4127; x_wconf 90' lang='lat' dir='ltr'><strong>rationes</strong></span> <span class='ocrx_word' id='word_1_622' title='bbox 2916 4073 3053 4144; x_wconf 89' lang='lat' dir='ltr'><strong>fugit</strong></span> <span class='ocrx_word' id='word_1_623' title='bbox 3080 4091 3093 4128; x_wconf 94' lang='lat'><strong>:</strong></span> <span class='ocrx_word' id='word_1_624' title='bbox 3126 4075 3328 4144; x_wconf 90' lang='lat' dir='ltr'><strong>quippe</strong></span> 
     </span>
    </p>
   </div>
   <div class='ocr_carea' id='block_1_89' title="bbox 1761 4167 3330 4236">
    <p class='ocr_par' dir='ltr' id='par_1_89' title="bbox 1761 4167 3330 4236">
     <span class='ocr_line' id='line_1_89' title="bbox 1761 4167 3330 4236; baseline 0.002 -18"><span class='ocrx_word' id='word_1_625' title='bbox 1761 4181 1883 4236; x_wconf 68' lang='lat' dir='ltr'><strong>qua:</strong></span> <span class='ocrx_word' id='word_1_626' title='bbox 1909 4170 2157 4235; x_wconf 87' lang='lat' dir='ltr'><strong>superior</strong></span> <span class='ocrx_word' id='word_1_627' title='bbox 2188 4168 2260 4220; x_wconf 87' lang='lat' dir='ltr'><strong>sit</strong></span> <span class='ocrx_word' id='word_1_628' title='bbox 2291 4182 2478 4222; x_wconf 89' lang='lat' dir='ltr'><strong>eorum</strong></span> <span class='ocrx_word' id='word_1_629' title='bbox 2511 4168 2725 4236; x_wconf 88' lang='lat' dir='ltr'><strong>peritia.</strong></span> <span class='ocrx_word' id='word_1_630' title='bbox 2789 4167 2894 4223; x_wconf 88' lang='lat' dir='ltr'><strong>Sed</strong></span> <span class='ocrx_word' id='word_1_631' title='bbox 2944 4174 3124 4226; x_wconf 75' lang='lat' dir='ltr'><strong>tanien</strong></span> <span class='ocrx_word' id='word_1_632' title='bbox 3175 4183 3330 4222; x_wconf 69' lang='lat' dir='ltr'><strong>men~</strong></span> 
     </span>
    </p>
   </div>
   <div class='ocr_carea' id='block_1_90' title="bbox 1763 4259 3329 4331">
    <p class='ocr_par' dir='ltr' id='par_1_90' title="bbox 1763 4259 3329 4331">
     <span class='ocr_line' id='line_1_90' title="bbox 1763 4259 3329 4331; baseline 0.001 -16"><span class='ocrx_word' id='word_1_633' title='bbox 1763 4259 1904 4315; x_wconf 86' lang='lat' dir='ltr'><strong>sium</strong></span> <span class='ocrx_word' id='word_1_634' title='bbox 1931 4275 2149 4322; x_wconf 89' lang='lat' dir='ltr'><strong>cursus,</strong></span> <span class='ocrx_word' id='word_1_635' title='bbox 2177 4265 2235 4313; x_wconf 91' lang='lat' dir='ltr'><strong>ut</strong></span> <span class='ocrx_word' id='word_1_636' title='bbox 2257 4274 2379 4313; x_wconf 93' lang='lat' dir='ltr'><strong>cum</strong></span> <span class='ocrx_word' id='word_1_637' title='bbox 2407 4260 2536 4312; x_wconf 91' lang='lat' dir='ltr'><strong>anni</strong></span> <span class='ocrx_word' id='word_1_638' title='bbox 2583 4260 2919 4331; x_wconf 86' lang='lat' dir='ltr'><strong>temporibus</strong></span> <span class='ocrx_word' id='word_1_639' title='bbox 2953 4275 3166 4330; x_wconf 85' lang='lat' dir='ltr'><strong>semper</strong></span> <span class='ocrx_word' id='word_1_640' title='bbox 3193 4275 3329 4316; x_wconf 86' lang='lat' dir='ltr'><strong>con-</strong></span> 
     </span>
    </p>
   </div>
   <div class='ocr_carea' id='block_1_91' title="bbox 1715 4345 3327 4422">
    <p class='ocr_par' dir='ltr' id='par_1_91' title="bbox 1715 4345 3327 4422">
     <span class='ocr_line' id='line_1_91' title="bbox 1715 4345 3327 4422; baseline 0.002 -20"><span class='ocrx_word' id='word_1_641' title='bbox 1715 4345 1724 4354; x_wconf 74' lang='grc'><em>’</em></span> <span class='ocrx_word' id='word_1_642' title='bbox 1765 4359 1981 4422; x_wconf 85' lang='lat' dir='ltr'><strong>gruant,</strong></span> <span class='ocrx_word' id='word_1_643' title='bbox 2021 4349 2151 4404; x_wconf 89' lang='lat' dir='ltr'><strong>facit</strong></span> <span class='ocrx_word' id='word_1_644' title='bbox 2196 4351 2570 4418; x_wconf 57' lang='lat' dir='ltr'><strong>post&#39;tertium</strong></span> <span class='ocrx_word' id='word_1_645' title='bbox 2603 4365 2872 4420; x_wconf 87' lang='lat' dir='ltr'><strong>quemque</strong></span> <span class='ocrx_word' id='word_1_646' title='bbox 2923 4365 3124 4405; x_wconf 87' lang='lat' dir='ltr'><strong>annum</strong></span> <span class='ocrx_word' id='word_1_647' title='bbox 3155 4352 3327 4406; x_wconf 90' lang='lat' dir='ltr'><strong>intro-</strong></span> 
     </span>
    </p>
   </div>
   <div class='ocr_carea' id='block_1_92' title="bbox 91 4439 1655 4515">
    <p class='ocr_par' dir='ltr' id='par_1_92' title="bbox 91 4441 1655 4515">
     <span class='ocr_line' id='line_1_92' title="bbox 91 4441 1655 4515; baseline -0.001 -18"><span class='ocrx_word' id='word_1_648' title='bbox 91 4445 205 4509; x_wconf 87' lang='grc' dir='ltr'>κοῦ,</span> <span class='ocrx_word' id='word_1_649' title='bbox 235 4445 272 4515; x_wconf 82' lang='grc' dir='ltr'>ἢ</span> <span class='ocrx_word' id='word_1_650' title='bbox 299 4444 394 4496; x_wconf 76' lang='grc' dir='ltr'><strong>καὶ</strong></span> <span class='ocrx_word' id='word_1_651' title='bbox 437 4442 860 4512; x_wconf 83' lang='grc' dir='ltr'>περιστήσαντος</span> <span class='ocrx_word' id='word_1_652' title='bbox 903 4442 1000 4514; x_wconf 79' lang='grc' dir='ltr'>τὴν</span> <span class='ocrx_word' id='word_1_653' title='bbox 1038 4442 1243 4514; x_wconf 78' lang='grc' dir='ltr'>τροπὴν</span> <span class='ocrx_word' id='word_1_654' title='bbox 1272 4443 1351 4505; x_wconf 84' lang='grc' dir='ltr'><strong>είς</strong></span> <span class='ocrx_word' id='word_1_655' title='bbox 1383 4441 1655 4511; x_wconf 62' lang='grc' dir='ltr'>ίστάμενόι</span> 
     </span>
    </p>
   </div>
   <div class='ocr_carea' id='block_1_93' title="bbox 1758 4439 3330 4515">
    <p class='ocr_par' dir='ltr' id='par_1_93' title="bbox 1767 4439 3330 4507">
     <span class='ocr_line' id='line_1_93' title="bbox 1767 4439 3330 4507; baseline 0 -11"><span class='ocrx_word' id='word_1_656' title='bbox 1767 4441 1928 4496; x_wconf 88' lang='lat' dir='ltr'><strong>ducta</strong></span> <span class='ocrx_word' id='word_1_657' title='bbox 1970 4441 2326 4495; x_wconf 89' lang='lat' dir='ltr'><strong>intercalatio.</strong></span> <span class='ocrx_word' id='word_1_658' title='bbox 2368 4439 2638 4495; x_wconf 64' lang='lat' dir='ltr'><strong>Caeterum</strong></span> <span class='ocrx_word' id='word_1_659' title='bbox 2672 4441 2926 4495; x_wconf 85' lang='lat' dir='ltr'><strong>confusio</strong></span> <span class='ocrx_word' id='word_1_660' title='bbox 2959 4442 3072 4507; x_wconf 89' lang='lat' dir='ltr'><strong>illa,</strong></span> <span class='ocrx_word' id='word_1_661' title='bbox 3103 4449 3156 4496; x_wconf 91' lang='lat' dir='ltr'><strong>et</strong></span> <span class='ocrx_word' id='word_1_662' title='bbox 3181 4457 3330 4497; x_wconf 87' lang='lat' dir='ltr'><strong>men-</strong></span> 
     </span>
    </p>
   </div>
   <div class='ocr_carea' id='block_1_94' title="bbox 89 4530 1662 4607">
    <p class='ocr_par' dir='ltr' id='par_1_94' title="bbox 89 4530 1662 4607">
     <span class='ocr_line' id='line_1_94' title="bbox 89 4530 1662 4607; baseline -0.001 -18"><span class='ocrx_word' id='word_1_663' title='bbox 89 4553 192 4589; x_wconf 82' lang='grc' dir='ltr'><strong>που</strong></span> <span class='ocrx_word' id='word_1_664' title='bbox 232 4536 328 4589; x_wconf 86' lang='grc' dir='ltr'>τὸν</span> <span class='ocrx_word' id='word_1_665' title='bbox 364 4532 812 4604; x_wconf 85' lang='grc' dir='ltr'>Ἑκατομϐαιῶνα</span> <span class='ocrx_word' id='word_1_666' title='bbox 831 4549 847 4564; x_wconf 89' lang='grc'><strong>·</strong></span> <span class='ocrx_word' id='word_1_667' title='bbox 878 4533 1034 4587; x_wconf 90' lang='grc' dir='ltr'>τοῦτο</span> <span class='ocrx_word' id='word_1_668' title='bbox 1061 4534 1158 4606; x_wconf 84' lang='grc' dir='ltr'>μὲν</span> <span class='ocrx_word' id='word_1_669' title='bbox 1201 4530 1294 4588; x_wconf 72' lang='grc' dir='ltr'>οὖν</span> <span class='ocrx_word' id='word_1_670' title='bbox 1322 4534 1397 4607; x_wconf 82' lang='grc' dir='ltr'>μὴ</span> <span class='ocrx_word' id='word_1_671' title='bbox 1429 4534 1662 4606; x_wconf 83' lang='grc' dir='ltr'>συμϐαί-</span> 
     </span>
    </p>
   </div>
   <div class='ocr_carea' id='block_1_95' title="bbox 92 4619 1666 4697">
    <p class='ocr_par' dir='ltr' id='par_1_95' title="bbox 92 4619 1666 4697">
     <span class='ocr_line' id='line_1_95' title="bbox 92 4619 1666 4697; baseline -0.001 -17"><span class='ocrx_word' id='word_1_672' title='bbox 92 4645 198 4681; x_wconf 84' lang='grc' dir='ltr'>νειν</span> <span class='ocrx_word' id='word_1_673' title='bbox 223 4628 326 4697; x_wconf 84' lang='grc' dir='ltr'>οὐχ</span> <span class='ocrx_word' id='word_1_674' title='bbox 355 4619 469 4678; x_wconf 74' lang='grc' dir='ltr'>οἷόν</span> <span class='ocrx_word' id='word_1_675' title='bbox 497 4625 555 4678; x_wconf 91' lang='grc' dir='ltr'><strong>τέ</strong></span> <span class='ocrx_word' id='word_1_676' title='bbox 588 4626 719 4679; x_wconf 86' lang='grc' dir='ltr'>ἐστι.</span> <span class='ocrx_word' id='word_1_677' title='bbox 763 4625 860 4678; x_wconf 81' lang='grc' dir='ltr'><strong>Διὰ</strong></span> <span class='ocrx_word' id='word_1_678' title='bbox 889 4627 996 4696; x_wconf 79' lang='grc' dir='ltr'><strong>γὰρ</strong></span> <span class='ocrx_word' id='word_1_679' title='bbox 1027 4625 1183 4679; x_wconf 91' lang='grc' dir='ltr'>τοῦτο</span> <span class='ocrx_word' id='word_1_680' title='bbox 1205 4627 1299 4690; x_wconf 64' lang='grc' dir='ltr'>καὶ</span> <span class='ocrx_word' id='word_1_681' title='bbox 1323 4627 1352 4679; x_wconf 85' lang='grc' dir='ltr'><strong>ὁ</strong></span> <span class='ocrx_word' id='word_1_682' title='bbox 1375 4626 1666 4696; x_wconf 84' lang='grc' dir='ltr'>ἐμϐόλιμος</span> 
     </span>
    </p>
   </div>
   <div class='ocr_carea' id='block_1_96' title="bbox 89 4715 1665 4788">
    <p class='ocr_par' dir='ltr' id='par_1_96' title="bbox 89 4715 1665 4788">
     <span class='ocr_line' id='line_1_96' title="bbox 89 4715 1665 4788; baseline -0.002 -16"><span class='ocrx_word' id='word_1_683' title='bbox 89 4719 380 4788; x_wconf 75' lang='grc' dir='ltr'>ἐπάγεται,</span> <span class='ocrx_word' id='word_1_684' title='bbox 429 4715 758 4788; x_wconf 83' lang='grc' dir='ltr'>ἀναπληρῶν</span> <span class='ocrx_word' id='word_1_685' title='bbox 795 4717 856 4770; x_wconf 87' lang='grc' dir='ltr'>τὸ</span> <span class='ocrx_word' id='word_1_686' title='bbox 899 4717 1094 4781; x_wconf 83' lang='grc' dir='ltr'>ἐνδεὲς,</span> <span class='ocrx_word' id='word_1_687' title='bbox 1140 4719 1234 4771; x_wconf 73' lang='grc' dir='ltr'>καὶ</span> <span class='ocrx_word' id='word_1_688' title='bbox 1285 4720 1363 4783; x_wconf 83' lang='grc' dir='ltr'><strong>είς</strong></span> <span class='ocrx_word' id='word_1_689' title='bbox 1400 4719 1665 4788; x_wconf 84' lang='grc' dir='ltr'>Ἑκατομ-</span> 
     </span>
    </p>
   </div>
   <div class='ocr_carea' id='block_1_97' title="bbox 88 4805 1667 4879">
    <p class='ocr_par' dir='ltr' id='par_1_97' title="bbox 88 4805 1667 4879">
     <span class='ocr_line' id='line_1_97' title="bbox 88 4805 1667 4879; baseline -0.001 -18"><span class='ocrx_word' id='word_1_690' title='bbox 88 4807 302 4863; x_wconf 83' lang='grc' dir='ltr'>ϐαιῶνα</span> <span class='ocrx_word' id='word_1_691' title='bbox 340 4805 442 4870; x_wconf 84' lang='grc' dir='ltr'><strong>τάς</strong></span> <span class='ocrx_word' id='word_1_692' title='bbox 489 4807 696 4877; x_wconf 70' lang='grc' dir='ltr'>τροπὰς</span> <span class='ocrx_word' id='word_1_693' title='bbox 725 4805 1110 4869; x_wconf 82' lang='grc' dir='ltr'>ἀποκαθιστάς.</span> <span class='ocrx_word' id='word_1_694' title='bbox 1159 4808 1268 4878; x_wconf 79' lang='grc' dir='ltr'><strong>Τὴν</strong></span> <span class='ocrx_word' id='word_1_695' title='bbox 1299 4809 1344 4860; x_wconf 80' lang='grc' dir='ltr'>δ’</span> <span class='ocrx_word' id='word_1_696' title='bbox 1375 4808 1667 4879; x_wconf 81' lang='grc' dir='ltr'>ἑρμηνείαν</span> 
     </span>
    </p>
   </div>
   <div class='ocr_carea' id='block_1_98' title="bbox 88 4894 1668 4970">
    <p class='ocr_par' dir='ltr' id='par_1_98' title="bbox 88 4894 1668 4970">
     <span class='ocr_line' id='line_1_98' title="bbox 88 4894 1668 4970; baseline -0.003 -18"><span class='ocrx_word' id='word_1_697' title='bbox 88 4898 349 4970; x_wconf 83' lang='grc' dir='ltr'>ποιητέον</span> <span class='ocrx_word' id='word_1_698' title='bbox 411 4895 505 4948; x_wconf 77' lang='grc' dir='ltr'>ἐπὶ</span> <span class='ocrx_word' id='word_1_699' title='bbox 549 4894 657 4948; x_wconf 90' lang='grc' dir='ltr'><strong>τῶν</strong></span> <span class='ocrx_word' id='word_1_700' title='bbox 706 4894 848 4948; x_wconf 77' lang='grc' dir='ltr'>οὕτω</span> <span class='ocrx_word' id='word_1_701' title='bbox 899 4897 1373 4967; x_wconf 78' lang='grc' dir='ltr'>χρονολογούντων,</span> <span class='ocrx_word' id='word_1_702' title='bbox 1426 4897 1668 4967; x_wconf 85' lang='grc' dir='ltr'>στοιχείῳ</span> 
     </span>
    </p>
   </div>
   <div class='ocr_carea' id='block_1_99' title="bbox 91 4987 1668 5062">
    <p class='ocr_par' dir='ltr' id='par_1_99' title="bbox 91 4987 1668 5062">
     <span class='ocr_line' id='line_1_99' title="bbox 91 4987 1668 5062; baseline -0.003 -18"><span class='ocrx_word' id='word_1_703' title='bbox 91 4990 415 5062; x_wconf 83' lang='grc' dir='ltr'>χρωμένους</span> <span class='ocrx_word' id='word_1_704' title='bbox 439 4987 519 5058; x_wconf 82' lang='grc' dir='ltr'><strong>τῷ</strong></span> <span class='ocrx_word' id='word_1_705' title='bbox 547 4988 771 5057; x_wconf 88' lang='grc' dir='ltr'>παρόντι</span> <span class='ocrx_word' id='word_1_706' title='bbox 794 4987 880 5040; x_wconf 75' lang='grc' dir='ltr'>ἀεὶ</span> <span class='ocrx_word' id='word_1_707' title='bbox 902 4987 1146 5059; x_wconf 80' lang='grc' dir='ltr'>τροπικῷ</span> <span class='ocrx_word' id='word_1_708' title='bbox 1173 4989 1302 5060; x_wconf 69' lang='grc' dir='ltr'>μηνὶ</span> <span class='ocrx_word' id='word_1_709' title='bbox 1325 4988 1515 5058; x_wconf 77' lang='grc' dir='ltr'>καὶτῷ</span> <span class='ocrx_word' id='word_1_710' title='bbox 1543 4987 1668 5058; x_wconf 77' lang='grc' dir='ltr'>ἑξῆς</span> 
     </span>
    </p>
   </div>
   <div class='ocr_carea' id='block_1_100' title="bbox 92 5075 1670 5156">
    <p class='ocr_par' dir='ltr' id='par_1_100' title="bbox 92 5075 1670 5156">
     <span class='ocr_line' id='line_1_100' title="bbox 92 5075 1670 5156; baseline -0.001 -20"><span class='ocrx_word' id='word_1_711' title='bbox 92 5083 199 5136; x_wconf 84' lang='grc' dir='ltr'><strong>τῶν</strong></span> <span class='ocrx_word' id='word_1_712' title='bbox 245 5082 440 5156; x_wconf 89' lang='grc' dir='ltr'>μηνῶν</span> <span class='ocrx_word' id='word_1_713' title='bbox 475 5081 616 5134; x_wconf 87' lang='grc' dir='ltr'><strong>κατά</strong></span> <span class='ocrx_word' id='word_1_714' title='bbox 653 5079 722 5133; x_wconf 76' lang='grc' dir='ltr'>τὰ</span> <span class='ocrx_word' id='word_1_715' title='bbox 769 5080 1111 5135; x_wconf 75' lang='grc' dir='ltr'>ὑποτεθέντα.</span> <span class='ocrx_word' id='word_1_716' title='bbox 1147 5075 1270 5134; x_wconf 77' lang='grc' dir='ltr'>Οίον</span> <span class='ocrx_word' id='word_1_717' title='bbox 1313 5080 1500 5150; x_wconf 81' lang='grc' dir='ltr'>ἐπειδὴ</span> <span class='ocrx_word' id='word_1_718' title='bbox 1542 5081 1670 5134; x_wconf 88' lang='grc' dir='ltr'>Θεό-</span> 
     </span>
    </p>
   </div>
   <div class='ocr_carea' id='block_1_101' title="bbox 96 5171 1668 5246">
    <p class='ocr_par' dir='ltr' id='par_1_101' title="bbox 96 5171 1668 5246">
     <span class='ocr_line' id='line_1_101' title="bbox 96 5171 1668 5246; baseline -0.002 -17"><span class='ocrx_word' id='word_1_719' title='bbox 96 5192 405 5246; x_wconf 75' lang='grc' dir='ltr'>φραστος,‹</span> <span class='ocrx_word' id='word_1_720' title='bbox 431 5174 634 5243; x_wconf 81' lang='grc' dir='ltr'>Ἀκρου</span> <span class='ocrx_word' id='word_1_721' title='bbox 667 5172 845 5242; x_wconf 75' lang='grc' dir='ltr'>ἔαρος,</span> <span class='ocrx_word' id='word_1_722' title='bbox 885 5171 1043 5236; x_wconf 78' lang='grc' dir='ltr'>εὐθὺς</span> <span class='ocrx_word' id='word_1_723' title='bbox 1085 5172 1372 5243; x_wconf 90' lang='grc' dir='ltr'>ἱσταμένου</span> <span class='ocrx_word' id='word_1_724' title='bbox 1398 5171 1492 5224; x_wconf 92' lang='grc' dir='ltr'><strong>τοῦ</strong></span> <span class='ocrx_word' id='word_1_725' title='bbox 1524 5172 1668 5242; x_wconf 87' lang='grc' dir='ltr'>Θαρ-</span> 
     </span>
    </p>
   </div>
   <div class='ocr_carea' id='block_1_102' title="bbox 95 5262 1670 5337">
    <p class='ocr_par' dir='ltr' id='par_1_102' title="bbox 95 5262 1670 5337">
     <span class='ocr_line' id='line_1_102' title="bbox 95 5262 1670 5337; baseline 0.001 -20"><span class='ocrx_word' id='word_1_726' title='bbox 95 5267 386 5337; x_wconf 80' lang='grc' dir='ltr'>γηλιῶνος,</span> <span class='ocrx_word' id='word_1_727' title='bbox 426 5282 446 5315; x_wconf 75' lang='grc' dir='ltr'><strong>ι</strong></span> <span class='ocrx_word' id='word_1_728' title='bbox 493 5265 646 5334; x_wconf 66' lang='grc' dir='ltr'>φησι,</span> <span class='ocrx_word' id='word_1_729' title='bbox 676 5262 1136 5334; x_wconf 86' lang='grc' dir='ltr'>μεθερμηνευτέον</span> <span class='ocrx_word' id='word_1_730' title='bbox 1165 5263 1430 5334; x_wconf 85' lang='grc' dir='ltr'>Μαρτίου,</span> <span class='ocrx_word' id='word_1_731' title='bbox 1466 5263 1559 5316; x_wconf 74' lang='grc' dir='ltr'>καὶ</span> <span class='ocrx_word' id='word_1_732' title='bbox 1596 5263 1670 5336; x_wconf 82' lang='grc' dir='ltr'>μὴ</span> 
     </span>
    </p>
   </div>
   <div class='ocr_carea' id='block_1_103' title="bbox 107 5353 1673 5428">
    <p class='ocr_par' dir='ltr' id='par_1_103' title="bbox 107 5353 1673 5428">
     <span class='ocr_line' id='line_1_103' title="bbox 107 5353 1673 5428; baseline 0.001 -20"><span class='ocrx_word' id='word_1_733' title='bbox 107 5356 410 5428; x_wconf 79' lang='grc' dir='ltr'>’Λπρίλιος.</span> <span class='ocrx_word' id='word_1_734' title='bbox 446 5354 618 5408; x_wconf 89' lang='grc' dir='ltr'>Πάλιν</span> <span class='ocrx_word' id='word_1_735' title='bbox 647 5353 853 5424; x_wconf 66' lang='grc' dir='ltr'>ἐπειδὴῖ</span> <span class='ocrx_word' id='word_1_736' title='bbox 869 5353 1192 5424; x_wconf 78' lang='grc' dir='ltr'>Θουκυδίδης</span> <span class='ocrx_word' id='word_1_737' title='bbox 1237 5353 1673 5423; x_wconf 82' lang='grc' dir='ltr'>Ἐλαφηϐολιῶνα</span> 
     </span>
    </p>
   </div>
   <div class='ocr_carea' id='block_1_104' title="bbox 95 5443 1672 5518">
    <p class='ocr_par' dir='ltr' id='par_1_104' title="bbox 95 5443 1672 5518">
     <span class='ocr_line' id='line_1_104' title="bbox 95 5443 1672 5518; baseline -0.001 -16"><span class='ocrx_word' id='word_1_738' title='bbox 95 5450 408 5502; x_wconf 86' lang='grc' dir='ltr'>τελευταῖον</span> <span class='ocrx_word' id='word_1_739' title='bbox 459 5449 603 5518; x_wconf 87' lang='grc' dir='ltr'>μῆνα</span> <span class='ocrx_word' id='word_1_740' title='bbox 627 5448 734 5500; x_wconf 89' lang='grc' dir='ltr'><strong>τῶν</strong></span> <span class='ocrx_word' id='word_1_741' title='bbox 764 5447 1087 5518; x_wconf 84' lang='grc' dir='ltr'>χειμερινῶν</span> <span class='ocrx_word' id='word_1_742' title='bbox 1127 5443 1263 5499; x_wconf 76' lang='grc' dir='ltr'>εἷναί</span> <span class='ocrx_word' id='word_1_743' title='bbox 1297 5463 1449 5516; x_wconf 79' lang='grc' dir='ltr'>φησι,</span> <span class='ocrx_word' id='word_1_744' title='bbox 1485 5447 1672 5501; x_wconf 89' lang='grc' dir='ltr'>τοῦτον</span> 
     </span>
    </p>
   </div>
   <div class='ocr_carea' id='block_1_105' title="bbox 100 5538 1681 5623">
    <p class='ocr_par' dir='ltr' id='par_1_105' title="bbox 100 5538 1681 5623">
     <span class='ocr_line' id='line_1_105' title="bbox 100 5538 1681 5623; baseline -0.002 -28"><span class='ocrx_word' id='word_1_745' title='bbox 100 5543 197 5612; x_wconf 82' lang='grc' dir='ltr'>μὲν</span> <span class='ocrx_word' id='word_1_746' title='bbox 227 5542 601 5613; x_wconf 65' lang='grc' dir='ltr'><strong>⁴Ιδεϐρουάριον</strong></span> <span class='ocrx_word' id='word_1_747' title='bbox 636 5539 1032 5612; x_wconf 84' lang='grc' dir='ltr'>’ἐρμηνευτέον·</span> <span class='ocrx_word' id='word_1_748' title='bbox 1063 5539 1152 5592; x_wconf 82' lang='grc' dir='ltr'>τὸν</span> <span class='ocrx_word' id='word_1_749' title='bbox 1182 5539 1226 5591; x_wconf 82' lang='grc' dir='ltr'>δ’</span> <span class='ocrx_word' id='word_1_750' title='bbox 1259 5538 1479 5592; x_wconf 81' lang='grc' dir='ltr'>ἐπιόντα</span> <span class='ocrx_word' id='word_1_751' title='bbox 1528 5542 1681 5623; x_wconf 43' lang='grc' dir='ltr'>Μουτ</span> 
     </span>
    </p>
   </div>
   <div class='ocr_carea' id='block_1_106' title="bbox 99 5627 1672 5705">
    <p class='ocr_par' dir='ltr' id='par_1_106' title="bbox 99 5627 1672 5705">
     <span class='ocr_line' id='line_1_106' title="bbox 99 5627 1672 5705; baseline -0.001 -19"><span class='ocrx_word' id='word_1_752' title='bbox 99 5634 338 5704; x_wconf 85' lang='grc' dir='ltr'>νυχιῶνα</span> <span class='ocrx_word' id='word_1_753' title='bbox 361 5631 548 5686; x_wconf 87' lang='grc' dir='ltr'>θετέον</span> <span class='ocrx_word' id='word_1_754' title='bbox 574 5631 731 5705; x_wconf 84' lang='grc' dir='ltr'>ἔαρος</span> <span class='ocrx_word' id='word_1_755' title='bbox 757 5627 894 5685; x_wconf 77' lang='grc' dir='ltr'>εἶναι</span> <span class='ocrx_word' id='word_1_756' title='bbox 915 5630 1106 5704; x_wconf 78' lang='grc' dir='ltr'>ἀρχὴν,</span> <span class='ocrx_word' id='word_1_757' title='bbox 1129 5630 1222 5684; x_wconf 79' lang='grc' dir='ltr'>καὶ</span> <span class='ocrx_word' id='word_1_758' title='bbox 1241 5628 1482 5699; x_wconf 86' lang='grc' dir='ltr'>Μάρτιον</span> <span class='ocrx_word' id='word_1_759' title='bbox 1509 5648 1672 5701; x_wconf 89' lang='grc' dir='ltr'>μετα-</span> 
     </span>
    </p>
   </div>
   <div class='ocr_carea' id='block_1_107' title="bbox 99 5716 1688 5788">
    <p class='ocr_par' dir='ltr' id='par_1_107' title="bbox 99 5716 1688 5788">
     <span class='ocr_line' id='line_1_107' title="bbox 99 5716 1688 5788; baseline 0.001 -14"><span class='ocrx_word' id='word_1_760' title='bbox 99 5721 376 5784; x_wconf 77' lang='grc' dir='ltr'>οοαστέον</span> <span class='ocrx_word' id='word_1_761' title='bbox 423 5718 695 5784; x_wconf 75' lang='grc' dir='ltr'>Λατίνοις.</span> <span class='ocrx_word' id='word_1_762' title='bbox 765 5720 924 5773; x_wconf 80' lang='grc' dir='ltr'>Ὥστε</span> <span class='ocrx_word' id='word_1_763' title='bbox 970 5719 1034 5787; x_wconf 78' lang='grc' dir='ltr'>δὴ</span> <span class='ocrx_word' id='word_1_764' title='bbox 1089 5720 1182 5774; x_wconf 77' lang='grc' dir='ltr'>καὶ</span> <span class='ocrx_word' id='word_1_765' title='bbox 1233 5716 1516 5788; x_wconf 80' lang='grc' dir='ltr'>συμϐαίνει</span> <span class='ocrx_word' id='word_1_766' title='bbox 1581 5720 1688 5776; x_wconf 77' lang='grc' dir='ltr'>δύο</span> 
     </span>
    </p>
   </div>
   <div class='ocr_carea' id='block_1_108' title="bbox 1769 4532 3334 4604">
    <p class='ocr_par' dir='ltr' id='par_1_108' title="bbox 1769 4532 3334 4604">
     <span class='ocr_line' id='line_1_108' title="bbox 1769 4532 3334 4604; baseline 0.001 -16"><span class='ocrx_word' id='word_1_767' title='bbox 1769 4534 1910 4589; x_wconf 92' lang='lat' dir='ltr'><strong>sium</strong></span> <span class='ocrx_word' id='word_1_768' title='bbox 1947 4532 2315 4587; x_wconf 88' lang='lat' dir='ltr'><strong>inconstantia</strong></span> <span class='ocrx_word' id='word_1_769' title='bbox 2345 4547 2479 4602; x_wconf 87' lang='lat' dir='ltr'><strong>vaga</strong></span> <span class='ocrx_word' id='word_1_770' title='bbox 2517 4532 2659 4604; x_wconf 75' lang='lat' dir='ltr'><strong>(qua:</strong></span> <span class='ocrx_word' id='word_1_771' title='bbox 2692 4532 2794 4586; x_wconf 93' lang='lat' dir='ltr'><strong>fuit</strong></span> <span class='ocrx_word' id='word_1_772' title='bbox 2823 4534 2976 4602; x_wconf 92' lang='lat' dir='ltr'><strong>prius</strong></span> <span class='ocrx_word' id='word_1_773' title='bbox 3006 4535 3222 4589; x_wconf 87' lang='lat' dir='ltr'><strong>inventa</strong></span> <span class='ocrx_word' id='word_1_774' title='bbox 3247 4534 3334 4590; x_wconf 88' lang='lat' dir='ltr'><strong>in-</strong></span> 
     </span>
    </p>
   </div>
   <div class='ocr_carea' id='block_1_109' title="bbox 1768 4622 3335 4698">
    <p class='ocr_par' dir='ltr' id='par_1_109' title="bbox 1768 4622 3335 4698">
     <span class='ocr_line' id='line_1_109' title="bbox 1768 4622 3335 4698; baseline 0.004 -21"><span class='ocrx_word' id='word_1_775' title='bbox 1768 4622 2138 4687; x_wconf 88' lang='lat' dir='ltr'><strong>tercalatione,</strong></span> <span class='ocrx_word' id='word_1_776' title='bbox 2171 4629 2334 4692; x_wconf 90' lang='lat' dir='ltr'><strong>atque</strong></span> <span class='ocrx_word' id='word_1_777' title='bbox 2359 4623 2523 4677; x_wconf 89' lang='lat' dir='ltr'><strong>etiam</strong></span> <span class='ocrx_word' id='word_1_778' title='bbox 2556 4632 2678 4694; x_wconf 94' lang='lat' dir='ltr'><strong>post</strong></span> <span class='ocrx_word' id='word_1_779' title='bbox 2701 4626 2997 4698; x_wconf 88' lang='lat' dir='ltr'><strong>inventam)</strong></span> <span class='ocrx_word' id='word_1_780' title='bbox 3030 4627 3208 4682; x_wconf 90' lang='lat' dir='ltr'><strong>adhuc</strong></span> <span class='ocrx_word' id='word_1_781' title='bbox 3238 4643 3335 4683; x_wconf 78' lang='lat' dir='ltr'><strong>ex-</strong></span> 
     </span>
    </p>
   </div>
   <div class='ocr_carea' id='block_1_110' title="bbox 1770 4713 3334 4786">
    <p class='ocr_par' dir='ltr' id='par_1_110' title="bbox 1770 4713 3334 4786">
     <span class='ocr_line' id='line_1_110' title="bbox 1770 4713 3334 4786; baseline 0.003 -19"><span class='ocrx_word' id='word_1_782' title='bbox 1770 4713 2060 4786; x_wconf 88' lang='lat' dir='ltr'><strong>plicatione</strong></span> <span class='ocrx_word' id='word_1_783' title='bbox 2093 4713 2333 4783; x_wconf 85' lang='lat' dir='ltr'><strong>indiget,</strong></span> <span class='ocrx_word' id='word_1_784' title='bbox 2375 4729 2612 4784; x_wconf 90' lang='lat' dir='ltr'><strong>quonam</strong></span> <span class='ocrx_word' id='word_1_785' title='bbox 2654 4724 2815 4786; x_wconf 91' lang='lat' dir='ltr'><strong>pacto</strong></span> <span class='ocrx_word' id='word_1_786' title='bbox 2864 4717 3152 4774; x_wconf 88' lang='lat' dir='ltr'><strong>transferri</strong></span> <span class='ocrx_word' id='word_1_787' title='bbox 3181 4733 3334 4772; x_wconf 85' lang='lat' dir='ltr'><strong>com-</strong></span> 
     </span>
    </p>
   </div>
   <div class='ocr_carea' id='block_1_111' title="bbox 1770 4806 3334 4879">
    <p class='ocr_par' dir='ltr' id='par_1_111' title="bbox 1770 4806 3334 4879">
     <span class='ocr_line' id='line_1_111' title="bbox 1770 4806 3334 4879; baseline 0.002 -18"><span class='ocrx_word' id='word_1_788' title='bbox 1770 4807 1932 4862; x_wconf 89' lang='lat' dir='ltr'><strong>mode</strong></span> <span class='ocrx_word' id='word_1_789' title='bbox 1975 4806 2170 4877; x_wconf 90' lang='lat' dir='ltr'><strong>possit.</strong></span> <span class='ocrx_word' id='word_1_790' title='bbox 2215 4806 2442 4862; x_wconf 87' lang='lat' dir='ltr'><strong>Constat</strong></span> <span class='ocrx_word' id='word_1_791' title='bbox 2474 4811 2620 4862; x_wconf 86' lang='lat' dir='ltr'><strong>enim</strong></span> <span class='ocrx_word' id='word_1_792' title='bbox 2656 4810 2829 4879; x_wconf 90' lang='lat' dir='ltr'><strong>ipsam</strong></span> <span class='ocrx_word' id='word_1_793' title='bbox 2863 4811 3334 4865; x_wconf 88' lang='lat' dir='ltr'><strong>intercalationem</strong></span> 
     </span>
    </p>
   </div>
   <div class='ocr_carea' id='block_1_112' title="bbox 1771 4897 3335 4970">
    <p class='ocr_par' dir='ltr' id='par_1_112' title="bbox 1771 4897 3335 4970">
     <span class='ocr_line' id='line_1_112' title="bbox 1771 4897 3335 4970; baseline 0.003 -17"><span class='ocrx_word' id='word_1_794' title='bbox 1771 4899 2011 4954; x_wconf 89' lang='lat' dir='ltr'><strong>alternos</strong></span> <span class='ocrx_word' id='word_1_795' title='bbox 2048 4897 2160 4953; x_wconf 86' lang='lat' dir='ltr'><strong>fere</strong></span> <span class='ocrx_word' id='word_1_796' title='bbox 2213 4913 2429 4954; x_wconf 84' lang='lat' dir='ltr'><strong>menses</strong></span> <span class='ocrx_word' id='word_1_797' title='bbox 2481 4913 2605 4953; x_wconf 92' lang='lat' dir='ltr'><strong>cum</strong></span> <span class='ocrx_word' id='word_1_798' title='bbox 2659 4901 2994 4970; x_wconf 83' lang='lat' dir='ltr'><strong>temporibus</strong></span> <span class='ocrx_word' id='word_1_799' title='bbox 3047 4903 3174 4955; x_wconf 88' lang='lat' dir='ltr'><strong>anni</strong></span> <span class='ocrx_word' id='word_1_800' title='bbox 3222 4916 3335 4958; x_wconf 90' lang='lat' dir='ltr'><strong>non</strong></span> 
     </span>
    </p>
   </div>
   <div class='ocr_carea' id='block_1_113' title="bbox 1773 4989 3336 5061">
    <p class='ocr_par' dir='ltr' id='par_1_113' title="bbox 1773 4989 3336 5061">
     <span class='ocr_line' id='line_1_113' title="bbox 1773 4989 3336 5061; baseline 0 -16"><span class='ocrx_word' id='word_1_801' title='bbox 1773 4996 2141 5060; x_wconf 84' lang='lat' dir='ltr'><strong>competentes</strong></span> <span class='ocrx_word' id='word_1_802' title='bbox 2172 5004 2312 5058; x_wconf 58' lang='lat' dir='ltr'><strong>saepe</strong></span> <span class='ocrx_word' id='word_1_803' title='bbox 2342 4989 2668 5044; x_wconf 83' lang='lat' dir='ltr'><strong>habituram.</strong></span> <span class='ocrx_word' id='word_1_804' title='bbox 2705 4990 2781 5044; x_wconf 82' lang='lat' dir='ltr'><strong>Ex</strong></span> <span class='ocrx_word' id='word_1_805' title='bbox 2827 5005 2935 5061; x_wconf 93' lang='lat' dir='ltr'><strong>quo</strong></span> <span class='ocrx_word' id='word_1_806' title='bbox 2965 4991 3126 5045; x_wconf 90' lang='lat' dir='ltr'><strong>etiam</strong></span> <span class='ocrx_word' id='word_1_807' title='bbox 3155 4991 3336 5046; x_wconf 86' lang='lat' dir='ltr'><strong>Theo-</strong></span> 
     </span>
    </p>
   </div>
   <div class='ocr_carea' id='block_1_114' title="bbox 1773 5081 3328 5154">
    <p class='ocr_par' dir='ltr' id='par_1_114' title="bbox 1773 5081 3328 5154">
     <span class='ocr_line' id='line_1_114' title="bbox 1773 5081 3328 5154; baseline -0.001 -18"><span class='ocrx_word' id='word_1_808' title='bbox 1773 5082 2029 5154; x_wconf 88' lang='lat' dir='ltr'><strong>phrastus</strong></span> <span class='ocrx_word' id='word_1_809' title='bbox 2052 5081 2246 5150; x_wconf 89' lang='lat' dir='ltr'><strong>inquit,</strong></span> <span class='ocrx_word' id='word_1_810' title='bbox 2279 5098 2297 5132; x_wconf 78' lang='grc' dir='ltr'><strong>ι</strong></span> <span class='ocrx_word' id='word_1_811' title='bbox 2325 5097 2451 5136; x_wconf 90' lang='lat' dir='ltr'><strong>vere</strong></span> <span class='ocrx_word' id='word_1_812' title='bbox 2473 5081 2655 5136; x_wconf 90' lang='lat' dir='ltr'><strong>statim</strong></span> <span class='ocrx_word' id='word_1_813' title='bbox 2684 5081 3060 5152; x_wconf 85' lang='lat' dir='ltr'><strong>Thargelionis</strong></span> <span class='ocrx_word' id='word_1_814' title='bbox 3083 5083 3239 5137; x_wconf 89' lang='lat' dir='ltr'><strong>initio</strong></span> <span class='ocrx_word' id='word_1_815' title='bbox 3263 5102 3274 5139; x_wconf 90' lang='lat'><strong>:</strong></span> <span class='ocrx_word' id='word_1_816' title='bbox 3309 5102 3328 5134; x_wconf 76' lang='grc' dir='ltr'><strong>ι</strong></span> 
     </span>
    </p>
   </div>
   <div class='ocr_carea' id='block_1_115' title="bbox 1773 5171 3338 5246">
    <p class='ocr_par' dir='ltr' id='par_1_115' title="bbox 1773 5171 3338 5246">
     <span class='ocr_line' id='line_1_115' title="bbox 1773 5171 3338 5246; baseline 0.001 -20"><span class='ocrx_word' id='word_1_817' title='bbox 1773 5177 1929 5246; x_wconf 88' lang='lat' dir='ltr'><strong>quasi</strong></span> <span class='ocrx_word' id='word_1_818' title='bbox 1961 5171 2584 5243; x_wconf 83' lang='lat' dir='ltr'><strong>Munychionihibernus</strong></span> <span class='ocrx_word' id='word_1_819' title='bbox 2614 5173 2780 5228; x_wconf 87' lang='lat' dir='ltr'><strong>fuerit</strong></span> <span class='ocrx_word' id='word_1_820' title='bbox 2807 5175 3181 5230; x_wconf 81' lang='lat' dir='ltr'><strong>:intercalaris</strong></span> <span class='ocrx_word' id='word_1_821' title='bbox 3210 5190 3338 5229; x_wconf 73' lang='lat' dir='ltr'><strong>vero</strong></span> 
     </span>
    </p>
   </div>
   <div class='ocr_carea' id='block_1_116' title="bbox 1774 5262 3339 5334">
    <p class='ocr_par' dir='ltr' id='par_1_116' title="bbox 1774 5262 3339 5334">
     <span class='ocr_line' id='line_1_116' title="bbox 1774 5262 3339 5334; baseline 0 -16"><span class='ocrx_word' id='word_1_822' title='bbox 1774 5263 1996 5318; x_wconf 71' lang='lat' dir='ltr'><strong>aestivus</strong></span> <span class='ocrx_word' id='word_1_823' title='bbox 2028 5262 2293 5331; x_wconf 88' lang='lat' dir='ltr'><strong>tropicus,</strong></span> <span class='ocrx_word' id='word_1_824' title='bbox 2321 5263 2403 5316; x_wconf 88' lang='lat' dir='ltr'><strong>vel</strong></span> <span class='ocrx_word' id='word_1_825' title='bbox 2435 5269 2581 5317; x_wconf 89' lang='lat' dir='ltr'><strong>certe</strong></span> <span class='ocrx_word' id='word_1_826' title='bbox 2606 5262 2662 5317; x_wconf 90' lang='lat' dir='ltr'><strong>in</strong></span> <span class='ocrx_word' id='word_1_827' title='bbox 2712 5263 3004 5320; x_wconf 91' lang='lat' dir='ltr'><strong>instantem</strong></span> <span class='ocrx_word' id='word_1_828' title='bbox 3051 5265 3201 5334; x_wconf 77' lang='lat'><strong>161</strong></span> <span class='ocrx_word' id='word_1_829' title='bbox 3236 5263 3339 5318; x_wconf 86' lang='lat' dir='ltr'><strong>lle-</strong></span> 
     </span>
    </p>
   </div>
   <div class='ocr_carea' id='block_1_117' title="bbox 1775 5354 3340 5426">
    <p class='ocr_par' dir='ltr' id='par_1_117' title="bbox 1775 5354 3340 5426">
     <span class='ocr_line' id='line_1_117' title="bbox 1775 5354 3340 5426; baseline 0 -18"><span class='ocrx_word' id='word_1_830' title='bbox 1775 5355 2195 5408; x_wconf 74' lang='lat' dir='ltr'><strong>catombaeonem</strong></span> <span class='ocrx_word' id='word_1_831' title='bbox 2227 5354 2516 5409; x_wconf 90' lang='lat' dir='ltr'><strong>solstitium</strong></span> <span class='ocrx_word' id='word_1_832' title='bbox 2543 5355 2920 5424; x_wconf 89' lang='lat' dir='ltr'><strong>circumagens</strong></span> <span class='ocrx_word' id='word_1_833' title='bbox 2953 5375 2965 5410; x_wconf 90' lang='lat'>:</span> <span class='ocrx_word' id='word_1_834' title='bbox 2998 5358 3141 5426; x_wconf 90' lang='lat' dir='ltr'><strong>quod</strong></span> <span class='ocrx_word' id='word_1_835' title='bbox 3172 5357 3340 5409; x_wconf 83' lang='lat' dir='ltr'><strong>inter-</strong></span> 
     </span>
    </p>
   </div>
   <div class='ocr_carea' id='block_1_118' title="bbox 1778 5445 3340 5518">
    <p class='ocr_par' dir='ltr' id='par_1_118' title="bbox 1778 5445 3340 5518">
     <span class='ocr_line' id='line_1_118' title="bbox 1778 5445 3340 5518; baseline 0.001 -19"><span class='ocrx_word' id='word_1_836' title='bbox 1778 5445 1905 5500; x_wconf 90' lang='lat' dir='ltr'><strong>dum</strong></span> <span class='ocrx_word' id='word_1_837' title='bbox 1932 5460 2042 5499; x_wconf 89' lang='lat' dir='ltr'><strong>non</strong></span> <span class='ocrx_word' id='word_1_838' title='bbox 2071 5446 2386 5516; x_wconf 89' lang='lat' dir='ltr'><strong>contingere</strong></span> <span class='ocrx_word' id='word_1_839' title='bbox 2417 5461 2524 5500; x_wconf 92' lang='lat' dir='ltr'><strong>non</strong></span> <span class='ocrx_word' id='word_1_840' title='bbox 2553 5451 2751 5514; x_wconf 89' lang='lat' dir='ltr'><strong>potest.</strong></span> <span class='ocrx_word' id='word_1_841' title='bbox 2791 5445 2926 5500; x_wconf 88' lang='lat' dir='ltr'><strong>Nam</strong></span> <span class='ocrx_word' id='word_1_842' title='bbox 2950 5455 3232 5518; x_wconf 86' lang='lat' dir='ltr'><strong>propterea</strong></span> <span class='ocrx_word' id='word_1_843' title='bbox 3256 5445 3340 5500; x_wconf 85' lang='lat' dir='ltr'><strong>in-</strong></span> 
     </span>
    </p>
   </div>
   <div class='ocr_carea' id='block_1_119' title="bbox 1766 5534 3341 5609">
    <p class='ocr_par' dir='ltr' id='par_1_119' title="bbox 1766 5534 3341 5609">
     <span class='ocr_line' id='line_1_119' title="bbox 1766 5534 3341 5609; baseline 0 -21"><span class='ocrx_word' id='word_1_844' title='bbox 1766 5534 2059 5609; x_wconf 33' lang='lat' dir='ltr'><strong>‘tercalatio</strong></span> <span class='ocrx_word' id='word_1_845' title='bbox 2099 5535 2316 5589; x_wconf 86' lang='lat' dir='ltr'><strong>inducta</strong></span> <span class='ocrx_word' id='word_1_846' title='bbox 2371 5544 2495 5602; x_wconf 85' lang='lat' dir='ltr'><strong>est,</strong></span> <span class='ocrx_word' id='word_1_847' title='bbox 2549 5545 2606 5589; x_wconf 91' lang='lat' dir='ltr'><strong>ut</strong></span> <span class='ocrx_word' id='word_1_848' title='bbox 2642 5536 2910 5591; x_wconf 90' lang='lat' dir='ltr'><strong>defectum</strong></span> <span class='ocrx_word' id='word_1_849' title='bbox 2962 5539 3168 5592; x_wconf 89' lang='lat' dir='ltr'><strong>dierum</strong></span> <span class='ocrx_word' id='word_1_850' title='bbox 3217 5551 3341 5604; x_wconf 82' lang='lat' dir='ltr'><strong>sup-</strong></span> 
     </span>
    </p>
   </div>
   <div class='ocr_carea' id='block_1_120' title="bbox 1779 5625 3334 5697">
    <p class='ocr_par' dir='ltr' id='par_1_120' title="bbox 1779 5625 3334 5697">
     <span class='ocr_line' id='line_1_120' title="bbox 1779 5625 3334 5697; baseline -0.001 -17"><span class='ocrx_word' id='word_1_851' title='bbox 1779 5628 1968 5697; x_wconf 65' lang='lat' dir='ltr'><strong>pleat,</strong></span> <span class='ocrx_word' id='word_1_852' title='bbox 2013 5635 2067 5680; x_wconf 92' lang='lat' dir='ltr'><strong>et</strong></span> <span class='ocrx_word' id='word_1_853' title='bbox 2112 5625 2170 5680; x_wconf 88' lang='lat' dir='ltr'><strong>in</strong></span> <span class='ocrx_word' id='word_1_854' title='bbox 2233 5626 2732 5682; x_wconf 34' lang='lat' dir='ltr'><strong>l‘lecatombaeonem</strong></span> <span class='ocrx_word' id='word_1_855' title='bbox 2785 5629 3017 5685; x_wconf 87' lang='lat' dir='ltr'><strong>solstitia</strong></span> <span class='ocrx_word' id='word_1_856' title='bbox 3067 5627 3334 5683; x_wconf 86' lang='lat' dir='ltr'><strong>restituat.</strong></span> 
     </span>
    </p>
   </div>
   <div class='ocr_carea' id='block_1_121' title="bbox 1778 5710 3338 5792">
    <p class='ocr_par' dir='ltr' id='par_1_121' title="bbox 1778 5710 3338 5792">
     <span class='ocr_line' id='line_1_121' title="bbox 1778 5710 3338 5792; baseline -0.003 -18"><span class='ocrx_word' id='word_1_857' title='bbox 1778 5715 1949 5775; x_wconf 85' lang='lat' dir='ltr'><strong>Porro</strong></span> <span class='ocrx_word' id='word_1_858' title='bbox 1976 5715 2032 5772; x_wconf 91' lang='lat' dir='ltr'><strong>in</strong></span> <span class='ocrx_word' id='word_1_859' title='bbox 2058 5715 2144 5774; x_wconf 89' lang='lat' dir='ltr'><strong>bis</strong></span> <span class='ocrx_word' id='word_1_860' title='bbox 2166 5717 2273 5792; x_wconf 80' lang='lat' dir='ltr'><strong>qui</strong></span> <span class='ocrx_word' id='word_1_861' title='bbox 2302 5717 2383 5777; x_wconf 84' lang='lat' dir='ltr'><strong>sic</strong></span> <span class='ocrx_word' id='word_1_862' title='bbox 2407 5710 2636 5775; x_wconf 79' lang='lat' dir='ltr'><strong>indicem</strong></span> <span class='ocrx_word' id='word_1_863' title='bbox 2664 5722 2968 5787; x_wconf 89' lang='lat' dir='ltr'><strong>temporum</strong></span> <span class='ocrx_word' id='word_1_864' title='bbox 3004 5716 3338 5774; x_wconf 88' lang='lat' dir='ltr'><strong>notationem</strong></span> 
     </span>
    </p>
   </div>
  </div>
