3800 6344
496 312 631 367 {:91

1472 302 1559 357 AD
1598 300 1863 359 EUSEBII
1900 300 2290 359 CHBONIOON
2333 299 2698 355 APPENDIX.

3586 297 3699 355 H93

494 423 765 483 scribunt.
793 418 1171 490 interpretatio
1215 417 1317 472 hoc
1350 425 1512 487 pacto
1542 415 1796 471 facienda
1835 424 1958 480 est,
2011 421 2057 467 ul

2174 412 2526 483 ἰσημερινοὺς
2597 405 2738 465 εἶναι
2788 412 3069 483 ὲαρινοὺς,
3120 409 3480 482 Μουνυχιῶνά
3531 428 3590 466 τε
3635 417 3710 469 καὶ

493 512 752 583 prasenti
790 524 1005 580 semper
1033 508 1247 577 trepico
1280 521 1383 577 pro
1413 503 1773 559 fundamento
1802 513 2022 557 utamur
2042 542 2059 569 ,

492 613 549 661 et
583 606 849 660 mensium
880 603 1021 658 serie
1051 602 1142 656 illa
1164 614 1327 671 quam
1374 612 1539 669 supra
1567 598 1869 667 posuimus.
1903 595 2063 650 Verbi

492 695 705 766 gratia:
737 692 956 763 quando
995 691 1404 761 Theophrastus
1437 707 1459 741 ι
1500 703 1715 743 summo
1741 703 1904 752 vere,
1955 695 2060 742 sta-

496 788 592 841 tim
618 789 854 842 instante
881 784 924 840 Τ
928 785 1243 855 hargelione
1273 802 1294 836 ι
1322 803 1338 838 :
1371 783 1527 843 dicit,
1561 796 1752 836 mense
1772 780 1987 837 Martio.
2006 786 2063 834 et

492 893 601 933 non
648 877 840 947 Aprili,
880 874 1351 945 interpretandum
1402 883 1504 927 est.
1562 870 1800 925 Rursum
1842 867 2062 938 quando

493 967 839 1040 Thucydides
865 968 1342 1038 Elaphebolionem
1378 981 1499 1021 esse
1520 965 1653 1019 dicit
1677 964 1925 1018 ultimum
1949 962 2063 1016 hie-

492 1064 714 1118 malium
745 1063 1035 1126 mensium,
1068 1060 1215 1114 hunc
1251 1059 1472 1129 quidem
1508 1058 1864 1113 Februarium
1893 1071 2059 1125 opor-

490 1166 566 1212 tet
625 1154 1001 1225 interpretari;
1065 1151 1367 1208 secundum
1424 1167 1585 1221 quem
1645 1151 1789 1205 veris
1845 1150 2058 1203 initium

491 1248 819 1321 Munycltion
874 1245 1329 1306 constituendus,
1387 1254 1440 1299 et
1479 1243 1689 1298 Latinis
1718 1243 1945 1297 Martius
1973 1248 2059 1297 est

491 1341 919 1396 transferendus.
955 1338 1031 1393 Ex
1063 1353 1171 1409 quo
1192 1353 1324 1392 sane
1353 1338 1618 1408 contingit
1639 1336 1775 1389 duos
1804 1351 1927 1391 esse
1946 1350 2063 1389 ver-

490 1450 591 1490 nos
613 1433 1043 1505 tequinoctiales,
1077 1431 1493 1504 Munychionem
1522 1439 1576 1485 et
1604 1428 2056 1497 Thargelionem;

488 1535 543 1585 et
563 1528 702 1583 duos
722 1527 1091 1591 autumnales,
1137 1524 1587 1581 Boedromionem
1642 1529 1698 1575 et
1757 1521 2061 1575 hlzemacte-

490 1621 698 1677 rionem
727 1638 740 1674 :
779 1618 1141 1687 similiterque
1161 1616 1475 1672 solstitiales
1495 1614 1633 1668 duos
1660 1613 1877 1667 aestivos
1899 1653 1913 1674 ,
1955 1610 2061 1666 He-

2159 500 2519 572 Θαργηλιῶνα
2536 519 2552 532 ·
2580 503 2674 557 καὶ
2700 503 3124 574 φθινοπωρινοϋς
3150 502 3243 556 δύο
3269 505 3710 576 Μαιμακτηριῶθα

2161 596 2255 649 καὶ
2300 596 2686 668 Βοηδρομιῶια
2710 614 2724 627 ·
2773 597 2851 661 ὼς
2897 597 2943 650 δ’
2991 596 3171 661 αὕτως
3199 597 3295 650 καὶ
3331 600 3614 667 τροπικοίις
3635 598 3708 651 δύο

2161 687 2439 760 θερινοὺς,
2477 689 2937 760 Ἑκατομϐαιῶνα
2985 692 3078 744 καὶ
3124 692 3216 744 τὸν
3265 690 3592 761 ἐμϐόλιμον
3635 693 3704 744 καὶ

2158 783 2538 853 χειμερινοὺς,
2599 783 2939 837 Ποσειδεῶνα
2999 785 3094 837 καὶ
3154 783 3502 853 Γαμηλιῶνι.
3544 784 3707 855 Διόπερ

2172 874 2564 944 Ἀριστοτέλης,
2601 892 2621 924 t
2665 874 2730 925 Ἦ
2764 874 3067 945 ἀλεκτορὶς,
3110 894 3129 925 ι
3170 876 3325 944 φησὶ,
3365 894 3385 925 ι
3413 875 3587 927 τίκτει
3614 876 3706 928 ελον

2159 965 2251 1018 τὸν
2305 966 2570 1027 ἐνιαυτὸν,
2624 965 2730 1028 ἔξω
2772 965 2865 1018 δύο
2917 967 3101 1037 μηνῶν
3140 966 3251 1019 τῶν
3291 968 3351 1019 ἐν
3394 966 3475 1035 τῷ
3513 966 3706 1035 χειμῶνι

2159 1058 2467 1129 τροπικῶνο
2508 1076 2528 1108 ι
2572 1057 2752 1111 καὶτὸ
2794 1059 2853 1110 ἐν
2906 1060 3022 1120 τοῖς
3067 1056 3596 1126 Μετειορρλογικοῖς
3635 1060 3704 1110 ὅτι

2159 1151 2376 1218 ἐγένετο
2414 1151 2661 1221 κομήτης
2689 1148 2866 1219 ἀστὴρ
2894 1149 3031 1219 πρὸς
3050 1150 3307 1220 Ἄρκτον,
3345 1150 3514 1220 μηνὸς
3553 1150 3704 1219 Γαμη-

2159 1243 2370 1308 λιῶνος,
2403 1245 2527 1313 περὶ
2550 1242 2755 1313 τροπὰς
2785 1242 2938 1305 ὄντος
2960 1242 3056 1295 τοῦ
3079 1242 3233 1314 ἡλίου
3259 1242 3593 1312 χειμερινάς.
3618 1244 3705 1294 Καὶ

2171 1334 2621 1407 Ἀνθεστηριῶνος
2650 1334 2706 1387 δὲ
2743 1333 2925 1402 ἅψαιτ’
2965 1335 3031 1388 ἄν
3086 1352 3219 1387 ποτε
3251 1338 3284 1405 ἡ
3324 1337 3500 1407 τροπὴ
3546 1336 3705 1405 λήγον-

2158 1447 2269 1492 τος.
2318 1427 2456 1480 Ἀλλ’
2494 1428 2551 1480 οἵ
2591 1444 2654 1495 γε
2698 1427 3084 1497 ὀνομαζόμενοι
3135 1428 3393 1498 τροπικοὶ
3442 1429 3704 1498 χειμερινά

2157 1525 2251 1578 δύο
2279 1525 2329 1577 οἱ
2362 1523 2639 1595 είρημένοι
2677 1520 2832 1575 εἰσίν.
2876 1519 3084 1583 Ἀπλῶς
3117 1521 3302 1591 μέντοι
3335 1520 3528 1591 Θέρους
3562 1522 3704 1590 ἀρχὴν

2159 1616 2496 1687 ὑποληπτέον
2530 1610 2667 1667 εἶναι
2701 1616 2792 1668 τὸν
2830 1611 3297 1682 Ἑκατομϐαιῶνα,
3339 1613 3436 1664 καὶ
3479 1613 3703 1680 τροπικόν

2157 1706 2365 1778 θερινόν
2387 1723 2401 1738 ·
2438 1705 2700 1773 ἀνάλογον
2730 1706 2787 1758 δὲ
2832 1704 2925 1757 καὶ
2972 1704 3100 1766 τοὺς
3148 1702 3361 1767 ἄλλους.
3396 1705 3489 1755 Δεῖ
3515 1703 3614 1774 γὰρ
3645 1707 3702 1773 μὴ

488 1713 913 1768 catomhteonem
937 1717 990 1765 et
1020 1709 1431 1771 intercalarem;
1462 1707 1868 1773 brumalesque,
1902 1703 2060 1756 Posi-

487 1804 717 1861 deonem
744 1812 799 1859 et
827 1800 1217 1856 Gamelionetn.
1275 1798 1449 1864 Quam
1482 1797 1554 1852 ob
1584 1812 1697 1852 rem
1736 1796 2057 1851 Aristoteles

2160 1764 2233 1852 τὸ,
2257 1797 2573 1869 συμϐαῖνον,
2616 1764 2761 1849 ’ἀλλὰ
2795 1796 2856 1849 τὸ
2902 1764 3272 1866 σκοποόμενον
3314 1764 3605 1866 λαμϐάνειν

489 1898 666 1969 inquit
697 1915 711 1951 :
755 1914 774 1947 ι
813 1894 1024 1949 Gallina
1047 1893 1263 1962 quidem
1293 1891 1434 1959 parit
1466 1889 1722 1944 omnibus
1750 1889 1877 1942 anui
1918 1896 2056 1941 tem-

2160 1891 2318 1962 λόγῳ.
2352 1891 2581 1962 Εἴρηται
2626 1889 2757 1959 γοῦν
2797 1890 2893 1942 καὶ
2925 1892 2983 1943 ὲν
3025 1893 3137 1954 τοῖς
3171 1890 3466 1957 Φυσικοῖς
3489 1890 3589 1943 τῶν
3635 1890 3702 1942 λόο

488 1987 737 2059 poribus.
767 1984 1010 2053 exceptis
1035 1983 1249 2036 duobus
1279 1981 1560 2035 mensibus
1591 1981 1646 2033 in
1676 1980 1853 2034 hieme
1885 1978 2057 2049 tropi-

2160 2002 2288 2053 γων,
2322 1985 2397 2046 ὡς
2417 1984 2497 2035 δεῖ
2522 1983 2752 2036 ἕκαστον
2779 1982 2957 2050 λέγειν
2992 1984 3147 2036 τοῦτο
3181 1979 3345 2045 εἶναι,
3369 1983 3401 2034 ὃ
3427 1984 3579 2051 φύσει
3603 1982 3700 2052 βοός

489 2077 593 2132 cis.
637 2094 656 2128 ι
686 2074 753 2129 Et
778 2075 835 2128 in
880 2071 1295 2141 Meteorologicis
1334 2070 1526 2125 scribit
1554 2069 1807 2123 crinitatn
1842 2071 2054 2125 stellam

2160 2076 2306 2129 λεται
2336 2070 2493 2139 εἶναι,
2525 2074 2617 2127 καὶ
2639 2074 2668 2126 ὃ
2698 2073 2967 2145 ὑπάρχει*
2995 2074 3129 2127 ἀλλὰ
3157 2076 3232 2146 μὴ
3265 2074 3295 2127 ὃ
3330 2074 3424 2146 βίᾳ
3466 2076 3555 2127 καὶ
3577 2075 3699 2144 παρὰ

491 2168 558 2222 ad
587 2165 788 2222 Ursam
813 2164 1134 2235 apparuisse
1156 2177 1342 2217 mense
1371 2161 1707 2228 Gamelione,
1756 2164 1872 2217 sole
1912 2165 2057 2218 circa
2159 2168 2342 2237 φύσιν.

489 2261 738 2317 brumam
799 2259 1112 2314 exsistente.
1174 2258 1351 2327 Atque
1409 2258 1574 2312 etiam
1624 2248 2061 2318 Anthesterionis
2108 2271 2441 2333 postremam
2502 2269 2711 2332 partem
2761 2259 3054 2331 aliquando
3097 2260 3399 2316 solstitium
3448 2260 3695 2315 hibernum

489 2361 667 2424 potest
694 2353 975 2424 attingere.
1006 2351 1109 2408 Sed
1138 2368 1279 2423 quos
1310 2353 1547 2422 trepicos
1576 2352 1835 2409 hiemales
1867 2358 2173 2422 nominant,
2204 2364 2331 2413 sunt
2384 2357 2436 2411 hi
2475 2357 2692 2427 quidem
2737 2355 2847 2410 duo
2886 2364 3011 2411 ante
3058 2357 3336 2426 explicati.
3398 2355 3697 2411 Sumendum

484 2455 570 2503 est
596 2456 775 2503 tamen
802 2449 1141 2519 simpliciter,
1168 2447 1666 2503 Hecatombzeonem
1695 2465 1819 2505 esse
1843 2455 2051 2508 aestatis
2077 2454 2423 2524 principium,
2452 2462 2504 2508 et
2530 2452 2872 2508 solstitialem
2923 2454 3174 2507 aestivum
3194 2493 3210 2517 ,
3258 2461 3312 2508 et
3370 2454 3599 2523 reliquos
3639 2452 3699 2505 si-

486 2541 599 2594 mili
632 2542 890 2611 deinceps
923 2542 1154 2596 ratione.
1211 2540 1286 2595 De
1331 2541 1495 2596 rebus
1552 2542 1698 2596 enim
1751 2546 2196 2616 contingentibus
2221 2546 2384 2615 nulla
2433 2546 2574 2599 ratio
2623 2544 2859 2599 ineunda
2907 2551 3030 2608 est,
3092 2544 3189 2600 sed
3242 2545 3312 2601 de
3372 2545 3618 2615 spectatis
3659 2551 3697 2595 et

487 2638 680 2694 solitis.
728 2637 863 2691 Nam
922 2638 975 2691 in
1008 2636 1248 2707 Physicis
1278 2636 1481 2691 dictum
1525 2644 1628 2701 est,
1672 2654 1941 2711 quemque
1970 2653 2219 2713 oportere
2258 2640 2440 2697 dicere
2461 2640 2514 2695 id
2541 2655 2686 2709 esse,
2720 2639 2866 2710 quod
2896 2649 3087 2693 natura
3125 2655 3248 2696 esse
3268 2642 3475 2712 expetit
3516 2647 3568 2696 et
3602 2646 3696 2702 est;

485 2742 595 2784 non
629 2728 773 2799 quod
804 2727 855 2781 vi
882 2734 937 2782 et
978 2739 1173 2799 praeter
1202 2735 1473 2782 naturam.

557 2824 851 2896 Dionysius
868 2840 995 2879 vero
1018 2825 1085 2877 ab
1105 2823 1319 2894 Ephoro
1347 2832 1645 2892 mutuatus,
1665 2826 1797 2882 dicit
1820 2827 2055 2900 Tharge-

2231 2824 2502 2887 Διονύσιος
2529 2823 2585 2877 δὲ
2613 2824 2742 2895 παρ’
2775 2823 2997 2895 Ἐφόρου
3044 2822 3283 2894 εἰληφὼς
3315 2823 3485 2893 λέγει,
3516 2825 3699 2897 θαργη.

486 2918 632 2973 liene
651 2926 1016 2988 expugnatum
1036 2916 1210 2971 Ilium.
1231 2917 1371 2982 Quin
1400 2926 1453 2972 et
1474 2916 1796 2973 Plutarchus
1821 2920 1874 2973 in
1905 2919 2054 2975 Furii

2161 2917 2350 2980 λιῶνος
2402 2914 2605 2969 ἁλῶναι
2658 2914 2716 2968 τὸ
2745 2915 2927 2971 Ἴλιον.
2977 2914 3320 2985 Πλούταρχος
3370 2917 3499 2984 γοῦν
3545 2920 3598 2971 ἐν
3639 2917 3698 2987 τῷ

486 3006 702 3062 Camilli
752 3009 885 3072 vita,
917 3006 1192 3076 Ephorum
1232 3007 1347 3062 haec
1397 3009 1683 3078 scripsisse
1723 3009 1919 3077 refert;
1959 3025 2057 3065 nec

2162 3008 2385 3080 Φουρίου
2413 3006 2691 3077 Καμίλλου
2725 3004 2823 3076 βίῳ
2854 3005 3084 3076 Ἔφορον
3105 3006 3542 3077 άναγεγραφέναι
3572 3007 3699 3060 τοῦτό

486 3114 617 3155 vero
637 3118 655 3151 ι
676 3100 1057 3170 septemdecim
1083 3099 1275 3155 diebus
1297 3109 1421 3155 ante
1449 3103 1694 3156 testivum
1715 3104 2011 3158 solstitium
2034 3124 2052 3156 ι

2160 3117 2322 3171 φησιν
2346 3117 2360 3130 ο
2392 3100 2451 3152 οὐ
2485 3099 2592 3171 μὴν
2639 3097 2697 3151 δὲ
2735 3098 2827 3151 καὶ
2856 3116 2875 3149 t
2918 3098 3176 3168 πρότερον
3212 3098 3699 3171 ἑπτακαίδεκα

488 3190 620 3247 dicit
647 3200 928 3247 :et'tamen
948 3191 1305 3264 Tliargelione
1329 3194 1491 3248 etiam
1520 3194 1610 3249 ille
1632 3194 1783 3249 dicit.
1802 3195 1857 3248 Si
1882 3194 2060 3266 Epho-

488 3298 584 3339 rus
609 3284 795 3354 igitur,
829 3299 955 3339 cum
986 3286 1126 3354 apud
1159 3302 1217 3342 se
1242 3302 1348 3340 non
1366 3294 1535 3350 esset,
1576 3287 1777 3357 alioqui
1808 3288 2059 3345 dicturus

490 3378 953 3451 Sciropltorione.
998 3380 1219 3450 scripsit
1261 3378 1659 3450 Thargelione;
1706 3380 2056 3451 quemadmo-

488 3470 617 3525 dum
649 3472 776 3525 item
800 3471 854 3525 in
886 3470 1011 3523 aliis
1041 3485 1141 3540 pro
1160 3468 1335 3525 Iberia
1365 3486 1471 3524 non
1498 3471 1811 3540 ptenitenda
1836 3474 2059 3542 regione
2085 3529 2101 3554 ,

488 3561 757 3631 Europae,
801 3562 1076 3617 civitatem
1127 3563 1418 3631 quamdam
1451 3562 1681 3618 lberiam
1725 3579 1845 3619 esse
1890 3564 2057 3632 dicit;

488 3658 618 3713 boni
649 3657 925 3719 consulat,
958 3655 1105 3725 quod
1132 3672 1243 3727 nep
1271 3656 1705 3726 reprehendatur
1735 3658 1830 3727 qui
1860 3657 1943 3713 sui
1973 3673 2059 3712 reo

490 3748 860 3821 prehendendi
894 3761 1083 3800 ansam
1114 3745 1343 3807 dederit,
1383 3760 1610 3814 eamque
1643 3747 2054 3815 amplissimam.

491 3838 646 3906 Quod
688 3840 734 3892 si
762 3837 899 3891 forte
929 3839 1114 3890 nescio
1135 3837 1260 3905 quis
1291 3837 1504 3905 ineptus
1537 3837 1772 3907 scriptor
1801 3838 2057 3893 mendose

492 3927 801 3997 scripserit,
840 3943 858 3976 ι
897 3923 1284 3993 Thargelione,
1326 3942 1344 3974 ι
1380 3937 1477 3992 pro
1509 3941 1527 3974 ι
1558 3922 1999 3995 Scirophorione,
2033 3943 2052 3975 ι

493 4027 553 4073 ut
581 4016 692 4073 fere
721 4017 781 4071 llt
817 4017 871 4070 in
902 4015 1050 4082 aliis,
1073 4024 1127 4070 et
1158 4015 1459 4084 praesertim
1486 4015 1541 4070 in
1580 4015 1648 4070 iis
1676 4032 1797 4086 qua:
1817 4023 2057 4085 quzestus

415 4175 419 4181 ,
492 4111 661 4182 gratia
684 4108 1006 4165 scribuntur
1035 4122 1065 4161 a
1089 4107 1397 4177 bibliopolis
1422 4106 1569 4179 (nam
1609 4107 1700 4178 qui
1745 4108 2058 4179 hujusmodi

491 4217 682 4272 Operas
711 4200 1369 4270 conducunt,.imperitis,
1400 4200 1774 4270 oblatitiisque
1796 4208 1849 4255 et
1871 4201 2058 4256 trivia-

489 4295 634 4350 libus
668 4292 1032 4364 scriptoribus
1061 4290 1334 4360 utuntur);
1371 4290 1451 4346 sic
1482 4290 1671 4346 insons
1697 4290 1918 4361 quidem
1947 4290 2059 4346 fue-

489 4386 563 4443 rit
586 4385 836 4458 Ephorus
876 4403 889 4439 :
931 4390 986 4439 et
1011 4384 1135 4452 jure
1161 4381 1440 4452 culpandi,
1473 4382 1563 4452 qui
1589 4382 1921 4452 exemplaria
1946 4396 2055 4435 non

2162 3210 2285 3265 ραις
2304 3191 2403 3262 τῆς
2428 3191 2641 3262 Οερινῆς
2661 3189 2867 3261 τροπῆς
2895 3209 2915 3243 ι
2946 3188 3121 3259 λέγει·
3147 3190 3260 3244 ἀλλ’
3300 3187 3393 3245 οὖν
3418 3190 3700 3262 Θαργηλιῶ-

2159 3307 2248 3354 νος
2288 3289 2535 3352 κάκεῖνός
2589 3304 2772 3358 φησιν.
2814 3288 2877 3340 Ei
2914 3287 3010 3358 μὲν
3048 3281 3141 3339 οὖν
3168 3288 3427 3360 Ἔφορος,
3472 3290 3698 3359 Σκιροςο-

2160 3381 2352 3455 ριῶνος
2382 3382 2546 3450 φάναι
2584 3380 2923 3450 βουλόμενος,
2956 3374 3077 3432 εἷπε
3113 3378 3212 3450 (μὴ
3240 3380 3395 3443 ὲντὸς
3420 3378 3495 3431 ὢν
3544 3377 3699 3444 αὐτοῦ)

2157 3475 2556 3548 Θαργηλιῶνος,
2588 3471 2776 3544 ὥσπερ
2812 3474 2870 3525 ὲν
2907 3471 3085 3534 ἄλλοις
3123 3467 3190 3524 αὖ
3225 3472 3346 3525 ἀντὶ
3380 3471 3605 3541 Ἰϐηρίας
3623 3470 3703 3538 τῆς

2157 3568 2296 3622 κατὰ
2322 3567 2419 3637 τὴν
2450 3564 2717 3638 Εὐρώπην
2742 3564 3004 3635 μεγίστης
3028 3562 3238 3635 χώρας,
3272 3564 3427 3617 πόλιν
3452 3560 3585 3619 εἷναί
3607 3579 3702 3616 τινα

2156 3659 2255 3729 τὴν
2292 3657 2530 3729 Ἰϐηρίαν
2571 3657 2762 3726 φησίν·
2800 3656 3063 3724 ἀγαπάτω
3098 3654 3264 3725 μηδὲν
3308 3656 3700 3725 ἑπιτιμώμενος,

2159 3744 2356 3815 σκῆψιν
2392 3746 2753 3815 ἐπιτιμήσεως
2782 3746 2874 3797 καὶ
2920 3743 3067 3797 ταῦτ’
3098 3745 3160 3796 οὐ
3211 3745 3415 3816 μικράν
3457 3744 3701 3807 δεδωκὼς’

2157 3839 2205 3890 εί
2230 3837 2273 3889 δ’
2302 3836 2413 3908 ἄρα
2448 3854 2531 3900 τις
2570 3835 2676 3889 τῶν
2712 3836 2930 3905 φαύλων
2960 3837 3205 3906 γραφεὺς
3246 3836 3561 3906 διήμαρτεν,
3606 3833 3703 3889 ἀντὶ

2163 3946 2181 3978 t
2202 3926 2626 3998 Σκιροφοριῶνος
2639 3947 2757 3978 ›-‹
2769 3926 3147 3998 Θαργηλιῶνος
3169 3948 3187 3979 ι
3208 3928 3546 3998 μεταϐαλὼν,
3563 3926 3704 3981 nﬁd-

2158 4036 2263 4090 περ
2301 4019 2394 4072 καὶ
2427 4020 2513 4073 ἐπ’
2565 4018 2738 4072 ἄλλων
2774 4020 3076 4091 συμϐαίνει,
3116 4020 3210 4073 καὶ
3242 4020 3477 4090 μάλιστα
3517 4020 3702 4075 ἐπὶτῶν

2156 4113 2235 4175 εἰς
2265 4112 2465 4183 πρᾶσιν
2496 4111 2854 4183 γραφομένων
2897 4112 3007 4174 τοῖς
3053 4110 3440 4183 βιϐλιοπώλαις
3477 4113 3704 4185 (χρῶνται

2156 4204 2264 4276 γὰρ
2306 4203 2549 4271 φαύλοις¹
2573 4205 2668 4258 καὶ
2720 4206 2830 4266 τοῖς
2868 4202 3088 4274 τυχοῦσι
3122 4205 3477 4277 γραφεῦσινΥ
3507 4208 3701 4276 Ἔφορος

2159 4295 2256 4366 μὲν
2279 4293 2517 4359 ἀναίτιος
2539 4295 2613 4359 ὼς
2640 4293 2706 4348 ἂν
2738 4293 2825 4366 εἴη
2842 4312 2855 4326 ·
2890 4293 3193 4348 αἰτιάσαιτο
3224 4296 3269 4348 δ’
3293 4295 3359 4350 ἄν
3390 4314 3473 4361 τις
3502 4299 3616 4358 τοὺς
3641 4295 3700 4364 μὴ

2156 4385 2703 4458 ὲπανορθωσαμένους
2750 4386 2849 4457 τὴν
2886 4385 3125 4458 γραφὴν,
3152 4387 3269 4440 ἀλλ’
3324 4389 3702 4447 ἀνεπισκέπτως

490 4477 854 4541 emendarint,
891 4474 985 4530 sed
1027 4473 1433 4529 inconsiderate
1465 4472 1724 4535 dixerint,
1759 4490 1778 4523 ι
1819 4470 2056 4541 Tharge—

2160 4477 2466 4550 εἰρηκότας,
2503 4496 2522 4529 ι
2560 4475 2938 4548 Θαργηλιῶνος
2966 4476 3337 4530 ἑπτακαίδεκα
3377 4478 3600 4549 ἡμέραις
3618 4472 3701 4543 πρὸ

489 4568 633 4624 lione
656 4565 1042 4639 septemdecim
1065 4564 1260 4620 diebus
1276 4572 1401 4618 ante
1427 4563 1673 4619 aestivum
1698 4562 2050 4619 solstitium.»

493 4655 597 4714 Sed
629 4659 771 4713 idem
800 4657 963 4712 etiam
985 4654 1138 4719 dicit,
1172 4655 1289 4711 dies
1315 4655 1430 4726 (qui
1458 4670 1661 4708 annum
1688 4655 1839 4709 illum
1873 4655 2057 4725 exple-

491 4752 634 4819 rent)
667 4748 1178 4821 superabundantes
1218 4748 1391 4804 fuisse
1436 4758 1561 4818 post
1615 4747 1913 4803 solstitium
1954 4764 2058 4803 nu-

491 4858 643 4899 mero
668 4842 858 4914 viginti
890 4840 1074 4913 :quod
1105 4855 1333 4911 prorsus
1380 4838 1800 4910 incompositum
1846 4846 1899 4894 et
1958 4856 2058 4911 pu-

493 4949 686 5004 gnans,
718 4934 764 4989 si
797 4948 897 5004 pro
938 4933 1190 4988 instituta
1231 4930 1645 4986 Atheniensium
1683 4931 1896 4988 ratione
1935 4948 2055 4988 ser-

491 5040 708 5081 monem
748 5024 898 5080 facit.
925 5024 1058 5078 Nam
1081 5024 1127 5079 si
1155 5029 1478 5093 supererant
1506 5022 1693 5092 viginti
1722 5030 1846 5092 post
1876 5024 2058 5080 solsti-

494 5117 653 5180 tium,
693 5123 900 5170 certum
955 5122 1039 5169 est
1068 5113 1361 5168 solstitium
1408 5111 1578 5167 fuisse
1616 5113 1850 5170 abeunte
1888 5129 2054 5180 anno,

495 5207 872 5272 Thargelionis
895 5207 1088 5262 ultimo
1114 5204 1221 5267 die,
1251 5214 1309 5259 ut
1332 5204 1421 5260 ille
1449 5203 1667 5274 quidem
1692 5206 1808 5259 vult
1839 5224 1852 5260 :
1882 5213 1940 5260 ut
1958 5221 2057 5261 nos

494 5314 647 5363 vero,
681 5296 1149 5369 Scirophorionis.
1188 5294 1561 5367 lmprtesentia
1590 5304 1772 5350 autem
1801 5297 1937 5351 nihil
1973 5298 2058 5352 in-

494 5392 673 5447 tersit.
692 5391 799 5446 Sed
821 5400 941 5445 esto
964 5406 1030 5445 ex
1050 5390 1169 5458 ejus
1192 5388 1462 5443 sententia
1484 5386 1898 5458 Thargelionis;
1931 5405 2058 5459 pro-

496 5480 639 5539 fecto
665 5488 925 5551 sequente
950 5495 1092 5535 anno
1113 5479 1404 5536 solstitium
1437 5479 1541 5533 erit
1563 5479 1843 5535 novilunio
1872 5479 2060 5536 Sciro-

498 5577 781 5649 phorionis
806 5572 984 5645 :quod
1001 5580 1120 5627 erat
1149 5572 1253 5644 ipsi
1271 5586 1417 5627 nono
1441 5570 1528 5627 die
1561 5571 1890 5644 incipientis.
1913 5572 2051 5630 Nam

500 5670 549 5726 si
600 5678 793 5724 octavo
844 5664 949 5721 sub
977 5663 1138 5719 linem
1168 5664 1257 5720 die
1297 5660 1675 5732 Thargelionis
1714 5671 1933 5735 captum
1970 5672 2059 5720 est

502 5760 683 5826 Ilium.
710 5756 1096 5818 septemdecim
1139 5755 1333 5813 diebus
1355 5756 1545 5813 aestivo
1575 5755 1729 5815 prius
1774 5757 2050 5826 solstitio;

2160 4564 2258 4635 τῆς
2285 4562 2502 4634 θερινῆς
2521 4562 2746 4635 τροπῆς.
2788 4582 2808 4615 ι
2841 4564 2975 4634 Φησὶ
3003 4562 3081 4629 δὲ,
3106 4564 3202 4618 καὶ
3241 4565 3318 4629 ὡς
3343 4567 3402 4620 αἱ
3432 4567 3521 4620 τὸν
3555 4566 3702 4617 ἐνιαυ-

2160 4655 2250 4708 τὸν
2275 4655 2477 4709 ἐκεῖνον
2509 4652 2875 4729 ἐκπληροῦσαι
2906 4656 3158 4727 περιτταὶ
3182 4657 3407 4729 ἡμέραι,
3440 4661 3600 4713 εἴκοσι
3630 4655 3700 4708 τὸν

2161 4746 2391 4818 ἀριθμὸν
2410 4728 2558 4819 ﬁcus.
2576 4747 2714 4819 μετὰ
2745 4746 2845 4811 τὰς
2875 4734 3090 4819 Θερινάς
3132 4728 3339 4821 τροπάς
3362 4767 3377 4781 ο
3413 4750 3472 4804 τὸ
3500 4751 3542 4803 δ’
3566 4747 3700 4803 ἀσύν-

2161 4856 2358 4893 τακτον
2405 4838 2680 4903 παντελῶς
2718 4840 2811 4892 καὶ
2854 4839 3194 4912 μαχόμενον,
3243 4844 3292 4895 εί
3341 4840 3418 4906 ὡς
3470 4841 3700 4911 Ἀθηναῖοι

2160 4928 2293 5004 ἦγον
2318 4935 2551 4986 ποιεῖται
2575 4931 2665 4986 τὸν
2692 4930 2865 5001 λόγον.
2893 4932 2953 4985 Ei
2982 4930 3091 5004 γὰρ
3126 4933 3382 5003 περιτταὶ
3402 4932 3568 4987 εἴκοσι
3591 4927 3702 5002 μετὰ

2160 5023 2259 5087 τὰς
2289 5023 2513 5095 τροπάς,
2539 5022 2715 5094 δῆλον,
2740 5023 2821 5077 ὅτι
2847 5025 2880 5094 ἡ
2906 5024 3080 5094 τροπὴ
3105 5018 3172 5095 ἦν
3201 5024 3279 5095 τῷ
3301 5024 3564 5097 οἰχομένῳ
3594 5022 3699 5084 ἔτει,

2160 5115 2257 5187 ἔνη
2282 5116 2377 5168 καὶ
2403 5113 2500 5186 νέᾳ
2531 5114 2911 5186 Θαργηλιῶνος
2936 5116 3053 5187 μὲν,
3076 5115 3151 5180 ὼς
3178 5118 3388 5182 ἐκεῖνος
3417 5118 3577 5187 λέγει,
3598 5116 3698 5169 Ex:-

2166 5206 2487 5280 pogsoptt‘t'wo;
2520 5206 2597 5270 δὲ,
2621 5207 2696 5272 ὡς
2728 5209 2905 5280 ἡμεῖς.
2933 5209 3244 5280 Διαφερέτω
3288 5210 3345 5264 δὲ
3390 5211 3559 5283 μηθὲν
3591 5205 3698 5279 πρός

2161 5316 2223 5368 γε
2248 5298 2307 5352 τὸ
2334 5299 2447 5353 νῦν.
2487 5300 2624 5353 Ἀλλ’
2648 5298 2785 5354 ἔστω
2816 5299 3194 5373 Θαργηλιῶνος
3219 5301 3370 5373 αὐτῷ
3387 5320 3401 5333 ’
3434 5300 3615 5355 οὐκοῦν
3638 5293 3697 5365 τῷ

2162 5392 2365 5445 ἐπιόντι
2396 5391 2623 5469 ξνιαυτῴ
2656 5395 2688 5463 ἡ
2730 5393 2904 5465 τροπὴ
2941 5392 3110 5459 ἔσται,
3154 5394 3576 5469 Σκιροφοριῶνος
3598 5406 3693 5444 νου-

2167 5483 2350 5554 μηνίᾳ.
2376 5464 2483 5536 Ἦν
2509 5485 2556 5538 δ’
2584 5485 2731 5556 αὐτῷ
2767 5486 2932 5560 ἐνάτῃ
2977 5464 3287 5557 ἱσταμένου.
3328 5464 3407 5541 Eii
3428 5486 3531 5558 γάρ
3566 5481 3694 5552 ὀγδόῃ

2164 5573 2439 5642 φθίνοντος
2462 5573 2556 5627 τοῦ
2587 5575 2965 5646 Θαργηλιῶνος
3001 5576 3142 5631 ἑάλω
3178 5578 3236 5632 τὶ
3269 5579 3452 5643 Ἴλιον,
3478 5571 3695 5632 Emi-

2161 5663 2291 5718 δεκα
2330 5664 2592 5737 πρότερον
2622 5647 2855 5738 ἡμέραις
2891 5666 2991 5737 τῆς
3030 5667 3248 5740 θερινῆς
3285 5669 3512 5741 τροπῆς,
3551 5666 3694 5736 δῆλον.

2162 5756 2244 5810 ὅτι
2273 5757 2436 5828 ἐνάτη
2467 5758 2754 5830 ἱσταμένου
2787 5758 2881 5813 τοῦ
2910 5760 3153 5827 ἐπιόντος
3193 5764 3366 5829 μηνὸς
3391 5759 3461 5821 ἦν
3488 5765 3519 5824 ἡ
3552 5753 3695 5822 τεηπῆ
