3800 6324
164 325 300 381 H95

159 524 371 596 Φανερὰ
398 525 457 577 δὲ
492 525 691 596 μᾶλλον
722 528 874 582 ταῦθ’
906 529 1131 602 ὕστερον
1161 533 1332 596 ἔσται,
1356 535 1573 586 ἐπειδὰν
1606 535 1732 604 τιερί

158 616 408 686 χρήσεως
448 615 740 687 ὲίλίδολίμου
792 619 958 689 μηνὸς
1002 622 1273 693 λέγωμεν.
1318 621 1428 678 Εἶτ’
1454 623 1545 680 οὖν
1582 626 1735 693 Ἐφόο

161 722 252 778 pou
284 707 592 779 ἁμάρτημα
619 709 759 762 τοῦτ’
783 711 948 776 ἔστιν,
980 713 1087 767 εἴτε
1119 717 1402 786 γραφέως,
1437 721 1529 771 καὶ
1577 719 1733 771 τοῦτο

157 797 235 858 εἰς
280 799 460 852 κοινὸν
512 801 778 854 ἐκκείσθω
839 809 1079 859 σκοπεῖν.
1152 808 1492 881 Ἀπαρτίζειν
1550 811 1593 864 δ’
1645 811 1732 863 ἀεὶ

158 889 280 951 τοὺς
312 889 422 943 τῶν
465 891 763 963 ’Λθηναίων
806 895 983 966 μῆνας
1029 902 1141 962 τοῖς
1177 901 1283 953 τῶν
1324 902 1606 972 Ῥωμαίων
1646 904 1733 970 δη-

157 977 328 1031 λονότι
369 979 471 1032 οὐκ
505 980 574 1033 ἂν
605 981 711 1053 εἴη.
761 985 1246 1058 Ἐπαμφοτερίζειν
1290 984 1380 1040 οὖν
1413 1007 1464 1042 τι
1496 990 1728 1060 συμϐαί-

156 1085 256 1123 νει.
282 1064 430 1130 Οἷον,
456 1070 590 1141 φέρε
623 1073 815 1137 εἰπεῖν,
853 1074 1261 1146 Ἐκατομϐαιὼν
1288 1077 1347 1129 τὸ
1379 1079 1474 1148 μὲν
1511 1079 1725 1132 Ἰουνίου

153 1159 550 1229 ἐπιλαμϐάνει,
590 1165 652 1216 τὸ
699 1166 755 1218 δὲ
789 1167 1037 1221 Ἰουλίου·
1084 1171 1177 1223 καὶ
1219 1171 1619 1238 Μεταγειτνιὼν
1668 1173 1727 1225 τὸ

154 1252 250 1321 μὲν
296 1253 542 1316 Ἰουλίου,
576 1255 636 1307 τὸ
684 1257 728 1308 δ’
773 1259 1111 1326 Αὐγούστουο
1151 1262 1244 1314 καὶ
1287 1262 1629 1333 Βοηδρομιὼν
1667 1265 1727 1317 τὸ

154 1342 250 1412 μὲν
272 1343 608 1411 Αὐγούστου,
631 1347 692 1399 τὸ
727 1348 782 1400 δὲ
816 1350 1204 1423 Σεπτέμϐριος.
1253 1355 1520 1418 Ὡσαύτως
1542 1356 1599 1408 δὲ
1631 1357 1725 1409 καὶ

154 1433 200 1482 οἰ
252 1430 434 1486 λοιποὶ
474 1434 674 1499 πάντες
712 1439 1046 1509 ἀμφιλαφεῖς
1091 1445 1196 1496 εἰσι
1247 1445 1314 1497 τὰ
1361 1445 1554 1498 πολλά·
1601 1447 1722 1498 ἐπεὶ

148 1521 316 1575 ἐνίοτέ
357 1541 422 1592 γε
473 1528 566 1580 καὶ
616 1527 817 1592 ἰσάζειν
882 1533 1195 1603 συμϐαίνεισ
1255 1531 1365 1588 οἷον
1415 1537 1505 1590 καὶ
1561 1538 1722 1605 τῆτες

147 1614 488 1684 συμϐέϐηκε,
514 1621 808 1691 νουμηνίαν
842 1623 957 1693 ἅμα
993 1625 1264 1696 Ἀπρίλιος
1286 1629 1450 1700 μηνὸς
1473 1629 1716 1700 ἡλιακοῦ,

144 1704 236 1754 καὶ
270 1703 503 1775 σελήνης
527 1707 701 1775 ἄγειν.
743 1711 1092 1783 Ἐρμηνεύειν
1117 1715 1299 1785 μέντοι
1332 1715 1515 1780 ἁπλῶς
1542 1717 1717 1788 χρεὼν

141 1793 246 1847 ἀπὸ
271 1796 367 1850 τοῦ
392 1798 662 1870 προτέρου
679 1817 692 1830 ·
723 1797 854 1866 οἷον,
877 1803 1180 1872 Αὔγουστον
1203 1807 1293 1860 τὸν
1312 1809 1712 1880 Βοηδρομιῶνα,
1750 1793 1790 1850 Β

138 1887 273 1941 ἀλλὰ
301 1888 379 1960 μὴ
426 1891 817 1964 Σεπτέμὸριον,
873 1897 957 1948 ἵνα
1012 1897 1218 1968 θερινὸς
1377 1900 1557 1973 τρίτος
1609 1903 1717 1971 γὰρ

139 1979 244 2032 ἀπὸ
282 1982 790 2053 Ἑκατομϐαιῶνοςο
839 1989 1096 2059 τροπικὸς
1131 1992 1188 2044 δὲ
1243 1991 1450 2063 θερινὸς
1493 1997 1521 2047 ὁ
1559 1996 1717 2049 Ἐκα-

137 2070 436 2141 τομὸαιὼν,
463 2074 540 2138 ὡς
577 2076 915 2148 δεδειγμένον
951 2081 1084 2134 ἐστί.
1136 2083 1360 2156 Γαληνῷ
1390 2085 1446 2139 δὲ
1471 2086 1715 2157 διέφερεν

134 2161 287 2214 οὐθὲν
311 2163 451 2232 πρός
472 2180 538 2232 γε
567 2163 626 2218 τὸ
649 2165 748 2234 τῆς
772 2167 966 2238 ἐλάτης
996 2171 1212 2243 σπέρμα
1234 2175 1324 2227 καί
1345 2175 1441 2246 τὴν
1469 2175 1715 2230 σύνθεσιν

133 2251 228 2305 τοῦ
277 2254 512 2318 ἀκόπου,
560 2256 660 2310 εἴτ’
712 2259 821 2312 ἀπὸ
863 2261 958 2314 τοῦ
1011 2265 1275 2336 ἑπομένου
1320 2269 1710 2343 Σεπτέμὸριος,

133 2343 229 2395 εἴτ’
254 2345 366 2397 ἀπὸ
389 2346 483 2398 τοῦ
511 2349 813 2418 ἡγουμένου
846 2351 1148 2421 Αὔγουστος
1169 2357 1522 2428 ἑρμηνεύοιτο
1548 2363 1576 2414 ὁ
1603 2362 1711 2415 τῶν

135 2437 452 2509 μυστηρίων
493 2442 638 2512 μήν’
678 2442 848 2506 ἄλλως
889 2462 950 2498 τε
999 2447 1090 2500 καὶ
1127 2448 1234 2502 τῶν
1282 2452 1609 2524 ἰσημερινῶν
1649 2471 1710 2507 τε

134 2527 232 2617 καὶ*
251 2529 474 2600 τροπῶν
514 2533 640 2602 περί
671 2549 771 2587 που
815 2537 1062 2609 εἰκοστὴν
1103 2540 1368 2614 τετάρτην
1397 2544 1489 2597 τοῦ
1541 2545 1709 2617 μηνὸς

128 2614 343 2686 ἡμέραν
366 2655 381 2681 ,
430 2617 506 2682 ὡς
542 2620 801 2691 Ῥωμαῖοι
861 2625 1071 2694 ἄγουσι,
1133 2614 1551 2703 λαμϐανομένων
1595 2614 1708 2699 τοῖς

128 2707 247 2759 τότε
281 2704 438 2762 οὖσιν
464 2711 772 2781 ἀνθρώποις
794 2733 806 2746 ·
838 2719 932 2770 καὶ
957 2719 1178 2790 προσέτι
1220 2725 1530 2796 ἰσημερινοῦ
1558 2743 1705 2794 γινο-

129 2800 290 2867 μένου
322 2803 455 2855 ποτὲ
497 2803 591 2856 καὶ
631 2806 726 2858 τοῦ
760 2807 1193 2880 Βοηδρομιῶνος,
1235 2815 1456 2870 ἐπειδὰν
1491 2817 1705 2883 πλείους

127 2884 257 2944 ὦσιν
277 2895 333 2945 αἰ
361 2895 500 2964 μετά
526 2895 622 2966 τὴν
652 2899 857 2971 τροπὴν
895 2905 1144 2971 περιτταὶ
1185 2907 1410 2978 ήμέραι.
1448 2910 1608 2964 Ὅθεν
1638 2911 1702 2984 δὴ

128 2983 222 3073 καὶ,
269 2985 668 3058 Ἀριστοτέλης,
714 3008 732 3039 ‹
768 2993 886 3060 μετ’
933 2993 1232 3067 ἀρκτοῦρον
1289 3000 1416 3070 περὶ
1472 2983 1704 3073 Βοηδροέ

128 3072 326 3141 μιῶνα,
362 3094 380 3126 ι
409 3077 596 3147 φησὶν,
631 3078 818 3153 ῶσπερ
855 3079 921 3135 αὖ
963 3085 1247 3154 ἀνάπαλιν,
1298 3091 1426 3160 περί
1468 3072 1703 3163 λήγοντά

128 3180 226 3216 που
258 3166 352 3219 τὸν
385 3167 837 3239 Ἑκατομϐαιῶνα
867 3175 964 3245 τῆς
986 3178 1190 3248 τροπῆς
1217 3183 1534 3252 γενομένης,
1565 3201 1704 3255 συμ-

127 3253 299 3309 ϐαίνει
346 3261 555 3330 τρυγᾷν
608 3261 704 3324 τὰς
761 3264 1035 3334 ἀμπέλους
1098 3269 1224 3340 περὶ
1278 3272 1560 3342 ἱστάμενον
1609 3253 1700 3328 τον

124 3345 517 3416 Πυανεψιῶναδ
560 3351 702 3405 καθεί⁷
740 3353 1080 3428 Πλούταρχος
1103 3361 1449 3432 ἐπισημαίνει
1488 3365 1698 3437 συμϐῆ-

125 3453 230 3498 ναι,
271 3437 361 3490 ὅτε
391 3438 602 3507 Θησεὺς
639 3443 909 3514 ἐπανῆκεν
947 3450 1010 3502 ἐκ
1041 3450 1283 3522 Κρήτης.
1331 3453 1396 3506 Ἠ
1439 3456 1698 3527 ἰσημερίαι

127 3528 308 3594 μέντοι
349 3531 480 3599 περὶ
524 3530 755 3601 λήγοντὰ
797 3553 899 3590 που
945 3538 1036 3592 τὸν
1074 3541 1548 3615 Μαιμακτηριῶνα
1591 3549 1694 3600 ὑπ-

121 3621 273 3692 ῆρξε.
303 3624 520 3678 Πλίνιον
563 3626 619 3680 δὲ
669 3631 895 3699 οἰητέον,
939 3633 1014 3705 μὴ
1053 3635 1127 3699 ὡς
1167 3638 1566 3709 Ἀριστοτέλους
1605 3642 1693 3696 λέ-

121 3710 202 3776 ξιν
252 3715 630 3787 μεταφέροντα
653 3759 668 3785 ,
717 3714 817 3774 ὧδε
873 3727 1140 3780 ποιεῖσθαι
1192 3729 1283 3782 τὸν
1349 3731 1524 3800 λόγον,
1577 3735 1690 3788 ἀλλ’

123 3802 255 3857 ἰδίαν
293 3806 444 3876 αὐτῷ
474 3807 632 3872 δόξαν
670 3813 798 3882 περὶ
840 3814 1000 3869 τόκου
1031 3816 1138 3871 τῶν
1178 3819 1374 3890 ἰχθύων
1398 3823 1693 3894 ἀποφαινό-

120 3908 298 3960 μενον.
331 3895 657 3966 Θαυμαστόν
691 3918 749 3953 τε
773 3903 947 3967 οὐθὲν,
991 3907 1040 3959 εἰ
1071 3909 1162 3961 καὶ
1197 3913 1318 3974 ταῖς
1345 3911 1548 3984 χώραις
1577 3915 1690 3968 δια-

116 3988 254 4057 φορὰ
277 3991 404 4060 περὶ
444 3989 543 4054 τὰς
579 3993 822 4060 γενέσεις
859 3995 1024 4051 ἐστίν.
1067 3999 1226 4054 Ἀλλὰ
1249 4002 1433 4073 δῆλον,
1473 4005 1553 4059 ὅτι
1599 4008 1690 4061 καὶ

113 4075 220 4127 τῶν
258 4077 433 4144 ζώων,
474 4081 664 4156 ὥσπερ
700 4087 806 4140 τῶν
846 4090 1046 4158 φυτῶν,
1088 4093 1286 4166 πολλὴν
1333 4095 1542 4150 ποιοῦσι
1577 4099 1690 4153 δια-

113 4168 284 4263 φορὰν
317 4172 365 4223 οἰ
408 4172 586 4238 τόποι,
624 4177 682 4229 οὐ
725 4178 882 4248 μόνον
915 4183 1057 4236 κατὰ
1088 4184 1317 4252 μέγεθος
1357 4189 1451 4241 καὶ
1503 4191 1688 4263 εὐτρο-

111 4257 260 4324 φίαν,
287 4262 424 4316 ἀλλὰ
455 4267 551 4318 καὶ
579 4268 718 4322 κατὰ
747 4271 872 4334 τοὺς
903 4273 1112 4338 τόκους,
1148 4275 1241 4329 τοῦ
1270 4277 1338 4332 τὰ
1368 4280 1466 4350 μὲν
1506 4257 1686 4352 ὀψιαί-

303 4356 522 4426 γεννᾷν,
568 4357 635 4411 τὰ
693 4359 749 4412 δὲ
799 4365 1172 4438 πρωῖαίτερον.
1208 4364 1336 4423 Ὧδε
1367 4372 1464 4443 μὲν
1506 4375 1684 4428 τοίνυν

1104 329 1446 387 rnaonom
1489 329 1693 386 eam
1742 329 1938 384 LIBER
1983 327 2068 382 ne
2108 309 2497 386 MENSIBUS.‘

161 437 320 508 ἐνάτη
349 437 664 507 ἱσταμένου,
682 442 829 511 τρεῖς
853 436 992 494 εἶναι
1012 443 1110 507 τὰς
1140 446 1399 516 περιττὰς
1423 445 1702 514 ἀναγκαῖοι

1804 489 1809 503 ,
1841 442 2186 496 manifestum
2217 450 2302 496 est
2322 457 2468 497 nono
2495 443 2698 500 mensis
2729 447 3008 516 sequentis
3035 446 3122 502 die
3147 438 3417 516 astivumf

3251 348 3386 405 H95

1837 537 2124 589 solstitium
2152 535 2340 591 fuisse.
2373 535 2430 590 Si
2475 537 2658 607 itaque
2691 539 2984 594 solstitium
3017 554 3161 594 nono
3204 512 3415 629 ineun-f

1837 630 1926 691 tis,
1956 636 2066 682 tres
2111 643 2234 683 esse
2265 629 2381 683 dies
2408 629 2747 687 abundantes
2772 640 2855 686 est
2880 647 3125 688 necesse.
3154 633 3278 688 Haec
3302 637 3413 690 au-'

1832 728 1939 773 tem
1977 721 2191 789 planius
2215 729 2399 790 postea
2424 721 2867 787 elucidabuntur,
2900 724 2991 776 ubi
3026 723 3092 778 de
3120 740 3219 777 usu
3242 741 3394 779 men-

1833 813 1910 866 sis
1957 812 2294 866 intcrcalarii
2341 811 2699 868 disseremus.
2731 813 2813 866 An
2864 814 3026 884 igitur
3077 814 3274 883 Ephori
3320 817 3391 868 sit

1831 903 1934 958 iste
1961 919 2138 966 error,
2173 920 2241 958 an
2279 905 2636 960 amanuensis
2670 906 2874 975 potius,
2915 907 2970 960 in
3004 907 3183 960 medio
3207 907 3390 960 consi-

1830 994 2128 1049 derandum
2153 997 2421 1066 relinquo.
2446 995 2561 1050 Jam
2586 1006 2794 1052 certum
2821 1006 2906 1053 est
2932 997 3142 1052 Atticos
3173 1013 3388 1052 menses

1827 1087 2022 1156 aequali
2073 1088 2282 1142 dierum
2325 1104 2574 1153 numero,
2606 1089 2878 1160 simulque
2910 1090 3151 1153 ﬁniente,
3187 1089 3388 1144 Roma-

1829 1191 2150 1247 nossemper
2165 1178 2502 1249 aequiparare
2532 1195 2640 1234 non
2664 1195 2842 1249 posse.
2863 1179 3006 1249 Ergo
3037 1180 3088 1232 tit
3110 1187 3168 1232 ut
3187 1178 3385 1249 singuli

1826 1281 2040 1322 menses
2070 1269 2386 1323 Graecorum
2411 1270 2552 1323 inter
2586 1269 2744 1324 binos
2769 1285 2980 1340 semper
3016 1269 3382 1324 Romanorum

1826 1359 2119 1430 ambigant.
2160 1361 2402 1430 Exempli
2438 1362 2612 1430 gratia
2652 1381 2664 1415 :
2705 1361 3122 1417 llecatombwon
3177 1371 3381 1431 partem

1823 1450 1992 1517 Junii,
2017 1459 2070 1506 et
2097 1459 2306 1522 partem
2335 1451 2466 1508 Julii
2500 1453 2754 1522 attingit;
2785 1451 3133 1524 Metagitnion
3169 1451 3298 1506 Julii
3329 1457 3382 1506 et

1825 1545 2054 1615 Augusti
2078 1561 2092 1610 ;
2126 1544 2485 1599 Boedromion
2511 1543 2742 1615 Augusti
2765 1552 2819 1597 et
2835 1542 3188 1613 Septembris.
3215 1541 3380 1596 Simi-

1823 1634 1945 1690 liter
1975 1649 2102 1689 vero
2131 1635 2324 1705 reliqui
2349 1651 2540 1691 omnes
2568 1652 2678 1691 non
2711 1651 2834 1691 raro
2868 1651 2988 1691 sese
3011 1635 3249 1704 praebent
3277 1649 3378 1688 an-

1821 1726 2035 1797 cipites,
2061 1726 2388 1796 quandoque
2410 1728 2572 1783 etiam
2603 1728 2864 1798 aequales,
2903 1735 2963 1781 ut
2985 1727 3067 1780 vel
3099 1725 3379 1794 superiore

1821 1833 1964 1872 anno
1996 1819 2180 1873 lunam
2213 1835 2408 1874 novam
2441 1835 2564 1873 cum
2595 1821 2800 1891 Aprilis
2827 1819 3084 1873 Kalendis
3107 1817 3377 1874 solaribus

1819 1910 2053 1979 contigit
2095 1926 2395 1982 emergere.
2427 1910 2615 1982 Opera:
2647 1921 2823 1967 tamen
2851 1913 3081 1982 pretium
3124 1919 3209 1966 est
3241 1911 3374 1966 sim-

1819 2001 2032 2070 pliciter
2057 2017 2088 2056 a
2123 2003 2305 2072 priore
2335 2019 2524 2060 mense
2555 2004 2924 2074 interpretari.
2962 2003 3123 2060 Verbi
3157 2003 3332 2074 gratia
3359 2021 3374 2058 :

1817 2093 2260 2150 Boedromionem
2279 2096 2578 2165 Augustum
2602 2099 2782 2165 potius
2799 2113 2961 2168 quam
2981 2096 3372 2168 Septembrem,

1815 2189 1875 2235 ut
1894 2183 2113 2238 aestivus
2135 2185 2235 2251 sit;
2266 2188 2461 2242 tertius
2487 2189 2631 2242 enim
2665 2197 2751 2244 est
2773 2190 2842 2244 ab
2876 2189 3324 2244 llecatombaaone
3356 2209 3370 2244 :

1813 2274 1868 2328 in
1899 2289 2028 2344 quo,
2078 2283 2139 2330 ut
2164 2275 2594 2333 demonstratum
2644 2290 2748 2345 est,
2778 2283 3023 2336 testivum
3078 2283 3372 2338 solstitium

1813 2368 2122 2422 coniicitur.
2161 2369 2304 2423 Nihil
2330 2384 2494 2439 porro
2523 2370 2710 2426 Galeni
2753 2373 3035 2440 intererat,
3074 2374 3141 2429 ad
3178 2375 3374 2432 abietis

1813 2476 1994 2516 semen
2033 2471 2086 2517 et
2122 2463 2574 2533 compositionem
2621 2465 2798 2535 acopi,
2852 2465 2969 2520 sive
3021 2480 3052 2519 a
3111 2473 3374 2536 sequente

1815 2550 2152 2625 September,
2183 2556 2298 2611 sive
2335 2570 2365 2609 a
2394 2556 2732 2626 przecedente
2764 2557 3045 2626 Augustus
3071 2565 3372 2612 verteretur

1812 2643 1900 2698 ille
1925 2646 2303 2715 mysteriorum
2333 2647 2572 2712 mensis;
2599 2647 2901 2715 praesertim
2920 2663 3042 2702 cum
3061 2648 3291 2702 solstitia
3317 2655 3371 2703 et

1808 2734 2133 2804 aequinoctia
2164 2737 2320 2807 162
2371 2730 2594 2790 circiter
2623 2748 2880 2805 quartum
2902 2778 2917 2798 ,
2949 2748 3004 2792 et
3047 2738 3368 2792 vicesimum

1808 2826 1948 2880 diem
1988 2827 2193 2882 mensis
2242 2826 2472 2881 Romani
2523 2829 2590 2882 ab
2635 2829 2780 2885 illius
2828 2829 3012 2884 saeculi
3054 2829 3368 2885 hominibus

1807 2918 2158 2988 signarentur
2191 2938 2204 2973 :
2239 2927 2291 2973 et
2337 2927 2598 2990 praeterea
2633 2921 3038 2990 aequinoctialis
3091 2921 3364 2977 interdum

1808 3009 1947 3066 foret
1974 3010 2358 3077 Boedromion,
2389 3027 2513 3066 cum
2536 3013 2720 3083 plures
2743 3020 3064 3081 supererant
3093 3013 3209 3068 dies
3243 3021 3367 3084 post

1729 3139 1774 3202 ϐ
1809 3102 2127 3156 solstitium.
2180 3102 2332 3158 Unde
2381 3105 2542 3158 etiam
2591 3106 2912 3161 Aristoteles
2964 3105 3128 3171 dicit,
3181 3116 3364 3202 c-post

1805 3201 2084 3248 arcturum
2132 3195 2352 3251 circiter
2406 3195 2894 3261 Boedromionem,
2949 3215 2967 3249 ›
3011 3196 3364 3268 quemadmo-

1803 3283 1930 3336 dum
1962 3291 2151 3338 contra
2185 3293 2408 3355 peracto
2430 3287 2572 3340 circa
2594 3287 2931 3343 desinentem
2951 3286 3362 3342 Hecatomme-

1799 3390 1922 3429 nem
1953 3376 2190 3430 solstitio
2226 3377 2407 3431 evenit
2435 3377 2736 3433 vindemias
2769 3378 2905 3442 ﬁeri,
2933 3379 3078 3433 circa
3100 3379 3362 3448 incipien-

1799 3473 1906 3518 tem
1940 3463 2410 3536 Pyanepsionem:
2443 3477 2502 3522 ut
2533 3467 2861 3526 Plutarchus
2892 3471 3156 3526 accidisse
3187 3470 3360 3540 signi-

1799 3557 1948 3620 ticat,
1979 3558 2197 3626 quando
2225 3557 2467 3614 Theseus
2487 3576 2518 3616 e
2543 3559 2701 3615 Creta
2734 3561 2916 3616 rediit.
2944 3562 3356 3633 IEquinoctium

1797 3649 1942 3701 enim
1975 3647 2152 3702 fuerat
2177 3650 2280 3705 sub
2319 3652 2479 3706 ﬁnem
2525 3652 3000 3709 Mazmacterionis.
3037 3653 3358 3724 Pliniusque

1795 3739 2152 3795 aestimandus
2181 3748 2264 3796 est
2289 3743 2370 3796 sic
2397 3743 2566 3813 loqui,
2597 3759 2707 3798 non
2737 3745 2828 3814 qui
2860 3745 3021 3799 verba
3044 3745 3354 3801 Aristotelis

1793 3826 2218 3898 interpretetur,
2258 3832 2352 3886 sed
2385 3833 2476 3902 qui
2499 3849 2654 3888 suam
2689 3834 2757 3890 de
2785 3819 3012 3904 piscium
3052 3842 3208 3905 partu
3256 3851 3352 3890 ειη

1793 3922 1993 3991 primat
2028 3926 2375 3980 sententiam.
2417 3926 2670 3998 Nihilque
2714 3916 2912 3984 mir'um
2957 3937 3062 3995 est,
3103 3931 3149 3984 si
3187 3931 3350 3985 etiam

1790 4012 1847 4064 in
1877 4015 2320 4082 generationibus
2345 4030 2375 4069 a
2403 4018 2686 4088 regionum
2708 4018 3020 4074 diversitate
3052 4020 3227 4074 oritur
3241 4020 3352 4074 dif-

1791 4105 2038 4160 ferentia.
2066 4105 2266 4160 Verum
2297 4108 2430 4161 illud
2463 4117 2700 4175 constat,
2749 4111 2996 4175 multam,
3043 4118 3101 4164 ut
3134 4112 3349 4181 planta-

1789 4208 1933 4255 rum,
1971 4196 2046 4248 ita
2088 4211 2303 4265 quoque
2339 4197 2674 4264 animalium,
2718 4213 2828 4252 non
2873 4199 2928 4252 in
2980 4201 3350 4269 magnitudine

1789 4286 1967 4340 solum
1997 4287 2294 4357 habituque
2311 4288 2606 4357 vegetiore,
2637 4289 2731 4343 sed
2755 4298 2809 4343 et
2830 4289 2882 4342 in
2915 4300 3069 4358 partu
3090 4291 3204 4359 ipsa
3231 4291 3347 4346 loca

1787 4377 1998 4432 ellicere
2047 4378 2431 4443 differentiam,
2465 4386 2526 4432 ut
2570 4380 2676 4435 alia
2732 4380 2930 4445 serius,
2978 4383 3084 4436 alia
3125 4384 3347 4454 gignant

111 4439 295 4506 ἁπλῶς
332 4463 392 4498 τε
443 4448 536 4500 καί
586 4467 659 4520 πη
699 4454 1108 4524 ἑρμηνεύοντες,
1135 4459 1233 4512 οὐκ
1282 4439 1684 4536 ἃννδιαμαρτά-

1804 4470 2074 4525 naturius.
2104 4469 2194 4524 Sic
2219 4474 2384 4542 igitur
2411 4473 2733 4542 simpliciter
2756 4481 2809 4528 et
2835 4475 3210 4544 quadantenus
3227 4493 3346 4532 ver-

107 4548 290 4605 νοιμεν
318 4536 413 4591 τοῦ
455 4540 658 4594 ἱκανοῦ.

474 4723 614 4789 Περί
644 4726 918 4795 χρήσεως
945 4731 1064 4785 τῶν
1087 4735 1314 4801 μηνῶν.

176 4809 230 4860 Ρ.
277 4811 433 4864 Ἐπεὶ
457 4813 503 4866 δ’
539 4813 652 4867 ἔστι
695 4817 792 4886 μὲν
824 4821 1053 4891 χρῆσθαι
1085 4827 1217 4893 μησὶ
1267 4830 1360 4881 καὶ
1398 4831 1538 4884 κατὰ
1579 4833 1678 4902 τὴν

101 4896 254 4965 ἡλίου
287 4905 611 4974 περιφορὰν,
647 4907 722 4970 ὡς
760 4909 1015 4980 Ῥωμαῖοι
1053 4915 1309 4984 ἄγουσιψ
1361 4920 1548 4976 ἔστιδὲ
1584 4896 1677 4976 καὶ

97 4987 200 5085 τὴν
232 4993 331 5062 τῆς
359 4995 608 5068 σελήνης,
636 4998 710 5062 ὡς
752 5001 1021 5073 Ἀθηναῖοι
1053 5002 1186 5076 ἦγον
1209 5023 1225 5039 ο
1259 5011 1482 5084 πότερον
1519 5014 1678 5085 Ἀθη-

97 5083 273 5176 valet;
306 5085 565 5176 ἑπόμενοι
599 5091 932 5161 χρησόμεθα,
964 5096 996 5166 ἢ
1035 5099 1346 5168 Ῥωμαίοις,
1375 5083 1675 5176 κατονομᾶ-

97 5169 286 5236 Cons;
325 5175 424 5244 μὲν
457 5175 534 5238 ὼς
574 5177 844 5248 Ἀθηναῖοι
863 5223 878 5244 ,
901 5183 999 5253 τὴν
1021 5183 1076 5239 δέ
1106 5202 1169 5253 γε
1192 5187 1284 5240 τοῦ
1317 5169 1674 5256 ὲνιαυτοῦνείς

98 5262 279 5330 μῆνας
323 5264 592 5334 διαίρεσιν
643 5272 783 5325 κατὰ
837 5274 1010 5328 ταύτὰ
1051 5278 1340 5348 Ῥωμαίοις
1399 5283 1669 5349 τιθέντες;

95 5351 327 5442 ῌλήθων
371 5358 477 5426 μέν
518 5375 701 5429 φησιν,
750 5363 830 5415 ὅτι
886 5366 1026 5420 κατά
1061 5368 1224 5436 φύσιν
1267 5370 1330 5442 δὴ
1378 5374 1552 5442 ἄγοιτ’
1604 5376 1670 5430 ἂν

92 5440 218 5538 ἔτος
250 5445 349 5538 μὲν
378 5448 522 5502 κατὰ
549 5449 637 5502 τὸν
669 5451 837 5521 ἥλιον,
880 5455 988 5526 μὴν
1017 5458 1073 5511 δὲ
1110 5460 1249 5514 κατὰ
1274 5440 1371 5532 τήν
1407 5440 1632 5538 σελήνην
1652 5486 1666 5500 ο

87 5531 182 5587 διὰ
213 5537 267 5589 τί
295 5537 371 5602 δὲ,
394 5540 458 5592 οὐ
487 5540 653 5609 λέγει.
687 5544 868 5600 Ἀλλοι
905 5549 962 5601 δέ
1001 5568 1164 5615 τινες,
1195 5555 1287 5606 καὶ
1325 5531 1501 5609 αἰτίαν
1520 5531 1670 5612 ’ἀπο-

87 5627 346 5694 διδόντες,
389 5633 570 5687 πάντα
611 5635 745 5707 πρὸς
789 5639 897 5692 τῶν
939 5642 1202 5711 οὐρανίων
1242 5649 1559 5716 κοσμεῖσθαι
1602 5651 1668 5702 τὰ

85 5717 220 5788 τῇδέ
249 5737 398 5789 φασι.
433 5727 526 5776 καὶ
561 5727 768 5796 μεγάλα
812 5727 948 5784 εἶναι
993 5734 1062 5787 τὰ
1107 5735 1203 5806 τῆς
1251 5738 1477 5812 σελήνης
1512 5741 1662 5814 ἔργα.

374 5813 652 5877 Parnm“
685 5818 800 5881 Gn.
859 5823 1032 5886 ΧΙΧ.

1787 4565 1983 4624 tentes,
2016 4575 2359 4631 nequaquam
2404 4561 2474 4616 ab
2496 4562 2689 4617 idonea
2727 4564 3089 4633 explicatione
3122 4565 3344 4621 aberra-

1782 4651 2044 4708 verimus.

2299 4743 2378 4798 De
2404 4745 2663 4799 mensium
2695 4763 2812 4802 usu.

1849 4830 1918 4885 Χ.
1955 4831 2060 4886 Sed
2091 4835 2351 4902 quoniam
2385 4837 2668 4893 mensibus
2713 4840 2789 4892 uti
2826 4853 3118 4909 possumus
3152 4841 3234 4898 vel
3273 4843 3340 4898 ad

1781 4923 1913 4978 solis
1934 4933 2164 4988 motum,
2199 4937 2255 4980 ut
2275 4926 2529 4989 Romani,
2563 4931 2644 4983 vel
2674 4931 2741 4984 ad
2765 4931 2932 4997 lunae,
2958 4942 3017 4989 ut
3046 4935 3341 4991 Athenien-

1779 5029 1908 5068 ses:
1950 5025 2132 5070 utrum
2165 5017 2401 5072 Atticum
2447 5035 2630 5086 usum,
2683 5037 2751 5076 an
2797 5021 3102 5079 Romanum
3145 5042 3339 5097 seque-

1777 5122 1920 5170 mur,
1964 5123 2115 5163 more
2169 5111 2390 5180 quidem
2434 5112 2848 5170 Atheniensium
2899 5117 3333 5185 denominantes,

1776 5199 1903 5253 anni
1927 5215 2058 5256 vero
2081 5200 2136 5254 in
2168 5217 2382 5259 menses
2410 5206 2657 5262 eamdem
2693 5223 2814 5262 cum
2846 5207 3107 5266 Romanis
3131 5212 3336 5266 consti-

1774 5296 1990 5346 tuentes
2027 5292 2392 5350 divisionem?
2424 5296 2651 5354 Pletbon
2688 5301 2902 5370 quidem
2940 5304 3106 5358 refert
3135 5313 3331 5359 natura

1772 5393 1892 5433 esse
1936 5391 2334 5450 comparatum,
2372 5393 2430 5438 ut
2475 5386 2544 5441 ad
2591 5389 2760 5445 solem
2790 5389 3090 5446 deducatur
3131 5407 3330 5457 annus,

1772 5470 1977 5526 mensis
2004 5487 2134 5526 vero
2157 5474 2222 5528 ad
2251 5474 2434 5530 lunam
2468 5496 2481 5531 :
2511 5477 2604 5533 sed
2637 5482 3012 5548 quamobrem,
3044 5499 3150 5537 non
3177 5483 3330 5538 dicit.

1771 5559 1994 5630 Verum‘
2014 5563 2104 5618 alii
2136 5563 2300 5634 hujus
2329 5582 2547 5636 quoque
2575 5569 2704 5624 dicti
2729 5572 2994 5628 rationem
3020 5573 3328 5642 afferentes,

1769 5665 2104 5718 asseverant,
2137 5672 2258 5728 qua:
2287 5659 2375 5712 hic
2408 5661 2462 5714 in
2491 5663 2653 5718 terris
2691 5673 2840 5730 sunt,
2881 5666 3061 5720 omnia
3094 5681 3123 5721 a
3162 5667 3327 5723 (καθιε-

1769 5747 1944 5804 stibus
1997 5749 2108 5806 illis
2150 5752 2473 5822 corporibus
2527 5756 2790 5825 ordinari,
2823 5775 3158 5832 magnosque
3204 5773 3331 5817 esse

2939 5854 3015 5916 38
