3800 6318
445 290 578 346 H95

1443 286 1533 339 AD
1570 284 1839 340 EUSEBII
1877 281 2270 338 CHRUNICON
2309 284 2671 344 APPENDIX.

3534 287 3652 342 H96

438 410 580 462 luna
611 407 858 462 effectus.
897 406 1030 460 Nam
1056 405 1260 460 mutari
1304 403 1459 458 aiunt
1486 404 1776 459 manifeste
1805 404 1874 458 ab
1906 403 1996 456 illa

2114 403 2478 459 Ἀλλοιοῦσθαι
2507 409 2611 478 γάρ
2645 407 2828 476 σαφῶς
2853 406 2922 460 τά
2955 407 3169 475 ἐπίγεια
3215 407 3373 460 πάνθ’
3400 407 3494 460 ὑπ’
3532 407 3654 460 ἐκει-

437 501 722 560 torrestria
746 507 964 562 cuncta,
997 499 1158 567 idque
1190 504 1359 551 recte.
1397 496 1625 566 Signum
1651 503 1834 550 tamen
1877 494 2000 548 nul-

439 591 552 643 lum
600 599 703 651 est,
739 604 954 643 menses
1000 586 1067 640 ad
1117 589 1333 650 lunam,
1368 602 1479 640 non
1520 585 1588 639 ad
1628 587 1798 640 solem
1842 601 1999 656 agere

440 689 715 751 Oportere.
747 681 870 735 Haec
887 681 1030 734 enim
1059 678 1318 734 inferiora
1348 679 1724 748 superioribus
1757 678 1863 733 illis
1883 694 2000 733 mo-

437 772 587 824 tibus
614 785 736 824 esse
783 770 1042 823 continua
1087 783 1198 823 non
1254 767 1466 822 inficias
1507 769 1671 832 imus,
1699 775 1752 822 et
1782 783 1999 822 omnem

439 876 625 915 eorum
645 862 749 914 vim
773 868 826 915 et
857 861 1151 929 potentiam
1188 860 1340 914 illinc
1369 860 1680 930 gubernari,
1713 861 2001 930 ipsumque

440 952 696 1007 decorum
715 951 1100 1022 (quodcunque
1127 951 1270 1021 apud
1299 967 1399 1006 nos
1434 952 1715 1021 decorum)
1737 961 1792 1007 et
1819 967 1998 1006 rerum

439 1045 682 1100 ordinem
735 1060 765 1097 a
819 1059 1054 1114 superna
1096 1045 1187 1098 illa
1235 1053 1430 1098 natura
1477 1045 1814 1111 consistere;
1855 1043 2000 1114 quod

438 1153 568 1192 vero
601 1138 927 1208 indigestum
975 1149 1030 1193 et
1056 1153 1157 1194 suo
1183 1153 1370 1193 errore
1389 1137 1669 1201 indecens,
1703 1139 1755 1193 id
1779 1153 1902 1193 esse
1934 1139 2004 1193 ab

438 1244 500 1283 ea
534 1227 900 1297 (quaeestbic)
926 1229 1173 1283 materia.
1205 1227 1373 1282 Detur
1394 1243 1525 1284 vero
1565 1230 1734 1282 multa
1755 1229 2000 1298 quaedam

439 1335 470 1373 a
501 1321 629 1374 luna
652 1319 872 1373 alterari
900 1319 1230 1389 variarique,
1261 1335 1385 1374 cum
1418 1321 1597 1390 plena,
1627 1335 1750 1375 cum
1777 1319 2003 1373 dimidio

439 1412 571 1466 orbe
597 1426 759 1470 caasa.
785 1427 908 1465 cum
939 1411 1166 1481 gibbosa
1204 1419 1259 1466 et
1293 1411 1553 1481 utrinque
1583 1425 1855 1477 convexa;
1876 1426 2001 1465 cum

440 1503 497 1558 in
523 1518 729 1557 cornua
756 1502 915 1567 ﬂexa,
960 1513 1124 1573 atque
1152 1503 1317 1557 etiam
1355 1501 1426 1557 de
1461 1503 1603 1556 caelo
1637 1502 1755 1572 ipso
1787 1511 1843 1556 et
1887 1517 2004 1555 am-

439 1597 620 1651 biente
643 1611 768 1650 aere
787 1595 1053 1665 judicium
1078 1595 1194 1650 fieri
1214 1613 1228 1662 ;
1252 1594 1475 1664 liaacque
1492 1595 1776 1649 terrestria
1803 1594 2004 1648 mutari

440 1705 536 1760 per
575 1689 854 1754 semisses,
906 1696 960 1742 et
995 1687 1364 1758 quadrantes,
1398 1695 1452 1741 et
1496 1693 1678 1742 certas
1731 1686 1999 1756 quasdam

440 1781 614 1851 ipsius
645 1782 910 1836 stationes
947 1799 960 1835 :
1002 1795 1110 1834 non
1139 1787 1320 1836 tamen
1360 1781 1566 1834 idcirco
1609 1782 1901 1842 convenit,
1943 1787 2004 1832 ut
2034 1754 2075 1808 Β

441 1873 862 1944 supersedentes
888 1872 1021 1927 solis
1046 1887 1250 1926 annum
1294 1873 1352 1926 in
1393 1887 1608 1927 menses
1640 1872 2000 1942 distinguere,

442 1982 615 2034 eaque
641 1965 908 2020 divisione
936 1965 1037 2031 uti,
1071 1971 1124 2019 et
1156 1963 1225 2017 ad
1263 1964 1448 2018 lunam
1474 1964 1826 2029 divertentes,
1863 1964 2005 2018 ultro

445 2060 744 2122 sponteque
771 2051 1155 2107 dissideamus.
1182 2050 1291 2107 Nec
1317 2053 1462 2107 enim
1498 2054 1796 2108 secundum
1844 2061 2007 2108 natu-

445 2157 563 2196 ram
597 2149 679 2196 est
701 2149 874 2195 totum
913 2141 1014 2196 soli
1042 2142 1348 2212 quadrare;
1379 2150 1561 2213 partes
1608 2153 1786 2198 autem
1825 2144 2004 2208 alteri,

443 2249 607 2307 quam
637 2234 738 2290 soli
761 2234 933 2305 magis
952 2233 1267 2289 convenire.
1295 2233 1428 2288 Nam
1463 2243 1646 2305 partes
1675 2244 1803 2291 sunt
1837 2237 2005 2290 totius

446 2326 595 2391 anni,
631 2325 722 2395 qui
755 2341 970 2381 menses
993 2327 1371 2389 nominantur,
1400 2325 1488 2380 vel
1511 2327 2009 2396 quomodocunque

445 2417 610 2471 libeat
644 2415 790 2470 illam
822 2415 876 2470 in
902 2415 1188 2471 duodecim
1217 2415 1392 2486 spatia
1418 2416 1617 2472 solaris
1650 2411 2008 2472 revolutionis

447 2508 794 2580 partitionem
838 2507 1131 2578 appellare.
1166 2507 1323 2573 Quod
1366 2507 1511 2562 enim
1563 2521 1730 2561 causa
1777 2517 1862 2562 est
1905 2505 2009 2560 effi-

447 2602 597 2655 ciens
635 2601 824 2666 totius,
860 2600 914 2654 id
942 2607 1102 2655 certe
1142 2598 1380 2669 partium
1426 2600 1738 2654 necessario
1768 2598 2008 2654 efﬁciens

446 2699 550 2756 est,
589 2705 714 2745 cum
739 2706 804 2745 ex
830 2689 1078 2760 partibus
1113 2698 1288 2744 totum
1317 2698 1636 2761 consurgat,
1659 2697 1714 2744 et
1743 2691 1860 2759 ipso
1893 2698 2009 2744 toto

446 2791 630 2854 partes
663 2783 776 2839 sint
810 2781 1162 2854 generatione
1206 2781 1438 2850 priores.
1486 2780 1584 2836 Est
1631 2788 1811 2835 autem
1847 2781 2010 2834 etiam

449 2875 796 2947 inaequalius,
823 2873 1296 2944 inordinatiusque
1322 2889 1526 2928 annum
1560 2872 1626 2926 ad
1663 2872 1805 2926 luna:
1833 2871 2011 2927 curri-

447 2969 632 3023 cdum
679 2968 880 3025 ducere
913 2987 926 3022 :
958 2965 1104 3038 quod
1138 2965 1232 3036 qui
1273 2965 1349 3018 ita
1399 2972 1588 3035 agunt,
1633 2979 1871 3018 mensem
1905 2963 2014 3019 frev

449 3067 681 3128 quenter
714 3059 996 3123 inserunt;
1027 3071 1129 3112 nec
1158 3071 1350 3126 parum
1386 3055 1588 3109 habent
1627 3055 1852 3126 negotii,
1880 3053 2008 3108 dum

450 3149 588 3205 alios
615 3164 788 3205 annos
818 3150 1087 3204 mensium
1121 3147 1432 3212 duodecim,
1461 3148 1598 3202 alios
1619 3148 1880 3203 tredecim
1906 3146 2011 3203 elli-

449 3242 621 3297 ciuut.
662 3239 848 3312 Itaque
890 3248 1086 3312 praeter
1122 3248 1375 3294 naturam
1427 3240 1646 3311 quidem
1697 3240 1752 3295 id
1807 3242 2010 3310 potius.

449 3335 584 3391 Nam
615 3337 751 3391 ordo
779 3335 1000 3404 quidam
1045 3342 1237 3388 natura
1269 3341 1386 3398 est,
1417 3342 1470 3388 et
1510 3341 1705 3403 praeter
1737 3342 2010 3398 naturam,

451 3427 713 3498 quidquid
763 3425 1125 3489 inconditum,
1178 3436 1232 3480 et
1290 3426 1734 3495 incompositum,
1763 3433 1816 3481 et
1865 3426 2014 3495 quod

451 3519 698 3573 ordinem
735 3531 895 3572 suum
926 3532 1035 3570 non
1064 3515 1544 3570 servat.Caeterum
1568 3527 1628 3570 ut
1659 3517 1830 3571 solem
1857 3517 2013 3570 dam-

451 3627 647 3667 nemus
693 3609 1006 3664 inutilitatis
1049 3617 1270 3678 propter
1315 3610 1458 3662 luna:
1513 3610 1646 3673 vim,
1690 3617 1744 3663 et
1781 3624 1843 3664 ea
1893 3624 2015 3679 quae

451 3702 614 3770 vulgo
643 3707 930 3770 apparent,
957 3699 1252 3767 postulatio
1273 3698 1436 3753 nimis
1459 3713 1653 3768 magna
1679 3709 1783 3763 est,
1812 3709 1866 3754 et
1895 3715 2015 3769 quze

455 3792 704 3846 videatur
730 3805 853 3845 esse
880 3789 999 3858 ejus
1023 3789 1115 3858 qui
1147 3804 1205 3844 se
1221 3790 1392 3858 magis
1414 3791 1598 3846 sensui
1626 3806 1783 3860 quam
1818 3794 2016 3847 rationi

457 3881 709 3951 applicet.
750 3877 986 3934 Effectus
1033 3879 1178 3933 enim
1218 3881 1379 3944 lunae,
1407 3887 1461 3935 et
1493 3895 1657 3950 opera
1686 3896 1718 3935 a
1743 3883 1857 3936 sole
1890 3882 2014 3952 qui-

457 3973 580 4027 dem
619 3972 785 4042 (quod
821 3987 988 4042 prope
1019 3970 1274 4040 dixerim)
1301 3973 1483 4025 omnia
1503 3978 1632 4026 sunt
1657 3988 1672 4024 :
1699 3980 1753 4026 et
1791 3973 1902 4026 hzec
1935 3974 2019 4026 in-

458 4063 658 4120 feriora
696 4065 837 4120 idem
875 4065 956 4118 sol
989 4065 1257 4133 imprimis
1287 4063 1566 4130 describit,
1605 4065 1939 4129 modulatur,
1965 4075 2018 4120 et

459 4156 515 4208 in
553 4169 836 4208 numerum
883 4154 1244 4224 ordinemque
1283 4153 1498 4224 digerit.
1525 4153 1590 4207 Et
1623 4155 1852 4210 aliorum
1895 4158 2018 4225 qui-

456 4246 576 4300 dem
603 4245 841 4302 siderum
867 4244 1277 4314 temperationis
1303 4245 1473 4300 solem
1488 4258 1612 4299 esse
1634 4259 1876 4306 causam,
1893 4259 2017 4297 cum

454 4339 641 4393 multis
671 4339 792 4392 aliis
816 4338 1094 4408 praeclaris
1136 4337 1292 4399 viris,
1325 4344 1438 4389 tum
1480 4336 1560 4391 vel
1593 4337 1828 4391 maxime
1862 4333 2019 4390 Stra-

2099 513 2214 566 νης.
2265 497 2434 551 Τοῦτο
2486 501 2586 569 μὲν
2633 495 2726 553 οὖν
2777 496 2836 553 εὖ
2881 500 3115 568 λέγεται.
3161 501 3392 570 Σημεῖον
3436 500 3483 552 δ’
3523 500 3656 552 οὐδέν

2099 588 2214 640 ἐστι
2263 589 2359 640 τοῦ
2405 591 2599 661 χρῆναι
2643 593 2796 659 ἀγειν
2838 593 2977 645 κατά
3025 591 3273 662 σελήνην,
3307 594 3406 645 καὶ
3441 591 3517 661 μὴ
3552 592 3654 644 καθ’

2096 680 2246 748 ἥλιόν
2274 698 2336 748 γε
2364 683 2491 745 τοὺς
2518 683 2713 752 μῆνας.
2748 686 2956 755 Συνεχῆ
2994 685 3091 754 μὲν
3124 685 3232 755 γάρ
3281 701 3404 746 πως
3439 683 3510 735 τὰ
3549 684 3656 753 τῇδε

2096 772 2216 831 ταῖς
2247 769 2358 822 ἀνω
2384 774 2576 840 φοραῖς
2613 768 2751 825 εἷναί
2782 790 2959 843 φαμεν
3003 774 3097 826 καὶ
3132 774 3312 843 ἡμεῖς,
3363 773 3460 824 καὶ
3499 775 3657 824 πᾶσαν

2097 859 2276 911 αὐτῶν
2301 861 2397 930 τὴν
2421 861 2648 932 δύναμιν
2678 863 3045 934 κυϐερνᾶσθαι
3081 863 3319 917 ἐκεῖθεν·
3353 864 3451 916 καὶ
3470 861 3546 915 ’τὸ
3575 864 3658 932 μὲν

2097 949 2259 1003 καλὸν
2294 951 2456 1017 ᾰπαν,
2495 952 2619 1006 ὅσον
2655 953 2720 1007 ἂν
2836 955 3022 1010 ἐνθάδε
3068 955 3250 1018 καλὸν,
3280 957 3376 1008 καὶ
3417 956 3482 1008 τὸ
3519 971 3656 1008 τετα-

2097 1040 2315 1110 γμένον,
2352 1043 2556 1098 ἄνωθεν
2587 1046 2896 1114 ἐγγίνεσθαι
2930 1047 3116 1116 φύσει⁹
3151 1049 3210 1100 τὸ
3237 1047 3281 1100 δ’
3307 1048 3539 1101 ἀτακτον
3579 1048 3656 1101 καὶ

2098 1133 2532 1204 πεπλανημένον,
2585 1137 2850 1207 ὑπάρχειν
2879 1140 2944 1192 ἐκ
2973 1141 3072 1209 τῆς
3101 1139 3289 1192 ἐνθάδε
3332 1140 3466 1209 ῦλης
3486 1157 3500 1170 ·
3541 1141 3660 1192 ἔστω

2099 1221 2158 1273 δὲ
2203 1223 2297 1275 καὶ
2346 1223 2497 1276 πόλλ’
2525 1226 2661 1279 ἄττα
2708 1227 2952 1281 ἀλλοιοῦν
2997 1230 3094 1299 τὴν
3128 1230 3353 1300 σελήνην
3395 1230 3570 1301 πλήρη
3608 1247 3658 1282 τε

2099 1307 2284 1372 οὖσαν,
2315 1315 2409 1366 καὶ
2433 1313 2732 1385 διχότομον,
2764 1318 2858 1368 καὶ
2883 1319 3243 1388 ἀμφίκυρτον,
3272 1320 3368 1372 καὶ
3400 1320 3658 1390 μηνοειδῆ,

2100 1403 2379 1473 κρίνεσθαί
2411 1423 2469 1458 τε
2501 1407 2562 1458 τὸ
2592 1407 2862 1478 περιέχον,
2902 1410 2995 1461 καὶ
3038 1411 3392 1478 μεταϐάλλειν
3445 1412 3514 1465 τά
3551 1414 3660 1483 τῇδε

2101 1495 2241 1548 κατά
2282 1496 2624 1568 διαμέτρους,
2665 1501 2758 1553 καὶ
2789 1501 3179 1570 τετραγώνους,
3219 1505 3314 1558 καὶ
3359 1505 3498 1568 ὅλως
3523 1507 3662 1569 ποιάς

2101 1600 2252 1648 τινας
2297 1587 2511 1651 στάσεις
2558 1589 2758 1658 αὐτῆς
2806 1592 2870 1643 οὐ
2932 1593 3037 1663 μὴν
3084 1593 3140 1646 δὲ
3178 1595 3274 1647 καὶ
3328 1594 3548 1665 εὔλογον
3587 1597 3663 1650 διὰ

2100 1676 2272 1730 ταῦτα
2295 1679 2497 1743 ἐῶντας
2519 1681 2746 1752 διαιρεῖν
2779 1684 2870 1736 τὸν
2897 1684 2992 1737 τοῦ
3017 1684 3165 1755 ἡλίου
3193 1682 3440 1740 ἐνιαυτὸν
3463 1690 3541 1751 είς
3568 1689 3662 1758 μῆ-

2104 1785 2222 1832 νας,
2249 1770 2341 1823 καὶ
2379 1771 2632 1841 χρῆσθαι,
2661 1775 3041 1845 ἐτερορῤεπεῖν
3070 1778 3164 1830 ἐπὶ
3191 1779 3290 1848 τὴν
3318 1778 3564 1849 σελήνην,
3584 1780 3665 1832 καὶ

2106 1862 2330 1926 ἐκόντας
2360 1860 2497 1917 εἶναι
2529 1866 2853 1921 διῖστασθαι.
2882 1869 3016 1922 Οὐδέ
3041 1869 3104 1940 δὴ
3133 1870 3276 1923 κατά
3305 1870 3468 1941 φύσιν
3496 1871 3556 1924 τὸ
3582 1871 3666 1941 μὲν

2105 1955 2222 2007 ὅλον
2252 1957 2548 2026 προσήκειν
2582 1957 2660 2028 τῷ
2690 1959 2843 2030 ἡλίῳ,
2874 1960 2942 2014 τά
2972 1960 3030 2013 δὲ
3069 1961 3210 2033 μέρη
3242 1963 3418 2034 ἑτέρῳ
3448 1980 3524 2033 τῳ
3550 1963 3669 2033 μᾶλ-

2105 2045 2194 2098 λον
2227 2047 2530 2100 ἐπιϐάλλειν
2576 2048 2610 2118 ἦ
2645 2047 2722 2118 τῷ
2751 2049 2903 2120 ἡλίῳ.
2946 2051 3104 2121 Μέρη
3146 2051 3255 2122 γὰρ
3283 2051 3379 2104 τοῦ
3413 2051 3535 2104 ὅλου
3576 2054 3669 2104 ἐνι-

2107 2136 2272 2190 αυτοῦ
2318 2139 2367 2189 οί
2420 2138 2741 2210 καλούμενοι
2787 2140 2975 2210 μῆνες,
3023 2142 3057 2212 ἢ
3091 2142 3119 2195 ὃ
3155 2159 3208 2195 τι
3256 2143 3459 2213 δήποτε
3501 2145 3669 2197 καλεῖν

2108 2229 2261 2298 φίλον
2290 2229 2380 2282 τὸν
2413 2231 2492 2294 εἰς
2536 2229 2743 2285 δώδεκα
2790 2233 3052 2304 μερισμὸν
3099 2235 3198 2306 τῆς
3226 2236 3321 2289 τοῦ
3355 2237 3508 2308 ἡλίου
3531 2254 3670 2308 περι-

2108 2324 2299 2392 φορᾶς.
2345 2322 2417 2375 Τὸ
2467 2323 2524 2376 δὲ
2570 2322 2666 2377 τοῦ
2707 2324 2828 2377 ὅλου
2877 2326 3179 2396 ποιητικὸν,
3215 2329 3310 2379 καὶ
3351 2327 3460 2380 τῶν
3507 2329 3671 2400 μερῶν

2107 2415 2271 2467 ταὺτὸ
2302 2415 2580 2486 ποιητικὸν
2628 2415 2689 2480 ἐξ
2738 2417 2983 2486 ἀνάγκης
3027 2418 3198 2473 ἐστίν.
3235 2419 3332 2472 Ἐκ
3362 2419 3473 2472 τῶν
3506 2420 3669 2490 μερῶν

2108 2507 2217 2578 γάρ
2244 2507 2304 2560 τὸ
2353 2509 2492 2575 ὅλον,
2521 2509 2616 2562 καὶ
2659 2513 2724 2580 τῇ
2771 2510 2978 2579 γενέσει
3023 2512 3267 2582 πρότερα
3312 2512 3410 2566 τοῦ
3457 2514 3571 2566 ὅλου
3609 2513 3671 2566 τὰ

2112 2600 2273 2671 μέρη.
2309 2601 2463 2653 Ἔστι
2491 2601 2547 2653 δὲ
2576 2603 2670 2655 καὶ
2703 2602 3129 2674 ἀνωμαλιὶηερόν
3167 2622 3226 2658 τε
3270 2607 3365 2658 καὶ
3403 2607 3671 2660 ἀτακτότε-

2112 2709 2202 2762 ρον
2235 2691 2296 2744 τὺ
2327 2693 2465 2764 πρὸς
2493 2694 2589 2764 τὴν
2631 2693 2802 2764 φοράν
2841 2695 2941 2765 τῆς
2971 2695 3199 2767 σελήνης
3225 2697 3379 2764 ἄγειν
3397 2715 3413 2728 ο
3441 2699 3506 2751 δι’
3535 2699 3562 2750 ὃ
3587 2698 3668 2750 καί

2113 2784 2281 2854 συχνὰ
2305 2784 2648 2839 ἐπιϐάλλουσι
2678 2787 2820 2858 μῆνα
2858 2788 2907 2840 οἱ
2940 2786 3111 2852 οὕτως
3144 2788 3390 2857 ἄγοντες,
3427 2790 3519 2844 καὶ
3547 2792 3671 2862 πρά-

2110 2893 2294 2946 γματα
2339 2875 2542 2947 έχουσι,
2597 2877 2663 2931 τὰ
2707 2879 2804 2949 μὲν
2840 2879 3214 2952 δωδεκάμηνα,
3259 2882 3409 2936 τὰδὲ
3436 2900 3666 2955 τρισκαιο

2111 2968 2394 3039 δεκάμηνα
2436 2970 2746 3042 ποιούμενοι
2783 2972 2890 3025 τῶν
2920 2973 3074 3026 ἐτῶν.
3104 2974 3313 3028 Οὐκοῦν
3338 2976 3490 3046 παρά
3525 2974 3665 3043 φύσιν

2037 3089 2080 3148 C
2113 3075 2174 3127 γε
2217 3058 2434 3129 μᾶλλον.
2466 3060 2630 3124 Τάξις
2671 3061 2778 3132 γάρ
2806 3079 2887 3125 τις
2920 3063 2953 3132 ή
2987 3062 3167 3130 φύσις,
3204 3063 3298 3116 καὶ
3326 3065 3479 3136 παρά
3526 3064 3665 3134 φύσιν

2113 3152 2218 3203 πᾶν
2247 3151 2308 3203 τὸ
2337 3151 2654 3224 πλημμελές
2684 3171 2743 3206 τε
2795 3155 2888 3207 καὶ
2930 3155 3182 3208 ἄτακτον.
3221 3155 3293 3208 Τὸ
3315 3157 3360 3208 δ’
3390 3157 3665 3228 ἀχρηστίαν

2109 3242 2202 3295 τοῦ
2231 3243 2379 3314 ἡλίου
2410 3245 2838 3312 καταγινώσκειν
2875 3246 2963 3298 διὰ
3005 3246 3103 3317 τὴν
3133 3247 3234 3316 τῆς
3271 3248 3498 3319 σελήνης
3531 3249 3665 3301 δύνα-

2115 3353 2207 3405 μιν
2249 3335 2344 3388 καὶ
2383 3336 2450 3388 τά
2481 3336 2799 3406 φαινόμενα,
2832 3336 3037 3406 αἴτημα
3081 3337 3201 3390 λίαν
3237 3339 3382 3408 μέγα
3429 3341 3560 3403 ἐστὶ,
3586 3338 3667 3392 καὶ

2113 3427 2468 3496 προσέχοντος
2488 3427 2730 3498 αἰσθήσει
2765 3428 2961 3498 μᾶλλον
2994 3427 3170 3482 ἔοικεν
3189 3426 3328 3483 εἶναι
3361 3432 3395 3502 ἦ
3428 3428 3666 3501 λογισμῷ.

2113 3517 2196 3570 Τά
2221 3535 2280 3570 τε
2305 3518 2411 3590 γὰρ
2440 3519 2538 3588 τῆς
2566 3518 2790 3590 σελήνης
2812 3519 2944 3591 ἔργα
2967 3519 3056 3573 διὰ
3083 3521 3172 3573 τὸν
3195 3521 3366 3591 ἥλιον,
3397 3522 3471 3585 ώς
3495 3525 3666 3583 εἰπεῖν,

2114 3609 2308 3662 ἅπαντ’
2351 3609 2499 3661 ἐστί·
2536 3610 2594 3663 τό
2635 3628 2694 3664 τε
2741 3611 2973 3680 μάλιστα
3014 3613 3254 3684 κοσμοῦν
3291 3614 3360 3670 τά
3410 3615 3553 3686 τῇδε,
3590 3614 3668 3666 καί

2117 3699 2394 3770 ῥυθμίζον,
2430 3699 2522 3754 καὶ
2550 3701 2849 3767 διατάττον,
2883 3703 2910 3754 ό
2937 3703 3086 3773 ήλιός
3114 3708 3252 3759 ἐστι.
3284 3707 3396 3760 Kal.
3448 3707 3550 3778 μὴν
3590 3707 3669 3759 καὶ

2113 3791 2211 3860 τῆς
2236 3792 2364 3862 περὶ
2389 3793 2515 3855 τοὺς
2535 3793 2724 3856 ἄλλους
2757 3794 2987 3864 ἀστέρας
3017 3796 3316 3868 εὐκρασίας
3347 3799 3516 3850 αίτιον
3551 3795 3670 3849 εἶναι

2116 3884 2204 3937 τὸν
2238 3884 2388 3954 ἥλιον
2432 3885 2610 3950 ἄλλοις
2645 3903 2705 3938 τε
2751 3886 2860 3938 τῶν
2904 3885 3130 3950 ἐνδόξων
3175 3890 3270 3941 καὶ
3307 3890 3578 3960 Στράϐωνι
3604 3887 3672 3957 τῷ

2117 3977 2425 4046 γεωγράφῳ
2459 3977 2622 4031 δοκεῖ.
2662 3977 3055 4049 Ἐναργέστερα
3091 3978 3275 4048 μέντοι
3311 3979 3380 4032 τά
3425 3982 3549 4051 περὶ
3585 3980 3671 4048 τὴν

2121 4066 2348 4138 σελήνην
2376 4067 2734 4137 συμϐαίνοντα
2779 4069 2917 4122 κατά
2947 4068 3236 4140 διαφόρους
3269 4071 3461 4139 φάσεις
3492 4073 3551 4124 ἐκ
3578 4069 3672 4122 τῶν

2121 4158 2256 4227 πρὸς
2286 4158 2376 4210 τὸν
2403 4157 2554 4227 ἥλιον
2583 4159 2931 4212 ἀποστάσεων
2960 4161 3094 4229 ἡμῖν
3132 4160 3370 4232 ἀπαντᾷ.
3402 4162 3546 4214 Ὢστ’
3571 4160 3672 4212 ἐπι-

2119 4250 2358 4320 τηρητέα
2388 4250 2568 4319 μέντοι
2598 4251 2690 4303 καὶ
2721 4250 2870 4303 ταῦτ’
2892 4250 3058 4314 ἐστὶν,
3100 4251 3211 4304 εἴτε
3245 4253 3368 4306 καθ’
3399 4251 3671 4322 ἑϐδομάδας

2123 4340 2228 4392 εἴτε
2269 4339 2390 4392 καθ’
2432 4339 2616 4410 ἕτερον
2646 4340 2790 4411 μῆνα
2839 4341 2981 4393 δοκεῖ
3027 4342 3365 4413 σεληνιακόν.
3400 4344 3472 4395 Οὐ
3503 4341 3598 4412 μὴν
3623 4340 3669 4390 δὲ

454 4428 586 4483 boni
637 4428 944 4498 geographo
1007 4425 1238 4481 videtur.
1283 4424 1632 4479 Evidentiora
1675 4432 1859 4480 tamen
1896 4440 2011 4480 sese

2128 4432 2220 4484 καὶ
2247 4431 2424 4501 μόνοις
2447 4432 2620 4484 τοῖσδε
2656 4433 2967 4504 χρωμένους
2996 4433 3181 4486 ἐατέον
3211 4436 3339 4497 τοὺς
3394 4434 3510 4487 καθ’
3543 4432 3672 4503 ἥλιον

455 4522 614 4578 nobis
640 4521 892 4586 offerunt,
914 4519 1370 4590 qumcontingunt
1388 4518 1537 4572 circa
1569 4519 1776 4582 lunam,
1797 4526 2021 4588 propter

454 4615 766 4670 differentes
793 4615 912 4684 ejus
937 4615 1172 4684 species,
1201 4628 1266 4667 cx
1295 4611 1464 4668 variis
1491 4611 1624 4665 solis
1653 4612 2024 4681 intercapedi-

454 4708 618 4762 nibus
651 4707 1080 4777 proiiciscentes.
1122 4705 1468 4773 Quapropter
1505 4702 1848 4756 observanda
1891 4709 2023 4756 sunt

456 4799 595 4866 haec,
637 4800 750 4853 sive
783 4814 881 4868 per
920 4799 1275 4868 septimanas,
1308 4797 1424 4851 sive
1477 4810 1572 4864 per
1599 4795 1830 4849 alterum
1869 4810 2023 4850 men-

456 4906 570 4946 sem
600 4892 846 4944 lunarem
874 4889 1109 4944 videtur.
1144 4887 1333 4958 Neque
1371 4903 1502 4943 vero
1537 4887 1624 4942 his
1648 4888 1783 4943 solis
1817 4886 2021 4941 utendo

455 4983 665 5039 solares
698 4982 951 5037 deserere
979 4988 1214 5051 Oportet,
1247 4981 1340 5051 qui
1368 4981 1478 5036 sint
1509 4981 1666 5051 longe
1696 4980 2021 5050 aequabilio-

455 5088 568 5136 res,
602 5083 655 5127 et
694 5078 877 5142 partes
923 5079 1228 5140 temporum
1269 5072 1532 5127 divinitus
1566 5071 2020 5138 constitutorum,

455 5164 736 5232 totiusque
769 5162 902 5216 anni
933 5164 1166 5232 propria:
1203 5170 1258 5219 et
1301 5164 1516 5218 nativas.
1568 5163 1885 5218 Secundum
1923 5177 2039 5219 na-.

457 5264 638 5310 turam
671 5255 818 5309 enim
861 5253 915 5307 id
965 5255 1284 5326 simpliciter
1329 5266 1457 5312 est:
1499 5255 1942 5326 quandoquidem
1991 5271 2024 5310 a

458 5360 650 5412 causa,
680 5356 734 5401 et
761 5347 962 5420 priore,
1011 5353 1065 5401 et
1117 5349 1295 5418 magis
1335 5349 1672 5404 necessaria.
1705 5349 1864 5416 Quod
1892 5365 2024 5406 vero

457 5451 543 5496 est
568 5456 599 5494 a
628 5440 780 5504 luna,
811 5441 995 5496 notius
1021 5441 1180 5496 nobis
1203 5455 1328 5495 cum
1372 5442 1444 5497 sit
1473 5450 1539 5509 _et
1569 5443 1834 5510 apertius,
1877 5445 2024 5499 viam

459 5531 528 5586 ad
550 5546 759 5602 eaquae
791 5539 920 5587 sunt
948 5533 1158 5588 notiora
1189 5542 1407 5599 natura,
1439 5542 1492 5589 et
1521 5535 1870 5604 perfectiora,
1904 5552 2024 5592 mu-

459 5623 564 5677 nit.
585 5622 954 5688 Quamobrem
976 5625 1156 5682 Caesar
1184 5635 1543 5696 cognomento
1573 5628 1716 5698 apud
1747 5628 2024 5684 Romanos

462 5712 651 5781 Divus,
694 5712 975 5783 ingressus
1005 5713 1148 5768 hanc
1166 5717 1309 5770 viam
1355 5716 1421 5771 ad
1461 5700 1537 5780 id,
1573 5718 1717 5786 quod
1746 5725 1866 5773 erat
1897 5733 2018 5775 cer-

2127 4521 2300 4592 μῆνας
2323 4521 2719 4594 όμαλεστέρους
2740 4522 2896 4586 ὄντας
2925 4521 3074 4594 παρά
3109 4521 3266 4586 πολὺ,
3297 4523 3393 4576 καὶ
3422 4523 3554 4593 μέρη
3579 4519 3671 4571 τῶν

2124 4611 2189 4663 ἐκ
2219 4611 2352 4663 Θεοῦ
2378 4610 2555 4682 ώρῶν,
2592 4611 2686 4665 καὶ
2733 4610 2823 4664 τοῦ
2871 4611 2991 4666 ὅλου
3035 4612 3282 4666 ἐνιαυτοῦ
3307 4614 3484 4666 οἰκεῖά
3513 4628 3565 4663 τε
3593 4609 3671 4660 καί

2123 4699 2384 4771 αὐτοφυῆ.
2430 4702 2585 4755 Κατὰ
2627 4702 2785 4770 φύσιν
2817 4702 2924 4774 γὰρ
2967 4702 3110 4755 τοῦθ’
3155 4701 3378 4766 ἀπλίός⁸
3413 4703 3562 4772 είπερ
3595 4699 3675 4750 καὶ

2123 4792 2182 4858 ἐξ
2213 4793 2409 4856 αἰτίου,
2453 4794 2545 4846 καὶ
2584 4794 2872 4865 προτέρου,
2907 4794 3000 4846 καὶ
3038 4794 3489 4866 ἀναγκαιοτέρου.
3523 4793 3588 4844 Τὸ
3624 4789 3672 4839 δὲ

2123 4883 2231 4937 ἀπὸ
2256 4884 2353 4953 τῆς
2389 4882 2634 4954 σελήνης,
2683 4883 3098 4955 γνωριμώτερον
3140 4883 3199 4936 ὃν
3237 4886 3373 4955 ήμίν
3408 4883 3500 4936 καὶ
3532 4877 3674 4945 σαφέ-

2127 4991 2333 5046 στερον,
2367 4974 2484 5038 ὁδός
2527 4976 2671 5027 ἐστιν
2697 4975 2787 5029 ἐπὶ
2815 4977 2884 5028 τά
2907 4979 2972 5047 τῇ
3005 4976 3165 5044 φύσει
3207 4971 3592 5046 γνωριμώτερα
3622 4983 3673 5020 τε

2124 5067 2218 5120 καὶ
2261 5065 2581 5138 τελεώτερα.
2619 5068 2698 5119 Δι’
2724 5067 2753 5119 ὃ
2782 5067 2877 5120 καὶ
2914 5069 2961 5120 οί
3007 5069 3135 5137 περὶ
3176 5067 3434 5139 Καίσαρα
3462 5066 3550 5119 τὸν
3592 5063 3674 5113 ἐπ·

2123 5159 2508 5232 ωνομασμένον
2541 5161 2653 5221 τοῖς
2669 5158 2957 5229 Ῥωμαίοις
2995 5157 3134 5222 θεὸν,
3156 5158 3360 5227 ταύτην
3392 5158 3568 5219 ἰόντες,
3595 5149 3671 5204 ἐπὶ

2123 5252 2441 5323 τάκριϐέστε
2452 5269 2541 5324 ρον
2569 5251 2860 5322 ἐληλύθασι
2890 5250 3073 5322 μηνῶν
3095 5267 3154 5303 τε
3181 5252 3277 5304 καὶ
3300 5248 3544 5303 ἐνιαυτοῦ
3574 5245 3671 5297 δια-

2124 5343 2329 5408 τάξεως
2363 5344 2509 5415 πέρι.
2541 5345 2603 5399 Οί
2625 5344 2669 5396 δ’
2697 5343 2806 5414 ἄρα
2843 5347 2952 5406 τοῖς
2984 5345 3042 5397 ἐν
3075 5344 3203 5395 ποσὶ
3241 5343 3336 5395 καὶ
3365 5343 3493 5412 ἡμῖν
3534 5350 3674 5404 σαφε-

2127 5436 2338 5507 στέροις
2370 5435 2723 5506 ἐπιμένοντες
2759 5433 2847 5488 διὰ
2885 5433 3071 5497 τέλους
3123 5433 3366 5486 ἐοίκασιν
3408 5431 3466 5485 οὐ
3519 5423 3674 5484 καλῶς

2123 5529 2348 5599 κρίνειν,
2374 5528 2425 5580 τί
2460 5528 2523 5581 τὸ
2548 5529 2613 5582 δι’
2649 5527 2799 5591 αὐτὸ,
2823 5527 2916 5580 καὶ
2948 5526 3002 5578 τί
3034 5525 3097 5578 τὸ
3120 5525 3187 5578 δι’
3214 5524 3402 5597 ἕτερον
3437 5518 3670 5592 αἱρετέον.

2127 5621 2302 5684 Ὂλως
2342 5639 2403 5674 τε
2441 5622 2523 5675 δεῖ
2561 5619 2801 5692 νομίζειν
2837 5619 2904 5672 τὰ
2933 5617 3159 5688 ὕστερον
3197 5617 3374 5688 χρόνῳ
3407 5610 3589 5686 μακρῷ
3610 5607 3673 5657 δι·

2123 5714 2480 5786 ηκριϐωμένα
2510 5714 2635 5785 περὶ
2675 5710 3022 5784 ἀστρολογίαν
3050 5709 3181 5762 πολύ
3217 5725 3270 5762 τι
3320 5707 3426 5762 τῶν
3463 5700 3674 5776 ἀρχαίων
