3800 6338
144 367 171 419 ’1
184 364 269 420 197

1093 363 1441 419 THEODORI
1480 361 1687 418 ϐΑΖᾸΞ
1740 361 1938 416 LIBER
1981 363 2066 417 DE
2109 363 2470 421 MENSIBUS.

3251 374 3385 431 “98

147 478 449 550 διαφέρεινο
485 477 619 532 ἀλλά
649 478 723 549 μὴ
759 476 982 541 ἑκόντας
1029 478 1119 530 ὑπ’
1157 477 1445 540 αὐθαδείας
1483 478 1587 549 πρὸ
1615 477 1718 530 τῶν

1828 477 1933 531 tius
1964 479 2319 546 exaetiusque
2339 479 2406 534 de
2437 480 2564 534 anni
2603 481 2979 554 mensiumque
3006 485 3384 555 dispositiones

143 570 480 641 τελεωτέρων
504 569 576 623 τά
606 570 933 639 ἀτελέα-τερα
976 571 1236 631 ἐπαινεῖν,
1268 570 1454 640 ὥσπερ
1481 572 1538 622 ἐν
1571 570 1717 640 γήρᾳ

142 663 205 718 τὰ
229 663 336 716 τῶν
359 663 499 717 νέων
522 666 737 734 φρονεῖν
784 662 862 716 ἔτι
897 663 1381 735 προαιρουμένους.
1425 662 1578 716 Ἐπεὶ
1625 662 1718 714 καὶ

144 753 370 824 Γαληνὸς
415 756 473 806 ἐν
510 756 622 816 τοῖς
667 753 794 824 περὶ
831 754 1101 824 κρισίμων
1130 751 1353 824 ἡμερῶν
1405 751 1582 820 λόγοις
1627 751 1718 804 τὸν

147 845 382 898 ἐνιαυτὸν
410 847 504 898 ἐπὶ
528 847 648 908 ταῖς
676 844 837 898 πέντε
861 845 955 898 καὶ
981 845 1244 916 ἐξήκοντα
1267 845 1359 898 καὶ
1381 845 1718 916 τριακοσίαις

147 936 392 1006 ἡμέραις,
429 937 774 1007 ἐπικείμενον
803 936 945 1006 ἔχειν
982 953 1034 988 τι
1071 937 1257 1007 μόριον
1297 935 1510 1005 ἡμέρας
1538 931 1718 1004 μεῖζον

147 1028 176 1099 ἢ
204 1028 275 1092 ὡς
301 1028 564 1100 τέταρτον
595 1028 763 1097 λέγει.
797 1029 868 1082 Τὸ
910 1028 954 1080 δ’
987 1029 1046 1080 οὐ
1095 1027 1295 1098 μεῖζον,
1346 1026 1458 1080 ἀλλ’
1503 1026 1718 1079 ἔλαττον

145 1115 291 1183 εἶναι,
320 1123 443 1182 ταῖς
471 1120 696 1191 ὓστερον
725 1120 1111 1190 ἐπιτηρήσεσιν
1154 1116 1403 1188 εὕρηται.
1431 1117 1495 1169 Et
1534 1116 1580 1170 δ’
1611 1115 1719 1186 ἄρα

141 1229 237 1266 που
273 1213 410 1283 μηδέ
453 1213 524 1266 τὰ
567 1213 694 1282 περ¹ί¹
737 1211 834 1283 τὴν
861 1210 1011 1281 ἡλίου
1053 1209 1266 1281 κίνησιν
1296 1207 1554 1280 τάκριϐὲς
1583 1223 1719 1260 παν-

141 1303 366 1355 τάπασιν
402 1300 542 1371 ἴσχοι
581 1303 712 1372 ημῖν
735 1318 750 1332 ⁸
785 1299 900 1354 ἀλλ’
927 1295 1019 1353 οὖν
1052 1315 1116 1367 γε
1163 1297 1296 1350 πολὺ
1327 1297 1436 1353 τῶν
1464 1298 1593 1367 περὶ
1620 1296 1718 1367 τὴν

143 1394 363 1465 σελήνην
412 1392 756 1465 ἁκριϐέστερ’
799 1392 938 1472 ἐστ),
982 1392 1076 1444 καὶ
1133 1391 1194 1444 τὸ
1234 1389 1718 1460 πλημμελούμενον

139 1487 646 1558 εὐδιορθωτότερον*
681 1485 734 1538 εί
763 1501 825 1553 γε
863 1484 989 1555 μίαν
1026 1483 1123 1554 μὲν
1171 1481 1261 1536 διά
1303 1481 1718 1554 τετραετηρίδος

139 1573 340 1644 ἡμέραν
370 1574 689 1644 ἐμϐόλιμον,
725 1573 853 1643 μίαν
879 1572 935 1628 δὲ
964 1571 1148 1642 σχεδὸν
1179 1571 1268 1625 διὰ
1304 1571 1717 1641 διακοσαετηρί-

137 1663 218 1726 δος
269 1663 562 1734 ἐκϐόλιμον
614 1662 920 1727 ποιεῖσθαι,
961 1659 1325 1732 ἀποχρώντως
1373 1661 1439 1715 ἂν
1499 1660 1634 1730 ἔχοι,
1685 1659 1717 1730 ἦ

137 1754 324 1808 ὁπόσον
382 1754 450 1808 ἂν
495 1755 584 1809 διὰ
626 1756 878 1808 πλείστου
917 1755 964 1806 οἱ
1011 1754 1290 1824 περιόντες
1337 1754 1422 1807 ἀεὶ
1460 1751 1537 1822 τῷ
1587 1751 1717 1821 χρό-

1824 569 1977 637 163
2008 570 2234 638 propius
2264 571 2521 626 accessit.
2551 572 2654 638 Qui
2690 590 2819 645 ergo
2866 577 2920 629 in
2953 579 3133 632 medio
3171 582 3386 648 positis,

1818 668 1871 712 et
1906 659 2064 712 nobis
2095 662 2566 719 manifestioribus
2593 667 2816 721 assidue
2850 667 3138 733 insistunt,
3174 686 3282 724 non
3317 671 3391 725 vi-

1819 748 2017 802 dentur
2047 760 2194 804 recte
2220 751 2543 822 dignoscere
2569 756 2700 824 quid
2725 772 2821 826 per
2844 772 2900 811 se
2927 765 2982 812 et
3007 760 3136 828 quid
3165 772 3390 829 propter

1820 841 1963 895 aliud
2004 844 2332 898 sumendum
2381 846 2475 900 sit.
2509 845 2798 918 Semelque
2830 850 3150 907 existimare
3176 860 3390 922 oportet

1821 935 2128 1002 astrologiae
2156 939 2646 993 commentationes
2667 982 2682 1005 ,
2716 956 2836 1009 quae
2884 943 3056 994 multo
3090 951 3216 1012 post
3249 953 3387 998 tem-

1819 1039 1952 1092 pore
1974 1025 2320 1095 diligentiore
2338 1043 2468 1082 cura
2488 1030 2756 1085 absoluta:
2779 1040 2926 1098 sunt,
2960 1049 3069 1086 non
3097 1049 3288 1102 parum
3321 1033 3390 1088 ab

1819 1117 2059 1186 antiquis
2096 1118 2206 1172 illis
2233 1129 2525 1188 praestare;
2566 1137 2674 1176 non
2707 1132 2888 1178 autem
2920 1140 3030 1194 prae
3083 1125 3388 1195 pervicacia

1819 1204 2018 1260 decens
2044 1217 2127 1262 est
2150 1209 2553 1278 imperfectiora
2580 1213 3003 1282 perfectioribus
3032 1226 3386 1287 anteponere,

1819 1300 1973 1367 quasi
2003 1301 2247 1356 volentes
2270 1302 2325 1356 in
2355 1311 2634 1359 senectute
2663 1305 2842 1361 adhuc
2871 1309 3106 1364 retinere
3143 1311 3392 1378 pueritia:

1821 1391 2074 1460 ineptias.
2113 1391 2341 1458 Quando
2374 1396 2457 1448 vel
2489 1397 2606 1466 ipse
2637 1395 2876 1453 Galenus
2900 1400 2953 1452 in
2991 1400 3146 1455 libris
3178 1400 3245 1456 de
3273 1401 3391 1456 die-

1821 1483 1921 1537 bus
1950 1483 2267 1540 decretoriis
2298 1487 2452 1550 dicit,
2496 1503 2640 1542 anno
2662 1504 2822 1559 supra
2852 1499 3126 1547 trecentos
3151 1499 3206 1547 et
3240 1506 3392 1548 sexa-

1820 1574 1969 1643 ginta
1995 1577 2235 1646 quinque
2262 1577 2411 1641 dies,
2446 1581 2772 1649 particulam
2805 1585 3098 1654 quamdam
3129 1585 3392 1639 accedere

1821 1665 1927 1720 diei
1962 1669 2267 1736 quadrante
2299 1672 2585 1740 majorem.
2611 1674 2775 1745 Atqui
2807 1692 2914 1730 non
2954 1679 3215 1748 majorem
3246 1693 3388 1743 esse,

1822 1760 1913 1815 sed
1947 1762 2232 1825 minorem,
2275 1764 2508 1830 posteris
2540 1767 3024 1822 observationibus
3070 1775 3391 1822 annotatum

138 1864 206 1916 νῳ
237 1847 605 1920 ἀστρονομίας
654 1847 1036 1918 ἐμπειρότατοι
1081 1847 1357 1918 κρίνωσιν.
1404 1844 1568 1897 Οὐδὲν
1607 1843 1715 1912 γὰρ

1828 1861 1918 1905 est.
1941 1849 2094 1917 Quod
2120 1853 2163 1906 si
2192 1853 2330 1908 forte
2361 1870 2428 1908 ne
2457 1857 2590 1910 solis
2617 1859 2834 1927 quidem
2872 1869 3052 1915 motus
3086 1861 3229 1914 ratio
3258 1859 3394 1913 satis

135 1940 207 2011 τῷ
257 1941 490 2011 παρόντι
543 1941 899 2012 προσίσταται
947 1941 1110 2012 λόγῳ,
1154 1941 1208 1993 εἴ
1251 1958 1395 2004 τινες
1441 1938 1718 2010 ἀμφισϐη-

135 2034 280 2088 τοῦσι
311 2033 560 2106 περὶτοῦ
593 2035 700 2088 τῶν
728 2034 862 2088 ἐτῶν
896 2034 1152 2106 πλήθους.
1199 2032 1718 2104 Ἀναμφισϐητήτως

135 2125 237 2197 γὰρ
277 2129 313 2198 ἡ
356 2125 731 2199 ἐπανόρθωσις
776 2126 927 2181 ἔσται
985 2126 1074 2180 διὰ
1129 2126 1408 2192 πλείστου,
1452 2125 1598 2186 ὅπως
1651 2123 1716 2177 ἂν

134 2224 248 2292 ἔχῃ.

1825 1939 1986 1993 nobis
2018 1948 2265 2006 constet;
2311 1953 2364 1995 at
2402 1960 2565 2012 quam
2620 1946 2763 1999 luna:
2805 1953 2954 2000 certe
2989 1948 3162 2002 multo
3191 1948 3397 2001 certior

1824 2038 1929 2091 est,
1961 2031 2191 2100 ejusque
2231 2049 2388 2088 error
2437 2036 2630 2102 levior,
2658 2045 2712 2092 et
2747 2038 2929 2094 minus
2963 2041 3139 2094 errori
3168 2040 3397 2109 propiu-

1823 2138 1985 2192 quus.
2023 2121 2306 2193 Siquidem
2339 2127 2475 2182 satis
2515 2138 2599 2184 est
2632 2147 2802 2185 unum
2851 2132 2997 2188 diem
3034 2141 3232 2203 quarto
3261 2147 3400 2202 quo—

1823 2228 1930 2282 que
1973 2227 2119 2266 anno
2167 2212 2510 2283 intercalari;
2557 2229 2682 2288 post
2728 2237 2857 2276 vero
2908 2221 3176 2276 ducentos
3231 2221 3402 2276 ferme

133 2313 303 2362 annos
327 2322 503 2362 unum
528 2309 873 2380 exemptilem
906 2309 1049 2376 ﬁeri,
1073 2311 1158 2367 vel
1183 2323 1345 2380 quam
1375 2308 1538 2377 longo
1564 2301 1830 2373 temporis
1898 2303 2188 2357 intervallo
2234 2305 2596 2373 judicabant,
2660 2312 2754 2381 qui
2819 2312 3044 2367 assidue
3103 2312 3402 2367 succedent

133 2385 474 2471 experientia
504 2403 836 2458 excellentes
860 2406 1186 2460 astronomi.
1220 2401 1408 2474 Neque
1435 2401 1578 2455 enim
1614 2395 1900 2468 prarsentis
1933 2406 2013 2450 est
2042 2398 2300 2464 instituti,
2338 2401 2382 2455 si
2409 2401 2611 2469 quibus
2639 2414 2993 2460 controversa
3022 2413 3107 2461 est
3132 2405 3189 2460 in
3210 2405 3314 2458 bac
3341 2417 3401 2458 re

129 2599 254 2667 Ὀτι
273 2611 374 2667 καὶ
398 2613 525 2679 τοῖς
553 2613 772 2683 σοφοῖς
795 2613 1224 2738 δὲκεῖβέλτιον
1250 2614 1322 2668 τὰ
1355 2611 1505 2668 κατὰ
1536 2610 1714 2680 ἣλιον

873 2702 1019 2738 retr.

873 2702 1019 2755 γειν.

199 2774 304 2827 IA’.
362 2775 608 2829 Ἐπαινεῖ
632 2775 687 2830 δὲ
719 2775 1086 2847 διαφερόντως
1121 2778 1214 2832 καὶ
1246 2775 1592 2848 Πλούταρχος
1613 2776 1715 2848 τὴν

131 2864 409 2936 Καίσαρος
435 2866 831 2939 ἐπανόρθωσιν,
858 2867 1026 2933 δεινὸς
1054 2868 1129 2922 ὢν
1153 2872 1354 2941 κρῖναι,
1383 2863 1483 2921 ὦδε
1509 2868 1679 2937 λέγων
1697 2884 1712 2898 ·

135 2975 154 3008 ι
196 2956 260 3009 Ἦ
287 2956 345 3009 δὲ
376 2957 470 3010 τοῦ
512 2958 870 3029 ἡμερολογίου
901 2959 1138 3023 διάθεσις
1180 2960 1274 3012 καὶ
1306 2959 1588 3031 διόρθωσις
1613 2959 1715 3030 τῆς

163 2509 398 2548 auorum
450 2493 768 2549 multitudo.
803 2494 958 2551 Haud
1006 2495 1170 2550 dubie
1214 2495 1357 2549 enim
1398 2489 1636 2562 plurimo
1689 2485 1954 2556 temporis
1989 2487 2287 2545 interstitio
2330 2493 2732 2562 emendabitur,
2772 2503 3053 2568 utcunque
3087 2515 3147 2554 se
3175 2498 3396 2553 habeat.

1820 2605 1974 2672 Quod
2022 2608 2147 2663 viris
2190 2610 2531 2679 prudentibus
2578 2614 2902 2668 commodius
2945 2615 3152 2670 videtur
3203 2632 3399 2671 armum

2382 2683 2450 2736 ad
2476 2684 2638 2738 solent
2666 2702 2836 2755 agere.

1888 2771 1979 2826 XI.
2021 2772 2272 2845 Impense
2312 2790 2440 2831 vero
2482 2775 2667 2830 laudat
2698 2778 2931 2834 Czesaris
2965 2778 3397 2834 emendationem

1816 2862 2192 2931 Plutarchus,
2256 2869 2540 2936 praestanti
2602 2869 2686 2923 vir
2741 2869 2974 2939 judicio,
3021 2870 3103 2927 sic
3160 2869 3400 2926 dicens:

1824 2973 1843 3006 ι
1886 2955 2174 3012 Fastorum
2211 2965 2391 3014 autem
2416 2961 2725 3031 dispositio,
2750 2969 2804 3016 et
2849 2963 3234 3018 inconstantia:
3256 2963 3400 3018 illius

129 3047 259 3120 περὶ
298 3049 391 3103 τὸν
438 3051 632 3119 χρόνον
669 3049 1004 3121 ἀνωμαλίας,
1037 3051 1457 3122 φιλοσοφηθεῖσα
1494 3051 1715 3122 χαριέν-

1828 3064 1990 3121 vagae,
2023 3059 2077 3106 et
2107 3052 2330 3106 incertae
2362 3054 2654 3119 correctio,
2679 3055 2955 3125 eleganter
2983 3055 3052 3109 ab
3082 3055 3200 3125 ipso
3229 3055 3399 3124 philoo

130 3158 239 3204 τως
277 3142 370 3194 ὑπ’
408 3141 600 3207 αὑτοῦ,
650 3142 746 3195 καὶ
793 3143 948 3216 τέλος
989 3143 1249 3211 λαϐοῦσα,
1285 3143 1713 3216 γλαφυρωτάτην

132 3234 378 3305 παρέσχε
432 3235 646 3306 χρείαν.
705 3254 724 3286 ι
780 3235 1062 3306 Ἡρόδοτος
1113 3237 1170 3291 δέ
1218 3238 1314 3292 καὶ
1373 3236 1716 3309 σοφωτέρους

128 3325 300 3380 οἴεται
331 3343 473 3380 ειναι
503 3327 836 3395 Αἰγυπτίους
877 3327 1167 3399 Ἑλλήνων,
1202 3331 1332 3403 παρ’
1364 3329 1486 3383 ὅσον
1530 3330 1579 3381 οἱ
1616 3329 1715 3398 μὲν

129 3417 216 3470 διὰ
261 3419 450 3490 τρίτου
494 3418 650 3483 ἔτους
700 3421 1098 3493 ἐπεμϐάλλουσι
1134 3423 1312 3493 μῆνα·
1361 3425 1410 3476 οἱ
1452 3423 1530 3488 δὲ,
1561 3440 1716 3494 τρια-

134 3508 506 3582 κονθημέρους
568 3511 792 3580 ἄγοντες
844 3514 970 3577 τοὺς
1028 3513 1224 3585 μῆνας,
1283 3513 1442 3566 πέντε
1503 3514 1717 3585 ἡμέρας

136 3600 431 3669 ἐπάγουσιν
467 3601 574 3655 ἁνά
607 3602 834 3657 ἕκαστον
864 3604 1003 3667 ἔτος.
1036 3605 1110 3657 Οὐ
1135 3608 1316 3676 χεῖρον
1348 3605 1403 3658 δὲ
1438 3605 1530 3658 καὶ
1554 3605 1716 3658 πάλιν

135 3691 230 3762 τὴν
266 3692 414 3760 λέξιν
463 3694 630 3748 αὐτοῦ
676 3695 1051 3768 παραθέσθαι·
1089 3716 1106 3747 ι
1155 3698 1381 3766 ’Λγουσι
1423 3697 1477 3749 δέ
1517 3696 1715 3767 τοσῷδε

137 3781 442 3856 σοφώτερον
470 3785 760 3856 Ἑλλήνων,
787 3788 909 3858 ἐμοὶ
931 3786 1159 3850 δοκέειν,
1194 3787 1303 3858 ὅσῳ
1331 3787 1587 3858 Ἕλληνες
1621 3787 1716 3858 μὲν

134 3875 222 3928 διὰ
247 3876 431 3946 τρίτου
451 3876 603 3941 ἔτεος
621 3879 915 3951 ἐμϐόλιμον
947 3879 1349 3951 ἐπεμϐάλλουσι
1393 3879 1503 3933 τῶν
1531 3879 1717 3951 ὡρέων

135 3969 307 4023 εἶνεκε
327 3988 340 4001 ·
373 3971 664 4040 Αἰγύπτιοι
693 3973 773 4036 δὲ,
801 3974 1301 4045 τριηκοντημέρους
1333 3972 1553 4040 ἄγοντες
1593 3971 1720 4034 τοὺς

137 4058 378 4118 δυώδεκα
405 4065 607 4134 μῆνας,
633 4064 900 4133 ἐπάγουσι
921 4065 1023 4118 ἄνα
1048 4066 1154 4120 πᾶν
1176 4065 1293 4128 ἔτος
1318 4065 1477 4117 πέντε
1508 4063 1720 4134 ἡμέρας

137 4154 311 4224 παρὲξ
333 4155 431 4208 τοῦ
456 4154 719 4226 ἀριθμοῦ.
745 4176 764 4208 ι
798 4155 871 4211 Τὸ
915 4156 972 4209 δὲ
1017 4156 1520 4228 τριακονθημέρους
1566 4155 1720 4223 ἄγειν

134 4246 255 4310 τοὺς
293 4248 495 4318 μῆνας,
530 4247 673 4301 κατά
703 4248 855 4319 ἥλιον
885 4253 1039 4318 ἄγειν
1069 4246 1229 4315 εἶναι,
1275 4248 1424 4318 δηλοῖ
1465 4246 1720 4318 Στράϐων

134 4336 331 4389 οὑτωσὶ
365 4337 542 4406 λέγων
563 4355 576 4368 ⁸
615 4358 635 4390 ι
675 4340 988 4408 Αἰγυπτίων
1016 4341 1060 4394 δ’
1087 4340 1204 4393 ἐστὶ
1228 4341 1323 4394 καὶ
1366 4340 1425 4392 τὸ
1456 4338 1554 4402 τὰς
1583 4339 1719 4410 ἡμέ-

138 4443 234 4496 ρας
273 4426 348 4498 μὴ
381 4393 528 4480 κατὰ
564 4393 794 4499 σελήνην
846 4429 1029 4495 ἄγειν,
1062 4429 1198 4482 ἀλλὰ.
1235 4393 1376 4484 κατά
1405 4393 1577 4499 ἥλιον,
1604 4393 1720 4491 ςιζοῖς
1748 4393 1797 4454 D

133 4519 627 4592 τριακονθημέροις
693 4519 903 4575 δώδεκα
960 4523 1125 4594 μησὶν
1192 4523 1507 4590 ἐπαγόντων
1560 4521 1720 4573 πέντε

134 4614 347 4686 ἡμέρας
377 4615 501 4668 κατ’
544 4613 786 4668 ἐνιαυτὸν
833 4616 1084 4671 ἕκαστον.
1140 4636 1159 4668 ›
1210 4617 1437 4687 Πλήθων
1483 4615 1582 4687 μὲν
1629 4611 1721 4669 οὖν

136 4704 266 4757 πολὺ
290 4705 501 4758 τούτων
537 4704 736 4776 ἀπᾴδει
764 4705 937 4774 λέγων
967 4707 1110 4761 κατά
1144 4707 1304 4776 φύσιν
1341 4703 1480 4760 εἶναι
1522 4706 1721 4776 μᾶλλον

133 4795 193 4847 τὸ
243 4797 386 4852 κατὰ
436 4797 666 4868 σελήνην
707 4799 860 4867 ἄγειν
906 4801 1032 4864 τοὺς
1077 4800 1272 4872 μῆνας,
1323 4801 1418 4854 καὶ
1475 4801 1565 4852 τὸν
1625 4800 1722 4869 μὲν

135 4887 381 4946 ἐνιαυτὸν
436 4890 517 4961 τῷ
571 4890 730 4962 ⁴ἡλίῳ,
778 4891 907 4955 τοὺς
949 4893 1006 4947 δὲ
1045 4894 1220 4964 μῆνας
1259 4892 1476 4946 διαιτῶν
1520 4895 1587 4963 τῇ
1633 4909 1721 4944 σε-

137 4979 291 5056 xm.

387 5097 526 5163 Πῶς
556 5097 859 5166 χρηστέον
881 5099 1035 5168 μησὶ
1064 5099 1162 5154 καὶ
1195 5098 1469 5164 ἐνιαυτῷ.

203 5189 306 5243 IB'.
359 5190 559 5260 Ἡμεῖς
608 5189 664 5243 δὲ
715 5191 943 5262 ὀνόμασι
994 5190 1091 5260 μὲν
1143 5192 1256 5254 τοῖς
1287 5193 1596 5262 εἰρημένοις
1629 5192 1723 5245 καὶ

137 5281 285 5348 τάξει
311 5283 638 5355 χρησόμεθα
671 5283 780 5336 τῶν
811 5283 1018 5355 μηνῶν,
1053 5284 1340 5356 πράγμασι
1372 5285 1428 5338 δὲ
1464 5287 1603 5341 κατὰ
1623 5287 1722 5359 τὴν

139 5372 413 5446 Καίσαρος
465 5373 860 5446 ἐπανόρθωσιν,
985 5376 1257 5448 χρώμενοι
1298 5379 1560 5448 Ῥωμαῖοι
1593 5381 1722 5452 ἄχρι

139 5467 231 5519 καὶ
260 5468 374 5535 νῦν,
405 5463 573 5540 ἦττον
617 5469 818 5538 ἐτέρων
848 5468 1172 5539 σφάλλεσθαι
1201 5471 1332 5541 περὶ
1375 5470 1473 5542 τὴν
1499 5473 1721 5544 ἀνωμα-

140 5553 256 5610 λίαν
305 5557 523 5611 δοκοῡσι
576 5559 842 5628 χιλιοστὸν
897 5562 992 5613 καὶ
1040 5563 1490 5615 πεντακοσιοστὸν
1539 5564 1720 5633 ὀλίγου

137 5643 243 5702 δεῖν
269 5651 388 5704 τόδε
425 5651 567 5714 ἔτος.
597 5652 912 5722 Λαμϐάνειν
939 5671 999 5706 τε
1028 5652 1306 5724 ἀξιοῦμεν,
1341 5658 1392 5710 εἴ
1419 5674 1562 5721 τινες
1589 5660 1722 5729 χρή·

206 5780 273 5814 ⁸⁶’
307 5782 559 5852 Euterpe,
603 5799 662 5843 ιι.
694 5782 748 5839 4.

1818 3141 2043 3209 sophica
2077 3142 2290 3198 ratione
2333 3145 2624 3214 explicata,
2656 3145 2927 3216 finemque
2958 3147 3176 3212 sortita,
3203 3146 3405 3216 jucun-

1819 3226 2106 3282 dissimum
2156 3245 2316 3286 usum
2365 3232 2620 3300 praebuit.
2653 3252 2671 3284 ›
2728 3232 3036 3290 Herodotus
3083 3245 3263 3290 autem
3308 3249 3402 3291 sa-

1819 3318 2119 3386 pientiores
2170 3318 2376 3376 Graecis
2432 3323 2713 3378 existimat
2759 3323 3080 3397 Egyptios,
3129 3335 3402 3396 quatenus

1818 3408 1992 3464 Graeci
2041 3411 2203 3466 tertio
2241 3427 2462 3483 quoque
2501 3429 2647 3468 anno
2683 3430 2853 3469 unum
2887 3431 3133 3470 mensem
3166 3418 3402 3470 interca-

1819 3502 1955 3569 lant,
1995 3501 2235 3575 Egyptii
2300 3521 2431 3560 vero
2478 3506 2761 3562 mensibus
2803 3508 3116 3562 tricenariis
3161 3509 3406 3579 quinque

1821 3599 1939 3654 dies
1967 3601 2264 3669 quotannis
2292 3601 2579 3670 adjiciunt.
2617 3601 2721 3657 Sed
2757 3618 2859 3658 nec
2888 3603 2985 3656 abs
3015 3619 3074 3657 re
3103 3602 3268 3658 fuerit
3302 3619 3403 3657 au-

1821 3691 1992 3746 ctoris
2017 3691 2192 3762 ipsius
2220 3693 2387 3747 verba
2409 3708 2675 3762 reponere
2698 3695 2768 3726 ⁸⁰¹
2799 3713 2812 3750 :
2841 3713 2860 3745 ι
2883 3693 3086 3764 Agunt,
3120 3695 3317 3765 inquit,
3338 3710 3405 3749 eo

1822 3783 2150 3853 prudentius
2193 3784 2422 3851 Graecis,
2459 3793 2518 3840 ut
2557 3786 2690 3840 mihi
2734 3786 2953 3857 quidem
2989 3787 3230 3852 videtur,
3257 3787 3406 3858 quod

1822 3863 1995 3931 Graeci
2051 3878 2216 3933 tertio
2259 3893 2479 3950 quoque
2533 3893 2679 3933 anno
2722 3895 2968 3936 mensem
3019 3864 3405 3936 intercalarem

1823 3967 2061 4032 faciunt,
2109 3969 2274 4039 idque
2318 3979 2624 4039 temporum
2658 3970 2837 4040 gratia
2872 3988 2886 4026 :
2924 3985 3116 4026 verum
3163 3969 3408 4041 [Egyptii

1822 4058 2111 4113 duodecim
2147 4059 2430 4114 mensibus
2467 4060 2692 4129 (quibus
2729 4059 2970 4116 tricenos
2994 4059 3112 4114 dies
3141 4059 3410 4116 adnume-

1824 4149 1968 4220 rant)
2021 4151 2254 4221 singulis
2308 4151 2468 4206 anuis
2517 4152 2764 4222 quinque
2820 4152 2938 4208 dies
2995 4152 3331 4208 adsciscunt.
3380 4172 3402 4206 ι

1823 4240 2074 4297 Tricenis
2112 4250 2292 4298 autem
2325 4243 2521 4311 diebus
2550 4259 2768 4300 menses
2799 4251 3010 4309 taxare,
3041 4244 3188 4314 quod
3231 4245 3302 4300 sit
3336 4245 3406 4300 ad

1824 4335 1956 4389 solis
1989 4348 2214 4389 cursum
2249 4350 2429 4406 agere,
2463 4335 2707 4389 ostendit
2741 4334 2938 4390 Strabo
2987 4337 3058 4389 ita
3102 4335 3357 4406 inquiens
3388 4354 3402 4389 :

1831 4443 1847 4476 ι
1885 4423 2266 4495 Egyptioruni
2320 4440 2449 4480 vero
2491 4434 2575 4481 est
2629 4435 2683 4482 et
2725 4427 2882 4492 illud,
2918 4427 3036 4483 dies
3069 4443 3182 4482 non
3219 4426 3287 4480 ad
3318 4428 3405 4481 lu-

1822 4531 1971 4581 nam,
2018 4517 2111 4572 sed
2175 4518 2239 4571 ad
2295 4517 2466 4573 solem
2530 4534 2710 4590 agere,
2760 4519 3071 4576 tricenariis
3121 4520 3405 4575 mensibus

1823 4609 2110 4663 duodecim
2148 4610 2390 4680 quinque
2434 4610 2552 4666 dies
2600 4613 2901 4682 quotannis
2943 4612 3340 4682 adjicientium.
3379 4630 3401 4665 ι

1822 4699 2053 4755 Plethon
2084 4701 2251 4772 igitur
2288 4703 2521 4757 multum
2565 4705 2634 4759 a‘b
2667 4705 2735 4759 iis
2766 4705 3061 4776 discrepat,
3092 4707 3281 4762 dicens
3315 4721 3404 4761 se-

1823 4793 2064 4847 cundum
2129 4801 2382 4849 naturam
2437 4796 2612 4865 magis
2669 4811 2790 4851 esse
2843 4811 3060 4852 menses
3105 4798 3173 4851 ad
3218 4798 3404 4851 lunam

1824 4899 2019 4955 agere;
2055 4901 2260 4940 annum
2295 4886 2516 4957 quidem
2550 4889 2652 4944 soli
2684 4904 2783 4959 pro
2816 4889 3043 4944 arbitrio
3077 4889 3405 4955 attribuens,

1823 4991 2041 5032 menses
2065 4993 2194 5034 vero
2221 4980 2386 5036 lunae.

2037 5093 2314 5159 Quomodo
2341 5094 2594 5149 utendum
2628 5094 2890 5150 mensibus
2921 5105 2970 5148 et
2996 5112 3154 5150 anno.

1891 5184 2010 5242 XII.
2051 5186 2164 5242 Nos
2211 5195 2394 5244 autem
2425 5196 2480 5243 et
2519 5189 2714 5244 ordine
2761 5190 3035 5245 mensium
3081 5199 3134 5245 et
3168 5189 3410 5244 nomini-

1824 5281 1929 5337 bus
1962 5289 2183 5335 utemur
2228 5281 2560 5352 explicatis;
2592 5282 2759 5338 rebus
2806 5297 2937 5337 vero
2975 5283 3133 5353 juxta
3172 5281 3408 5337 Caesaris

1825 5375 2284 5439 emendationem,
2320 5390 2428 5444 qua
2476 5377 2743 5429 hactenus
2786 5383 3002 5430 utentes
3031 5373 3263 5429 Romani
3303 5373 3406 5428 mi-

1825 5480 1930 5519 nus
1961 5464 2191 5534 reliquis
2222 5465 2279 5518 in
2304 5464 2406 5519 bac
2435 5465 2759 5520 confusione
2794 5465 2907 5518 falli
2936 5466 3191 5521 videntur
3222 5483 3236 5519 :
3277 5463 3407 5518 milr

1827 5557 2050 5612 lesimus
2106 5566 2160 5612 et
2204 5573 2373 5628 prope
2421 5557 2896 5627 quingentesimus
2936 5559 3050 5628 jam
3095 5558 3182 5611 hic
3229 5570 3409 5614 annus

1826 5659 1930 5706 est.
1965 5648 2152 5720 Neque
2185 5664 2316 5705 vero
2342 5649 2389 5706 si
2423 5648 2554 5721 quid
2593 5663 2624 5702 a
2658 5648 2986 5719 quibusdam
3015 5651 3408 5721 excogitatum,
