3800 6318
437 314 576 371 H99

1489 310 1581 364 ΔΙ)
1613 308 1892 367 EUSEB“
1921 307 2318 365 CBRONICON
2359 310 2724 366 APPENDIX.

3551 315 3681 372 £200

433 437 494 487 ct
522 431 579 484 in
605 443 951 485 communem
990 429 1115 482 vita
1143 426 1432 481 utilitatem
1471 424 1730 478 collatum
1759 432 1863 485 est,
1892 427 1983 477 δίνη

2110 427 2267 495 σιμόν
2295 443 2347 479 τι
2378 426 2607 499 ἐφεῦρον
2631 427 2711 497 τῷ
2739 425 2861 497 βίῳ,
2896 427 2992 481 ἐάν
3021 444 3081 482 τε
3111 430 3330 483 Λατῖνοι
3354 422 3489 483 ὦσιν
3516 433 3568 486 oi
3593 435 3677 487 εὖ·

434 520 637 587 Latini,
677 522 792 577 sive
821 520 1036 576 barbari
1068 520 1176 573 sint
1200 516 1513 586 hujusmodi
1544 516 1877 580 inventores,
1903 516 2002 571 de-

431 614 724 683 dignamur
769 613 837 666 ab
884 612 952 666 iis
997 609 1049 663 id
1103 610 1384 663 inventum
1429 606 1692 662 utendum
1729 608 1999 677 accipere,

431 720 732 773 omnesque
784 704 1116 759 domesticos
1173 708 1229 756 et
1286 699 1584 756 familiares
1648 700 1996 762 existimare,

432 799 680 855 homines
731 798 824 867 qui
871 795 1003 858 sint,
1037 805 1094 850 et
1146 793 1393 863 ejusdem
1443 793 1734 848 nobiscum
1790 801 2001 847 naturae

433 890 746 960 participes.
781 888 958 957 iisque
997 887 1328 941 inventionis
1367 885 1598 956 gratiam
1641 883 1863 947 habere,
1888 898 1997 937 non

428 991 609 1037 autem
656 994 767 1052 pra:
823 977 1027 1034 invidia
1076 978 1415 1033 contentiose
1460 976 1650 1039 rixari,
1699 982 1751 1030 et
1805 982 1999 1045 sponte

426 1073 698 1129 deteriora
732 1086 1040 1141 capessere.
1086 1069 1287 1127 Diebus
1326 1070 1510 1139 itaque
1538 1068 1800 1123 trecentis
1837 1082 1996 1122 sexa-

423 1166 572 1238 ginta
605 1164 848 1235 quinque
889 1163 956 1217 ad
995 1163 1129 1219 solis
1167 1177 1391 1218 cursum
1437 1161 1597 1217 nobis
1635 1159 1997 1215 distribuetur

422 1272 621 1319 annus,
656 1255 839 1310 addita
881 1270 1099 1325 quoque
1131 1255 1259 1309 huic
1300 1269 1530 1309 numero
1564 1252 1828 1323 particula
1858 1266 1995 1320 qua-

423 1353 568 1419 piam
598 1348 705 1404 diei
739 1356 934 1418 quarta
963 1355 1120 1418 parte
1152 1347 1382 1402 minore.
1423 1345 1490 1400 Et
1529 1361 1745 1401 menses
1772 1343 1991 1414 quidem

421 1440 759 1508 complentes
804 1439 1018 1493 dierum
1068 1453 1378 1503 numerum,
1415 1438 1509 1493 alii
1560 1437 1782 1508 triginta
1831 1443 1994 1490 erunt

420 1530 653 1596 dierum,
686 1530 776 1584 alii
819 1545 927 1584 uno
969 1530 1058 1585 die
1097 1530 1485 1592 abundabunt;
1521 1544 1664 1583 unus
1692 1542 1820 1582 vero
1855 1541 1990 1580 con-

420 1621 571 1675 Iinuo
600 1619 822 1690 quidem
855 1620 1093 1675 triennio
1133 1619 1349 1675 duobus
1385 1619 1598 1674 deﬁciet
1633 1618 1701 1672 de
1728 1618 1988 1687 triginta;

419 1719 617 1780 quarto
649 1719 832 1765 autem
879 1724 1048 1771 anno,
1083 1724 1194 1764 uno
1224 1710 1314 1764 die
1355 1717 1589 1763 tantum.
1637 1706 1991 1776 Quandoqui-

2110 517 2314 587 ρόντες,
2365 520 2460 571 ἐάν
2500 535 2559 571 τε
2596 517 2862 590 βάρϐαροι
2885 535 2899 548 °
2931 519 3163 582 οἰκείους
3192 536 3255 572 τε
3294 520 3508 584 πάντας
3532 525 3676 593 νομί-

2107 609 2257 675 ζειν,
2305 610 2625 682 ἀνθρώπους
2672 628 2737 680 γε
2789 610 2971 676 ὄντας,
3015 612 3110 666 καὶ
3155 612 3552 683 μετειληφότας
3586 615 3677 685 τῆς

2105 703 2276 773 αὐτῆς
2307 705 2438 774 ἡμῖν
2486 704 2733 772 φύσεωςο
2771 705 2866 758 καὶ
2915 705 3076 775 χάριν
3120 704 3405 775 ὁμολογεῖν
3456 708 3570 769 τοῖς
3595 708 3676 760 εύ-

2108 790 2312 862 ροῦσιν,
2347 792 2482 845 ἀλλὰ
2534 793 2610 863 μὴ
2660 792 2987 864 φθονοῦντας
3021 795 3242 865 ἐρίζειν,
3279 794 3378 848 καὶ
3428 795 3674 851 ἐθελοκα-

2104 885 2241 936 κεῖν.
2282 883 2545 955 Ἡμέραις
2574 884 2865 956 τοιγαροῦν
2900 886 3242 955 τριακοσίαις
3284 886 3380 939 καὶ
3419 885 3670 957 ἐξήκοντα

2104 973 2198 1026 καὶ
2229 974 2392 1029 πέντε
2440 977 2753 1047 ὁριζόμενος
2795 979 2930 1049 ἡμῖν
2976 979 3007 1030 ὁ
3054 978 3297 1041 ἐνιαυτὸς
3326 978 3506 1042 ἔσται,
3543 979 3670 1033 κατά

2100 1067 2199 1137 τὴν
2249 1068 2399 1139 ἡλίου
2438 1070 2705 1140 περίοδον,
2750 1070 3178 1142 προστιθεμένου
3210 1071 3306 1124 τοῦ
3350 1072 3450 1125 καί¹
3490 1071 3667 1143 μορίου

2100 1161 2314 1233 ἡμέρας
2343 1163 2430 1214 ἐπ’
2458 1162 2679 1217 ἔλαττον
2716 1163 2750 1234 ἦ
2782 1164 2858 1227 ὡς
2890 1164 3321 1237 τεταρτημόριον
3354 1164 3435 1234 τῷ
3460 1163 3668 1235 ἀριθμῷ

2097 1254 2253 1325 τῷδε.
2307 1255 2418 1308 Καὶ
2476 1256 2645 1325 μῆνες
2685 1256 3133 1328 συμπληροῦντες
3164 1256 3259 1310 τὸν
3305 1256 3416 1309 τῶν
3458 1257 3668 1327 ἡμερῶν

2098 1343 2328 1415 ἀριθμὸν
2359 1346 2408 1398 oi
2457 1346 2556 1416 μὲν
2594 1347 3073 1420 τριακονθήμερον..
3104 1351 3155 1401 oi
3180 1349 3240 1402 δὲ
3273 1350 3376 1419 μιᾷ
3404 1348 3667 1419 ὑπερϐάλ·

2096 1434 2278 1497 λοντες
2323 1437 2450 1500 τοὺς
2492 1437 2714 1508 ἐτέρους
2760 1422 2980 1510 ἡμέρα·
3014 1434 3096 1503 εἷς
3141 1440 3197 1493 δὲ
3244 1441 3342 1494 καὶ
3383 1439 3530 1494 δυοῖν
3573 1440 3664 1511 μὲν

2096 1528 2357 1582 ἐλλείπων
2381 1529 2488 1583 τῶν
2518 1530 3000 1601 τριακονθημέρων
3028 1532 3154 1602 ἐξῆς
3182 1533 3353 1604 τριῶν
3382 1533 3540 1595 ἐτῶν,
3574 1535 3664 1604 μιᾷ

2094 1618 2150 1672 δὲ
2185 1618 2265 1689 τῷ
2291 1618 2554 1690 τετάρτῳ.
2600 1618 2773 1672 Ἑπτά
2812 1619 2922 1691 γὰρ
2953 1620 3085 1684 οἵδε,
3121 1620 3445 1683 Ποσειδεὼν,
3493 1622 3663 1692 Γαμη-

2095 1710 2243 1777 λιὼν,
2274 1712 2622 1781 Μουνυχιὼν,
2647 1710 3036 1784 Σκιροφοριὼν,
3075 1712 3506 1783 Μεταγειτνιὼν,
3539 1714 3663 1784 Βοη-

420 1802 543 1856 dem
586 1802 642 1857 lii
688 1810 920 1871 srptem,
959 1799 1249 1864 Posideon,
1290 1800 1596 1863 Gamelion,
1639 1798 1983 1869 Munychion,

2089 1802 2352 1875 δρομιὼν,
2385 1803 2729 1874 Πυανεψιὼν,
2782 1806 2884 1876 μιᾷ
2933 1804 3302 1877 ὑπερϐαλοῦσι
3349 1805 3480 1869 τοὺς
3518 1822 3657 1876 τρια-

419 1891 812 1964 ScirOphorion
834 1934 848 1953 ,
893 1892 1248 1962 Mctagitnion
1270 1931 1286 1956 ,
1337 1891 1694 1946 Boedromion
1718 1931 1732 1954 ,
1782 1890 1991 1962 Pyane-

418 1987 612 2057 psion,
652 2002 763 2040 uno
808 1986 896 2039 die
921 1986 1183 2039 excedent
1216 1984 1572 2049 tricenarius;
1617 1984 1812 2054 reliqui
1861 1998 1992 2038 vero

416 2077 650 2132 tricenis
676 2076 1027 2139 constabunt,
1056 2083 1418 2145 praeterquam
1450 2072 1858 2144 Elaphebolion.
1890 2073 1989 2128 llic

416 2165 563 2220 enim
597 2181 692 2234 per
734 2173 848 2220 tres
885 2179 1061 2221 annos
1089 2163 1284 2220 diebus
1317 2173 1441 2219 octo
1468 2173 1524 2220 et
1553 2165 1744 2235 viginti
1778 2165 1990 2219 laxabi-

417 2266 529 2321 tur,
576 2256 670 2311 sed
707 2264 907 2326 quarto
959 2271 1105 2312 anno
1154 2255 1547 2326 undetriginta,
1581 2265 1806 2327 propter
1843 2257 1986 2311 diem

416 2346 815 2401 intercalarem.
839 2344 1012 2399 Porro
1034 2360 1135 2400 cur
1161 2361 1191 2400 a
1215 2345 1430 2401 Caesare
1453 2360 1671 2401 menses
1699 2346 1773 2399 ita
1799 2344 1988 2400 distri-

412 2437 527 2491 buti
553 2439 681 2503 sint,
700 2447 759 2493 ut
782 2438 870 2493 hic
888 2447 1033 2494 esset
1057 2438 1280 2508 triginta
1321 2438 1557 2503 dierum,
1577 2438 1666 2493 ille
1695 2453 1833 2501 non;
1859 2438 1988 2495 huic

410 2543 693 2596 excessus,
719 2531 795 2585 illi
824 2530 1070 2586 delectus
1103 2547 1115 2582 :
1148 2530 1376 2586 alterius
1401 2538 1487 2586 est
1510 2530 1982 2587 considerationis.

919 2641 996 2696 De
1028 2642 1337 2697 intercalari
1378 2642 1481 2698 die.

478 2755 615 2813 Xlll.
642 2757 880 2812 "ensem
905 2757 1123 2827 quidem
1146 2757 1355 2813 nullum
1379 2773 1621 2828 unquam
1643 2796 1659 2821 ,
1686 2757 1782 2812 sed
1814 2772 1982 2811 unum

406 2846 553 2904 diem
608 2865 705 2919 per
754 2849 1002 2919 singulos
1053 2863 1324 2903 annorum
1366 2848 1753 2919 quaterniones
1798 2863 1984 2902 mense

406 2938 834 3010 Elaphebolione
872 2938 1344 3002 intercalabimus,
1372 2936 1832 3009 quemadmodum
1873 2936 1983 2991 Ro-

404 3032 554 3086 mani
586 3031 886 3087 Februario
916 3031 1241 3095 bissextum,
1274 3030 1355 3087 sic
1400 3037 1688 3093 vocantes,
1721 3028 1868 3099 quod
1900 3029 1983 3084 bis

2093 1892 2494 1965 κονθημέρους·
2552 1895 2602 1946 οἱ
2643 1895 2699 1947 δὲ
2746 1893 2924 1948 λοιποὶ
2975 1895 3478 1966 τριακονθήμεροι,
3531 1894 3658 1963 πλὴν

2103 1984 2581 2055 Ἐλαφηϐολιῶνος.
2626 1985 2755 2038 Ὅδε
2797 1985 2907 2057 γὰρ
2933 1974 3298 2056 ἡμέραςξὲξει
3334 1985 3507 2039 εἴκοσι
3564 1985 3655 2054 μὲν

2092 2077 2185 2131 καὶ
2212 2076 2358 2131 ὀκτὼ
2401 2076 2530 2147 ἐεῆς
2572 2077 2740 2149 τριῶν
2780 2078 2941 2143 ἐτῶν,
2977 2078 3150 2131 εῐκοσι
3197 2077 3255 2129 δὲ
3287 2078 3384 2130 καὶ
3415 2075 3564 2129 ἐννέα
3584 2076 3655 2146 τῷ

2087 2169 2352 2241 τετάρτῳ,
2398 2168 2487 2223 διὰ
2527 2169 2626 2241 τὴν
2657 2169 3181 2241 παρεμϐαλλομένην
3212 2168 3450 2239 ἡμέραν.
3491 2170 3583 2221 Διά
3606 2167 3654 2223 τί

2087 2257 2145 2311 δέ
2174 2261 2283 2321 τοῖς
2324 2258 2453 2329 περὶ
2485 2258 2727 2329 Καίσαρι
2758 2258 2903 2311 οὕτω
2932 2258 3001 2311 τὰ
3038 2259 3169 2328 περὶ
3200 2256 3303 2320 τὰς
3340 2257 3548 2329 ἡμέρας
3586 2256 3655 2308 δι-

2087 2348 2307 2421 ῄρηται,
2340 2349 2415 2413 ὼς
2442 2349 2584 2404 τονδὶ
2618 2350 2717 2421 μὲν
2751 2349 3218 2421 τριακονθήμερον
3239 2344 3404 2413 εἶναι,
3428 2346 3557 2402 ἀλλὰ
3586 2348 3650 2417 μὴ

2085 2442 2251 2505 τονδὶ,
2272 2441 2414 2496 τονδὶ
2440 2441 2484 2495 δ’
2514 2441 2895 2514 ὑπερϐάλλειν,
2912 2442 3055 2496 τονδὶ
3081 2442 3127 2496 δ’
3152 2441 3454 2505 ἐλλείπειν,
3478 2439 3653 2510 ἐτέρας

2085 2537 2203 2588 ἐστὴ⁵
2230 2534 2478 2607 θεωρίας.

2422 2644 2559 2713 Περὶ
2593 2643 2701 2713 τῆς
2726 2645 3052 2714 ἐμϐολίμου
3081 2643 3334 2713 ἡμέρας.

2154 2758 2253 2813 II".
2284 2758 2445 2830 Μῆνα
2477 2758 2576 2829 μὲν
2600 2753 2693 2811 οῦν
2718 2756 2908 2810 οὐδένα
2931 2755 3355 2827 ἐπεμϐαλοῦμεν
3378 2756 3615 2809 οὐδέτωτε
3633 2771 3644 2783 ·

2088 2850 2215 2919 μίαν
2256 2848 2313 2902 δὲ
2361 2848 2450 2902 διὰ
2506 2846 2920 2921 τετραετηρίδος
2971 2846 3188 2918 ἡμέραν
3233 2844 3315 2917 τῷ
3372 2844 3648 2916 Ἐλαφηϐο-

2082 2939 2255 3005 λιῶνι,
2291 2939 2544 3012 καθάπερ
2585 2939 2665 3011 τῷ
2686 2937 3036 3011 Φεϐρουαρίῳ
3078 2939 3343 3007 Ῥωμαῖοι
3388 2937 3642 2990 δίσεκτον·

2082 3032 2223 3085 οὕτω
2257 3031 2547 3096 καλοῦντες
2585 3032 2649 3085 ἐκ
2676 3032 2770 3085 τοῦ
2810 3032 2892 3096 δὶς
2919 3032 3018 3104 τὴν
3043 3030 3215 3102 αὐτὴν
3248 3030 3465 3103 ἡμέραν
3499 3044 3645 3102 προσ-

406 3125 584 3194 ipsum
611 3126 755 3180 diem
788 3123 1094 3179 inscribant
1119 3122 1278 3196 164
1301 3131 1513 3179 sextum
1537 3121 1811 3178 Kalendas
1843 3121 1978 3175 Mar-

2085 3124 2311 3197 γράφειν
2345 3124 2512 3195 ἕκτην
2546 3124 2652 3196 πρὸ
2709 3122 3000 3177 Καλενδῶν
3027 3122 3315 3195 Μαρτίων,
3339 3121 3498 3189 δόξαν
3524 3120 3644 3173 οὕτω

403 3217 529 3273 tias.
560 3216 637 3272 lta
665 3218 810 3273 enim
843 3216 1045 3272 Caesari
1078 3217 1324 3288 Augusto
1358 3214 1535 3270 visum
1574 3223 1680 3269 est.
1709 3212 1821 3269 Nos
1850 3229 1979 3269 vero

403 3308 498 3362 tali
525 3309 788 3363 vocabulo
817 3308 1109 3378 nequimus
1149 3306 1260 3368 uti;
1304 3320 1431 3360 nam
1470 3304 1853 3360 intercalarem
1889 3320 1978 3360 so-

402 3402 513 3454 lum
557 3409 611 3455 et
655 3408 871 3456 sextum
904 3401 1005 3455 rite
1049 3400 1325 3469 appellare
1362 3412 1678 3467 possumus.
1709 3395 1975 3452 Cmterum

401 3492 469 3548 de
515 3493 793 3564 exemptili
850 3492 939 3546 die
982 3491 1352 3546 consideratio
1398 3487 1747 3558 suscipienda
1789 3495 1894 3553 est,
1923 3496 1977 3543 et

400 3586 542 3657 quod
574 3585 752 3640 visum
786 3583 951 3637 fuerit
1008 3582 1182 3635 Latini
1214 3580 1539 3635 admonendi
1572 3591 1720 3644 sunt,
1749 3589 1809 3634 ut
1833 3580 1974 3634 idem

401 3675 796 3743 amplexantes,
830 3687 1033 3725 annum
1060 3670 1164 3725 sibi
1192 3670 1489 3739 corrigam.
1534 3666 1625 3723 Sic
1659 3669 1805 3724 enim
1834 3670 1977 3724 inter

401 3780 503 3819 nos
548 3763 858 3818 conveniet.
914 3761 1232 3831 Exemptilis
1292 3762 1437 3815 enim
1489 3760 1597 3815 diei
1644 3760 1756 3829 jam
1815 3761 1975 3831 longo

399 3864 647 3924 tempore
678 3854 824 3907 nulla
855 3854 1067 3908 ratione
1096 3854 1251 3916 inita,
1285 3854 1540 3917 solstitia,
1574 3862 1762 3909 nostra
1794 3862 1970 3920 aetate,

399 3947 572 4000 multo
602 3952 949 4001 antevertunt
980 3945 1122 4000 diem
1164 3947 1367 4001 mensis
1410 3947 1479 4001 ab
1522 3947 1679 4002 initio
1709 3948 1973 4003 solstitia-

398 4039 503 4094 lem
534 4039 913 4094 constitutum.
950 4035 1041 4092 Sic
1075 4038 1258 4109 itaque
1283 4054 1499 4096 menses
1524 4049 1756 4112 agantur
1787 4041 1967 4106 nobis,

396 4131 675 4188 utentibus
698 4131 1014 4187 nominibus
1045 4131 1283 4188 traditis.

908 4240 987 4295 De
1028 4242 1155 4297 anni
1191 4243 1470 4313 principio.

465 4353 602 4409 XIV.
635 4354 805 4411 Porro
848 4357 978 4412 anni
1027 4358 1354 4429 principium
1396 4357 1759 4416 Athenienses
1793 4358 1969 4415 Heca-

2082 3219 2321 3291 Καίσαρι
2354 3218 2627 3289 Σεϐαστῷ.
2671 3218 2861 3289 Ἡμεῖς
2888 3217 2932 3270 δ’
2966 3217 3190 3286 ὀνόματι
3217 3215 3457 3288 χρῆσθαί
3498 3232 3569 3285 τῳ
3592 3213 3641 3264 οὐ

2079 3310 2308 3382 δεόμεθά
2349 3328 2413 3380 γε
2440 3309 2695 3381 τοιούτῳ·
2740 3308 3034 3381 ἐμϐόλιμον
3062 3308 3175 3381 γὰρ
3214 3309 3375 3379 μόνον
3416 3305 3508 3362 καὶ
3534 3306 3641 3373 ἐνην

2080 3402 2505 3475 προσαγορεύειν
2546 3402 2728 3466 καλῶς
2770 3401 2882 3473 ἔχει
2913 3404 3065 3472 ἡμῖν.
3103 3402 3241 3473 Περὶ
3276 3401 3334 3454 δὲ
3366 3400 3470 3471 τῆς
3509 3399 3642 3452 ἐκϐο-

2078 3496 2236 3568 λίμου
2266 3497 2526 3551 σκεπτέον
2578 3496 2673 3551 καὶ
2703 3497 2730 3550 ὅ
2759 3512 2814 3549 τι
2862 3495 2928 3550 ἂν
2972 3496 3103 3567 δοκῇ
3163 3496 3504 3567 παρακαλεῖν
3540 3492 3640 3545 δέον

2078 3593 2172 3645 καὶ
2202 3591 2466 3655 Λατίνους
2493 3590 2655 3644 ταὺτὸ
2676 3588 3000 3660 δεχομένους
3031 3586 3467 3659 ἐπανορθοῦσθαι
3510 3599 3639 3654 σφισι

2076 3681 2167 3735 τὸν
2205 3680 2467 3745 ἐνιαυτὸν,
2510 3680 2595 3734 ἵνα
2632 3678 3031 3750 συμφωνῶμεν.
3074 3676 3405 3749 Ἐκϐολίμου
3441 3674 3542 3746 γάρ
3572 3688 3638 3725 τοι

2077 3773 2289 3845 ἡμέρας
2312 3772 2502 3845 χρόνου
2526 3772 2627 3845 ἤδη
2665 3762 3200 3845 μακροῦδιελθόντος
3231 3768 3308 3841 μὴ
3338 3766 3634 3839 γενομένης.

2076 3865 2210 3919 πολύ
2249 3882 2300 3918 τι
2337 3864 2401 3936 δὴ
2435 3863 2792 3936 προτεροῦσιν
2832 3865 2886 3916 αἱ
2922 3862 3125 3935 τροπαὶ
3161 3862 3244 3931 ἐφ’
3270 3860 3435 3932 ἡμῶν
3466 3859 3555 3924 τῆς
3585 3854 3636 3919 ἐξ

2075 3955 2247 4028 ἀρχῆς
2270 3954 2537 4027 τροπικῆς
2566 3953 2780 4027 ἡμέρας
2807 3970 2871 4023 γε
2904 3952 2999 4007 τοῦ
3032 3952 3224 4024 μηνός.
3253 3952 3411 4006 Οὕτω
3442 3951 3535 4022 μὲν
3559 3945 3634 4001 οὖν

2075 4046 2266 4100 ἀκτέον
2291 4046 2417 4109 τοὺς
2454 4045 2648 4116 μῆνας,
2691 4042 3008 4116 χρωμένους
3048 4041 3281 4112 ὀνόμασι
3321 4044 3437 4104 τοῖς
3464 4037 3629 4093 ἀποδο-

2075 4138 2265 4191 θεῖσιν.

2434 4246 2574 4315 Περί
2611 4242 2808 4315 ἀρχῆς
2844 4244 2950 4312 τοῦ
2978 4242 3286 4298 ἐνιαυτοῦ.

2142 4358 2237 4413 ΙΔ’.
2292 4358 2490 4431 Ἀρχὴν
2529 4358 2585 4412 δὲ
2615 4357 2710 4411 τοῦ
2749 4355 2999 4411 ἐνιαυτοῦ
3024 4357 3075 4410 οἱ
3122 4355 3223 4426 μὲν
3266 4354 3533 4428 Ἀθηναῖοι
3553 4353 3629 4407 τὶν

395 4449 750 4506 tombazoncm
781 4450 1212 4520 constituebant,
1243 4451 1310 4507 ab
1337 4454 1527 4509 αδειὶνο
1559 4454 1799 4509 solstitio
1830 4454 1967 4507 inci-

2085 4451 2531 4523 Ἑκατομϐαιῶνα
2561 4446 2696 4521 ἦγον
2738 4449 2904 4520 μῆνα,
2935 4448 3010 4512 ὡς
3052 4447 3325 4502 δέδεικται
3367 4449 3627 4520 πρότερον,

391 4541 623 4609 pientes,
668 4544 812 4599 sicut
858 4553 943 4600 est
988 4545 1142 4614 prius
1190 4546 1625 4602 demonstratum
1670 4564 1684 4601 :
1732 4545 1964 4601 Romani

2085 4543 2140 4606 b;
2174 4543 2281 4596 ἀπὸ
2312 4541 2531 4613 τροπῶν
2573 4541 2803 4614 θερινῶν
2826 4557 2839 4571 ⁸
2886 4540 3148 4610 Ῥωμαῖοι
3192 4538 3251 4592 δὲ
3283 4540 3377 4592 τὸν
3423 4537 3629 4595 Ἰανονά-

390 4645 518 4684 vero
546 4630 891 4700 Januarium,
933 4634 1257 4692 inchoantes
1302 4637 1370 4692 ab
1414 4637 1665 4691 hiberno.
1708 4637 1775 4691 Et
1818 4646 1967 4692 certe

388 4721 561 4791 magis
604 4723 885 4793 proprium
927 4724 1143 4780 videtur
1184 4736 1308 4782 esse
1346 4726 1701 4797 principium,
1733 4727 1967 4797 jureque

387 4809 492 4865 hoc
522 4811 753 4869 Plctlion
778 4814 985 4872 laudat.
1009 4814 1144 4870 Nam
1166 4816 1283 4887 lege
1304 4826 1358 4873 et
1382 4817 1635 4873 instituto
1666 4819 1789 4875 aliis
1817 4819 1964 4874 aliud

386 4904 515 4957 anni
561 4906 886 4976 principium
941 4910 1266 4977 agentibus,
1312 4918 1507 4965 natura
1559 4911 1964 4981 quodammodo

386 4991 526 5047 idem
572 5003 629 5048 ut
672 4997 742 5050 sit
785 4999 1113 5068 principium
1157 5000 1389 5057 suadere
1446 5001 1707 5055 videtur:
1742 5001 1963 5073 quando

383 5081 467 5135 sol
495 5086 862 5152 generationis
893 5096 1087 5143 auctor
1109 5091 1253 5143 ultra
1283 5092 1535 5162 progredi
1574 5092 1855 5157 desinens,
1885 5108 1963 5147 re-

382 5170 524 5225 llecti
554 5173 619 5227 ad
650 5190 751 5230 nos
777 5177 987 5248 incipit,
1014 5186 1068 5235 et
1098 5180 1237 5237 lucis
1265 5190 1425 5253 auget
1454 5192 1689 5254 tempus,
1715 5183 1963 5239 tenebra-

381 5278 502 5318 rum
534 5282 665 5322 νει-ο
696 5271 909 5327 minuit.
942 5270 1109 5329 Recte
1137 5274 1302 5345 igitur
1330 5282 1385 5330 ct
1412 5273 1588 5330 Numa
1629 5276 1958 5348 principium

380 5357 692 5427 liujusmodi
720 5362 984 5421 Romanis
1015 5367 1310 5434 ordinavit,
1345 5385 1470 5424 cum
1513 5371 1668 5440 prius
1704 5370 1956 5426 Martium

378 5465 619 5508 mensem
642 5452 909 5511 Romulus
930 5460 1057 5512 anni
1089 5458 1310 5515 fecisset
1336 5461 1574 5515 initium.
1599 5461 1768 5519 Nobis
1792 5462 1959 5534 igitur

377 5541 521 5599 idem
559 5555 680 5602 esto
724 5549 854 5602 anni
895 5550 1244 5622 principium,
1281 5563 1335 5608 et
1383 5570 1560 5610 novus
1594 5558 1722 5611 anni
1750 5559 1956 5613 mensis

375 5635 658 5691 Gamelion
690 5657 701 5691 :
737 5648 795 5691 ut
828 5655 1194 5698 consouemus
1234 5658 1357 5698 cum
1388 5643 1679 5710 Romanis,
1710 5647 1853 5703 sicut
1899 5651 1953 5705 in

376 5730 681 5797 mensibus,
715 5731 787 5786 ita
817 5733 981 5788 etiam
1012 5734 1067 5789 in
1094 5735 1223 5790 anui
1246 5735 1492 5805 exordio,
1523 5737 1616 5807 qui
1646 5748 1727 5795 est
1757 5738 1957 5796 Janua-

2070 4652 2203 4707 ριον,
2238 4636 2315 4699 ὼς
2344 4635 2450 4689 άπὸ
2486 4634 2703 4707 τροπῶν
2736 4631 3083 4705 χειμερινῶν,
3119 4632 3153 4703 ἢ
3200 4631 3267 4703 δὴ
3317 4632 3415 4685 καὶ
3452 4634 3627 4685 οίκειο-

2065 4728 2198 4801 τέρα
2242 4726 2388 4780 δοκεῖ
2412 4723 2551 4780 εἶναι
2590 4727 2753 4798 ἀρχή.
2785 4725 2896 4780 Καὶ
2928 4719 2987 4777 εὖ
3036 4723 3195 4795 τήνδε
3240 4725 3456 4777 ἐπαινεῖ
3506 4721 3627 4789 Illi;

2065 4818 2191 4874 θων.
2244 4819 2414 4891 Νόμῳ
2462 4819 2570 4891 γὰρ
2623 4818 2799 4873 ἄλλων
2856 4816 3021 4887 ἄλλην
3067 4814 3164 4867 τοῦ
3207 4814 3367 4879 ἔτους
3410 4815 3625 4884 ἀγόντων

2062 4911 2258 4984 ἀρχὴν,
2290 4911 2450 4982 φύσει
2486 4927 2603 4973 πως
2632 4910 2805 4963 ἔοικεν
2831 4908 2969 4978 αὕτη
2998 4903 3135 4961 οὖσα
3175 4907 3321 4978 ἀρχή
3344 4924 3359 4939 ’
3391 4908 3547 4978 ἡνίκα
3572 4903 3623 4973 δὴ

2061 5005 2232 5075 ἥλιος,
2275 5006 2304 5057 ό
2344 5004 2444 5075 τῆς
2475 5003 2741 5072 γενέσεως
2772 5001 2979 5071 κύριος,
3019 4998 3114 5053 τοῦ
3147 4999 3338 5071 πρόσω
3383 5000 3517 5054 ίέναι
3544 4996 3625 5066 λήο

2060 5117 2173 5169 γων
2221 5098 2596 5168 ἀνακάμπτειν
2639 5095 2863 5167 ἄρχεται
2912 5093 2987 5155 ὡς
3021 5093 3193 5164 ἡμᾶς,
3255 5093 3352 5147 καὶ
3403 5093 3493 5146 τὸν
3540 5089 3624 5162 μὲν

2060 5191 2154 5245 τοῦ
2186 5190 2362 5261 φωτὸς
2410 5187 2563 5255 αὔξει
2609 5187 2821 5259 χρόνον,
2870 5184 2961 5237 τὸν
2993 5183 3048 5237 δὲ
3078 5182 3173 5237 τοῦ
3221 5186 3450 5248 σκότους
3476 5182 3619 5254 μειοῖ.

2073 5283 2277 5356 Ὀρθῶς
2322 5278 2415 5336 οὖν
2444 5281 2539 5335 καὶ
2562 5280 2784 5351 Νουμᾶς
2828 5275 3001 5348 ἀρχὴν
3037 5276 3297 5349 τοιαύτην
3353 5274 3620 5348 Ῥωμαίοις

2058 5377 2272 5447 τέταχε,
2324 5373 2602 5445 Ῥωμύλου
2644 5371 2909 5443 πρότερον
2945 5367 3036 5421 τὸν
3063 5370 3310 5441 Μάρτιον
3342 5367 3618 5443 προτάξαν-

2057 5486 2148 5532 τος
2198 5469 2363 5540 μῆνα.
2395 5468 2506 5522 Καὶ
2549 5468 2679 5538 ἡμῖν
2711 5463 2775 5534 δὴ
2820 5463 2961 5535 ἁρχὴ
2999 5461 3139 5535 αὕτη
3172 5461 3349 5529 ἔστω,
3382 5463 3476 5516 καί
3517 5459 3618 5520 νέος

2057 5560 2152 5614 τοῦ
2204 5559 2451 5615 ἐνιαυτοῦ
2487 5558 2593 5631 μὴν
2624 5555 2945 5627 Γαμηλιών’
2991 5553 3082 5609 ἵνα
3113 5554 3210 5607 καὶ
3254 5551 3617 5626 συμφωνῶμεν

2070 5654 2375 5724 Ῥωμαίοις,
2402 5653 2591 5723 ὥσπερ
2632 5650 2726 5704 καὶ
2764 5649 2831 5701 τὰ
2874 5646 3003 5718 περὶ
3034 5647 3163 5711 τοὺς
3191 5647 3391 5719 μῆνας,
3439 5647 3529 5701 καὶ
3560 5640 3615 5693 τὰ

2058 5744 2183 5816 περὶ
2220 5743 2319 5816 τὴν
2350 5741 2523 5817 ἀρχὴν
2562 5739 2657 5795 τοῦ
2694 5732 2962 5791 ἐνιαυτοῦ.
3007 5734 3135 5790 ’Ὀδε
3163 5735 3273 5807 γὰρ
3312 5735 3614 5807 Ἰανουάριοϐ
