3800 6344
132 351 255 410 ΙΞΟΙ

1077 356 1427 414 THEODORI
1466 357 1670 415 (ΞΔζῶ
1720 358 1920 414 LIBER
1958 358 2046 415 DE
2094 356 2462 417 MENSIBUS.

3237 357 3376 413 1202

127 468 210 546 ἦν.
242 472 359 528 Νῦν
389 473 437 527 δ’
478 474 754 544 Ἕλληνες,
808 476 984 549 ἀρχὴν
1016 478 1263 534 ἐνιαυτοῦ
1303 497 1361 533 τε
1408 481 1503 534 καὶ
1546 480 1687 535 Ἰνδι-

1794 480 1931 536 rius.
1960 479 2116 535 Nunc
2146 494 2277 535 vero
2310 477 2517 533 Graecis
2562 475 2892 546 principium
2936 474 3086 539 anni,
3119 473 3377 527 indictio-

128 563 345 630 κτιῶνος
383 566 695 638 ποιούμενοι
720 568 829 622 ἀπὸ
864 570 1153 641 ἰσημερίας
1180 570 1595 645 φθινοπωρινῆς,
1632 570 1699 624 τὰ

129 658 220 729 μὲν
271 660 405 731 περὶ
465 659 791 714 Ἰνδικτιῶνα
839 660 1009 732 (δηλοί
1057 662 1114 715 δὲ
1149 661 1425 733 διάταγμα
1466 662 1696 734 ἠλέεις)

128 747 409 818 συνᾴδουσι
456 749 765 821 Ῥωμαίοις,
796 750 865 804 τὰ
906 751 963 805 δὲ
1008 752 1138 823 περὶ
1186 752 1278 806 τὸν
1327 753 1567 806 ἐνιαυτὸν
1610 750 1693 806 οὔ.

127 840 312 893 Καίτοι
363 840 739 913 συμφέρεσθαι
786 842 893 896 ἔδει
928 845 1024 897 καὶ
1061 843 1252 907 ταῦτα,
1299 844 1472 908 ἄλλως
1513 861 1572 897 τε
1603 845 1696 898 καὶ

123 931 353 1003 Χριστοῦ
377 935 567 1006 νόμοις
591 935 925 1005 χρωμένους.
957 936 1032 988 Οὐ
1054 935 1164 1007 γὰρ
1195 932 1349 1006 οἶμαι
1391 937 1695 1007 Ῥωμαίους

123 1023 242 1088 τούς
282 1042 348 1095 γε
382 1026 479 1081 νῦν
525 1026 685 1091 ὄντας
716 1027 804 1080 διὰ
835 1028 933 1098 τὴν
975 1026 1126 1099 ἡλίου
1158 1027 1365 1099 τροπὴν
1395 1028 1615 1099 μᾶλλον,
1657 1028 1691 1099 ἢ

122 1116 177 1170 τὸ
200 1118 318 1171 τότε
348 1119 680 1189 γεννηθῆναι
720 1120 974 1190 Χριστὸν,
1013 1119 1186 1185 οὕτως
1210 1120 1365 1189 ἄγειν
1385 1139 1398 1152 ·
1428 1120 1564 1174 ἀλλά
1595 1121 1693 1193 τὴν

124 1212 215 1283 μὲν
252 1210 467 1283 τροπὴν
511 1210 939 1281 συμϐεϐηκέναι,
992 1211 1190 1275 αὐτοὺς
1240 1211 1296 1264 δὲ
1332 1210 1430 1283 τὴν
1478 1210 1692 1280 γένεσιν

120 1300 521 1372 πρεσϐεύοντας
554 1300 649 1354 τοῦ
698 1299 856 1364 Θεοῦ,
991 1301 1168 1371 θέμις,
1206 1299 1380 1371 ἀρχὴν
1423 1300 1691 1356 ποιεῖσθαι

118 1395 210 1465 τὴν
239 1392 561 1465 εἰρημένην.
602 1392 879 1448 Ἐνιαυτού
918 1392 1017 1463 μὲν
1049 1392 1252 1464 ταύτην
1286 1392 1467 1447 θετέον
1494 1392 1687 1464 ἀρχήν.

255 1604 388 1675 Πῶς
426 1607 784 1678 ἀριθμητέον
814 1608 922 1674 τὰς
953 1607 1059 1661 τοῦ
1086 1606 1273 1677 μηνὸς
1303 1606 1546 1677 ἡμέρας.

179 1720 279 1772 1Ε¹.
326 1718 606 1789 Ἀριθμεῖν
634 1718 692 1771 δὲ
720 1718 818 1782 τὰς
848 1718 1015 1790 μηνὸς
1037 1719 1266 1772 ἑκάστου
1302 1719 1517 1792 ἡμέρας
1542 1718 1685 1791 Πλή-

115 1809 239 1863 θωνι
275 1809 375 1881 μὲν
399 1809 550 1863 δοκεί
576 1809 657 1872 είς
680 1809 915 1880 τέτταρα
946 1809 1285 1875 διαιροῦντας
1313 1810 1402 1863 τὸν
1431 1811 1595 1882 μῆνα,
1626 1812 1688 1864 τὸ

117 1900 207 1969 μὲν
240 1898 551 1969 ἱστάμενον,
604 1897 667 1951 τὸ
715 1897 772 1950 δὲ
826 1897 1042 1968 μεσοῦν,
1084 1898 1145 1951 τὸ
1180 1897 1236 1950 δὲ
1271 1898 1478 1967 φθῖνον,
1526 1899 1587 1952 τὸ
1633 1898 1688 1952 δὲ

112 1992 297 2045 ἀπιόν·
331 1990 680 2062 λαμῦάνοντι,
707 1991 782 2054 ὡς
811 1989 975 2055 ἔοικε,
1011 1990 1071 2044 τὸ
1107 1990 1205 2061 μὲν
1240 1992 1389 2062 παρὰ
1425 1992 1690 2047 Πολυδεύ-

111 2100 258 2147 κους,
286 2083 349 2136 τὸ
398 2081 456 2135 δέ
486 2099 538 2136 τι
570 2081 665 2135 καὶ
692 2080 840 2152 αὐτῷ
878 2082 1308 2153 καινοτομούντι.
1343 2084 1688 2155 Εὐμαρέστε-

111 2189 200 2244 ρον
233 2173 364 2245 γὰρ,
399 2168 576 2244 οἶμαι,
598 2171 926 2225 διατίθεσθαι
973 2172 1040 2226 τὰ
1072 2175 1200 2245 περὶ
1244 2173 1341 2239 τὰς
1377 2176 1689 2247 ἱερομηνίας

108 2264 248 2318 οὕτω
288 2264 592 2328 συνέϐαινε,
623 2263 768 2317 καίν’
798 2262 933 2317 ἄττα
964 2262 1348 2335 καθισταμένῳ
1379 2266 1527 2337 ίερά·
1558 2267 1688 2337 ἡμῖν

107 2357 160 2409 δὲ
185 2357 493 2430 διαφερέτω
525 2356 696 2428 μηθὲν
723 2354 1048 2426 διαριθμεῖν,
1078 2356 1155 2420 ὡς
1203 2356 1494 2429 Ἀθηναῖοι,
1526 2360 1686 2431 τριχῆ

106 2450 460 2522 διαιροῦντες.
516 2450 580 2503 τὸ
634 2450 732 2521 μὲν
791 2449 1075 2519 ἱστάμενον
1134 2447 1337 2518 ἔλεγον.
1372 2449 1435 2503 τὸ
1483 2450 1540 2505 δὲ
1593 2452 1687 2505 ἐπὶ

105 2542 257 2607 δέκα,
315 2542 378 2596 τὸ
418 2541 476 2595 δὲ
509 2540 715 2616 φθίνον.
759 2543 976 2616 Ἐπειδὴ
1013 2543 1109 2597 καὶ
1152 2542 1364 2613 συνῳδά
1399 2559 1515 2607 πως
1543 2540 1686 2595 οὕτω

106 2636 307 2705 μᾶλλον
347 2635 636 2707 Ῥωμαίοις
661 2634 810 2688 ἔσται
841 2634 910 2689 τά
954 2637 1083 2708 περὶ
1108 2635 1209 2706 τὴν
1239 2635 1501 2705 διαίρεσιν
1529 2634 1681 2705 ἡμῖν.

104 2727 276 2799 Τριχῆ
309 2726 420 2798 γάρ
458 2727 551 2781 καὶ
587 2718 732 2781 οὗτοι
778 2727 1131 2801 διαιροῦντες,
1178 2726 1240 2780 τὸ
1277 2726 1375 2797 μὲν
1405 2725 1683 2791 Καλένδας

103 2817 593 2890 προσαγορεύουσι,
615 2820 674 2872 τὸ
699 2820 754 2872 δὲ
781 2818 993 2883 Νώνας,
1021 2818 1080 2871 τὸ
1099 2818 1156 2871 δὲ
1180 2818 1383 2881 Εἰδούς.
1420 2816 1685 2889 Ἀριθμη-

100 2910 223 2962 τέον
269 2904 362 2961 οὖν
411 2900 548 2961 ὧδε·
611 2908 908 2981 νουμηνίαν
961 2909 1059 2980 μὲν
1109 2909 1207 2980 τὴν
1252 2906 1504 2980 πρώτην,
1560 2903 1681 2961 εἶτα

100 2999 359 3071 δευτέραν
415 3000 727 3071 ἱσταμένου,
777 3000 873 3055 καὶ
921 3001 1130 3073 τρίτην,
1182 3001 1275 3054 καὶ
1315 2999 1442 3070 ἑξῆς
1496 3000 1577 3064 είς
1620 2999 1682 3054 τδ

101 3092 291 3163 πρύσω
347 3092 477 3146 ἰόντι
528 3092 656 3163 ἄχρι
712 3091 971 3161 δεκάτης·
1029 3091 1148 3162 μεθ’
1198 3091 1264 3163 ἣν
1298 3089 1518 3163 πρώτην
1584 3090 1679 3143 ἐπὶ

1798 573 1991 642 nisque
2015 571 2299 642 agentibus
2325 570 2393 624 ah
2417 568 2716 623 autumnali
2741 567 3093 637 aequinoctio,
3121 566 3376 620 indictio-

1796 664 1881 719 nis
1924 663 2142 733 quidem
2189 662 2400 718 ratione
2433 658 2724 732 (signiﬁcat
2754 668 2933 714 autem
2976 658 3214 714 edictum
3262 656 3374 710 haec

1794 753 1981 820 dictio)
2007 767 2129 808 cum
2165 750 2428 807 Romanis
2472 748 2765 805 concordia
2790 756 2894 812 est,
2928 749 3053 802 anui
3083 761 3211 801 vero
3238 761 3369 800 non.

1794 843 2113 916 Quanquam
2136 843 2282 900 etde
2306 844 2394 899 his
2425 858 2559 898 sane
2585 842 2723 896 inter
2745 841 2867 895 illos
2895 839 3189 894 convenire
3217 852 3376 909 opor-

1794 938 1961 1003 tebat,
1990 936 2290 1007 praesertim
2318 934 2523 990 Christi
2570 933 2777 1004 legibus
2819 931 3182 988 communiter
3210 940 3370 1007 utcu-

1793 1033 1895 1082 tes.
1923 1003 2110 1097 Neque
2136 1027 2280 1083 enim
2312 1034 2443 1096 puto
2476 1003 2753 1080 Romanos
2783 1024 2945 1092 hujus
2971 1022 3154 1077 saeculi
3195 1003 3371 1091 magis

1792 1128 2012 1189 propter
2039 1118 2357 1182 solstitium,
2388 1132 2550 1187 quam
2586 1113 2729 1186 quod
2760 1122 2889 1169 tunc
2922 1113 3177 1169 Christus
3207 1121 3368 1167 natus

1792 1213 1864 1266 sit
1910 1213 1984 1266 ita
2032 1226 2220 1282 agere;
2255 1211 2348 1267 sed
2384 1217 2498 1265 tum
2538 1209 2832 1265 solstitium
2859 1223 2981 1263 esse
3016 1208 3155 1261 forte
3192 1207 3369 1261 conti.

1791 1303 1936 1372 gisse
1969 1321 1982 1356 :
2021 1302 2170 1372 ipsos
2200 1317 2328 1356 vero
2356 1300 2525 1355 natali
2565 1300 2877 1355 Christiano
2918 1300 3153 1369 primum
3197 1298 3368 1351 hono-

1791 1409 1903 1446 rem
1927 1393 2250 1456 tribuentes,
2272 1399 2333 1446 ut
2359 1391 2441 1447 fas
2461 1400 2565 1455 est,
2585 1390 2899 1461 praedictum
2924 1388 3138 1444 initium
3165 1386 3362 1442 facere.

1788 1485 1929 1539 Anni
1958 1484 2175 1556 quidem
2205 1483 2346 1539 idem
2375 1483 2590 1538 initium
2620 1480 2926 1537 faciendum
2956 1487 3060 1535 est.

2009 1616 2285 1685 Quomodo
2314 1618 2508 1672 mensis
2541 1617 2649 1671 dies
2680 1625 2802 1670 sunt
2831 1612 3163 1669 numerandi.

1861 1731 1974 1786 XV.
2025 1732 2327 1788 Numerare
2375 1747 2507 1788 vero
2553 1730 2821 1801 cujusque
2855 1728 3062 1784 mensis
3093 1727 3211 1782 dies
3245 1724 3363 1780 Ple-

1722 1848 1760 1901 Β
1791 1822 1942 1876 thoni
1977 1822 2057 1877 sic
2111 1822 2311 1891 placet,
2344 1828 2405 1874 ut
2443 1820 2843 1891 quadripertito
2880 1831 3123 1872 Incusent
3158 1815 3363 1868 dividat

1792 1913 1844 1965 iu
1875 1910 2224 1981 principium.
2256 1911 2517 1975 medium,
2550 1910 2927 1981 praecipitium,
2961 1916 3016 1963 et
3062 1921 3360 1963 recessum.

1790 2000 1957 2071 quue
2006 2000 2199 2072 partim
2245 2016 2276 2054 a
2318 1999 2539 2057 Polluce
2585 2000 2800 2057 videtur
2844 1998 3115 2063 mutuari;
3162 1996 3360 2069 partim

1790 2110 1886 2163 per
1930 2110 1988 2148 se
2038 2091 2443 2164 quodammodo
2476 2092 2842 2148 comminisci.
2873 2093 2952 2145 ita
2991 2090 3158 2156 enim,
3206 2096 3361 2160 pulo,

1790 2183 2006 2239 facilius
2034 2183 2113 2237 illi
2148 2190 2266 2238 erat
2308 2198 2438 2238 suas
2491 2183 2657 2237 ferias
2702 2181 3013 2250 disponere,
3044 2194 3184 2235 nova
3214 2195 3361 2247 quae-

1788 2274 1912 2329 dam
1948 2288 2105 2330 sacra
2137 2274 2516 2330 constituenti.
2546 2276 2616 2327 At
2640 2288 2741 2329 nos
2770 2272 2907 2327 nihil
2938 2271 3196 2342 impediat
3224 2286 3364 2341 quo-

1792 2368 1976 2423 minus
2027 2376 2411 2437 supputemus,
2449 2376 2509 2422 ut
2546 2365 2934 2427 Athenienses,
2971 2380 3159 2419 mense
3209 2363 3363 2415 tril‘a-

1787 2462 1924 2514 riam
1966 2459 2191 2530 partito,
2224 2467 2434 2529 partem
2488 2472 2652 2513 unam
2704 2457 3009 2526 ἱστάμενον,
3046 2455 3100 2510 id
3131 2463 3237 2519 est,
3277 2456 3362 2508 in-

1786 2559 2041 2614 stantem,
2078 2552 2193 2607 sive
2222 2550 2499 2607 ineuatem
2543 2558 2801 2606 vocantes
2829 2569 2842 2605 :
2874 2550 2967 2602 ἐπὶ
2988 2549 3138 2611 δέκα,
3169 2549 3222 2603 id
3252 2554 3358 2613 est,

1786 2658 1951 2713 supra
1979 2641 2167 2698 decem
2198 2642 2424 2697 alteram
2453 2659 2467 2696 :
2498 2641 2746 2695 ultimam
2771 2639 2974 2710 φθῖνον,
3005 2640 3055 2694 id
3086 2648 3189 2705 est,
3222 2655 3360 2711 prte-

1784 2734 2026 2804 cipitem,
2058 2732 2550 2789 veLdesinentem.
2584 2731 3034 2803 Quandoquidem
3065 2731 3181 2786 haec
3212 2746 3357 2800 quo-

1783 2842 1891 2896 que
1938 2824 2135 2881 divisio
2182 2831 2369 2880 nostra
2417 2823 2496 2879 sic
2555 2824 2741 2878 nescio
2783 2821 3057 2892 quomodo
3100 2822 3190 2876 lict
3232 2836 3357 2874 cum

1784 2915 2026 2971 Romana
2077 2915 2488 2973 consonantior.
2547 2915 2612 2970 Hi
2656 2930 2892 2984 namque
2934 2921 3046 2969 tres
3081 2915 3246 2968 etiam
3302 2912 3358 2965 in

1782 3016 1964 3079 partes
2014 3024 2259 3064 mensem
2314 3008 2653 3071 tribuentes,
2706 3007 3000 3072 Kalendas,
3049 3003 3252 3068 Nonas,
3302 3009 3359 3056 et

1783 3098 1908 3155 ldus
1960 3100 2254 3170 appellant.
2307 3097 2398 3154 Sic
2450 3100 2632 3170 itaque
2685 3097 3083 3153 numerandum
3133 3101 3246 3160 est,
3298 3099 3359 3145 ut

99 3182 264 3236 δέκα·
301 3179 416 3236 εἶτα
447 3183 705 3254 δευτέραν
750 3186 842 3237 ἐπὶ
877 3185 1029 3249 δέκα,
1076 3182 1169 3237 καὶ
1214 3181 1339 3253 ἑξῆς
1381 3181 1507 3253 ἄχρι
1536 3182 1679 3235 εἱκο-

1787 3188 2078 3243 Neomenia
2109 3186 2274 3260 (quod
2308 3189 2645 3243 noviluuium
2678 3186 2974 3258 signiﬁcat)
3010 3184 3216 3239 mensis
3245 3183 3357 3252 pri—

101 3276 250 3347 στῆς.
292 3276 359 3328 Ἥ
390 3275 529 3348 αὑτὴ
562 3276 619 3329 δὲ
646 3276 739 3329 καὶ
770 3274 922 3341 εἰκάς
942 3295 957 3309 ·
998 3276 1114 3348 μεθ’
1142 3275 1208 3347 ἢν
1240 3274 1525 3344 ἑνδεκάτην
1556 3273 1677 3344 φθί-

100 3384 303 3431 νοντος,
336 3369 368 3440 ῆ
396 3368 651 3439 δεκάτην,
686 3370 718 3440 ἢ
762 3371 1007 3440 ἑννάτην,
1045 3369 1076 3441 ἢ
1125 3368 1336 3440 ὀγδόην,
1366 3368 1441 3431 ὡς
1486 3366 1675 3438 ἔτυχεν

98 3457 234 3527 ιχων
259 3462 288 3513 δ
318 3459 441 3531 μὴν,
468 3461 565 3513 καὶ
598 3461 725 3530 ἑξῆς
754 3460 1035 3514 ἀναλύοντι
1070 3461 1196 3531 ἄχρι
1221 3459 1496 3531 δευτέρας.
1521 3458 1676 3513 Οὕτω

99 3547 203 3619 γάρ
288 3548 562 3621 Ἀθηναῖοι
617 3549 919 3621 ὴρίθμουν,
972 3549 1032 3603 ού
1097 3547 1505 3621 προστιθέντες,
1557 3547 1674 3601 ἀλλ’

97 3638 478 3711 ἀφαιροῦντες,
512 3640 607 3694 καὶ
634 3640 954 3705 ἀναλύοντες
982 3641 1142 3713 μέχρι
1168 3640 1476 3713 τριακάδος,
1502 3640 1677 3693 Σόλω-

96 3743 185 3790 νος
233 3731 586 3802 ἡγησαμένου
633 3732 769 3804 πρὸς
810 3733 879 3786 τὰ
917 3733 1014 3804 τῆς
1068 3732 1298 3804 σελήνης
1331 3730 1485 3801 φῶτα
1533 3730 1677 3785 οὕτω

97 3819 418 3891 μειούμενα.
453 3824 564 3876 Καὶ
604 3824 996 3895 ’Δριστοφάνης
1047 3824 1104 3878 δὲ
1151 3826 1180 3877 ὁ
1222 3824 1465 3896 κωμικὸς
1505 3823 1677 3888 οὕτως

94 3910 325 3982 ἀριθμεῖ
340 3930 352 3943 ·

1784 3296 1907 3337 mus
1949 3280 2067 3335 dies
2106 3280 2178 3335 sit
2215 3299 2228 3335 :
2263 3279 2459 3336 deinde
2507 3279 2782 3336 secundus
2831 3276 3113 3335 instantis,
3160 3276 3358 3329 tertius

1784 3371 2062 3433 instantis,
2094 3379 2147 3426 et
2178 3371 2252 3425 ita
2285 3371 2546 3443 deinceps
2575 3386 2750 3441 usque
2781 3369 2848 3423 ad
2880 3368 3150 3423 decimum
3183 3384 3198 3420 :
3232 3373 3358 3436 post

1782 3476 1943 3533 quem
1995 3462 2204 3532 primus
2259 3476 2423 3541 supra
2470 3462 2681 3528 decem,
2716 3459 2988 3515 secundus
3038 3470 3204 3526 supra
3255 3454 3355 3508 de-

1783 3567 1925 3612 cem,
1957 3560 2010 3606 et
2042 3553 2120 3606 sic
2149 3568 2245 3623 per
2272 3552 2520 3607 ordinem
2552 3567 2728 3622 usque
2768 3549 2837 3605 ad
2886 3548 3228 3616 vigesimum,
3260 3545 3352 3615 qui

1781 3650 1836 3696 et
1858 3643 2007 3699 eicas
2041 3643 2263 3704 dicitur.
2296 3644 2452 3714 quasi
2496 3643 2835 3699 vicenionem
2870 3640 3021 3696 ausis
3062 3637 3353 3709 appellare.

1779 3734 1907 3791 Post
1950 3753 2109 3806 quem
2148 3735 2473 3792 undecimus
2511 3736 2827 3806 praecipitis,
2861 3734 2947 3789 vel
2976 3732 3243 3792 decimus,
3268 3726 3356 3782 vel

1779 3843 1981 3894 nonus,
2008 3829 2093 3883 vel
2123 3837 2374 3891 octavus,
2408 3844 2506 3899 pro
2535 3827 2740 3882 mensis
2782 3825 3027 3894 cujusvis
3064 3827 3359 3894 superante

1777 3918 1989 3974 dierum
2040 3935 2274 3977 numero
2308 3940 2320 3975 :
2357 3927 2411 3975 ct
2465 3920 2722 3991 deinceps
2775 3918 2967 3974 ordine
3023 3924 3359 3989 praepostero

96 4002 551 4069 subducendum,
601 4006 817 4061 numeri
866 4006 1082 4076 quidem
1137 4008 1333 4063 seriem
1382 4007 1679 4063 retexendo
1709 4024 1886 4080 usque
1916 4012 1985 4066 ad
2014 4013 2319 4067 secundum
2352 4012 2663 4082 praecipitis.
2734 4010 2811 4065 lta
2845 4011 2990 4066 enim
3057 4005 3355 4061 Athenien-

92 4110 185 4151 ses
237 4102 639 4163 numerabant,
690 4118 799 4156 non
850 4103 1145 4167 addentes,
1203 4104 1299 4159 sed
1350 4101 1682 4169 auferentes,
1743 4108 2192 4179 rcsolventesque
2238 4123 2415 4179 usque
2460 4107 2528 4162 ad
2567 4108 2908 4163 tricesimum
2939 4107 3082 4162 dicm
3122 4122 3133 4157 :

3203 4109 3259 4156 et
3302 4098 3357 4153 id

89 4190 319 4258 quidem
352 4191 571 4248 Solonis
603 4194 882 4258 instituto,
912 4196 1128 4253 ratione
1176 4198 1318 4252 lunae
1362 4197 1438 4252 ita
1478 4198 1682 4253 sensim
1700 4198 1886 4256 lumen
1917 4218 2077 4257 suum
2108 4202 2427 4258 minuentis.
2453 4203 2519 4255 Et
2562 4203 2664 4257 hoc
2695 4210 2844 4257 certe
2910 4199 3073 4255 modo
3142 4196 3359 4251 Aristo-

94 4284 310 4353 phanes
337 4286 583 4343 comicus
612 4299 873 4360 supputat
900 4311 916 4349 :

88 4401 639 4478 quxfn,_retpdc,
681 4408 847 4476 τρίτη
872 4425 885 4439 ο
926 4409 1079 4478 μετὰ
1124 4406 1668 4477 ταύτηντδευτέρασ

87 4467 219 4546 Εξᾷ’
261 4467 337 4540 ἢν
362 4474 476 4543 ἐγὼ
495 4467 765 4546 bsilice-cz
797 4467 1011 4532 εἰασὶὒν
1040 4478 1276 4546 ἡμερῶν

86 4541 361 4603 Δέδοικα,
391 4541 573 4611 εὐθὺς
612 4546 737 4600 ἔσθ’
772 4547 879 4616 ἔνη
918 4566 981 4602 τε
1012 4541 1110 4602 καὶ
1147 4541 1273 4603 ἰθέα.

157 4656 324 4708 Μετά
349 4655 405 4709 δὲ
448 4656 709 4730 δευτέραν
740 4660 935 4714 ἀκτέον
970 4661 1116 4733 ἑνην.
1147 4663 1322 4734 Χρεία
1351 4663 1394 4717 δ’
1422 4664 1549 4733 ἓνης
1583 4661 1678 4715 καὶ

85 4744 219 4805 νέας
246 4745 345 4798 οὐκ
369 4746 520 4801 ἔσται
553 4749 707 4818 ἡμῖν,
750 4748 839 4803 sta
858 4750 919 4803 τὸ
956 4750 1029 4822 μὴ
1071 4750 1211 4805 κατὰ
1248 4750 1475 4823 σελήνην
1501 4749 1673 4813 ἄγειν.

84 4835 266 4907 Ἐνην
306 4836 362 4889 δὲ
406 4839 506 4910 τὴν
550 4840 865 4895 τελευταίαν
903 4841 998 4895 τοῦ
1046 4843 1214 4913 μηνὸς
1248 4845 1463 4915 ἡμέραν
1492 4841 1676 4896 καλεῖν

83 4924 181 4977 καὶ
240 4925 390 4995 ἡμᾶς
447 4926 647 4982 κωλύει
702 4929 894 4995 ούθὲν,
946 4931 1027 4984 ὃτι
1075 4932 1169 4985 καὶ
1216 4933 1313 4986 νέα
1371 4934 1404 5004 ἡ
1459 4931 1673 5004 πρώτη,

80 5015 317 5080 πλείους
351 5034 410 5070 τε
460 5020 516 5071 αἱ
574 5018 851 5088 φθίνοντος
893 5022 1132 5091 γίνονται
1176 5025 1399 5096 ἡμέραι,
1430 5025 1525 5079 καὶ
1565 5024 1675 5079 ἔσθ’

78 5104 171 5158 ὅτε
227 5106 489 5172 ἐλάττους
536 5109 645 5163 τῶν
686 5111 967 5177 Ἀττικῶν,
1000 5113 1087 5166 διὰ
1119 5114 1182 5168 τὸ
1220 5116 1348 5179 τοὺς
1389 5115 1488 5185 μὲν
1525 5132 1677 5187 τρια-

75 5197 465 5269 κονθημέρους
513 5199 622 5253 τῶν
667 5201 853 5272 μηνῶν
907 5205 1038 5273 ἡμῖν
1076 5199 1250 5269 εἶναι,
1300 5207 1426 5269 τοὺς
1471 5205 1528 5258 δὲ
1576 5207 1676 5277 μιᾷ

78 5287 457 5359 ὑπερϐάλλειν
478 5289 587 5343 τῶν
617 5291 819 5362 ἑτέρων
842 5293 1045 5365 ἡμέρα,
1071 5295 1165 5347 ἕνα
1200 5294 1257 5348 δὲ
1282 5295 1377 5348 καλ⁸
1409 5294 1552 5348 δυεῖν
1577 5295 1676 5366 μὲν

77 5379 363 5434 ἐλλείπειν
419 5383 528 5435 τῶν
589 5383 1071 5459 τριακονθημέρων
1117 5383 1245 5455 ἑξῆς
1290 5384 1456 5457 τριῶν
1502 5387 1673 5449 ἑτῶν,

77 5473 183 5543 μιᾷ
218 5471 286 5525 δὲ
329 5472 407 5543 τῷ
441 5475 708 5546 τετάρτῳ,
751 5476 827 5540 ὡς
883 5476 1098 5549 εἴρηται
1151 5493 1434 5549 προτερον.
1482 5479 1544 5531 Οἱ
1577 5479 1675 5549 μὲν

69 5558 172 5615 οὖν
232 5563 647 5635 ἐνδεκάφθινοι,
713 5567 762 5621 οἱ
815 5567 871 5621 δὲ
924 5567 1271 5637 δεκάφθινοι,
1339 5562 1419 5632 εἷς
1474 5567 1529 5624 δὲ
1579 5569 1675 5623 καλ⁵

70 5652 435 5723 ὀκτάφθινος,
477 5656 573 5710 καλ⁸
599 5657 914 5727 ἑνάφθινος·
954 5659 1093 5713 ἑπτὰ
1137 5660 1235 5730 μὲν
1266 5658 1375 5732 γὰρ
1405 5659 1534 5726 οἵδε,
1571 5661 1675 5713 Πο-

72 5743 337 5812 σειδεὼν,
389 5747 708 5821 Γαμηλιὼνζ
754 5750 1094 5821 Μουνυχιὼν,
1138 5750 1526 5825 Σκιροφοριὼν,
1559 5756 1673 5808 Με-

1783 4405 2035 4471 Qm’ntus,
2069 4404 2256 4459 deinde
2287 4414 2531 4471 quartus.
2563 4403 2783 4471 hincque
2813 4402 3036 4462 tertius;

1706 4477 1752 4533 D
1787 4469 1912 4546 Post
1940 4493 2091 4546 quem
2118 4469 2401 4534 secundus,
2430 4469 2766 4546 om_nium{et
2798 4486 2948 4539 quem
2983 4469 3215 4523 maxime

1780 4543 1982 4610 Metuo,
2014 4562 2229 4616 sequens
2266 4553 2343 4597 est
2373 4543 2620 4596 continuo
2648 4550 2789 4594 vetus
2818 4549 2864 4594 et
2897 4555 3079 4592 novus.

1849 4655 2038 4727 Itaque
2082 4663 2206 4726 post
2259 4653 2558 4709 secundum
2612 4651 2929 4724 praecipitis,
2975 4652 3135 4706 nobis
3185 4652 3355 4706 collo-

1778 4749 1986 4804 candus
2037 4755 2121 4803 est
2170 4755 2346 4802 vetus.
2389 4744 2525 4800 Nam
2577 4745 2777 4800 veteris
2826 4751 2880 4798 et
2932 4742 3081 4806 novi,
3130 4741 3186 4796 id
3244 4754 3352 4807 est,

1776 4840 2009 4895 extremi
2057 4847 2111 4895 et
2161 4840 2342 4909 primi,
2380 4853 2476 4894 seu
2536 4834 2971 4899 intermenstrui,
3020 4834 3181 4889 nobis
3219 4850 3354 4889 usus

1775 4930 2010 4984 exolevit
2041 4950 2053 4984 :
2081 4929 2227 4999 quod
2263 4945 2371 4983 non
2398 4928 2464 4983 ad
2495 4927 2680 4981 lunam
2718 4931 2964 4995 tempora
2990 4922 3350 4979 deducamus.

1779 5019 1885 5075 Sed
1956 5019 2098 5075 diem
2167 5020 2373 5075 mensis
2447 5019 2697 5073 ultimum
2768 5015 3045 5086 appellare
3114 5022 3351 5069 veterem

1776 5114 1902 5182 quid
1952 5129 2053 5168 nos
2107 5118 2271 5176 vetat,
2321 5126 2447 5165 cum
2496 5110 2706 5180 primus
2754 5122 2974 5178 quoque
3027 5120 3204 5160 novus
3249 5104 3355 5160 sit?

1775 5203 1893 5258 Jam
1917 5219 2046 5259 vero
2074 5203 2373 5275 praecipitis
2400 5202 2520 5258 dies
2544 5199 2821 5256 interdum
2850 5198 3036 5269 plures
3063 5197 3351 5260 habemus.

1777 5312 2169 5368 nonnunquam
2223 5295 2513 5367 pauciores
2566 5294 2764 5351 diebus
2822 5290 3038 5360 Atticis.
3094 5289 3354 5356 Quando—

1776 5390 1994 5459 quidem
2052 5404 2270 5443 menses
2318 5387 2410 5441 alii
2455 5388 2722 5442 tricenum
2770 5383 3003 5447 dierum,
3054 5382 3147 5436 alii
3191 5383 3357 5435 trice-

1775 5496 1906 5534 num
1928 5480 2291 5550 singulorum,
2319 5494 2462 5534 unus
2495 5476 2657 5532 modo
2686 5475 3165 5534 duodetricenum,
3192 5471 3353 5525 modo

1775 5568 2216 5633 undetricenum,
2250 5567 2507 5622 nimirum
2539 5573 2739 5637 quarto
2788 5579 3006 5634 quoque
3051 5577 3196 5616 anno
3244 5575 3354 5612 uno

1775 5661 1861 5717 die
1908 5659 2127 5722 addito,
2180 5659 2325 5730 quod
2378 5658 2532 5729 prius
2589 5665 2673 5713 est
2725 5656 2957 5734 dictum.
3014 5652 3356 5721 Qttaptoplct‘

1779 5767 1993 5807 menses
2048 5751 2137 5805 alii
2204 5751 2273 5806 ab
2332 5750 2582 5805 undecim
2650 5748 2863 5803 dierum
2922 5745 3132 5814 reliquo
3191 5754 3358 5808 supra
