3800 6316
432 328 570 384 1205

1460 325 1549 384 AD
1587 324 1854 386 susse"
1886 314 2282 386 CllRONlCON
2323 323 2686 388 APPENDIX.

3542 323 3663 383 12οι

428 448 621 520 viginti
649 461 877 502 numero
899 445 1363 517 llendecaphthini
1393 459 1679 516 vocentur,
1713 452 1804 506 alii
1830 452 1995 508 Deca-

2111 452 2435 521 ςαγειτνιὼν,
2479 449 2845 525 Βοηδρομιὼν,
2876 445 3227 519 Πυανεψιῶν,
3267 444 3462 502 ἕνδεκα
3496 447 3662 515 ἕξουσι

427 525 668 608 phtbini,
700 537 898 608 quibus
944 538 1129 593 decem
1174 537 1291 593 dies
1335 549 1631 610 supersunt
1662 561 1674 595 :
1707 558 1850 599 unus
1871 557 2001 599 vero

428 628 862 700 Octaphthinus,
913 636 968 684 et
1017 626 1429 699 Enaphthinus,
1490 632 1576 686 cui
1632 649 1780 687 nunc
1837 642 1998 700 octo,

428 735 580 774 nunc
652 733 844 773 novem
914 727 1176 788 superant
1242 720 1385 775 ultra
1451 721 1665 791 viginti.
1728 721 1793 777 Hi
1856 724 2000 778 enim

435 810 592 881 165
622 820 857 880 septem,
908 809 1178 866 Posideon
1203 851 1220 874 ,
1265 810 1553 870 Gamelion
1576 855 1591 878 ,
1639 815 1999 888 Munychion,

433 900 857 970 Scirophorion,
909 901 1304 973 Metagitnion,
1357 904 1753 971 Boedromion,
1792 907 2003 979 Pyane-

431 994 613 1062 psion,
649 994 902 1049 undecim
934 994 1052 1051 dies
1098 998 1394 1067 praecipitis
1429 999 1743 1056 habebunt:
1770 1008 1826 1053 at
1874 1000 2003 1055 relia

431 1086 527 1154 qui
576 1084 763 1140 decem
815 1092 1049 1150 tantum,
1099 1096 1297 1156 prater
1350 1087 1853 1159 Elaphebolionem,
1908 1089 2003 1160 qui

429 1175 694 1232 continuo
726 1176 965 1232 triennio
989 1187 1116 1232 octo
1149 1179 1392 1243 habebit,
1419 1194 1617 1236 novem
1646 1190 1826 1234 autem
1858 1195 2004 1235 anno

431 1278 650 1341 quarto.
690 1270 763 1323 At
796 1271 842 1325 si
876 1269 1003 1340 quis
1036 1271 1264 1340 φθίνειν,
1300 1272 1355 1327 id
1380 1280 1486 1335 est,
1518 1273 1847 1340 prwcipitare
1868 1314 1883 1335 ,
1904 1288 2001 1328 seu

432 1363 702 1429 desinere,
727 1370 783 1417 et
806 1361 1077 1424 ἵστασθαι,
1113 1362 1167 1416 id
1196 1370 1316 1427 est,
1345 1364 1544 1416 instare
1574 1363 1689 1419 sive
1714 1363 1852 1417 inire
1874 1378 2002 1432 pro-

432 1452 553 1522 pria
579 1452 720 1507 lunae
753 1466 877 1508 esse
919 1451 1088 1514 dicat,
1122 1461 1305 1507 mente
1342 1453 1634 1522 animoque
1672 1453 2004 1522 complecta-

434 1552 547 1610 tur,
577 1543 725 1613 quod
756 1544 810 1597 in
843 1543 966 1599 aliis
986 1544 1150 1598 etiam
1180 1543 1556 1613 compluribus
1581 1543 1799 1597 aliunde
1825 1551 2007 1598 trans-

434 1635 583 1691 latus
629 1635 917 1705 improprii
965 1635 1238 1691 sermonis
1286 1651 1422 1690 usus
1473 1634 1660 1701 evicit,
1702 1644 1762 1689 ut
1816 1634 1871 1688 in
1919 1634 2005 1692 bis

436 1741 655 1797 quoque
691 1725 877 1781 verbis
911 1723 1215 1796 χαλκεύειν,
1261 1733 1314 1779 et
1347 1727 1622 1796 χορηγεῖν,
1663 1731 1718 1779 et
1747 1725 2006 1798 δημιουρ-

2102 541 2378 612 φθίνοντος
2422 542 2634 613 ἡμέρας
2654 558 2668 571 ·
2694 539 2828 594 δέκα
2853 538 2911 592 δὲ
2941 539 2991 592 οἱ
3027 538 3224 601 λοιποὶ,
3265 538 3407 609 πλὴν
3448 538 3659 609 Ἐλαφη-

2102 634 2373 698 ϐολιῶνος.
2405 628 2574 697 Οὐτος
2601 632 2709 704 γάρ
2734 629 2881 685 ὀκτὼ
2912 630 3011 701 μὲν
3051 630 3177 702 ἑξῆς
3208 630 3380 701 τριῶν
3405 629 3560 693 ἐτῶν,
3587 634 3660 683 ὲν-

2100 726 2195 778 νέα
2224 726 2282 779 δὲ
2308 726 2385 796 τῷ
2416 726 2677 796 τετάρτῳ.
2722 724 2830 777 Kal
2862 723 2966 794 μὴν
2998 722 3053 775 εἴ
3082 740 3165 786 τις
3204 722 3268 775 τὸ
3312 722 3544 790 φθίνειν,
3580 723 3664 775 καὶ

2102 810 2354 871 ἵστασθαι
2378 817 2507 869 ῐδιον
2532 813 2672 869 εἶναι
2698 815 2845 883 λέγοι
2878 814 3123 884 σελήνης,
3150 813 3515 883 ἐνθυμείσθω,
3544 813 3661 865 διότι

2102 909 2195 960 καὶ
2225 908 2311 960 ἐπ’
2330 908 2500 962 ἄλλων
2518 907 2726 961 πολλῶν
2743 908 2938 979 χρῆσις
2955 908 3047 960 ἀπ’
3071 906 3241 959 ἄλλων
3270 904 3660 977 μεταληφθεῖσα

2102 998 2443 1068 κεκράτηκεν
2489 999 2851 1069 ἀκυρόλογοςο
2888 994 2999 1052 οἷον
3040 999 3132 1052 καὶ
3161 998 3220 1050 τὸ
3248 995 3555 1067 χαλκεύειν,
3580 998 3660 1049 καί

2102 1092 2379 1159 χορηγεῖν,
2414 1090 2508 1142 καὶ
2553 1089 2925 1161 δημιουργεῖν.
2973 1087 3299 1159 Ὦνομάζετο
3330 1086 3391 1139 δέ
3425 1103 3551 1139 ποτε
3581 1088 3662 1141 καὶ

2105 1179 2299 1249 βυϐλία
2321 1180 2501 1250 μόνον,
2522 1181 2591 1234 τὰ
2617 1183 2684 1235 ἐκ
2713 1185 2810 1253 τῆς
2838 1180 3032 1251 βύϐλου
3052 1182 3152 1252 τῆς
3177 1182 3235 1233 ὲν
3264 1178 3528 1247 Αἰγύπτῳ
3552 1194 3662 1246 φυο-

2106 1271 2275 1342 μένης
2307 1271 2563 1343 παπύρου
2588 1272 2867 1343 γινόμενα.
2918 1272 3032 1325 Νῦν
3065 1272 3122 1325 δὲ
3154 1288 3251 1325 και
3298 1270 3367 1323 τὰ
3424 1271 3490 1322 ὲκ
3532 1269 3659 1321 λίνου

2105 1361 2306 1433 ῥάκους
2346 1363 2809 1433 κατεργασθέντος
2850 1363 2978 1433 πιλή
2988 1380 3133 1434 ματα
3171 1361 3452 1427 διάκολλα,
3496 1362 3550 1413 ὲν
3590 1356 3661 1424 οἷς

2102 1454 2407 1525 γράφομεν,
2442 1454 2680 1526 τοῦνομα
2713 1454 2823 1526 ἔχει
2844 1454 3021 1508 τοῦτο.
3047 1454 3156 1507 Kal
3188 1453 3423 1524 σχοινίον
3449 1450 3662 1523 πρόσθεν

2102 1545 2164 1599 τὸ
2178 1548 2260 1599 ιὲκ
2294 1546 2505 1616 σχοίνου
2554 1546 2662 1600 τῶν
2705 1546 2890 1600 ἑλείων
2928 1545 3127 1616 φυτοῦ·
3170 1544 3266 1598 νῦν
3308 1544 3370 1599 δὲ
3400 1545 3495 1598 καὶ
3525 1544 3581 1597 τὸ
3607 1545 3662 1597 ὲκ

2103 1636 2247 1691 λίνου
2280 1638 2375 1691 καὶ
2406 1636 2567 1708 ἐρίων
2601 1637 2738 1709 πρὸς
2765 1637 2862 1710 τὴν
2900 1638 3070 1709 αὐτὴν
3108 1636 3300 1708 χρείαν
3343 1635 3661 1705 κλωθόμενον

2107 1728 2336 1798 σχοινίον
2359 1730 2844 1800 προσαγορεύεται.
2869 1728 2979 1782 Kal
3003 1727 3267 1799 αὐθέντης
3288 1727 3348 1780 δὲ
3375 1729 3405 1780 ὁ
3430 1727 3663 1796 αὐτόχειρ

436 1818 574 1887 γεῖν,
610 1815 667 1871 id
699 1823 806 1878 est,
832 1818 1053 1881 audere,
1086 1816 1442 1885 suppeditare,
1481 1829 1776 1883 procreare.
1818 1815 2003 1881 Quon-

2111 1820 2263 1889 μόνον
2291 1818 2507 1888 ἐλέγετο
2540 1820 2726 1874 πάλαι.
2754 1813 2867 1872 Νῦν
2898 1818 2954 1872 δὲ
2984 1819 3077 1871 καὶ
3103 1816 3354 1871 ὁστισοῦν
3380 1818 3661 1880 αἴτιος-,καὶ

436 1910 565 1965 dam
611 1910 774 1964 etiam
806 1907 996 1978 βυϐλία
1045 1908 1223 1963 solum
1271 1907 1615 1969 dicebantur,
1660 1923 1780 1978 quae
1813 1907 2002 1961 tierent

439 2017 506 2059 ex
532 2001 700 2071 junco
731 2008 957 2071 papyro,
987 2016 1108 2069 qua:
1142 2001 1195 2053 in
1224 1997 1459 2071 Egypto
1482 2000 1818 2069 producitur.
1848 1998 2002 2053 Nunc

440 2108 573 2147 vero
624 2102 690 2146 ex
734 2088 829 2144 lini
880 2091 1185 2160 panniculis
1232 2102 1287 2145 et
1337 2091 1682 2145 linteolorum
1740 2090 2003 2144 rainentis

442 2183 618 2239 versis
648 2183 702 2237 in
732 2182 1028 2254 opiﬁcium,
1056 2183 1377 2252 constipata:
1418 2182 1619 2236 charta:
1651 2182 1920 2252 quaedam,
1950 2188 2005 2236 et

443 2275 830 2344 conglutinatae
859 2273 933 2344 (in
961 2274 1161 2343 quibus
1188 2274 1502 2341 scribimus)
1536 2273 1588 2326 id
1619 2273 1855 2328 nominis
1885 2287 2005 2326 sor—

445 2366 557 2421 tita:
595 2370 744 2419 sunt.
777 2362 843 2418 Et
876 2364 1105 2434 σχοινίον
1155 2364 1285 2417 olim
1320 2363 1467 2419 funis
1496 2374 1636 2429 erat,
1681 2380 1746 2418 ex
1777 2362 2005 2418 schoeno

442 2456 614 2528 junco
645 2458 790 2526 (quae
838 2471 903 2511 ex
940 2455 1276 2525 palustribus
1327 2456 1511 2524 planta
1552 2453 1657 2524 est)
1700 2453 2004 2520 confectus,

430 2532 536 2602 ‘sed
564 2558 711 2602 nunc
739 2562 803 2601 ex
834 2548 945 2601 lino
979 2555 1032 2601 et
1062 2547 1205 2601 lanis
1247 2546 1301 2599 in
1327 2545 1579 2600 eumdem
1609 2561 1767 2600 usum
1799 2560 2005 2600 convo-

442 2646 590 2697 lutus
621 2648 1012 2709 contortusque
1039 2638 1205 2702 funis,
1252 2639 1539 2694 sclimnion
1572 2639 1900 2709 appellatur.
1942 2638 2007 2693 Et

442 2745 705 2807 praeterea
746 2726 1008 2803 αὐθέντης
1053 2733 1122 2787 ab
1156 2733 1398 2802 antiquis
1449 2752 1466 2782 ι
1503 2732 1665 2787 caedis
1709 2740 1954 2802 patrator
1984 2751 2003 2783 ι

441 2835 654 2881 tantum
686 2826 1024 2879 vocabatur:
1057 2840 1204 2878 nunc
1234 2840 1362 2879 vero
1394 2824 1647 2894 quisquis
1676 2833 1868 2878 auctor
1900 2830 2006 2885 est,

444 2916 663 2981 artifex,
712 2915 917 2987 cpil‘ex,
972 2924 1195 2970 curator
1250 2915 1328 2970 rei
1381 2914 1655 2984 cujusvis,
1723 2913 2009 2969 authentes

442 3016 814 3080 nuncupatur.
871 3007 936 3061 Et
984 3009 1245 3062 nimirum
1292 3007 1423 3062 vicit
1457 3007 1796 3077 invaluitque
1845 3022 2010 3077 supra

2104 1912 2452 1984 δημιουργὸς,
2470 1912 2565 1965 εἴτ’
2598 1907 2692 1966 οὖν
2728 1906 3050 1981 αὐτουργὸς,
3096 1910 3193 1963 καὶ
3220 1910 3519 1980 ἐπιστάτης
3539 1908 3659 1979 πρά-

2104 2021 2315 2074 γματος
2344 2002 2675 2066 οὑτινοσοῦν,
2696 2002 2960 2073 αὐθέντης
2985 1998 3226 2055 καλεῖται
3244 2019 3257 2031 ·
3282 1993 3426 2072 ὑπὲρ
3454 2000 3517 2052 τὰ
3536 1999 3662 2069 χίλια

2104 2094 2168 2166 δὴ
2228 2094 2320 2167 έτη
2377 2090 2780 2169 κεκρατηκότος
2833 2093 2927 2147 τοῦ
2984 2093 3191 2147 τοιοῦδε
3246 2091 3659 2163 σημαινομένου·

2105 2187 2315 2257 ἐπειδὴ,
2360 2185 2683 2258 Ῥωμαίοις,
2736 2185 2886 2257 θαμὰ
2927 2185 2992 2256 δὴ
3035 2183 3353 2255 ὁμιλοῦντες
3386 2175 3660 2252 Ἕλληνες,

2109 2279 2366 2333 συνίδοιεν
2412 2279 2511 2350 τὴν
2555 2278 2819 2349 σφετέραν
2847 2275 3023 2331 αὐτῶν
3065 2275 3251 2346 φωνὴν
3298 2275 3377 2328 ἔτι
3429 2273 3662 2344 δεομένην

2105 2369 2198 2423 τοῦ
2227 2387 2290 2439 γε
2333 2368 2592 2437 ἀνάλογον
2627 2366 2693 2421 ἂν
2737 2365 2814 2437 τῷ
2855 2385 2874 2418 ι
2898 2362 3062 2437 αῦτορ
3089 2384 3110 2418 ι
3145 2364 3370 2434 ὀνόματι
3404 2363 3511 2416 τῶν
3549 2362 3665 2415 Ῥω-

2111 2460 2284 2531 μαίων
2322 2459 2711 2531 ἀκριϐέστερον
2751 2456 3264 2529 προσοικειουμένου
3296 2452 3419 2516 ταῖς
3452 2453 3661 2525 χρείαις.

2108 2550 2262 2605 Οὕτω
2298 2550 2406 2623 γὰρ
2451 2548 2780 2621 βιαζόμενοι,
2837 2544 2913 2613 ὡς
2960 2548 3127 2612 εἰκὸς,
3176 2544 3468 2617 πράγματι
3515 2543 3665 2615 συχνὰ

2106 2643 2293 2713 ἥκοντι
2312 2643 2392 2705 είς
2413 2640 2598 2712 χρείαν
2620 2640 2788 2710 ὄνομα
2809 2635 3092 2711 ἰδιαίτερον
3111 2635 3322 2699 θέσθαι,
3339 2630 3401 2690 τδ
3422 2635 3663 2705 αὐθέντης

2106 2732 2170 2804 δὴ
2197 2732 2278 2794 εἰς
2310 2730 2466 2783 τοῦτο
2495 2726 3031 2801 άλλοτριονομοῦντες
3076 2718 3487 2799 μετενηνόχασι.
3518 2723 3659 2777 Βασί-

2107 2823 2249 2887 λειος
2278 2820 2372 2876 οῦν
2408 2821 2516 2874 τῶν
2560 2821 2843 2893 ἡμετέρων
2888 2819 3218 2892 ἱεροφαντῶν
3261 2820 3357 2872 ἐπὶ
3403 2814 3660 2870 Ἰουλιανοῦ

2109 2916 2505 2987 αὐτοκράτορος
2547 2913 2835 2983 γενόμενος
2888 2911 3046 2982 ἀνὴρ,
3096 2905 3192 2963 καὶ
3232 2910 3333 2980 τὴν
3375 2909 3553 2979 φωνὴν
3578 2909 3658 2977 οὐχ

2107 3002 2269 3080 ἦττον
2306 3006 2464 3079 ἢτὴν
2500 3006 2737 3060 διάνοιαν
2786 3002 3221 3074 κεκοσμημένος,
3276 3002 3347 3056 τὰ
3389 2996 3485 3055 τοῦ
3536 3000 3663 3054 θείου

443 3101 594 3155 mille
649 3105 824 3155 annos
871 3088 1190 3169 bujusmodi
1247 3097 1599 3169 signiﬁcatio,
1655 3105 2007 3168 posteaquam

2111 3098 2425 3169 Πνεύματος
2446 3097 2756 3168 χαρίσματα
2781 3094 2841 3148 οὐ
2869 3092 3274 3164 λειτουργικῶς,
3308 3088 3424 3146 ἀλλ’
3452 3110 3470 3144 ι
3498 3091 3661 3146 αὐθεν-

444 3192 616 3249 Graeci
656 3196 780 3247 cum
815 3189 1080 3247 Romanis
1118 3199 1406 3248 versantes
1445 3199 1808 3262 perceperunt
1853 3206 2010 3245 suam

2111 3190 2278 3254 τικῶς
2308 3209 2325 3239 ι
2355 3188 2599 3258 γίνεσθαι
2631 3188 2800 3256 λέγει.
2827 3185 2939 3241 Καὶ
2979 3186 3231 3248 Συνέσιος
3260 3185 3545 3255 φιλόσοφος
3572 3181 3662 3236 τῶν
3733 3192 3736 3195 ⁷

446 3283 683 3354 linguam
725 3282 904 3336 adhuc
934 3282 1181 3352 indigere
1221 3282 1444 3337 nomine
1480 3281 1608 3335 huic
1659 3279 1868 3335 nomini
1910 3276 2012 3333 La-

440 3376 557 3431 tino
590 3393 608 3427 (
637 3380 829 3428 auctor
857 3393 877 3426 ι
912 3373 1300 3444 respondente,
1324 3372 1471 3444 quod
1501 3373 1760 3443 majorem
1786 3372 2013 3427 haberet

444 3484 579 3522 usus
616 3467 1032 3537 proprietatem.
1080 3465 1158 3519 Ita
1201 3466 1343 3521 enim
1390 3467 1589 3530 coacti,
1623 3475 1683 3519 ut
1712 3465 2015 3520 verisimile

441 3566 546 3622 est,
577 3550 656 3613 rei
686 3550 885 3613 crebro
921 3556 975 3611 in
1027 3572 1188 3612 usum
1220 3556 1493 3612 venientis
1522 3558 1698 3626 magis
1729 3555 2010 3627 proprium

442 3664 641 3705 nomen
668 3650 970 3718 imponere.
1005 3646 1111 3702 hoc
1140 3655 1288 3702 certe
1309 3663 1510 3703 nomen
1539 3647 1830 3703 authentes
1859 3646 1914 3701 in
1947 3644 2014 3700 il-

441 3740 538 3796 lud
568 3741 1029 3805 transmutarunt,
1063 3738 1345 3793 imitantes
1379 3738 1613 3792 alienam
1643 3738 1834 3807 legem.
1867 3737 2015 3792 Basi-

442 3832 553 3885 lius
608 3832 793 3899 itaque
844 3844 987 3884 unus
1042 3845 1074 3884 e
1105 3830 1312 3884 nostris
1357 3829 1732 3899 pontiﬁci-bus,
1769 3833 2014 3899 tempore

444 3918 794 3991 imperatoris
821 3914 1047 3978 Iuliani.
1091 3919 1178 3973 vir
1222 3928 1333 3974 non
1370 3919 1552 3973 minus
1582 3918 1802 3989 eloquio
1847 3933 2013 3989 quam

444 4017 560 4072 acri
585 4014 920 4086 cogitatione
950 4014 1233 4084 praeditus,
1264 4014 1408 4069 dona
1451 4011 1690 4083 Spiritus
1721 4014 1896 4069 sancti
1926 4012 2013 4067 di-

442 4109 519 4163 cit
552 4123 663 4163 non
697 4106 813 4162 fieri
858 4110 956 4178 per
990 4107 1379 4172 ministerium,
1424 4106 1522 4161 sed
1559 4125 1577 4157 ι
1603 4106 1958 4162 authentice:
1989 4123 2008 4155 ι

442 4200 499 4255 id
533 4207 639 4264 est,
670 4215 778 4255 non
812 4215 843 4254 a
869 4201 1125 4255 ministro
1157 4200 1298 4262 dari,
1327 4198 1422 4254 sed
1451 4200 1519 4253 ab
1543 4208 1792 4254 auctore.
1818 4197 1885 4254 Et
1915 4197 2016 4268 Sy-

445 4296 636 4351 nesius
681 4294 1041 4365 philosophus
1089 4293 1495 4349 eruditissimus
1555 4292 1650 4363 qui
1700 4291 1804 4346 fuit
1851 4291 2015 4361 paulo

446 4395 569 4459 post
614 4387 927 4444 Theodosio
976 4386 1317 4457 imperante,
1372 4385 1722 4455 interrogans
1778 4382 2015 4454 patriar-

2110 3282 2451 3351 λογιωτάτων
2479 3279 2671 3351 μικρὸν
2702 3278 2927 3349 ὕστερον
2952 3276 3045 3330 ἐπὶ
3087 3275 3394 3338 Θεοδοσίου,
3421 3272 3661 3327 πυνθανό-

2115 3392 2273 3445 μενος
2323 3372 2662 3445 πατριάρχου
2714 3369 2996 3440 Θεοφίλου,
3031 3371 3080 3421 εί
3123 3369 3228 3440 χρὴ
3275 3367 3517 3438 νομίζειν
3560 3363 3661 3419 ὲπὶ-

2114 3484 2313 3520 σκοπον
2348 3463 2693 3536 Ἀλέξανδρόν
2724 3481 2865 3528 τινα,
2893 3461 3339 3535 χειροτονηθέντα
3366 3461 3472 3514 ὐπὸ
3511 3458 3667 3512 Ἰωάνα

2111 3578 2201 3614 νου
2237 3559 2331 3612 τοῦ
2367 3558 2504 3629 μετὰ
2525 3557 2695 3611 ταῦτα
2730 3555 3074 3628 νομισθέντος
3103 3554 3281 3623 ἁγίου,
3304 3538 3666 3620 καῖὲπονομα-

2115 3651 2329 3712 σθέντος
2365 3648 2769 3720 Χρυσοστόμου,
2803 3647 2924 3701 τότε
2965 3646 3053 3699 διά
3085 3662 3212 3700 τινα
3256 3643 3542 3715 συμϐᾶσαν
3571 3642 3656 3694 δια-

2114 3743 2288 3814 φορὰν
2345 3742 2438 3795 καὶ
2498 3741 2684 3794 στάσιν
2742 3738 2851 3793 τῶν
2915 3737 3250 3809 Ἐκκλησιῶν
3304 3733 3666 3807 ἀφωρισμένον

2113 3835 2303 3906 γνώμῃ
2362 3834 2643 3905 συνοδικῇ,
2700 3824 2791 3887 ὧδ’
2832 3832 3115 3902 ὲπιφέρει”
3159 3849 3178 3882 ι
3204 3830 3348 3901 Πρὸς
3393 3828 3422 3881 ὃ
3468 3829 3546 3882 δεῖ
3585 3824 3666 3896 τὴν

2114 3926 2401 3979 αὐθεντίαν
2443 3926 2541 3997 τῆς
2591 3923 2951 3992 ἀποσωλικῆς
3001 3921 3253 3992 διαδοχῆς
3293 3918 3667 3991 ἀποκρίνασθαι

2115 4017 2301 4081 ἁπλῶς
2340 4019 2433 4070 καὶ
2482 4017 2687 4086 σαφῶς.
2734 4035 2753 4067 ι
2801 4016 2873 4068 Οὐ
2914 4014 3019 4084 μὴν
3062 4011 3203 4066 ἀλλὰ
3247 4013 3345 4065 καὶ
3395 4011 3665 4080 Ῥωμαῖοι.

2114 4109 2189 4173 ὡς
2231 4107 2573 4179 Πλούταρχος
2612 4106 2831 4178 ἱστορεῖ,
2865 4108 2965 4177 τὴν
3010 4107 3090 4168 είς
3133 4105 3260 4174 τρία
3304 4103 3563 4174 διαίρεσιν
3588 4095 3669 4151 τ’σό

2119 4198 2285 4269 μηνὸς
2328 4192 2460 4269 πρὸς
2504 4194 2601 4260 τὰς
2660 4194 2921 4267 μεγίστας
2964 4198 3115 4267 τρεῖς
3158 4194 3423 4265 διαφορὰς
3463 4196 3557 4264 τῆς
3599 4206 3671 4242 σε-

2115 4292 2282 4364 λήνης
2334 4290 2655 4360 τυγχάνουσι
2714 4289 2973 4359 πρότερον
3039 4286 3434 4357 πεποιηκότες·
3488 4280 3669 4339 Καλέν-

2115 4384 2211 4447 δας
2254 4383 2354 4454 μὲν
2395 4382 2495 4452 τὴν
2544 4376 2837 4451 νουμηνίαν
2887 4377 3253 4441 καλέσαντες,
3301 4380 3385 4431 ὅτι
3436 4376 3559 4448 περὶ
3590 4372 3670 4441 τὴν

447 4482 603 4536 cham
636 4467 1021 4550 TbeOphiluni,
1056 4494 1125 4533 an
1155 4486 1405 4550 oporteat
1424 4477 1798 4533 Alexandrum
1825 4489 2010 4545 quem-

2121 4474 2334 4529 σύνοδον
2378 4468 2511 4526 οὖσα
2542 4471 2653 4525 τόθ’
2689 4472 2722 4541 ἡ
2774 4470 2966 4542 σελήνη
3022 4468 3214 4541 ὥσπερ
3250 4467 3496 4538 λέληθεν,
3522 4461 3674 4516 ἐπιλε-

448 4573 572 4628 dam
610 4573 930 4628 existimare
959 4573 1301 4641 episcopum,
1332 4571 1387 4625 in
1432 4569 1817 4640 episcoporum
1862 4558 2016 4620 ordi-

450 4679 572 4718 nem
608 4662 927 4733 adOptatum
957 4653 1026 4717 ab
1055 4661 1287 4726 Joanne,
1324 4662 1417 4731 qui
1450 4666 1638 4731 postea
1680 4658 1824 4713 inter
1860 4656 2017 4712 divos

448 4754 677 4817 relatus,
726 4760 782 4810 et
831 4752 1260 4825 Chrysostomus
1304 4751 1728 4822 cognominatus
1768 4752 1891 4805 est:
1923 4744 2019 4804 sed

447 4857 578 4900 tunc
625 4846 850 4916 propter
902 4843 1195 4914 quamdam
1242 4842 1642 4898 contentionem
1691 4849 1746 4897 et
1798 4840 2023 4896 seditio-

450 4946 572 4993 nem
620 4937 690 4992 ab
736 4936 1001 4992 Ecclesiis
1050 4937 1117 4991 de
1166 4935 1386 4990 concilii
1441 4934 1714 4990 sententia
1759 4933 2020 4990 exclusus

450 5038 568 5088 erat
594 5049 607 5083 :
634 5030 714 5085 sic
745 5028 911 5084 infert
939 5047 952 5083 :
990 5047 1006 5078 ι
1040 5028 1119 5081 Ad
1142 5027 1289 5096 quod
1321 5042 1459 5095 opus
1488 5033 1572 5079 est
1600 5025 1962 5083 authentiam,
1996 5041 2014 5074 ι

452 5110 505 5175 ill
534 5128 640 5185 est,
674 5140 691 5173 ι
723 5121 1110 5175 auctoritatem
1149 5118 1522 5174 successionis
1548 5117 1863 5187 apostolica:
1888 5115 2021 5171 sim-

454 5213 685 5282 pliciter,
730 5220 783 5267 et
836 5218 1021 5280 aperte
1079 5210 1406 5265 sententiam
1464 5208 1624 5263 l’erre.
1657 5228 1675 5260 ι
1730 5207 2021 5261 Enimvero

456 5304 618 5355 etiam
649 5290 914 5366 Romani;
934 5310 993 5355 ut
1029 5300 1223 5356 scribit
1248 5295 1599 5366 Plutarchus,
1638 5300 1784 5352 illam
1817 5297 2021 5352 mensis

453 5396 780 5465 divisionem
820 5396 1153 5465 tripertitam
1199 5395 1265 5449 ad
1298 5403 1413 5449 tres
1445 5394 1715 5447 maximas
1746 5393 1888 5445 luna:
1914 5390 2024 5444 dif-

452 5461 714 5541 ferentia‘s
749 5461 1018 5549 iecerunt,
1053 5475 1326 5540 Kalendas
1367 5484 1706 5538 novilunium
1742 5483 2022 5553 appellans

455 5588 558 5640 tes,
591 5577 739 5647 quod
766 5588 882 5632 tum
920 5580 1051 5633 luna
1091 5580 1147 5634 in
1193 5579 1343 5634 coitu
1379 5578 1681 5640 exsistens,
1725 5577 1882 5647 quasi
1927 5591 2022 5631 oc-

457 5669 603 5721 eulta
658 5670 730 5723 sit
780 5668 997 5738 penitus
1047 5670 1258 5724 defecta
1309 5669 1561 5723 lumine;
1594 5669 1772 5721 «clam
1804 5690 1821 5719 ι
1876 5668 2021 5723 enim

457 5752 720 5815 Romanis
765 5761 998 5814 latenter
1040 5761 1335 5832 signiﬁcat,
1386 5760 1531 5816 unde
1575 5753 1845 5816 Kalendas
1890 5761 2019 5815 dicit

2119 4567 2365 4630 λοιπότος
2395 4565 2459 4636 δὴ
2492 4564 2770 4628 παντελῶς
2811 4562 2902 4618 τοῦ
2938 4562 3143 4632 φωτὸς·
3198 4560 3259 4614 τδ
3296 4560 3407 4631 γάρ
3436 4578 3455 4609 ι
3489 4556 3623 4625 κλὰμ
3653 4570 3667 4601 ι

2130 4652 2422 4729 Ῥωμαίοις
2449 4656 2510 4708 τὸ
2537 4654 2710 4725 λάθρα
2745 4650 3108 4722 διασημαίνει,
3142 4649 3266 4704 ὅθεν
3298 4647 3398 4711 τὰς
3422 4642 3674 4701 Καλένδας

2120 4746 2429 4820 ὠνομάσθαι
2473 4748 2627 4817 φησί.
2660 4743 2852 4807 Νώνας
2880 4741 2957 4806 δὲ,
2988 4741 3117 4795 ὅταν
3146 4738 3465 4809 καταφανὴς
3486 4734 3675 4806 πρῶτον

2122 4842 2214 4896 ἐπὶ
2237 4840 2455 4912 δυσμῶν
2474 4839 2688 4910 γίνηται
2721 4835 2813 4890 νέα
2831 4852 2843 4864 ’
2869 4834 3054 4896 Εἰδοὺς
3082 4832 3161 4893 δὲ,
3192 4833 3344 4893 ὅταν,
3368 4826 3674 4892 πανσέληνος

2121 4932 2276 4997 οὖσα,
2310 4931 2650 5005 εὐειδεστέρα
2692 4928 2789 5000 τὴν
2833 4928 2953 4997 ὄψιν
3092 4923 3231 4978 Ἀλλ’
3262 4924 3415 4994 ὅμως
3443 4920 3674 5005 ὕστερον’

2124 5022 2321 5087 καίτοι,
2353 5024 2473 5079 καθ’
2504 5003 2653 5094 ἥλιον
2692 5024 2916 5092 ἄγοντες
2954 5018 3082 5081 τοὺς
3127 5016 3325 5088 μῆνας,
3356 5013 3553 5085 ὁμοίως
3577 5003 3675 5076 ὁρί-

2123 5120 2305 5182 ζοντες
2336 5117 2426 5169 τὸν
2456 5115 2664 5186 χρόνον.
2700 5112 2995 5175 Καλένδας,
3020 5107 3115 5163 καὶ
3141 5106 3360 5171 Νώνας,
3391 5105 3483 5158 καὶ
3514 5097 3678 5155 Εἰδοὺς

2123 5210 2203 5263 ἔτι
2238 5208 2511 5267 καλοῦσιν.
2569 5208 2795 5279 ὀνόμασι
2855 5204 3267 5275 καταχρώμενοι
3310 5196 3391 5264 οἷς
3438 5195 3678 5269 πρότερον

2123 5303 2345 5369 ἄγοντες
2389 5300 2531 5354 κατὰ
2584 5300 2812 5370 σελήνην
2865 5295 3100 5368 ἐχρῶντο
3145 5292 3371 5365 κυρίως.
3419 5287 3582 5345 Οὐθὲν
3624 5279 3679 5370 δὴ

2124 5395 2321 5448 ἄτοπον
2352 5392 2459 5445 οὐδ’
2495 5394 2646 5463 ἡμῖν,
2696 5369 2743 5443 εί
2792 5390 3073 5459 ἱστάμενον
3125 5381 3413 5455 λέγοιμεν,
3450 5379 3543 5433 καὶ
3578 5369 3681 5442 φθί-

2124 5490 2304 5546 νοντα,
2338 5485 2413 5555 μὴ
2447 5484 2588 5538 κατὰ
2618 5483 2847 5555 σελήνην
2879 5482 2976 5541 ἔτι,
3021 5478 3160 5534 ἀλλὰ
3188 5477 3333 5532 κατὰ
3356 5476 3506 5547 ἥλιον
3536 5474 3681 5536 ἄγονα

2122 5594 2232 5639 τες.
2275 5577 2557 5645 Ἀνάλογον
2601 5576 2782 5629 τοίνυν
2829 5578 2956 5646 ἡμῖν
2997 5573 3107 5640 ἔξει
3147 5572 3414 5641 νουμηνία
3452 5569 3549 5639 μὲν
3579 5561 3682 5620 ταῖς

2124 5666 2439 5731 Καλένδαις,
2476 5669 2536 5721 τὸ
2582 5667 2637 5720 δὲ
2696 5667 2977 5735 ἱστάμενον
3021 5663 3097 5732 τῷ
3153 5664 3261 5734 πρὸ
3293 5661 3517 5722 Νωνῶν,
3556 5651 3678 5708 τὸδὲ

2126 5757 2214 5809 ἐπὶ
2244 5758 2372 5812 δέκα
2409 5759 2485 5829 τῷ
2515 5759 2616 5830 πρὸ
2646 5758 2835 5821 Είδῶν,
2864 5756 2923 5809 τὸ
2949 5755 3004 5808 δὲ
3038 5754 3223 5825 φθῖνον
3255 5752 3334 5825 τῷ
3354 5752 3460 5821 πρὸ
3491 5748 3681 5804 Καλενο
