3800 6338
145 321 281 380 1205

1098 330 1446 389 Τιιεοῡοίιι
1488 331 1695 390 GAZIE
1736 334 1939 390 LIBER
1976 335 2066 390 DE
2111 335 2479 393 MENSIBUS.

3256 338 3399 397 1206

140 441 262 495 δῶν.
305 442 400 508 ἀς
427 443 474 499 δ’
499 446 633 517 ἡμῖν
658 445 841 501 οὐκέτι
870 447 1141 520 χρήσιμος
1166 449 1261 521 ἔνη
1292 450 1386 503 καὶ
1413 449 1530 514 νέα,
1554 449 1728 515 οὕτως

1830 452 2149 524 appellatas.
2192 451 2380 509 Nonas
2407 458 2613 521 aut-2m,
2649 453 2871 526 quando
2910 454 3146 526 primum
3196 455 3264 509 ad
3300 471 3397 511 oc-

138 536 255 590 οῠδὲ
290 537 589 607 Ῥωμαίοις
634 539 694 592 τὸ
738 539 1148 611 Ἱντερλούνιον·
1185 540 1285 613 τὴν
1332 541 1442 613 γὰρ
1489 541 1721 613 ἡμέραν,

138 625 204 703 ἧς
233 628 293 685 τὸ
320 631 420 703 μὲν
449 629 527 703 τῷ
549 632 767 705 λήγοντι
792 633 945 705 μηνὶ,
966 634 1027 689 τὸ
1053 635 1109 689 δὲ
1141 634 1217 706 τῷ
1241 634 1528 707 ἀρχομένῳ
1552 653 1723 708 προσ-

140 725 259 797 ήκει
306 724 453 779 κατὰ
503 725 752 797 σελήνην,
786 727 1044 798 Ῥωμαῖοι
1074 726 1218 781 οὕτω
1248 727 1499 783 καλοῦσι.
1537 727 1723 782 Ταῦτα

145 814 239 885 μὲν
268 813 334 886 δὴ
357 814 503 868 οὕτω
537 814 925 888 λαμϐανόμενα
962 812 1021 870 εὖ
1051 816 1118 870 ἂν
1147 816 1279 888 ἔχοι.
1322 818 1436 871 Οὐκ
1466 817 1532 871 ἂν
1562 818 1725 886 ἀφαι-

144 907 313 977 ρεῖται
352 906 397 959 δ’
425 906 455 959 ὀ
488 905 644 975 λόγος
672 904 793 960 οὐδὲ
839 906 1055 971 ἰδιώτας
1085 908 1183 980 τὴν
1232 907 1341 962 τῶν
1377 909 1598 981 ἡμερῶν
1622 908 1724 979 τῆς

140 1002 369 1073 σελήνης
399 1002 627 1072 γνῶσιν,
654 1004 848 1057 ὁπόσαι
881 1003 1163 1059 ἑκάστοτε.
1195 1004 1335 1058 Πολὺ
1365 1006 1472 1079 γάρ
1498 1023 1551 1058 τι
1582 1022 1723 1077 συμ-

139 1092 392 1147 ϐάλλεται
415 1095 496 1159 εἰς
519 1094 666 1149 τοῦθ’
689 1098 727 1167 ή
745 1095 852 1148 τῶν
875 1094 1099 1167 ἡμερῶν
1123 1095 1218 1149 τοῦ
1240 1094 1361 1150 καθ’
1377 1095 1527 1167 ἥλιον
1555 1096 1725 1167 μηνὸς

137 1186 339 1258 εἰδησις
362 1203 377 1218 ⁶
407 1188 502 1241 καὶ
535 1188 715 1260 ῥᾴδιον
748 1186 1091 1260 προστιθέντι
1127 1191 1247 1253 ταῖς
1283 1190 1549 1253 έπακταῖς
1577 1188 1726 1261 εὑρι-

141 1299 291 1337 σκειν
312 1281 407 1336 τὸν
448 1282 700 1356 ἀριθμόν.
735 1283 808 1337 Τὸ
838 1284 883 1337 δ’
920 1283 1146 1355 ἁκριὸὲς
1179 1285 1278 1338 οὐκ
1309 1283 1638 1355 ἀπαιτητέον
1666 1285 1723 1337 ὲν

135 1376 366 1441 τούτοις.
407 1375 676 1431 Ἐπακταὶ
707 1377 791 1447 ἐφ’
826 1368 872 1446 ᾧ
900 1379 954 1431 ατ
990 1376 1223 1448 ἀριθμὸς
1263 1377 1487 1449 ἡμερῶν
1531 1378 1728 1445 ἐπαγο-

139 1466 314 1539 μένων
364 1467 597 1540 ήλιακοῦ
659 1470 826 1541 μηνὸς
848 1509 864 1535 ,
921 1471 1006 1541 ἐφ’
1040 1460 1085 1539 ᾧ
1125 1470 1191 1541 β’.
1234 1471 1491 1545 ’Δριθμὸς
1541 1469 1725 1543 μηνῶν

137 1560 499 1631 ἐπαγομένων
533 1562 803 1627 ἐνιαυτοῦ,
843 1562 954 1617 ἀπὸ
988 1562 1370 1635 Μουνυχιῶνος
1396 1563 1723 1635 ἀρχομένου,

136 1652 219 1721 ἐφ’
248 1646 295 1721 ᾧ
326 1660 399 1721 γ’.
437 1653 724 1724 Γινόμενος
765 1654 996 1727 ἀριθμὸς
1040 1657 1105 1709 ὲκ
1144 1655 1253 1711 τῶν
1287 1662 1356 1719 α’,
1391 1656 1458 1726 β’,
1499 1663 1549 1725 γ’
1588 1656 1725 1729 ὁμοῦ

135 1745 470 1818 ληφθέντων,
500 1747 586 1816 ἐφ’
614 1739 660 1815 ᾧ
704 1746 767 1800 δ’.
798 1748 1109 1820 Ὑπερέχων
1148 1747 1258 1803 τῶν
1290 1749 1603 1820 τριάκοντα,
1637 1750 1723 1819 ἐφ’

136 1814 196 1907 ᾧ*
217 1814 279 1890 ε’.
324 1814 603 1910 ’Υπεροῂ
634 1814 725 1907 ἐφ’
753 1832 798 1908 ᾧ
843 1837 911 1903 ζ’.
935 1814 1183 1912 ⁷Σέλήνης
1229 1814 1455 1912 ήμέρῶν
1494 1814 1727 1912 ἀριθμος
1760 1814 1801 1870 Β

134 1929 517 2001 ἐπαγομένων,
545 1930 630 2000 ἐφ’
654 1923 699 1999 ᾧ
730 1937 801 2002 η’.
830 1929 903 1986 Τὸ
932 1930 997 2003 δὴ
1034 1931 1077 1984 δ’
1105 1931 1256 1987 ἔσται
1286 1933 1399 1987 ἶσον
1420 1932 1499 2005 τῷ
1530 1939 1599 2004 η’,
1629 1934 1726 1987 ἐὰν

137 2020 210 2090 μὴ
236 2021 300 2074 τὸ
331 2026 374 2073 ε’
408 2020 632 2094 ὑπάρχῃ
669 2022 748 2093 τῷ
774 2022 838 2078 δ’.
880 2023 1007 2077 Ἐὰν
1045 2024 1091 2078 δ’
1125 2023 1367 2097 ὑπάρχῃ,
1403 2024 1465 2077 τὸ
1498 2024 1541 2089 ζ’
1572 2024 1725 2078 ἔσται

135 2108 248 2164 ἴσον
273 2108 356 2181 τῷ
381 2109 446 2164 δ’.
487 2108 562 2163 Τὸ
600 2110 657 2163 δὲ
687 2116 737 2164 α’
772 2109 1003 2182 ληπτέον
1026 2111 1126 2165 ὅτι
1163 2110 1331 2165 ἐστίν.
1369 2110 1573 2164 Ἱκανὸν
1616 2108 1727 2181 γὰρ

132 2201 208 2266 ὡς
241 2200 384 2273 πρὸς
411 2201 541 2265 τοὺς
560 2200 788 2266 πολλοὺς
814 2200 876 2257 τὸ
896 2202 925 2256 ὅ
947 2220 1020 2259 τι.
1048 2203 1203 2257 Ἔστι
1231 2203 1277 2257 δ’
1306 2202 1416 2275 ἄρα
1435 2202 1606 2257 εἴκοσι
1631 2204 1728 2257 καὶ

132 2292 278 2347 ὀκτὼ
304 2291 402 2347 τοῦ
428 2292 526 2348 νῦν
553 2295 819 2367 παρόντος
844 2293 1148 2367 ήραρχικοῦ
1175 2294 1349 2360 ἔτους.
1383 2293 1730 2360 Ἐπαυξέσθω

132 2385 190 2439 δὲ
217 2384 343 2439 καθ’
390 2385 624 2442 ἕκαστον
670 2387 789 2453 ἔτος
834 2387 1134 2459 ήραρχικὺν
1173 2386 1465 2458 προσθέσει
1505 2387 1613 2441 τῶν
1644 2387 1732 2440 ἓν-

133 2474 287 2530 δεκα.
325 2477 438 2530 Καὶ
463 2477 686 2533 ἐπειδὰν
716 2478 823 2531 τῶν
853 2478 1144 2548 τριάκοντα
1177 2480 1442 2551 ὑπερέχῃ,
1489 2478 1731 2551 εἰλήφθω

133 2567 168 2636 ἡ
197 2566 446 2639 ὑτπτεροὶίὴ
478 2573 547 2621 α’.
583 2568 692 2621 Ka‘t
723 2566 866 2620 οὕτω
891 2566 956 2638 δὴ
992 2565 1282 2632 ὲπαύξοντι
1316 2569 1425 2622 αἰεὶ
1453 2568 1547 2622 καὶ⁵
1587 2569 1732 2640 λαμ-

136 2658 354 2712 ϐάνοντι
396 2659 631 2731 ληπτέον
664 2660 725 2714 τὸ
761 2667 833 2717 α’.
880 2661 1182 2732 Πρόσθεσις
1226 2660 1311 2731 ἐφ’
1346 2653 1391 2730 ᾧ
1431 2659 1496 2716 θ’.
1536 2659 1731 2732 Ἑτέρα

138 2750 383 2823 ὑπεροχὴ
417 2751 505 2821 ἐφ’
541 2746 588 2821 ᾧ
634 2750 685 2805 ι’.
729 2753 1179 2825 Προσληφθέντος
1214 2753 1279 2818 δὴ
1326 2752 1419 2807 τοῦ
1461 2753 1505 2806 θ’
1538 2752 1617 2824 τῷ
1655 2760 1727 2818 α’,

139 2845 291 2899 ἔσται
320 2846 383 2899 τὸ
414 2851 485 2910 α’,
508 2845 586 2909 ὡς
616 2846 774 2901 ἐννέα
816 2846 910 2900 τοῦ
946 2846 1189 2911 ἐπιόντος
1212 2844 1517 2918 ὴραρχικοῦ
1542 2846 1694 2910 ἔτους
1712 2865 1725 2877 ο

139 2939 233 2991 καὶ
261 2937 427 2992 πάλιν
485 2937 945 3010 προσληφθέντος,
983 2938 1135 2991 ἔσται
1173 2938 1249 3003 ὡς
1291 2937 1464 2992 εἴκοσι
1507 2936 1599 2990 τοῦ
1634 2939 1733 3007 ἐφ-

140 3031 266 3102 εξῆς
315 3032 506 3095 ἕτους’
552 3026 767 3095 εἴταὼς
817 3031 914 3102 μία
962 3030 1057 3085 τοῦ
1100 3030 1238 3102 μετὰ
1273 3029 1462 3084 ταῦτα.
1505 3030 1579 3083 Τὸ
1620 3031 1731 3102 γὰρ

144 3129 173 3173 ι’
200 3123 266 3193 δὴ
295 3122 373 3187 ὡς
406 3123 528 3194 μία.
576 3123 687 3176 Καὶ
730 3121 903 3186 οὕτως
931 3122 1049 3176 ἀεί·
1082 3120 1643 3193 ὲπιστημονικώτερον
1671 3122 1730 3175 δὲ

140 3201 263 3263 ὦδε.

1824 561 2015 602 casum
2044 545 2347 616 conspicua
2382 560 2523 600 nova
2557 544 2635 600 ﬁt.
2663 546 2813 607 ldus.
2845 547 3067 617 quando
3091 545 3203 617 jam
3239 546 3399 615 pleno

1822 638 1955 693 orbe
1986 637 2155 694 facies
2186 636 2484 693 formosior
2525 637 2889 708 conspicitur.
2942 637 3051 693 Sed
3079 646 3265 692 tamen
3303 652 3401 707 po-

1822 736 1940 787 stea
1990 729 2179 792 etiam,
2211 731 2463 800 quamvis
2514 744 2733 787 menses
2779 730 2848 785 ad
2892 730 3065 785 solem
3103 728 3398 795 deducant,

1820 830 2037 893 tempus
2099 820 2355 876 similiter
2404 820 2741 887 dividentes,
2807 819 3122 886 Kalendas,
3174 818 3395 885 Nonas,

1822 912 1987 979 ldus,
2046 913 2344 969 etiamnum
2399 920 2631 981 vocant,
2690 911 3007 969 nominibus
3054 911 3396 968 abutentes:

1822 1007 2023 1076 quibus
2068 1013 2227 1060 antea
2261 1005 2329 1059 ad
2363 1004 2507 1059 luna:
2548 1018 2774 1060 cur-sum
2809 1003 3028 1074 proprie
3077 1002 3396 1058 utebantur.

1824 1092 1944 1148 Non
1976 1092 2142 1164 igitur
2172 1091 2469 1149 absurdum
2497 1092 2683 1158 fuerit,
2715 1092 2762 1148 si
2794 1108 2895 1149 nos
2928 1107 3148 1163 quoque
3179 1092 3399 1147 instan-

1824 1192 1933 1241 tem
1975 1192 2029 1241 et
2072 1184 2407 1255 prazcipitem
2456 1183 2778 1250 dixerimus,
2837 1200 2948 1241 non
2992 1185 3061 1240 ad
3097 1185 3241 1240 lunae
3283 1200 3401 1240 am-

1824 1279 1994 1350 plius,
2023 1279 2119 1334 sed
2146 1277 2215 1332 ad
2243 1277 2377 1333 solis
2409 1276 2749 1332 curriculum
2781 1284 3025 1348 tempora
3060 1278 3396 1348 digerentcs.

1824 1371 2190 1442 Proportione
2239 1370 2427 1440 itaque
2461 1367 2604 1439 apud
2652 1383 2755 1425 nos
2792 1368 3147 1440 respondebit
3179 1382 3400 1423 neome-

1825 1463 1917 1518 nia
1950 1460 2212 1517 Kalendis
2240 1457 2536 1525 Romanis;
2573 1460 2791 1515 instans
2825 1475 2976 1527 vero,
3013 1468 3068 1515 et
3106 1474 3275 1531 supra
3303 1457 3400 1513 de-

1825 1567 1966 1617 cem,
2000 1559 2055 1608 et
2081 1565 2349 1622 praeceps,
2384 1566 2482 1607 seu
2512 1549 2793 1617 desinens,
2822 1552 2933 1607 illis
2962 1550 3179 1617 dicendi
3218 1549 3400 1605 modis

1825 1644 2077 1710 Latinis,
2093 1642 2465 1723 anteONonas,
2492 1651 2620 1700 ante
2649 1644 2799 1709 ldus,
2834 1652 2960 1700 ante
2989 1642 3282 1701 Kalendas.
3326 1641 3401 1698 lit

1827 1753 1959 1795 vero
1991 1737 2153 1794 nobis
2180 1754 2291 1794 nou
2322 1739 2561 1809 amplius
2591 1754 2726 1796 usus
2754 1738 2981 1795 extremi
3021 1745 3078 1793 et
3109 1736 3295 1808 primi,
3319 1736 3402 1792 sic

1827 1844 1895 1885 ne
1926 1828 2191 1885 Romanis
2230 1830 2452 1901 quidem
2489 1832 2811 1897 interlunii;
2844 1830 2989 1886 diem
3027 1830 3173 1885 enim
3214 1826 3401 1896 (cuius

1827 1937 1958 1992 pars
1997 1922 2272 1979 desinenti
2305 1924 2506 1991 mensi,
2542 1938 2674 1996 pars
2700 1923 2987 1994 incipienti
3018 1921 3281 1993 competit
3307 1935 3399 1976 se—

1827 2016 2068 2071 cundum
2098 2016 2307 2086 lunam)
2346 2015 2577 2071 Romani
2617 2018 2692 2072 ita
2720 2025 2940 2073 vocant.
2975 2014 3099 2070 Haec
3133 2015 3297 2086 igitur
3322 2012 3405 2069 sic

1829 2113 2055 2176 accepta
2099 2106 2238 2165 bene
2291 2108 2516 2179 quidem
2575 2108 2832 2165 habeant.
2883 2107 3071 2179 Neque
3123 2120 3254 2162 vero
3315 2104 3406 2160 hie

1830 2212 2015 2252 sermo
2043 2199 2224 2269 privat
2256 2201 2444 2266 rudes,
2473 2208 2529 2257 et
2556 2201 2761 2258 idiotas
2793 2201 3006 2256 dierum
3036 2201 3181 2255 lunae
3217 2197 3407 2269 cogni-

1832 2290 1998 2349 tione.
2033 2300 2294 2362 quotnam
2319 2293 2534 2350 scilicet
2566 2293 2813 2364 quotidie
2840 2293 2973 2349 sint.
3008 2292 3236 2347 Multum
3259 2290 3405 2346 enim

1829 2384 1898 2438 ad
1926 2384 1979 2439 id
2007 2386 2270 2441 conducit
2291 2385 2507 2442 dierum
2539 2387 2740 2443 solaris
2770 2386 2979 2442 mensis
3008 2383 3238 2456 peritia;
3274 2381 3408 2437 laci-

1831 2475 2051 2547 liusque
2088 2485 2175 2533 est
2203 2492 2300 2533 eos
2341 2478 2461 2534 dies
2512 2480 2722 2549 epactis
2772 2478 3056 2549 adjicienti
3086 2474 3407 2547 huiusmodi

1832 2570 2076 2624 lunarem
2105 2585 2397 2626 numerum
2424 2571 2692 2627 invenire.
2739 2570 2923 2642 Atque
2955 2570 3045 2626 hic
3073 2586 3179 2626 non
3223 2568 3409 2640 requi-

1832 2663 2003 2719 renda
2031 2662 2251 2719 subtilis
2270 2673 2572 2734 exactaque
2606 2664 2912 2736 diligentia.
2945 2662 3161 2734 Epactae
3191 2661 3303 2718 sint
3324 2661 3406 2728 A;

1832 2772 2098 2812 numerus
2131 2756 2343 2812 dierum
2369 2757 2567 2812 solaris
2598 2758 2805 2813 mensis
2838 2757 3083 2812 seriatim
3118 2754 3410 2810 continua-

1835 2857 2016 2904 torum
2051 2849 2124 2906 sit
2152 2848 2235 2915 B;
2276 2866 2542 2907 numerus
2581 2851 2851 2907 mensium
2903 2849 3032 2904 anni
3065 2861 3412 2917 consequen-

1834 2942 1972 2995 tium
2005 2956 2035 2996 a
2076 2941 2270 2997 Martio
2299 2943 2519 3012 quidem
2568 2942 2886 3014 incipientis
2925 2942 2999 3007 C;
3039 2938 3311 2995 conﬂatus
3340 2953 3410 2992 ex

1834 3032 1900 3096 Α,
1931 3030 1994 3097 Β,
2025 3030 2065 3087 C
2100 3048 2387 3097 numerus,
2437 3033 2511 3088 sit
2549 3032 2625 3101 D;
2675 3050 2941 3089 numerus
2989 3032 3264 3088 excedens
3307 3030 3411 3084 tri-

1835 3124 1983 3193 ginta
2017 3124 2088 3179 sit
2116 3123 2195 3191 E;
2223 3140 2488 3181 excessus
2517 3126 2606 3181 ille
2634 3134 2858 3181 vocetur
2888 3124 2963 3191 F;
2996 3138 3261 3180 numerus
3295 3122 3411 3177 die-

1755 3208 1797 3264 C
1832 3230 1953 3268 rum
1999 3215 2143 3271 lunae
2186 3218 2646 3288 consequentium
2699 3221 2770 3272 sit
2810 3216 2879 3273 G.
2915 3216 3188 3273 Catcrum
3233 3214 3277 3269 ι)
3308 3213 3415 3270 erit

141 3306 319 3373 qualis
346 3306 416 3375 G,
457 3306 567 3363 nisi
603 3305 647 3361 E
694 3305 767 3363 sit
815 3305 878 3362 D.
935 3305 1091 3374 Quod
1147 3307 1193 3363 si
1241 3308 1336 3374 sit,
1369 3307 1410 3362 F
1476 3309 1582 3365 erit
1644 3311 1824 3380 qualis
1886 3310 1950 3364 D.
1986 3312 2034 3366 A
2068 3328 2217 3376 vero,
2256 3314 2310 3369 id
2354 3324 2439 3370 est
2483 3322 2805 3386 epactarum
2845 3329 3084 3379 summa,
3152 3327 3418 3382 quaecun-

141 3412 248 3473 que
278 3401 374 3465 sit,
412 3398 683 3455 sumenda
716 3408 820 3458 est.
856 3402 1065 3459 Sullicit
1089 3403 1235 3459 enim
1268 3405 1433 3476 vulgo
1486 3403 1579 3458 illa
1632 3421 1979 3478 quaecunque
2016 3409 2109 3463 sit.
2145 3408 2286 3464 Sunt
2353 3409 2539 3481 itaque
2587 3410 2783 3483 viginti
2827 3418 2955 3465 octo
3000 3417 3210 3480 epacta:
3266 3422 3410 3479 prm-

143 3494 313 3549 seutis
360 3494 495 3550 anni
537 3509 569 3548 a
607 3509 737 3550 vere
782 3496 1118 3567 incipientis.
1159 3495 1361 3553 Verum
1399 3505 1707 3566 augeantur
1753 3515 1851 3569 per
1875 3500 2124 3571 singulos
2154 3516 2332 3558 annos
2367 3488 2623 3558 similiter
2668 3518 2699 3558 a
2730 3518 2858 3559 vere
2898 3502 3247 3560 inchoantes.
3308 3499 3415 3555 ad—

143 3590 348 3644 ditione
384 3585 665 3642 undecim.
702 3585 767 3641 Et
801 3587 1023 3659 quando
1063 3588 1152 3643 hic
1192 3604 1459 3645 numerus
1490 3589 1715 3659 triginta
1764 3593 2089 3661 excesserit,
2118 3603 2371 3649 sumatur
2401 3595 2492 3651 ille
2537 3610 2805 3652 excessus
2838 3598 2905 3650 A.
2945 3594 3011 3649 Et
3049 3596 3131 3649 sic
3195 3607 3415 3665 semper

145 3683 361 3755 augenti
401 3690 459 3739 et
527 3683 820 3754 accipienti
867 3685 1194 3741 sumendum
1251 3692 1337 3740 est
1399 3685 1466 3739 A.
1514 3683 1659 3740 Fiat
1706 3687 1917 3742 additio
1962 3686 2029 3744 Η.
2085 3690 2240 3747 Alter
2287 3705 2553 3746 excessus
2597 3691 2671 3747 sit
2712 3692 2755 3761 Ι,
2801 3691 3081 3747 additione
3125 3689 3192 3755 11,
3250 3688 3418 3745 simul

145 3786 360 3849 sumpta
410 3793 538 3834 cum
572 3777 641 3843 Α,
675 3778 728 3833 id
780 3787 887 3846 est,
938 3795 1063 3835 cum
1108 3780 1302 3851 viginti
1351 3789 1477 3837 octo
1520 3781 1730 3852 epaetis
1770 3786 2058 3855 praesentis
2100 3786 2232 3841 anni
2287 3785 2366 3853 A,
2401 3803 2731 3844 excrescens
2774 3801 2986 3842 summa
3037 3787 3143 3841 erit
3204 3784 3423 3842 dierum

146 3884 338 3926 novem
371 3870 660 3941 sequentis
697 3872 825 3925 anni
856 3886 886 3926 a
915 3890 1045 3929 vere
1075 3873 1374 3929 inchoativi
1404 3893 1416 3929 :
1445 3883 1500 3930 et
1527 3891 1726 3933 rursus
1764 3877 1909 3933 facta
1942 3880 2242 3947 additione,
2279 3892 2444 3937 erunt
2471 3883 2663 3953 viginti
2699 3882 2860 3953 166
2916 3889 3125 3951 epacta:
3187 3892 3421 3950 sequen-

143 3963 220 4019 tis
268 3963 434 4030 anni;
482 3963 683 4019 deinde
733 3979 842 4019 una
892 3975 1083 4037 epacta
1123 3967 1252 4021 anni
1299 3967 1395 4039 qui
1437 3970 1717 4025 succedet.
1765 3970 1971 4030 [enim
2000 3989 2263 4032 excessus
2290 3976 2568 4032 secundus
2602 3992 2712 4031 una
2743 3977 3012 4031 duntaxat
3068 3984 3257 4046 epacta
3314 3983 3421 4030 est.

147 4056 215 4112 Et
248 4059 322 4115 ita
347 4057 578 4115 assidue
603 4058 730 4127 liat;
770 4060 1002 4130 peritius
1031 4077 1163 4118 vero
1190 4063 1290 4120 sic.

577 4178 627 4230 Ε
632 4175 833 4244 ὕρεσις
867 4176 989 4231 τῶν
1014 4178 1306 4233 ἐπακτῶν.

221 4290 333 4357 lq'.
352 4287 647 4363 Διῃρήσθω
690 4290 842 4363 παρὰ
873 4292 1227 4347 ὲνεακαίδεκα
1252 4294 1319 4348 τὰ
1339 4293 1446 4348 ἀπὺ
1467 4293 1730 4363 γενέσεως

2320 4178 2349 4233 1
2354 4179 2560 4234 urentia
2582 4187 2910 4249 epactarum.

1910 4288 2050 4343 XVI.
2094 4288 2420 4344 Dividantur
2453 4289 2581 4342 anni
2609 4304 2638 4342 a
2663 4289 2833 4342 natali
2862 4287 3179 4344 Christiano
3200 4305 3297 4360 per
3322 4304 3422 4345 no-

144 4379 243 4434 τοῦ
282 4381 418 4435 Θεοῦ
461 4382 785 4452 ἀπαγόμενα
823 4382 940 4452 ἔτη,
973 4385 1367 4456 προσκειμένου
1398 4387 1607 4455 τρύτοις
1638 4386 1730 4440 καὶ

1838 4384 2162 4451 vemdeeim,
2194 4383 2282 4438 bis
2323 4398 2433 4437 uno
2479 4383 2653 4437 altero
2689 4397 2832 4436 anno
2873 4383 3039 4437 etiam
3077 4382 3285 4438 addito.
3327 4382 3425 4438 Su-

148 4472 269 4537 ἑνὸς
307 4472 390 4528 ἔτι
432 4472 625 4542 ἑτέρου
670 4472 845 4537 ἔτους.
901 4474 1260 4547 Εἰλήφθωσαν
1289 4477 1346 4531 δὲ
1375 4479 1432 4531 αἱ
1468 4478 1609 4551 ὑπὲρ
1636 4480 1738 4544 τὰς

146 4562 608 4626 ὲνεακαιδεκάδας
642 4564 1056 4635 περιττεύουσαι
1084 4567 1305 4638 ἡμέραι,
1342 4569 1436 4623 καὶ
1463 4570 1738 4625 πολυπλα-

154 4654 539 4727 σιασθήτωσαν
591 4656 685 4710 ἐπὶ
733 4655 824 4712 τὸν
882 4657 1105 4712 ἕνδεκαο
1148 4656 1266 4714 εἶτα
1309 4661 1738 4735 διαιρεθήτωσαν

150 4749 309 4820 παρὰ
366 4749 683 4820 τριάκοντα.
737 4750 802 4803 Αἱ
852 4748 963 4821 γὰρ
1022 4751 1164 4823 ὑπὲρ
1205 4753 1305 4817 τὰς
1349 4755 1738 4827 τριακοντάδας

150 4838 632 4907 πλεονάζουσαιτὺ
657 4847 705 4894 α’
747 4843 803 4894 αἱ
837 4844 1073 4897 ὲπακταί
1101 4846 1257 4899 εἰσιν.
1286 4839 1430 4910 υἷον,
1461 4846 1607 4917 χίλια
1642 4847 1740 4918 μὲν

148 4932 249 4985 καὶ
274 4933 610 5005 τετρακόσια
643 4935 738 4987 καὶ
778 4934 1146 5007 ἐϐδομήκοντα
1181 4933 1277 4989 νῦν
1316 4936 1386 4989 τὰ
1414 4937 1521 4990 ἀπὸ
1546 4937 1743 5006 Θεογο-

150 5023 271 5087 νίας
296 5022 424 5095 ἐτη.
461 5022 819 5094 Προσκείσθω
849 5022 907 5077 δὲ
934 5023 1144 5087 τούτοις
1190 5025 1285 5077 καὶ
1320 5024 1398 5079 ἓν.
1434 5025 1741 5097 Διαιρεθέν-

154 5133 261 5169 των
300 5117 366 5189 δὴ
412 5115 625 5169 τούτων
654 5114 805 5187 παρὰ
852 5114 1239 5172 ὲνεακαίδεκα.
1280 5115 1438 5185 δῆλον
1479 5118 1561 5170 ὅτι
1599 5116 1743 5170 ὀκτὼ

150 5207 210 5257 αἱ
244 5203 665 5270 πλεονάζουσαι.
711 5205 1033 5276 Ληφθεισῶν
1069 5206 1125 5259 δὲ
1167 5205 1275 5257 τῶν
1320 5205 1464 5259 ὀκτὼ
1515 5206 1607 5260 ἐπὶ
1650 5209 1743 5261 τὸν

152 5294 366 5361 ἕνδεκα,
402 5296 742 5366 ὀγδοήκοντα
770 5298 863 5351 καὶ
894 5294 1037 5349 ὀκτὼ
1068 5296 1278 5365 γίνεται
1315 5297 1376 5350 τὸ
1409 5299 1472 5351 ὲκ
1513 5298 1739 5353 τούτων.

149 5388 534 5461 Διαιρεθέντος
564 5387 610 5440 δ’
636 5383 702 5443 αὖ
727 5388 916 5442 τούτου
949 5390 1029 5452 εἰς
1055 5388 1466 5460 τριακοντάδας,
1493 5390 1555 5443 τὸ
1582 5392 1742 5446 πλεο-

151 5482 499 5549 ῄζονηέσται
531 5480 705 5534 εἴκοσι
733 5482 827 5535 καὶ
863 5481 1026 5536 ὀκτώ.
1058 5479 1228 5535 Τοῦτο
1263 5481 1310 5533 δ’
1350 5477 1419 5553 ἦν
1447 5489 1495 5535 α’
1523 5483 1616 5537 τοῦ
1648 5483 1744 5539 νῦν

149 5574 425 5646 παρόντος
458 5572 713 5627 ἐνιαυτοῦ
730 5590 744 5604 ο
778 5573 1039 5644 ἀνάλογον
1064 5573 1121 5626 δὲ
1149 5574 1243 5628 καὶ
1270 5574 1333 5627 τὸ
1361 5574 1543 5628 λοιπὸν
1570 5577 1679 5629 αἰεὶ
1706 5579 1739 5648 ὴ

151 5663 368 5738 εὕρεσις
392 5665 554 5731 ἔσται
579 5662 678 5717 τοῦ
705 5671 777 5718 α’.
814 5664 982 5718 Πάλιν
1015 5666 1082 5736 δὴ
1120 5665 1213 5718 καὶ
1250 5664 1393 5719 οὕτω
1426 5665 1660 5721 λαϐὁντα
1684 5667 1744 5720 τὸ

154 5765 226 5824 α’,
252 5758 585 5831 προσθετέον
613 5756 760 5828 αὐτῷ
783 5757 844 5811 τὸ
868 5757 914 5828 β’
950 5758 1043 5813 καὶ
1069 5764 1137 5827 γ’·
1195 5758 1255 5811 τό
1291 5775 1347 5812 τε
1383 5757 1598 5813 σύνολον
1617 5759 1675 5813 τὸ
1702 5759 1743 5812 δ’

1840 4485 2064 4530 mantur
2090 4489 2220 4531 vero
2257 4473 2398 4538 dies,
2432 4473 2526 4544 qui
2558 4489 2622 4529 ex
2665 4488 2728 4528 ea
2757 4473 3032 4529 divisione
3064 4474 3207 4545 (qua:
3232 4476 3292 4527 tit
3325 4489 3425 4543 per

1842 4566 2243 4638 novemdecim)
2305 4573 2699 4636 supererunt:
2736 4573 2793 4621 et
2836 4565 3279 4636 multiplicentur
3328 4580 3427 4633 per

1843 4658 2122 4724 undecim,
2145 4655 2344 4712 deinde
2370 4656 2688 4711 dividantur
2718 4672 2816 4727 per
2861 4656 3107 4727 triginta.
3143 4654 3246 4721 Qui
3276 4663 3426 4710 certe

1843 4763 2011 4819 supra
2065 4748 2378 4804 tricesimas
2434 4748 2558 4804 illas
2601 4749 2720 4803 dies
2765 4748 3151 4812 remanebunt,
3207 4756 3336 4802 sunt
3379 4745 3426 4799 Α

1843 4848 2069 4911 epacta}.
2097 4839 2262 4896 Verbi
2286 4841 2487 4912 gratia,
2510 4856 2658 4895 nunc
2690 4855 2719 4893 a
2751 4839 2920 4895 natali
2956 4839 3274 4894 Christiano
3298 4848 3427 4895 sunt

1842 4933 1994 4987 mille
2024 4930 2415 5002 quadringenti
2441 4930 2794 5001 septuaginta
2821 4928 2975 4983 anni.
3005 4928 3318 4999 Adjiciatur
3341 4929 3428 4986 his

1846 5040 2007 5079 unus.
2057 5023 2156 5080 llis
2188 5039 2320 5095 ergo
2359 5039 2456 5094 per
2500 5022 2878 5078 novemdecim
2914 5021 3254 5085 distributis,
3305 5038 3432 5079 cer-

1842 5126 1959 5173 tum
1990 5124 2076 5172 est
2120 5126 2247 5171 octo
2291 5130 2573 5186 superare.
2609 5113 2861 5185 Sumptis
2900 5129 3030 5169 vero
3059 5113 3146 5169 bis
3189 5123 3336 5180 octo,
3374 5126 3431 5172 et

1845 5221 1941 5276 per
1976 5204 2231 5259 undecim
2278 5204 2680 5275 multiplicatis,
2708 5204 2805 5275 qui
2836 5203 3128 5259 conﬁcitur
3166 5205 3293 5262 inde
3330 5223 3432 5261 nu-

1846 5312 2055 5362 merus,
2086 5296 2334 5352 continet
2356 5296 2641 5368 octoginta
2672 5306 2818 5352 octo.
2855 5296 2974 5352 Hoc
2998 5312 3223 5354 rursum
3253 5298 3432 5354 diviso

1844 5405 1943 5461 per
1970 5390 2218 5461 triginta,
2253 5405 2559 5445 excurrens
2587 5405 2801 5446 summa
2832 5391 2981 5461 capit
3002 5391 3428 5460 dimdctriginta.

1846 5485 1902 5539 ld
1945 5491 2127 5537 autem
2170 5492 2258 5539 est
2286 5483 2333 5537 A
2367 5492 2560 5554 epacta
2606 5483 2895 5552 praesentis
2940 5483 3069 5537 anni
3105 5502 3117 5535 :
3151 5483 3432 5546 similique

1845 5575 2059 5629 ratione
2088 5574 2144 5628 in
2184 5582 2464 5645 posterum
2511 5575 2617 5630 erit
2666 5584 2984 5643 epactarum
3018 5574 3283 5628 inventio.
3330 5572 3423 5629 Sic

1851 5666 2241 5740 igiturjterum
2276 5667 2513 5737 sumptis
2538 5666 2771 5735 epactis,
2796 5665 2839 5718 A
2863 5666 3096 5728 scilicet,
3132 5666 3432 5735 adjiciatur

1852 5768 1906 5815 et
1938 5758 1997 5827 B,
2035 5758 2179 5826 etC,
2210 5765 2326 5814 tum
2351 5757 2433 5813 D:
2468 5772 2682 5815 summa
2730 5773 2795 5814 ex
2830 5758 2898 5813 iis
2930 5757 3164 5813 conﬂata
3201 5757 3432 5813 dicenda
