3800 6330
417 339 555 398 1207

1430 342 1524 397 ΑΙ)
1561 343 1649 400 EU
1660 340 1830 398 SE8"
1854 341 2250 401 CHRONICON
2277 344 2638 401 APPENDIX.

3525 345 3648 403 £208

406 466 496 512 est
533 455 600 521 ϐ,
633 453 738 510 nisi
768 456 1066 513 excesserit
1104 456 1350 528 triginta.
1397 455 1534 512 Nam
1582 460 1626 514 si
1658 461 1977 525 excesserit,

2085 463 2276 533 ῥητέον
2304 459 2444 518 εἶναι
2472 464 2537 516 τὸ
2566 470 2637 536 η’,
2672 462 2769 516 ἐὰν
2813 463 2888 535 μὴ
2921 463 3163 538 ὑπερέχῃ
3198 462 3307 517 τῶν
3344 463 3645 535 τριάκοντα.

413 550 503 604 hic
552 564 813 605 excessus
869 551 975 603 erit
1029 548 1317 605 dicendus.
1364 548 1552 620 Neque
1603 568 1733 606 vero
1789 555 1982 608 horum

411 640 709 712 quidquam
730 640 884 697 festis
903 641 1097 697 diebus
1124 643 1515 711 impedimento
1530 652 1633 699 est.
1655 646 1814 699 Anno
1837 647 1982 700 enim

410 738 529 786 toto
552 734 607 786 in
639 731 777 787 duas
799 739 852 785 ct
872 732 1265 802 quinquaginta
1301 734 1638 803 septimanas
1661 735 1981 799 distributo,

411 838 479 877 ex
501 830 741 893 quatuor
777 824 1102 891 septimanis
1128 825 1331 894 singuli
1360 841 1576 881 menses
1608 842 1636 878 a
1666 829 1825 881 nobis
1849 843 1984 881 con-

410 915 787 975 stituerentur,
819 922 874 967 et
902 923 1100 984 praeter
1137 915 1188 969 id
1223 916 1434 969 numeri
1466 924 1704 986 quatuor
1732 917 1849 972 dies
1881 918 1982 971 ha-

412 1006 615 1061 bebunt
666 1005 1079 1068 sanctissimos,
1137 1006 1385 1077 singulos
1431 1023 1530 1078 per
1581 1010 1978 1075 septimanam:

410 1099 517 1152 nisi
552 1098 597 1152 si
635 1096 773 1152 forte
815 1104 1219 1154 antevertentes
1268 1099 1435 1169 aliqui
1484 1115 1513 1153 a
1568 1099 1852 1157 Dominico
1892 1101 1983 1157 die

332 1233 349 1249 δ
404 1170 695 1262 incipiant,
728 1192 810 1247 vel
846 1190 1057 1246 tardius
1100 1192 1419 1249 incedentes
1445 1192 1589 1248 intra
1629 1194 1861 1248 mediam
1893 1210 1969 1250 se-

308 1284 332 1310 ‘
409 1286 731 1357 ptimanrm.
780 1285 851 1337 At
900 1285 1108 1339 mensis
1162 1283 1441 1341 Plethonis
1501 1302 1597 1341 sex
1645 1286 1814 1341 festos
1860 1286 1979 1341 dies

412 1380 726 1444 continens,
754 1376 928 1432 aufert
967 1377 1090 1447 plus
1116 1377 1271 1446 justo
1302 1378 1736 1433 necessariorum
1770 1378 1977 1433 civitati

407 1483 654 1539 operum.
693 1468 920 1538 Ignaros
965 1468 1111 1523 enim
1144 1475 1307 1537 atque
1342 1467 1545 1521 inertes
1592 1481 1715 1521 esse
1752 1481 1980 1521 necesse

405 1568 489 1614 est
516 1575 632 1622 eos,
668 1560 763 1629 qui
806 1557 943 1614 festa
998 1559 1229 1628 agitant.
1277 1555 1343 1610 Et
1392 1556 1553 1611 simul
1600 1564 1713 1611 trcs
1749 1555 1866 1610 dies
1900 1554 1979 1609 fe-

406 1660 522 1707 stos
560 1666 684 1706 esse
714 1649 972 1719 deinceps
996 1665 1063 1703 es
1096 1647 1376 1702 Plethonis
1406 1646 1761 1701 institutione
1785 1661 1982 1701 usuve-

405 1743 488 1798 nit
520 1762 534 1798 :
562 1742 771 1797 mensis
815 1742 1034 1812 quidem
1092 1740 1341 1794 ultimum
1374 1738 1557 1808 (quem
1593 1746 1832 1793 veterem
1873 1753 1974 1793 vo-

2099 554 2224 609 Ἐάν
2250 554 2295 607 δ’
2326 556 2589 630 ὑπερέχῃ,
2620 555 2716 628 τὴν
2751 554 3022 628 ὑπεροχὴν
3060 551 3197 609 εἶναι
3219 555 3460 610 λεκτέον.
3506 557 3646 610 Ἀλλὰ

2088 643 2194 714 μὴν
2223 644 2343 697 οὐδὲ
2372 648 2491 709 ταῖς
2526 645 2864 716 ἱερομηνίαις
2894 644 3142 716 ἐμποδὼν
3181 646 3507 700 καθίσταται
3538 647 3647 701 τοῦ-

2082 752 2191 789 των
2218 736 2395 791 οὐθέν.
2427 737 2533 790 Τοῦ
2565 737 2674 811 γὰρ
2703 738 2825 793 ὅλου
2876 739 3123 793 ἐνιαυτοῦ
3168 738 3544 811 διαιρουμένου
3576 740 3642 804 είς

2084 828 2419 899 πεντήκοντα
2454 831 2548 884 καὶ
2593 830 2685 884 δύο
2728 832 2983 895 ἐπτάδας,
3031 833 3097 885 ὲκ
3137 833 3417 907 τεττάρων
3455 833 3519 904 δὴ
3564 835 3643 887 καὶ

2083 922 2214 991 ἡμῖν
2251 921 2357 976 τῶν
2412 923 2597 994 μηνῶν
2639 924 2864 988 ἕκαστος
2909 925 3059 979 ἔσται
3102 926 3369 991 ἐπτάδων,
3419 924 3522 990 ἔξω
3549 928 3641 977 τῶν

2080 1013 2471 1085 ὑπεραρίθμων
2515 1033 2578 1085 γε
2628 1018 2890 1090 ἡμερῶν⁶
2939 1018 3033 1072 καὶ
3087 1018 3353 1090 τέτταρας
3405 1018 3514 1086 ἕξει
3556 1018 3640 1081 τάς

2082 1107 2389 1175 ἁγιωτάτας
2421 1109 2528 1161 τῶν
2567 1110 2890 1182 ίερομηνιῶν
2927 1112 2994 1165 δι’
3042 1111 3276 1183 ἑϐδόμης
3321 1110 3481 1182 μίαν·
3517 1109 3640 1181 πλὴν

2080 1200 2129 1253 εί
2167 1197 2277 1270 ἄρα
2304 1198 2412 1253 ἀπὸ
2446 1202 2641 1273 κυρίας
2671 1203 2889 1275 ἄρχοιτο
2918 1203 3217 1276 προτερῶν,
3259 1204 3292 1273 ἦ
3334 1202 3534 1275 μεταξῦ
3554 1201 3641 1273 τῆς

2080 1289 2310 1352 ἑπτάδος
2337 1307 2439 1342 που
2467 1291 2727 1363 ὑστερῶν.
2771 1294 2866 1361 Ἐξ
2890 1294 2948 1347 δὲ
2987 1295 3016 1347 ὀ
3056 1294 3151 1348 τοῦ
3177 1293 3467 1366 Πλὴθωνος
3495 1293 3637 1364 ἔχων,

2080 1381 2239 1437 πλέον
2288 1400 2340 1436 τι
2396 1383 2489 1437 τοῦ
2547 1385 2757 1450 δέοντος
2816 1387 3128 1458 ἀφαιρεῖται
3176 1385 3285 1439 τῶν
3346 1385 3639 1453 ἀναγκαίων

2078 1472 2253 1545 ἔργων
2280 1477 2345 1547 τῇ
2377 1476 2548 1529 πόλει.
2592 1477 2807 1548 Ἀργεῖν
2847 1477 2957 1549 γὰρ
2995 1476 3206 1546 ἀνάγκη
3254 1476 3382 1539 τοὺς
3428 1476 3640 1544 ἄγοντας

2081 1565 2414 1636 ἱερομηνίαν.
2452 1568 2563 1621 Καὶ
2593 1566 2709 1638 ἅμα
2736 1570 2883 1638 τρεῖς
2922 1566 3118 1638 ἐφεξῆς
3158 1565 3478 1639 ἱερομηνίας
3513 1565 3647 1634 συμί

2078 1653 2248 1707 ϐαίνει
2284 1656 2585 1709 ποιεῖσθαι·
2639 1656 2767 1728 ἕνην
2809 1656 2910 1728 μὲν
2954 1656 3255 1710 Πλούτωνι”
3300 1656 3431 1726 ἕνην
3466 1653 3522 1708 δὲ
3556 1654 3639 1706 καὶ

2079 1747 2203 1801 νέαν
2233 1748 2326 1801 ἐπὶ
2360 1751 2424 1821 τῇ
2457 1746 2661 1802 ἑαυτῶν
2685 1747 2998 1818 ἐπισκέψει·
3029 1746 3324 1818 νουμηνίαν
3348 1746 3406 1799 δὲ
3443 1744 3519 1815 τῷ
3546 1744 3635 1799 Διί.

405 1834 514 1905 cat)
535 1832 756 1889 Plutoni
794 1809 1075 1888 :veterem
1108 1840 1165 1887 et
1205 1831 1504 1894 novum,id
1547 1841 1652 1891 est,
1682 1831 1977 1885 intermen-

2081 1838 2250 1893 Τοῦτο
2280 1839 2336 1893 δὲ
2366 1809 2669 1912 προσκορές
2690 1838 2755 1893 ἂν
2783 1840 2869 1911 εἴη
2894 1809 3055 1892 ὀὕτω
3084 1809 3401 1908 συμϐαῖνον.
3435 1809 3638 1888 Βέλτιον

405 1937 620 1983 struum
645 1927 733 1982 sui
768 1926 1040 1996 cujusque
1067 1926 1429 1996 recognitioni
1458 1944 1471 1978 :
1509 1924 1849 1978 novilunium
1882 1939 1980 1979 au-

407 2026 515 2073 tem
562 2016 703 2073 Jovi.
755 2015 956 2071 Verum
1005 2016 1058 2070 id
1107 2017 1180 2069 ita
1230 2017 1450 2071 evenire
1494 2014 1836 2069 fastidiosum
1883 2016 1975 2070 sit.

2077 1926 2171 1985 οὖν
2196 1930 2564 1995 διαλείποντας
2604 1931 2757 2000 ἄγειν
2802 1932 2931 2003 (τῶν
2964 1932 3072 2002 γὰρ
3133 1932 3198 1983 ὲκ
3227 1927 3636 1997 διαλειμμάτων,

2078 2021 2248 2091 ἡδέων
2295 2020 2394 2091 μὲν
2436 2020 2625 2086 ὄντων,
2668 2020 2832 2092 ἡδίων
2870 2024 2903 2093 ἡ
2958 2021 3227 2092 αἴσθησις,
3273 2018 3531 2091 λυπηρῶν
3568 2018 3635 2081 δὲ.

409 2112 597 2181 Itaque
624 2126 721 2180 per
754 2109 1216 2164 intermissionem
1249 2124 1408 2178 agere
1438 2108 1647 2178 (eorum
1682 2108 1826 2161 enim
1857 2122 1977 2177 qua:

2081 2109 2524 2181 εὐφορητοτέρω)
2552 2110 2738 2178 ὀλίγας
2766 2127 2823 2163 τε
2849 2111 2924 2175 ὡς
2959 2110 3036 2165 ἔνι
3085 2110 3322 2181 μάλιστα
3352 2109 3505 2177 ἀγειν
3537 2108 3638 2178 ἑορ-

408 2204 700 2260 intervallo
734 2201 893 2263 ﬁunt,
918 2202 963 2257 si
991 2201 1233 2269 jucunda
1259 2199 1476 2269 quidem
1507 2208 1657 2261 sunt,
1680 2198 1977 2269 jucundior

2081 2202 2176 2266 τάς
2194 2218 2206 2233 ·
2248 2202 2306 2255 ἓν
2335 2202 2444 2276 γὰρ
2468 2203 2577 2255 τῶν
2607 2202 2826 2274 φαύλων
2875 2202 3283 2273 πολιτευμάτων
3325 2200 3444 2254 ἐστὶ
3480 2198 3566 2252 καὶ
3588 2197 3638 2251 vi

406 2303 493 2351 est
543 2309 739 2350 sensus
778 2294 906 2347 :sin
959 2300 1142 2346 autem
1196 2290 1448 2350 molesta,
1494 2287 1876 2357 tolerabilior),
1922 2295 1977 2342 et

2081 2295 2276 2359 πολλάς
2307 2296 2461 2365 ἄγειν
2483 2312 2497 2326 ⁸
2528 2297 2624 2350 καὶ
2651 2297 2874 2367 σημεῖον
2907 2295 2968 2350 οὐ
3007 2294 3338 2359 θεοσεϐείας,
3378 2291 3511 2347 ἀλλά
3530 2307 3638 2361 τρυ-

408 2401 572 2457 quam
638 2384 1008 2457 paucissimas
1067 2382 1233 2438 ferias
1292 2381 1572 2437 celebrare
1626 2380 1824 2434 melius
1882 2379 1973 2435 sit.

2081 2386 2183 2455 φῆς
2220 2386 2357 2439 ἐστι.
2409 2385 2566 2449 Τίνες
2611 2385 2656 2438 δ’
2694 2384 2760 2438 ἃν
2804 2384 2993 2456 εἴησαν
3028 2383 3364 2457 ίερομηνίαι,
3413 2379 3635 2447 Πλήθωνι

409 2476 586 2532 Unum
640 2476 787 2530 enim
849 2474 954 2529 hoc
1003 2474 1165 2528 civile
1214 2473 1526 2528 institutum
1582 2470 1974 2541 perniciosum,

2081 2478 2179 2549 μὲν
2211 2478 2452 2548 ἥρμοττε
2485 2477 2673 2546 φάναι,
2691 2477 2766 2540 ὡς
2792 2476 2854 2548 δή
2883 2493 3036 2540 τινας
3069 2476 3263 2546 ἑτέρας
3282 2472 3394 2526 τῶν
3419 2473 3545 2541 ημῖν
3567 2486 3637 2522 νο-

407 2567 607 2621 multas
642 2564 855 2619 scilicet
888 2578 1049 2633 agere
1078 2582 1089 2617 :
1117 2577 1181 2616 ac
1212 2562 1429 2632 signum
1465 2567 1550 2615 est
1592 2573 1702 2613 non
1734 2561 1975 2628 pietatis,

2081 2568 2384 2641 μιζομένων
2417 2567 2796 2641 νομοθετοῦντι
2815 2586 2829 2601 ⁸
2870 2571 3003 2642 ἡμῖν
3034 2568 3090 2623 δὲ
3120 2568 3326 2638 ἥκιστα
3352 2565 3454 2627 δεῖ,
3487 2561 3637 2623 ἄλλως

405 2658 501 2713 sed
534 2658 853 2729 voluptatis.
896 2654 1166 2711 Caeterum
1207 2654 1303 2720 qui
1351 2651 1470 2706 dies
1515 2653 1691 2706 forent
1733 2650 1977 2706 celebres

2081 2679 2134 2714 τε
2159 2663 2254 2715 καὶ
2302 2661 2377 2734 μὴ
2424 2662 2552 2735 περὶ
2578 2661 2769 2716 τούτου
2818 2663 2913 2716 νῦν
2951 2664 3101 2726 ὄντος
3138 2659 3235 2714 τοῦ
3271 2658 3457 2727 λόγου.
3491 2654 3637 2724 Δῆλον

406 2749 711 2820 feriatique,
745 2746 996 2802 Plethoni
1034 2744 1254 2817 quidem
1291 2759 1400 2799 non
1442 2750 1560 2799 erat
1599 2742 1860 2799 indecens
1897 2757 1977 2797 τε-

2081 2754 2184 2826 γὰρ
2225 2754 2307 2809 ὅτι
2343 2754 2443 2819 τὰς
2485 2754 2845 2827 νομιζομένας
2882 2755 3146 2826 τέτταρας
3182 2752 3296 2818 ἕξει
3329 2751 3440 2805 τῶν
3474 2747 3641 2821 μηνῶν

403 2858 651 2907 censere,
688 2849 749 2896 ut
777 2840 870 2911 qui
906 2839 1045 2893 alios
1074 2838 1192 2893 dies
1218 2837 1408 2901 festos,
1440 2851 1604 2907 quam
1635 2835 1731 2905 qui
1762 2842 1792 2889 a
1817 2834 1977 2890 nobis

2081 2845 2303 2908 ἕκαστος
2346 2845 2467 2917 Θεῷ
2508 2846 2588 2917 τῷ
2632 2846 2781 2918 αὑτῷ
2810 2846 3119 2902 ἀναστάντι.
3154 2847 3416 2915 ’Ἄμεινον
3442 2841 3546 2912 γὰρ
3573 2840 3639 2902 εἷς

403 2932 606 3002 recepti
634 2932 769 2997 sint,
796 2930 1118 2985 constituat.
1149 2927 1319 2983 Nobis
1348 2943 1477 2982 vero
1506 2927 1561 2981 id
1588 2926 1814 2981 minime
1837 2940 1977 2995 opus

2084 2936 2291 2991 ἐλάττω
2319 2938 2396 3001 ὡς
2422 2938 2489 2992 ἂν
2520 2937 2755 3009 μάλιστα
2847 2940 3119 3010 συναιρεῖν
3142 2935 3211 2989 τά
3238 2935 3371 3004 περὶ
3396 2931 3458 2986 τὸ
3483 2931 3636 2984 Θείον.

401 3035 487 3081 est
516 3045 530 3081 :
557 3040 681 3080 cum
714 3024 783 3079 de
806 3023 893 3077 his
920 3023 973 3077 in
1002 3022 1292 3093 przrsentia
1331 3035 1515 3075 sermo
1542 3026 1833 3090 susceptus
1864 3032 1974 3072 non

2081 3028 2155 3099 Τῇ
2190 3028 2235 3082 δ’
2267 3027 2424 3101 ἡμῶν
2455 3028 2635 3084 αὐτῶν
2671 3030 2956 3100 ἐπισκέψει
2996 3026 3312 3100 ίερομηνίαν
3349 3023 3526 3097 ὁρίσαι
3550 3018 3640 3074 ἀνὰ

402 3119 496 3172 sit.
539 3115 676 3171 Nam
724 3126 931 3170 certum
985 3124 1091 3176 est,
1127 3112 1352 3167 Christo
1400 3111 1707 3183 resurgenti
1750 3109 1976 3166 rituales

2081 3122 2305 3175 ἕκαστον
2331 3122 2496 3194 μῆνα,
2526 3124 2621 3178 καὶ
2648 3122 2795 3191 ἅπαξ
2827 3122 2920 3176 τοῦ
2962 3120 3130 3193 μηνὸς
3178 3116 3467 3185 ἐπίσκεψιν
3494 3113 3640 3166 ποιεῖ-

399 3216 455 3264 et
481 3208 753 3280 legitimos
783 3213 1018 3274 quatuor
1051 3205 1168 3260 dies
1209 3219 1449 3258 mensem
1487 3202 1784 3273 quemlibet
1812 3201 1973 3257 habi-

399 3309 605 3356 turum.
640 3297 994 3355 Commodius
1020 3297 1188 3359 enim,
1214 3312 1377 3365 quam
1404 3312 1701 3365 possumus
1745 3297 1975 3352 minimo

401 3408 488 3448 res
516 3390 731 3446 divinas
757 3387 1103 3443 contrahere.
1134 3384 1204 3439 At
1237 3384 1381 3440 diem
1415 3385 1617 3440 festum
1651 3386 1810 3440 nobis
1841 3385 1975 3457 ipsis

398 3483 710 3554 spectandis
760 3480 993 3550 singulis
1045 3478 1330 3533 mensibus
1376 3477 1881 3547 praescrihendum,
1921 3484 1977 3534 et

398 3590 581 3631 rerum
621 3589 653 3628 a
693 3573 854 3628 nobis
893 3578 1235 3642 patratarum
1284 3570 1678 3639 inspectionem
1718 3570 1888 3625 semel
1920 3569 1976 3624 in

397 3683 587 3724 mense
631 3666 958 3728 faciendam,
1005 3670 1066 3718 ut
1100 3671 1288 3719 censet
1328 3662 1578 3727 Plethun,
1625 3678 1727 3718 nos
1755 3663 1974 3734 quidem

395 3773 680 3830 negamus.
722 3754 925 3812 Verum
955 3755 1103 3826 pium
1132 3761 1491 3824 sanctumque
1523 3755 1597 3810 sit
1627 3753 1681 3807 id
1705 3751 1974 3823 quotidie,

396 3849 598 3907 nedum
629 3848 801 3911 feriis,
832 3848 1082 3911 actitare,
1113 3853 1275 3900 nocte
1296 3847 1509 3902 scilicet
1536 3863 1567 3901 a
1596 3860 1792 3903 somno
1826 3844 1976 3901 sudi-

395 3940 588 4003 eienti,
625 3947 680 3994 et
708 3938 816 3993 cibi
849 3938 1208 3993 concoctione
1240 3938 1436 4007 prima,
1471 3938 1760 3993 nobiscum
1804 3953 1975 4008 repu-

396 4040 598 4098 tantes,
635 4030 896 4101 quidnam
930 4030 1132 4101 piaculi
1161 4029 1340 4099 pridie
1373 4029 1675 4086 admissum
1708 4030 1804 4091 sit,
1828 4031 1975 4100 quod

396 4125 675 4195 expiatum
715 4124 782 4179 iri
811 4131 1059 4192 oporteat
1089 4124 1352 4194 postridie
1379 4145 1391 4179 :
1417 4134 1536 4178 tum
1567 4123 1674 4177 hoc
1699 4123 1880 4178 statim
1908 4124 1977 4179 ab

2084 3217 2206 3270 σθαι
2233 3215 2341 3269 τῶν
2370 3217 2778 3288 πεπραγμένων
2821 3218 2972 3286 ἡμῖν,
3004 3212 3079 3277 ὡς
3114 3211 3258 3276 ἀξιοῖ
3288 3209 3533 3281 Πλήθων,
3557 3204 3639 3273 οὐχ

2078 3309 2241 3378 ἡμεῖς
2272 3304 2336 3375 γέ
2376 3323 2556 3376 φαμεν
2578 3323 2593 3337 ’
2651 3305 2787 3362 ἀλλὰ
2823 3304 2944 3359 καθ’
2972 3301 3190 3374 ἡμέραν
3230 3299 3470 3369 ἑκάστην
3506 3293 3639 3349 τοῦτο

2081 3399 2353 3456 ποιεῖσθαι
2376 3400 2504 3455 ἄνευ
2536 3399 2872 3473 ἱερομηνίας,
2902 3396 3120 3464 νύκτωρ
3155 3393 3248 3447 ἐπὶ
3288 3390 3443 3462 ὕπνῳ
3474 3384 3639 3455 ἱκανῷ,

2083 3493 2177 3546 καὶ
2206 3495 2413 3564 τροφῆς
2441 3492 2605 3563 πέψει
2643 3496 2708 3562 τῇ
2743 3490 2935 3563 πρώτῃ
2974 3483 3466 3555 ἀναλογιζομένους
3494 3478 3640 3547 τίδήο

2083 3600 2214 3637 ποτε
2243 3583 2587 3656 πεπραχότες
2610 3586 2676 3654 τῇ
2706 3579 3008 3653 προτεραίᾳ
3050 3577 3251 3649 ἐσμέν·
3280 3575 3385 3630 κάν
3411 3591 3464 3626 τι
3555 3584 3637 3621 πε-

2082 3675 2572 3747 πλημμελημένον,
2608 3672 2776 3728 ἕωθεν
2818 3671 2999 3736 εὐθὺς,
3055 3663 3091 3743 ᾖ
3147 3670 3317 3730 ὅσιον,
3353 3661 3639 3735 ἐπανορθω-

2085 3768 2358 3839 σαμένων,
2397 3767 2592 3836 λογίων
2638 3762 2943 3837 ἀκροᾶσθαι
2993 3758 3370 3833 καθαρτικῶν,
3425 3755 3517 3810 καὶ
3560 3756 3640 3805 su-

2081 3856 2254 3921 όπτας
2281 3857 2390 3910 τῶν
2429 3856 2749 3925 ἁγιωτάτων
2780 3853 2940 3927 ἱερῶν
2985 3852 3334 3924 γενομένους.
3381 3846 3573 3902 Ἐνίοτε
3592 3840 3639 3893 δὶ

2086 3948 2252 4019 μοίρᾳ
2278 3946 2455 4018 ἀγαθῇ
2475 3947 2567 3999 καὶ⁸
2585 3946 2679 4001 τοῦ
2708 3944 2946 4016 θύματος
2970 3941 3369 4013 γευσαμένους,
3393 3939 3479 3993 ἐπ’
3501 3935 3638 4007 ἔργον

2084 4039 2413 4109 πορεύεσθαι
2437 4039 2544 4092 ἀπὸ
2564 4037 2819 4108 τοιαύτης
2850 4035 3042 4108 ἀρχῆς.
3073 4033 3236 4087 Ἀλλά
3263 4033 3397 4105 περὶ
3423 4030 3518 4101 μὲν
3536 4023 3637 4079 τού·

2080 4146 2189 4182 των
2216 4132 2274 4182 ὲν
2307 4131 2505 4195 ἄλλοις.

398 4233 594 4273 aurora
623 4227 892 4281 correcta,
924 4219 1149 4288 puritica
1185 4216 1596 4286 piaculariaque
1626 4198 1857 4269 oracula‘
1910 4221 2259 4285 auscultare,
2320 4221 2605 4291 laetosque
2652 4219 3128 4275 sanctissimorum
3189 4228 3475 4272 sacrorum
3535 4221 3637 4278 spe-

396 4319 655 4375 ctatores,
696 4319 752 4367 et
814 4311 973 4368 bonis
1017 4312 1291 4367 interdum
1332 4312 1526 4365 avibus
1569 4310 1664 4363 illo
1708 4310 2003 4377 sacrificio,

395 4419 589 4476 operas
619 4412 840 4460 nostras
872 4405 1041 4460 abire.
1076 4403 1183 4460 Sed
1214 4404 1282 4460 de
1310 4404 1397 4460 his
1426 4404 1582 4459 alias.

575 4548 852 4615 Quomodo
866 4549 1173 4618 septimana!
1193 4549 1305 4605 dies
1324 4558 1446 4604 sunt
1469 4549 1801 4606 numerandi.

463 4659 629 4717 XVII.
669 4659 823 4717 Licet
852 4679 984 4719 vero
1016 4663 1337 4733 septimana:
1367 4662 1486 4718 dies
1531 4676 1846 4725 numerare,
1887 4664 1973 4718 vel

398 4761 456 4808 nt
493 4752 667 4811 Graeci
698 4755 863 4825 hujus
910 4757 1111 4818 :etatis,
1158 4757 1394 4826 primum
1434 4755 1579 4809 diem
1632 4752 1973 4809 Dominicum

395 4854 654 4904 vocantes
686 4868 699 4903 :
729 4847 1032 4905 secundum
1062 4864 1216 4909 vero,
1250 4847 1302 4902 id
1343 4846 1488 4917 quod
1528 4862 1713 4901 revera
1750 4855 1854 4911 est,
1888 4864 1976 4904 se-

396 4938 633 4992 cundum
689 4958 703 4994 :
748 4938 943 4994 deinde
998 4940 1218 4993 tertium
1247 4978 1262 5001 ,
1324 4945 1625 5008 quartum,
1678 4940 1973 5009 quintum,

397 5037 630 5093 sextum,
660 5031 949 5099 septimum
977 5049 991 5084 :
1020 5034 1110 5084 vel
1142 5039 1196 5084 ut
1226 5029 1389 5084 hodie
1408 5028 1639 5083 Romani
1673 5030 1975 5085 secundum

399 5119 584 5174 stellas
616 5118 908 5185 erraticas,
954 5128 1078 5193 post
1111 5120 1454 5174 Dominicum
1494 5121 1637 5175 luna:
1675 5122 1818 5176 diem
1862 5130 1974 5176 sta-

398 5217 637 5273 tuentes,
666 5212 864 5266 deinde
910 5211 1123 5275 Martis,
1155 5212 1223 5266 ad
1255 5212 1371 5266 haec
1400 5211 1678 5275 Mercurii,
1715 5221 1975 5283 praeterea

398 5299 568 5364 lovis,
598 5311 786 5371 postea
821 5301 1068 5367 Veneris,
1108 5305 1327 5359 demum
1355 5302 1599 5359 Saturni.
1633 5303 1976 5360 Parascevcn

399 5394 543 5448 enim
576 5394 720 5450 diem
754 5406 967 5453 sextum
1012 5397 1307 5468 appellare,
1343 5406 1396 5451 et
1428 5396 1721 5467 septimum
1763 5395 1974 5451 Sabbu-

399 5494 537 5550 tum,
573 5487 625 5541 id
658 5488 798 5559 apud
825 5504 947 5555 nos,
983 5499 1042 5544 ut
1068 5488 1306 5554 videtur,
1332 5491 1537 5544 nullam
1574 5490 1841 5546 rationem
1876 5492 1975 5546 ba-

409 5579 517 5645 bet,
543 5580 638 5635 sed
667 5582 809 5651 apud
842 5580 1062 5637 Iudaeos
1092 5582 1327 5637 fortasse
1354 5601 1365 5635 :
1394 5582 1652 5635 nimirum
1683 5591 1812 5640 ante
1841 5583 1977 5640 Sab-

403 5670 587 5728 batum
637 5672 760 5728 illos
799 5682 1118 5741 apparatum
1156 5672 1337 5727 facere
1375 5678 1612 5740 oportet,
1649 5680 1709 5726 ut
1740 5675 1833 5743 qui
1883 5691 1976 5730 su-

406 5759 727 5828 perstitiosa
749 5760 984 5833 quadam
1012 5760 1273 5832 religione
1301 5760 1572 5829 obstricti,
1608 5762 1743 5818 nihil
1775 5766 1977 5834 negotii

1187 5892 1229 5933 ά
1466 5857 1500 5895 ο

2070 4316 2465 4386 sanctificaque
2515 4318 2696 4371 hostia
2740 4314 3001 4395 delibata,
3044 4325 3077 4364 a
3125 4310 3219 4364 tali
3278 4304 3546 4379 principio
3582 4298 3637 4353 ad

2010 4566 2054 4620 ι)
2172 4551 2305 4617 Πῶς
2335 4549 2689 4621 ἀριθμητέον
2714 4548 2819 4614 τὰς
2846 4544 2955 4613 τῆς
2983 4544 3315 4615 ἑϐδομάδος
3349 4542 3578 4614 ἡμέρας.

2150 4663 2247 4720 IZ'.
2301 4664 2567 4735 ’Υπὰρχει
2617 4663 2804 4716 δὲκαὶ
2862 4660 2960 4722 τὰς
3018 4658 3122 4728 τῆς
3176 4656 3407 4719 ἐπτάδος
3453 4652 3634 4726 ἡμέρας

2078 4756 2332 4829 ἀριθμεῖν
2362 4757 2481 4826 ἦτοι
2514 4754 2590 4818 ὡς
2641 4754 2691 4806 oi
2732 4752 2827 4805 νῦν
2851 4749 3135 4819 Ἕλληνες,
3164 4747 3266 4819 τὴν
3302 4747 3401 4818 μὲν
3444 4743 3636 4817 πρώτην

2079 4848 2277 4919 κυρίαν
2308 4844 2626 4908 καλοῦντας,
2660 4844 2758 4913 τὴν
2798 4842 2855 4895 δὲ
2882 4839 3167 4910 δευτέραν,
3200 4837 3349 4892 τοῦτ’
3384 4835 3510 4891 αὐτὸ
3540 4833 3637 4886 δευ-

2080 4941 2247 5013 τέραν
2269 4957 2282 4969 '
2316 4934 2434 4992 εἶτα
2467 4937 2677 5010 τρίτην,
2732 4932 2984 5005 τετράδι,
3019 4932 3304 5003 πέμπτην,
3348 4929 3528 4997 ἕκτην,
3564 4920 3638 4976 εδ.

2080 5031 2285 5102 δόμηνο
2318 5029 2350 5101 ἢ
2383 5028 2458 5092 ὡς
2504 5030 2552 5080 οἱ
2599 5025 2695 5080 νῦν
2733 5024 2992 5094 Ῥωμαῖοι
3032 5019 3174 5075 κατά
3213 5021 3344 5083 τοὺς
3392 5016 3638 5102 πλάνητας

2080 5099 2190 5174 τῶν
2211 5099 2487 5192 ἀστέρων,
2524 5117 2661 5189 μετά
2685 5116 2782 5189 τὴν
2809 5116 3001 5187 κυρίαν
3027 5113 3259 5183 σελήνης
3284 5111 3511 5183 ἡμέραν,
3536 5099 3636 5159 εἶτα

2083 5215 2298 5285 Ἄρεος,
2332 5210 2450 5285 εἶτα
2487 5209 2691 5283 Ἑρμοῦ
2716 5250 2732 5276 ,
2768 5204 2884 5262 εἶτα
2933 5205 3090 5269 Διὸς,
3139 5198 3261 5257 εἶτα
3315 5199 3633 5274 Ἀφροδίτης.

2074 5301 2195 5360 εἶτα
2219 5305 2451 5375 Κρόνου.
2476 5304 2551 5358 Τὸ
2580 5303 2638 5357 δὲ
2658 5298 3015 5372 Παρασκευὴν
3044 5297 3142 5367 μὲν
3166 5296 3270 5367 τὴν
3301 5294 3487 5363 ἕκτην,
3512 5285 3636 5344 2&6-

2083 5399 2245 5452 ϐατον
2274 5397 2329 5450 δὲ
2365 5394 2651 5468 ὀνομάζειν
2682 5395 2778 5463 τὴν
2813 5391 3066 5461 ἑϐδόμην,
3102 5388 3205 5441 οὐκ
3233 5387 3370 5459 ἔχει,
3397 5386 3470 5449 ὡς
3492 5383 3635 5438 ἔοικε.

2082 5489 2239 5559 λόγον
2267 5490 2398 5560 ἡμῖν
2423 5505 2437 5519 ο
2476 5486 2611 5541 ἀλλά
2672 5483 2944 5547 Ἰουδαίοις
3001 5481 3132 5543 ἴσως
3155 5497 3169 5510 ·
3221 5471 3637 5560 παρεσκευάσθαι

2083 5558 2190 5653 γὰρ
2222 5558 2466 5646 ἐκείνους
2492 5578 2599 5652 πρὸ
2633 5576 2725 5632 τοῦ
2754 5574 3033 5630 Σαὸϐἀτου
3074 5573 3175 5637 δεῖ,
3204 5569 3283 5634 ὡς
3322 5570 3387 5642 δὴ
3433 5558 3637 5640 μηθενὸς

2085 5676 2246 5745 ἔργου
2290 5674 2631 5742 ἁπτομένους
2672 5669 2778 5724 ὑπὸ
2819 5667 3239 5737 δεισιδαιμονίας
3284 5665 3351 5734 τῇ
3382 5654 3636 5730 ὑστεραίᾳ.

2098 5767 2258 5837 Ἡμῖν
2284 5765 2338 5819 δὲ
2365 5764 2519 5819 οὐθὲν
2558 5763 2656 5817 δεῖ.
2699 5760 2835 5815 Οὔτε
2879 5758 2987 5829 γὰρ
3032 5760 3096 5828 τῇ
3148 5755 3354 5826 ἐϐδόμῃ
3388 5748 3636 5825 ἀργοῦμιν
