3800 6316
117 323 234 389 i‘m

1064 331 1415 389 THEODOR!
1454 333 1659 390 GAZA'Z
1698 333 1899 389 LIBER
1935 333 2023 389 DE
2063 331 2432 390 MENSIBUS.

3185 304 3326 387 tato

115 452 268 522 ἡμεῖς.
315 448 379 518 τῇ
426 446 729 519 καλουμένῃ
763 446 1036 502 Σάϐϐατον
1072 450 1372 513 Ἰουδαίοις·
1415 451 1551 504 ἀλλά
1592 456 1645 523 τῇ

1762 453 1961 507 obeant
2000 452 2285 522 postridie.
2331 448 2529 505 Verum
2566 448 2620 503 id
2665 456 2850 502 nostra
2893 445 3027 501 nihil
3076 445 3322 502 interest.

119 542 302 613 πρώτῃ,
330 539 492 610 κυρίᾳ
520 540 652 610 ήμῖν
680 539 815 613 οὔσῃ
844 540 941 592 καὶ
972 540 1254 611 ἱερομηνίᾳ
1281 542 1500 612 Χριστῷ
1527 542 1658 594 ἁνα-

119 633 307 687 στάντι’
361 630 474 685 οὗθ’
522 630 695 695 οὕτως
742 630 1021 702 ἀργοῦμεν
1069 633 1291 701 ἄγοντες
1337 634 1545 705 ἑορτὴν,
1582 634 1658 698 ὡς

118 723 231 795 μηδὲ
254 721 449 794 ἑψῆσαί
485 738 559 786 τι,
595 723 689 775 καὶ
730 721 1008 793 τράπεζαν
1051 721 1389 793 παραθέσθαι
1438 722 1658 793 θεμιτὸν

115 814 257 870 εἶναι·
287 815 422 868 ἀλλὰ
458 815 569 868 δεῖν
603 812 1039 885 παρεσκευάσθαι
1081 816 1190 869 πᾶν
1227 817 1293 885 τῇ
1335 814 1653 885 προτεραίᾳ.

115 907 298 962 Οὐκοῦν
322 905 447 959 οὕτε
481 923 533 959 τι
564 908 855 977 χρήσιμον,
889 904 1002 959 οὔτ’
1027 906 1201 970 ἄλλως
1224 905 1496 977 εὔσχημον
1528 907 1657 977 ήμῖν

113 998 170 1053 τὰ
201 998 458 1051 Ἰουδαίων
510 997 685 1051 ταῦτα
735 997 974 1068 ὀνόματα
1024 999 1105 1061 εἰς
1150 997 1549 1068 καταρίθμησίν
1592 1013 1656 1067 γε

112 1089 377 1160 ἑϐδομάδος
408 1090 508 1159 τῆς
551 1088 825 1160 ήμετέρας
855 1088 1169 1159 λαμϐάνειν.
1218 1088 1350 1142 Οὐδὲ
1383 1088 1446 1159 δὴ
1474 1087 1569 1141 καὶ
1596 1087 1657 1141 τὸ

111 1180 359 1234 Σάϐϐατον
382 1176 475 1234 οὖν
494 1180 693 1250 ὁμοίως
715 1178 825 1250 ἔχει
846 1179 926 1250 τῷ
952 1180 1178 1233 ὀσαννᾶ
1204 1180 1295 1233 καὶ
1313 1178 1390 1250 τῷ
1409 1176 1652 1233 Σαϐαὼθ·

112 1273 234 1342 ἅπερ
260 1270 465 1339 ἔκφυλα
500 1270 598 1340 μὲν
624 1270 720 1323 καὶ¹
744 1269 916 1324 ταῦτα
935 1286 950 1300 ο
979 1271 1327 1338 ὲπιφωνεῖται
1353 1267 1398 1320 δ’
1427 1268 1574 1338 ὅμως
1597 1268 1656 1319 ὲν

108 1364 211 1425 ταῖς
248 1360 563 1433 ίεροποιίαις
609 1360 867 1413 ἑκάστοτε
914 1360 1064 1432 παρά
1111 1358 1221 1411 τῶν
1267 1358 1510 1429 ζακόρων
1556 1360 1656 1411 ἑπ-

110 1451 337 1520 άναγκες.
359 1450 440 1504 Τά
464 1450 561 1521 μὲν
583 1449 692 1523 γὰρ
719 1450 1067 1522 ὲξωσιωμένα
1081 1451 1144 1521 δὴ
1167 1453 1280 1514 τοῖς
1301 1450 1655 1523 κυριωτάτοις

108 1542 186 1595 καὶ
217 1542 489 1611 μεγίστοις
513 1540 620 1595 τῶν
649 1540 808 1611 ἱερῶν
833 1541 960 1596 ὄντα
990 1542 1130 1595 κατά
1153 1558 1206 1594 τι
1235 1540 1544 1613 ἀπόρρητον
1578 1541 1653 1614 μὴ

105 1634 155 1684 οὐ
181 1628 444 1705 θεμιτὺνῇ
478 1632 874 1703 παραλλάττειν
898 1648 915 1662 ο
941 1630 1001 1684 τὸ
1027 1630 1083 1684 δὲ
1122 1631 1532 1701 περιειργάσθαι
1562 1631 1656 1685 καὶ

109 1726 354 1796 μηδεμίαν
382 1725 507 1795 ἔχον
531 1725 775 1795 ἀνάγκην
813 1723 1108 1787 Ἰουδαΐζει.
1136 1724 1323 1792 Ἡμεῖς
1354 1723 1451 1793 μὲν
1476 1722 1654 1776 τοίνυν

1758 543 1944 614 Neque
1986 543 2130 599 enim
2175 543 2408 612 septimo
2444 540 2533 595 die
2579 541 2647 594 ab
2678 540 2826 594 omni
2865 553 3029 608 apere
3066 535 3326 592 feriamur

1757 635 1979 697 inertes,
2010 635 2103 705 qui
2131 634 2249 690 dies
2279 648 2308 687 a
2332 632 2533 687 Iudaeis
2574 630 2869 686 Sahbatunt
2905 645 2933 682 a
2964 630 3145 699 quiete
3179 643 3323 683 nun-

1757 731 2019 795 cupatur;
2049 725 2143 780 sed
2177 726 2296 794 ipso
2326 725 2415 779 die
2435 725 2631 795 primo,
2663 722 2754 793 qui
2779 721 2937 777 nobis
2961 728 3046 776 est
3079 719 3326 774 Domini-

1756 831 1878 883 cus,
1931 831 2198 887 sacerque
2242 815 2353 871 Deo
2409 814 2736 884 resurgenti.
2771 813 2959 883 Neque
3013 821 3194 867 tamen
3238 811 3324 867 sic

1755 910 2011 968 otiamur,
2051 917 2112 963 ut
2137 908 2221 962 vel
2253 909 2479 971 elixare,
2519 907 2605 961 vel
2642 919 2885 959 mensam
2920 913 3165 960 sternere
3197 903 3328 957 reli-

1755 1001 1844 1072 gio
1876 1000 1948 1055 sit
1967 1040 1981 1062 ,
2012 1014 2301 1070 opemque
2332 997 2399 1054 sit
2428 999 2659 1067 pretium
2702 995 2885 1051 omnia
2911 994 3083 1065 pridie
3115 1009 3327 1064 praepa-

1754 1104 1872 1147 rata
1903 1091 2123 1147 habere.
2155 1090 2296 1161 Ergo
2327 1105 2429 1146 nec
2456 1090 2608 1155 utile,
2641 1103 2741 1144 nec
2769 1089 2971 1157 alioqui
3005 1085 3321 1149 honestum,

1755 1178 1870 1233 hac
1899 1177 2207 1235 Judaeorum
2255 1181 2474 1233 nomina
2504 1179 2559 1233 in
2597 1185 2800 1233 nostrae
2849 1177 3168 1247 septimanae
3209 1166 3330 1229 cal-3
3388 1212 3397 1224 .

1754 1270 1938 1324 culum
1968 1283 2267 1326 assumere.
2298 1269 2408 1325 Nec
2439 1270 2580 1325 enim
2607 1271 2687 1325 sic
2720 1285 2778 1325 se
2808 1268 2971 1323 habet
2997 1266 3320 1330 Sabbatum,

1754 1367 1817 1414 ut
1847 1361 2003 1433 167
2031 1360 2288 1417 Hosanna
2318 1372 2372 1416 et
2415 1360 2689 1417 Sabaoth:
2717 1376 2839 1429 qua;
2888 1360 3065 1414 aliena
3100 1359 3322 1429 quidem

1754 1466 1878 1506 cum
1909 1459 1964 1507 et
1990 1453 2105 1523 ipsa
2132 1452 2265 1517 sint,
2308 1460 2486 1508 tamen
2508 1453 2565 1507 in
2590 1452 2733 1506 hunc
2760 1464 2937 1520 usque
2969 1449 3111 1505 diem
3138 1448 3195 1503 in
3230 1462 3323 1503 sa-

1754 1540 1979 1596 crificiis
2016 1542 2408 1597 acclamatione
2450 1540 2724 1596 communi
2756 1539 2825 1593 ab
2860 1538 2996 1607 ipsis
3036 1550 3320 1593 sacrorum

1755 1634 2029 1690 ministris
2050 1636 2362 1690 necessario
2387 1641 2738 1705 usurpantur.
2768 1631 2900 1698 Quae
2917 1629 3061 1685 enim
3088 1644 3118 1683 a
3145 1627 3323 1683 maxi-

1756 1721 1861 1777 mis
1880 1722 2229 1792 pontiflcibus
2261 1724 2493 1793 alicujus
2515 1722 2701 1776 arcani
2729 1719 2904 1790 gratia
2931 1718 3142 1775 sancita
3167 1725 3321 1784 sunt,

105 1794 239 1883 nepr
251 1794 443 1883 μηνῶν
480 1828 540 1865 τε
587 1812 680 1866 καὶ
728 1794 949 1884 ἡμερῶν
972 1851 986 1876 ,
1033 1811 1128 1863 καὶ
1176 1807 1422 1863 ἐνιαυτοῦ
1443 1848 1459 1875 ,
1508 1808 1645 1863 οὓτω

1753 1810 1909 1867 nefas
1952 1814 2024 1868 sit
2075 1814 2383 1868 immutare.
2447 1811 2838 1883 Superstitiose
2881 1823 3013 1864 vero
3056 1817 3110 1865 et
3160 1807 3323 1863 anxie

106 1903 312 1973 χρῆσθαι
338 1901 571 1973 μάλιστα
597 1897 875 1973 ἀξιοῦμεν.

1752 1919 1932 1977 agere,
1962 1906 2107 1977 quod
2146 1907 2361 1962 nullum
2384 1922 2566 1971 usum,
2598 1914 2994 1977 cogentemque
3024 1902 3324 1960 necessita-

104 2006 195 2052 tem
224 1998 422 2053 habet:
453 1997 509 2051 id
538 1995 1129 2052 redoletJudaismum.
1154 1994 1266 2051 Nos
1303 1995 1469 2066 igitur
1525 1998 1834 2065 mensibus,
1869 2000 2066 2059 diebus
2118 2009 2174 2058 et
2223 2016 2370 2057 anno
2432 2002 2514 2058 sic
2554 2002 2634 2057 uti
2671 2002 2908 2057 maxime
2942 2001 3164 2073 dignum
3220 2012 3323 2070 pu-

104 2099 280 2147 tamus.

139 2185 260 2253 Πῶς
286 2186 381 2240 δεῖ
401 2185 569 2256 ἆγε-ιν
597 2184 736 2252 τοὺς
769 2186 1026 2255 χρόνους
1050 2185 1180 2239 κατ’
1221 2185 1582 2254 Ἀθηναίους.

158 2339 254 2392 lH'.
287 2340 351 2393 Et
378 2339 434 2393 δέ
462 2357 542 2411 τῳ
571 2340 817 2411 διαφέροι
844 2340 999 2409 ἄγειν
1025 2340 1100 2404 ὡς
1139 2340 1431 2411 Ἀθηναῖοι,
1458 2345 1524 2414 τῇ
1549 2342 1648 2412 μὲν

99 2429 227 2494 τάξει
253 2434 512 2502 χρήσεται
537 2431 602 2504 δὴ
633 2435 699 2503 τῇ
730 2431 1115 2505 ἐπιδειχθείσῃ,
1146 2433 1199 2485 εἰ
1226 2450 1282 2485 τι
1314 2436 1343 2487 6
1376 2433 1531 2502 λόγος
1560 2434 1648 2487 ὅδε

99 2522 292 2592 διαιρείο
318 2525 491 2595 ἀρχὴν
510 2524 567 2577 δὲ
584 2524 749 2590 τάξας
770 2523 865 2577 τοῦ
887 2524 1040 2587 ἔτους
1059 2524 1156 2588 τάς
1181 2523 1397 2595 θερινὰς
1415 2525 1645 2597 τροπὰς,

97 2613 215 2682 ὁριεῖ
239 2613 345 2666 τῶν
372 2614 558 2684 μηνῶν
590 2615 715 2678 τοὺς
744 2615 844 2686 μὲν
871 2614 1367 2687 τριακονθημέρους
1390 2617 1482 2668 καὶ
1511 2615 1647 2687 πλή-

100 2720 213 2772 ρεις,
248 2706 386 2769 τοὺς
425 2706 481 2759 δὲ
519 2708 617 2778 μιᾷ
654 2707 762 2760 τῶν
813 2707 1014 2779 ἑτέρων
1070 2706 1421 2777 λειπομένους
1463 2707 1647 2780 ἡμέρᾳ

98 2796 299 2862 ἐναλλὰξ
324 2798 455 2870 παρ’
483 2797 600 2861 ἕνα,
639 2798 975 2869 ὼςήμίσεὼς
1023 2815 1125 2851 που
1176 2798 1443 2863 ἐνδέοντος
1495 2801 1643 2871 μιᾶς,

97 2888 282 2955 7:96;:6
316 2888 780 2960 τριακονθήμερον
825 2883 960 2941 εἶναι
998 2888 1090 2942 τὸν
1128 2889 1227 2959 τῆς
1275 2887 1503 2958 σελήνης
1542 2905 1648 2959 μη-

96 2980 241 3031 νιαῖον
273 2979 481 3050 χρόνον.
522 2977 906 3049 Ἀριθμήσεται
934 2978 990 3031 δὲ
1017 2977 1116 3040 τάς
1142 2977 1351 3048 ἡμέρας
1392 2978 1519 3048 ἄχρι
1544 2976 1647 3047 τῆς

1743 2154 2018 2251 ῧαοηιοάο
2058 2184 2347 2239 secundum
2387 2183 2727 2239 Athenienses
2771 2181 2976 2254 agenda
3017 2190 3143 2238 sunt
3188 2192 3324 2239 tem-

2452 2271 2604 2324 pora.

1813 2340 1998 2398 XVIII.
2037 2343 2192 2412 Quod
2228 2345 2277 2401 si
2308 2344 2469 2414 cujus
2510 2345 2799 2400 interesset
2829 2342 3130 2399 secundum
3153 2342 3324 2401 Athe-

1741 2435 1961 2492 nienses
1999 2451 2187 2506 agere,‘
2209 2436 2403 2492 ordine
2435 2436 2656 2507 quidem
2687 2443 2874 2491 utetur
2902 2436 3319 2491 demonstrato:

1742 2525 1790 2581 si
1822 2526 1953 2596 quid
1980 2526 2191 2582 ordinis
2219 2525 2469 2596 praesenti
2511 2539 2765 2581 sermone
2790 2523 3074 2579 consecuti
3105 2538 3319 2579 sumus.

1741 2612 1943 2669 Verum
1976 2625 2260 2686 postquam
2286 2615 2354 2670 ab
2377 2616 2566 2670 aestivo
2619 2614 2860 2670 solstitio
2925 2613 3056 2668 anni
3114 2613 3322 2684 princi-

1747 2706 1895 2778 pium
1925 2708 2280 2771 ordinaverit,
2310 2708 2579 2763 mensium
2607 2706 2881 2762 descrihet
2910 2706 3049 2761 alios
3080 2706 3321 2761 tricena-

1744 2800 1859 2854 rios
1884 2808 1939 2854 et
1973 2799 2185 2869 plenos,
2224 2800 2364 2853 alios
2418 2812 2547 2854 vero
2575 2812 2685 2851 uno
2726 2797 2815 2853 die
2846 2797 3027 2853 minus
3075 2796 3198 2851 aliis
3240 2795 3320 2850 al-

1746 2888 1919 2945 ternis
1954 2888 2171 2944 vicibus
2219 2902 2448 2952 censos;
2511 2884 2667 2957 quasi
2720 2884 3007 2939 deficiente
3031 2882 3140 2938 diei
3168 2889 3318 2938 certe

1746 2978 1992 3043 dimidio,
2052 2986 2110 3032 ut
2166 2986 2506 3032 menstruum
2545 2974 2687 3028 luna:
2710 2983 2922 3043 tempus
2953 2973 3025 3028 sit
3051 2971 3322 3026 tricenum

95 3066 339 3137 εἰκοστῆς,
390 3066 451 3119 ὃν
499 3067 709 3138 εἴρηται
758 3066 978 3138 τρόπον·
1022 3064 1157 3136 μετά
1194 3065 1251 3119 δὲ
1288 3064 1510 3136 ταύτην,
1559 3064 1644 3117 δε-

1750 3071 1977 3127 dierum.
2011 3070 2407 3141 Supputabitur
2443 3075 2622 3122 autem
2653 3066 2863 3121 dierum
2894 3066 3055 3129 ratio,
3090 3078 3201 3135 quo
3227 3077 3324 3119 stt-

96 3155 244 3226 κάτην
274 3156 571 3226 φθίνοντος,
609 3157 656 3208 εί
688 3155 897 3227 πλήρης
932 3158 960 3209 6
990 3156 1118 3227 μήν’
1157 3150 1275 3209 εἶτα
1306 3156 1521 3226 ἐνάτην,
1549 3154 1643 3207 καὶ

95 3245 204 3317 ἑξῆς
244 3248 598 3319 ἀναστρέφων
640 3246 767 3319 ἄχρι
810 3247 1084 3319 δευτέρας·
1132 3247 1248 3319 μεθ’
1284 3248 1351 3317 ἢν
1388 3247 1513 3317 ἕνην
1548 3246 1643 3300 καὶ

93 3339 218 3392 νέαν.
252 3340 315 3393 Ei
349 3340 527 3403 κοῖλος
554 3342 583 3393 6
610 3340 736 3409 μὴν,
769 3339 962 3410 ἐνάτην
985 3338 1281 3405 φθίνοντος.
1316 3338 1409 3392 καὶ¹
1434 3337 1558 3407 έξῆς
1582 3337 1643 3391 τὸ

94 3428 354 3499 ἀνάλογον,
381 3432 457 3494 ὡς
476 3431 570 3485 καὶ
597 3430 933 3500 Πολυδεύκης
954 3429 1194 3502 ἀριθμεῖ·
1222 3430 1317 3499 οὐχ
1344 3428 1543 3492 ἱκανῶς
1563 3429 1639 3495 δὲ,

94 3518 208 3574 διότι
228 3524 407 3577 κοίλου
434 3523 596 3594 μόνου
621 3521 909 3590 καταλέγει
935 3521 1039 3593 ήμέ
1050 3538 1164 3592 ρας.
1195 3520 1419 3592 Πλήθων
1437 3521 1493 3574 δὲ
1515 3520 1642 3593 ἕνην

95 3612 181 3680 μὲν
205 3614 299 3686 τήν
319 3614 568 3685 εἰκοστήν
598 3615 813 3685 ἐνάτην,
845 3614 972 3685 ἕνην
998 3613 1055 3668 δὲ
1085 3614 1177 3666 καὶ
1202 3612 1327 3666 νέαν
1358 3613 1455 3685 τὴν
1486 3629 1642 3684 τρια-

93 3705 272 3775 κοστὴν
302 3706 497 3774 λέγων,
536 3705 688 3758 οὐδὲν
725 3705 930 3775 ἀπᾷδον
956 3703 1113 3776 ήμῶν
1145 3720 1298 3776 φησι,
1327 3704 1388 3757 τό
1421 3720 1483 3772 γε
1516 3704 1644 3776 περὶ

91 3796 141 3847 τὸ
168 3800 415 3868 πρᾶγμα.
454 3798 557 3851 Ἦν
592 3796 699 3867 γὰρ
734 3796 991 3867 δευτέραν
1026 3794 1301 3864 φθίνοντος
1329 3796 1487 3865 ἡμεῖς
1520 3795 1642 3865 ἀρι·

92 3883 338 3955 θμοῦμεν,
376 3889 503 3958 ἕνην
542 3887 714 3950 καλεῖ,
753 3887 819 3939 ἵν’
851 3886 978 3950 ἴσως
1009 3886 1154 3957 αὐτῷ
1189 3885 1471 3957 ἱερομηνία
1509 3881 1644 3939 οὖσα

88 3977 154 4047 τῷ
186 3980 488 4043 Πλούτωνι,
529 3978 752 4033 αὐτόθεν
791 3978 854 4049 δὴ
896 3979 1005 4032 κάκ
1046 3978 1146 4048 τῆς
1184 3976 1551 4048 προσηγορίας
1582 3977 1643 4030 τὸ

90 4073 268 4141 σεμνὸν
302 4072 402 4145 ἔχῃ
430 4072 524 4126 καὶ
553 4071 833 4144 τραγικόν.
857 4074 947 4124 Δεῖ
978 4071 1085 4142 γάρ
1110 4070 1200 4123 καί
1231 4087 1374 4133 τινος
1402 4069 1642 4123 τοιούτου

86 4167 185 4227 τοῖς
213 4167 342 4236 περὶ
383 4164 449 4217 τὰ
490 4164 611 4218 ὅσια
645 4163 1208 4235 πραγματευομένοις.
1254 4160 1545 4231 Πειρατέον
1586 4160 1645 4214 δὲ

87 4254 211 4308 κατά
238 4256 466 4327 σελήνην
489 4254 742 4327 ἀριθμεῖν
764 4253 861 4317 τὰς
884 4255 916 4323 ή
925 4253 989 4323 μέ
998 4269 1115 4324 ρας.
1155 4252 1306 4305 Ἐπεὶ
1336 4254 1429 4305 καὶ
1453 4252 1514 4306 τὸ
1534 4251 1642 4306 τῶν

86 4346 256 4417 μηνῶν
288 4322 542 4417 τους-μὲν
571 4322 816 4416 πλήρεις,
849 4322 972 4406 τους
997 4322 1053 4396 δὲ
1084 4344 1293 4407 κοίλους
1323 4342 1638 4414 λαμϐάνειν,

82 4401 220 4488 τουτὶ
250 4401 520 4507 βούλεται.
548 4401 877 4505 Οὐχηίκανὸν
902 4401 980 4488 δέ·
1013 4435 1147 4488 ἀλλά
1180 4434 1259 4487 δεῖ
1275 4401 1506 4488 ’που’κα“ι
1524 4401 1637 4487 an;
1670 4401 1714 4457 Β

80 4525 202 4579 ἄττα
238 4525 722 4599 πραγματεύεσθαι
765 4527 955 4595 συχνὰ,
982 4528 1031 4579 εξ
1065 4525 1245 4597 μέλλοι
1281 4524 1545 4591 σώζεσθαι
1580 4526 1641 4579 τὸ

80 4620 350 4689 ὁμόλογονο
392 4620 628 4691 χαλεπὸν
673 4618 729 4670 δὲ
773 4617 863 4671 διὰ
897 4618 997 4688 τὴν
1042 4617 1241 4688 πολλὴν
1284 4618 1383 4690 τῆς
1412 4617 1641 4688 σελήνης

80 4711 314 4779 ἀταξίαν.
364 4716 439 4766 Δι’
472 4713 612 4782 ὅπερ
655 4709 765 4763 οὐδ’
817 4709 1087 4781 Ἀθηναῖοι
1131 4710 1407 4780 φαίνονται
1449 4726 1642 4781 κατορ-

80 4803 304 4869 θοῦντες·
328 4803 404 4868 ὡς
426 4803 540 4857 ἔστι
564 4801 940 4873 τεκμήρασθαι
968 4802 1061 4855 καὶ
1087 4801 1145 4868 ἐξ
1165 4794 1239 4855 ὧν
1261 4801 1326 4872 δή
1347 4803 1375 4855 6
1401 4800 1643 4872 κωμικὸς

80 4899 213 4950 ποιεῖ
234 4897 336 4968 τὴν
366 4897 596 4966 σελήνην
623 4893 923 4964 θυμαίνειν,
961 4893 1042 4946 ὅτι
1067 4893 1218 4946 οὐδὲν
1246 4892 1388 4947 κατά
1415 4892 1640 4964 σελήνην

76 4986 196 5058 ἦγον
228 4990 331 5055 τὰς
363 4990 577 5063 ἡμέρας
624 4980 893 5059 Ἀθηναῖοι
929 4987 1124 5060 ὀρθῶς,
1163 4987 1277 5041 ἀλλ’
1316 4987 1427 5041 ἀνω
1457 5003 1514 5040 τε
1547 4986 1639 5039 καὶ

77 5081 213 5135 κάτω
243 5082 624 5136 ἐκυδοιδὸπων·
647 5079 787 5134 οὕτω
814 5079 922 5149 γὰρ
950 5079 1212 5151 κέχρηται
1231 5080 1297 5148 τῇ
1326 5077 1488 5144 λέξει.
1510 5076 1639 5129 Πει-

81 5173 259 5238 ρατέον
299 5174 483 5244 μέντοι
519 5169 659 5225 κατά
688 5170 749 5223 τὸ
774 5169 996 5224 δυνατὸν
1035 5166 1396 5238 διορθοῦσθαι,
1425 5164 1641 5238 χρωμέ-

78 5277 186 5327 ’.ους
211 5268 329 5328 τοῖς
360 5261 778 5335 ἐμπειροτάτοις
813 5262 901 5316 ἀεὶ
931 5259 1041 5314 τῶν
1072 5258 1472 5331 ἀστρολογικῶν
1500 5258 1637 5312 θεω-

77 5358 331 5426 ρημάτων
358 5355 704 5427 συμϐούλοις.

1744 3164 2050 3238 pradictum
2074 3170 2159 3219 est
2190 3161 2374 3223 modo,
2410 3174 2581 3230 usque
2617 3160 2682 3213 ad
2711 3158 3028 3214 vicesimum
3066 3176 3081 3213 :
3122 3171 3324 3212 secun-

1742 3259 1869 3315 dum
1901 3271 2089 3326 quem,
2125 3256 2172 3311 si
2204 3254 2410 3310 mensis
2466 3260 2548 3308 est
2587 3254 2800 3321 plenus,
2848 3251 2999 3306 dices
3051 3250 3322 3306 decimum

1741 3349 2060 3421 praecipitis,
2102 3346 2298 3401 deinde
2331 3359 2557 3409 nonum,
2608 3352 2664 3398 et
2715 3344 2789 3396 ita
2842 3341 3098 3412 deinceps
3130 3341 3324 3396 ordine

1744 3448 2077 3513 praepostero
2106 3453 2280 3508 usque
2303 3437 2370 3490 ad
2400 3433 2698 3492 secundum
2744 3452 2756 3488 :
2790 3440 2913 3504 post
2941 3447 3101 3502 quem
3139 3438 3324 3487 extre-

1743 3551 1889 3590 mum
1913 3533 2173 3605 primum,
2210 3546 2305 3587 seu
2333 3539 2566 3584 veterem
2591 3534 2644 3582 et
2674 3542 2893 3581 novum.
2928 3525 2996 3579 At
3024 3525 3070 3580 si
3107 3521 3318 3579 mensis

1743 3644 1912 3684 cavus
1945 3626 2038 3687 sit,
2072 3639 2275 3679 nonum
2300 3621 2603 3677 desinentis
2633 3626 2757 3691 post
2784 3618 3106 3673 vicesimum
3142 3616 3318 3683 dices,

1741 3726 1796 3773 et
1817 3717 1980 3771 simili
2020 3714 2281 3783 deinceps
2314 3706 2546 3774 ratione,
2577 3717 2636 3763 ut
2665 3710 2828 3763 etiam
2860 3707 3051 3761 Pollux
3092 3719 3323 3760 enume-

1744 3818 1851 3874 rat,
1883 3808 1977 3864 sed
2010 3822 2118 3861 non
2147 3804 2476 3860 suﬁicienter
2512 3800 2752 3871 quidem,
2782 3806 2842 3853 ut
2869 3797 2961 3867 qui
2991 3795 3162 3852 solius
3198 3792 3322 3848 cavi

1743 3901 1860 3956 dies
1893 3904 2198 3953 recenseat.
2232 3893 2459 3948 Plethon
2488 3905 2616 3944 vero
2644 3890 2963 3944 vicesimum
3000 3888 3204 3940 nonum
3226 3897 3324 3939 ve-

1742 3996 1914 4044 terem
1951 3986 2253 4057 appellans,
2284 3995 2337 4037 et
2370 3981 2705 4035 tricesimum
2737 3986 2974 4035 veterem
3012 3984 3068 4032 et
3093 3989 3320 4043 novum,

1746 4079 1885 4135 nihil
1914 4080 2099 4143 nobis,
2159 4083 2423 4147 quantum
2458 4076 2524 4129 ad
2562 4076 2700 4129 hanc
2752 4086 2889 4132 rem,
2919 4070 3202 4125 dissonum
3236 4067 3323 4122 af-

1744 4170 1867 4226 fert.
1896 4169 2049 4224 Diem
2088 4169 2254 4230 enim,
2297 4183 2455 4236 quem
2491 4165 2789 4220 secundum
2837 4162 3134 4232 praecipitis
3183 4158 3325 4214 dici-

1742 4277 1888 4328 mus,
1928 4261 2017 4314 ille
2074 4268 2309 4313 veterem
2366 4256 2619 4327 appellat,
2652 4264 2711 4308 ut
2766 4254 2904 4308 forte
2966 4265 3181 4306 sacrum
3212 4249 3320 4319 ipsi

1744 4348 1964 4405 Plutoni
2017 4345 2552 4404 exsistentem.Nam
2600 4359 2667 4399 ex
2717 4341 3030 4412 hujusmodi
3075 4340 3317 4410 appella-

1747 4445 1899 4499 tione
1920 4441 2105 4497 nescio
2136 4440 2268 4511 quid
2308 4454 2492 4510 grave,
2524 4436 2942 4507 superciliosum
2969 4441 3024 4488 et
3054 4432 3318 4502 tragicum

1744 4550 1857 4606 prae
1884 4549 1943 4589 se
1973 4533 2075 4587 fert
2110 4547 2123 4583 :
2150 4546 2271 4601 quae
2301 4546 2390 4585 res
2419 4529 2663 4600 apprime
2687 4542 2825 4598 opus
2851 4535 2936 4582 est
2965 4524 3034 4578 iis
3080 4523 3175 4593 qui
3205 4529 3321 4575 tra-

1745 4627 1962 4682 ctandis
2004 4626 2176 4680 sacris
2208 4621 2586 4677 vehementius
2641 4627 2996 4689 occupantur.
3028 4613 3321 4669 Enimvero

1747 4713 2167 4787 periclitandum
2194 4721 2279 4768 est
2300 4712 2367 4768 ad
2385 4712 2570 4765 lunam
2600 4709 2717 4764 dies
2749 4719 3059 4763 numerare.
3090 4700 3320 4769 Quando

1745 4808 1908 4863 etiam
1948 4804 2001 4860 id
2054 4804 2159 4861 sibi
2191 4804 2308 4859 vult
2358 4818 2421 4859 ea
2468 4802 2737 4858 mensium
2794 4796 3135 4860 constitutio,
3193 4806 3321 4847 cum

1745 4899 1888 4969 pleni
1936 4898 2052 4962 alii,
2086 4897 2179 4951 alii
2215 4895 2332 4950 cavi
2360 4901 2673 4949 sumuntur.
2708 4888 2817 4945 Sed
2850 4902 2960 4944 non
2989 4885 3183 4942 sufﬁcit
3228 4891 3318 4937 ta-

1745 5002 1891 5041 men.
1920 4984 2201 5055 Siquidem
2241 4991 2295 5039 et
2315 4983 2417 5038 alia
2449 4981 2696 5053 quaedam
2737 4979 2932 5035 crebro
2961 4972 3319 5032 commentari

1745 5086 1981 5148 Oportet,
2023 5077 2069 5133 si
2112 5074 2528 5132 consonantiam
2574 5072 3046 5144 aequalitatemque
3101 5079 3321 5122 servare

1744 5170 1976 5226 velimus
2008 5185 2022 5221 :
2055 5168 2106 5224 id
2129 5168 2272 5239 quod
2304 5176 2525 5239 prOpter
2546 5181 2656 5222 non
2681 5178 2901 5234 parvam
2955 5162 3096 5216 luna:
3126 5154 3321 5213 confu-

1747 5261 1958 5317 sionem
1988 5266 2074 5317 est
2107 5258 2344 5315 difﬁcile.
2386 5257 2506 5326 Quo
2538 5257 2618 5321 fit,
2648 5263 2711 5312 ut
2749 5268 2927 5325 neque
2956 5248 3318 5306 Athenienses

1744 5351 2031 5406 videantur
2072 5359 2222 5407 recte
2253 5358 2417 5420 atque
2453 5349 2645 5405 ordine
2701 5344 3016 5418 procedere,
3058 5347 3119 5395 ut
3155 5353 3219 5393 ex
3249 5350 3317 5391 eo

74 5451 367 5522 coniectari
431 5459 537 5517 est,
577 5451 726 5521 quod
785 5450 1028 5507 comicus
1087 5449 1277 5503 lunam
1345 5446 1475 5502 facit
1534 5446 1605 5502 iis
1650 5461 1995 5513 succensere,
2027 5445 2172 5515 quod
2214 5461 2323 5500 non
2360 5452 2510 5501 recte
2541 5443 2609 5498 ad
2638 5456 2797 5497 suum
2855 5437 3027 5510 ipsius
3068 5431 3316 5490 curricu—

73 5543 177 5602 lum
204 5556 455 5619 tempora
492 5546 809 5618 dirigerent,
829 5546 926 5603 sed
952 5545 1093 5600 infra
1123 5558 1291 5614 supra
1333 5541 1754 5608 confunderent;
1786 5541 1868 5599 sic
1924 5540 2073 5595 enim
2130 5541 2223 5597 ille
2276 5540 2540 5611 loquitur.
2597 5532 2997 5607 Experiendum
3018 5536 3199 5584 tamen
3230 5528 3316 5578 est

70 5644 359 5701 emendare
397 5659 499 5716 pro
572 5643 741 5709 virili,
793 5642 997 5700 utendo
1061 5639 1282 5697 assidue
1335 5636 1687 5710 peritissimis
1755 5636 2064 5708 astrologia
2136 5634 2567 5707 speculationum
2627 5635 3130 5703 praeceptorumque
3184 5630 3321 5671 con-

70 5745 94 5787 s
116 5732 302 5787 liariis.

2300 5863 2334 5902 ⁹
2572 5899 2613 5941 ,ιν
