3800 6358
430 307 562 368 ΠΗ

885 423 964 479 De
989 439 1160 478 mense
1199 423 1562 481 intercalario.

509 515 648 570 XIX.
682 518 751 570 Et
779 532 966 571 mense
987 516 1204 587 quidem
1235 518 1589 572 intercalario
1619 517 1815 577 Atticis
1854 523 2015 580 annis

434 607 602 663 etiam
633 624 770 680 opus
790 619 893 672 est,
936 611 1015 662 uti
1056 611 1209 678 prius
1253 611 1669 680 explicavimus,
1701 623 1760 668 ut
1804 631 2018 672 menses

439 706 790 770 perseverent
811 700 1148 770 temporibus
1172 703 1495 758 concordes.
1527 703 1879 761 inserendum
1918 709 2022 762 ita-

438 808 547 860 que
578 791 992 861 ScirOphorioni
1033 797 1230 857 mensi,
1265 794 1358 864 qui
1389 796 1682 865 respondet
1713 796 1872 865 Maio,
1906 799 2020 856 dies

440 883 686 952 triginta.
718 881 1020 952 Testcsque
1076 883 1239 952 hujus
1305 886 1381 940 rei
1422 885 1731 942 Macrobius
1786 892 2022 959 scriptor

451 970 732 1025 Romanus
757 979 810 1025 et
841 970 1169 1027 Herodotus.
1199 971 1335 1026 Nam
1391 973 1480 1028 ille
1512 975 1566 1028 in
1622 974 2018 1045 Saturnalibus,

441 1062 571 1117 dum
617 1061 975 1132 Glaucippum
1017 1064 1070 1117 in
1107 1068 1517 1123 commentariis
1544 1069 1610 1124 de
1657 1072 1828 1127 sacris
1858 1073 2024 1127 Athe-

441 1152 716 1208 niensium
765 1154 1175 1224 interpretatur,
1243 1155 1378 1210 dicit
1423 1156 1785 1215 Athenienses
1833 1161 2023 1217 ultimo

443 1249 622 1300 mensi
651 1246 779 1300 anni
813 1246 1120 1316 superfluos
1150 1246 1269 1304 dies
1299 1249 1556 1318 injicere;
1596 1254 1745 1322 atqui
1799 1254 2024 1312 ultimus

442 1346 530 1392 est
567 1335 980 1409 ScirOphorion.
1040 1337 1278 1394 Rursum
1324 1340 1628 1398 Herodotus
1659 1345 2024 1401 intercalatio—

444 1447 569 1486 nem
605 1447 727 1488 esse
776 1432 988 1487 dierum
1041 1433 1314 1487 tricenum
1347 1435 1560 1490 abunde
1591 1438 1902 1492 manifestat
1939 1440 2025 1495 his

442 1524 629 1579 Verbis
650 1543 663 1578 :
687 1544 705 1577 ι
736 1522 891 1590 Quod
926 1525 973 1580 si
1003 1527 1168 1590 volet,
1194 1527 1395 1598 inquit.
1428 1529 1656 1583 alterum
1686 1544 1887 1592 annum
1904 1545 2026 1585 esse

441 1632 606 1688 quam
635 1619 890 1683 alterum,
927 1633 1037 1673 uno
1065 1635 1250 1674 mense
1273 1621 1559 1690 majorem,
1590 1629 1649 1676 ut
1677 1630 1919 1692 tempora
1941 1639 2027 1678 co-

444 1709 568 1762 dem
595 1717 903 1779 opportune
939 1718 1251 1776 recurrant,
1280 1727 1496 1767 menses
1531 1713 1749 1782 quidem
1792 1715 2017 1770 interca-

1483 305 1576 361 ΑΙ)
1615 306 1883 364 EUSEBII
1922 309 2313 368 CHBONICON
2342 309 2705 365 APPENDIX.

2043 436 2095 493 Α

3556 307 3676 366 lii!

2537 428 2678 497 Περὶ
2705 427 2913 498 ἐμϐολί
2909 443 3027 496 μου
3054 427 3269 496 μηνός.

2189 520 2291 574 18'.
2328 518 2438 574 Καὶ
2473 520 2570 590 μὲν
2609 517 2673 592 δὴ
2707 519 2801 572 καὶ
2842 518 3009 589 μηνὸς
3053 517 3351 588 ἐμϐολίμου
3376 515 3557 586 δεήσει
3582 518 3670 579 τοῖς

2133 612 2396 674 Ἀττικοῖς
2440 611 2606 675 ἔτεσι,
2654 609 2906 679 καθάπερ
2949 607 3163 679 εἴρηται
3204 606 3494 677 πρότερον,
3538 606 3599 658 ἶν’
3631 608 3678 689 ά,

2123 703 2286 774 μῆνες
2313 702 2699 774 συμϐαίνοντες
2719 701 2999 756 διατελῶσι
3024 704 3144 764 ταῖς
3169 699 3362 770 ὥραις.
3389 699 3669 769 Ἐπεμϐλῃ-

2119 794 2238 845 τέον
2260 793 2303 846 δ’
2327 793 2434 863 ἄρα
2459 794 2551 846 ἐπὶ
2571 792 2958 864 Σκιροφοριῶνι
2992 792 3120 862 μηνὶ
3143 791 3440 862 τριάκοντα
3461 791 3666 862 ἡμέρας.

2120 883 2412 954 Μάρτυρες
2453 883 2509 936 δὲ
2553 883 2757 937 τούτων
2793 882 3105 953 Μακρόϐιος
3148 882 3419 952 Ῥωμαῖος
3461 899 3672 954 συγγρα-

2121 977 2252 1045 φεὺς
2274 975 2366 1028 καὶ
2382 975 2443 1028 Ἡ
2453 975 2680 1046 ρόδοτος·
2703 977 2732 1028 ό
2761 975 2858 1046 μὲν
2879 974 3052 1042 λέγων
3079 977 3135 1027 ἐν
3160 977 3271 1036 τοῖς
3297 974 3566 1040 Κρονίοις
3587 973 3673 1025 τῶν

2124 1071 2591 1141 συγγραμμάτων,
2650 1067 3189 1139 μεθερμηνευόμενος
3241 1065 3587 1118 Γλαύκιππον
3629 1067 3673 1116 ἐν

2123 1163 2234 1223 τοῖτ,⁵
2285 1161 2412 1231 περὶ
2459 1159 2565 1213 τῶν
2605 1158 2888 1232 ’Λθήνῃοιν
2929 1156 3086 1228 ίερῶν
3129 1157 3224 1209 καὶ⁵
3251 1155 3417 1208 ὁσίων
3455 1155 3674 1224 ὑπομνήο

2127 1267 2282 1319 μασι,
2321 1249 2484 1318 φάναι
2524 1248 2836 1318 Ἀθηναίους
2863 1248 2959 1312 τὰς
2985 1247 3242 1319 περιττὰς
3269 1246 3486 1316 ἡμέρας
3512 1245 3584 1315 τῷ
3603 1263 3678 1298 τε·

2124 1341 2354 1412 λευταίῳ
2388 1340 2748 1412 ἐπεμϐάλλειν
2798 1342 2928 1412 μηνὶ
2958 1339 3052 1394 τοῦ
3087 1339 3360 1393 ἐνιαυτοῦ·
3400 1339 3680 1399 τελευταῖος

2124 1431 2181 1485 δέ
2210 1432 2577 1504 Σκιροφοριὼν
2605 1429 2690 1504 ἦν·
2714 1435 2741 1486 ό
2759 1433 2814 1485 δὲ
2842 1428 2906 1486 αὖ
2930 1433 2996 1485 ἐκ
3021 1431 3228 1485 τούτων
3250 1429 3531 1499 διασαφῶν
3555 1446 3681 1500 τρια-

2126 1523 2462 1596 κονθήμερον
2491 1524 2582 1578 τὸν
2611 1525 2903 1596 ἐμϐόλιμον
2933 1519 3091 1577 εἶναι’
3126 1543 3145 1574 ε
3182 1524 3245 1576 Εἰ
3275 1523 3333 1575 δέ
3367 1521 3433 1592 δὴ
3461 1520 3681 1590 ἐθελήσει

2126 1615 2220 1669 τοῦ
2256 1616 2300 1668 θ’
2330 1617 2514 1688 ἓτερον
2544 1615 2652 1669 τῶν
2687 1616 2850 1669 ἐτέων
2885 1615 3016 1686 μηνὶ
3056 1613 3400 1684 μακρότερον
3435 1610 3678 1680 γίνεσθαι,

2130 1708 2215 1760 ἵνα
2229 1707 2292 1778 δὴ
2315 1710 2369 1760 αἱ
2393 1702 2532 1779 ὧραι
2555 1706 2888 1777 συμϐαίνωσι
2918 1704 3352 1776 παραγινόμεναι
3374 1704 3454 1765 εἰς
3479 1702 3538 1753 τὸ
3559 1701 3677 1765 δέον,

446 1795 566 1850 larii
596 1798 817 1869 triginta
845 1797 1088 1868 quinque
1123 1799 1259 1853 fiunt
1289 1815 1385 1870 per
1423 1817 1598 1856 annos
1655 1804 2022 1873 septuaginta,

2145 1800 2294 1870 ιῆνες
2329 1801 2426 1871 μὲν
2460 1799 2610 1871 παρὰ
2657 1798 2723 1852 τὰ
2761 1797 3130 1867 ἐϐδομήκοντα
3168 1794 3294 1847 ἔτεα
3329 1794 3380 1847 οἱ
3427 1793 3682 1864 ἐμϐόλιμοι

445 1887 564 1945 dies
590 1904 721 1944 vero
747 1905 816 1944 ex
853 1890 942 1945 his
978 1891 1261 1947 mensibus
1303 1892 1448 1947 mille
1480 1900 1534 1947 et
1560 1895 1973 1966 quinquaginta.
2002 1916 2020 1947 ι

522 2063 702 2130 Quoto
739 2072 918 2121 autern
939 2081 1158 2136 quoque
1180 2081 1323 2122 anno
1376 2067 1806 2124 intercalandum
1840 2070 1932 2138 sit,
1981 2071 2028 2126 si

450 2157 576 2225 quis
601 2155 874 2211 Herodoto
927 2157 1086 2212 fidem
1142 2157 1446 2213 habendam
1506 2167 1680 2230 putat,
1741 2177 1806 2215 ex
1857 2171 2030 2233 nuper

451 2251 724 2320 appositis
756 2250 900 2318 quod
925 2249 1120 2321 quaerit
1146 2265 1362 2305 sumere
1386 2258 1586 2321 potest.
1618 2253 1861 2308 Alternis
1884 2256 2030 2309 enim

452 2338 929 2395 intercalationem
999 2341 1116 2396 fieri
1154 2341 1416 2408 declarat,
1452 2342 1581 2396 dum
1638 2344 1772 2399 dicit
1800 2347 2029 2401 alterum

451 2446 518 2486 ex
557 2432 771 2488 duobus
818 2433 977 2489 annis
1027 2433 1143 2489 fieri
1195 2435 1369 2490 altero
1421 2435 1753 2507 longiorem,
1810 2447 1866 2495 et
1901 2440 2031 2496 dum

450 2524 696 2593 quinque
722 2531 777 2579 et
810 2525 1032 2597 triginta
1060 2542 1276 2582 menses
1298 2527 1677 2587 intercalarius
1693 2547 1789 2602 per
1818 2541 2036 2604 septua-

452 2614 600 2680 ginta
633 2629 808 2671 annos
831 2625 1139 2672 enumerat.
1166 2615 1224 2671 ld
1274 2619 1421 2689 quod
1449 2620 1638 2676 forsan
1666 2622 1845 2678 adhuc
1895 2624 2037 2678 indi-

452 2715 544 2774 get
572 2707 1034 2772 consideratione,
1064 2723 1302 2779 quonam
1348 2720 1507 2781 pacto
1535 2729 1631 2783 per
1665 2715 1907 2772 alternos
1935 2732 2036 2772 an-

347 2861 351 2864 ,
453 2810 557 2852 nos
597 2795 937 2851 intercalatis
974 2796 1168 2854 diebus
1217 2800 1444 2869 triginta
1488 2801 1769 2872 contingat
1823 2819 2038 2859 menses

2126 1891 2362 1959 γίνονται
2399 1893 2689 1963 τριάκοντα
2731 1888 2914 1948 πέντε.
2950 1887 3156 1958 ἡμέραι
3192 1885 3250 1939 δὲ
3285 1887 3351 1939 ἐκ
3383 1885 3494 1938 τῶν
3526 1885 3682 1956 μηνῶν

2126 1982 2328 2036 τούτων
2362 1982 2529 2053 χίλιαι
2555 1983 2647 2035 καὶ
2679 1981 3033 2050 πεντήκοντα.
3072 1995 3089 2038 ρ

2199 2075 2276 2125 Δι’
2303 2074 2498 2126 ὁπόσου
2531 2073 2588 2125 δέ
2618 2071 2806 2143 χρόνου
2834 2066 3298 2139 ἐπεμϐλητέον,εῐ
3324 2083 3413 2129 τις
3446 2064 3683 2138 Ἡροδότῳ

2131 2163 2410 2217 πείθεσθαι
2439 2163 2599 2230 ἀξιοῖ,
2631 2162 2856 2216 αὐτόθεν
2878 2162 2940 2213 ἐκ
2962 2160 3069 2213 τῶν
3097 2158 3192 2212 νῦν
3214 2157 3278 2228 δὴ
3298 2156 3682 2229 παρατεθέντων

2131 2255 2243 2327 ἔχει
2265 2255 2446 2309 λαϐεῖν
2471 2255 2533 2308 τὸ
2560 2253 2907 2325 ζητούμενον.
2944 2249 3206 2315 Ἐναλλὰξ
3227 2251 3337 2322 γάρ
3359 2268 3445 2304 τοι
3472 2250 3684 2322 παρ’-ἕνα

2131 2347 2377 2417 γίνεσθαι
2395 2347 2483 2400 τὸν
2505 2348 2530 2399 ἐ
2539 2346 2833 2418 μϐολισμὸν
2855 2343 3006 2414 δηλοῖ
3025 2343 3120 2397 τοῦ
3141 2344 3188 2396 θ’
3209 2345 3299 2396 ἐτε
3308 2361 3402 2415 ρον
3426 2343 3534 2397 τῶν
3548 2343 3682 2395 ἐτέων

2132 2438 2326 2507 λέγων,
2339 2439 2433 2491 καὶ
2445 2435 2898 2508 τριακονταπέντε
2915 2434 3090 2506 μῆνας
3105 2433 3441 2504 ἐμϐολίμους
3456 2432 3559 2485 τῶν
3573 2431 3684 2483 ἐϐδο-

2137 2532 2380 2602 μήκοντα
2403 2528 2539 2582 ἐτῶν
2562 2527 2828 2600 ἀριθμῶν.
2848 2528 2917 2580 Ἣ
2933 2525 3090 2578 τοῦτο
3121 2526 3219 2595 μὲν
3245 2523 3378 2586 ἴσως
3406 2525 3569 2576 δεῖται
3588 2522 3684 2574 σκέ-

2134 2622 2300 2692 ψεως,
2326 2621 2442 2686 πῶς
2465 2621 2550 2684 ἂν,
2571 2620 2781 2692 θατέρῳ
2798 2619 2882 2672 ἀεὶ
2899 2617 3004 2670 τῶν
3035 2617 3172 2671 ἐτῶν
3197 2615 3682 2686 ἐπεμϐαλλομένων.

2136 2715 2430 2786 τριάκοντα
2459 2712 2699 2784 ἡμερῶν,
2735 2709 3020 2780 συμϐαίνοι
3049 2710 3178 2771 τοὺς
3220 2707 3403 2778 μῆνας
3438 2706 3686 2776 ὁμολογεῖν

2137 2807 2257 2868 ταῖς
2280 2805 2449 2875 ὥραις
2473 2802 2578 2856 ἀεί·
2601 2801 2724 2854 ἐπεὶ
2748 2799 2802 2852 δέ
2832 2799 3008 2870 μάτην
3028 2797 3092 2850 ἂν
3114 2797 3320 2866 γίνοιτο
3347 2796 3438 2849 διὰ
3463 2795 3687 2848 πλειόνων

452 2886 871 2955 tempestatibus
898 2895 1231 2957 competere.
1263 2889 1494 2954 Quando
1521 2907 1654 2947 sane
1682 2901 1885 2949 temere
1944 2911 2040 2965 per

2145 2897 2199 2950 τὸ
2216 2896 2282 2948 δι’
2310 2895 2614 2948 ἐλασσόνων
2641 2893 2936 2963 δυνάμενον
2957 2889 3226 2959 γίνεσθαι’
3251 2888 3463 2956 γίνοιτο
3489 2887 3531 2940 δ’
3557 2887 3613 2940 ἂν
3635 2886 3688 2938 δι’

453 2975 611 3044 plura
635 2975 746 3042 ﬁat,
776 2977 924 3046 quod
953 2978 1071 3032 ﬁeri
1097 2979 1276 3048 possit
1306 2995 1403 3050 per
1425 2982 1714 3050 pauciora;
1765 2986 1911 3054 atqui
1944 3001 2040 3055 per

2145 2987 2462 3049 ἐλασσόνων,
2495 2986 2544 3036 εί
2576 2983 2664 3038 διά
2695 2983 2955 3053 τετάρτου
2993 2979 3168 3051 ταύτῃ
3211 2979 3501 3050 γινόμενον
3544 2974 3596 3030 εὖ
3639 2976 3690 3028 ἄν

454 3069 713 3138 pauciora
745 3069 858 3135 fiat,
884 3068 932 3125 si
958 3080 1155 3140 quarto
1185 3086 1405 3142 quoque
1433 3088 1578 3128 anno
1633 3073 1838 3132 factum
1888 3092 2040 3148 teque

2145 3079 2274 3150 ἐχοιο
2319 3077 2631 3147 ληφθέντων
2684 3075 2782 3146 μὲν
2831 3073 2937 3127 τῶν
2995 3071 3181 3144 μηνῶν
3229 3072 3356 3125 καθ’
3401 3071 3437 3125 ἃ.
3489 3072 3687 3142 εἴρηται,

456 3168 611 3216 recte
634 3161 853 3216 habeat.
882 3159 1130 3231 Sumptis
1160 3162 1382 3232 quidem
1413 3165 1716 3231 mensibus,
1766 3174 1824 3221 ut
1855 3169 2040 3224 retuli-

2146 3173 2242 3224 ἐπε
2251 3169 2635 3241 μϐαλλομένων
2661 3168 2717 3221 δὲ
2743 3165 3033 3237 τριάκοντα
3058 3165 3283 3236 ἡμερῶν
3316 3164 3396 3234 τῷ
3417 3163 3579 3234 τρίτῳ
3606 3162 3691 3212 ἔτει

457 3265 601 3314 mus,
626 3257 682 3305 et
723 3250 1062 3306 intercalatis
1101 3253 1296 3310 diebus
1357 3255 1580 3324 triginta
1640 3266 1766 3328 post
1820 3260 2039 3315 tertium

2145 3265 2250 3326 ἀεὶ,
2272 3262 2430 3315 τοῦτο
2449 3261 2494 3313 δ’
2525 3259 2641 3312 ἐστὶ
2671 3257 2822 3328 παρὰ
2851 3256 2943 3309 δύο
2971 3255 3220 3323 γίνεσθαι
3250 3255 3342 3308 τὸν
3372 3250 3689 3323 ἐμϐολισμόν·

456 3360 731 3416 quemque
753 3358 976 3411 annum,
997 3346 1100 3400 hoc
1115 3353 1200 3401 est
1225 3346 1514 3402 intervallo
1525 3347 1756 3402 duorum
1774 3365 2040 3406 annorum

2145 3351 2281 3422 πλὴν
2306 3353 2354 3403 εἰ
2381 3349 2489 3421 ἄρα
2511 3347 2618 3403 ἀπό
2646 3364 2790 3409 τινος
2813 3345 2919 3399 τῶν
2949 3345 3194 3416 ἀρχικῶν
3213 3342 3492 3414 τροπικῶν
3507 3339 3693 3412 ἡμερῶν

458 3435 928 3493 intercalalionem
958 3439 1094 3503 fieri,
1118 3440 1224 3495 nisi
1249 3441 1294 3495 si
1312 3441 1381 3494 ab
1408 3441 1514 3496 hoc
1561 3441 1871 3497 inchoativo
1902 3459 2041 3512 quo-

461 3526 606 3596 piam
633 3527 723 3583 die
752 3528 1030 3583 solstitiali
1061 3543 1241 3584 annus
1269 3530 1515 3598 incipiat.
1551 3527 1692 3583 Sunt
1746 3539 1926 3584 autem
1959 3531 2044 3584 in-

461 3618 702 3673 choativi
735 3619 1079 3684 solstitiales,
1105 3621 1336 3690 primus,
1371 3619 1667 3683 secundus,
1697 3623 1909 3685 tertius,
1932 3623 2048 3676 uni.

463 3724 637 3764 versa:
664 3708 1028 3777 perfectaeque
1055 3709 1288 3777 periodi.
1349 3708 1565 3764 Primus
1603 3710 1823 3778 quidem
1887 3711 2046 3781 primi

466 3814 734 3854 annorum
770 3800 1081 3865 undenarii,
1113 3809 1167 3854 et
1197 3801 1531 3870 imperfectae
1567 3801 1813 3871 periodi;
1855 3818 2050 3858 secun-

468 3887 571 3942 dus
594 3904 726 3942 vero
749 3888 974 3942 secundi
997 3889 1309 3953 undenarii,
1331 3899 1385 3943 et
1425 3888 1754 3958 imperfectae
1801 3891 2048 3960 periodi;

470 3981 665 4035 tertius
705 3989 885 4036 autem
943 3982 1220 4051 sequentis
1270 3982 1535 4035 octonarii
1596 3982 1806 4051 justum
1862 4000 2052 4038 nume-

471 4086 591 4125 rum
640 4072 910 4128 universae
956 4073 1316 4142 perfectaeque
1373 4073 1532 4143 168
1563 4073 1770 4142 periodi
1822 4074 2052 4144 implen-

471 4171 561 4224 tis.
593 4169 730 4223 Nam
757 4169 861 4224 hoc
883 4185 1055 4240 genus
1099 4169 1386 4234 curriculi,
1423 4178 1481 4224 ut
1515 4169 1676 4239 plena
1720 4169 1774 4223 in
1825 4170 1910 4225 bis
1958 4171 2054 4226 fiat

2144 3446 2367 3517 ἄρχεται
2399 3444 2429 3496 ό
2463 3440 2726 3504 ἐνιαυτός.
2777 3432 2949 3493 Αῦται
2997 3438 3042 3491 δ’
3079 3438 3188 3490 εἰσὶ
3227 3435 3446 3508 πρώτη,
3481 3431 3694 3502 δευτέρα.

2145 3538 2326 3609 τρίτη,
2356 3535 2457 3605 τῆς
2479 3534 2606 3605 ὅλης
2632 3533 2723 3586 καὶ
2753 3529 3075 3593 αὐτοτελοῦς
3104 3529 3382 3600 περιόδου·
3410 3526 3592 3596 πρώτη
3618 3523 3698 3592 μὲν

2145 3626 2244 3696 τῆς
2278 3621 2500 3695 πρώτης
2528 3620 2809 3684 ἑνδεκάδος
2830 3619 2924 3673 καὶ
2948 3617 3175 3681 ἀτελοῦς
3199 3617 3473 3689 περιόδου·
3503 3613 3697 3682 δευτέρα

2147 3717 2203 3770 δέ
2222 3715 2318 3784 τῆς
2338 3713 2596 3785 δευτέρας
2616 3711 2895 3775 ἑνδεκάδος
2917 3709 3014 3763 καὶ
3033 3707 3259 3771 ἀτελοῦς
3281 3725 3347 3760 πε
3356 3707 3551 3778 ριὸδου’
3568 3702 3695 3774 τρίτη

2149 3806 2206 3859 δέ
2224 3806 2320 3875 τῆς
2342 3803 2469 3873 ἑξῆς
2491 3803 2713 3865 όκτάδος
2740 3818 2803 3854 συ
2813 3800 2956 3872 μπλη
2965 3797 3166 3871 ρούσης
3189 3799 3290 3870 τὴν
3306 3797 3435 3868 ὃλην
3449 3814 3506 3849 τε
3524 3795 3606 3848 καὶ
3619 3792 3696 3844 αὕη

2150 3896 2340 3966 τοπιελῆ
2371 3894 2635 3965 περίοδον.
2664 3893 2916 3947 Βούλεται
2937 3893 3034 3963 μὲν
3050 3891 3160 3962 γὰρ
3185 3893 3218 3962 ἡ
3241 3889 3430 3958 ἔφοδος
3455 3887 3585 3941 κάπὶ
3605 3881 3698 3936 τού-

2151 4007 2258 4041 των
2289 3989 2390 4059 τὴν
2425 3987 2636 4056 τριάδα·
2682 3986 2967 4057 συμϐαίνει
2999 3985 3057 4038 δὲ
3091 3981 3435 4056 περιττεύειν
3467 3979 3620 4051 μηθὲν
3640 3975 3699 4044 τῷ

2151 4081 2445 4151 τελευταίῳ
2465 4079 2596 4132 ἐτειο
2625 4078 2737 4134 ἀλλ’
2767 4079 2885 4148 ἤτοι
2913 4077 3201 4140 ἐλλείπειν,
3231 4075 3308 4137 ὡς
3337 4074 3430 4125 ἐπὶ
3458 4072 3553 4141 τῆς
3578 4064 3697 4138 7:95)-

2152 4191 2253 4244 της
2283 4172 2562 4235 ἑνδεκάδος
2600 4171 2695 4225 καὶ
2729 4170 2828 4240 τῆς
2867 4169 3147 4240 δευτέρας,
3182 4168 3216 4239 ἢ
3265 4167 3492 4230 ἰσάζειν,
3537 4165 3602 4225 ὡς
3632 4159 3700 4212 ἐπὶ

471 4278 741 4318 annorum
779 4265 1068 4328 revolutio,
1095 4265 1402 4319 ternarium
1447 4264 1601 4318 illum
1635 4278 1902 4318 annorum
1930 4279 2040 4334 gra-

2154 4267 2252 4336 τῆς
2293 4265 2419 4336 έξῆς
2460 4281 2524 4332 γε
2557 4262 2804 4326 όκτάδος.
2849 4261 2923 4314 Δι’
2964 4260 3102 4330 ὅπερ
3134 4258 3352 4326 ἀνάγκη
3395 4256 3473 4327 τῷ
3514 4251 3633 4324 μετὰ
3657 4248 3701 4300 τὸ

471 4355 602 4409 dum
630 4357 858 4426 expetit.
898 4355 1070 4410 Porro
1121 4354 1323 4410 accidit
1356 4355 1492 4409 nihil
1523 4355 1717 4409 ultimo
1768 4370 1912 4409 anno
1962 4372 2040 4412 su-

2157 4357 2384 4429 ἀρχικὸν
2412 4356 2574 4419 εὐθὺς
2601 4356 2710 4408 ἔτει
2741 4354 2966 4422 ἐπάγειν
2995 4354 3094 4414 τὰς
3121 4349 3407 4420 περιττάς.
3439 4349 3528 4399 Δεῖ
3557 4342 3702 4415 μέντοι

474 4448 772 4518 perﬂuere;
803 4449 896 4505 sed
933 4449 1018 4504 vel
1048 4448 1305 4513 deﬁcere,
1339 4456 1401 4501 ut
1430 4449 1482 4502 in
1508 4447 1688 4518 primo
1717 4455 1771 4501 et
1814 4448 2040 4502 secundc

2159 4446 2252 4499 καί
2278 4463 2422 4508 τινος
2460 4445 2652 4516 ἐτέρας
2687 4443 3004 4516 προσθήκης
3035 4441 3126 4494 διὰ
3155 4440 3224 4493 τά
3257 4438 3603 4508 ἐπιτρέχοντα
3625 4429 3701 4502 μό-

475 4540 813 4609 undenario;
869 4542 954 4597 vel
1002 4557 1244 4612 aequare,
1305 4549 1364 4595 ut
1415 4540 1470 4594 in
1521 4547 1784 4609 sequente
1829 4539 2050 4608 quidem

475 4633 778 4688 octonario.
826 4633 1172 4702 Quapropter
1223 4646 1450 4687 necesse
1491 4640 1575 4686 est
1645 4629 1906 4683 continuo
1971 4629 2048 4682 illi

2164 4555 2274 4608 pta,
2304 4537 2356 4589 εί
2377 4555 2439 4606 γε
2467 4537 2679 4608 ἡμέρας
2711 4535 2946 4588 ἐλλείπει
2981 4535 3112 4603 μιᾶς
3141 4549 3246 4584 που
3275 4530 3365 4583 διὰ
3394 4520 3702 4601 τετραετηρί-

2156 4629 2264 4693 δος.
2311 4627 2754 4701 Ἀναπληρωτέον
2787 4626 2843 4678 δέ
2869 4623 3012 4678 κατὰ
3041 4623 3207 4694 μέρος
3231 4614 3356 4675 ὧδε.

475 4741 639 4792 anno,
663 4729 756 4797 qui
803 4729 1064 4784 initialem
1099 4728 1325 4798 excipit,
1359 4727 1477 4783 dies
1539 4725 1885 4780 abundantes
1917 4725 2172 4794 adjicere.
2200 4725 2384 4779 Altera
2461 4731 2642 4777 tamen
2699 4720 2978 4775 additione
3040 4719 3208 4772 etiam
3273 4734 3416 4788 opus
3457 4721 3556 4774 est,
3603 4718 3702 4777 ιπο·

475 4831 596 4892 pter
615 4828 997 4876 excurrentem
1057 4821 1384 4892 particulam
1433 4835 1447 4870 :
1489 4819 1764 4889 siquidem
1808 4824 2007 4888 quarto
2053 4833 2273 4890 quoque
2312 4831 2456 4872 anno
2481 4817 2601 4873 dies
2641 4829 2786 4869 unus
2839 4812 3013 4868 deest.
3070 4810 3375 4884 Repleatur
3421 4812 3595 4878 itaque
3632 4813 3706 4869 per

475 4915 624 4968 vices
663 4914 768 4967 hoc
796 4914 980 4968 modo.

521 5005 657 5060 “Fac
707 5021 832 5061 esse
895 5005 1368 5062 Hecatombaeonis
1423 5003 1712 5060 neomenia
1765 5001 2059 5059 solstitium

479 5098 658 5167 primo
687 5111 833 5151 anno
858 5115 872 5151 :
901 5105 1164 5166 sequente
1201 5095 1450 5167 profecto
1479 5096 1586 5150 erit
1611 5093 1936 5150 duodecimo
1971 5093 2059 5147 die

481 5189 988 5254 llecatombaaonis;
1009 5189 1169 5257 eique
1198 5189 1385 5244 addito
1441 5187 1814 5251 intercalario,
1844 5185 2059 5255 ipsique

485 5281 922 5350 supplementum
979 5280 1287 5336 confectum
1331 5289 1438 5346 est,
1488 5271 1844 5348 et‘sequenti
1892 5289 2057 5338 anno,

483 5380 617 5444 puta
649 5370 833 5433 tertio,
860 5369 1153 5425 solstitium
1177 5372 1395 5426 exsistit
1418 5371 1680 5425 vicesimo
1709 5367 1952 5424 secundo
1969 5366 2061 5422 die

487 5462 695 5518 mensis
762 5461 1118 5526 intercalarii,
1164 5471 1219 5517 et
1263 5459 1524 5532 superflui
1573 5467 1702 5515 sunt
1731 5460 1852 5515 dies
1895 5467 2058 5524 octo;

490 5555 638 5624 atqui
658 5553 911 5608 undecim
943 5555 1247 5623 oportebat.
1271 5555 1459 5622 itaque
1482 5553 1537 5606 in
1559 5563 1814 5622 quartum
1847 5552 2061 5606 instan-

488 5646 564 5699 tis
616 5643 1085 5700 Hecatombaeonis
1141 5645 1438 5700 solstitium
1469 5653 1668 5713 quarto
1716 5657 1860 5697 anno
1890 5643 2064 5707 redit;

2243 4991 2583 5048 ’Υποκείσθω
2621 4985 3096 5061 Ἑκατομϐαιῶνος
3121 4986 3392 5058 νουμηνία
3414 4985 3513 5057 τὴν
3539 4979 3705 5055 τροπὴν

2159 5085 2298 5142 εἶναι
2322 5086 2400 5157 τῷ
2432 5085 2644 5163 πρώτῳ,
2659 5084 2788 5137 ἐτειο
2819 5079 3014 5136 οὐκοῦν
3038 5079 3116 5150 τῷ
3137 5080 3380 5151 δευτέρῳ
3402 5078 3616 5148 δευτέρα
3635 5071 3705 5126 ἐπὶ

2161 5179 2312 5233 δέκα.
2346 5177 2534 5248 Τούτῳ
2563 5176 2606 5229 δ’
2635 5175 2964 5245 ἐπαχθέντος
3007 5170 3103 5225 τοῦ
3144 5170 3478 5242 ἐμϐολίμου,
3523 5165 3638 5222 αὑτό
3663 5178 3703 5213 τε

2168 5272 2649 5344 συμπεπλήρωται,
2696 5270 2790 5322 καὶ
2831 5269 2864 5339 ή
2908 5265 3082 5339 τροπὴ
3111 5265 3272 5336 ὀγδόῃ
3312 5263 3410 5317 τοῦ
3451 5260 3705 5333 ἐμϐολίμου

2162 5366 2440 5435 φθίνοντος
2475 5364 2710 5435 ὑπάρχει
2750 5359 2828 5430 τῷ
2871 5359 3098 5420 ἐπιόντι,
3149 5357 3244 5410 καὶ
3284 5355 3536 5426 περιτταὶ
3572 5345 3700 5435 όκτῶξ

2163 5431 2332 5508 δεῖδὲ
2375 5431 2840 5508 ἐνδεκα.νί)ὺκοῦν
2877 5452 2956 5514 εἰς
3001 5449 3269 5518 τετάρτην
3315 5445 3592 5514 ἱσταμένου
3632 5431 3702 5488 τοῦ

2176 5546 2651 5617 Ἑκατομϐαιῶνος
2685 5543 2947 5612 ἐπανήκει
2973 5538 3051 5610 τῷ
3078 5539 3206 5609 ἑξῆς
3231 5540 3265 5609 ἡ
3297 5537 3491 5609 τροπή·
3517 5529 3622 5586 εἶτα
3645 5527 3701 5618 εῐξ

2171 5641 2426 5710 πέμπτην
2459 5639 2553 5692 ἐπὶ
2583 5637 2714 5689 δέκα
2744 5635 2820 5704 τῷ
2849 5631 3091 5703 ἐχομένῳ
3120 5631 3356 5700 πρόεισι.
3393 5627 3555 5680 Τοῦτο
3589 5623 3626 5674 δ’
3652 5619 3699 5669 αὑ

491 5735 690 5793 deinde
711 5735 767 5790 in
799 5734 1069 5790 decimum
1102 5737 1353 5806 quintum
1413 5751 1557 5790 anno
1605 5733 1981 5805 consequenti,
2013 5733 2040 5786 ἱι

2171 5728 2466 5800 ἐμϐολάζον
2515 5729 2594 5790 εἰς
2649 5725 2903 5794 πέμπτην
2956 5720 3050 5774 τοῦ
3107 5718 3405 5791 ἐμϐολίμου
3469 5713 3700 5786 φθίνοντος
