3800 6364
114 344 257 402 12Ιό

1101 337 1455 396 THEODORI
1492 338 1699 394 οΑΜς
1736 338 1939 394 LIBER
1979 340 2070 396 DE
2107 340 2476 399 MENSIBUS.

3232 347 3371 404 12η

111 461 409 531 καθίστησι
452 459 557 531 τὴν
598 457 805 531 τροπὴν
859 456 939 530 τῷ
985 459 1229 523 δπιόντι,
1257 457 1379 511 ’καὶ
1434 455 1686 528 περιττὰς

1794 472 1902 527 quo
1927 458 2339 516 intercalatione
2367 460 2512 516 facta
2531 460 2728 532 quinto
2749 468 2805 518 et
2833 461 3096 518 vicesimo
3115 462 3203 519 die
3216 479 3380 519 men--

109 554 295 609 πέντε.
330 554 498 606 Ὥστε
547 552 608 605 τὸ
656 550 852 622 ἑφεξῆς
903 552 969 622 δὴ
1012 551 1217 624 ἑϐδόμῃ
1269 549 1556 621 ἱσταμένου
1601 548 1695 602 τοῦ

119 645 597 717 Ἑκατομϐαιῶνος
644 644 961 717 τροπιάσει,
998 646 1095 697 καὶ
1132 642 1295 717 ὀγδόῃ
1334 643 1429 696 ἐπὶ
1464 641 1596 695 δέκα
1637 641 1697 694 τὸ

108 740 233 808 μετ’
266 736 423 791 αὐτό.
465 736 669 792 Τούτου
700 737 757 789 δὲ
794 735 956 790 πάλιν
1001 734 1415 807 ὲμϐολάζοντος,
1455 736 1489 805 ἡ
1521 732 1695 807 τροπὴ

101 829 337 901 δευτέρᾳ
371 827 465 881 τοῦ
514 827 813 900 ἐμϐολίμου
853 827 1133 897 φθίνοντος
1171 827 1322 880 ἔσται
1357 827 1438 897 τῷ
1467 826 1693 892 ἐπιόντι,

105 922 207 975 καὶ
258 920 516 992 περιτταὶ
567 919 678 973 δύο.
736 918 826 991 Τῷ
871 920 980 991 ἄρα
1027 919 1154 988 ἑξῆς
1195 921 1276 983 είς
1319 920 1553 990 δεκάτην
1599 918 1694 972 τοῦ

112 1010 597 1083 Ἑκατομϐαιῶνος
634 1011 983 1083 περιΐσταται
1015 1012 1050 1081 ἡ
1090 998 1306 1081 τροπὴ,
1334 1011 1431 1063 καὶ
1480 1009 1559 1081 τῷ
1600 1010 1695 1064 ἐπὶ

101 1104 284 1175 τούτῳ
317 1106 398 1167 είς
427 1104 660 1175 δεκάτην
692 1103 758 1173 δὴ
791 1101 1091 1172 φθίνοντος.
1132 1102 1294 1155 Τουτὶ⁹
1320 1102 1365 1155 δ’
1395 1102 1694 1172 ὲμϐολάςον

101 1196 415 1250 τελευταῖον
446 1196 549 1267 τῆς
577 1193 801 1266 πρώτης
830 1194 1128 1259 ἑνδεκάδος,
1156 1196 1237 1257 εἰς
1258 1193 1519 1264 δευτέραν
1545 1195 1695 1247 ίστα-

105 1286 274 1357 μένου
298 1286 392 1340 τοῦ
426 1285 898 1357 Ἑκατομϐαιῶνος
919 1282 1318 1354 ἀποκαθίστησι
1342 1282 1441 1353 τὴν
1461 1282 1691 1354 τροπὴν,

101 1378 369 1451 περιττὴν
401 1377 501 1449 μὲν
542 1375 810 1448 μηδεμίαν
837 1374 1149 1437 ύπολεῖπον,
1189 1374 1314 1443 μιᾶς
1364 1371 1409 1424 δ’
1442 1372 1522 1424 ἔτι
1552 1370 1690 1426 δέον.

100 1470 255 1542 Αὕτη
295 1470 392 1541 μὲν
420 1466 516 1524 οὖν
550 1467 741 1541 πρώτη
775 1465 1021 1530 ένδεκάς,
1047 1465 1141 1519 καὶ
1171 1463 1417 1535 περίοδος
1450 1463 1507 1516 ὲν
1538 1461 1692 1533 μέρει

98 1563 197 1616 καὶ
224 1561 457 1633 ἀτελὴς,
493 1558 770 1629 ἀρχομένη
802 1558 901 1629 μὲν
929 1556 1040 1611 ἀπὸ
1070 1554 1367 1626 νουμηνίας
1396 1552 1491 1606 τοῦ
1536 1553 1694 1606 Ἐκα-

98 1652 467 1724 τομϐαιῶνος,
515 1649 820 1705 τελευτῶσα
856 1649 914 1703 δὲ
952 1650 1033 1712 είς
1076 1647 1333 1718 δευτέραν
1380 1644 1690 1715 ἱσταμένου,

97 1744 164 1798 δι’
199 1744 437 1807 έπτάδος
469 1741 752 1812 ίθαγενοῦς
791 1740 994 1813 δηλαδὴ
1035 1737 1408 1810 βοηθουμένης
1436 1734 1692 1809 τετράδος

99 1835 480 1907 ὲμϐολιμαίων
507 1810 661 1888 ἐτῶν·
693 1810 922 1905 δευτέρα
1032 1831 1194 1902 ὀμοία
1222 1832 1303 1894 είς
1325 1830 1515 1901 τρίτην
1540 1829 1691 1882 ίστα·
1723 1810 1764 1864 Β

102 1929 275 1999 μένου
320 1925 723 1995 ἀποκαθίστησι
767 1924 866 1996 τὴν
908 1925 1140 1995 τρο-πτήν’
1181 1921 1373 1992 τρίτην
1407 1920 1450 1973 δ’
1494 1920 1692 1991 ἔχουσα

98 2020 259 2087 τάξιν
301 2019 490 2082 ὀκτάς,
536 2018 740 2088 ὁμοίως
784 2014 1168 2086 ὲφοδευομένη,
1218 2013 1417 2085 πληροῖ
1456 2013 1556 2083 τὴν
1592 2012 1693 2082 τῆς

97 2114 227 2182 ὅλης
278 2111 371 2165 καὶ
422 2108 746 2173 αὐτοτελοῦς
798 2106 1050 2179 περιόδου
1092 2105 1561 2170 ἀποκατάστασιν,
1610 2105 1692 2167 είς

100 2203 402 2275 νουμηνίαν
451 2200 866 2257 ἁποκαθιστᾶσα
904 2199 1001 2253 τοῦ
1042 2196 1537 2268 Ἑκατομϐαιῶνος.
1580 2195 1691 2249 Καὶ

101 2299 186 2352 ἀεὶ
224 2296 406 2361 οὕτως
453 2295 872 2367 περιϊστάμεναι
918 2294 975 2346 αἰ
1013 2291 1233 2363 τροπαὶ,
1272 2288 1546 2360 ὁμολόγως
1579 2290 1690 2353 τοῖς

105 2392 275 2463 μησὶν
301 2389 508 2457 ἕξουσι,
551 2386 988 2461 προστιθεμένων
1026 2385 1122 2439 καὶ
1153 2384 1258 2438 τῶν
1295 2382 1691 2454 ὲπιτρεχόντων

107 2483 331 2555 μορίων,
363 2483 515 2544 ὅπως
547 2480 613 2535 ἂν
645 2479 865 2551 ἄμεινον
899 2478 1027 2548 δοκῇ
1056 2474 1423 2549 προστιθέναι.
1454 2473 1690 2544 Θεωρεί-

105 2575 215 2628 σθω
241 2574 300 2627 δὲ
323 2572 497 2627 ταῦτα
518 2573 656 2626 κάπὶ⁹
684 2572 782 2642 τῆς
810 2569 1123 2641 ὲκτεθείσης
1146 2567 1476 2640 διαγραφῆς.
1504 2566 1691 2621 Ταῦτα

109 2665 203 2736 μὲν
233 2667 300 2719 ὲκ
335 2663 542 2718 τούτων
590 2663 921 2736 θεωρείσθω,
965 2661 1073 2733 ὅτῳ
1122 2660 1400 2732 ἐπιμελέςο
1445 2661 1493 2713 εί
1525 2658 1582 2713 δέ
1609 2675 1689 2730 τῳ

106 2758 255 2826 φζλον
294 2758 389 2810 καὶ
430 2755 572 2810 κατά
609 2755 874 2826 Πλήθωνα
916 2742 1146 2825 διαιρεῖν
1184 2769 1243 2807 τε
1285 2753 1380 2807 καὶ
1409 2750 1685 2823 ἀριθμεῖν,

105 2849 212 2902 οὐδ’
236 2847 389 2919 αὐτῷ
408 2865 463 2900 τι
490 2845 689 2900 κωλύει
716 2845 948 2917 χρῆσθαι
969 2848 1036 2916 τῇ
1058 2843 1206 2909 τάξει
1228 2860 1288 2897 τε
1312 2845 1405 2897 καί¹
1423 2843 1689 2915 ὀνομασίᾳ

104 2940 211 2993 τῶν
242 2938 431 3012 μηνῶν
467 2941 534 3011 τῇ
571 2937 914 3008 ἀποδοθείση.
949 2937 1067 2991 Κάν
1096 2936 1323 3007 Πλήθων
1351 2935 1492 2989 οὕτω
1520 2935 1689 2988 διονο-

110 3033 290 3104 μάζων
321 3033 452 3103 περὶ
480 3030 665 3103 μηνῶν
684 3030 944 3102 ἔγραφεν,
968 3031 1016 3083 εί
1040 3032 1168 3101 παρ’
1195 3029 1356 3082 ἄλλου
1384 3028 1565 3082 λαϐεῖν
1585 3028 1687 3100 τὴν

107 3128 239 3198 πρὸς
267 3125 535 3197 ἀλλήλους
573 3121 820 3188 σύνταξιν
851 3123 961 3177 τῶν
993 3122 1177 3195 μηνῶν
1210 3118 1352 3193 εἶχεν
1382 3122 1574 3194 ὀρθῶς·
1600 3122 1689 3176 ού-

108 3218 193 3271 θὲν
219 3216 333 3289 γὰρ
356 3215 506 3286 αὐτῷ
534 3214 658 3269 οὔτε
685 3215 785 3278 τὰς
817 3215 1153 3285 ἱερομηνίας,
1177 3213 1301 3267 οὕτε
1326 3213 1434 3267 τῶν
1465 3214 1690 3286 ἡμερῶν

106 3310 198 3380 τὴν
242 3308 652 3380 καταρίθμησιν
701 3306 1008 3377 ἐλυμαίνετ’
1050 3304 1116 3359 ἂν
1152 3306 1187 3377 ἦ
1234 3322 1299 3374 γε
1350 3306 1459 3360 τῶν
1506 3307 1690 3378 μηνῶν

106 3401 386 3472 ὀνομασία,
409 3400 487 3464 ὡς
528 3398 799 3469 Ἀθηναῖοι
835 3394 990 3469 ἦγον*
1021 3396 1096 3449 ὲῶ
1123 3396 1322 3464 λέγειν,
1354 3396 1429 3460 ὼς
1454 3399 1549 3450 καὶ
1571 3398 1691 3451 έσέ-

113 3512 303 3565 μνυνεν
329 3493 396 3547 ἂν
421 3492 621 3563 κομιδῇ
649 3489 1021 3561 ἐπικοσμοῦσα
1048 3490 1109 3543 τὸ
1135 3490 1387 3561 γράμμα,
1414 3489 1527 3543 Νῦν
1542 3490 1586 3543 δ’
1604 3491 1690 3544 ὅδε

106 3588 161 3639 τὸ
184 3585 282 3658 μὲν
298 3587 500 3640 ἄτοπον
527 3585 659 3655 ἡμῖν
683 3583 783 3653 τῆς
812 3583 1050 3654 ἐκφορᾶς
1078 3580 1186 3635 τῶν
1221 3581 1545 3652 Ῥωμαϊκῶν
1572 3582 1689 3635 ὀνο-

112 3678 289 3747 μάτων
331 3678 574 3747 φεύγων,
618 3674 941 3743 Ἰανουάριον
968 3672 1472 3744 καὶαφεϐρουάριον,
1497 3673 1593 3725 καὶ
1619 3672 1690 3725 τὰ

105 3768 325 3821 τοιαῦτα
364 3767 467 3820 οὐκ
497 3765 771 3836 ὀνομάζει’
816 3763 1035 3835 ἀπορῶν
1065 3763 1122 3816 δὲ
1150 3762 1247 3834 τὴν
1287 3762 1538 3829 σύνταξιν
1578 3763 1687 3818 τῶν

118 3858 460 3929 Ἑλληνικῶν,
488 3858 584 3911 καὶ
614 3856 673 3909 τὸ
699 3856 829 3927 περὶ
854 3854 952 3926 τὴν
975 3853 1199 3926 ζήτησιν
1222 3853 1567 3926 ταλαίπωρον
1595 3854 1687 3907 εὐ-

111 3950 457 4020 λαϐούμενος,
493 3949 585 4001 ἐπὶ
610 3947 671 4000 τὸ
703 3948 991 4019 πρόχειρον
1030 3946 1285 4018 τρέπεται
1311 3944 1406 3999 τοῦ
1430 3945 1685 4017 ἀριθμοῦ.

1795 551 1875 607 sis
1901 552 2235 607 intercalarii
2263 553 2515 623 sequenti
2537 568 2705 617 anno,
2737 554 2947 611 scilicet
2976 563 3155 621 sexto,
3185 556 3370 612 solsti-

1795 642 1930 698 tium
1954 644 2275 709 collocatur,
2307 653 2362 700 et
2398 644 2744 715 superfluunt
2796 646 3061 717 quinque.
3116 647 3369 717 Quapro-

1792 744 1915 806 pter
1976 752 2158 793 annus
2206 738 2471 807 septimus
2538 753 2776 809 sequens
2851 740 3082 810 septimo
3128 741 3369 797 ineuntis

1793 824 2261 884 Hecatombzeonis
2289 829 2586 885 solstitium
2609 837 2852 900 peraget,
2868 843 2923 886 et
2945 829 3159 887 decimo
3176 843 3369 887 octavo

1793 907 1972 976 annus
1994 928 2242 977 octavus.
2284 921 2399 977 Hoc
2428 938 2649 978 rursum
2682 923 2997 978 intercalari
3048 922 3214 986 facto.
3257 924 3370 979 sol-

1792 1014 2000 1079 stitiim
2033 1013 2140 1069 erit
2161 1013 2427 1069 vicesimo
2451 1030 2596 1070 nono
2628 1013 2718 1069 die
2773 1016 2982 1071 mensis
3033 1014 3368 1070 intercalarii

1792 1119 1937 1159 anno
1966 1112 2252 1174 sequente,
2283 1112 2337 1160 et
2360 1104 2480 1160 dies
2518 1106 2859 1161 abundantes
2885 1105 3018 1160 duo.
3051 1104 3209 1159 Anno
3238 1120 3369 1161 vero

1791 1196 2005 1252 decimo
2033 1236 2048 1261 ,
2103 1196 2157 1251 in
2224 1196 2497 1252 decimum
2540 1197 3009 1254 lieeatombaaonis
3073 1197 3367 1254 solstitium

1792 1287 2186 1358 circumagitur
2220 1307 2232 1342 :
2260 1296 2315 1343 et
2345 1289 2596 1358 proximo
2640 1289 2695 1344 in
2730 1290 3055 1345 vicesimum
3103 1290 3365 1361 primum,

1792 1379 1887 1448 qui
1917 1377 2095 1435 factus
2125 1380 2471 1436 intercalaris
2516 1382 2745 1439 ultimus
2800 1382 3022 1453 quidem
3061 1382 3221 1454 primi
3264 1399 3369 1437 un-

1791 1469 2022 1534 denarii,
2074 1472 2128 1526 in
2178 1473 2479 1527 secundum
2541 1472 3013 1532 Hecatombaonis
3064 1473 3368 1531 solstitium

1792 1563 2053 1627 restituit,
2080 1564 2288 1618 nullum
2326 1564 2658 1645 superfluum
2689 1565 3024 1636 relinquens,
3054 1567 3149 1622 sed
3187 1566 3367 1622 adhuc

1792 1656 1882 1712 die
1908 1671 2019 1711 uno
2048 1656 2317 1727 indigens.
2353 1657 2654 1730 lpseigitur
2685 1660 2898 1731 primus
2920 1659 3275 1727 undenar’ius,
3311 1673 3368 1716 et

1794 1748 2146 1818 particularis
2176 1749 2455 1819 periodus,
2483 1759 2539 1804 et
2569 1751 2914 1820 imperfecta,
2946 1752 3219 1823 incipiens
3244 1753 3370 1823 qui-

1791 1838 1914 1894 dem
1951 1853 1981 1893 a
2014 1839 2298 1894 novilunio
2333 1839 2824 1907 Hecatombazonis,
2855 1843 2945 1899 die
2968 1858 3095 1899 vero
3124 1843 3369 1899 secundo

1794 1930 2040 2000 ejusdem
2067 1930 2287 1998 finiens,
2317 1946 2415 2001 per
2436 1939 2642 2001 septem
2691 1933 2904 1988 scilicet
2934 1947 3107 1989 annos
3144 1939 3370 1987 natura—

1794 2020 1895 2086 les,
1919 2022 2225 2092 opitulante
2253 2023 2661 2079 intercalarium
2686 2038 2955 2080 annorum
2982 2025 3366 2095 quaternione.

1796 2113 2083 2170 Secundus
2106 2122 2366 2185 praeterea
2405 2115 2744 2172 undenarius
2798 2116 3054 2172 similiter
3109 2117 3166 2171 in
3223 2116 3365 2171 diem

1793 2204 2015 2260 tertium
2044 2203 2517 2261 Hecatombmonis
2547 2207 2845 2262 solstitium
2877 2207 3076 2278 rejicit,
3108 2215 3165 2262 at
3205 2206 3371 2262 tertio

1793 2294 1917 2352 loco
1942 2298 2260 2353 octonarius
2304 2297 2764 2369 positus.pariter
2807 2299 3098 2363 decursus,
3159 2299 3371 2370 perficit

1795 2385 2241 2460 illam‘universze
2261 2388 2624 2459 perfectaeque
2653 2390 2865 2460 periodi
2887 2390 3105 2460 plenam
3157 2390 3368 2446 instau-

1792 2480 2083 2546 rationem,
2114 2481 2412 2537 solstitium
2441 2480 2497 2536 in
2524 2481 2873 2537 neomeniam
2898 2480 3370 2539 Hecatombemis

1793 2572 2112 2629 restituens.
2136 2570 2204 2626 Et
2226 2572 2307 2627 sic
2336 2587 2554 2643 semper
2588 2572 2924 2628 circumacta
2958 2573 3201 2630 solstitia
3241 2589 3368 2628 eum

1793 2664 2074 2720 mensibus
2105 2672 2445 2735 congruent,
2481 2662 2686 2719 additis
2736 2664 2901 2720 etiam
2958 2664 3245 2734 particulis
3273 2680 3370 2720 ex-

1794 2757 2141 2812 currentibus
2173 2771 2336 2827 quam
2367 2755 2820 2812 commodissile
2848 2755 2976 2811 addi
3007 2772 3171 2827 posse
3218 2756 3370 2813 vide-

1792 2848 2018 2904 buntur.
2044 2846 2216 2903 Porro
2236 2846 2639 2903 consideranda
2667 2846 2785 2902 haec
2838 2856 2969 2904 sunt
2997 2847 3160 2903 etiam
3189 2848 3244 2903 in
3275 2864 3372 2904 ex-

1794 2944 1971 3011 posita
1997 2934 2427 3011 ‘descriptaqne
2482 2940 2702 3007 tabella,
2739 2940 2787 2996 si
2842 2940 2935 2995 cui
2986 2941 3041 2995 id
3090 2956 3237 2995 cura:
3261 2949 3366 2998 est.

1793 3028 1949 3097 Quod
1980 3028 2153 3086 sicui
2205 3029 2385 3099 placet
2448 3028 2752 3084 secundum
2799 3026 3116 3084 Pletbonem
3181 3027 3372 3084 distri-

1793 3122 1982 3187 buere,
2012 3128 2068 3177 et
2097 3134 2409 3185 numerare,
2440 3120 2579 3175 nihil
2636 3120 2789 3175 illum
2845 3119 3125 3190 impediat,
3157 3119 3372 3201 quomi-

1744 3203 1762 3224 ⁴
1792 3233 1899 3273 nus
1917 3223 1972 3272 et
2004 3214 2199 3271 ordine
2226 3220 2435 3280 utatur,
2466 3221 2522 3269 et
2546 3213 2830 3269 nominum
2859 3213 3072 3267 ratione
3114 3221 3244 3268 ante
3271 3229 3368 3268 ex-

1794 3310 2015 3381 plicata.
2060 3308 2241 3378 Atque
2271 3308 2435 3363 etiam
2490 3306 2722 3363 Plethon
2783 3306 2886 3360 hac
2928 3305 3371 3361 denominatione

1795 3418 1930 3459 usus
1968 3408 2135 3466 esset,
2158 3416 2283 3455 cum
2314 3400 2383 3457 de
2413 3400 2696 3455 mensibus
2729 3399 3015 3463 scriberet,
3043 3398 3089 3454 si
3120 3405 3269 3453 recte
3299 3397 3372 3453 ab

1795 3494 1903 3548 alio
1929 3493 2165 3548 mutuari
2184 3491 2328 3548 hanc
2355 3500 2599 3548 mutuam
2628 3492 2900 3548 mensium
2937 3490 3133 3547 seriem
3161 3491 3372 3561 potuis-

1796 3594 1899 3643 set.
1926 3584 2115 3655 Neque
2150 3584 2297 3642 enim
2326 3584 2429 3655 ipsi
2462 3599 2593 3640 suas
2625 3581 2814 3649 ferias,
2852 3582 3183 3652 dierumque
3232 3597 3371 3637 enu-

1793 3678 2155 3734 merationem
2186 3676 2572 3733 labefactasset
2596 3674 2901 3730 Atticorum
2944 3674 3216 3730 mensium
3269 3687 3371 3728 no-

1792 3769 2132 3825 menelatura
2158 3788 2171 3823 :
2198 3777 2259 3824 ut
2289 3768 2509 3824 interim
2539 3773 2774 3831 taceam,
2806 3772 3075 3838 quantum
3128 3765 3369 3834 dignita-

1793 3860 1866 3915 tis
1885 3866 1940 3915 et
1969 3858 2279 3931 splendoris
2329 3858 2621 3922 attulisset,
2650 3856 2853 3912 librum
2890 3856 3067 3926 ipsum
3126 3854 3368 3926 scriptu-

1792 3966 2021 4022 ramque
2049 3952 2267 4008 abunde
2294 3964 2593 4007 exornans.
2624 3947 2784 4005 Nunc
2813 3963 2942 4004 vero
2964 3948 3053 4004 ille
3078 3947 3369 4004 absurdam

110 4044 263 4100 nobis
296 4043 666 4097 Romanorum
689 4041 958 4096 mensium
994 4041 1421 4095 enuntiationem
1453 4040 1747 4113 refugiens,
1790 4060 1893 4100 nec
1923 4044 2266 4112 Ianuarium,
2309 4058 2408 4098 nec
2432 4040 2817 4106 Februarium,
2853 4056 2956 4095 nec
2994 4039 3235 4109 reliquos
3267 4053 3368 4092 no-

109 4134 271 4188 minat
299 4151 313 4187 :
344 4132 523 4203 deque
561 4130 871 4187 Graecorum
901 4133 1171 4189 mensium
1194 4132 1386 4188 ordine
1411 4131 1842 4203 dubitabundus,
1874 4145 1928 4193 et
1958 4136 2162 4193 laboris
2194 4133 2556 4207 investigandi
2587 4131 2848 4204 fugitans,
2894 4131 2962 4186 ad
2990 4129 3205 4186 numeri
3231 4128 3370 4186 faci-

107 4224 303 4282 litatem
326 4227 634 4283 divertitur.

501 4319 639 4389 Περὶ
666 4319 861 4390 ἀρχῆς
886 4320 996 4388 τῆς
1024 4320 1271 4390 ἡμέρας·

172 4413 256 4467 K'.
308 4411 557 4483 Ἡμέρας
581 4411 625 4465 δ’
657 4412 830 4484 ἀρχὴν
869 4412 1151 4483 (συγγενὲς
1176 4413 1284 4484 γὰρ
1316 4412 1396 4484 τῷ
1423 4414 1552 4487 περὶ
1582 4431 1687 4485 μη-

109 4501 209 4555 νῶν
238 4503 382 4575 λόγῳ
406 4504 502 4557 καὶ
531 4503 707 4573 τοῦτο)
743 4504 1013 4576 Ἀθηναῖοι
1042 4504 1137 4575 μὲν
1165 4505 1258 4574 ἀφ’
1288 4506 1437 4576 ἡλίου
1465 4505 1685 4577 δυσμῶν

109 4590 257 4663 ἦγον,
286 4596 385 4667 τὴν
414 4595 589 4649 νύκτα
614 4598 680 4667 τῇ
720 4598 838 4667 μετ’
889 4595 1058 4667 αὐτὴν
1107 4595 1288 4669 ἡμέρᾳ
1323 4594 1681 4667 λογιζόμενοι,

111 4686 199 4739 καὶ
234 4687 327 4740 τὸν
375 4686 580 4757 μεταξὺ
624 4686 814 4756 γρετον
862 4686 1023 4758 μέχρι
1069 4686 1179 4740 τῶν
1221 4688 1422 4759 ἐτέρων
1465 4685 1684 4757 δυσμῶν

114 4773 237 4841 μίαν
266 4773 543 4845 τιθέμενοι
576 4774 807 4845 ημέραν,
856 4775 934 4838 ὡς
970 4770 1140 4839 Αὖλος
1189 4775 1476 4847 Ῥωμαίων
1506 4775 1687 4844 λόγιος

111 4866 330 4937 Μάρκον
354 4867 588 4937 Βάρωνα
610 4866 1050 4938 ἁναγεγραφέναι
1081 4868 1233 4937 φησί’
1268 4869 1529 4939 Ῥωμαῖοι
1556 4868 1613 4922 δὲ
1635 4870 1685 4921 oi

115 4960 206 5028 μὲν
235 4962 456 5031 ἀρχαῖοι
486 4959 596 5015 ἀπὸ
622 4959 798 5030 μέσων
818 4959 1026 5012 νυκτῶν
1047 4960 1296 5031 ἧρχοντο,
1318 4953 1399 5022 οἷς
1421 4958 1523 5013 καὶ
1540 4958 1686 5031 Πλή-

113 5052 213 5105 θων
244 5054 515 5126 ἑπόμενος
548 5051 721 5124 ἀρχὴν
747 5051 1000 5122 τοιαύτην
1027 5052 1281 5105 ποιεῖταν
1312 5051 1362 5103 oi
1392 5049 1487 5105 νῦν
1511 5051 1569 5104 δὲ
1593 5051 1684 5119 ἀφ’

118 5146 258 5212 ηλίου
284 5148 601 5217 ἀνίσχοντος
632 5147 843 5214 ἀγουσιο
884 5144 1280 5216 παραπλησίως
1311 5143 1369 5197 δὲ
1395 5143 1489 5197 καὶ
1515 5145 1566 5197 οἱ
1593 5142 1688 5197 νῦν

118 5233 387 5307 Ἕλληνες.
406 5235 602 5291 Καίτοι
625 5233 930 5289 τούναντίον
954 5233 1120 5304 ἐχρῆν
1152 5232 1472 5303 σύμπαντας
1487 5230 1611 5294 τούς
1624 5247 1688 5299 γε

119 5325 218 5380 ἀπὸ
253 5327 497 5401 Χριστοῦ
529 5327 822 5392 ποιεῖσθαι,
856 5324 1247 5397 χαριζομένους
1275 5322 1353 5394 τῷ
1386 5323 1684 5395 ἀρχηγέτῃ.

118 5417 264 5472 Οὕτω
282 5420 393 5493 γάρ
432 5420 592 5491 μόνον
627 5419 777 5473 ἔσται
805 5421 1048 5490 τριταῖον
1081 5415 1378 5470 ἀναϐιῶναι
1411 5415 1574 5469 αὐτὸν
1603 5433 1691 5469 τε-

119 5507 335 5578 θνεῶτα,
371 5513 470 5565 ὲάν
494 5513 529 5584 η
557 5511 654 5583 τῆς
675 5510 886 5584 ἡμέρας
918 5509 1061 5582 ἀρχὴ
1085 5505 1428 5580 λαμϐάνηται
1456 5510 1573 5579 ἡτοι
1595 5508 1688 5562 ἀπ’

123 5598 288 5669 ἄκρας
316 5603 549 5669 νυκτὸς,
581 5601 656 5666 ὡς
697 5602 969 5674 Ἀθηναῖοι
995 5598 1150 5671 ἦγον,
1184 5600 1218 5670 ἢ
1247 5599 1356 5652 ἀπὸ
1386 5599 1577 5670 μέσης,
1614 5600 1689 5663 ὡς

127 5686 401 5766 Ῥωμαῖοι.
446 5695 681 5765 Πότερον
725 5695 803 5761 δὲ,
846 5694 908 5748 οὐ
951 5694 1131 5766 ῥᾴδιον
1176 5694 1581 5764 ἀποφήνασθαι.
1629 5697 1690 5747 Οἱ

127 5785 214 5869 μέν
236 5789 342 5861 γάρ
367 5788 501 5860 περὶ
521 5786 610 5841 τὸν
631 5785 807 5842 ’Λθων
831 5787 1067 5857 θεολόγοι
1098 5804 1235 5842 κατσ
1260 5786 1430 5859 μέσην
1449 5786 1689 5858 ἀκριϐῶς

2231 4304 2240 4315 ’
2323 4315 2402 4369 De
2428 4312 2691 4384 principio
2709 4310 2835 4366 diei.

1860 4405 1981 4463 XX.
2008 4405 2347 4474 Principium
2382 4400 2648 4458 vero‘diei
2696 4395 3166 4471 (quandoquidem
3227 4408 3365 4465 pra:-

1716 4487 1760 4541 Ῑ)
1789 4503 1929 4559 senti
1952 4500 2021 4556 de
2063 4497 2349 4554 mensibus
2380 4495 2620 4552 sermoni
2665 4492 2721 4548 id
2773 4505 2991 4561 quoque
3048 4502 3365 4560 germanum

1783 4593 1887 4665 est)
1919 4591 2282 4647 Athenienses
2315 4603 2344 4642 a
2373 4586 2506 4643 solis
2554 4598 2757 4640 occasu
2820 4580 3216 4645 observabant,
3266 4593 3367 4634 no—

1784 4695 1924 4742 etem
1941 4683 2048 4739 diei
2070 4679 2321 4752 sequenti
2351 4677 2714 4740 ascribentes,
2756 4682 2812 4731 et
2841 4688 3004 4729 omne
3041 4672 3099 4725 in
3124 4670 3365 4726 medium

1788 4785 2002 4845 tempus
2042 4773 2110 4828 ad
2145 4773 2377 4827 alterum
2409 4767 2753 4824 occidentem
2784 4778 2955 4819 unum
2985 4762 3130 4816 diem
3158 4761 3367 4818 consti-

1785 4876 2026 4933 tuentes,
2055 4874 2114 4920 ut
2132 4865 2308 4920 Aulus
2336 4861 2564 4926 Gellius,
2594 4859 2823 4913 Latinus
2856 4863 3049 4911 auctor
3094 4869 3205 4909 non
3248 4854 3367 4911 ine-

1785 4973 1933 5034 plus,
1970 4960 2209 5013 Marcum
2253 4955 2555 5009 Varronem
2596 4951 2818 5022 scriptis
2856 4948 3147 5005 mandasse
3177 4947 3363 5004 tradit.

1785 5054 1855 5109 At
1876 5050 2106 5106 Romani
2136 5048 2339 5119 priscis
2369 5044 2712 5115 temporibus
2744 5058 2775 5096 a
2801 5042 2981 5097 media
3011 5040 3235 5107 quidem
3269 5056 3367 5095 no-

1786 5154 1871 5203 cte
1902 5141 2235 5198 inchoabant
2267 5157 2280 5193 :
2310 5153 2451 5194 auos
2475 5136 2700 5191 Plethon
2737 5134 2957 5189 imitans
2987 5132 3128 5187 idem
3154 5129 3363 5200 princi-

1786 5239 1936 5309 pium
1984 5234 2136 5288 facit.
2170 5232 2323 5285 Nunc
2374 5244 2503 5284 vero
2533 5228 2602 5282 ab
2644 5226 2856 5283 oriente
2911 5224 3026 5280 sole
3058 5224 3365 5293 inceptant,

1788 5327 2086 5396 itidemque
2118 5322 2315 5379 Graeci.
2337 5319 2663 5390 Quanquam
2695 5326 2884 5396 contra
2909 5314 3197 5386 oportebat
3212 5313 3365 5368 Chri-

1789 5420 1998 5476 stianos
2021 5430 2211 5471 omnes
2240 5413 2440 5474 facere.
2481 5411 2537 5466 id
2568 5408 2824 5479 obsequii
2855 5422 2957 5463 suo
2985 5406 3226 5476 Rrincipi
3269 5421 3366 5460 ex-

1787 5510 2057 5566 hibentes.
2082 5505 2174 5561 Sic
2202 5506 2347 5561 enim
2380 5505 2556 5560 solum
2590 5499 2866 5557 constabit
2908 5499 3058 5553 illum
3085 5504 3361 5551 mortuum

1789 5603 1951 5658 tertio
1978 5601 2068 5656 die
2097 5599 2382 5663 revixisse,
2418 5600 2464 5653 si
2491 5597 2575 5651 vel
2599 5607 2877 5649 asumma
2913 5597 3093 5651 nocte.
3126 5596 3187 5644 ut
3220 5588 3360 5644 sole-

1788 5695 1921 5750 bant
1941 5691 2303 5747 Athenienses
2322 5731 2338 5756 ,
2368 5689 2450 5744 vel
2502 5703 2532 5742 a
2559 5685 2759 5750 media,
2785 5692 2847 5738 ut
2888 5681 3139 5741 Romani,
3207 5678 3361 5750 prin-

1793 5787 1998 5860 cipium
2016 5783 2121 5842 diei
2152 5790 2422 5840 sumatur.
2450 5778 2642 5836 Utrum
2670 5790 2801 5833 vero
2827 5774 3030 5845 potius,
3070 5771 3221 5829 dictu
3248 5783 3359 5826 nen
