3800 6330
383 382 392 394 ,
477 324 617 383 1218

1527 322 1619 377 AD
1668 320 1936 379 EUSEBII
1971 319 2370 380 CHRONICON
2405 323 2768 380 APPENDIX.

3577 322 3688 377 me

387 406 394 481 ἶ
477 453 563 498 est
600 442 783 499 facile.
809 440 946 497 Nam
979 440 1234 512 theologi,
1269 440 1364 510 qui
1391 441 1647 496 accolunt
1672 440 1854 495 Athon
1888 456 2047 495 mon-

2154 442 2316 497 νύκτα
2356 443 2610 512 γενέσθαι
2647 442 2748 513 τὴν
2778 440 3073 496 ἀναϐίωσιν
3107 438 3451 509 ἐξηγοῦνται,
3492 439 3690 495 καὶτῶν

478 545 612 597 tam,
645 535 774 591 totis
810 535 1016 588 viribus
1047 532 1379 588 contendunt
1423 533 1643 588 circiter
1693 532 1872 587 noctis
1928 548 2043 588 me-

480 628 629 681 dium
659 626 1111 681 resurrectionem
1146 623 1342 677 factam
1373 639 1530 691 esse;
1563 632 1618 679 et
1643 639 1800 679 sacra
1836 624 1925 677 illa
1954 640 2047 678 an-

481 720 731 772 telucana
768 719 821 771 in
842 719 960 785 ejus
990 717 1067 769 rei
1105 717 1420 770 memoriam
1445 730 1477 769 a
1509 716 1689 770 media
1719 722 1878 769 nocte
1906 714 2046 769 inci-

482 812 657 882 piunt.
683 811 923 875 Quorum
970 809 1111 863 ratio
1172 809 1280 863 hoc
1316 808 1512 872 habet,
1570 807 1714 877 quod
1755 808 2046 882 contigerit

483 903 739 956 mulieres
772 903 1040 971 profundo
1068 901 1288 972 quidem
1335 899 1575 954 diluculo
1604 899 1672 953 ad
1723 879 2044 952 monumen-

484 1001 598 1047 tum
654 993 951 1062 profectas,
1006 1000 1067 1047 ut
1119 992 1504 1062 exsequiarqu
1560 990 1710 1060 justa
1766 990 1835 1044 de
1897 1004 2047 1055 more

483 1094 825 1155 peragerent,
851 1083 1166 1139 defunctum
1203 1097 1311 1137 non
1344 1082 1641 1140 invenisse.
1674 1090 1734 1134 ut
1775 1078 1953 1133 Lucas
1990 1078 2046 1132 in

483 1191 587 1232 suo
627 1175 921 1246 Evangelio
960 1175 1298 1246 perscripsit.
1338 1172 1473 1228 Illud
1512 1173 1656 1228 enim
1715 1170 2046 1241 profundum

483 1267 786 1322 diluculum
810 1267 1117 1337 proximum
1153 1274 1371 1334 tempus
1408 1264 1601 1318 mediae
1650 1262 1798 1316 nocti
1846 1258 2049 1330 signiti-

484 1372 611 1413 care
635 1351 971 1413 existimant.
1002 1355 1177 1411 Simul
1209 1371 1340 1410 vero
1382 1353 1464 1409 sic
1501 1368 1720 1422 quoque
1778 1351 1906 1421 plus
1947 1349 2049 1402 ali-

2147 534 2520 587 άναστατικῶν
2557 534 2814 604 ἄρχονται
2849 532 3048 604 ὀργίων
3082 532 3245 595 εὐθὺς
3283 531 3391 584 ἀπὸ
3423 530 3591 600 μέσων
3617 547 3690 582 νυ-

2147 624 2311 677 κτῶν.
2346 625 2517 692 Λόγος
2549 622 2593 675 δ’
2616 622 2816 686 αὐτῶν,
2857 622 2939 675 ὅτι
2964 621 3063 684 τὰς
3096 623 3177 685 εἰς
3211 619 3273 692 τὸ
3311 620 3500 689 μνῆμα
3526 619 3687 686 ἁφικο·

2150 716 2319 786 μένας
2338 718 2601 784 γυναῖκας
2622 713 3026 785 ὲπαμείψασθαι
3051 712 3121 766 τὰ
3142 711 3504 782 νενομισμένα
3523 709 3688 780 ὄρθρου

2152 807 2249 877 μὲν
2277 806 2358 859 ἔτι
2396 805 2589 875 βαθέος
2635 804 3059 878 παραγενέσθαι,
3102 805 3178 875 μὴ
3207 803 3503 874 εὑρηκέναι
3541 802 3593 855 δὲ
3617 801 3689 854 τὸν

2148 900 2358 969 νεκρὸν,
2386 899 2435 951 οἱ
2466 898 2593 970 περὶ
2620 899 2833 953 Λωκᾶν
2860 897 2967 951 τῶν
2998 895 3403 965 εὐαγγελιστῶν
3437 894 3689 965 γεγράφα-

2152 1008 2236 1045 σιν
2279 990 2636 1064 ἱστοροῦντες.
2680 991 2754 1045 Τὸ
2784 991 2892 1060 γὰρ
2920 989 3012 1045 τοῦ
3042 989 3242 1061 ὄρθρου
3282 988 3421 1059 βαθὺ
3459 988 3521 1040 τὸ
3555 987 3690 1055 ἐγγύς

2149 1100 2252 1136 που
2274 1084 2375 1152 τῆς
2401 1083 2572 1154 μέσης
2591 1085 2783 1147 νυκτὸς
2805 1082 3030 1154 μηνύειν
3052 1081 3545 1152 ὑπολαμϐάνουσιν.
3567 1080 3693 1149 ’Δμα

2148 1172 2206 1226 δὲ
2234 1174 2328 1227 καί
2359 1191 2413 1227 τι
2451 1174 2614 1228 πλέον
2654 1174 3064 1246 ὲπιλαμϐάνοιτ⁹
3103 1173 3170 1227 ἂν
3207 1172 3353 1225 οὕτω
3395 1171 3495 1241 τῆς
3532 1170 3692 1242 τρίτης

2151 1265 2381 1336 ἡμέρας,
2414 1265 2489 1318 Τὸ
2515 1266 2572 1319 δὲ
2598 1265 2780 1329 πλέον,
2819 1268 3042 1337 σημεῖον
3073 1264 3139 1336 δὴ
3178 1264 3280 1335 τῆς
3319 1262 3537 1335 τριάδος
3571 1262 3693 1314 ἐστὶν

2149 1357 2561 1428 ἐναργέστερον.
2585 1356 2705 1410 Τῶν
2734 1357 2780 1411 δ’
2815 1357 3131 1413 Ἰταλιωτῶν
3154 1358 3202 1409 οἱ
3229 1357 3360 1427 περὶ
3379 1357 3479 1427 τὴν
3510 1354 3693 1425 Ῥώμην

483 1459 690 1522 quanto
718 1450 864 1505 tertii
886 1449 994 1504 diei
1017 1449 1381 1504 contineatur.
1418 1445 1681 1515 lstudque
1710 1444 1836 1514 plus
1889 1441 2049 1512 169

2155 1447 2292 1518 μετὰ
2313 1448 2485 1519 μέσην
2505 1466 2610 1502 που
2634 1448 2802 1503 νύκτα
2829 1450 2983 1519 φασὶ,
3017 1451 3114 1504 καὶ
3141 1449 3204 1502 τὸ
3221 1448 3380 1519 βαθὺ,
3404 1447 3695 1517 ἀφιστάντες

485 1544 700 1612 signum
717 1539 1025 1596 evidentius
1054 1547 1139 1595 est
1177 1538 1351 1609 ipsius
1387 1536 1600 1591 dierum
1628 1532 1916 1589 ternionis.
1942 1532 2048 1586 Sed

2155 1539 2351 1604 ἱκανῶς
2391 1541 2486 1595 τοῦ
2535 1542 2721 1613 μέσου,
2761 1540 3035 1596 ἀκούουσι.
3084 1540 3333 1611 Μηδενὸς
3376 1539 3422 1593 δ’
3468 1540 3571 1611 ἄρα
3608 1538 3697 1591 τῶν

483 1649 549 1686 ex
581 1633 729 1687 Italis
782 1630 1015 1686 Romani
1057 1637 1181 1701 post
1234 1628 1467 1683 mediam
1503 1634 1718 1681 noctem
1764 1624 1820 1678 id
1881 1622 2049 1678 fuisse

2155 1632 2517 1703 συγγραφέων
2553 1632 2978 1703 άποσαφοῦντος,
3012 1632 3176 1687 ὁπότε
3201 1633 3305 1703 τῆς
3335 1632 3529 1695 νυκτὸς
3545 1633 3572 1683 ὁ
3588 1631 3696 1694 Θεὸς

485 1723 655 1786 aiunt,
686 1731 741 1778 et
772 1720 1101 1793 profundum
1154 1718 1287 1774 illud
1335 1718 1416 1773 sic
1442 1717 1772 1786 intelligunt,
1804 1722 1862 1769 ιιι
1888 1728 1918 1767 a
1950 1728 2049 1767 no-

2154 1724 2418 1797 άναϐιῴη,
2445 1725 2588 1780 ἔοικε
2614 1726 2711 1797 μὲν
2737 1725 3156 1797 ἀσφαλεστέρως
3176 1726 3243 1780 ἂν
3263 1725 3434 1796 ἔχειν,
3450 1724 3503 1778 et
3521 1742 3599 1788 τις
3620 1726 3697 1777 ἀπ’

483 1816 589 1870 ctis
623 1815 802 1870 medio
825 1812 1155 1869 sufﬁcienter
1179 1810 1462 1865 dirimant.
1502 1807 1640 1863 Cum
1689 1820 1818 1875 ergo
1868 1804 2049 1859 nullus

2154 1817 2328 1886 ἄκρας
2352 1818 2545 1881 νυκτὸς
2567 1819 2768 1872 τιθείτο
2788 1818 2885 1890 τὴν
2903 1820 3002 1889 τῆς
3024 1818 3240 1891 ἡμέρας
3261 1818 3461 1888 ἀρχήν.
3489 1814 3697 1886 Συμϐαί-

484 1906 764 1977 Evangelii
798 1906 1032 1975 scriptor
1051 1904 1265 1966 doceat,
1307 1917 1415 1972 qua
1469 1907 1625 1970 parte
1673 1899 1852 1955 noctis
1898 1898 2052 1953 Chri-

486 2003 606 2050 stus
626 1996 946 2056 surrexerit,
979 1993 1152 2047 tutius
1179 1990 1397 2059 quidem
1425 1989 1657 2052 videtur,
1690 1988 1736 2043 si
1766 1989 1890 2057 quis
1918 2001 2050 2041 con-

486 2087 678 2141 stituat
701 2101 731 2140 a
760 2100 974 2140 summa
1003 2091 1164 2137 nocte
1190 2081 1297 2137 diei
1344 2079 1694 2150 principium.
1726 2078 1861 2133 Nam
1906 2076 2050 2149 quod

483 2175 719 2230 mediam
769 2182 984 2230 noctem
1030 2172 1406 2253 subsequitur,
1453 2171 1663 2226 accedit
1712 2170 1788 2224 illi
1826 2184 1923 2239 pro
1950 2184 2047 2222 au-

486 2270 685 2323 ctario.
728 2266 937 2333 Quibus
968 2280 1098 2319 vero
1131 2264 1186 2317 in
1215 2262 1318 2316 hoc
1363 2261 1541 2315 solum
1603 2261 1746 2315 ratio
1780 2260 1885 2315 sita
1930 2266 2048 2323 est,

485 2372 595 2412 non
624 2358 798 2427 major
816 2367 902 2412 est
933 2355 1131 2409 ﬁducia
1154 2351 1301 2422 quod
1326 2351 1515 2405 volunt
1538 2349 1863 2424 assequendi
1886 2364 2049 2419 quam

487 2449 789 2520 periculum
821 2448 891 2501 ab
918 2434 982 2501 eo
1010 2442 1321 2500 aberrandi.
1376 2440 1487 2496 llos
1527 2441 1674 2496 enim
1726 2439 1847 2494 vice
1895 2454 2052 2493 versa

483 2538 587 2592 hoc
630 2536 1019 2592 inconveniens
1076 2539 1356 2602 sequetur,
1389 2530 1519 2585 dum
1573 2529 1803 2600 primam
1838 2536 2054 2582 noctem

481 2629 587 2685 diei
618 2630 947 2701 principium
983 2636 1223 2698 ponunt;
1253 2623 1399 2695 quod
1445 2637 1569 2677 cum
1621 2622 1948 2691 permissum
1978 2621 2049 2676 sit

480 2721 741 2775 carnibus
766 2720 915 2775 vesci
939 2718 1226 2788 postridie,
1259 2716 1315 2771 id
1343 2713 1562 2784 quidem
1587 2712 1773 2767 licebit
1791 2726 2049 2766 asumma

481 2811 819 2882 praecedente
848 2820 1054 2865 nocte:
1093 2816 1288 2863 contra
1333 2822 1463 2861 vero
1516 2819 1641 2859 cum
1698 2804 1771 2859 sit
1817 2804 2047 2857 vetitum

478 2904 668 2959 eadem
702 2904 790 2957 die
808 2918 1019 2957 cmnam
1055 2902 1123 2956 de
1149 2899 1412 2955 carnibus
1447 2912 1687 2960 sumere,
1715 2912 1824 2950 non
1851 2909 2049 2950 conce-

481 2996 644 3050 detur
678 2998 869 3053 eadem
893 3004 1072 3051 nocte.
1103 2993 1216 3047 Hac
1249 2994 1416 3062 igitur
1448 2992 1518 3047 de
1571 3006 1633 3046 re
1676 2989 1872 3045 melius
1924 2988 2050 3042 dili-

481 3105 515 3160 g
535 3091 807 3162 ntiusque
831 3091 1008 3145 denuo
1028 3097 1109 3144 est
1137 3086 1596 3143 considerandum
1629 3105 1642 3141 :
1673 3082 2049 3140 commodum-

2153 1924 2231 1962 νει
2259 1909 2367 1980 γὰρ
2398 1909 2549 1980 αὑτῷ
2581 1909 2639 1975 ἐξ
2674 1910 2967 1980 ὲπιμέτρου
3003 1910 3064 1963 τὸ
3096 1909 3236 1981 μετὰ
3261 1910 3361 1981 τὴν
3400 1909 3587 1980 μέσην.
3622 1901 3697 1970 οἷς

2152 1996 2197 2049 δ’
2234 1999 2326 2051 ἐπὶ
2367 1998 2542 2069 τούτῳ
2580 1998 2739 2068 μόνον
2782 2001 2811 2052 ό
2848 1998 3004 2067 λόγος
3041 1999 3296 2070 βέϐηκεν,
3336 1998 3399 2052 οὗ
3445 1997 3633 2069 μᾶλλόν
3657 2014 3697 2049 τι

2155 2087 2356 2159 θάρρος
2411 2089 2813 2159 ἐπιτυγχάνειν,
2868 2088 2903 2161 ἢ
2960 2089 3204 2143 κίνδυνον
3264 2089 3695 2159 παραναστατείν.

2154 2180 2388 2233 ’Ἄτοπον
2441 2180 2689 2251 μέντοιγε
2731 2180 2919 2252 ἕτερον
2954 2175 3018 2235 αὖ
3061 2179 3420 2251 ἀκολουθήσει
3480 2178 3695 2249 θεμένοις

2148 2270 2446 2340 άκρόνυχον
2484 2270 2583 2341 τὴν
2622 2270 2815 2343 ἀρχὴν,
2859 2271 2939 2333 τὸ,
2982 2274 3049 2342 τῇ
3097 2272 3365 2343 ὑστεραίᾳ
3400 2270 3622 2342 νόμιμον
3651 2268 3694 2322 ὂν

2151 2358 2348 2412 ἐσθίειν
2389 2359 2587 2432 κρεῶν,
2640 2360 2839 2428 ἐξεῖναι
2881 2366 3225 2434 κρεωφαγείν
3269 2363 3365 2417 ἀπ’
3413 2363 3582 2433 ἄκρας
3618 2359 3693 2429 τῆς

2152 2450 2462 2521 ἡγουμένης
2485 2452 2697 2516 νυκτός
2734 2452 2830 2506 καὶ
2860 2453 3019 2507 πάλιν
3048 2453 3495 2524 ἀπηγορευμένον
3526 2448 3609 2513 αὖ,
3637 2450 3692 2520 μὲ

2154 2542 2352 2608 ἐξεῖναι
2379 2543 2594 2597 δεῖπνον
2625 2545 2690 2598 ἐκ
2717 2546 2944 2616 κρέατος
2972 2545 3073 2615 τῆς
3099 2547 3271 2615 αὐτῆς
3297 2545 3501 2614 ταύτης
3534 2540 3690 2601 νυκτός

2153 2647 2216 2699 γε
2236 2630 2470 2685 ἑλέσθαι.
2496 2634 2634 2705 Περὶ
2656 2634 2845 2687 τούτου
2871 2636 2969 2705 μὲν
2987 2632 3081 2689 οὖν
3103 2634 3347 2698 εἰσαῦθις
3372 2630 3683 2686 ἐπισκεπτέοι

2154 2722 2269 2776 ἐστὶ
2299 2723 2529 2793 βέλτιον,
2557 2725 2653 2779 καὶ
2678 2726 2804 2789 τοὺς
2828 2726 2957 2798 περὶ
2982 2726 3156 2780 ταῦτα
3180 2726 3389 2790 δεινοὺς
3416 2721 3673 2797 παρακαλέ

2156 2829 2355 2877 σαντας
2388 2813 2915 2885 συμϐουλεύσασθαι,
2963 2815 3145 2880 καλῶς
3185 2816 3322 2887 ἔχει.
3358 2818 3451 2869 Δεῖ
3483 2815 3583 2883 γὰρ
3614 2812 3694 2881 τὴν

2157 2907 2345 2977 σκέψιν
2381 2907 2525 2962 οὕτω
2558 2908 2849 2973 ποιεῖσθαι,
2884 2910 2960 2973 ὡς
2998 2910 3134 2980 μήτε
3175 2909 3494 2980 συμϐαίνειν
3528 2910 3587 2960 ἐκ
3618 2903 3690 2957 τοῦ

2153 2996 2312 3066 λόγου
2341 2998 2582 3052 ἐναντίον
2603 3003 2714 3062 τοῖς
2735 3000 2901 3064 ὁσίοις
2931 3001 3120 3071 μηθὲν,
3151 2999 3367 3069 εὐαγῶς
3393 3015 3451 3052 τε
3472 3000 3562 3071 τῆς
3586 2997 3693 3069 ήμέι

2155 3104 2255 3159 ρας
2284 3088 2576 3160 κατάρχειν
2596 3090 2690 3145 τοῦ
2716 3090 2846 3145 Θεοῦ
2879 3092 3057 3163 χάριν.

480 3197 587 3250 que
616 3181 778 3237 fuerit
844 3181 1033 3235 harum
1097 3195 1285 3234 rerum
1356 3180 1565 3251 peritos
1637 3191 1832 3247 rogare
1887 3182 1943 3230 et
1986 3180 2293 3235 consulere.
2343 3178 2469 3235 Haec
2520 3197 2759 3253 namque
2816 3184 2890 3239 ita
2944 3185 3285 3239 considerari
3339 3181 3691 3249 observarique

480 3285 714 3346 oportet,
750 3282 809 3330 ut
830 3292 893 3330 ex
927 3290 1180 3330 sermone
1211 3274 1349 3329 nihil
1374 3272 1675 3345 quidquam
1698 3270 1873 3327 sacris
1914 3272 2255 3327 contrarium
2276 3275 2523 3341 eveniat,
2556 3276 2813 3347 diemque
2834 3278 2920 3348 pie
2981 3294 3045 3333 ac
3107 3288 3303 3334 sancte
3358 3279 3414 3333 in
3474 3277 3563 3333 Dei
3595 3289 3692 3346 gra-

480 3369 611 3422 tiam
641 3368 1006 3437 auspicemur.

800 3480 946 3535 Unde
966 3477 1295 3534 numeranda
1326 3487 1449 3533 sunt
1477 3486 1726 3546 tempora.

551 3571 695 3628 XXI.
730 3571 1019 3626 Enimvero
1068 3573 1230 3625 etiam
1259 3568 1342 3622 l‘as
1374 3578 1457 3623 est
1479 3584 1509 3622 a
1537 3571 1701 3623 natali
1746 3568 2056 3626 Christiano

483 3673 728 3733 tempora
758 3670 1077 3733 supputare.
1116 3676 1225 3715 non
1253 3668 1314 3713 ut
1335 3659 1509 3714 Graeci
1541 3675 1571 3713 a
1606 3662 1793 3716 mundi
1823 3663 2053 3733 origine,

485 3768 633 3808 nunc
655 3768 855 3807 annum
882 3750 1438 3821 noningentesimum,
1472 3758 1726 3826 octavum
1765 3760 2057 3821 etseptua-

484 3842 755 3910 gcsimum
814 3848 1163 3894 numerantes
1220 3851 1386 3907 supra
1455 3840 1635 3894 sexies
1686 3840 2051 3896 millesimum.

484 3930 775 4000 Prophetis
797 3929 1013 3999 quidem
1045 3930 1125 3985 sic
1153 3928 1387 3984 fortasse
1428 3929 1624 3985 licebat
1650 3948 1665 3997 ;
1723 3912 1908 3986 verum
1939 3949 2054 3989 me-

488 4025 594 4077 lius
615 4034 697 4078 est
722 4022 926 4078 Christi
949 4022 1185 4078 cultores
1215 4023 1395 4078 abillo
1425 4023 1682 4093 incipere.
1708 4022 1861 4091 Quod
1889 4025 2051 4078 etiam

488 4120 654 4184 agunt
678 4112 925 4187 Romani,
965 4114 1127 4183 hujus
1151 4115 1250 4169 aevi
1298 4114 1642 4169 millesimum
1682 4115 2051 4186 quadringen-

488 4206 739 4261 tesimum
769 4214 822 4261 et
847 4207 1301 4276 septuagesimum
1329 4215 1647 4283 praesentem
1671 4219 1873 4259 annum
1905 4222 2053 4259 com-

488 4307 760 4369 putantes,
801 4313 1109 4369 quanquam
1141 4298 1306 4377 prisci
1338 4300 1414 4353 illi
1446 4300 1513 4354 ab
1543 4298 1676 4352 urbe
1707 4297 1922 4352 condita
1950 4314 2052 4351 nu-

487 4394 790 4455 merabant,
853 4393 1309 4463 quemadmodum
1372 4392 1735 4447 Athenienses
1791 4406 1823 4445 a
1875 4391 2050 4461 prima

482 4479 798 4551 Olympiade
826 4497 842 4547 ;
876 4480 969 4534 alii
1003 4495 1131 4536 vero
1152 4497 1183 4535 a
1214 4481 1354 4537 bello
1380 4479 1637 4549 Trojano.

558 4572 631 4627 De
648 4573 924 4629 mensibus
958 4573 1126 4643 igitur
1148 4573 1261 4628 haec
1291 4575 1559 4643 descripta
1591 4581 1773 4639 sunto,
1807 4573 1875 4628 ad
1904 4589 2051 4630 eme-

483 4667 703 4723 rendam
737 4666 1168 4737 antiquariorum
1192 4664 1627 4734 discrtorumque
1659 4665 1900 4720 virorum
1945 4666 2047 4721 hoc

479 4761 797 4832 obsequiolo
824 4761 1053 4832 gratiam
1086 4774 1100 4811 :
1142 4757 1189 4813 si
1217 4757 1345 4828 quid
1373 4758 1603 4811 lortasse
1625 4756 1740 4824 spei
1769 4764 1854 4812 est
1895 4755 2044 4811 Grae-

2403 3476 2584 3530 Ὄθεν
2608 3477 2962 3546 ἀριθμητέον
2995 3477 3141 3545 τοὺς
3176 3480 3459 3548 χρόνους.

2223 3562 2353 3620 KA'.
2391 3567 2575 3619 Ὅσιον
2608 3565 2665 3619 δὲ
2722 3567 2812 3619 καὶ
2856 3567 2980 3630 τοὺς
3034 3566 3261 3638 χρόνους
3307 3566 3556 3639 ἀριθμεῖν
3604 3563 3690 3619 ἀπὸ
3745 3612 3749 3613 ν

2153 3658 2379 3730 γενετῆς
2406 3659 2496 3711 τοῦ
2531 3659 2694 3713 αὑτοῦ
2740 3659 2905 3713 Θεοῦ’
2935 3659 3070 3713 ἀλλὰ
3108 3661 3208 3732 μὴ,
3240 3661 3317 3725 ὡς
3367 3664 3418 3714 οἱ
3465 3662 3555 3715 νῦν
3586 3662 3689 3713 Ἕλ-

2153 3749 2331 3821 ληνες,
2369 3751 2477 3803 ἀπὸ
2499 3751 2702 3821 κόσμου
2735 3752 3017 3821 γενέσεως,
3048 3752 3506 3823 ἑξακισχιλιοστὸν
3532 3755 3689 3806 ἐνακο-

2154 3843 2362 3895 σιοστὸν
2393 3843 2788 3915 ἑϐδομηκοστὸν
2811 3845 2993 3914 ὃγδοον
3025 3845 3145 3898 τόδε
3176 3845 3295 3908 ἔτος
3326 3843 3689 3917 καταριθμοῦν-

2148 3953 2258 4000 τες.
2293 3937 2592 4009 Προφητῶν
2624 3939 2721 4009 μὲν
2746 3937 2855 4009 γὰρ
2881 3939 3008 4000 τσως
3038 3938 3133 3990 καὶ
3157 3936 3333 3990 ταῦτα
3351 3955 3367 3969 ·
3396 3938 3605 4008 ἄμεινον
3625 3934 3686 3997 δὲ,

2150 4029 2424 4100 τιμῶντας
2466 4032 2720 4101 Χριστὸν,
2748 4029 2841 4083 ἀπ’
2885 4026 3048 4083 αὐτοῦ
3082 4028 3372 4100 ἄρχεσθαι,
3395 4030 3627 4099 καθάπερ
3649 4026 3685 4078 oi

2149 4122 2245 4175 νῦν
2266 4123 2418 4186 ὄντες
2449 4123 2708 4194 Ῥωμαῖοι
2742 4122 2952 4191 ἄγουσι,
2982 4122 3250 4192 χιλιοστὸν
3279 4118 3685 4194 τετρακοσιοστὸν

2150 4214 2546 4285 ἑϐδομηκοστὸν
2596 4213 2711 4268 τόδε
2749 4212 3196 4284 διαριθμούμενοι
3226 4212 3375 4276 ἕτοςο
3410 4213 3579 4266 καίτοι
3602 4208 3685 4262 τῶν

2148 4305 2314 4360 πάλαι
2346 4307 2630 4377 Ῥωμαίων
2654 4304 2762 4359 ἀπὸ
2794 4305 3024 4367 κτίσεως
3057 4302 3277 4374 Ῥώμης
3309 4303 3681 4375 ἀριθμούντων

2147 4396 2335 4468 ὥσπερ
2366 4396 2632 4468 Ἀθηναῖοι
2667 4396 2764 4467 μὲν
2779 4396 2886 4450 ἀπὸ
2918 4393 3281 4465 Ὀλυμπιάδος
3310 4394 3548 4466 πρώτης,
3567 4390 3684 4448 ἄλλοι

2146 4486 2203 4542 δὲ
2238 4487 2347 4541 ἀπὸ
2370 4487 2479 4540 τῶν
2512 4486 2793 4558 Τρωῖκῶν.

2216 4578 2351 4648 Περὶ
2399 4578 2496 4647 μὲν
2542 4573 2634 4630 οὖν
2668 4576 2776 4630 τῶν
2827 4574 3009 4647 μηνῶν
3063 4575 3237 4648 ταύτῃ
3294 4574 3560 4647 διωρίσθω
3596 4570 3685 4626 τῶν

2146 4665 2341 4735 λογίων
2369 4666 2527 4737 χάριν
2559 4666 2766 4737 ἀνδρῶν
2782 4681 2795 4694 °
2819 4665 2875 4718 εἴ
2896 4682 2978 4728 τις
3001 4665 3110 4730 ἄρα
3133 4665 3286 4729 ἐλπὶς
3310 4666 3576 4720 διάλεκτον
3595 4664 3685 4721 τοῖς

2146 4756 2537 4826 ἐπιγινομένοις
2558 4755 2775 4809 ἔσεσθαι
2817 4755 3167 4827 Ἑλληνικήν
3206 4756 3343 4809 ἀλλὰ
3376 4758 3473 4828 μὴ,
3506 4755 3575 4819 ὡς
3607 4752 3686 4807 άλ-

477 4871 595 4910 eam
625 4829 882 4924 linguam,
916 4852 1144 4921 ejusque
1174 4848 1413 4904 studium
1463 4846 1705 4916 adusque
1758 4847 2045 4917 posterita-

2154 4848 2256 4903 λων
2289 4846 2457 4901 πάλαι
2490 4845 2678 4910 ἐθνῶν,
2701 4845 2795 4900 καὶ
2820 4845 2913 4899 τοῦ
2948 4844 3263 4915 Ἑλληνικοῦ
3293 4834 3389 4900 νῧν
3413 4845 3591 4909 παντὸς
3607 4841 3685 4896 καὶ

477 4955 582 5002 tem
608 4946 723 5000 l'ore
761 4960 916 4999 :non
945 4950 1149 5005 autem,
1181 4950 1245 4995 ut
1298 4940 1526 4993 aliarum
1585 4938 1855 5008 quondam
1915 4955 2045 5010 gen-

2149 4938 2340 5007 γένους
2371 4934 2464 4989 καὶ
2497 4934 2656 5003 λόγου
2680 4934 2934 5006 τελευτὴν
2961 4934 3194 5005 εἵμαρτο
3223 4929 3385 4993 εἶναι.

475 5042 631 5099 tium.
658 5035 832 5093 Graeci
855 5050 1072 5106 quoque
1095 5047 1244 5088 nunc
1276 5032 1443 5086 totius
1471 5037 1525 5085 et
1550 5031 1787 5102 generis,
1818 5038 1871 5086 et
1916 5030 2187 5088 sermonis
2209 5032 2369 5086 linem
2392 5042 2515 5084 esse
2547 5028 2600 5082 in
2634 5027 2762 5083 fatis
2793 5035 2893 5083 est.

904 5151 1074 5201 Testes
1092 5145 1146 5200 in
1161 5146 1256 5200 hoc
1293 5144 1428 5200 libro
1450 5145 1617 5199 citati.

750 5236 1005 5292 Basilius.

755 5306 964 5361 Pletho.

753 5377 925 5430 Aulus
959 5375 1255 5434 Romanus.

754 5445 1095 5505 Aristoteles.

756 5515 1012 5572 Galenus.

758 5583 1060 5641 Macrobius
1078 5583 1374 5646 Romanus.

756 5653 1180 5725 Theophrastus.

763 5723 1166 5784 Demosthenes.

2635 5143 2940 5214 Μάρτυρες
2962 5143 3044 5213 τῷ
3064 5144 3244 5214 λόγῳ.

2431 5236 2727 5300 Βασίλειος.

2429 5306 2671 5376 mnam.

2426 5373 2597 5440 Αὖλος
2640 5379 2918 5448 Ῥωμαῖος.

2428 5447 2835 5583 ἱπῖιῖζιῗὲἒτέλης’

2432 5556 2741 5658 ῐιῖοἱῖῥξὲἐος
2773 5587 3056 5659 Ῥωμαῖος.

2427 5658 2782 5728 Θεόφραστος.

2428 5727 2790 5801 Δημοσθένης.
