3800 6326
96 318 204 372 122!

911 316 967 372 S.
1009 317 1257 372 MAXIM!
1296 317 1655 374 MARTYRIS
1693 316 2070 376 COMPUTUS
2106 317 2549 376 ECCLESIAST.

3169 326 3307 381 i222

94 431 145 485 Τί
175 427 238 484 τὸ
284 428 602 492 κανόνων,
645 427 742 482 καὶ
793 430 851 481 τί
892 429 1148 498 περιέχει
1192 431 1230 498 ἡ
1276 431 1490 484 τούτου
1530 430 1626 483 δύ-

1743 430 1896 498 171
1917 461 1942 470 -
1964 431 2122 501 172
2155 429 2468 500 Cujusmodi
2497 434 2565 486 sit
2591 432 2926 499 latcrculum,
2967 444 3016 488 et
3069 453 3186 507 qua:
3227 442 3307 495 vis

750 534 950 587 ναμις.

147 654 210 706 B'.
226 653 288 706 Ἦ
302 651 454 705 τοῦδε
468 651 560 706 τοῦ
580 654 936 725 προκειμένου
970 654 1242 724 ὑφὴγησις
1267 652 1362 707 τοῦ
1383 654 1628 708 κανονίου

86 745 249 798 τοῦτον
275 744 385 814 ἕχει
419 743 508 796 τὸν
542 745 758 816 τρόπον.
790 744 1060 816 Τριπλοῦν
1088 745 1247 798 τοῦτο
1273 746 1626 816 καθέστηκεν,

86 834 148 896 ὼς
168 834 414 904 περιέχον
445 835 502 886 ὲν
541 834 716 905 ἑαυτῷ
752 836 851 906 τήν
881 853 939 888 τε
982 835 1090 887 τῶν
1119 836 1290 903 ἁγίων
1329 838 1629 907 παρείσϐα-

87 941 157 975 σιν
191 924 446 995 νηστειῶν
468 926 571 979 καὶ
615 926 714 996 τῂν
756 925 1354 998 τεσσαρεσκαιδεκάτην
1383 927 1478 980 τοῦ
1508 928 1629 982 καθ’

96 1014 355 1085 Ἐϐραίους
380 1013 594 1085 πρώτου
617 1014 803 1085 μηνδς,
841 1014 984 1082 λέγω
1015 1015 1078 1086 δὴ
1102 1015 1194 1068 τοῦ
1229 1015 1429 1069 Νισάν·
1458 1019 1537 1079 εἰς
1564 1018 1630 1088 ἣν

84 1106 134 1157 τὸ
159 1105 269 1158 κατ’
310 1106 507 1169 αὐτοὺς
541 1106 729 1176 Πάσχα
752 1105 980 1158 τελεῖται
997 1122 1012 1135 ·
1038 1106 1136 1159 καὶ
1166 1107 1265 1177 τὴν
1285 1107 1514 1177 δεκάτην
1536 1106 1627 1160 τοῦ

87 1193 288 1263 ἑϐδόμου
322 1193 526 1264 μηνὸς,
560 1195 726 1265 ἡγουν
779 1194 874 1247 τοῦ
913 1195 1112 1265 Θερσί·
1159 1196 1280 1248 καθ’
1308 1197 1374 1267 ἡν
1410 1198 1438 1248 ὁ
1472 1198 1628 1269 ἀρχι-

83 1290 221 1358 ερεὺς
252 1289 308 1340 τὸ
328 1289 555 1342 παλαιὸν
577 1289 675 1360 τὴν
704 1290 783 1352 είς
813 1288 884 1342 τά
909 1289 1074 1358 ⁸Ἀγια
1105 1289 1212 1342 τῶν
1235 1289 1402 1358 ἁγίων
1422 1289 1626 1343 εἴσοδον

84 1381 310 1431 ἐποιεῖτο.
347 1379 456 1431 Καὶ
477 1379 590 1432 ἔστι
619 1379 720 1449 τῆς
755 1380 853 1450 μὲν
879 1379 1290 1450 παρεισϐάσεως
1327 1380 1436 1433 τῶν
1462 1381 1629 1450 ἁγίων

83 1468 318 1538 νηστειῶν
351 1472 384 1542 ἡ
434 1471 727 1543 σημείωσις
763 1469 823 1535 ἐξ
859 1470 1152 1541 εὐωνύμων
1196 1470 1290 1524 τοῦ
1323 1471 1486 1525 αὐτοῦ
1527 1490 1627 1524 κω-

81 1561 234 1612 νονίου
254 1561 702 1633 διαγεγραμμένη
721 1579 735 1592 ⁸
767 1563 801 1633 ἡ
829 1561 884 1614 δὲ
910 1561 1478 1632 τεσσαρεσκαιδεκάτη
1533 1561 1627 1615 τοῦ

82 1651 187 1703 καθ’
225 1653 509 1725 Ἐϐραίους
549 1653 766 1725 πρώτου
817 1654 984 1724 μηνὸς
1020 1655 1084 1707 ὲκ
1132 1653 1322 1720 δεξιῶν
1365 1653 1630 1722 σύνεγγυς

80 1743 159 1795 τοῦ
201 1745 340 1798 κατά
397 1745 559 1816 μέσον
604 1744 1055 1816 ἐγγεγραμμένου
1105 1743 1331 1815 τροχοῦ·
1384 1745 1521 1815 μετά
1573 1745 1629 1798 δὲ

2401 523 2472 576 sit
2505 524 2673 580 illius.

1803 655 1869 712 11.
1909 655 2179 726 Propositi
2241 661 2468 712 canonis
2499 659 2768 728 expositio
2808 661 2874 714 ad
2904 661 3048 716 hunc
3086 665 3308 719 modum

1735 762 1794 802 se
1829 748 2014 802 habet.
2046 747 2142 801 Est
2173 747 2262 801 ille
2290 747 2500 803 divisus
2533 749 2821 806 trifariam.
2856 750 3112 807 Continet
3145 755 3292 807 enim

1734 839 2017 895 introitum
2043 853 2325 894 sacrorum
2355 838 2690 908 jejuniorum
2714 859 2728 908 ;
2749 850 3000 910 quartam
3033 843 3305 897 decimam

1738 931 1898 1000 primi
1930 930 2135 985 mensis
2167 930 2469 984 secundum
2501 929 2778 998 llebraos,
2822 935 2924 988 hoc
2970 945 3053 990 est
3085 934 3252 990 Nisan
3285 955 3298 988 :

1735 1023 1790 1076 in
1816 1037 1979 1093 quam
2009 1021 2221 1077 Pascha
2253 1023 2471 1076 illorum
2508 1023 2698 1077 incidit
2725 1042 2738 1078 :
2763 1041 2864 1078 nec
2898 1041 3007 1080 non
3031 1027 3302 1081 decimam

1735 1114 1949 1185 septimi
1974 1114 2202 1178 mensis,
2243 1114 2492 1168 videlicet
2520 1114 2713 1170 Thersi
2745 1135 2759 1167 :
2796 1132 2900 1186 qua
2939 1133 3185 1173 summus
3212 1131 3304 1176 8a-

1737 1205 1932 1260 cerdos
1958 1206 2087 1260 olim
2116 1203 2319 1259 Sancta
2340 1213 2656 1260 sanctorum
2681 1206 2885 1260 adibat.
2919 1206 3088 1262 Porro
3114 1209 3305 1263 intro-

1735 1296 1844 1350 itus
1875 1309 2155 1350 sacrorum
2177 1295 2509 1364 jejuniorum
2539 1298 2750 1350 notatio
2775 1299 2843 1350 ad
2872 1298 3150 1354 sinistram
3176 1315 3302 1369 par-

1734 1398 1878 1457 ptem
1901 1387 2128 1441 canonis
2158 1385 2430 1455 descripta
2483 1393 2607 1452 est;
2653 1396 2846 1457 quarta
2898 1388 3109 1442 decima
3169 1405 3302 1444 vero

1734 1477 1892 1547 primi
1934 1476 2136 1530 mensis
2175 1475 2386 1529 Iudaici
2429 1476 2495 1528 ad
2541 1476 2787 1530 dextram
2815 1516 2828 1537 .
2892 1492 3060 1546 prope
3105 1476 3304 1530 inseri-

1735 1577 1880 1639 ptam
1908 1569 1962 1621 i-n
1989 1569 2167 1622 medio
2199 1575 2394 1620 rotant.
2420 1567 2552 1621 Post
2579 1569 2717 1621 lianc
2743 1567 2924 1622 statim
2951 1569 3017 1620 ad
3052 1567 3302 1622 dextram

1734 1661 1908 1730 magis
1948 1659 2160 1712 accedit
2193 1659 2304 1725 illa,
2337 1674 2498 1728 quam
2532 1659 2792 1723 diximus,
2823 1659 3033 1712 decima
3063 1658 3179 1713 dies
3213 1674 3302 1712 se-

1735 1752 1887 1823 ptimi
1917 1751 2148 1816 mensis,
2183 1750 2319 1806 adeo
2353 1759 2414 1804 ut.
2456 1750 2595 1804 nihil
2621 1765 2652 1803 a
2679 1751 2906 1805 sinistra
2939 1757 3134 1819 praeter
3157 1749 3303 1818 jeju-

79 1834 262 1907 ταύτην
327 1837 490 1901 εὐθὺς
550 1835 868 1908 δεξιώτερον
929 1837 962 1906 ἡ
1024 1836 1276 1906 λεχθεῖσα
1305 1837 1502 1905 δεκάτη
1539 1837 1626 1890 τοῦ

1739 1846 1954 1899 niorum
1998 1843 2282 1898 introitum
2323 1843 2656 1912 descriptum
2698 1844 2991 1907 habeatur;
3034 1857 3063 1894 a
3109 1845 3302 1895 dextra

81 1923 285 1995 ἑϐδόμου
325 1928 525 1998 μηνός’
575 1927 650 1989 ὡς
683 1923 821 1978 εἶναι
867 1925 1033 1996 μόνην
1084 1926 1142 1992 ὲξ
1185 1927 1488 1998 ἀριστερῶν
1519 1920 1630 1998 ’τὴν

78 2017 163 2085 τῆς
189 2018 600 2088 παρεισϐάσεως
637 2017 980 2088 διαγραφὴψ
1019 2019 1082 2070 ὲκ
1129 2017 1320 2082 δεξιῶν
1355 2018 1412 2072 δὲ
1454 2020 1633 2088 ἀμφο-

79 2106 229 2176 τέρων
285 2109 386 2179 τῆς
435 2109 1030 2180 τεσσαρεσκαιδεκάτης
1077 2111 1222 2180 φημὶ
1271 2108 1366 2163 τοῦ
1410 2111 1628 2183 πρώτου

1738 1946 1872 1987 vero
1914 1942 2069 2002 parte
2100 1940 2392 2000 utrumque
2436 1932 2528 1994 sit,
2565 1943 2760 2001 quarta
2803 1933 3012 1985 decima
3048 1931 3303 1984 nimirum

1739 2021 1899 2091 primi
1929 2021 2133 2075 mensis
2167 2029 2221 2075 et
2258 2013 2466 2075 decima
2510 2023 2747 2092 septimi.
2778 2020 2970 2076 Totius
2999 2029 3181 2076 autem
3210 2019 3306 2074 de-

1739 2114 2058 2185 scriptionis
2088 2115 2237 2168 illius
2269 2115 2353 2170 vis
2386 2124 2468 2170 est
2495 2116 2788 2185 ejusmodi.

82 2199 228 2269 μηνὸς
257 2200 352 2254 καὶ
397 2201 498 2272 τῆς
539 2201 769 2271 δεκάτης
808 2198 903 2252 τοῦ
957 2199 1184 2271 ἑϐδόμου
1236 2200 1423 2272 μηνός.
1473 2201 1593 2253 Τῶν
1629 2200 1688 2254 δὲ
1724 2201 2211 2274 διαγεγραμμένων
2235 2205 2324 2274 ,ὲν
2377 2205 2517 2270 ὅλοις
2551 2208 2584 2276 ἡ
2656 2207 2885 2280 δύναμις
2934 2208 3071 2280 αὕτη
3143 2205 3306 2261 καθέ-

78 2301 280 2358 στηκεν.

364 2444 461 2510 Τίς
492 2443 532 2514 ἠ
563 2442 632 2508 ἐξ
660 2444 979 2514 εὐωνύμων
1005 2443 1320 2514 διαγραφή.

134 2575 200 2629 Γ’.
230 2576 320 2631 Ἐν
341 2576 438 2647 μὲν
452 2577 529 2648 τῷ
546 2578 807 2650 εὐωνύμῳ
825 2579 1054 2650 κανονίῳ
1070 2581 1126 2635 ὲν
1143 2578 1340 2652 πρώτῳ
1359 2579 1522 2650 στίχῳ
1538 2579 1626 2632 αὕ-

75 2665 151 2718 τοῦ
171 2668 344 2738 ὀρθῶς
360 2668 672 2740 καθιέμενοι
692 2673 741 2723 oi
769 2671 915 2724 ἑπτὰ
937 2671 1221 2742 ἐμϐόλιμοι
1254 2672 1419 2742 μῆνές
1451 2673 1589 2725 εἰσιν
1607 2689 1621 2703 ’

75 2758 124 2809 ὲν
149 2760 201 2812 δὲ
226 2761 306 2831 τῷ
337 2761 380 2832 β’
411 2762 578 2832 στίχῳ
600 2761 667 2815 τά
693 2761 755 2814 ιθ⁹
785 2763 882 2834 τῆς
912 2763 1135 2834 σελήνης
1160 2763 1275 2833 ἔτη,
1303 2764 1408 2816 άπὸ
1434 2763 1498 2816 ιϐ’
1525 2764 1625 2834 τὴν

75 2850 228 2921 ἀρχὴν
255 2853 476 2924 ἔχοντα’
510 2853 606 2906 καὶ
637 2853 807 2918 οὕτως
831 2854 920 2908 διὰ
961 2853 1198 2925 πρώτου,
1227 2855 1320 2907 καὶ
1351 2853 1622 2924 δευτέρου,

74 2941 155 2992 καὶ
189 2943 297 2996 τῶν
343 2943 580 3014 καθεξῆς
629 2946 708 3008 εἰς
752 2945 812 2997 τὸ
853 2945 1313 2998 ὀκτωκαιδέκατον
1359 2945 1620 3016 λήγονται

74 3033 123 3083 ἐν
141 3034 306 3105 τρίτῳ
340 3035 505 3106 στίχῳ
555 3036 609 3089 αῖ
638 3036 747 3089 τῶν
796 3037 892 3107 τῆς
917 3037 1142 3108 σελήνης
1171 3035 1307 3089 ἐτῶν
1356 3037 1585 3090 ἐπακταί
1606 3053 1620 3068 ’

75 3122 124 3172 ἐν
147 3125 388 3194 τετάρτῳ
422 3125 588 3197 στίχῳ
625 3127 673 3178 oi
717 3128 1016 3197 Ῥωμαῖκοὶ
1057 3129 1244 3199 μῆνες,
1303 3128 1626 3200 Ἰανουάριος

73 3214 153 3264 καὶ
198 3217 594 3287 Φεσρουάριος’
649 3219 707 3271 ὲν
754 3217 989 3289 πέμπτῳ
1041 3219 1205 3290 στίχῳ
1261 3221 1322 3272 αἱ
1369 3223 1624 3273 ποσταῖαι

1843 2438 1983 2506 Quid
2011 2439 2111 2492 sibi
2141 2440 2262 2493 uelit
2289 2439 2487 2494 tabella
2518 2441 2587 2494 ad
2615 2443 2888 2498 sinistram
2913 2446 3190 2516 inscripta.

1803 2574 1888 2631 lll.
1927 2575 1985 2630 In
2009 2575 2235 2632 sinistro
2264 2577 2548 2642 laterculo,
2589 2580 2818 2650 ejusque
2852 2583 3028 2653 primo
3056 2600 3219 2641 versu
3244 2587 3302 2642 in

1734 2669 2002 2724 directum
2033 2669 2397 2725 descendente
2448 2680 2654 2742 septem
2685 2682 2813 2727 sunt.
2840 2674 3117 2730 embolimi
3148 2692 3303 2734 men-

1737 2778 1844 2817 ses.
1892 2762 1949 2816 ln
1979 2763 2222 2817 secundo
2266 2779 2450 2827 versu,
2499 2780 2588 2817 xix
2620 2764 2840 2821 lunares
2879 2766 3009 2820 anni
3034 2785 3050 2834 ;
3079 2767 3240 2824 initio
3269 2785 3301 2824 a

1735 2866 1878 2904 nono
1922 2850 2134 2906 decimo
2167 2849 2312 2905 facto
2345 2870 2358 2905 :
2395 2851 2538 2906 unde
2573 2852 2640 2906 ad
2682 2854 2941 2922 primum,
2973 2857 3298 2923 secundum,

1734 2957 1797 2996 ac
1825 2950 2058 2999 caeteros
2113 2944 2306 2999 ordine
2333 2959 2660 3016 progressus
2706 2947 2910 3002 desinit
2953 2949 3007 3002 in
3047 2958 3301 3006 octavum

1733 3031 2043 3098 decimum;
2077 3033 2240 3087 tertio
2269 3047 2433 3087 versu
2464 3035 2736 3089 lunarium
2785 3052 3058 3093 annorum
3096 3051 3303 3110 epacta:

1733 3124 2112 3189 continentur;
2155 3131 2374 3193 quarto,
2406 3123 2640 3178 Romani
2681 3142 2896 3183 menses
2932 3129 3062 3193 dun,
3096 3128 3303 3186 Janua-
3379 3121 3385 3127 ’

1731 3215 1848 3269 rius
1873 3224 1927 3269 et
1953 3215 2317 3283 Februarius;
2369 3219 2594 3287 quintus
2628 3220 2898 3276 mensium
2933 3232 3129 3292 quotas
3155 3225 3305 3279 exhi-

72 3305 233 3358 αὐτῶν
280 3307 388 3359 τῶν
441 3308 655 3379 μηνῶν,
697 3311 776 3372 εἰς
819 3309 885 3372 ἃς
917 3305 1202 3380 συμϐαίνει
1240 3311 1483 3378 γίνεσθαι
1526 3311 1623 3382 τὴν

1739 3307 1837 3372 bet,
1890 3307 1944 3361 in
1989 3323 2128 3377 quas
2169 3285 2522 3378 Car-nisprivii
2577 3310 2772 3364 festum
2797 3285 3052 3381 qincidit;
3109 3326 3303 3371 sextus

70 3399 472 3471 άποκρεώσιμον
515 3403 736 3474 ὲορτὴν·
767 3403 824 3454 ἐν
858 3400 1002 3471 ἕκτῳ
1044 3402 1210 3472 στίχῳ
1243 3403 1298 3454 αἱ
1335 3402 1625 3472 προσθεταὶ

1727 3411 1918 3450 versus
1957 3397 2236 3451 addititios
2277 3398 2417 3461 dies,
2458 3401 2572 3453 sive
2605 3400 2885 3469 regulares
2927 3403 3173 3458 continet
3215 3420 3303 3460 se-

71 3490 282 3562 ἡμέραι,
337 3493 422 3546 διὰ
460 3493 684 3566 σηρικοῦ
725 3494 1129 3566 γεγραμμέναι.
1172 3495 1283 3547 Καὶ
1323 3494 1494 3547 ταῦτα
1525 3493 1624 3564 μὲν

1739 3487 1842 3542 rico
1877 3488 2100 3558 scripto.
2139 3487 2264 3545 Haec
2289 3491 2354 3545 ad
2385 3492 2672 3547 sinistram
2699 3491 2993 3550 habentur.

73 3579 123 3644 ἐξ
142 3582 456 3654 εὐωνύμων.

411 3719 506 3785 Τίς
538 3719 576 3786 ἡ
606 3719 675 3772 ἐκ
708 3717 922 3783 δεξιῶν
949 3717 1272 3789 διαγιοαφή.

129 3831 196 3882 Δ’.
249 3831 346 3884 Ἐκ
374 3830 560 3898 δεξιῶν
581 3831 637 3884 δὲ
666 3832 723 3886 ὲν
749 3830 948 3902 πρώτῳ
975 3831 1141 3901 στίχῳ
1164 3829 1236 3884 τὰ
1261 3829 1525 3902 εἰρημένα
1561 3829 1625 3882 ιθ’

70 3917 158 3990 τῆς
189 3923 413 3992 σελήνης
438 3922 555 3992 ἔτη,
578 3923 686 3976 ἀπὸ
715 3922 932 3994 πρώτου
961 3922 1083 3975 καθ’
1111 3922 1300 3993 εἱρμὸν
1327 3922 1624 3993 ἀρχόμενα,

72 4012 155 4064 καὶ
184 4013 275 4065 διά
306 4012 398 4065 τοῦ
433 4013 708 4083 δευτέρου,
742 4015 836 4067 καὶ
865 4014 1071 4082 τρίτου,
1107 4014 1201 4066 καὶ
1235 4012 1344 4066 τῶν
1390 4011 1628 4083 καθεξῆς

71 4104 140 4163 εἰς
161 4103 252 4156 τὸν
300 4103 362 4156 ιθ¹
389 4103 658 4174 λήγοντα·
695 4105 753 4158 ὲν
781 4104 1017 4174 δευτέρῳ
1049 4104 1214 4174 στίχῳ
1245 4105 1293 4156 oi
1333 4103 1628 4173 Ῥωμαϊκαὶ

70 4194 249 4264 μῆνες,
282 4196 647 4267 Σεπτέμσριος
675 4197 769 4250 καὶ
794 4195 1120 4267 Ὀκτώὸριος
1138 4212 1151 4225 ·
1188 4197 1246 4248 ὲν
1272 4195 1438 4266 τρίτῳ
1461 4193 1628 4264 στίχῳ

67 4288 115 4336 αἱ
143 4287 345 4342 τούτων
379 4288 490 4341 τῶν
546 4287 730 4358 μηνῶν
779 4290 1054 4351 ποσταῖαι,
1088 4288 1168 4350 εἰς
1197 4285 1262 4350 ἃς
1305 4287 1494 4340 πίπτει
1531 4285 1626 4339 τοῦ

66 4376 285 4447 ἑϐδόμου
331 4377 448 4432 καθ’
493 4378 775 4449 Ἑϐραίους
819 4378 986 4448 μηνὸς
1020 4380 1054 4450 ἡ
1100 4378 1297 4449 δεκάτη
1343 4380 1463 4432 κατ’
1510 4377 1628 4441 ἔτος

66 4466 286 4520 ’ἑκαστον
304 4485 317 4498 ⁸
347 4470 404 4524 ὲν
427 4468 672 4539 τετάρτῳ
695 4467 860 4537 στίχῳ
889 4469 946 4520 αἱ
972 4467 1267 4538 προσθεταὶ
1294 4468 1517 4539 ἡμέραι,
1540 4467 1628 4521 διά

67 4562 290 4630 σηρικοῦ
335 4562 755 4632 γεγραμμέναι·
806 4563 862 4615 ὲν
897 4563 1130 4632 πέμπτῳ
1180 4562 1346 4631 στίχῳ
1386 4563 1435 4614 ot
1491 4561 1626 4612 Ῥω-

1725 3712 1866 3780 Quid
1904 3713 1976 3767 ad
1997 3715 2241 3770 dextram
2273 3727 2404 3772 rota:
2430 3726 2636 3788 partem
2657 3721 2776 3774 sita:
2801 3720 2988 3775 tabula
3011 3699 3299 3792 signiﬁcet.

1794 3824 1883 3879 ιν.
1921 3825 2133 3882 Dextra;
2171 3828 2370 3883 tabula:
2407 3829 2621 3899 primus
2665 3845 2859 3886 versus
2901 3831 3300 3896 novemdecim,

1726 3921 1786 3967 ut
1818 3915 1954 3978 dixi,
1982 3932 2161 3972 annus
2184 3919 2326 3972 lunae
2363 3920 2772 3990 complectitur,
2815 3920 2910 3990 qui
2937 3935 2968 3974 a
2995 3920 3173 3991 primo
3207 3935 3305 3990 per

1726 4007 2052 4072 secundum,
2093 4009 2337 4071 tertium,
2371 4024 2435 4064 ac
2469 4011 2713 4080 reliquos
2749 4011 2942 4066 ordine
2974 4011 3301 4080 procedunt,

1726 4104 1891 4168 atque
1921 4097 1980 4151 in
2008 4098 2280 4153 decimum
2306 4114 2512 4154 nonum
2547 4101 2837 4167 desinunt;
2874 4101 3148 4157 secundus
3180 4117 3304 4156 ver-

1727 4205 1822 4245 sus
1860 4189 2138 4244 Romanos
2174 4204 2391 4246 menses
2434 4191 2598 4246 habet
2638 4191 3017 4262 Septembrem
3049 4200 3105 4247 et
3135 4192 3303 4248 Octo-

1729 4282 1910 4348 brem;
1972 4281 2029 4335 in
2068 4281 2230 4335 tertio
2264 4282 2384 4336 dies
2430 4290 2559 4336 sunt
2606 4283 2898 4346 mensium,
2941 4284 2994 4337 in
3029 4299 3167 4352 quas
3197 4283 3304 4339 Ile-

1727 4373 1897 4427 braici
1945 4373 2152 4428 mensis
2197 4374 2416 4443 septimi
2450 4373 2661 4428 decima
2691 4375 2990 4445 quotannis
3028 4374 3299 4441 incurrit;

1728 4465 1785 4519 in
1817 4471 2014 4535 quarto
2053 4466 2334 4535 regulares
2379 4464 2559 4519 serico
2603 4465 2826 4534 scripti;
2873 4465 2927 4518 in
2967 4465 3161 4534 quinto
3192 4463 3301 4520 Ro-

1729 4555 1874 4608 mani
1906 4569 2121 4609 menses
2161 4553 2387 4609 Martius
2413 4562 2467 4608 ct
2507 4553 2745 4623 Aprilis;
2785 4554 2840 4607 in
2892 4561 3048 4608 sexto
3081 4569 3304 4609 eorum-

67 4656 249 4720 μαῖκοὶ
281 4655 463 4724 μῆνες,
484 4655 729 4727 Μάρτιος
752 4654 848 4706 καὶ
879 4655 1152 4725 Ἀπρίλιος
1169 4672 1183 4684 ’
1209 4656 1276 4707 ὲν
1290 4656 1432 4726 ἕκτῳ
1459 4654 1626 4726 στίχῳ

1739 4645 1849 4698 dem
1879 4645 2148 4700 mensium
2189 4645 2327 4708 dies.
2364 4644 2565 4714 quibus
2605 4645 2767 4714 primi
2810 4645 3018 4700 mensis
3048 4643 3300 4699 Hebraici

62 4743 112 4793 αἱ
142 4743 346 4798 τούτων
397 4747 671 4807 ποσταῖαι,
722 4744 845 4796 καθ’
891 4744 958 4807 ἃς
1001 4745 1210 4813 γίνεται
1257 4745 1354 4798 τοῦ
1410 4745 1625 4818 πρώτου

63 4835 178 4888 καθ’
195 4837 487 4907 ,Ἑϐραίους
514 4837 681 4909 μηνὸς
713 4839 746 4908 ἡ
779 4837 1344 4908 τεσσαρεσκαιδεκάτη
1371 4841 1492 4891 κατ’
1511 4838 1630 4902 ἔτος

62 4924 317 4981 ἕκαστον*
345 4931 401 4981 ὲν
435 4928 646 4998 ἑϐδόμῳ
681 4929 848 4998 στίχῳ
876 4929 933 4982 αἱ
966 4927 1259 5008 προσθεταὶ
1296 4928 1456 4983 πάλιν
1491 4931 1628 5001 ἡμέ-

65 5032 183 5084 ραι,
238 5018 704 5091 διαγεγραμμέναι
751 5018 859 5071 ἀπὸ
903 5018 1152 5089 σηρικοῦ.
1201 5017 1386 5072 Ταῦτα
1425 5021 1520 5072 καὶ
1570 5021 1627 5072 ἐν

64 5111 168 5171 τοῖς
193 5109 403 5176 δεξιοῖς.

292 5249 333 5298 Τ
329 5247 384 5312 ίς
411 5247 449 5314 ἠ
481 5246 588 5300 τοῦ
608 5244 804 5315 μέσου
828 5244 1046 5314 τροχοῦ
1077 5243 1369 5314 διαγραφή

126 5376 207 5430 Ε’.
253 5376 309 5429 Ὀ
329 5377 387 5430 δὲ
411 5377 618 5433 τούτων
642 5377 803 5447 μέσος
827 5376 1018 5447 τροχὸς
1044 5374 1136 5428 τοῦ
1168 5374 1321 5446 ἡλίου
1355 5373 1648 5446 καθέστη-⁴

62 5482 176 5527 κεν,
209 5467 349 5521 ἔνδον
375 5470 472 5539 μὲν
505 5467 702 5522 ἑαυτοῦ
725 5466 795 5520 τὰ
825 5467 965 5520 ἑπτὰ
989 5467 1213 5520 δίσεκτα
1246 5466 1387 5519 κατὰ
1413 5466 1626 5520 διαστο-

59 5557 155 5628 λὴν
203 5559 306 5613 ἀπὸ
373 5560 653 5630 τεσσάρων
702 5560 782 5621 είς
824 5559 1065 5629 τέσσαρα
1111 5556 1206 5627 ἐτη
1248 5559 1586 5628 κεκτημένος
1611 5574 1625 5589 ·

67 5650 204 5716 μετὰ
249 5651 301 5703 δὲ
345 5652 413 5704 τὰ
455 5652 697 5713 δίσεκτα,
754 5648 916 5712 εὐθὺς
971 5647 1111 5701 κατά
1158 5648 1374 5718 πρῶτον
1418 5650 1621 5720 στίχον,

61 5739 229 5807 ἡγουν
257 5742 470 5808 κύκλον,
502 5739 570 5794 τά
619 5746 702 5809 κη’
766 5737 860 5792 τοῦ
901 5738 1050 5810 ἡλίου
1091 5735 1218 5808 ἐτη,
1253 5736 1361 5791 ἀπὸ
1406 5738 1623 5808 πρώτου

1729 4743 1924 4805 quarta
1955 4736 2166 4790 decima
2196 4735 2493 4805 quotannis
2523 4735 2817 4802 tribuitur;
2850 4734 3115 4805 septimus
3147 4734 3303 4790 deni-

1728 4842 1832 4896 que
1881 4841 2073 4882 versns
2109 4826 2390 4881 addititios
2439 4827 2578 4890 dies,
2623 4827 2738 4882 sive
2769 4827 3049 4897 regulares
3103 4840 3301 4887 rursus

1728 4911 1969 4967 ostendit
1994 4913 2173 4968 serico
2206 4914 2532 4983 descriptos.
2566 4913 2691 4971 Haec
2720 4914 2789 4968 ad
2820 4915 3070 4970 dextram
3109 4915 3305 4972 inscri-

1729 5010 1821 5072 pta
1849 5002 2032 5057 tabula
2064 5003 2470 5073 complectitur.

1939 5227 2081 5294 Quid
2111 5229 2165 5283 in
2197 5229 2369 5283 medio
2399 5229 2660 5298 descripta
2689 5238 2808 5282 rota
2831 5229 3118 5285 contineat.

1805 5364 1862 5419 V.
1908 5363 2084 5419 Media
2107 5365 2431 5420 tabellarum
2454 5375 2571 5420 rota
2599 5366 2700 5421 soli
2726 5366 3006 5421 tribuitur.
3037 5365 3214 5435 Hujus
3248 5366 3307 5420 in

1730 5458 1992 5514 interiore
2016 5473 2142 5513 area
2176 5465 2385 5528 septem
2423 5459 2707 5513 bisextiles
2737 5465 2886 5522 sunt,
2928 5459 3124 5528 quinto
3165 5473 3304 5526 quo-

1733 5566 1840 5620 que
1869 5565 2012 5604 anno
2063 5551 2248 5619 positi.
2301 5549 2432 5605 Post
2489 5551 2770 5606 bisextiles
2821 5551 2876 5605 in
2908 5553 3083 5620 primo
3115 5567 3302 5614 versu,

1734 5642 1849 5696 sive
1895 5641 2122 5707 circulo,
2159 5641 2287 5694 anni
2336 5641 2469 5696 solis
2505 5656 2696 5703 xxvul,
2739 5642 2968 5710 primus,
3004 5641 3298 5699 secundus.

1731 5742 1784 5788 et
1812 5733 1885 5788 ita
1926 5731 2183 5803 deinceps
2214 5746 2389 5802 usque
2444 5731 2512 5785 ad
2556 5731 2879 5787 vicesimum
2916 5741 3172 5789 octavum
3203 5746 3302 5788 ex-
