3800 6328
428 237 443 283 7
496 282 641 340 ms
1543 283 1635 339 Αο
1671 280 1942 341 susse"
1975 281 2375 341 cnnomcon
2411 283 2779 344 APPENDIX.
3625 287 3741 346 mi

494 399 804 471 plicantur;
839 398 1116 455 secundus
1164 415 1382 464 versus,
1414 399 1534 456 sive
1561 400 1810 456 circulus
1840 410 1972 455 octo
2017 414 2045 454 e

2174 398 2297 453 καθ’
2337 400 2526 472 εἰρμδν
2554 401 2650 455 καὶ
2680 397 2936 470 δευτέρου
2978 400 3140 472 μέχρι
3182 400 3255 455 τὰ
3304 407 3392 471 κη’
3422 400 3736 475 διαγεγραμο

493 486 687 558 viginti
719 502 989 542 annorum
1023 498 1248 559 epaetas
1290 490 1518 560 praebet,
1562 497 1724 559 prout
1767 504 1915 545 anno
1957 489 2045 545 cui

2182 492 2322 563 μένα
2340 510 2353 523 ·
2412 492 2553 547 κατὰ
2602 493 2694 547 τὸν
2733 493 2989 563 δεύτερον
3034 493 3218 564 στίχον
3269 494 3364 546 καὶ
3418 493 3618 548 κύκλον
3659 498 3737 561 τὰς

490 591 601 649 que
636 589 966 650 congruunt.
1009 578 1135 635 Hzec
1161 580 1230 637 de
1256 580 1439 636 media
1469 589 1614 637 rota.

2177 584 2357 638 αὐτῶν
2385 585 2492 640 τῶν
2516 594 2602 656 κη’
2634 586 2772 640 ἐτῶν
2809 587 3074 650 ὲπακτὰς,
3105 588 3192 656 ἐφ’
3221 587 3458 641 ἑκάστου
3482 586 3634 652 ἔτους
3656 591 3733 655 τὰς

462 658 482 680 ⁵
2178 678 2519 748 προσφόρους
2561 678 2840 747 ἀναλόγως
2881 680 3396 754 ἐπιγεγραμμένας.
3445 680 3630 736 Ταῦτα
3660 685 3732 736 καὶ

2175 769 2300 839 περὶ
2333 768 2428 821 τοῦ
2460 769 2625 840 μέσου
2654 770 2873 842 τροχοῦ.

2179 883 2276 949 Τίς
2290 883 2337 915 ⁷⁸
2357 883 2397 950 ή
2429 884 2549 957 ἀπὸ
2575 890 2644 940 ιϐ’
2669 885 2781 957 τῆς
2812 887 3081 957 σελήνης
3105 888 3305 956 ἔτους,
3332 890 3474 944 ἀλλ’
3501 890 3611 945 οὐκ
3633 891 3731 945 ἀπὸ

2367 953 2601 1022 πρώτης
2621 957 2691 1010 ἐν
2717 956 2798 1023 τῷ
3132 953 3553 1030 διαγγκὶμματι.

2243 1067 2335 1134 ς’.
2373 1065 2439 1119 Ἦ
2463 1068 2523 1121 δὲ
2552 1068 2702 1121 αἰτία
2732 1068 2855 1122 καθ’
2885 1070 2954 1142 ἢν
2999 1069 3100 1123 οὐκ
3135 1070 3249 1124 ἀπὸ
3277 1070 3502 1143 πρώτου
3527 1072 3668 1138 ἔτους
3699 1075 3726 1145 ή

492 863 604 920 Cur
626 866 693 921 ab
736 884 877 923 anno
907 854 1048 923 (ante
1095 885 1211 929 nx.
1270 888 1373 926 non
1415 887 1447 922 a
1482 872 1654 939 primo
1684 870 1880 926 tabella
1921 870 2051 926 sini-

996 950 1111 993 stra
1134 940 1296 995 ducat
1325 942 1557 996 initium.

560 1047 647 1106 V1.
687 1049 803 1106 Cur
849 1061 1033 1108 autem
1088 1069 1201 1109 non
1266 1069 1298 1108 a
1338 1055 1517 1125 primo
1557 1054 1772 1109 initium
1833 1053 2068 1109 habeant

484 1145 617 1201 anni
650 1145 875 1201 lunares
898 1147 964 1201 ad
999 1147 1283 1204 sinistram
1308 1148 1584 1219 inscripti,
1621 1147 1715 1203 sed
1741 1162 1771 1200 a
1801 1163 1951 1203 nono
1973 1148 2070 1203 de-

483 1233 650 1300 ciuio,
695 1250 761 1291 ac
785 1235 986 1293 deinde
1017 1238 1251 1309 primus.
1278 1240 1575 1302 secundus,
1611 1248 1665 1295 et
1695 1242 1890 1311 reliqui
1943 1241 2070 1296 sub-

479 1324 766 1396 jiciautur,
791 1344 960 1385 causa
988 1338 1071 1385 est
1096 1331 1393 1401 ejusmodi.
1445 1332 1620 1402 Caput
1645 1333 1980 1404 jejuniorum
2011 1333 2065 1388 in

479 1419 783 1489 penultimo
817 1437 1029 1487 mense,
1060 1423 1167 1479 hoc
1215 1433 1303 1480 est
1331 1424 1625 1480 undecimo
1661 1426 1897 1481 labentis
1937 1427 2065 1481 anni

478 1516 744 1580 perpetuo
778 1512 1068 1583 contingit,
1099 1514 1179 1568 uti
1230 1511 1498 1569 Paschale
1555 1512 1755 1568 festum
1799 1513 1853 1567 in
1886 1515 2065 1583 primo

478 1603 852 1659 succedentis.
885 1602 1068 1669 Quare
1109 1620 1237 1660 cum
1275 1605 1416 1661 duos
1463 1620 1639 1661 annos
1672 1612 1946 1675 occupent
1974 1620 2065 1661 sa-

475 1696 557 1751 cri
572 1696 909 1766 jejuniorum
933 1698 1074 1762 dies,
1111 1698 1200 1753 vel
1236 1699 1420 1769 potius
1452 1713 1483 1753 a
1522 1698 1739 1752 duobus
1773 1698 1878 1768 ipsi
1910 1712 2062 1752 eom-

474 1787 913 1857 prehendantur,
943 1789 1017 1842 ita
1055 1796 1115 1842 ut
1150 1788 1368 1843 initium
1396 1789 1615 1844 illorum
1653 1788 1723 1844 ab
1754 1803 1900 1844 anno
1934 1805 2063 1845 cur-

475 1885 631 1933 rente
655 1879 799 1934 lunae
828 1878 1098 1949 pendeat;
1131 1878 1258 1935 ﬁnis
1281 1886 1463 1935 autem
1498 1880 1567 1933 ah
1590 1895 1656 1935 eo
1686 1879 1782 1950 qui
1814 1880 2063 1952 proxime

2169 1158 2423 1230 ὲγγραφὴ
2453 1158 2562 1212 τῶν
2593 1160 2692 1231 τῆς
2720 1160 2954 1233 σελήνης
2979 1162 3117 1215 ὲτῶν
3140 1160 3203 1226 ἐξ
3235 1162 3533 1233 εὐωνύμων
3556 1163 3723 1233 nam,

2168 1251 2302 1306 ἀλλὰ
2335 1252 2445 1305 ἀπὸ
2480 1250 2567 1319 ιϐ’,
2599 1254 2696 1307 καὶ
2731 1253 2906 1318 οὕτως
2934 1254 3175 1327 πρώτου,
3218 1256 3316 1310 καὶ
3352 1256 3626 1327 δευτέρου,
3651 1260 3725 1312 καὶ

2166 1342 2274 1395 τῶν
2328 1341 2604 1414 καθεξῆς,
2652 1344 2790 1417 αὕτη
2837 1346 3005 1402 ἐστίν.
3054 1348 3121 1400 Ἣ
3168 1348 3535 1420 παρείσδασις
3571 1350 3628 1400 ἑν
3663 1348 3724 1419 τῷ

2166 1433 2507 1505 προτελεύτῳ
2540 1435 2691 1506 μηνὶ,
2713 1436 2992 1492 τουτέστιν
3016 1438 3294 1509 ἑνδεκάτῳ
3325 1437 3423 1492 τοῦ
3458 1439 3723 1502 ἐνεστῶτος

2163 1524 2373 1591 γίνεται
2397 1523 2553 1589 ἔτους
2592 1525 2711 1579 ἀεί·
2750 1526 3001 1600 καθάπερ
3030 1528 3126 1582 καὶ
3163 1530 3198 1601 η
3237 1529 3544 1600 Παοχάλιος
3582 1531 3721 1601 ἑορτὴ

2164 1615 2222 1667 ἐν
2244 1613 2321 1685 τῷ
2349 1613 2550 1686 πρώτῳ
2580 1615 2675 1670 τοῦ
2699 1617 2923 1671 εἰσιέναι
2954 1618 3264 1689 μέλλοντος.
3299 1620 3521 1693 Ἐπειδὴ
3553 1617 3642 1675 οὖν
3664 1622 3721 1675 τὰ

2161 1702 2255 1757 δύο
2287 1705 2676 1775 μεσολαϐοῦσιν
2701 1706 2796 1778 ἐτη
2826 1710 2885 1761 αἰ
2920 1708 3074 1778 ἅγιαι
3097 1709 3209 1764 τῶν
3228 1710 3497 1783 νηστειῶν
3520 1712 3720 1784 ἡμέραι.

2168 1794 2367 1864 μᾶλλον
2414 1795 2472 1850 δὲ
2522 1797 2661 1869 πρὸς
2702 1799 2884 1853 αὐτῶν
2916 1795 3074 1855 αὗται
3113 1800 3608 1873 ωλλαμὸἀνονταυ
3644 1805 3720 1856 καὶ

2161 1883 2230 1937 τὰ
2249 1885 2295 1916 ⁵⁸
2320 1885 2419 1956 μὲν
2441 1886 2541 1958 τὴν
2577 1888 2782 1942 οἰκείαν
2804 1889 2977 1962 ἀρχὴν
3006 1891 3315 1963 ὴρτημέναι
3338 1892 3435 1946 τοῦ
3457 1894 3719 1957 ἐνεστῶτος

476 1968 750 2039 sequitur,
781 1984 1009 2025 necesse
1024 1977 1186 2024 estut
1208 1969 1546 2041 jejunioruin
1578 1970 1796 2025 initium
1821 1987 1885 2026 ex
1913 1986 2045 2027 annc

2160 1977 2260 2048 τῆς
2280 1977 2504 2051 σελήνης
2524 1979 2697 2047 ἔτους,
2723 1982 2865 2036 κατὰ
2884 1983 2941 2037 δὲ
2965 1982 3026 2037 τὸ
3043 1982 3198 2048 τέλος
3218 1980 3376 2049 αὖθις
3399 1985 3494 2040 τοῦ
3521 1987 3715 2041 εἰσιέναι

474 2054 695 2111 decimo
726 2071 873 2111 nono
918 2058 1230 2127 metiamur,
1261 2059 1481 2130 quando
1542 2060 1782 2116 salutare
1842 2060 2045 2118 Pascha

2163 2068 2448 2140 μέλλοντος
2467 2088 2481 2102 ⁸
2514 2073 2728 2146 ἀνάγκη
2755 2075 2972 2139 πάντως
2998 2076 3107 2130 ἀπὸ
3125 2077 3610 2132 ὲννεακαιδεκάτου
3634 2097 3717 2133 κα-

473 2162 622 2203 auno
648 2148 794 2205 lunae
817 2150 994 2221 primo
1022 2151 1351 2207 celebratur.
1391 2151 1483 2206 Sic
1505 2167 1570 2208 ex
1592 2167 1741 2207 anno
1777 2154 1955 2223 primo
1974 2155 2045 2225 je-

2159 2162 2459 2225 νονίζεσθαι
2503 2164 2659 2232 ἔτους
2705 2167 2805 2239 τὴν
2851 2167 3026 2240 ἀρχὴν
3071 2166 3182 2222 τῶν
3212 2169 3514 2239 νηστειῶν,
3549 2171 3629 2223 ὅτε
3668 2171 3717 2223 τὸ

469 2238 755 2309 juniorum
788 2250 953 2312 caput
984 2242 1265 2314 dirigitur,
1312 2244 1531 2314 quoties
1569 2244 1766 2300 festum
1794 2245 2059 2303 Resurre-

472 2331 672 2386 ctionis
713 2330 769 2386 in
808 2332 1111 2387 secundum
1142 2332 1369 2401 incidit;
1410 2341 1466 2389 et
1510 2348 1579 2390 ex
1612 2334 1880 2402 secundo,
1928 2352 2055 2392 cum

471 2422 526 2477 in
570 2423 791 2478 tertium
833 2423 1021 2489 cadit,
1081 2432 1136 2480 et
1176 2426 1248 2480 ah
1302 2425 1408 2482 hoc
1457 2441 1674 2491 rursus,
1729 2428 1952 2497 quando
1997 2429 2056 2484 in

467 2522 726 2583 quartum
758 2515 993 2571 incurrit
1025 2534 1038 2571 :
1087 2524 1255 2588 atque
1292 2517 1367 2573 ita
1389 2533 1578 2589 porro.
1630 2518 1712 2573 Ad
1743 2519 1893 2576 hunc
1933 2534 2055 2576 mo-

466 2603 597 2660 dum
625 2620 686 2661 se
718 2605 882 2662 habet
917 2605 1190 2661 lunarium
1227 2606 1297 2661 ad
1335 2607 1618 2664 sinistram
1647 2622 1917 2665 annorum
1954 2607 2053 2667 de-

465 2697 716 2770 scriptio.

469 2898 628 2971 173
663 2897 892 2966 Quinam
919 2898 1027 2955 sint
1051 2900 1338 2969 embolimi,
1368 2912 1416 2957 et
1442 2918 1561 2973 qua
1586 2903 1799 2959 lunares
1821 2912 2041 2974 epacta'.

2159 2255 2426 2326 σωτήριον
2471 2256 2665 2328 Πάσχα
2711 2259 2769 2310 ἐν
2802 2258 3005 2330 πρώτῳ
3035 2259 3136 2331 τῆς
3189 2260 3425 2331 σελήνης
3472 2260 3580 2314 ἔτει
3616 2262 3716 2313 ἐπι-

2154 2347 2410 2403 τελεῖται.
2441 2346 2598 2402 Οὐτω
2632 2348 2689 2402 δὲ
2720 2350 2815 2403 καὶ
2842 2350 2956 2403 ἀπὸ
3000 2349 3217 2424 πρώτου
3245 2350 3348 2421 τὴν
3380 2351 3713 2423 παριίσδασιν

2155 2436 2340 2503 πάλιν,
2372 2439 2462 2491 ὅτε
2488 2439 2523 2510 ἡ
2571 2439 2941 2510 ἀναστάσιμος
2984 2442 3148 2514 ἑορτὴ
3191 2442 3251 2495 ἐν
3287 2440 3328 2512 β’
3372 2443 3609 2511 γίνετιιο
3636 2443 3712 2497 καὶ

2154 2529 2264 2584 ἀπὸ
2300 2529 2367 2601 β’,
2412 2531 2501 2586 ὅτε
2534 2531 2594 2586 ὲν
2634 2530 2712 2603 τῷ
2760 2533 2967 2606 τρίτῳο
3003 2533 3100 2588 καὶ
3139 2534 3249 2588 ἀπὸ
3289 2534 3507 2601 τούτου,
3553 2536 3633 2589 ὅτε
3664 2535 3712 2586 ἐν

2152 2620 2430 2693 τετάρτῳ·
2480 2623 2576 2676 καὶ
2639 2622 2830 2688 ἁπλῶς
2889 2624 3052 2697 μέχρι
3096 2624 3309 2690 τέλους.
3357 2620 3529 2691 οὗτος
3569 2622 3649 2681 οὖν
3688 2626 3712 2678 ὁ

2151 2714 2252 2785 τῆς
2277 2713 2583 2786 διαγραφῆς
2630 2713 2788 2784 λόγος
2813 2714 2924 2771 τῶν
2959 2715 3061 2787 τῆς
3099 2716 3334 2789 σελήνης
3357 2716 3419 2786 ἐξ
3445 2716 3711 2789 εὐωνύμων

2152 2804 2313 2861 ἑτῶν.

2158 2921 2323 2987 Τίνες
2382 2926 2437 2977 οι
2480 2922 2813 2993 ἐμϐόλιμοι,
2852 2923 2958 3062 x3412,
2993 2924 3157 2991 τινες
3208 2926 3271 2979 al
3325 2925 3577 2983 ἐπακταί
3619 2924 3709 2992 τῆς

2802 3011 2876 3048 σε
2962 3011 3097 3061 νης.

2802 3011 3097 3061 σεληνης.

540 3078 647 3133 VII.
700 3078 921 3151 Septem
961 3097 1182 3139 menses
1245 3083 1605 3141 intercalares
1653 3099 1721 3140 ex
1776 3084 1844 3142 iis
1907 3100 2045 3157 quas

2221 3085 2295 3137 Z'.
2325 3086 2388 3137 Οἱ
2426 3083 2483 3138 δὲ
2512 3085 2653 3141 ἑπτὰ
2690 3084 2975 3158 ἐμϐόλιμοι
3011 3085 3182 3158 μῆνες
3204 3087 3272 3142 ὲκ
3301 3088 3414 3143 τῶν
3433 3088 3707 3161 λεγομένων

463 3180 686 3244 epactas
708 3172 854 3227 lunae
884 3173 1141 3241 dicimus,
1165 3175 1500 3246 colliguntur
1528 3184 1653 3246 post
1680 3176 1818 3234 duos
1844 3192 2042 3245 annos,

464 3265 547 3321 vel
584 3276 714 3331 tres,
746 3266 968 3336 quando
996 3266 1062 3321 ad
1103 3267 1459 3323 tricenarium
1501 3268 1712 3323 dierum
1754 3285 2041 3326 numerum

462 3358 812 3427 perveniunt.
842 3356 1061 3427 Epactaz
1097 3374 1266 3429 porro
1303 3374 1369 3415 ex
1401 3358 1615 3415 delectu
1652 3360 1866 3415 lunaris
1915 3363 2044 3417 anni

462 3447 529 3502 ad
561 3450 797 3504 solarem
833 3450 1107 3506 oriuntur.
1155 3449 1293 3505 Nam
1339 3450 1537 3507 solaris
1586 3452 1781 3508 diebus
1817 3461 2046 3509 constat

461 3553 702 3608 cccva;
751 3541 965 3598 lunaris
1009 3557 1217 3598 cccuv.
1265 3541 1423 3599 Unde
1468 3544 1751 3617 proprium
1797 3559 2041 3600 mensem

460 3635 623 3689 habet
660 3634 876 3689 dierum
918 3650 1071 3700 xm,
1124 3649 1190 3689 ac
1246 3635 1515 3689 semissis.
1560 3635 1630 3688 At
1679 3650 1857 3691 annus
1901 3636 2043 3692 lunae

458 3727 690 3797 quilibet
722 3739 834 3780 uno
864 3725 1048 3795 aliquo
1086 3725 1154 3780 dc
1186 3723 1610 3781 intercalarihus
1637 3727 1880 3796 septenis
1904 3743 2042 3798 prae-

459 3818 630 3881 ditus,
672 3815 935 3872 tredecim
976 3817 1206 3871 omnino
1258 3831 1477 3872 menses
1526 3816 1729 3884 habet;
1779 3819 1916 3875 adeo
1980 3830 2039 3875 ut

463 3908 531 3963 ad
574 3908 859 3964 duodenos
907 3910 1134 3964 ultimus
1181 3908 1285 3965 iste
1324 3923 1425 3981 pro
1465 3924 1554 3975 eo,
1606 3925 1668 3964 ac
1703 3911 2039 3981 nominatur,

461 3998 808 4054 intercalaris
850 3999 1120 4066 accedat;
1172 4008 1461 4070 propterea
1514 4013 1627 4055 non
1680 4001 1861 4057 solum
1922 4003 2043 4061 dies

458 4093 678 4165 colligat
734 4107 961 4161 cccuv,
1021 4094 1099 4149 uti
1153 4095 1336 4150 cmteri
1398 4096 1619 4152 lunares
1682 4097 1813 4151 anni
1872 4117 1887 4154 :
1944 4099 2042 4155 sed

457 4198 783 4249 CCCLXXSIV,
836 4186 1110 4242 tricenum
1155 4186 1367 4243 dierum
1420 4202 1608 4244 mense
1656 4188 1883 4260 insuper
1940 4190 2042 4246 ad-

457 4277 590 4334 dito.

458 4390 535 4448 De
576 4391 815 4448 Hebraeis
867 4393 1154 4456 mensibus,
1209 4394 1301 4464 qui
1352 4392 1421 4447 ad
1477 4395 1755 4450 sinistram
1820 4394 2037 4451 canonis

524 4474 729 4537 partem
756 4464 1015 4518 observati
1046 4454 1189 4537 sunt.
1213 4454 1262 4517 et
1284 4466 1516 4534 ipsorum
1547 4476 1706 4536 quoto
1732 4466 1837 4531 die,
1860 4467 2041 4537 cujus-

2210 4454 2351 4537 vium~
2386 4454 2707 4537 Ἑϐραϊκῶν

526 4534 672 4588 modi
706 4544 830 4589 sunt
861 4546 911 4588 et
944 4551 1108 4605 quare
1139 4535 1357 4589 diverti.

523 4642 663 4701 Vill.
693 4644 835 4701 Hinc
877 4646 1043 4716 igitur
1090 4647 1425 4716 penultimus
1469 4648 1680 4705 lunaris
1720 4648 1869 4704 illius
1910 4648 2041 4703 anni

455 4738 664 4793 mensis
702 4754 811 4793 non
842 4738 1166 4794 undecimus
1195 4747 1301 4803 est,
1330 4740 1428 4795 sed
1456 4740 1835 4806 duodecimus,
1870 4755 1898 4794 a
1932 4756 2043 4811 quo

454 4838 774 4885 sanctorum
802 4828 1137 4899 ieiuniorum
1174 4830 1457 4885 introitum
1497 4832 1623 4901 jure
1653 4832 1931 4896 metimur,
1966 4831 2038 4887 ob

454 4935 742 4977 excessum
781 4924 986 4977 mensis
1026 4923 1208 4985 unius,
1251 4923 1341 4993 qui
1373 4923 1443 4977 ab
1491 4923 1783 4978 undecimo
1814 4924 2039 4980 illorum

455 5011 894 5068 observationem
948 5013 1203 5083 progredi
1256 5020 1423 5079 vetat,
1476 5023 1535 5068 ut
1583 5030 1653 5070 ne
1702 5016 1888 5086 plures
1942 5033 2045 5073 nu-

458 5117 631 5168 mero,
679 5118 842 5173 quam
896 5119 1086 5159 revera
1144 5105 1274 5169 sint,
1332 5104 1452 5159 dies
1493 5104 1601 5160 illis
1642 5105 1982 5175 imputentur
2026 5125 2041 5162 :

457 5189 603 5247 unde
639 5193 911 5249 calculum
959 5195 1395 5253 subducentibus
1435 5210 1594 5251 error
1639 5194 1892 5266 obrepat.
1933 5196 2047 5252 Cte-

457 5292 637 5339 terum
676 5284 732 5339 in
777 5292 1009 5356 utroque
1052 5303 1258 5355 mense,
1322 5286 1634 5353 undecimo,
1693 5289 1939 5360 inquam,
1981 5303 2036 5345 et

457 5375 807 5442 duodecimo,
837 5377 906 5432 ad
937 5379 1224 5435 sinistrum
1261 5382 1405 5437 latus
1435 5382 1668 5436 canonis
1693 5396 1805 5435 non
1842 5384 2034 5439 eadem

455 5478 623 5541 quota
666 5468 786 5525 dies
813 5471 1109 5528 ascribitur
1137 5489 1171 5530 ο
1208 5474 1431 5546 regione
1462 5475 1832 5529 Romanorum
1878 5492 2037 5531 men-

454 5556 600 5615 sium
639 5576 653 5612 :
700 5558 1160 5627 quemadmodum
1202 5562 1257 5616 in
1290 5560 1483 5617 dextra
1528 5573 1682 5631 parte
1721 5563 1814 5618 uni
1860 5565 2037 5639 mensi

526 5717 576 5752 ⁸³
604 5717 759 5773 Deest
788 5720 955 5773 αἰτία.
1029 5721 1081 5765 ⁵*
1113 5719 1155 5789 Ῑ.
1187 5718 1349 5773 κατά.

2152 3175 2410 3229 ὲπακτῶν
2458 3178 2560 3249 τῆς
2611 3177 2841 3249 σελήνης
2871 3176 3218 3249 ἁθροίζονται
3272 3181 3417 3236 κατὰ
3458 3181 3640 3236 διετίαν
3675 3183 3704 3252 ἢ

2151 3266 2390 3337 τριετίαν
2438 3267 2669 3341 ἀριθμὸν
2708 3269 2753 3323 λ’
2806 3268 3032 3341 ἡμερῶν
3087 3270 3512 3343 ἐκπληροῦντες.
3561 3274 3620 3326 Δί
3658 3273 3705 3324 δὲ

2152 3359 2390 3412 ὲπακταὶ
2414 3358 2504 3412 διὰ
2540 3360 2639 3430 τὴν
2677 3357 2916 3428 ἔκλειψιν
2963 3358 3195 3413 δίδονται
3229 3360 3327 3413 τοῦ
3365 3361 3469 3432 τῆς
3512 3359 3705 3432 eam;

2152 3449 2305 3515 έτους
2334 3450 2469 3522 πρὸς
2498 3450 2560 3504 τὸ
2594 3450 2820 3523 ἡλιακὸν
2852 3449 2987 3514 ἔτος.
3032 3450 3254 3523 Ἐπειδὴ
3277 3452 3342 3506 τὸ
3384 3453 3485 3524 μὲν
3516 3452 3705 3525 ἡλιακὸν

2150 3541 2258 3606 τξε¹
2297 3541 2632 3613 καθέστηκεν
2689 3542 2935 3614 ἡμερῶν,
2985 3542 3049 3596 τὸ
3073 3542 3131 3596 δὲ
3179 3544 3280 3614 τῆς
3337 3544 3564 3615 σελήνης
3596 3543 3701 3596 rvi}.

2154 3631 2318 3687 Ὅθεν
2369 3632 2465 3685 καὶ
2514 3632 2605 3685 τὸν
2655 3634 2855 3684 οἰκεῖον
2905 3630 3053 3702 μῆνα
3100 3629 3181 3685 κθ¹
3224 3630 3458 3702 ἡμίσεος
3511 3630 3704 3703 ἡμερῶν

2151 3725 2433 3796 κέκτηται.
2475 3726 2590 3780 Πᾶν
2618 3725 2677 3778 δὲ
2709 3724 2938 3796 σελήνης
2972 3723 3122 3788 έτος,
3161 3722 3457 3795 δεχόμενον
3494 3724 3582 3777 ἕνα
3613 3721 3703 3774 τῶν

2151 3815 2465 3887 ὲμὸολίμων
2506 3815 2715 3888 μηνῶν,
2751 3813 3053 3886 δεκατριῶν
3084 3815 3295 3884 γίνεται
3325 3814 3562 3878 πάντως,
3589 3811 3702 3883 πρὸς

2148 3910 2269 3971 ταῖς
2335 3907 2657 3961 δυοκαίδεκα
2703 3906 2890 3961 τοῦτον
2939 3905 3283 3978 φερωνύμως
3337 3906 3701 3977 ἐμϐαλλόμενον

2151 3995 2299 4066 ἕχον·
2344 3994 2422 4058 ὡς
2455 3987 2804 4068 εὑρίσκεσθαι
2841 3994 3028 4049 λοιπὸν
3060 3995 3138 4067 μὴ
3181 3995 3344 4066 μόνον
3376 3995 3479 4051 τνδ¹
3513 3990 3701 4066 ἡμερῶν

2150 4088 2292 4143 κατὰ
2318 4087 2387 4141 τὰ
2416 4088 2579 4142 λοιπὰ
2607 4088 2705 4158 τῆς
2731 4088 2959 4159 σελήνης
2994 4086 3114 4158 ἔτη,
3156 4086 3296 4141 ἀλλὰ
3322 4087 3442 4141 τπδ’
3472 4090 3538 4160 τῇ
3564 4099 3699 4157 προσ-

2151 4184 2296 4241 θέσει
2331 4186 2426 4240 τοῦ
2459 4184 2755 4258 ἐμϐολίμου
2794 4184 2962 4258 μηνὸς
2990 4184 3034 4238 λ’
3073 4182 3318 4257 ἡμερῶν.
3394 4177 3401 4185 ’

2149 4392 2290 4462 Περὶ
2327 4391 2449 4446 τῶν
2468 4391 2539 4457 ἐξ
2578 4391 2909 4462 εὐωνύμωνζ
2938 4390 3048 4446 τοῦ
3092 4390 3386 4462 κανωςίου
3421 4383 3696 4462 τετῃριυιέ·

2748 4460 2994 4532 μηνῶν,
3063 4464 3163 4516 καὶ
3217 4460 3334 4527 τῆς
3386 4461 3578 4532 αὐτῶν
3610 4471 3696 4510 10-

2208 4535 2454 4600 σταίας·
2484 4530 2652 4600 τινες
2677 4530 2921 4597 τέέὶσι,
2953 4534 3054 4586 καὶ
3077 4532 3177 4587 διὰ
3212 4533 3271 4586 τί
3301 4530 3584 4603 διάφοροι.

2211 4649 2293 4701 H’.
2342 4646 2625 4701 Ἐντεῦθεν
2645 4642 2739 4701 οὖν
2758 4646 2852 4700 καὶ
2871 4644 3292 4718 προτελευταῖον
3323 4645 3471 4716 μῆνα
3508 4641 3591 4696 τὸν
3608 4635 3692 4709 πρὸ
3748 4674 3749 4689 η

2141 4739 2237 4794 τοῦ
2262 4740 2468 4804 τέλους,
2491 4740 2553 4792 οὐ
2583 4737 2675 4791 τὸν
2703 4736 3006 4800 ἑνδέκατον,
3028 4736 3166 4790 ἀλλὰ
3194 4735 3287 4789 τὸν
3320 4732 3692 4789 δυοκαιδέκατθν

2142 4831 2204 4886 τὺ
2232 4829 2443 4884 τοιοῦτο
2474 4830 2574 4900 τῆς
2611 4828 2841 4899 σελήνης
2863 4827 3129 4899 κέκτηται
3169 4826 3324 4890 ἔτοςο
3361 4827 3424 4891 ἐξ
3448 4818 3508 4879 οὗ
3558 4834 3692 4893 προσ·
3746 4884 3747 4893 γ

2140 4926 2385 4998 ηκόντως
2411 4926 2505 4979 καί
2537 4926 2571 4995 ἡ
2606 4920 2968 4999 παρείςδασις
2994 4918 3105 4972 τῶν
3130 4919 3306 4988 ἁγίων
3339 4915 3589 4989 νηστειῶν
3613 4926 3690 4964 xa-

2140 5017 2409 5084 νονίζεται
2459 5018 2526 5071 δι’
2560 5017 2729 5088 αὐτὴν
2772 5013 2867 5069 τοῦ
2917 5011 3085 5084 μηνὸς
3110 5010 3209 5082 τὴν
3243 5009 3575 5082 περισσείαν,
3605 5017 3691 5057 καθ’

2141 5111 2376 5165 λύουσαν
2408 5109 2507 5179 τὴν
2536 5109 2643 5162 ἀπὸ
2665 5106 2949 5161 ἑνδεκάτου
2985 5101 3242 5172 γενέσθαι
3290 5101 3460 5173 μηνὸς
3485 5091 3689 5169 παρατίγ

2144 5203 2338 5276 ρησιν·
2377 5202 2454 5268 ὡς
2498 5201 2635 5273 μήτε
2671 5199 2889 5261 πλείους
2920 5196 2954 5268 ἢ
2988 5188 3064 5249 ὧν
3102 5192 3416 5265 ὑπάρχουσι
3455 5187 3584 5245 κατὰ
3621 5182 3688 5235 τὸν
3740 5236 3741 5276 1

2143 5291 2374 5365 ἀριθμὸν
2405 5291 2502 5355 τὰς
2534 5289 2712 5346 αὐτῶν
2750 5288 2964 5361 ἡμέρας
3005 5284 3366 5358 ψηφίζεσθαι,
3394 5276 3687 5376 κάκ-τοῦτοτί

2143 5362 2461 5454 διαμαρτεῖν
2528 5384 2655 5445 τοὺς
2713 5379 3067 5451 ψηφίζοντας.
3129 5377 3442 5447 Τετήρηται
3494 5370 3549 5425 δὲ
3596 5362 3674 5420 καθ

2144 5473 2405 5545 ἑκάτερον
2434 5473 2597 5545 μῆνα,
2629 5472 2723 5525 τὸν
2752 5471 3035 5525 ἑνδέκατον
3081 5468 3242 5537 λέγω,
3278 5468 3373 5521 καὶ
3401 5466 3491 5519 τὸν
3516 5462 3688 5545 δυοκῑιέ

2144 5565 2370 5619 δέκατον
2420 5569 2479 5619 ὲν
2517 5565 2597 5637 τῷ
2645 5564 2911 5637 εὐωνύμῳ
2957 5560 3054 5617 τοῦ
3092 5560 3342 5614 κανονίου
3388 5560 3485 5628 οὐχ
3517 5558 3547 5625 ἡ
3583 5544 3685 5611 αὕτῆ
