3800 6324
140 303 280 359 1225

955 300 1016 356 δ.
1057 299 1305 354 MAXIM!
1349 296 1714 353 MARTYRIS
1751 293 2124 352 COMPUTUS
2160 294 2598 352 ECCLESIAST.

3249 303 3276 358 1
3286 300 3388 358 29.6

138 441 265 478 ποστ
275 424 372 479 αἶα
394 423 539 476 κατὰ
558 421 656 493 τὴν
684 420 792 473 τῶν
823 420 1145 491 Ῥωμαϊκῶν
1165 422 1470 493 διαγραφὴν
1487 438 1500 450 ·
1535 420 1705 490 ὥσπει

1828 433 1923 488 per
1971 431 2147 472 annos
2196 433 2390 474 omnes
2439 417 2704 472 decimam
2753 427 3010 490 quartam
3069 419 3386 477 attributam

138 516 213 568 ἐνὶ
232 514 372 587 μηνὶ
392 513 488 567 καὶ
504 513 639 576 ὅλοις
657 513 700 545 ⁸⁷
719 513 830 576 τοῖς
846 511 930 564 έτε
938 529 1019 565 σιν
1030 513 1088 565 ὲν
1102 511 1178 583 τῷ
1199 511 1357 583 δεξιῷ
1371 510 1470 583 τὴν
1491 509 1552 564 ιδ’
1573 527 1628 564 σε
1636 528 1724 582 σηο

141 604 456 676 μειωμένην
477 604 693 676 ὁρῶμεν
716 603 1067 674 ὑπάρχουσαν
1093 619 1106 632 ·
1139 602 1254 656 ἀλλ’
1281 601 1416 673 ἄλλη
1440 602 1535 655 καὶ
1556 601 1719 672 ἄλλη.

134 688 254 746 υἷον
280 694 364 756 εἰς
407 692 508 764 μὲν
537 692 627 746 τὸν
669 699 737 745 ια’
765 693 893 762 παρ’
923 691 1192 763 Ἑϐραίοις
1225 690 1407 744 Σαϐὰτ
1431 690 1722 762 λεγόμενον

133 787 165 856 ἡ
183 783 382 840 τούτου
414 785 850 854 ἑπτακαιδεκάτη
871 801 884 814 ·
905 785 961 836 ὲν
978 785 1204 848 ἐκείνοις
1231 784 1412 854 μέντοι
1444 787 1557 847 τοῖς
1577 783 1721 836 ἔτεσι

133 879 242 939 τοῖς
275 877 380 929 οὐκ
428 876 612 947 ἔχουσι
636 877 728 929 τὸν
767 875 1060 947 ἐμϐόλιμον
1080 893 1094 906 ·
1132 877 1212 939 είς
1243 876 1300 928 δὲ
1330 875 1422 929 τὸν
1449 875 1720 929 δυοκαιδέ-

133 984 317 1033 κατον,
351 968 528 1040 Ἀδαρ
568 969 1126 1040 προσαγορευόμενον,
1171 971 1205 1039 ή
1241 967 1428 1021 τούτου
1451 968 1719 1022 ὀκτωκαι-

130 1057 355 1128 δεκάτη,
374 1061 435 1111 ὲν
452 1059 660 1122 τούτοις
684 1059 924 1128 δηλονότι
949 1062 1060 1122 τοῖς
1081 1059 1172 1113 τὸν
1195 1058 1488 1130 ἐμϐόλιμον
1513 1059 1714 1130 ἔχουσι.

131 1147 239 1200 Καὶ
271 1147 439 1201 τοῦτό
460 1164 524 1216 γε
555 1149 696 1202 κατὰ
717 1147 893 1216 λόγον.
933 1147 1149 1218 Ἐπειδὴ
1171 1148 1278 1220 γὰρ
1301 1149 1382 1202 κθ¹
1411 1149 1504 1202 καὶ
1523 1148 1566 1200 λ’
1586 1151 1720 1220 ήμε-

132 1237 239 1306 ρῶν
275 1241 411 1309 παρ’
443 1240 696 1312 ἑκάτερον
730 1239 873 1311 μῆνα
889 1239 996 1293 τῶν
1023 1240 1348 1296 δυοκαίδεκα
1369 1241 1467 1312 τῆς
1489 1241 1718 1313 σελήνης

126 1329 461 1401 ψηφίζομεν,
491 1331 626 1402 πρὸς
657 1331 715 1385 τὸ
758 1331 832 1402 μὴ
869 1335 1056 1402 τεμεῖν
1098 1333 1306 1404 ἡμέρας
1347 1333 1433 1387 διὰ
1477 1331 1572 1386 τοῦ
1613 1332 1718 1386 ἀνὰ

129 1422 206 1474 κδ’
242 1422 478 1493 ἡμίσεος
528 1421 749 1486 τούτους
789 1421 1046 1494 ψηφίζειν
1097 1423 1404 1495 (συμϐαίνει
1431 1424 1539 1496 γὰρ
1572 1421 1714 1478 οὕτω

127 1514 224 1577 τὰς
255 1532 319 1567 τε
360 1515 467 1568 τνδ’
496 1515 709 1586 ἡμέρας
751 1515 979 1580 ἐντελῶς
1026 1515 1374 1588 ἀριθμεῖσθαι
1421 1515 1564 1570 κατὰ
1606 1518 1714 1571 πᾶν

127 1608 244 1670 ἔτος
266 1609 372 1677 τῆς
409 1607 673 1677 σελήνης,
722 1607 815 1659 καὶ
850 1605 1121 1677 μηδεμιᾶς
1155 1605 1472 1676 συμϐαίνειν
1498 1607 1713 1677 ἡμέρας

121 1697 426 1767 διαίρεσιν·
467 1696 544 1760 ώς
585 1697 830 1750 ἐντεῦθεν
873 1697 1056 1750 λοιπὸν
1101 1696 1449 1767 εὑρίσκεσθαι
1490 1698 1577 1751 διὰ
1615 1698 1714 1768 τὴν

124 1791 380 1858 τοιαύτην
413 1790 479 1841 ἐκ
512 1787 725 1860 πρώτου
762 1788 927 1859 μηνὸς
961 1788 1278 1843 ἀκολουθίαν
1309 1791 1403 1842 καὶ
1435 1789 1587 1852 τάξιν
1617 1789 1707 1841 τὸν
1745 1767 1790 1827 Β

124 1882 223 1952 μὲν
245 1888 315 1934 ια’
339 1879 563 1950 ἡμερῶν
585 1879 692 1944 κο’;
717 1880 808 1933 τὸν
840 1881 896 1933 δὲ
925 1880 1336 1934 δυοκαιδέκατον
1362 1879 1404 1932 λ’
1436 1879 1702 1952 ήμερῶν)·

123 1972 517 2046 προσηκόντως
541 1967 633 2026 οὖν
664 1973 720 2024 ὲν
753 1972 849 2042 μὲν
883 1974 994 2034 τοῖς
1021 1971 1121 2024 οὐκ
1149 1971 1331 2042 ἔχουσι
1367 1971 1457 2024 τὸν
1490 1969 1707 2040 ἐμϐόλι-

125 2081 226 2135 μον
258 2064 353 2117 τὸν
395 2071 462 2116 ια’
507 2063 602 2117 καὶ
648 2061 746 2134 τὴν
783 2062 971 2116 τούτου
1019 2061 1082 2126 ιζ’
1116 2062 1527 2133 ἐκανονίσαμεν.
1575 2060 1707 2114 Ἀπὸ

120 2150 230 2228 γὰρ
266 2154 476 2225 ταύτης
519 2155 680 2226 μέχρι
713 2155 812 2226 τῆς
855 2153 949 2207 τοῦ
990 2154 1110 2208 καθ’
1157 2153 1442 2225 Ἐϐραίους
1488 2151 1705 2225 πρώτου

123 2248 294 2319 μηνὸς
323 2250 382 2301 ιδ’
410 2246 506 2300 τοῦ
535 2248 758 2300 εἰσιέναι
784 2247 1066 2318 μέλλοντος
1093 2247 1248 2310 ἔτους
1290 2245 1566 2318 ίσάριθμοι
1597 2245 1706 2298 τῶν

50 2387 55 2392 ,
121 2340 294 2408 ἁγίων
323 2339 588 2411 νηστειῶν
614 2342 671 2393 αἱ
696 2340 898 2412 ἡμέραι
931 2339 1278 2410 τυγχάνουσι,
1315 2338 1562 2391 τουτέστι
1606 2335 1704 2402 νζ’.

122 2431 398 2487 Τοσαῦται
428 2429 539 2502 γὰρ
581 2431 639 2486 αἱ
667 2430 774 2483 τῶν
801 2437 849 2502 η’
883 2429 1190 2501 ἑϐδομάδων
1223 2429 1504 2500 προδήλως
1530 2429 1663 2481 είσίν
1688 2445 1702 2458 ο

121 2518 234 2577 οἷον
261 2525 320 2576 αἱ
345 2523 628 2576 ὑπόλοιποι
662 2530 731 2591 ιγ’
765 2522 931 2575 αὑτοῦ
964 2521 1058 2574 τοῦ
1083 2527 1149 2574 ια’
1181 2521 1349 2593 μηνός
1369 2537 1382 2550 ο
1409 2523 1565 2592 είπερ
1598 2519 1704 2585 κθ’,

123 2615 308 2678 καθὼς
335 2613 494 2685 ἔφην,
533 2608 687 2676 οὗτος
724 2612 1050 2682 ψηφίζεταιο
1088 2613 1181 2666 καὶ
1212 2614 1267 2665 αί
1299 2611 1394 2664 τοῦ
1428 2611 1706 2665 δυοκαιδε-

125 2711 290 2765 κάτου
319 2709 362 2762 λ’
380 2727 394 2741 ·
429 2711 525 2764 καὶ
551 2711 608 2764 αί
640 2709 734 2763 τοῦ
776 2708 994 2780 πρώτου
1023 2709 1191 2780 μηνὸς
1218 2707 1279 2762 ιδ’
1287 2751 1300 2765 .
1324 2709 1492 2780 Δῆλον
1523 2708 1600 2772 δὲ,
1629 2709 1707 2774 ώς

123 2809 217 2870 ιγ,
241 2801 335 2854 καὶ
377 2801 444 2864 λ’,
479 2801 573 2855 καὶ
611 2801 693 2867 ιδ’,
727 2801 937 2872 ἡμέρας
963 2800 1038 2865 νζ¹
1071 2799 1334 2855 ποιοῦσιν.
1389 2801 1478 2853 Ἐν
1508 2799 1565 2852 δὲ
1595 2803 1707 2864 τοῖς

125 2895 305 2963 ἔχουσι
327 2892 418 2945 τὸν
444 2892 744 2963 ἐμϐόλιμον
774 2891 919 2945 ἔτεσι
945 2893 1037 2945 τὸν
1074 2891 1488 2945 δυοκαιδέκατον
1509 2892 1709 2961 ἐτηρή-

125 3002 328 3057 σαμεν,
366 2985 462 3040 καὶ
501 2985 600 3055 τὴν
632 2983 795 3038 αὑτοῦ
831 2982 1324 3054 ὀκτωκαιδεκάτην.
1372 2982 1468 3034 Ἐκ
1505 2979 1710 3052 ταύτης

103 3076 230 3151 ’γὰρ
273 3080 436 3152 μέχρι
494 3080 594 3149 τῆς
619 3078 712 3131 τοῦ
764 3076 980 3148 πρώτου
1024 3078 1190 3149 μηνὸς
1240 3076 1300 3128 ιδ’
1343 3077 1400 3129 αἱ
1439 3075 1513 3140 νζν
1547 3074 1710 3127 πάλιν

117 3171 464 3242 ἀθροίζονται
489 3188 500 3200 ο
531 3165 642 3223 οἷον
673 3171 727 3222 αἱ
760 3169 924 3222 αὑτοῦ
950 3169 1042 3222 τοῦ
1072 3169 1137 3240 ιβ’
1179 3169 1461 3224 ὑπόλοιποι
1493 3173 1584 3235 ιγ’,
1617 3167 1705 3220 διὰ

117 3265 178 3316 τὸ
214 3263 254 3317 λ’
297 3262 527 3335 ἡμερῶν
577 3260 764 3315 τοῦτον
808 3261 1177 3332 ψηφίζεσθαι·
1217 3261 1312 3313 κα)⁸
1349 3260 1442 3312 τοῦ
1489 3259 1706 3330 ἐμϐολί-

122 3372 245 3422 μου,
275 3356 447 3426 ήγουν
493 3353 974 3425 τρισκαιδεκάτου,
1015 3352 1091 3404 λ¹’
1149 3351 1416 3414 τοσαύτας
1448 3351 1558 3422 γὰρ
1598 3353 1704 3413 πᾶς

119 3447 414 3516 ἐμϐόλιμος
447 3446 737 3514 κέκτηται·
784 3445 878 3498 καὶ
921 3443 1095 3498 αἰτοῦ
1145 3441 1361 3513 πρώτου
1413 3441 1581 3513 μηνὸς
1619 3442 1699 3494 ιδ’.

119 3535 277 3590 Ὅθεν
319 3535 418 3588 ἐπὶ
473 3534 567 3587 τοῦ
601 3534 929 3596 τελευταίου,
973 3535 1138 3604 ἤγουν
1173 3530 1265 3585 τοῦ
1310 3533 1372 3585 ιο¹
1406 3531 1578 3594 ἔτους,
1611 3533 1705 3584 καὶ⁴

117 3633 213 3698 τὴν
240 3636 313 3693 ις’
333 3627 430 3680 τοῦ
459 3628 578 3680 κατ’
606 3627 767 3680 αὑτὸν
798 3634 864 3680 ια’
899 3627 1066 3696 μηνὸς
1093 3624 1559 3695 ἐπεσήμηνόιμεθα
1578 3641 1590 3652 ·
1615 3624 1704 3677 διὰ

117 3720 206 3772 τὸν
234 3718 653 3772 δυοκαιδέκατον
695 3717 858 3770 αύτοῦ
895 3717 1039 3787 μῆνα
1069 3715 1149 3769 κθ¹
1182 3715 1340 3786 μόνον
1396 3713 1702 3786 ψηφίζομεν

117 3812 360 3883 ἡμερῶν,
407 3809 601 3882 ὥσπερ
634 3805 727 3863 οὖν
773 3809 971 3864 καύτὸν
1022 3808 1116 3860 τὸν
1150 3815 1252 3860 ια’·
1302 3807 1401 3877 τὴν
1428 3807 1486 3860 δὲ
1526 3806 1702 3860 αἰτίαν

118 3905 397 3976 πφῐόντες
447 3901 778 3973 δηλώσομεν.
835 3901 1084 3970 Εύλόγως
1123 3897 1215 3953 οὖν
1254 3899 1342 3952 διὰ
1393 3900 1566 3953 ταῦτα
1611 3899 1702 3952 καὶ

116 3997 214 4065 τὴν
257 3995 594 4064 μετάστασιν
629 3993 750 4062 ἴσην
789 3991 1156 4063 ὲπιτηροῦμεν
1206 3990 1297 4042 ἐπὶ
1348 3989 1550 4042 τούτων
1591 3988 1702 4041 τῶν

116 4083 500 4154 δεδηλωμένων
557 4081 761 4151 μηνῶν,
797 4081 962 4150 ήγουν
1006 4079 1115 4132 τῶν
1167 4077 1346 4130 αὐτῶν
1406 4077 1700 4140 ποσταίων,

117 4175 214 4242 τῆς
248 4170 671 4242 παρεισϐἀσεως
701 4170 879 4242 χάριν,
909 4172 970 4222 ὲν
1007 4168 1085 4239 τῷ
1124 4167 1389 4237 εὐωνύμῳ
1415 4165 1510 4219 τοῦ
1544 4183 1702 4218 κανο-

118 4266 255 4330 νίου,
291 4265 395 4334 τῆς
440 4263 534 4316 ἐπὶ
569 4262 670 4332 τῆς
707 4263 764 4315 ιδ’
792 4262 885 4316 τοῦ
913 4261 1129 4334 πρώτου
1185 4260 1350 4330 μηνὸς
1403 4259 1703 4330 γενομένης

117 4361 277 4427 ἡμῖν,
326 4360 385 4410 ὲν
423 4356 502 4426 τῷ
531 4355 688 4425 δεξιῷ
746 4354 902 4427 μέρει
949 4354 1042 4407 τοῦ
1086 4353 1250 4407 αὐτοῦ
1297 4352 1567 4413 κανονίου,
1598 4350 1700 4420 τῆς

1824 509 2137 576 cernimus;
2171 510 2263 566 sed
2293 510 2421 576 alia,
2451 519 2614 580 atque
2661 509 2788 564 alia.
2815 509 2974 566 Velut
3017 513 3070 566 in
3103 512 3388 570 undecimo

1823 617 2042 665 mense,
2094 616 2255 671 quem
2312 599 2519 656 Hebraei
2574 599 2740 655 Sabat
2789 603 3112 666 norninant,
3177 603 3386 657 decima

1821 694 2051 764 septima
2085 695 2202 749 dies
2229 694 2524 749 adnotatur
2562 694 2630 750 iis
2663 693 2822 749 annis
2845 693 2938 763 qui
2975 693 3267 748 embolimo
3294 709 3387 748 ca-

1819 794 1989 852 rent;
2049 787 2103 839 in
2161 785 2486 841 duodecimo
2535 800 2687 849 vero,
2739 785 2834 856 qui
2889 785 2959 840 ab
3012 785 3120 840 illis
3160 793 3388 840 vocatur

1817 877 1986 941 Adar,
2017 885 2209 933 octava
2243 877 2455 932 decima
2496 877 2551 932 in
2584 879 2748 933 annis
2785 877 3078 932 embolimo
3120 877 3382 948 praeditis.

1819 969 1976 1035 Quod
2009 970 2228 1040 quidem
2262 970 2458 1026 rationi
2487 979 2912 1025 consentaneum
2941 978 3046 1024 est.
3077 967 3214 1023 Cum
3239 970 3386 1024 enim

1817 1061 2098 1116 duodenos
2151 1061 2293 1116 lunae
2339 1076 2555 1116 menses
2598 1059 2823 1115 alternis
2855 1059 3044 1131 viginti
3083 1074 3296 1124 novem,
3331 1066 3382 1114 et

1816 1154 2040 1224 triginta
2079 1151 2290 1207 dierum
2337 1162 2611 1222 putemus,
2643 1168 2712 1207 ne
2749 1152 2866 1208 dies
2914 1151 3105 1221 partiri
3150 1166 3378 1206 necesse

1818 1245 1910 1309 sit,
1941 1244 1984 1299 si
2011 1242 2196 1314 viginti
2251 1257 2443 1296 novem
2472 1258 2536 1296 ac
2574 1243 2857 1296 dimidium
2890 1241 3119 1312 singulis
3142 1241 3378 1310 impute-

1817 1352 1940 1390 mus
1979 1337 2082 1407 (sic
2115 1336 2259 1391 enim
2304 1335 2522 1398 accidit,
2557 1344 2615 1388 ut
2648 1336 2702 1389 i'n
2733 1334 2976 1404 quolibet
3017 1347 3161 1386 anno
3197 1333 3378 1389 lunari

1817 1435 2092 1483 trecentos
2133 1435 2187 1481 et
2242 1422 2638 1498 quinquaginta
2705 1433 2941 1495 quatuor
3009 1424 3127 1477 dies
3176 1424 3382 1493 integre

1815 1535 2188 1584 numeremus,
2229 1520 2348 1574 sine
2378 1520 2487 1573 ulla
2523 1519 2629 1572 diei
2656 1517 2924 1572 fractione
2951 1533 2964 1581 ;
2991 1531 3099 1586 quo
3135 1514 3192 1568 ﬁt
3225 1522 3284 1570 ut
3313 1529 3381 1570 ex

1817 1611 2068 1667 instituto
2121 1611 2389 1665 mensium
2457 1609 2646 1664 ordine
2704 1623 2769 1662 ac
2829 1607 3209 1668 successione,
3259 1612 3383 1676 post

1817 1704 2050 1774 primum
2081 1701 2338 1772 deinceps
2383 1700 2703 1755 undecimus
2741 1699 2858 1755 dies
2883 1699 3076 1753 habeat
3101 1712 3292 1751 novem
3329 1703 3382 1749 et

1817 1793 2041 1864 viginti,
2101 1792 2462 1848 duodecimus
2520 1806 2650 1846 vero
2704 1789 2948 1860 triginta)
3000 1806 3014 1842 :
3068 1803 3191 1842 eum
3243 1787 3380 1848 hare.

1815 1886 2056 1955 inquam,
2094 1885 2174 1939 sic
2215 1884 2470 1948 habeant,
2498 1883 2694 1937 merito
2725 1881 2782 1934 in
2832 1881 2992 1934 annis
3036 1878 3379 1948 simplicibus

1813 1977 2157 2031 undecimum
2209 1990 2474 2037 mensem,
2520 1973 2748 2044 ejusque
2778 1987 2888 2027 xvn
2931 1971 3072 2025 diem
3116 1969 3182 2023 ad
3211 1981 3379 2024 cano-

1814 2083 1937 2121 nem
1966 2065 2363 2120 adnotavimus.
2416 2064 2548 2118 Nam
2577 2066 2645 2118 ab
2682 2059 2783 2119 hec
2807 2063 2896 2118 die
2934 2077 3106 2132 usque
3135 2063 3201 2114 ad
3229 2061 3382 2114 deci-

1816 2173 1965 2212 mum
2004 2167 2257 2228 quartum
2287 2157 2446 2227 primi
2487 2156 2692 2211 mensis
2737 2155 2949 2210 Judaiei
2987 2155 3040 2208 in
3085 2169 3230 2208 anno
3257 2166 3384 2208 con-

1819 2250 2090 2320 sequenti,
2143 2249 2368 2305 totidem
2427 2256 2560 2318 quot
2610 2249 2817 2304 sanctis
2858 2249 3086 2318 jcjuniis
3133 2247 3382 2302 attributi

1814 2351 1963 2405 smit,
2011 2343 2354 2397 intercedunt
2393 2342 2509 2397 dies
2533 2382 2547 2405 ,
2580 2357 2772 2412 nempe
2806 2357 2936 2396 Lvn.
2975 2341 3079 2396 Tot
3119 2341 3264 2396 enim
3316 2355 3382 2395 ex

1815 2433 2246 2488 hebdomadibus
2290 2441 2417 2486 octo
2460 2432 2723 2488 conﬁunt.
2773 2431 2912 2486 Sunt
2951 2439 3129 2486 autem
3176 2431 3230 2485 hi
3264 2430 3382 2485 dies

1814 2541 1910 2579 xm
1953 2541 2018 2580 ex
2065 2525 2350 2580 undecimo
2401 2539 2590 2580 mense
2630 2524 2875 2591 residui;
2907 2523 3021 2595 qui,
3071 2530 3132 2578 ut
3175 2524 3383 2578 dictum

1813 2625 1929 2680 est,
1985 2631 2178 2671 novem
2231 2622 2287 2670 et
2339 2615 2530 2685 viginti
2582 2615 2830 2685 colligit;
2889 2623 3004 2669 tum
3073 2613 3384 2671 duodecimi

1813 2707 2020 2762 mensis
2061 2723 2209 2772 xxx;
2255 2721 2318 2762 ac
2362 2707 2519 2777 primi
2571 2705 2824 2776 denique.
2873 2720 2991 2762 xlv.
3042 2705 3386 2773 Colliguntur

1814 2813 1879 2852 ex
1925 2813 2045 2862 xm,
2082 2804 2138 2850 et
2167 2813 2297 2863 xxx,
2327 2803 2382 2851 et
2411 2811 2523 2861 xlv,
2563 2798 2851 2867 perspicue
2895 2796 3012 2851 dies
3050 2810 3182 2850 Lvn.
3213 2795 3283 2849 At
3327 2796 3383 2850 in

1815 2890 1977 2945 annis
2020 2889 2376 2945 embolimazis
2414 2889 2798 2944 duodecimum
2847 2903 3115 2952 mensem,
3155 2887 3385 2958 ejusque

1816 2983 1959 3037 diem
1986 2991 2238 3036 octavum
2270 2982 2542 3036 decimum
2581 2981 2952 3036 adhibuimus.
2988 2980 3070 3034 Ab
3097 2979 3202 3035 hoc
3237 2980 3386 3034 enim

1817 3090 1990 3145 usque
2042 3074 2108 3129 ad
2156 3073 2429 3129 decimum
2475 3080 2730 3142 quartum
2793 3073 3000 3129 mensis
3053 3071 3231 3143 primi,
3269 3071 3386 3126 col-

1815 3167 2056 3236 liguntur
2105 3164 2269 3220 iidem
2307 3181 2418 3219 Lvu
2466 3164 2602 3229 dies,
2654 3164 2912 3218 nimirum
2958 3180 3022 3220 ex
3075 3161 3385 3218 duodecimi

1815 3259 2018 3312 mensis
2066 3257 2302 3311 residuis
2348 3272 2466 3318 xm,
2517 3255 2778 3324 quoniam
2829 3255 2920 3310 ille
2977 3255 3202 3326 triginta
3263 3254 3386 3310 dies

1810 3349 1974 3402 habet
2018 3368 2032 3404 :
2083 3358 2139 3403 et
2171 3365 2238 3403 ex
2279 3349 2580 3412 embolimi,
2625 3348 2741 3404 sive
2790 3347 2934 3402 tertii
2971 3347 3190 3411 decimi,
3229 3363 3331 3401 xxx
3366 3383 3382 3411 ,

1811 3441 2037 3495 totidem
2076 3440 2221 3495 enim
2251 3441 2576 3496 embolimus
2605 3439 2786 3510 quivis
2814 3440 3043 3502 obtinet,
3070 3453 3133 3494 ac
3163 3437 3384 3493 demum

1809 3549 1878 3586 ex
1914 3533 2119 3587 mensis
2161 3532 2322 3602 primi
2356 3531 2548 3586 diebus
2593 3546 2707 3585 xlv.
2750 3529 2835 3586 0b
2873 3531 3015 3584 hanc
3049 3543 3274 3584 causam
3323 3529 3383 3585 in

1812 3639 1956 3679 anno
2000 3633 2299 3694 postremo,
2355 3624 2449 3695 qui
2493 3635 2578 3678 est
2624 3611 2870 3678 decimus
2913 3637 3127 3686 nonus,
3171 3621 3379 3678 mensis

1810 3719 2078 3773 undecimi
2103 3734 2192 3772 xvr
2227 3719 2368 3773 diem
2403 3717 2761 3786 ascripsimus
2786 3755 2801 3780 ,
2825 3717 3082 3787 quoniam
3111 3715 3378 3771 duodeci-
3449 3705 3452 3710 ’

1809 3825 1959 3863 mum
1997 3811 2143 3866 illius
2185 3825 2430 3865 mensem
2475 3809 2708 3873 dierum,
2755 3825 2865 3864 non
2910 3810 3144 3880 amplius
3188 3823 3382 3863 novem

1809 3915 1875 3957 ac
1913 3901 2107 3972 viginti
2155 3901 2562 3962 constituimus,
2608 3909 2670 3952 ut
2718 3907 2772 3954 et
2817 3899 3187 3963 undecimum,
3222 3897 3384 3967 cujus

1809 3997 1890 4050 rei
1918 3995 1972 4049 in
2004 3994 2468 4064 consequentibus
2496 3993 2635 4048 ratio
2665 3991 2941 4048 reddetur.
2966 3991 3235 4058 Quocirca
3257 3991 3383 4060 jure

1811 4092 1865 4144 in
1905 4091 1972 4144 iis
2011 4104 2148 4158 quos
2179 4088 2292 4142 dixi
2324 4087 2606 4142 mensibus
2631 4123 2648 4148 ,
2692 4100 2758 4138 ac
2805 4085 2989 4154 quotis
3031 4097 3223 4137 eorum
3261 4082 3382 4136 dic-

1809 4183 1935 4244 bus,
1962 4190 2183 4250 propter
2231 4181 2512 4232 introitum
2541 4177 2875 4245 jejuniorum
2894 4213 2910 4238 ,
2941 4172 3186 4229 eamdem
3213 4174 3379 4228 alter-

1811 4279 2087 4334 nationem
2139 4277 2194 4329 in
2245 4274 2472 4328 sinistro
2523 4271 2692 4324 latere
2739 4267 2968 4324 canonis
3002 4267 3380 4326 observamus,

1808 4385 1973 4440 quam
2013 4369 2068 4421 in
2104 4368 2298 4422 dextro
2340 4363 2408 4418 ad
2442 4363 2706 4417 decimam
2736 4365 2988 4428 quartam
3027 4355 3186 4426 primi
3228 4369 3385 4408 men‘

118 4448 467 4510 ἀναστάσεως
497 4446 682 4498 ’ἐνεκεν
701 4462 714 4474 ·
741 4446 850 4498 ἀπὸ
872 4445 972 4514 τῆς
999 4443 1288 4515 Κυριακῆς
1303 4441 1693 4513 καὶδευτέρας,

1815 4465 1888 4522 sls
1919 4460 2260 4517 adhibemus,
2306 4463 2525 4524 prOpter
2560 4450 2758 4505 festum
2792 4444 3253 4508 resurrectionis;
3282 4443 3377 4496 ubi

118 4539 350 4594 καὶτῶν
379 4536 617 4607 καθεξῆς
640 4537 858 4608 ἡμερῶν
883 4539 962 4598 είς
991 4535 1091 4606 τὴν
1117 4534 1377 4588 ἐπιοῦσαν
1406 4534 1568 4602 ἁγίαν
1591 4535 1702 4586 Κυ-

122 4632 316 4702 ριακὴν
348 4629 782 4701 μεταϐαίνοντες.
800 4628 985 4680 Ταῦτα
1012 4628 1106 4680 καὶ
1132 4627 1262 4698 περὶ
1289 4627 1494 4680 τούτων
1522 4625 1702 4679 εἰπόν-

118 4740 226 4788 τες,
250 4721 589 4777 ὲπανακτέον
613 4721 744 4789 ἡμῖν
773 4718 863 4771 τὸν
892 4718 1048 4787 λόγον
1071 4719 1151 4780 είς
1171 4717 1272 4790 τήν
1290 4717 1399 4770 τῶν
1419 4718 1518 4788 τῆς
1542 4716 1701 4786 σελή-

119 4832 214 4886 νης
247 4813 385 4867 ἐτῶν
409 4812 810 4881 ἀπακρίϐωσιν.

115 5036 258 5106 Περὶ
316 5033 651 5102 διαστολῆς
683 5034 820 5106 ’τῶν
879 5031 1019 5106 ζῆςῗ
1047 5033 1318 5106 σελήνης
1367 5032 1549 5095 ἐτῶν,
1609 5033 1708 5086 καὶ

583 5103 804 5172 όμάδος
832 5103 949 5157 τῶν
991 5104 1247 5172 ἡμερῶν.

187 5199 267 5250 8'.
296 5196 454 5250 Εἰσὶν
472 5189 566 5248 οὖν
591 5194 658 5247 τὰ
683 5195 780 5261 δλα
801 5195 899 5264 τῆς
926 5193 1156 5264 σελήνης
1186 5193 1302 5262 ἔτη,
1331 5191 1512 5256 καθὼς
1549 5193 1707 5266 sppe—

123 5285 209 5357 θη,
246 5285 346 5339 ιθ’·
375 5285 423 5350 ζ’
456 5285 558 5354 μὲν
598 5284 669 5336 τὰ
696 5285 822 5345 τοὺς
853 5283 1170 5352 ἰσαρίθμους
1202 5267 1528 5354 ἐμϐολίμους
1555 5283 1706 5353 ἔχον-

122 5395 189 5431 τα
233 5380 434 5449 μῆνας,
482 5378 651 5448 ήγουν
700 5376 770 5429 τὰ
823 5376 934 5429 ἀπὸ
981 5376 1098 5429 τπδ’
1144 5374 1403 5446 ήμερῶνο
1459 5376 1525 5444 ιβ’
1554 5377 1611 5429 δὲ
1637 5376 1708 5428 τὰ

125 5467 392 5539 λεγόμενα
435 5467 623 5531 κοινὰ,
653 5466 897 5520 τουτέστι
929 5467 998 5519 τὰ
1033 5467 1142 5518 ἀπὸ
1166 5465 1292 5518 τνδν.
1337 5467 1403 5518 Δί
1435 5467 1491 5520 δὲ
1533 5467 1706 5520 πᾶσαι

127 5559 234 5612 τῶν
263 5559 444 5615 αὐτῶν
473 5557 538 5610 ιθ¹
566 5557 665 5626 τῆς
699 5556 924 5626 σελήνης
959 5555 1095 5608 ἐτῶν
1127 5554 1352 5626 ἡμέραι,
1382 5559 1448 5627 τῇ
1482 5539 1703 5626 συμπα-

215 5716 255 5745 ⁵⁷
293 5715 332 5770 Ι.
365 5717 424 5766 ὲν
453 5712 619 5774 ὅλοις.

413 5811 686 5868 Parnm.
733 5807 848 5865 (in.
900 5808 1074 5870 XIX.

1813 4575 1843 4610 a
1878 4552 2178 4613 Dominica,
2215 4555 2270 4602 et
2307 4543 2547 4601 secunda
2586 4541 2743 4603 feria,
2765 4537 3090 4607 caeterisque
3116 4536 3378 4604 deinceps

1812 4650 1881 4704 ad
1911 4651 2156 4702 sanctam
2194 4637 2530 4694 Dominicam
2561 4639 2878 4703 sequentem
2907 4630 3202 4696 transitum
3234 4626 3377 4682 faci-

1813 4756 1958 4796 mus.
1983 4735 2089 4791 Sed
2127 4733 2195 4788 de
2223 4733 2290 4787 iis
2325 4731 2628 4791 hactenus;
2655 4738 2800 4779 nunc
2828 4721 2897 4776 ad
2930 4735 3201 4777 annorum
3224 4719 3383 4773 luna-

1811 4831 1952 4884 rium
1976 4825 2244 4880 rationem
2269 4817 2580 4876 accuratius
2599 4811 2977 4884 explicandam
3013 4808 3383 4865 convertenda

1807 4931 1893 4978 est
1920 4917 2118 4974 oratio.
3108 4900 3113 4953 Ϊ

1919 5028 2267 5096 Explicantur
2296 5024 2422 5076 anni
2449 5022 2680 5085 lunares,
2715 5028 2764 5073 et
2798 5034 3008 5073 summa
3043 5017 3267 5072 dierum.

1879 5189 1971 5244 IX.
2007 5191 2146 5244 Anni
2188 5191 2406 5246 lunares
2437 5190 2689 5244 universe
2725 5193 2854 5241 sunt
2896 5179 3292 5243 novcmdecim.
3325 5188 3384 5238 ut

1810 5281 2016 5337 dictum
2067 5291 2171 5338 est.
2205 5282 2450 5348 Quorum
2501 5290 2730 5351 septem,
2772 5278 3126 5334 intercalares
3164 5289 3384 5332 menses

1811 5374 2111 5444 accipiunt,
2164 5375 2438 5444 iidemque
2494 5374 2691 5430 diebus
2739 5376 2995 5427 constant
3041 5383 3379 5430 essu-xxiv;

1813 5467 2101 5522 duodecim
2142 5483 2272 5524 vero
2303 5482 2625 5524 communes
2670 5465 3054 5535 appellantur,
3099 5458 3192 5530 qui
3239 5457 3388 5512 scili-

1811 5566 1900 5612 cet
1951 5559 2069 5616 dies
2113 5560 2320 5615 habent
2363 5574 2570 5615 cchtv.
2614 5557 2785 5614 Porro
2835 5551 2996 5625 175
3033 5551 3154 5609 dies
3193 5564 3387 5608 omnes

2948 5799 3028 5858 39
