3800 6314
429 287 556 346 1227

1397 275 1790 366 Αυὶευδεθιι
1831 275 2228 334 CHRONICON
2269 271 2637 330 APPENDIX.

3537 267 3661 322 ιεεε

423 423 489 467 ex
532 423 624 462 xix
674 408 833 462 annis
882 404 1168 460 lunaribus
1213 402 1448 465 collecti,
1515 398 1778 454 adhibitis
1822 397 1991 451 nimi-

2111 395 2325 467 >αλήψει
2367 393 2567 465 δηλαδὴ
2619 389 2727 443 τῶν
2777 386 3084 456 ὲμϐολίμων
3136 382 3350 454 μηνῶν,
3395 380 3660 453 ίσὰριθμοι

426 511 546 550 rum
595 495 1009 552 intercalaribus
1070 492 1371 554 mensibus,
1426 489 1636 546 dierum
1701 503 1988 544 numerum

424 597 729 659 exaequant,
790 588 882 658 qui
931 604 999 642 ex
1054 602 1145 640 nx
1202 586 1362 639 annis
1414 583 1689 637 solaribus
1749 580 1990 644 exsistit,

403 658 656 746 funerum
697 679 895 751 singuli
921 693 1126 732 cccuv
1161 676 1356 731 diebus
1378 681 1652 730 constant.
1683 671 1818 727 Nam
1857 687 1990 742 pro-

426 777 606 836 pterea
650 778 851 840 septem
892 769 1169 823 embolimi
1215 783 1429 824 menses
1491 767 1652 822 anuis
1705 765 1991 820 lunaribus

426 860 725 922 accedunt,
785 865 844 912 ut
891 858 946 913 bi
995 873 1226 913 numero
1275 858 1486 913 dierum
1543 870 1671 910 cum
1717 855 1992 911 solari'bus

426 953 582 1010 annis
627 952 775 1022 paria
814 951 1053 1016 faciant;
1095 966 1159 1006 ac
1189 967 1297 1007 non
1341 950 1508 1016 6,726
1544 951 1693 1006 solos
1730 947 1848 1004 dies
1894 947 1993 1002 ha-

424 1047 604 1110 beant,
639 1043 734 1100 sed
759 1045 946 1110 6,935.
972 1042 1232 1101 Totidem
1263 1044 1409 1098 enim
1431 1043 1804 1100 novemdecim
1826 1040 1990 1096 annis

427 1137 694 1193 solaribus
747 1138 1089 1208 imputantur
1132 1158 1147 1193 :
1187 1138 1326 1192 adeo
1361 1147 1422 1192 ut
1472 1153 1541 1192 ne
1591 1151 1736 1190 unus
1771 1132 1992 1204 quidem

429 1231 482 1284 iu
510 1235 626 1282 toto
647 1228 1131 1284 decemnovennali
1163 1230 1316 1300 cyclo
1343 1230 1460 1284 dies
1492 1225 1779 1283 redundet.

429 1341 543 1406 Qua
577 1345 781 1398 ratione
811 1340 1108 1413 superﬂuus
1138 1345 1192 1398 in
1225 1343 1516 1398 embolimis
1561 1340 1824 1396 mensibus
1858 1339 1992 1402 dies,

831 1425 882 1467 et
915 1424 1071 1486 quoto
1102 1432 1241 1468 αηηο
1273 1417 1560 1468 eximatur.

490 1527 558 1581 x.
591 1525 725 1582 Nam
750 1528 966 1583 tametsi
995 1535 1201 1598 septem
1229 1528 1370 1582 lunae
1394 1541 1610 1582 menses
1639 1524 1992 1594 adjiciantur,

426 1619 526 1675 hoc
554 1626 637 1675 est
681 1633 783 1674 τοι
821 1613 980 1681 dies;
1031 1618 1102 1674 ob
1143 1617 1488 1688 singulorum
1535 1616 1683 1670 illius
1724 1626 1993 1668 annorum

427 1711 495 1768 ab
538 1710 812 1767 solaribus
861 1709 1160 1775 delectum,
1227 1725 1352 1764 cum
1408 1707 1819 1787 undecimjsti
1875 1704 1992 1758 dies

428 1801 642 1859 nonnisi
673 1815 797 1860 CCIX
824 1800 1136 1862 conﬁciant,
1171 1798 1417 1853 decimus
1462 1813 1641 1854 nonus
1668 1812 1845 1851 annus
1887 1809 1996 1849 uno

430 1896 514 1951 die
556 1893 860 1957 mutilatur,
901 1908 968 1947 ac
1012 1906 1210 1946 cccuu
1261 1897 1505 1952 constat,
1551 1897 1612 1942 ut
1659 1885 1994 1958 superﬂuum

425 2001 492 2042 ex
529 1985 840 2042 embolimis
892 1983 1173 2041 mensibus
1236 1989 1528 2038 consumat
1566 1981 1730 2036 diem.
1787 1978 1997 2048 Quippe

428 2091 602 2134 anuus
633 2076 738 2133 iste
767 2090 800 2131 a
827 2090 880 2130 Iv
908 2074 996 2130 die
1031 2074 1234 2145 Aprilis
1270 2073 1539 2144 incipiens
1572 2071 1632 2126 in
1675 2085 1789 2125 χιιι
1819 2068 1998 2123 Martii

426 2169 648 2229 desinit.
694 2165 816 2236 Quo
882 2167 942 2223 ﬁt
985 2177 1044 2224 ut
1091 2179 1148 2224 et
1187 2182 1406 2223 menses
1451 2164 1728 2220 embolimi
1777 2163 1996 2232 plenum

425 2256 635 2316 dierum
678 2273 966 2315 numerum
993 2258 1294 2320 retineant,
1333 2263 1388 2311 et
1422 2254 1590 2311 totius
1635 2251 1999 2307 enneadecae-

426 2349 615 2405 teridis
648 2349 836 2420 cyclus
882 2363 952 2404 ne
1010 2361 1121 2402 uno
1167 2347 1390 2418 quidem
1439 2343 1526 2400 die
1566 2343 1778 2398 solares
1823 2356 1997 2395 annos

416 2437 800 2494 aovemdecim
825 2436 1078 2493 excedat.

425 2725 577 2793 Quod
600 2726 760 2780 etiam
788 2725 872 2780 illi
898 2726 987 2796 qui
1018 2725 1229 2796 lunares
1257 2741 1425 2796 annos
1448 2724 1719 2794 quinquies
1750 2732 1802 2779 et
1829 2725 1998 2796 sexies

496 2796 872 2868 multiplicant,
905 2794 1247 2868 superﬂuum
1286 2794 1429 2850 diem
1465 2796 1724 2860 eximant,
1785 2795 1886 2849 etsi
1945 2794 2000 2848 id

468 2867 602 2922 'alio
639 2866 695 2922 in
727 2882 866 2921 anno
886 2866 1117 2936 faciant.

493 2977 588 3036 X1.
615 2977 775 3035 Unde
801 2980 878 3035 illi
930 2993 1150 3050 quoque
1199 2981 1293 3051 qui
1324 2995 1499 3036 annos
1531 2980 1678 3035 luna:
1707 2980 2001 3051 quinquies

2098 487 2454 558 τυγχάνουσιν
2483 483 2684 555 ἡμέραι
2719 483 2776 534 αἰ
2803 479 2912 532 τῶν
2933 479 2977 510 ⁵⁸
3012 475 3250 549 ἡλιακῶν
3279 474 3342 526 ιθ¹
3365 491 3378 504 ·
3429 474 3661 527 τουτέστι

2096 578 2203 630 τῶν
2228 578 2335 630 ἀπὸ
2358 576 2486 640 τξε’.
2511 574 2609 628 Διά
2631 573 2789 627 τοῦτο
2817 571 2922 643 γὰρ
2949 571 2997 624 οἱ
3023 567 3161 623 ἐπτά
3189 565 3477 638 ἐμϐόλιμοι
3507 567 3662 636 μῆνες

2097 667 2475 741 προστίθενται
2522 669 2633 729 τοῖς
2677 665 2777 734 τῆς
2838 662 3066 733 σελήνης
3121 659 3319 722 ἔτεσιν,
3367 659 3455 711 ἵνα
3507 656 3662 710 ταῦτα

2097 759 2237 814 κατὰ
2269 760 2360 813 τὸν
2391 758 2622 831 ἀριθμὸν
2649 759 2756 810 τῶν
2786 754 3008 826 ἡμερῶν
3030 751 3332 814 ἀνελλιπῶς
3355 750 3501 820 ἔχειν
3525 749 3669 819 ποιή-

2099 869 2231 906 σωσι
2273 851 2408 923 πρὸς
2449 851 2518 904 τὰ
2555 849 2650 903 τοῦ
2692 848 2844 920 ἡλίου
2889 847 2982 918 ἔτη
3007 863 3020 876 ·
3069 846 3165 900 καὶ
3210 838 3350 896 εἶναι
3389 841 3465 914 μὴ
3520 841 3666 913 μόνον

2097 943 2284 1014 ,ςψκξ
2317 943 2558 1015 ἡμερῶν,
2604 941 2740 996 ἀλλὰ
2775 940 2973 1007 ,ςιῇλεκ
3022 937 3291 991 Τοσαῦται
3324 936 3434 1008 γὰρ
3473 938 3528 990 αἱ
3571 935 3667 986 τῶν

2099 1036 2164 1088 ιθθ
2217 1034 2461 1107 ἡλιακῶν
2505 1034 2642 1088 ἐτῶν
2685 1032 2890 1105 ἡμέραι
2938 1029 3325 1100 τυγχάνουσιν,
3383 1027 3506 1079 οὐδὲ
3553 1028 3667 1097 μιᾶς

2097 1127 2357 1201 περιττῆς
2395 1125 2564 1198 οῦδ-ης
2592 1126 2808 1198 ἡμέρας
2832 1127 2891 1178 ὲν
2911 1122 2990 1194 τῷ
3012 1121 3198 1192 κύκλῳ
3221 1120 3323 1191 τῆς
3347 1120 3478 1190 ὅλης
3511 1121 3668 1172 ὲννεαυ

2097 1219 2588 1292 καιδεκαετηρίδος.

2096 1334 2231 1402 Πῶς
2259 1336 2299 1402 ἡ
2321 1334 2390 1387 ὲν
2414 1333 2539 1399 τοῖς
2573 1333 2910 1402 ἐμϐολίμοις
2940 1331 3093 1402 μησὶ
3125 1335 3559 1402 περιττεύουσα
3572 1331 3669 1399 μία

2306 1404 2498 1474 ἡμέρα
2521 1401 2930 1472 ὑποτέμνεται,
2953 1401 3052 1455 καὶ
3072 1401 3142 1454 ἐν
3159 1401 3312 1464 ποίῳ
3331 1401 3470 1455 ἔτει.

2169 1521 2224 1573 I'.
2262 1519 2324 1572 Εἰ
2359 1517 2464 1592 γὰρ
2512 1519 2608 1572 καὶ
2642 1517 2686 1583 ζ’
2720 1518 2892 1588 μῆνας
2933 1515 3297 1588 ἐμϐάλλομεν,
3335 1516 3578 1569 τουτέστι
3612 1523 3668 1568 σι’

2095 1611 2331 1684 ἡμέρας,
2380 1611 2541 1683 αὐτῇ,
2591 1612 2692 1681 τῆς
2748 1609 2854 1662 τῶν
2896 1609 3018 1664 καθ’
3058 1609 3292 1663 ἕκαστον
3337 1609 3458 1674 ἔτος
3515 1609 3670 1677 αὐτῆς

2097 1705 2257 1777 χάριν
2303 1704 2627 1774 συλλείψεως
2671 1703 2738 1769 ⁵’,
2773 1702 2963 1756 ἕνδεκα
3004 1701 3227 1774 ἡμερῶν
3265 1703 3346 1765 είς
3395 1701 3474 1755 σθ’
3521 1701 3672 1772 μόνας

2098 1795 2498 1870 ἀθροιζομένων
2518 1813 2534 1826 ’
2569 1794 2704 1848 ἀλλά
2723 1811 2786 1862 γε
2818 1795 2881 1848 τὸ
2911 1793 3223 1847 τελευταῖον
3255 1793 3397 1857 ἔτος,
3427 1794 3592 1864 ἡγουν
3619 1792 3672 1845 τὸ

2100 1888 2186 1952 ιϐ’,
2228 1887 2380 1960 παρὰ
2419 1886 2547 1958 μίαν
2596 1887 2813 1958 ἡμέραν
2855 1886 2944 1940 διὰ
2994 1885 3154 1939 τοῦτο
3195 1886 3514 1956 γεγένηται,
3571 1880 3673 1954 τνγ¹

2098 1980 2365 2052 ύπᾶρχον,
2407 1978 2494 2032 ἵνα
2538 1978 2787 2052 ὒποτέμῃ
2828 1978 2926 2050 τὴν
2955 1981 3014 2033 ὲν
3047 1982 3163 2043 τοῖς
3193 1977 3520 2049 ὲμϐολίμοις
3553 1978 3673 2049 μησὶ

2098 2070 2522 2142 περιττεύουσαν
2554 2071 2681 2141 μίαν
2719 2071 2954 2143 ἡμέραν.
2994 2072 3262 2142 Ἀρχεται
3301 2071 3403 2140 μὲν
3435 2069 3546 2141 γὰρ
3579 2070 3674 2123 ἀπὸ

2097 2161 2197 2231 τῆς
2232 2159 2274 2212 δ’
2306 2159 2400 2214 τοῦ
2437 2159 2714 2233 Ἀπριλίου
2747 2161 2944 2232 μηνός·
2973 2162 3052 2223 εἰς
3069 2160 3127 2212 δὲ
3157 2159 3256 2231 τὴν
3291 2159 3375 2229 κβ¹
3407 2159 3502 2213 τοῦ
3529 2161 3672 2230 Μαρ-

2096 2252 2215 2305 τίου
2265 2250 2610 2323 περαιοῦται.
2656 2251 2747 2318 Ἐξ
2785 2247 2849 2307 οὗ
2878 2252 2996 2323 (τῆς
3017 2252 3097 2321 τε)
3148 2252 3259 2306 τῶν
3293 2251 3604 2322 ἐμϐολίμων
3643 2255 3670 2321 ἡ

2098 2343 2354 2415 ἀρτιότης
2405 2343 2483 2413 τῷ
2515 2343 2784 2415 ίσαρίθμῳ
2814 2343 2922 2396 τῶν
2954 2343 3180 2416 ἡμερῶν
3212 2342 3559 2407 διασώζεται’
3593 2345 3674 2398 καὶ

2097 2436 2129 2488 ὁ
2150 2434 2251 2503 τῆς
2281 2433 2408 2504 ὅλης
2453 2434 3086 2508 ἐννεακαιδεκαετηρίδος
3117 2433 3320 2496 κύκλος
3348 2435 3406 2486 ὲν
3439 2433 3560 2486 οὐδὲ
3591 2433 3675 2504 μιᾷ

2099 2527 2286 2598 ἡμέρᾳ
2338 2525 2648 2591 πλεονάζων
2693 2526 3004 2597 εὑρίσκεται
3054 2525 3196 2599 πρὸς
3252 2525 3544 2579 δεκαεννέα
3591 2523 3673 2576 τοῦ

2096 2615 2255 2688 ἡλίου
2280 2617 2374 2690 ἐτη
2397 2619 2459 2672 τὸ
2485 2618 2724 2673 σύνολον.

2103 2732 2234 2784 Ὅτι
2265 2731 2363 2785 καὶ
2396 2731 2520 2798 τοῖς
2535 2731 2951 2786 πενταπλοῦσι
2987 2731 3087 2784 καὶ
3117 2730 3463 2796 ἑξαπλοῦσι
3486 2731 3556 2784 τὰ
3581 2729 3676 2794 τῆς

2170 2801 2442 2924 (ἔελήνης
2462 2805 2566 2870 ἐτη
2605 2803 2643 2869 ἡ
2679 2803 2917 2871 περιττὴ
2941 2800 3363 2870 ὑποτέμνεται,
3389 2801 3504 2856 κᾶν
3525 2801 3676 2864 ἄλλῳ

2210 2889 2316 2924 τει.

2210 2889 2293 2927 τει
2300 2913 2316 2928 ι

2172 2986 2279 3038 1Α⁹.
2339 2985 2506 3038 Ὅθεν
2559 2987 2611 3040 οἱ
2658 2985 2757 3057 τὴν
2806 2984 3189 3039 πεντάπλωσιν
3242 2984 3343 3038 καὶ
3391 2984 3677 3051 ἑξάπλωσιν

421 3071 712 3142 sexiesque
761 3071 1149 3141 multiplicant,
1190 3086 1317 3126 cum
1343 3071 1594 3126 eamdem
1625 3063 1768 3125 diem
1804 3079 1860 3125 et
1895 3070 1995 3140 ipsi

2111 3074 2412 3146 ποιούμενοι
2437 3073 2546 3131 τῶν
2567 3075 2669 3146 τῆς
2705 3074 2934 3147 σελήνης
2960 3075 3120 3142 ἐτῶν,
3149 3076 3244 3129 καὶ
3274 3075 3420 3130 οὕτω
3449 3076 3546 3147 τὴν
3589 3073 3677 3127 αύ-

421 3169 760 3233 computent,
805 3161 967 3218 iidem
1011 3169 1197 3217 tamen
1226 3161 1286 3216 in
1350 3176 1498 3217 anno
1535 3161 1630 3232 qui
1661 3175 1850 3215 eorum
1883 3161 1999 3215 cal-

421 3254 549 3310 culo
583 3253 911 3310 undecimus
939 3261 1046 3316 est,
1089 3268 1253 3324 quem
1291 3267 1395 3308 nos
1423 3261 1682 3323 quartum
1726 3251 1999 3307 decimum

422 3357 700 3418 putamus,
749 3345 1084 3416 superfluum
1115 3361 1182 3400 ex
1205 3345 1516 3400 embolimis
1549 3343 1831 3399 mensibus
1858 3343 2002 3398 diem

419 3439 768 3509 exemptilem
812 3438 1036 3494 habent.
1089 3437 1302 3494 Etenim
1340 3452 1538 3492 CCCLIII
1579 3437 1842 3492 duntaxat
1884 3438 2001 3493 die-

423 3543 546 3584 rum
594 3527 920 3586 undecimus
971 3528 1063 3583 iile
1093 3528 1361 3584 statuitur
1401 3543 1603 3593 annus,
1644 3529 1740 3599 qui
1772 3544 1804 3582 a
1837 3528 2003 3583 trice-

368 3663 370 3666 -
421 3621 565 3677 simo
598 3620 776 3691 primo
807 3619 896 3675 die
941 3617 1258 3676 Decembris
1299 3620 1502 3685 iniens,
1549 3620 1799 3688 ejusdem
1849 3635 2002 3674 meu-

421 3711 503 3769 sis
550 3711 768 3767 decimo
824 3721 1019 3765 octavo
1079 3711 1427 3765 terminatur.
1488 3709 1545 3766 Id
1605 3718 1785 3766 autem
1834 3727 1901 3766 ex
1937 3727 2003 3768 eo

421 3808 664 3864 constat,
690 3798 837 3869 quod
878 3813 1057 3855 annus
1101 3799 1318 3854 illorum
1349 3799 1712 3856 duodecimus
1751 3812 2002 3872 quartam

425 3890 695 3946 decimam
742 3890 800 3944 in
833 3888 1107 3950 Kalendas
1150 3887 1400 3944 Januarii
1449 3891 1649 3947 habeat
1693 3907 1758 3948 ex
1806 3906 1999 3948 eorum

422 3982 640 4038 calculo
677 4002 690 4038 :
737 3982 881 4037 unde
913 3997 1256 4053 consequens
1290 3988 1377 4038 est
1416 3983 1758 4039 neomeniam
1805 3983 1864 4040 in
1911 4000 2003 4039 xu

427 4074 743 4132 Decembris
769 4074 1033 4131 incidere.
1631 4089 1643 4097 '

424 4185 548 4253 Qua
575 4184 642 4242 de
678 4203 843 4260 causa
867 4186 1081 4260 lunares
1111 4205 1276 4243 annos
1305 4188 1578 4260 quinquies
1609 4189 2002 4260 multiplicent;

495 4267 545 4312 et
581 4257 838 4326 quomodo
868 4259 924 4311 in
960 4259 1137 4313 eodem
1176 4257 1382 4313 calculo
1425 4257 1714 4323 aberrent;
1751 4257 1861 4312 tum
1905 4275 2003 4312 cur

499 4329 712 4382 unitatis
739 4345 920 4383 eorum
953 4338 1231 4400 computus
1269 4346 1304 4383 a
1332 4338 1516 4384 nostra
1539 4329 1820 4393 (lis-crepet.

491 4504 605 4560 Xll.
651 4505 1012 4579 Exemptilem
1073 4523 1240 4578 porro
1289 4505 1444 4562 diem
1497 4509 1668 4564 istum
1729 4508 1797 4562 ad
1852 4507 2001 4562 hunc

422 4598 644 4653 modum
684 4599 964 4654 inculcare
995 4598 1241 4655 student.
1290 4599 1429 4654 Cum
1473 4599 1623 4655 enim
1660 4603 2000 4656 tricenorum

423 4691 634 4746 dierum
669 4693 916 4746 lunarem
939 4691 1284 4748 constituant
1314 4707 1558 4748 mensem
1587 4731 1603 4756 ,
1637 4708 1704 4746 ac
1735 4709 1833 4764 pro
1866 4709 2004 4749 uno-

424 4797 642 4853 quoque
672 4782 763 4838 die
784 4783 1193 4854 sexagesimam
1224 4800 1387 4840 unam
1415 4785 1746 4856 particulam
1777 4793 2002 4840 sumant

420 4882 477 4928 et
511 4873 792 4945 colligant,
826 4875 1004 4931 visum
1047 4882 1137 4931 est
1187 4877 1322 4947 ipsis
1368 4884 1423 4931 et
1476 4891 1576 4946 pro
1622 4875 1715 4931 illo
1755 4875 1863 4941 die,
1905 4878 1999 4948 qui

421 4962 713 5020 undecimo
755 4982 989 5036 quoque
1041 4981 1187 5024 anno
1239 4968 1536 5031 minuitur,
1597 4968 1848 5038 quinque
1901 4985 2000 5039 per

422 5068 597 5108 annos
621 5053 867 5125 singulos
892 5057 1263 5126 sexagesimas
1285 5057 1547 5123 conﬂare,
1565 5068 1646 5122 ut,
1673 5059 2000 5115 duodecimo

423 5141 644 5194 demum
689 5157 835 5197 anno
869 5144 1249 5199 collecto-uno
1283 5146 1393 5208 die,
1432 5146 1492 5199 in
1538 5145 1704 5215 hujus
1759 5146 1996 5216 primum

425 5227 572 5283 illius
599 5229 731 5284 amni
765 5237 1107 5300 postremum
1151 5233 1294 5288 diem
1339 5235 1654 5304 trajiciunt;
1691 5251 1854 5306 quem
1909 5251 2000 5291 xxx

426 5319 741 5376 Decembris
779 5336 901 5378 esse
931 5323 1045 5393 jam
1071 5324 1308 5382 diximus
1332 5345 1348 5394 ;
1375 5328 1474 5398 qui
1502 5329 1653 5388 idem
1681 5330 1845 5384 unius
1866 5329 2000 5383 anni

424 5413 553 5467 linis
590 5421 694 5476 est,
741 5424 795 5467 et
830 5415 1160 5487 principium
1204 5419 1440 5476 alterius
1477 5434 1547 5474 ex
1584 5421 1854 5476 ementita
1900 5421 1998 5475 illa

420 5507 927 5575 computationem
961 5509 1242 5576 methodo,
1272 5525 1384 5564 non
1420 5521 1606 5571 tamen
1635 5529 1705 5571 ex
1735 5515 1815 5568 rei
1851 5515 1999 5573 veri-

2104 3166 2205 3236 τῆς
2225 3167 2270 3198 ⁶⁰
2301 3167 2518 3238 ἡμέραν
2541 3167 2890 3238 ψηφίζοντες,
2923 3169 2981 3220 ἐν
3001 3167 3274 3236 ἑνδεκάτῳ
3295 3169 3540 3222 κάκεῖνοι
3561 3167 3676 3225 ἔτει,

2102 3259 2211 3311 τῶν
2231 3257 2408 3310 αὐτῶν
2441 3258 2484 3288 ⁸⁸
2514 3256 2900 3330 ψηφιζομένων
2928 3259 3099 3314 ἐτῶν⁴
3127 3261 3266 3332 ὅπερ
3301 3277 3678 3332 τεσσαρεσκαι-

2102 3350 2328 3404 δέκατὸν
2353 3351 2499 3403 ἐστιν
2523 3353 2658 3421 ἡμῖν
2707 3351 3106 3424 ἀριθμούμενον
3131 3369 3144 3383 ⁸
3177 3353 3278 3420 τὴν
3315 3353 3376 3406 ἐν
3402 3357 3514 3416 τοῖς
3534 3351 3680 3423 ἐμϐο-

2102 3442 2282 3512 λίμοις
2298 3441 2726 3514 περιττεύουσαν
2759 3443 2887 3514 μίαν
2910 3443 3127 3514 ἡμέραν
3157 3440 3454 3498 λείπουσαν
3494 3444 3676 3514 κέκτη·

2101 3550 2195 3585 ται
2230 3533 2295 3586 ⁸³.
2324 3533 2380 3584 T'
2413 3533 2522 3605 γὰρ
2554 3540 2632 3603 νγ¹
2668 3533 2892 3606 ἡμερῶν
2931 3535 3171 3606 ὑπάρχει
3198 3536 3262 3587 τὸ
3293 3536 3429 3588 αύτδ
3459 3536 3525 3589 ια’
3555 3535 3675 3596 570;,

2101 3623 2407 3696 ἀρχόμενον
2454 3625 2554 3696 μὲν
2587 3625 2696 3679 ἀπὸ
2727 3626 2828 3696 τῆς
2854 3624 3144 3698 τριακάδος
3185 3626 3414 3699 πρώτης
3455 3627 3546 3680 τού
3597 3631 3680 3680 Δε-

2103 3716 2370 3786 κεμϐρίου
2403 3716 2592 3788 μηνὸς,
2624 3719 2703 3780 είς
2729 3715 2906 3787 δὲτὴν
2941 3724 3009 3789 ιη’
3036 3718 3133 3771 τοῦ
3164 3717 3332 3772 αὑτοῦ
3371 3717 3676 3788 καταλῆγον.

2106 3808 2216 3861 Καὶ
2243 3808 2400 3878 δῆλον
2441 3809 2510 3863 ὲκ
2538 3809 2632 3862 τοῦ
2662 3809 2725 3862 τὸ
2765 3809 3181 3864 δυοκαιδέκατον
3203 3811 3285 3874 εἰς
3326 3811 3428 3883 τὴν
3476 3808 3677 3882 πρώτην

2105 3900 2199 3954 τοῦ
2238 3901 2567 3973 ’ἰανουαρίου
2598 3903 3198 3975 τεσσαρεσκαιδεκάτην
3236 3903 3406 3975 ἔχειν,
3437 3905 3572 3957 κατὰ
3591 3904 3677 3972 τὴν

2103 3991 2329 4044 ἐκείνων
2373 3991 2584 4062 ψῆφον·
2618 3992 2694 4057 ὡς
2727 3993 2992 4065 ὑπάρχειν
3039 3994 3208 4047 αὑτοῦ
3266 3995 3372 4066 τὴν
3408 3992 3676 4065 νεομηνίαν

2107 4082 2249 4136 κατὰ
2275 4083 2372 4156 τὴν
2399 4082 2462 4137 ιθ⁹
2483 4084 2580 4138 τοῦ
2613 4085 2950 4159 Δεκεμϐρίου
2992 4087 3184 4160 μηνός.

2112 4197 2282 4280 Τίνος
2325 4196 2503 4280 χᾴριν
2534 4199 2953 4280 πςντᾳπλοῇσςι
2987 4201 3059 4253 τὰ
3097 4199 3672 4280 τῇς-σελήνηςδὲτη·

2178 4267 2278 4340 καί
2317 4267 2446 4340 ςτῷς
2479 4268 2756 4340 περὶγτὴν
2792 4269 2987 4338 αὐτὴν
3029 4267 3422 4340 σφάλλονται
3465 4269 3671 4340 ψῆφον*

2179 4336 2405 4426 {opifici
2431 4338 2502 4426 al.
2519 4339 2670 4419 πρὸς
2681 4336 2764 4426 “te
2785 4336 2941 4426 gap“
2958 4336 3107 4409 ἡμῖῶ
3124 4336 3534 4412 ψηφιζόμενὸν
3553 4336 3678 4405 ἔτος

2034 4437 2080 4493 D
2178 4407 2243 4460 τὸ
2267 4409 2405 4476 παρ’
2431 4409 2639 4474 αὐτοῖς
2671 4407 3026 4464 διαλλάττει.

2181 4519 2278 4572 IB'.
2331 4519 2732 4593 Διεσπουδάσθη
2767 4522 2822 4575 δὲ
2865 4523 3076 4588 τούτοις
3109 4525 3213 4595 τὴν
3262 4525 3364 4595 τῆς
3407 4523 3676 4593 λειπούσης

2112 4610 2464 4682 παρενθήκην
2529 4612 2858 4684 ποιήσασθαι
2912 4615 3056 4668 κατὰ
3114 4615 3264 4670 τόνδε
3314 4616 3410 4670 τὸν
3460 4618 3641 4688 τρόπον

2124 4701 2341 4774 Ἐπειδὴ
2377 4701 2487 4773 γὰρ
2518 4704 2701 4767 αὐτοῖς
2739 4704 2782 4756 λ’
2801 4705 3024 4776 ἡμερῶν
3056 4707 3087 4757 ὀ
3120 4707 3220 4776 τῆς
3261 4707 3493 4779 σελήνης
3530 4704 3678 4775 ψηφί-

2110 4791 2264 4856 ζεται
2296 4793 2427 4864 μὴν,
2468 4793 2557 4848 διὰ
2609 4794 2703 4847 τού
2748 4794 2876 4866 μίαν
2919 4795 3223 4870 ἑξηκοστὴν
3272 4799 3418 4871 ὑπὲρ
3464 4798 3677 4865 ἑκάστης

2105 4885 2323 4956 ἡμέρας
2365 4883 2569 4938 τιθέναι
2621 4887 2714 4941 καὶ
2760 4887 3176 4960 συλλαμϐάνειν,
3229 4889 3376 4957 ἔδοξε
3433 4893 3525 4948 καὶ
3552 4891 3675 4958 ὑπὲρ

2108 4973 2332 5045 ταύτης,
2366 4974 2513 5043 λέγω
2561 4975 2625 5046 δὴ
2662 4977 2760 5046 τῆς
2798 4977 2940 5030 κατά
2986 4978 3048 5031 τὸ
3096 4979 3534 5035 ὲνδεκαιδέκατον
3569 4980 3675 5042 ἔτος

2108 5063 2403 5134 λειπούσης
2450 5065 2686 5137 ἡμέρας,
2732 5074 2772 5120 ε’
2825 5068 2945 5123 καθ’
2991 5069 3223 5124 ἕκαστον
3270 5072 3394 5137 ἔτος
3443 5074 3674 5139 συνάγειν

2108 5152 2379 5224 ὲξηκοστά
2405 5172 2420 5186 ο
2457 5156 2537 5220 ὡς
2598 5157 2685 5224 ἂν,
2743 5159 2834 5214 διὰ
2875 5160 2966 5213 τοῦ
3015 5162 3434 5218 δυοκαιδεκάτου
3490 5163 3673 5231 ταύτην

2105 5243 2466 5316 ἀθροίζοντες,
2519 5249 2610 5300 ἐπὶ
2651 5249 2751 5320 τὴν
2793 5251 2985 5304 τούτου
3040 5252 3268 5326 πρώτην
3319 5256 3421 5328 τὴν
3480 5254 3672 5308 ἐκείνου

2101 5336 2416 5392 τελευταίαν
2471 5338 2786 5406 ἀγάγωσιν·
2842 5343 2965 5412 ἥτις
3010 5345 3158 5397 ἐστὶν
3205 5349 3238 5417 ἡ
3295 5347 3540 5419 λεχθεῖσα
3585 5341 3672 5396 τοῦ

2103 5426 2440 5498 Δεκεμϐρίου
2473 5427 2536 5481 ιθ⁹
2556 5446 2572 5458 ο
2609 5431 2703 5482 καὶ
2728 5432 2843 5484 ἔστι
2878 5433 2979 5501 μὲν
3010 5437 3046 5504 ἡ
3084 5435 3225 5507 αὐτὴ
3253 5437 3351 5490 τοῦ
3388 5421 3486 5508 μὲν
3513 5435 3668 5495 τέλος.

2099 5515 2198 5570 τοῦ
2224 5517 2283 5571 δὲ
2301 5515 2462 5610 ’ἀρχὴ
2492 5521 2820 5602 xar&_1ﬁv65
2863 5525 2961 5596 τὴν
2989 5526 3372 5598 ὲπινοηθεῖσαν
3391 5529 3560 5602 ψῆφον
3583 5527 3672 5582 καὶ

497 5659 547 5690 ⁸⁸
569 5658 618 5727 ί.
651 5659 882 5734 ἡμέραις
924 5663 1049 5720 τῶν.
1104 5665 1172 5748 *³⁸
1200 5666 1247 5736 f.
1279 5663 1586 5737 ἐλλείψεως.
1665 5669 1710 5700 ⁸ο
1734 5668 1781 5740 f.
1803 5662 1948 5724 οὗτοι
1978 5668 2286 5746 τὴναύςὴν.
2365 5675 2406 5708 ⁸⁸
2436 5675 2481 5744 f.
2511 5677 2712 5742 αὐτοῖς.
2751 5752 2756 5757 _
2783 5681 2830 5713 "
2861 5681 2906 5752 ί.
2942 5683 3254 5756 κέκτηνται.
