3800 6326
111 351 240 405 1229

945 348 1000 406 S.
1042 349 1285 407 MAXIM!
1319 351 1674 408 MARTYRIS
1712 347 2082 408 COMPUTUS
2121 345 2558 403 ECCLESIAST.

3218 349 3354 406 ιεδο

114 469 350 540 μέθοδον,
376 469 440 522 οὐ
479 469 583 540 μὴν
622 467 849 539 ἀληθεία
886 469 981 522 καὶ
1017 468 1321 540 πράγματι.
1353 469 1478 532 Πῶς
1511 473 1619 542 γὰρ
1647 473 1674 540 ή

1787 475 1916 522 tate.
1952 464 2060 533 Qui
2109 466 2251 519 enim
2285 464 2408 519 dies
2439 478 2542 517 una
2579 462 2760 517 facere
2795 461 2954 526 duas,
2999 471 3092 517 aut
3118 464 3352 518 duorum

112 562 202 631 μία
230 561 332 624 τὰς
359 561 473 622 δύο,
509 562 541 632 ἥ
573 563 690 615 ἀντί⁷
714 561 821 614 τῶν
857 561 950 614 δύο
975 563 1187 632 ποιήσει
1230 564 1347 614 ποτ’
1380 563 1480 626 ἀν;
1515 563 1683 617 Τοῦτο

109 655 210 722 γὰρ
239 651 377 722 πρὸς
401 653 463 705 τὸ
490 653 764 723 ἀμήχανον
780 652 874 705 καὶ
899 651 1102 721 ἠλίθιον
1128 655 1299 725 πάντη
1327 653 1679 726 καθέστηκεν.

121 745 399 798 Ἐντεῦθεν
430 741 525 798 οὖν
565 747 656 798 καί
676 745 804 815 περί
842 746 940 816 τὴν
969 744 1066 814 τῆς
1104 745 1332 815 σελήνης
1362 745 1680 814 σφάλλονται

107 833 304 903 ψῆφον,
355 835 756 905 ἀναιρουμένης
790 834 890 904 τῆς
929 833 1190 904 ἀκριϐοῦς
1220 834 1574 905 καταλήψεως
1622 838 1684 888 ὲκ

108 924 200 995 τῆς
265 923 376 977 τῶν
417 931 458 977 ε’
502 924 811 994 ἑξηκοστῶν
859 923 1180 986 άσυντελοῦς
1229 925 1564 995 ἐπικλήσεως
1617 925 1680 978 ⁵³.

117 1015 268 1070 Ἐπεὶ
297 1017 362 1070 τὸ
388 1017 486 1086 μὲν
512 1017 619 1070 ἀπὸ
643 1016 684 1068 λ’
716 1017 843 1080 τοὺς
867 1017 1066 1085 ταύτης
1100 1017 1272 1086 μῆνας
1301 1020 1493 1080 ποιεῖν,
1525 1018 1585 1070 τὸ
1639 1018 1684 1049 ⁶⁶

107 1108 362 1176 συνάγειν
391 1109 469 1170 ὡς
490 1107 625 1178 ἔφην
657 1109 785 1179 μίαν
810 1108 1104 1179 ἑξηκοστὴν
1126 1109 1262 1180 ὑπὲρ
1284 1109 1520 1179 ἑκάστης
1549 1110 1684 1179 ἡμέ-

105 1216 228 1271 ρας,
259 1199 366 1252 οὐκ
389 1198 504 1266 ἔχει
529 1198 883 1269 πλεονασμὸν,
910 1199 1030 1252 οὐδὲ
1063 1201 1374 1266 τοσούτωνή
1383 1199 1563 1271 μερῶν
1593 1200 1684 1252 τὸν

104 1289 272 1359 αὐτῆς
323 1291 467 1358 μῆνα
510 1287 869 1359 παρίστησιν⁸
913 1291 946 1360 ή
986 1288 1094 1360 γὰρ
1126 1291 1207 1352 εἰς
1249 1287 1292 1341 λ’
1323 1288 1512 1352 πάλιν,
1565 1287 1682 1341 ἀλλ’

101 1379 224 1450 οὐχὶ
269 1379 351 1440 εἰς
383 1377 465 1430 κθ⁸
507 1379 678 1448 ἥμισυ
711 1378 821 1430 τῶν
865 1378 1264 1450 ἀθροιζομένων
1313 1379 1589 1442 ἀνάλυσις,
1624 1381 1684 1432 τὸ

103 1469 406 1539 προστεθὲν
449 1468 537 1521 διὰ
581 1467 688 1520 τῶν
734 1468 1039 1538 ἑξηκοστῶν
1072 1468 1440 1539 ήμισημέριον
1493 1469 1684 1521 ὑποτέ-

104 1576 332 1630 μνουσα.
355 1560 575 1621 πλείους
597 1559 736 1629 ἔχειν
763 1560 823 1610 οὐ
854 1561 1171 1630 παραχωρεῖ
1191 1559 1299 1611 τῶν
1324 1558 1403 1611 κθ¹
1425 1559 1651 1631 ἡμίσεος
1667 1575 1681 1588 ⁸

100 1651 161 1704 τὸ
197 1651 258 1703 δὲ
297 1651 365 1705 τὰ
412 1659 453 1703 ε’
481 1651 622 1704 κατά
668 1652 776 1704 πᾶν
823 1650 940 1713 ἔτος
972 1651 1222 1718 συνάγειν
1264 1649 1550 1722 ὲξηκοστά,
1585 1653 1684 1723 τῆς

103 1745 245 1796 κατὰ
287 1744 350 1796 τὸ
382 1744 666 1796 ἑνδέκατον
708 1743 1113 1814 ὑποτμηθείσης
1149 1743 1307 1813 χάριν
1349 1741 1679 1815 ἀναπληρώ-

1791 562 1965 616 instar
2000 559 2197 614 habere
2238 556 2454 627 possit?
2487 554 2603 609 lloc
2637 569 2766 610 sane
2802 571 2910 608 non
2946 556 3120 609 solum
3152 555 3357 624 impos»

1793 652 1950 706 sibile
1981 658 2087 710 est.
2129 650 2221 704 sed
2254 649 2418 703 etiam
2455 646 2734 702 stolidum.
2788 645 2921 699 llinc
2960 647 3120 716 igitur
3150 646 3356 699 lunaris

1791 743 2007 796 illorum
2053 741 2294 794 calculus
2343 738 2594 798 aberrat,
2645 751 2805 805 quem
2860 736 2931 789 ob
2986 734 3355 803 imperfectam

1791 834 2031 902 quinque
2053 830 2514 900 sexagesimarum
2545 825 2916 880 accessionem
2952 837 3208 878 accurate
3229 839 3357 878 con-

1793 925 1947 992 sequi
1975 931 2272 992 nequeuut.
2297 917 2431 973 Nam
2462 917 2606 988 quod
2630 917 2947 972 tricenarios
2974 916 3115 970 lunte
3142 929 3357 969 menses

1792 1015 2109 1075 instituunt,
2160 1021 2435 1083 quatenus
2481 1024 2579 1080 pro
2619 1007 2862 1078 quolibet
2909 1006 2996 1062 die
3041 1021 3229 1069 unam,
3277 1005 3357 1058 uti

1791 1106 1996 1160 dictum
2039 1114 2145 1166 est,
2182 1101 2575 1171 sexagesimam
2621 1099 2926 1168 colligunt;
2978 1095 3100 1150 ideo
3146 1094 3354 1149 nullam

1793 1196 2206 1252 redundantiam
2245 1193 2418 1258 alTert,
2441 1207 2616 1262 neque
2641 1189 2866 1246 totidem
2904 1188 3115 1244 dierum
3139 1201 3356 1241 menses

1794 1289 1939 1343 illius
1972 1287 2172 1349 ellicit;
2215 1285 2474 1355 quoniam
2507 1284 2718 1336 dierum
2755 1295 2964 1335 summa
2997 1295 3090 1350 per
3118 1280 3356 1334 tricena-

1791 1382 1935 1436 rium
1976 1395 2263 1434 numerum
2301 1379 2497 1440 divisa,
2537 1377 2855 1432 dimidiatus
2890 1376 2978 1430 ille
3004 1376 3120 1430 dies
3143 1391 3174 1430 e
3199 1389 3359 1430 sexa-

1793 1473 2017 1543 gesimis
2045 1471 2339 1526 adveniens
2381 1471 2719 1532 exhauritur,
2762 1484 2937 1538 neque
2979 1470 3162 1538 plures
3192 1485 3356 1538 quam

1792 1578 1920 1618 xxix
1956 1563 2186 1634 singulis
2232 1562 2510 1616 mensibus
2543 1561 2819 1630 relinquit.
2853 1562 2919 1614 At
2963 1575 3089 1614 vero
3113 1560 3358 1630 quolibet

1793 1668 1938 1708 anno
1985 1651 2322 1724 sexagesima
2383 1652 2639 1720 scrupula
2691 1651 2930 1720 quinque
2981 1650 3238 1721 colligere
3288 1649 3355 1702 ad

1792 1761 1915 1801 eum
1966 1744 2326 1814 supplendum
2369 1743 2533 1805 diem,
2577 1743 2668 1812 qui
2716 1744 3005 1798 undecimo
3044 1758 3186 1796 anno
3226 1755 3357 1811 sup-

105 1851 261 1898 σεως,
290 1835 611 1907 διαμαρτεῖν
647 1835 860 1897 πάντως
884 1838 1026 1887 ποιεῖ
1046 1836 1170 1897 τοὺς
1192 1835 1545 1906 ψηφίζοντας.
1569 1838 1674 1890 Καὶ

1787 1835 2063 1906 primitur,
2100 1835 2258 1904 plane
2288 1833 2355 1886 ad
2390 1833 2632 1888 rationes
2663 1832 3072 1887 conturbandas
3095 1831 3352 1901 pertinet.

102 1928 262 1999 δῆλον
297 1928 362 1979 ἐκ
395 1927 488 1980 τοῦ
527 1928 621 1980 καὶ
653 1928 786 1998 μετά
821 1926 1024 1996 ταύτην
1065 1926 1163 1997 τὴν
1204 1928 1332 1997 μίαν
1369 1929 1580 2000 ἡμέραν
1613 1930 1678 1981 ἑκ

102 2021 208 2074 τῶν
233 2019 542 2072 ὑπολοίπων
573 2019 616 2084 ζ’
661 2020 758 2090 τῆς
789 2019 1012 2090 σελήνης
1057 2019 1189 2072 ἑτῶν
1231 2021 1570 2091 συναγόμενα
1605 2020 1679 2074 λε’
1705 2020 1718 2034 ⁸

105 2111 371 2181 ἑξηκοπά
429 2110 571 2164 κατά
613 2112 672 2164 τὸ
716 2111 867 2174 τέλος
919 2112 1016 2179 τῆς
1051 2112 1680 2182 ἐννεακαιδεκαετηρίδος

103 2204 174 2267 ὡς
199 2202 435 2274 περιττά
462 2202 892 2273 διαρῤίπτεσθαι.
938 2203 1049 2255 Πᾶν
1066 2202 1121 2255 δὲ
1149 2204 1290 2256 κατά
1313 2221 1365 2256 τι
1397 2204 1547 2274 παρά
1570 2203 1678 2255 τῶν

103 2295 450 2364 ψηφιζόντων
469 2294 714 2364 ἀνοήτως
748 2294 1071 2364 ῥιπτόμενον
1096 2296 1194 2365 τήν
1222 2312 1279 2348 τε
1299 2294 1392 2348 τοῦ
1425 2296 1546 2348 ὅλου
1583 2295 1679 2348 κύ-

105 2386 230 2439 κλου
269 2385 413 2439 κατά
458 2385 620 2456 τήνδε
665 2385 762 2456 τὴν
806 2384 1024 2455 μέθοδον
1053 2387 1384 2440 ἀναστασίαν
1414 2387 1458 2418 ⁸⁸
1491 2386 1674 2456 δηλοῖ,

103 2480 194 2533 καὶ
219 2479 326 2531 τῶν
355 2479 495 2548 αὐτῇ
530 2479 882 2548 κεχρημένων
904 2478 1168 2549 διελέγχει
1209 2480 1271 2532 τὸ
1305 2479 1547 2550 σφάλμα.
1578 2480 1678 2533 Λό-

103 2584 193 2634 γος
246 2567 356 2638 γάρ
396 2568 613 2630 αὐτοῖς,
658 2567 733 2630 ὼς
777 2562 952 2631 εἷπον,
982 2568 1101 2619 ἑστι
1146 2569 1471 2634 συναγαγεῖν
1509 2566 1677 2636 μόνην

100 2658 196 2730 τήν
229 2659 358 2729 μίαν
387 2657 599 2728 ἐκείνην
619 2674 632 2687 °
675 2657 849 2721 οὐδεὶς
881 2659 937 2712 δὲ
972 2659 1100 2728 περὶ
1129 2658 1410 2728 ἀκριϐείας
1441 2658 1502 2710 τὸ
1554 2657 1676 2710 σύν-

102 2749 236 2803 ολον.
280 2748 599 2802 Διαλλάττει
622 2748 677 2802 δὲ
709 2751 802 2802 καὶ
829 2749 890 2803 τὸ
925 2753 1054 2822 παρ’
1085 2751 1267 2814 αὐτοῖς
1303 2749 1676 2821 ψηφιζόμενον

102 2841 213 2906 ἔτος
250 2842 389 2914 πρὸς
433 2842 496 2894 τὸ
546 2841 673 2913 παρ’
709 2843 839 2911 ἡμῖν
880 2842 1021 2895 κατὰ
1069 2842 1167 2911 τὴν
1224 2843 1676 2915 ἑκκλησιαστικὴν

102 2933 394 3003 παράδοσιν
408 2931 810 3002 ἀριθμούμενον
825 2949 837 2962 ο
862 2931 1046 3002 ἐπειδὴ
1073 2934 1186 2995 τοῖς
1203 2931 1312 2984 ἀπὸ
1343 2931 1512 3003 Ἀδὰμ
1532 2933 1675 2986 ἑτεσι

105 3032 175 3089 ις’
215 3023 626 3094 προστιθέασιν.
675 3022 834 3075 Ἀλλά
864 3023 1035 3075 ταῦτα
1065 3021 1183 3074 κατ’
1215 3021 1513 3094 ἐπιδρομήν
1549 3024 1676 3094 περὶ

102 3118 318 3171 ἐκείνων
352 3115 622 3178 εἰπόντες,
669 3116 748 3178 εἰς
794 3114 854 3168 τὸ
888 3115 1244 3186 προκείμενον
1268 3113 1672 3185 ἐπανέλθωμεν,

1787 1930 1962 1998 Atque
1996 1927 2098 1980 hoc
2143 1942 2207 1980 ex
2253 1941 2318 1979 eo
2354 1925 2719 1988 convincitur,
2751 1925 2918 1994 quod,
2964 1935 3089 1995 post
3133 1925 3355 1978 unicum

1788 2018 1939 2072 illum
1977 2017 2143 2080 diem,
2177 2017 2398 2086 triginta
2447 2017 2687 2087 quinque
2719 2019 3106 2088 sexagesimas,
3133 2031 3254 2086 qua:
3283 2031 3351 2070 ex

1787 2110 1948 2164 annis
1996 2118 2204 2179 septem
2257 2109 2398 2162 lunae
2445 2109 2682 2163 residuis
2745 2109 3079 2170 conﬂantur.
3139 2106 3356 2164 evoluta

1785 2202 2003 2258 demum
2037 2201 2558 2257 enneadecacteride
2603 2211 2864 2272 tanquam
2905 2201 3215 2271 superﬂuas
3259 2217 3356 2256 ex-

1786 2304 2054 2365 pungunt.
2101 2293 2376 2363 Quidquid
2425 2302 2609 2347 autem
2661 2308 2727 2347 ex
2783 2293 2963 2363 aliqua
3007 2302 3159 2363 parte
3209 2293 3355 2345 velut

1785 2401 2249 2456 supervacaneum
2283 2386 2337 2438 in
2371 2383 2733 2440 subducendo
2771 2385 2968 2439 s‘tolidc
2997 2383 3263 2452 rejicitur,
3297 2381 3350 2435 id

1784 2485 1838 2532 et
1862 2477 1999 2548 cycli
2035 2478 2202 2531 totius
2234 2477 2410 2532 labem
2446 2478 2548 2534 hac
2581 2480 2635 2531 in
2673 2477 2948 2540 methodo,
2970 2483 3231 2530 eteorum
3256 2476 3352 2544 qui

1783 2575 2031 2629 utuntur,
2066 2581 2309 2620 errorem
2347 2568 2613 2637 coarguit.
2655 2565 2790 2620 Nam
2832 2563 2886 2618 id
2929 2580 3099 2619 unum
3139 2563 3324 2618 intueu

1785 2667 1897 2723 tur,
1933 2668 1991 2713 ut
2019 2659 2226 2714 dictum
2259 2667 2363 2721 est,
2395 2660 2572 2714 solum
2598 2671 2656 2712 ut
2682 2659 2830 2712 illum
2863 2657 3005 2712 diem
3042 2655 3348 2718 detrahant.

1783 2764 1946 2820 quam
2005 2750 2242 2819 idipsum
2294 2763 2424 2803 vero
2475 2760 2664 2803 exacte
2719 2747 2944 2810 faciant,
3000 2745 3154 2816 pensi
3214 2745 3351 2798 nihil

1786 2841 2006 2899 habent.
2043 2838 2184 2906 Quin
2215 2843 2378 2894 etiam
2409 2837 2622 2891 annalis
2671 2830 2889 2890 illorum
2947 2842 3236 2904 computus
3284 2835 3352 2886 ab

1784 2948 1848 2988 eo
1887 2933 2178 3002 discrepat.
2224 2947 2386 3001 quem
2420 2945 2518 2984 nos
2549 2946 2616 2984 ex
2664 2929 2954 2982 traditione
2983 2927 3352 2982 ecclesiastica

1784 3026 2105 3080 retinemus.
2137 3023 2347 3092 Quippe
2389 3023 2457 3077 ad
2497 3037 2672 3077 annos
2704 3020 2898 3074 Adami
2930 3021 3166 3075 sedecim
3214 3019 3353 3088 adji-

1783 3117 1957 3171 ciunt.
1995 3116 2192 3171 Verum
2238 3114 2354 3169 haec
2397 3113 2463 3168 de
2500 3113 2606 3166 illis
2639 3112 2795 3182 quasi
2831 3111 3008 3168 obiter
3039 3109 3351 3181 attigimus;

100 3208 192 3278 τήν
219 3208 401 3262 αἰτίαν
446 3205 769 3278 τρανοῠντες
812 3207 910 3276 τῆς
952 3207 1058 3259 τῶν
1091 3184 1418 3277 ἑμϐολίμων
1456 3207 1512 3259 ἑν
1557 3184 1673 3269 τοῖς

1787 3223 1923 3262 nunc
1967 3207 2036 3262 ad
2085 3207 2423 3278 propositum
2475 3204 2803 3265 redeamus,
2857 3217 3187 3271 causamque
3229 3202 3354 3255 red-

99 3299 239 3354 ιτεσι
276 3300 376 3371 τῆς
397 3297 628 3368 σελήνης
656 3297 970 3371 προσθήκης
1004 3298 1210 3369 μηνῶν.

105 3494 213 3572 Τις,
264 3494 362 3549 καὶ
395 3493 498 3572 διὰ
533 3492 736 3572 decor
771 3495 1102 3572 ἐμϐολίμων
1127 3495 1337 3572 μηκῶν
1373 3497 1507 3572 ἠμέν
1549 3497 1672 3572 τοῖς

164 3567 324 3618 ἔτεσι
351 3564 465 3631 τῆς
510 3564 779 3633 σελήνης
803 3564 1156 3632 προσθήκη.
1204 3565 1315 3620 Καὶ
1354 3569 1540 3621 πόθεν
1576 3564 1669 3622 ἀεὶ

164 3636 237 3706 τό
282 3634 522 3703 πρῶτον
564 3635 830 3706 ἄρχεται,
890 3637 986 3689 καὶ
1045 3635 1163 3689 ποῦ
1211 3639 1275 3688 τὸ
1329 3639 1672 3692 τελευταῖον

161 3705 352 3776 λήγει-

163 3818 260 3872 ll'".
293 3820 540 3888 Λέγομεν
583 3815 697 3882 οὖν,
743 3820 817 3882 ὡς
849 3819 936 3873 διὰ
961 3820 1118 3873 τοῦτο
1152 3821 1333 3884 αὐτοῖς
1377 3821 1668 3893 ἐνεϐλήθη-

99 3925 213 3971 σαν,
255 3911 344 3964 ἵνα
383 3910 444 3977 ἐξ
489 3911 607 3974 ἑνὸς
642 3912 733 3964 καὶ
769 3910 864 3965 τοῦ
901 3912 1062 3964 αὑτοῦ
1101 3913 1268 3982 μηνὸς
1303 3913 1473 3966 ταῦτα
1505 3913 1671 3984 ψηφί-

96 3998 282 4060 ζεσθαι
306 3997 695 4063 κανονισθῶσι,
723 4002 798 4073 μὴ
823 4001 996 4066 ἄλλως
1025 4003 1058 4073 ἢ
1104 4003 1245 4056 οὓτω
1283 4005 1472 4059 παθεῖν
1512 4005 1672 4058 τοῦτο

94 4089 389 4162 δυνάμενα,
429 4091 519 4144 διὰ
552 4091 648 4160 τήν
679 4093 762 4160 ἐφ’
810 4094 1040 4146 ἑκάστου
1082 4095 1188 4146 τῶν
1216 4094 1408 4150 ἕνδεκα
1441 4097 1669 4168 ὑστέρη-

96 4196 178 4232 σιν
209 4183 459 4252 ήμερῶν,
487 4176 562 4233 ὧν
587 4182 646 4234 τὸ
668 4181 890 4253 ἡλιακὸν
921 4182 1058 4246 ἔτος,
1100 4184 1198 4235 οὐκ
1227 4184 1348 4254 ἕχον
1374 4184 1470 4256 τήν
1502 4186 1670 4239 ἐλλει-

93 4271 204 4338 qm.
237 4273 300 4338 ἐξ
340 4272 459 4334 ἑνὸς
497 4273 590 4326 καὶ
621 4273 713 4326 τοῦ
745 4273 904 4326 αὐτοῦ
939 4275 1105 4345 μηνὸς
1133 4276 1432 4346 ἀρχόμενον
1455 4278 1540 4331 ἀεὶ
1573 4296 1672 4331 κα-

94 4363 393 4427 νονᾷζεταιο
441 4363 586 4431 λέγω
622 4364 686 4434 δὴ
726 4363 818 4416 τοῦ
854 4365 1070 4435 ἑαρινοῦ
1107 4368 1198 4418 καὶ
1243 4366 1340 4436 τὴν
1386 4369 1671 4440 ἰσημερίαν

95 4452 338 4522 ἔχοντος·
391 4455 451 4517 ὃς
508 4457 625 4507 ἐστι
670 4456 808 4508 κατά
860 4455 959 4526 μὲν
1010 4457 1311 4526 Ῥωμαίους
1376 4459 1669 4529 Ἀπρίλιος,

94 4547 234 4599 κατὰ
284 4547 343 4600 δὲ
388 4547 705 4610 Μακεδόνας
746 4547 1025 4612 Ξανθικὸς,
1058 4549 1199 4602 κατά
1243 4549 1300 4601 δὲ
1346 4550 1671 4617 Αἰγυπτίους

92 4637 404 4709 Φαρμουθὶ,
429 4637 571 4691 κατά
603 4637 660 4690 δὲ
713 4637 992 4708 Ἐϐραίους
1032 4639 1204 4693 Νισάν
1228 4657 1240 4669 ⁸
1279 4643 1372 4692 καὶ
1405 4639 1546 4693 κατά
1581 4641 1670 4694 τὸν

93 4727 357 4788 ζωδιακὸν
385 4725 578 4799 [ἥλιον]
609 4727 639 4778 ὁ
679 4725 967 4797 λεγόμενος
1009 4730 1158 4798 παρὰ
1199 4733 1310 4792 τοῖς
1348 4731 1452 4796 ἔξω
1483 4729 1668 4801 Κριός.

103 4819 324 4890 Ἐπειδὴ
355 4820 464 4890 γὰρ
499 4818 620 4871 καθ’
657 4819 882 4872 ἕκαστον
911 4819 1028 4882 ἔτος
1067 4823 1248 4883 αὐτοῖς
1286 4823 1318 4892 ή
1368 4821 1563 4891 σελήνη
1607 4823 1672 4891 τῇ

91 4912 194 4963 τῶν
216 4913 528 4982 εἰρημένων
553 4919 620 4964 ια’
643 4912 865 4983 ἡμερῶν
885 4912 1114 4982 ἐλλείψει
1148 4913 1435 4976 τοσαύταις
1466 4914 1669 4966 ὑποκα-

88 5001 444 5065 ταῆαἰνουσα,
479 5001 578 5073 τὴν
627 5003 718 5071 ἀφ’
750 4998 817 5073 ἧς
849 5002 1048 5074 ήρξατο
1092 5004 1326 5074 ἡμέραν.
1368 5006 1464 5074 οὐχ
1499 5005 1594 5058 ἕνα
1629 5003 1676 5034 ⁸⁸

92 5094 180 5143 καὶ
221 5094 315 5145 τὸν
345 5094 508 5146 αὐτὸν
557 5093 812 5163 κέκτηται
857 5095 1029 5165 ἀρχὴν
1064 5095 1106 5125 ⁸⁷
1144 5095 1307 5166 μῆνα,
1356 5096 1514 5166 δῆλον
1545 5099 1672 5150 ὄντα

91 5186 242 5252 παρὰ
287 5187 412 5248 τοὺς
446 5185 657 5248 ἄλλους,
689 5186 824 5238 ἀλλά
865 5187 1067 5249 πάντας
1094 5186 1308 5256 ἐπίσης,
1355 5189 1417 5240 ἐκ
1448 5188 1543 5240 τοῦ
1585 5191 1674 5243 διὰ

91 5277 314 5328 πάντων
353 5276 476 5329 καθ’
522 5277 710 5346 εἱρμὸν
772 5278 1148 5341 ἁναποδίζεινο
1206 5279 1280 5341 ὡς
1325 5281 1669 5349 ἀσημείωτον

94 5368 346 5421 ἐντεῦθεν
375 5369 643 5439 ὑπάρχειν
659 5369 843 5422 λοιπὸν
873 5372 971 5441 τὴν
993 5371 1037 5402 ⁵⁸
1062 5370 1168 5422 τῶν
1191 5372 1358 5441 αὐτῆς
1381 5375 1667 5443 νεομηνίας

91 5458 245 5512 ἑτῶν.
313 5460 375 5512 Ἡ
394 5461 618 5530 τεχνικὴ
657 5461 834 5530 ψῆφος
875 5461 1013 5532 αὕτη
1050 5462 1144 5514 καὶ
1183 5463 1402 5532 μέθοδος
1447 5464 1668 5532 γέγονεν

88 5553 170 5604 ἐπ’
191 5553 366 5623 αὐτῆς
397 5553 539 5606 κατά
566 5552 662 5623 τὴν
683 5553 788 5606 τῶν
817 5553 954 5606 ἐπτά
977 5553 1282 5622 ὲμϐολὶμων
1311 5555 1626 5627 προσθήκην
1651 5573 1662 5586 ’

752 5709 796 5739 ⁸⁸
827 5709 865 5763 Ῑ.
902 5707 996 5772 τῷ.

155 5706 202 5739 οι
234 5708 275 5771 γ’
317 5708 658 5770 ιπικτεσεεως,
752 5709 796 5739 ιδ
827 5709 865 5763 ι’,
902 5707 996 5772 τῷ,
1075 5708 1119 5737 ⁸⁵
1149 5707 1187 5773 f.
1217 5708 1498 5764 ἀστασίαν.

1577 5711 1619 5772 ’,⁸
1654 5711 1695 5778 Ι.
1729 5712 1789 5766 οὐ
1825 5712 1944 5768 καθ’
1975 5713 2089 5768 ἕνα.
2167 5713 2207 5744 ⁸⁷
2236 5711 2278 5782 ί.
2312 5710 2410 5780 τὴν
2438 5711 2528 5778 ἀρ.

1775 3298 2006 3367 damus,
2059 3313 2159 3352 cur
2219 3295 2493 3351 embolimi
2567 3310 2783 3348 menses
2843 3293 3127 3348 lunaribus
3190 3293 3350 3348 annis

1773 3395 2113 3446 inserantur.

1778 3503 1936 3574 175
1964 3503 2221 3568 Quaenam
2243 3503 2330 3574 sit,
2357 3510 2406 3556 et
2431 3516 2532 3570 qua
2551 3499 2614 3552 de
2633 3515 2800 3574 causa
2845 3498 2942 3574 ﬁat
2968 3499 3021 3551 in
3041 3497 3352 3574 annisilurre

1845 3567 2098 3628 mensium
2136 3567 2533 3627 embolimorttm
2574 3569 2820 3636 adjectio.
2878 3567 3014 3621 Item
3065 3567 3200 3620 unde
3241 3583 3352 3633 pcr-

1841 3653 1994 3714 petuo
2057 3643 2259 3712 primus
2330 3657 2498 3694 annus
2559 3641 2736 3703 ineat,
2797 3647 2850 3691 et
2910 3638 2999 3691 ubi
3055 3649 3354 3704 postremus

1842 3715 2087 3785 desinat}

1847 3825 1983 3882 Xlll.
2009 3826 2100 3882 Sic
2134 3827 2298 3898 igitur
2333 3824 2644 3885 statuimus,
2679 3822 2749 3876 ob
2783 3836 2901 3875 eam
2933 3833 3153 3875 causam
3185 3817 3350 3874 inseri

1774 3935 1990 3974 menses
2014 3920 2157 3981 illos,
2183 3926 2240 3972 ut
2256 3917 2323 3971 ab
2340 3932 2448 3970 uno
2464 3915 2762 3984 eodemque
2776 3927 2958 3966 mense
2971 3919 3233 3981 perpetuo
3249 3911 3356 3964 cal-

1773 4013 1932 4064 culus
1961 4010 2218 4079 procedat
2249 4025 2262 4059 :
2300 4007 2446 4076 quod
2479 4006 2637 4059 aliter
2674 4007 2728 4058 in
2762 4003 2920 4058 annis
2954 4002 3076 4056 istis
3105 4002 3344 4055 obtineri

1775 4117 1884 4157 non
1918 4111 2119 4170 potest,
2148 4099 2409 4170 quoniam
2446 4097 2646 4167 singuli
2691 4094 2886 4148 diebus
2930 4093 3185 4146 undecim
3219 4091 3352 4147 deli-

1775 4195 1969 4258 ciunt;
2014 4207 2123 4262 quo
2167 4191 2382 4246 delectu
2431 4203 2555 4242 cum
2604 4189 2803 4242 solaris
2845 4202 3024 4240 annus
3063 4195 3253 4246 vacet,
3284 4199 3351 4237 ex

1775 4285 1963 4340 eodem
2023 4297 2238 4352 semper
2297 4281 2475 4342 initio,
2534 4279 2791 4332 nimirum
2850 4293 3021 4332 verno
3078 4287 3133 4331 et
3187 4276 3354 4344 aequi.

1774 4376 1996 4431 noctiali
2028 4389 2236 4436 mense,
2256 4372 2657 4442 proﬁciscitur;
2687 4385 2845 4438 quem
2874 4368 3092 4438 quidem
3115 4365 3350 4420 Romani

1774 4465 2014 4534 Aprilem
2061 4473 2278 4522 vocant.
2339 4460 2658 4515 Macedones
2709 4459 3061 4520 Xanthicum,
3107 4456 3345 4526 Egyptii

1778 4555 2116 4614 Pharmuthi.
2149 4552 2357 4608 Hebraei
2403 4551 2571 4608 Nisan
2613 4572 2627 4606 :
2669 4551 2759 4606 cui
2803 4549 3004 4603 Arietis
3044 4549 3260 4617 signum
3295 4547 3348 4600 in

1779 4646 2016 4702 Zodiaco
2067 4644 2382 4716 respondet.
2440 4642 2652 4698 Etenim
2708 4641 2964 4712 quoniam
3010 4640 3137 4692 luna
3188 4645 3351 4708 quor-

1781 4738 1940 4793 annis
1964 4735 2216 4791 undecim
2247 4735 2462 4795 diebus,
2487 4734 2818 4794 utdiximus,
2844 4747 2872 4783 a
2894 4729 3026 4785 solis
3049 4744 3192 4782 anno
3219 4728 3352 4781 deli-

1782 4828 1955 4886 ciens.
1987 4825 2212 4879 totidem
2240 4840 2388 4885 eum,
2425 4824 2568 4878 unde
2597 4836 2888 4891 progressa
2927 4830 3030 4883 est,
3057 4818 3350 4874 antevertit

1776 4915 1917 4968 diem
1949 4932 1963 4979 ;
1997 4913 2117 4967 ideo
2150 4929 2256 4967 non
2284 4921 2492 4968 certum
2531 4913 2692 4968 habet
2730 4927 2795 4965 ac
2824 4911 2990 4964 ﬁxum
3028 4911 3081 4963 in
3107 4917 3216 4962 un'o
3244 4910 3346 4960 aliv

1776 5020 1906 5075 quo,
1934 5014 1986 5059 ει
2017 5005 2156 5058 inter
2190 5014 2420 5058 caeteros
2454 5002 2749 5058 manifesto
2778 5018 2966 5057 mense
2997 5001 3348 5071 principium.

1777 5097 1870 5152 sed
1930 5097 2000 5150 ab
2047 5097 2303 5151 omnibus
2355 5096 2637 5166 aequaliter
2691 5095 2922 5164 incipit,
2979 5095 3120 5164 quod
3159 5111 3352 5150 omnes

1778 5189 2222 5258 retrogrediendo
2273 5188 2589 5259 singillatim
2639 5195 2909 5258 peragret,
2961 5188 3097 5242 adeo
3140 5195 3201 5241 ut
3253 5187 3353 5241 οὺς-

1778 5297 1998 5336 scurum
2031 5281 2125 5342 sit,
2168 5296 2268 5334 nec
2301 5281 2409 5334 ulla
2438 5291 2587 5334 certa
2627 5289 2751 5334 nota
2783 5279 3064 5333 deﬁnitum
3104 5279 3347 5336 initium,

1777 5389 1808 5428 a
1843 5389 1954 5444 quo
1997 5376 2297 5430 neomeniaa
2338 5376 2484 5429 illius
2534 5375 2801 5428 oriantur.
2848 5372 2986 5426 Hinc
3018 5371 3350 5425 artiﬁciosus

1776 5466 1878 5519 iste
1923 5472 2214 5535 computus
2267 5483 2330 5518 ac
2379 5465 2671 5520 methodus
2719 5463 3010 5518 adhibetur
3053 5461 3344 5529 ejusmodi.

1775 5558 1829 5610 in
1845 5572 1951 5627 qua
1973 5568 2177 5627 septem
2201 5557 2473 5612 adduntur
2488 5555 2763 5609 embolimi
2792 5570 3008 5608 nienses
3031 5572 3045 5605 :
3066 5551 3145 5604 uti
3169 5566 3354 5620 quem-

2608 5708 2650 5740 η
2687 5708 2727 5778 r.
2765 5706 2864 5777 τὴν
2893 5705 3090 5778 texi»
