3800 6324
149 351 286 413 1233

969 353 1027 409 S.
1069 352 1326 409 MAXIM!
1361 353 1723 418 MARTYRIS
1761 356 2137 414 COMPUTUS
2173 357 2617 412 ECCLESIAST.

3271 359 3405 416 I255

159 477 258 530 Ἐκ
293 475 471 546 ποῖον
512 475 840 544 Ῥωμαϊκὸν
870 475 1037 545 μῆνα
1065 479 1121 546 "7
1147 477 1212 530 τὸ
1254 475 1606 544 Πασχάλιον
1630 495 1715 532 και

1857 479 2080 546 Quonam
2125 493 2187 531 ex
2216 475 2452 530 Romano
2487 493 2661 530 mense
2690 475 2914 529 methodi
2959 474 3235 530 Paschalis
3265 477 3408 528 ordi-

214 545 519 607 νονιζουσι
539 587 554 608 ,
587 546 687 600 καί
727 547 925 601 πάντα
956 547 1028 600 τὰ
1062 545 1174 614 τῆς
1201 545 1472 614 σελήνης
1514 549 1642 615 ἐτη,
1679 553 1734 602 ot

210 617 706 681 πενταπλοῦντες
726 617 913 670 ταῦτα
943 617 1042 670 καὶ
1064 617 1493 684 ἐξαπλοῦντες·
1509 617 1607 672 καί
1630 621 1734 672 πό-

209 687 334 750 θεν,
357 687 458 740 καὶ
494 685 638 752 πῶς,
684 687 782 740 καὶ
814 687 884 739 ἐν
927 688 1120 752 ποίοις
1151 687 1313 741 ἔτεσι
1356 688 1730 742 πεντεκαιδε-

111 802 122 816 ,
211 755 429 823 aedi-nr,
460 756 558 816 καὶ
602 756 670 822 ἐξ
706 755 1102 827 καίλδεκάτην
1137 756 1206 810 ιδ’
1246 757 1574 827 ψηφίζουσι
1625 757 1732 814 τοῦ

116 833 123 884 ‘.
213 828 344 880 καθ’
387 827 687 896 Ἑϐραίους
713 824 946 895 πρώτου
974 827 1186 896 μηνός.

212 941 328 1009 κζ’.
355 941 484 1003 Τοῖς
508 937 565 993 δὲ
601 937 968 994 πεπαπλοῦσι
993 937 1164 992 ταῦτα
1194 939 1288 993 καὶ
1321 938 1641 1004 ἑξαπλοῦσιν
1673 937 1733 1003 ἐξ

143 1029 302 1088 ἄλλου
346 1031 657 1108 Ῥωμαῖκοῦ
696 1031 883 1103 μηνὸς,
926 1030 1071 1100 λέγω
1118 1030 1181 1101 δὴ
1227 1031 1321 1084 τοῦ
1361 1030 1727 1102 Δεκεμϐρίου⁶

145 1122 250 1177 ἀπὸ
271 1122 384 1194 γὰρ
404 1123 506 1193 τῆς
529 1123 722 1177 τούτου
751 1123 1017 1194 τετάρτης
1053 1123 1365 1194 ποιούμενοι
1404 1125 1500 1195 τὴν
1532 1126 1727 1197 ἀρχὴν,

143 1213 235 1268 τοῦ
263 1215 364 1279 τὰς
384 1215 515 1279 ὅλας
545 1214 838 1286 νεομηνίας
875 1213 1006 1268 εἴσω
1035 1214 1226 1268 ἑαυτοῦ
1260 1216 1595 1286 κεκτημένου
1633 1233 1730 1288 μη-

143 1308 250 1371 νὸς,
276 1307 340 1360 τὸ
365 1307 520 1371 τέλος
551 1309 630 1370 εἰς
667 1307 767 1379 τὴν
801 1307 894 1360 τοῦ
935 1307 1262 1379 Ἰανουαρίου
1305 1307 1542 1363 τίθενται
1579 1308 1728 1380 πρώ-

143 1413 256 1468 την.
291 1396 392 1450 ΚΘ⁹
425 1396 538 1469 γὰρ
573 1397 667 1450 ἀπ’
694 1397 906 1466 ἐκείνης
944 1397 1105 1468 μέχρι
1138 1397 1340 1468 ταύτης
1367 1400 1490 1451 εἰσί.
1531 1400 1729 1472 Διόπερ

143 1489 204 1540 ὲκ
223 1487 433 1558 ταύτης
461 1487 546 1558 δὴ,
576 1487 720 1557 φημὶ
743 1488 843 1557 τῆς
865 1487 957 1541 τοῦ
996 1489 1322 1559 Ἰανουαρίου
1341 1488 1583 1560 πρώτης,
1620 1494 1728 1545 πᾶν

144 1576 372 1648 σελήνης
405 1576 781 1641 κανονίζοντες
813 1576 960 1640 ἔτος,
999 1573 1114 1630 εἶτα
1147 1578 1232 1635 διὰ
1264 1578 1364 1648 τὴν
1400 1578 1492 1632 τοῦ
1538 1580 1728 1650 Πάσχα

140 1665 358 1735 ψῆφον,
407 1667 478 1719 τά
530 1665 638 1719 άπὸ
681 1665 885 1736 ταύτης
930 1666 1090 1736 μέχρι
1133 1665 1577 1737 συμπληρώσεως
1630 1666 1724 1721 τοῦ

141 1758 412 1829 Μαρτίου,
450 1758 561 1812 τῶν
595 1763 643 1825 Lf
673 1758 914 1830 ἡμερῶν,
958 1757 1217 1830 ἰσάριθμα
1259 1759 1575 1826 συνάγοντες
1603 1758 1728 1830 ἐξηρ-

1908 550 2195 610 nationem,
2224 565 2287 600 ac
2318 547 2586 600 lunarium
2624 562 2884 598 annorum
2916 547 3240 611 putationem
3271 562 3409 614 repe-

1909 629 2022 672 tant
2049 659 2062 677 .
2110 620 2199 687 qui
2237 619 2330 671 hos
2378 617 2682 687 quinquies,
2723 617 2990 687 sexiesque
3033 615 3404 684 multiplicant.

1909 689 1976 741 Et
2001 685 2154 744 unde.
2190 705 2252 742 ac
2276 685 2557 758 quomodo,
2585 695 2637 758 et
2665 685 2851 757 quibus
2886 687 2938 740 in
2971 687 3125 739 annis
3148 687 3406 758 decimam

1904 760 2166 830 quintam.
2197 776 2259 830 ac
2289 756 2492 812 sextam
2527 756 2782 810 decimam
2814 766 3081 830 numerent
3107 773 3222 810 eam
3244 756 3404 824 diem,

1901 826 2017 899 qua:
2038 831 2093 882 in
2121 827 2352 882 Iudaico
2380 844 2551 881 mense
2580 843 2756 881 revera
2785 838 2861 880 est
2889 826 3091 880 decima
3122 837 3333 898 quarta.

1904 940 2045 996 XVI.
2075 941 2533 1008 Qui-annosluna:
2558 939 2906 1011 perquinque
2939 954 3002 994 ac
3025 955 3120 994 sex
3145 938 3405 1010 multipli-

1831 1041 1980 1097 cant,
2005 1033 2073 1087 ab
2102 1034 2276 1088 altero
2311 1048 2496 1088 mense
2534 1030 2850 1087 methodnm
2895 1029 3123 1098 ducunt,
3156 1031 3407 1087 videlicet

1831 1139 1863 1177 a
1905 1123 2210 1178 Decembri.
2279 1123 2441 1194 176
2492 1120 2628 1176 Nam
2678 1137 2708 1175 a
2763 1128 2960 1191 quarto
3004 1120 3168 1189 hujus
3216 1120 3405 1191 auspi-

1831 1222 2042 1278 cantes,
2073 1230 2314 1270 mensem
2349 1214 2525 1278 illum,
2553 1213 2648 1284 qui
2677 1212 2991 1268 neomenias
3030 1211 3086 1266 in
3121 1227 3182 1267 se
3212 1226 3407 1268 omnes

1830 1307 2233 1377 complectitur,
2273 1305 2530 1360 Kalendis
2575 1303 2854 1360 Ianuariis
2902 1303 3213 1358 tcrminant.
3268 1301 3408 1356 Sunt

1828 1397 1975 1451 enim
2021 1397 2089 1452 ab
2131 1397 2223 1450 illo
2257 1397 2321 1450 ad
2357 1397 2502 1451 hunc
2544 1411 2740 1450 novem
2775 1404 2827 1450 ct
2857 1395 3046 1465 viginti
3091 1395 3226 1449 dies.
3259 1393 3409 1460 Quo.

1828 1490 1974 1544 circa
2013 1489 2188 1560 prima
2224 1488 2470 1543 Januarii
2511 1490 2629 1544 dies
2655 1489 2840 1559 regula
2867 1495 2950 1542 est
2991 1501 3258 1542 annorum
3288 1501 3408 1542 om-

1827 1579 1979 1632 nium
2043 1579 2232 1644 lunae;
2296 1577 2365 1632 ab
2423 1577 2609 1633 eadem
2661 1593 2789 1632 vero
2859 1585 2992 1647 quot
3031 1576 3098 1630 ad
3155 1578 3406 1632 ultimam

1830 1667 2011 1722 Martii
2051 1668 2167 1722 dies
2206 1677 2582 1730 numerantur,
2623 1668 2716 1738 qui
2763 1675 2892 1724 sunt
2921 1667 3242 1739 nonaginta,
3288 1667 3409 1722 toti-

1826 1761 1949 1816 dem
1980 1760 2052 1814 ob
2088 1758 2410 1815 Paschalem
2434 1768 2753 1830 computum
2779 1759 3118 1830 sexagesima
3149 1759 3410 1830 scrupula

143 1851 330 1914 κοστὰ,
368 1850 508 1922 μετὰ
554 1849 654 1920 τὴν
682 1852 761 1913 εἰς
795 1849 839 1902 λ’
883 1849 1037 1903 λύσιν
1068 1849 1274 1903 τούτων
1310 1850 1374 1920 δὴ
1421 1850 1528 1904 τῶν
1569 1851 1715 1922 τριῶε

1857 1852 2098 1923 :olligunt
2147 1871 2160 1906 :
2195 1862 2308 1905 tum
2343 1849 2613 1907 divisione
2663 1851 2828 1915 facta,
2861 1859 2915 1906 et
2956 1851 3183 1907 tricenis
3213 1851 3410 1908 diebus

146 1942 352 2014 μηνῶν,
396 1940 768 2014 ἡμισημέρτον
811 1943 996 2006 αὐτοῖς
1057 1942 1559 2012 καταλιμπάνεται,
1612 1959 1734 1994 του⁸

142 2035 289 2090 τέστι
317 2035 362 2087 λ’
388 2035 675 2106 ἑξηκοστά.
697 2035 916 2099 Τούτοις
943 2030 1036 2088 οὖν
1067 2037 1180 2098 τοῖς
1203 2034 1246 2087 λ’
1275 2035 1583 2104 ὲξηκοστοίς
1605 2051 1730 2087 συνα-

142 2126 506 2198 εμϐάλλοντες
547 2127 641 2180 καὶ
668 2126 737 2180 τὰ
757 2129 879 2180 κατ’
929 2125 1048 2190 ἔτος
1074 2125 1302 2180 ἕκαστον
1321 2127 1386 2179 ὲκ
1407 2125 1516 2179 τῶν
1542 2131 1580 2178 ε’
1604 2125 1732 2196 ἐξη-

143 2218 354 2272 κοστῶν
408 2219 752 2289 συναγόμενα
801 2219 1000 2290 μόρια,
1056 2218 1152 2272 καὶ
1199 2216 1479 2281 ποιοῦντες
1522 2216 1736 2290 ἡμέραν

147 2311 276 2381 μίαν
294 2329 308 2341 ·
346 2311 510 2381 τυχὸν
535 2311 592 2363 δὲ
616 2312 710 2364 καὶ
735 2311 892 2383 πρὸς,
916 2313 982 2366 ἄν
1005 2328 1130 2382 περ,
1161 2311 1236 2374 ὡς
1255 2310 1422 2373 εἰκὸς,
1445 2310 1540 2363 καὶ
1571 2310 1735 2381 μέχρι

142 2398 307 2452 τινῶν
347 2398 575 2470 ἡμερῶν
607 2398 703 2452 τοῦ
747 2400 1024 2471 Ἀπριλίου
1054 2401 1153 2472 τὴν
1192 2399 1374 2470 ψῆφον
1417 2399 1731 2454 ἐκτείνωσιο

141 2488 231 2542 διὰ
268 2488 368 2562 τὴν
400 2489 496 2543 τοῦ
540 2490 733 2561 Πάσχα
793 2490 1156 2563 παρέκϐασιν.
1211 2491 1446 2562 ’Δνάγκη
1490 2491 1598 2563 γάρ
1640 2493 1736 2545 καὶ

140 2581 351 2635 τούτων
395 2582 792 2652 συλλαμϐάνειν
835 2583 903 2636 τὰ
937 2583 1222 2654 ὲξηκοστά.
1260 2583 1552 2654 Συμϐαίνει
1599 2585 1736 2638 πάν-

123 2686 255 2736 ·τως
305 2674 504 2737 αὐτοὺς
554 2676 620 2745 τῇ
663 2673 764 2744 τῆς
809 2674 940 2744 μιᾶς
977 2673 1191 2745 ⁴ἡμέρας
1237 2673 1271 2744 ἢ
1313 2674 1531 2728 καὶδύο
1562 2692 1736 2746 προσ-

141 2763 290 2838 θήκῃ
314 2766 383 2828 ⁷³,
411 2765 511 2836 τὴν
530 2763 624 2818 τοῦ
650 2764 868 2836 πρώτου
890 2766 1014 2834 καθῗ
1047 2764 1328 2838 Ἐϐραίους
1352 2765 1518 2835 μηνὸς
1536 2765 1614 2831 ιδ’,
1639 2766 1736 2820 καὶ

143 2863 234 2919 ιε’,
275 2855 433 2926 ἢκαὶ
473 2863 570 2922 ις’.
605 2858 715 2910 Καὶ
758 2865 817 2910 ιε’
858 2859 976 2929 μὲν,
1025 2859 1084 2911 ὲν
1127 2857 1341 2920 τούτοις
1379 2859 1490 2920 τοῖς
1535 2857 1732 2925 ἐτεσιν,

138 2943 259 3002 οἷον
300 2949 381 3020 τῷ
426 2950 686 3021 πέμπτῳ,
727 2951 822 3004 καὶ
873 2952 1037 3021 έκτῳ,
1072 2953 1165 3004 καὶ
1197 2949 1262 3016 ζ’,
1299 2952 1392 3005 καὶ
1427 2958 1497 3022 η’,
1529 2952 1624 3004 καὶ⁸
1667 2952 1734 3019 θ’,

140 3041 241 3096 καὶ
288 3047 340 3103 ι’,
376 3041 472 3096 καὶ
501 3044 712 3106 ια’,καί
750 3042 839 3106 ιϐ’,
873 3043 968 3096 καὶ
1017 3050 1106 3112 ιγ’,
1140 3044 1235 3096 καὶ
1263 3043 1346 3108 ιδ’,
1384 3043 1478 3096 καὶ⁹
1524 3049 1603 3105 ιε’,
1639 3044 1735 3098 καὶ

143 3136 244 3197 ις’,
307 3131 356 3163 ’³
397 3132 494 3186 καὶ
524 3131 590 3186 ιθν
620 3150 633 3163 ’
681 3133 739 3198 ἒξ
768 3133 859 3186 καὶ
894 3133 1125 3204 δεκάτην
1154 3134 1211 3188 δὲ
1243 3135 1301 3187 ἐν
1346 3134 1424 3205 τῷ
1468 3134 1737 3206 ἰσαρίθμῳ

1838 1943 1892 1997 in
1926 1960 2141 2001 menses
2171 1945 2417 2017 singulos
2447 1945 2754 2016 imputatis,
2781 1945 3026 2016 reliquus
3049 1957 3132 2002 est
3155 1945 3410 2002 dimidia-

1837 2048 1926 2095 tus
1982 2040 2120 2107 dies,
2177 2056 2300 2111 qua:
2347 2051 2475 2095 sunt
2531 2041 2786 2111 scrupnla
2843 2041 3090 2112 triginta.
3147 2039 3229 2094 Ad
3293 2038 3410 2094 hac

1837 2130 2004 2200 igitur
2071 2131 2327 2198 scrupula
2396 2141 2579 2201 partes
2643 2131 2766 2187 illas
2837 2131 3061 2202 insuper
3119 2129 3407 2200 adjiciunt,

1835 2238 1957 2293 qum
2017 2238 2083 2277 ex
2133 2223 2376 2292 quinque
2428 2223 2821 2294 sexagesimis,
2876 2222 2942 2278 de
2993 2222 3193 2293 quibus
3243 2237 3410 2292 supra

1836 2313 2207 2375 meminimus,
2253 2313 2550 2368 exsistunt.
2584 2314 2661 2367 Ita
2702 2313 2821 2367 dies
2853 2314 3067 2384 integra
3100 2312 3409 2381 coniicitur,

1835 2420 2008 2474 eoque
2053 2405 2287 2474 amplius
2332 2405 2640 2471 interdum,
2685 2406 2757 2470 si,
2796 2405 2938 2476 quod
2993 2415 3077 2462 est
3117 2413 3410 2461 consenta-

1836 2493 2023 2560 neum,
2060 2497 2127 2550 ad
2171 2497 2290 2554 dies
2326 2497 2535 2567 aliquot
2579 2497 2646 2552 de
2686 2496 2890 2568 Aprilis
2934 2511 3120 2552 mense
3165 2496 3414 2552 calculus

1837 2589 2187 2661 provehatur,
2226 2599 2285 2643 ut
2325 2597 2438 2643 tum
2475 2580 2694 2654 accidit,
2731 2605 2854 2644 cum
2902 2587 3114 2645 Pascha
3149 2586 3410 2643 diﬂ‘undi-

1837 2689 1946 2734 tur.
1998 2677 2152 2733 Tune
2191 2680 2336 2734 enim
2396 2681 2487 2734 illa
2535 2694 2754 2751 quoque
2795 2679 3136 2750 sexagesima
3183 2693 3418 2735 necesse

1836 2777 1922 2824 est
1967 2784 2268 2826 assumere.
2316 2769 2395 2825 Ita
2447 2770 2504 2827 ﬁt
2541 2780 2624 2837 ut,
2669 2785 2779 2826 uno
2828 2771 3069 2827 alterove
3117 2769 3410 2841 superfuso

1835 2862 1943 2924 die,
1958 2869 2209 2932 quartam
2231 2863 2497 2918 decimam
2516 2862 2725 2920 Iudaici
2749 2863 2955 2920 mensis
2981 2870 3296 2934 computent
3313 2877 3414 2928 xv,

1837 2953 1922 3008 vel
1952 2969 2062 3009 xw.
2085 2953 2358 3009 Decimam
2389 2956 2637 3026 quintam
2667 2972 2830 3027 porro
2856 2955 3005 3012 bisin
3032 2956 3192 3010 annis
3223 2971 3413 3012 nume-

1839 3051 1983 3110 rant,
2001 3043 2215 3115 quinto,
2249 3054 2425 3112 sexto,
2452 3047 2706 3117 septimo,
2739 3055 2953 3110 octavo,
2977 3062 3144 3112 nono,
3175 3045 3414 3110 decimo.

1839 3134 2506 3201 undecimo,duodecimo,
2525 3136 2736 3193 decimo
2754 3137 2937 3204 tertio,
2962 3137 3176 3194 decimo
3193 3146 3415 3208 quarto,

141 3190 277 3289 ἔτει,
309 3219 422 3278 οἷον
455 3223 536 3295 τῷ
568 3224 628 3290 ἒξ
671 3190 767 3280 xui.
806 3225 1016 3297 δεκάτῳ
1035 3243 1050 3258 ο
1081 3190 1448 3297 ’συμφωνοῦσι
1482 3226 1539 3279 δὲ
1561 3190 1715 3297 ’μόνοί

1857 3223 2052 3280 lecimo
2086 3227 2300 3296 quinto,
2334 3227 2546 3283 decimo
2562 3237 2738 3293 sexto,
2758 3243 2821 3284 ac
2843 3227 3056 3284 decimo
3076 3242 3243 3284 nono.
3276 3225 3413 3282 Sex-

142 3317 754 3390 τεσσαρεσκαιδεκάτην
796 3319 890 3370 καὶ
942 3318 1098 3371 αὐτοὶ⁵
1117 3357 1132 3381 ,
1165 3318 1264 3389 τὴν
1295 3317 1338 3370 δ’
1378 3318 1473 3371 καί
1505 3324 1538 3372 ι’
1568 3317 1737 3388 ψηφίο

144 3406 333 3472 ζοντες
359 3410 417 3461 έν
442 3409 626 3479 μόνοις
663 3407 872 3473 τούτοις
895 3412 1007 3473 τοῖς
1055 3414 1095 3461 ε’
1133 3407 1298 3470 ἔτεσι,
1331 3407 1410 3478 τῷ
1447 3425 1506 3462 τε
1537 3408 1738 3481 πρώτῳ

147 3503 276 3572 παρ’
315 3501 504 3565 αὐτοῖς
547 3500 748 3572 δηλαδὴ
785 3499 1180 3573 ψηφιζομένῳ,
1219 3501 1466 3572 τετάρτῳ
1511 3501 1568 3554 δὲ
1610 3502 1736 3573 παρ’

141 3593 280 3661 ἡμῖν
313 3591 664 3661 τυγχάνοντι,
690 3591 786 3644 καὶ
810 3591 890 3662 τῷ
921 3591 1176 3661 δευτέρῳ,
1207 3591 1303 3644 καὶ
1329 3589 1408 3661 τῷ
1438 3596 1506 3659 γ’,
1535 3590 1630 3644 καὶ
1661 3589 1739 3660 τῷ

143 3683 206 3747 δ’,
238 3683 336 3736 καὶ
367 3689 459 3753 ιη’.
485 3681 704 3735 Τούτων
731 3679 824 3735 οὖν
865 3681 1036 3745 οὕτως
1075 3682 1327 3752 ἑχόντων,
1361 3679 1523 3751 ἡνίκα
1551 3681 1585 3752 ὴ
1625 3679 1740 3732 Κυ-

145 3773 348 3844 ριακῆς
387 3772 435 3802 ⁷⁵
565 3771 606 3824 δ’
665 3772 760 3824 καὶ
799 3778 829 3822 ι’
875 3770 966 3824 τοῦ
1025 3769 1241 3843 πρώτου
1295 3771 1415 3825 καθ’
1459 3769 1742 3842 Ἐϐραίους

146 3864 475 3933 συναντήσοι
504 3861 695 3932 μηνὸς,
738 3861 874 3934 πρὸς
912 3862 1160 3934 ἀνάγκης
1195 3861 1380 3918 λοιπὸν
1408 3863 1582 3918 εἰκάδι
1619 3861 1740 3914 δευ-

144 3955 283 4026 τέρᾳ
305 3953 404 4006 τοῦ
450 3953 708 4023 φέγγους,
741 3952 833 4006 καὶ
861 3953 1036 4007 εἰκάδι
1063 3953 1220 4024 τρίτῃ
1244 3952 1487 4022 γίνεσθαι
1509 3951 1570 4004 τὸ
1601 3951 1742 4005 κατὰ

145 4047 388 4118 Χριστὸν
424 4045 656 4116 Πάσχα·
703 4045 914 4108 τούτοις
965 4045 1288 4118 παραλόγως
1327 4045 1620 4115 ψηφίζεται
1655 4045 1778 4100 διὰ·

143 4139 244 4209 τὴν
294 4138 606 4210 εἰρημένην
645 4139 843 4194 αἰτίαν.
884 4137 1068 4192 Ταῦτα
1108 4141 1202 4194 καὶ
1239 4141 1367 4210 περὶ
1399 4139 1491 4193 τοῦ
1529 4142 1745 4211 Πασχα-

143 4231 260 4285 λίου
291 4231 487 4303 μηνὸς,
527 4231 622 4284 καὶ
653 4231 752 4301 τῆς
786 4233 913 4303 ⁸ξερί
963 4234 1061 4303 τὴν
1093 4233 1746 4304 τεσσαρεσκαιδεκαταίαν

143 4322 360 4396 πλάνης
400 4323 515 4376 τῶν
546 4320 688 4375 οὕτω
715 4322 1059 4394 ψηφιζόντων
1100 4323 1339 4396 εἰρήσθω
1369 4324 1440 4378 τὰ
1467 4324 1582 4379 νῦν.

146 4435 287 4502 Περὶ
311 4432 437 4487 τῶν
459 4431 660 4503 κἈδὰμ
688 4431 858 4491 ἐτῶν,
878 4434 1042 4486 πόσα
1069 4451 1132 4486 τε
1160 4432 1462 4503 τυγχάνει,
1494 4433 1590 4487 καὶ
1620 4431 1746 4499 πῶς

215 4503 292 4557 δι’
317 4502 529 4557 αὐτῶν
568 4502 676 4555 τοῦ
724 4519 784 4555 τε
822 4505 1002 4568 ἡλίου
1029 4505 1125 4557 καὶ
1166 4502 1457 4571 σελήνης,
1497 4505 1596 4558 καὶ
1640 4505 1745 4558 τσῦ

213 4575 542 4656 βισέξτου,
583 4573 650 4626 τὸ
669 4573 1066 4642 ἐνιστάμενον
1102 4573 1238 4639 ἔτος
1268 4576 1628 4642 εὑρίσκεται.

217 4690 320 4744 IZ'.
355 4689 689 4755 Ἀναγκαῖον
741 4687 796 4741 δὲ
837 4687 973 4758 πρὸς
1017 4689 1228 4752 τούτοις
1268 4688 1464 4741 εἰδέναι
1513 4687 1607 4742 καὶ
1656 4688 1748 4740 τὸν

145 4781 385 4852 ἀριθμὸν
430 4780 546 4832 τῶν
597 4779 704 4832 ἀπὸ
749 4779 918 4851 Ἀδὰμ
952 4780 1108 4832 ἐτῶν.
1147 4781 1297 4833 Εἰσὶν
1329 4777 1420 4834 οὖν
1468 4781 1606 4833 κατὰ
1648 4779 1748 4850 τὴν

146 4869 624 4942 ὲκκλησιαστικὴν
659 4868 838 4938 ψῆφόν
881 4886 940 4922 τε
979 4870 1073 4923 καὶ
1107 4869 1403 4942 παράδοσιν
1451 4869 1611 4940 μέχρι
1650 4869 1748 4939 τῆς

144 4964 462 5032 ἐνεστώσης
507 4960 568 5013 ιδ’
609 4959 972 5022 ίνδικτιῶνος,
1011 4959 1164 5023 ἔτους
1211 4960 1290 5012 λα’
1331 4960 1432 5030 τῆς
1473 4959 1749 5030 βασιλείας

155 5054 492 5126 Ἡρακλείου
536 5051 629 5104 τοῦ
676 5050 1068 5104 εὐσεϐεστάτου
1107 5051 1263 5122 ἡμῶν
1310 5051 1603 5121 βασιλέως,
1653 5049 1746 5121 έτη

145 5147 346 5218 ,ςρλγκ
416 5143 512 5214 Τῷ
547 5143 658 5211 γὰρ
690 5141 862 5195 ταῦτα
903 5142 1146 5214 μερίζειν
1172 5143 1266 5196 καὶ
1297 5142 1546 5195 ἀναλύειν
1585 5139 1748 5210 γινώ-

147 5258 346 5295 σκεται
393 5237 494 5291 τοῦ
526 5253 586 5288 τε
631 5235 808 5306 ἡλίου,
839 5235 935 5288 καὶ
973 5235 1074 5304 τῆς
1105 5235 1356 5306 σελήνης,
1395 5236 1488 5289 καὶ
1539 5232 1634 5287 τοῦ
1669 5233 1747 5303 βι-

146 5334 341 5400 σέξτου
392 5330 459 5382 τὸ
491 5327 846 5396 ἐνιστάμενον
886 5327 1036 5390 ἕτοςο
1083 5322 1192 5380 οἷον
1226 5327 1288 5378 τὸ
1339 5326 1436 5396 μὲν
1461 5325 1556 5378 τοῦ
1600 5325 1747 5398 ἡλίου

143 5428 262 5490 ἔτος
297 5423 392 5478 διὰ
435 5419 536 5474 τοῦ
587 5422 666 5482 εἰς
709 5427 792 5489 κη’
845 5418 1121 5491 μερίζεινο
1172 5420 1408 5472 τοσαῦτα
1451 5420 1578 5491 γὰρ,
1629 5437 1752 5473 του-

142 5518 330 5570 τέςτιν
371 5521 485 5584 κη’,
522 5510 594 5564 τά
637 5509 729 5562 τοῦ
774 5510 924 5580 ἡλίου
965 5511 1061 5580 ἕτη
1093 5509 1430 5579 καθέστηκεσ
1466 5511 1527 5563 τὸ
1564 5513 1619 5565 δὲ
1651 5511 1750 5576 τῆς

145 5608 385 5679 σελήνης
415 5607 540 5666 ἔτος
581 5601 670 5655 διὰ
699 5602 791 5655 τοῦ
847 5604 926 5666 εἰς
970 5602 1033 5654 ιθ¹
1087 5601 1268 5654 πάλιν.
1317 5602 1533 5673 Ἐπειδὴ
1568 5602 1659 5656 καὶ
1685 5602 1751 5654 τὰ

232 5727 279 5756 ⁷⁸
322 5723 452 5794 Leg.

143 5798 238 5853 ua".
266 5801 369 5857 ις’.
398 5789 464 5826 ’⁷⁸
497 5791 540 5851 f-
574 5789 674 5850 τῆς
710 5790 848 5851 κυρο

494 5718 890 5792 ηὗάεριινηκατὰ
925 5721 1094 5784 ποῖον,
1131 5718 1206 5772 uel
1256 5719 1318 5772 ἐκ
1373 5719 1523 5772 ποίου
1577 5720 1892 5792 Ῥωμαϊκοῦ
1935 5721 2126 5792 μηνός.

1839 3327 1950 3372 tam
2007 3318 2275 3372 decimam
2330 3328 2513 3374 autem
2570 3322 2625 3374 in
2683 3335 2828 3375 anno
2861 3319 3076 3374 decimo
3116 3325 3292 3374 sexto.
3353 3316 3416 3371 In

1839 3418 2033 3479 quarta
2061 3406 2274 3462 decima
2300 3407 2539 3478 putanda
2577 3407 2864 3462 nobiscum
2907 3407 2964 3461 in
3003 3407 3162 3460 annis
3199 3413 3420 3461 tantum

1840 3502 2081 3570 quinque
2122 3500 2492 3566 consentiunt,
2532 3499 2785 3554 videlicet
2832 3499 2890 3553 in
2937 3498 3115 3569 primo
3148 3497 3412 3567 ipsorum,

1842 3592 1934 3662 qui
1994 3591 2154 3648 nobis
2205 3601 2290 3647 est
2333 3601 2584 3662 quartus,
2641 3590 2908 3658 secundo,
2963 3590 3144 3654 tertio,
3193 3596 3416 3660 quarto,

1843 3683 2055 3740 decimo
2079 3691 2292 3739 octavo.
2319 3682 2418 3740 His
2447 3683 2865 3748 animadversis,
2896 3683 3111 3753 quoties
3141 3681 3195 3736 in
3232 3681 3423 3736 Domi-

1845 3774 2025 3829 nicam
2051 3783 2248 3846 quarta
2269 3775 2482 3830 decima
2511 3775 2672 3845 primi
2701 3773 2919 3830 Iudaici
2962 3775 3169 3830 mensis
3203 3772 3422 3840 incidit,

1848 3881 2079 3922 necesse
2110 3875 2197 3922 est
2240 3882 2531 3938 perperam
2577 3865 2719 3936 apud
2755 3868 2881 3922 illos
2915 3865 3288 3921 Christianum
3313 3861 3420 3918 Pa-

1846 3957 1978 4012 scha
2026 3956 2094 4012 ad
2140 3958 2436 4013 secundam
2473 3967 2527 4013 et
2574 3959 2918 4023 vicesimam,
2971 3965 3066 4011 aut
3103 3957 3418 4012 vicesimam

1844 4047 2061 4101 tertiam
2100 4046 2244 4102 diem
2286 4048 2494 4103 lunaris
2542 4047 2748 4102 mensis
2800 4047 3038 4111 extendi,
3096 4045 3255 4116 cujus
3295 4058 3423 4100 can-

1846 4149 1962 4192 sam
1992 4145 2116 4192 ante
2139 4136 2497 4193 reddidimus.
2527 4135 2802 4192 Hactenus
2831 4137 2898 4191 de
2925 4136 3170 4192 Paschali
3208 4150 3417 4200 mense,

1847 4229 2023 4298 deque
2066 4244 2274 4295 errore,
2327 4244 2490 4298 quem
2538 4228 2593 4281 in
2647 4237 2858 4298 quarta:
2886 4227 3112 4283 decimae
3141 4227 3423 4297 putatione

1849 4318 2204 4373 committunt
2227 4319 2321 4389 qui
2352 4320 2426 4373 ita
2457 4325 2792 4389 computant.

1853 4429 1929 4484 De
1982 4433 2137 4485 annis
2188 4429 2382 4484 Adami
2449 4440 2696 4498 quolnam
2747 4440 3016 4498 putentur,
3066 4438 3115 4483 et
3163 4426 3424 4498 quomodo

1919 4516 2010 4569 per
2027 4518 2128 4582 .eos
2161 4501 2310 4564 solis,
2355 4501 2516 4565 lunw,
2549 4517 2609 4553 ac
2641 4501 2829 4554 bisexti
2855 4516 3085 4568 prwsens
3127 4514 3298 4552 annus
3336 4498 3425 4552 in-

1923 4581 2086 4626 veniri
2113 4581 2290 4641 queat.

1923 4680 2086 4736 XVII.
2113 4680 2380 4736 Praeterea
2409 4695 2633 4737 necesse
2661 4689 2744 4736 est
2773 4681 2916 4736 scire
2944 4695 3228 4735 numerum
3255 4695 3427 4734 anno-

1851 4790 1994 4839 rum,
2013 4775 2104 4845 qui
2122 4774 2190 4829 ab
2205 4774 2412 4830 Adamo
2432 4781 2769 4844 repetuntur.
2789 4771 2956 4843 Igitur
2969 4788 3037 4827 ex
3053 4771 3428 4826 ecclesiastico

1853 4869 2085 4930 calculo,
2117 4882 2180 4922 ac
2202 4867 2498 4922 traditione
2523 4867 2588 4920 ad
2616 4873 2938 4937 praesentem
2965 4863 3230 4919 decimam
3259 4878 3425 4932 quar-

1856 4968 1966 5014 tam
2002 4961 2353 5015 indictionem
2383 4959 2511 5013 anni
2537 4975 2666 5014 xxxx
2697 4957 2908 5028 imperii
2934 4955 3169 5011 Heraclii
3198 4955 3427 5025 piissimi

1855 5053 2030 5108 nostri
2074 5052 2445 5123 imperatoris,
2491 5053 2620 5106 anni
2664 5061 2792 5106 sunt
2832 5067 2883 5106 Vl
2923 5053 3189 5104 ncxxxm.
3217 5047 3428 5114 Quibus

1855 5143 2049 5198 divisis
2080 5159 2143 5199 ac
2183 5144 2463 5208 resolutis,
2502 5159 2744 5213 praesens
2775 5158 2954 5197 annus
2986 5142 3141 5205 solis,
3175 5141 3334 5207 lunae,
3365 5153 3429 5195 ac

1856 5235 2056 5291 bisexti
2105 5237 2378 5306 reperitur
2419 5237 2657 5291 :etenim
2692 5236 2824 5292 solis
2853 5251 3030 5290 annus
3071 5232 3426 5295 obtinebitar,

1858 5327 1901 5379 si
1939 5342 2209 5381 summam
2261 5342 2356 5395 per
2411 5342 2580 5381 xxvm
2637 5329 2872 5396 partiare
2933 5346 2946 5382 :
3004 5325 3227 5380 totidem
3285 5322 3428 5378 enim

1859 5428 2008 5482 sunt,
2041 5417 2300 5472 nimirum
2335 5434 2503 5472 xxvm
2546 5420 2684 5491 cycli
2716 5419 2912 5474 solaris
2933 5419 3060 5473 anni
3090 5439 3101 5472 :
3127 5431 3304 5471 annus
3329 5415 3427 5468 ha-

1859 5511 2078 5566 bebitur
2117 5511 2278 5573 lunae,
2330 5514 2375 5564 si
2420 5525 2516 5580 per
2555 5526 2645 5564 xix
2695 5509 2966 5564 diviseris.
2999 5509 3132 5561 Nam
3181 5504 3426 5566 tetidem.

1863 5603 1939 5657 uti
1972 5603 2177 5657 dictum
2206 5613 2309 5666 est,
2359 5602 2505 5658 illius
2541 5602 2670 5655 anni
2711 5610 2858 5656 sunt.
2893 5600 2984 5655 Sic
3018 5614 3195 5652 annus
3228 5595 3426 5655 bisexti

2228 5722 2272 5754 "
2303 5717 2454 5774 Deest
2497 5717 2747 5780 rerbum._
2823 5716 3186 5776 ”~-Delcndum
3226 5712 3426 5769 videtur;
