3800 6364
164 327 298 384 1357

972 331 1029 392 S.
1068 332 1317 390 MAXIMI
1358 333 1723 393 MARTYBIS
1755 335 2137 396 COMPUTUS
2174 336 2612 396 ECCLESIAST.

3264 339 3408 402 l258.

174 443 455 516 Ἀπριλίου
476 445 574 508 τὰς
588 446 828 524 ἐπακτὰς
847 447 940 501 τοῦ
961 450 1186 504 εἰσιέναι
1201 451 1484 522 μέλλοντος
1514 453 1711 525 ἡλιακοε

1842 456 2034 526 quitur
2067 471 2108 522 ιο,
2140 470 2206 511 ex
2242 471 2352 524 qua
2395 455 2586 510 feriam
2618 458 3012 526 cognoscimus
3043 453 3409 514 Kalendarum

161 536 332 600 ἔτους,
364 536 534 605 ήγουν
571 537 663 590 τοῦ
701 537 938 610 πρώτου,
969 540 1060 594 τὸν
1092 542 1320 614 ἀριθμὸν
1347 543 1512 608 οὔσας
1539 545 1604 609 ζ’,
1643 547 1736 600 καὶ

158 630 215 680 ἐν
239 627 393 698 αὐτῷ
418 627 496 698 τῷ
527 627 726 700 πρώτῳ
755 629 863 682 ἔτει
889 631 982 684 τοῦ
1008 632 1157 704 ήλίου
1183 635 1730 708 καταγεγραμμένας.

158 716 340 782 Οὕτως
382 715 479 772 οὖν
506 719 603 784 τὰς
634 727 684 790 η’
713 720 1008 792 μερίζομεν
1043 726 1123 787 εἰς
1157 723 1200 788 ζ’
1221 742 1236 757 ο
1267 725 1358 778 καὶ
1385 727 1449 780 ἐκ
1473 727 1573 796 τῆς
1601 727 1734 780 ὐπο-

158 809 568 881 ἰιμπανομένης
617 813 743 882 μιᾶς
766 813 979 883 ἡμέρας
1015 814 1352 886 γινώσκομεν
1378 817 1475 888 τὴν
1509 817 1736 889 ἑϐδομα-

157 898 325 970 ῐικὴν,
361 900 440 963 ὼς
460 902 650 973 πρώτη
684 904 1022 976 καθέστηκεν
1047 908 1079 977 ή
1103 907 1294 978 πρώτη
1328 908 1422 961 τοῦ
1463 909 1739 981 Ἀπριλίου

151 989 341 1058 μηνὸς,
371 992 653 1046 τουτέστιν
685 994 813 1062 ἁγία
849 996 1100 1068 Κυριακή
1123 1013 1136 1027 ⁸
1172 999 1265 1050 καὶ
1291 999 1354 1050 ὲκ
1395 997 1599 1070 ταύτης
1627 1000 1738 1053 λοι-

127 1082 247 1181 μὲν
277 1084 360 1181 είς
407 1083 510 1181 τῂν
544 1085 802 1139 ἐπιοῦσαν
831 1088 994 1156 ἁγίαν
1031 1089 1433 1160 ὑπερτιθέμεθα
1457 1091 1738 1164 Κυριακὴν

149 1174 245 1244 τὴν
278 1176 380 1246 τῆς
429 1176 779 1241 ἀναστάσεως
816 1179 1011 1250 ἑορτήν
1035 1197 1050 1212 ο
1084 1181 1204 1250 ἥτις
1237 1187 1286 1252 η’
1319 1180 1413 1234 τοῦ
1459 1181 1735 1252 Ἀπριλίου

149 1266 435 1338 προδήλως
467 1270 634 1324 ἐστίν.
685 1271 900 1343 Ἐπειδὴ
926 1273 988 1326 τὸ
1023 1271 1307 1343 Ἐϐραῖκὸν
1348 1272 1559 1343 Πάσχα,
1592 1273 1734 1343 λέγω

148 1357 210 1427 δὴ
233 1357 334 1429 τὴν
359 1358 402 1410 δ’
445 1361 541 1413 καὶ
562 1368 592 1413 ι’
621 1361 716 1414 τοῦ
755 1361 1020 1431 φέγγους,
1040 1365 1211 1434 ήγουν.
1230 1364 1323 1420 τοῦ
1371 1363 1588 1434 πρώτου
1612 1361 1732 1416 καθ’

160 1447 450 1519 Ἐϐραίους
507 1451 710 1522 μηνὸς,
784 1453 1130 1525 ὑπερϐαίνειν
1193 1455 1455 1526 προσήκει
1515 1453 1732 1518 πάντως

148 1539 315 1607 ἡμᾶς,
351 1540 464 1594 εῐτε
497 1543 782 1613 Κυριακῆς
820 1544 1048 1612 φθάσει,
1084 1543 1219 1616 πρὸς
1243 1545 1342 1616 τὴν
1371 1544 1536 1615 ἀλλην
1568 1544 1730 1612 ἁγίαν

145 1630 440 1701 Κυριακὴν
473 1635 1051 1704 μεταϐαίνοντας,εί’τε
1067 1639 1345 1709 δευτέρας,
1378 1638 1488 1693 εἴτε
1517 1639 1726 1708 τρίτης,

1842 547 2138 617 Aprilium,
2163 563 2356 618 nempe
2388 545 2722 602 Dominicam
2752 565 2766 602 :
2795 561 2824 600 a
2867 563 2974 618 qua
3008 546 3060 600 in
3089 554 3406 617 sequentem

1844 639 2178 700 Dominicam
2267 639 2690 695 resurrectionis
2760 641 3005 697 solemne
3049 638 3408 703 diﬂ‘unditur,

1841 742 2012 801 quam
2056 729 2404 784 manifestum
2446 740 2530 785 est
2567 741 2814 785 octavam
2852 731 3052 800 Aprilis
3093 745 3215 786 esse
3242 728 3406 783 diem.

1844 818 1955 876 Nos
1984 821 2128 878 enim
2163 819 2371 876 Pascha
2405 819 2738 888 intimorum,
2770 822 2824 876 id
2855 829 2940 878 est
2971 839 3060 877 xlv
3088 824 3262 888 lunae,
3295 823 3412 877 si-ve

1844 908 2051 963 mensis
2076 908 2292 965 illorum
2324 910 2506 978 primi,
2536 925 2762 966 necesse
2791 921 2874 966 est
2895 913 3303 974 transcendere,
3343 927 3408 967 ac

1844 997 1890 1052 si
1927 997 1981 1052 in
2012 995 2352 1053 Dominicam
2409 997 2675 1066 incurrat,
2717 1001 2942 1054 alteram
2983 1000 3036 1054 in
3068 1000 3404 1056 Dominieam

1843 1085 2131 1144 transitum
2183 1087 2384 1150 facere,
2429 1087 2542 1143 sive
2599 1089 2654 1142 in
2705 1087 2896 1144 feriam
2944 1090 3260 1154 secundam,
3311 1099 3406 1144 aut

1842 1178 2081 1240 tertiam,
2123 1177 2177 1232 in
2205 1178 2449 1232 eamdem
2480 1179 2755 1235 tranferre
2785 1179 3141 1251 Dominicam.
3174 1181 3329 1248 Quod
3358 1183 3404 1236 si

1843 1268 2080 1332 Sabbato
2115 1286 2205 1324 xiv
2247 1271 2550 1341 contingat,
2590 1272 2853 1342 postridie
2888 1270 3096 1328 Pascha
3133 1273 3243 1340 ﬂet,
3275 1274 3402 1328 luna

1835 1379 1926 1429 xv,
1969 1363 2428 1434 quemadmodum
2479 1380 2603 1420 cum
2660 1382 2689 1420 a
2742 1363 3299 1435 Dominica'ﬂalteram
3346 1368 3402 1422 in

1833 1453 2170 1510 Dominicam
2215 1443 2554 1520 dill'unditur,
2581 1457 2707 1511 luna
2737 1473 2827 1511 xxi
2880 1457 3099 1512 accidit.
3143 1456 3301 1519 Nam,
3345 1466 3404 1510 ut

1827 1543 1942 1617 jam
1993 1546 2253 1609 diximus,
2294 1561 2414 1618 non
2469 1548 2609 1601 ultra
2653 1559 2907 1619 septenos
2946 1548 3062 1602 dies
3099 1563 3129 1602 a
3174 1545 3411 1609 Iudaico.

1836 1636 2105 1694 Paschate
2132 1637 2191 1693 iit
2221 1638 2529 1706 translatio,
2561 1639 2664 1694 hoc
2687 1649 2770 1695 cst
2794 1655 2824 1694 a
2854 1656 2944 1695 xuv
2973 1641 3120 1694 luna.

145 1729 225 1792 είς
258 1727 361 1800 τὴν
389 1729 562 1802 αὐτὴν
590 1731 790 1802 ὁμοίως
821 1735 1124 1806 Κυριακήν.
1164 1736 1228 1793 El
1259 1735 1314 1789 δὲ
1345 1735 1627 1806 Σαϐϐάτῳ,
1658 1737 1726 1806 τῇ
1767 1734 2046 1807 ἐπαύριον,
2080 1732 2622 1798 πεντεκαιδεκαταίας
2647 1733 2811 1805 οὖσης
2843 1734 2905 1788 τὸ
2962 1733 3259 1806 τηνικαῦτα
3304 1733 3411 1802 δηε⁴

144 1824 275 1897 labi)
315 1827 415 1896 τῆς
462 1826 713 1899 σελήνης.
743 1830 951 1901 Ὥσπερ
995 1825 1086 1884 οὖν
1116 1831 1352 1900 ὁπηνίκα
1380 1830 1542 1884 πάλιν
1581 1829 1690 1883 ἀπὸ
1725 1829 2013 1902 Κυριακῆς
2047 1831 2126 1892 εἰς
2155 1828 2252 1902 τὴν
2273 1827 2534 1882 ἐπιοῦσαν
2559 1830 2722 1899 ἁγίαν
2766 1829 3051 1900 Κυριακὴν,
3105 1827 3401 1900 ποιούμεθα

140 1916 240 1985 τήν
274 1917 593 1989 ὑπέρθεσιν,
624 1921 815 1974 εἰκάδα
846 1921 1068 1994 πρώτην
1103 1924 1352 1994 ἐχούσης.
1388 1925 1479 1987 Ὡς
1498 1923 1606 1994 γὰρ
1629 1924 1730 1995 ήδη
1766 1923 2034 1987 λέλεκται,
2079 1923 2242 1994 μέχρι
2281 1922 2438 1994 μόνον
2463 1924 2506 1987 ξ’
2532 1923 2757 1996 ἡμερῶν
2785 1921 3081 1993 ποιούμεθα
3133 1921 3229 1994 τὴν
3293 1919 3402 1973 ἀπδ

139 2007 235 2060 τοῦ
286 2008 581 2080 Ἐϐραῖκοῦ
615 2011 805 2083 Πάσχα
855 2014 1182 2084 μετάϐασιν·
1216 2017 1383 2086 ἤγουν
1433 2016 1531 2086 τῆς
1564 2015 1605 2067 δ’
1658 2015 1757 2068 καὶ
1795 2021 1828 2068 ι’
1883 2011 1976 2068 τοῦ
2027 2013 2295 2083 φέγγους·
2338 2005 2650 2087 ¹περαιτέρω
2685 2015 2743 2068 δὲ
2779 2013 3045 2088 οὐδαμῶς.
3081 2013 3190 2066 Καὶ
3232 2009 3399 2066 ταῦτα

142 2101 249 2170 μὲν.
273 2104 400 2174 περὶ
437 2102 532 2155 τοῦ
564 2104 780 2174 Πάσχα.

138 2218 279 2287 Περὶ
325 2219 439 2289 τῆς
480 2227 513 2272 ι’
557 2220 662 2274 τοῦ
698 2221 949 2291 ἑϐδόμου
992 2223 1203 2292 μηνὸς,
1253 2223 1378 2289 πῶς
1416 2223 1512 2277 καὶ
1564 2222 1711 2288 αὕτη

1831 2217 1901 2273 De
1929 2211 2375 2286 septimijmensis
2419 2214 2502 2268 die
2530 2231 2586 2292 κ,
2614 2215 2872 2284 quomodo
2911 2217 3070 2270 etiam
3100 2219 3217 2289 ipsa
3259 2235 3403 2290 νέρθε

667 2293 1197 2362 καταλαμϐάνεται.

208 2405 292 2458 K'.
328 2405 393 2457 Εί
429 2404 487 2458 δὲ
509 2406 607 2475 τὴν
639 2413 670 2459 ι’
690 2405 783 2458 τοῦ
814 2406 934 2459 καθ’
975 2406 1255 2478 Ἑϐραίους
1287 2406 1514 2477 ἑϐδόμου
1550 2405 1717 2476 μηνὸς

134 2495 338 2563 γνῶναι
365 2494 615 2565 θελήσειέ
657 2514 761 2560 τις,
805 2498 864 2551 ὲν
902 2496 980 2568 τῷ
1005 2497 1326 2568 δεξιωτέρῳ,
1350 2495 1595 2550 τουτέστι
1637 2493 1716 2564 τῷ

138 2587 277 2660 μετὰ
301 2589 363 2641 τὸ
387 2589 581 2660 Πάσχα
603 2589 1063 2661 διαγεγραμμένῳ
1083 2588 1332 2658 κανονίῳ,
1367 2587 1456 2642 τὸν
1485 2586 1718 2659 πλησιάο

133 2677 294 2744 ζοντα
325 2680 406 2754 τῷ
438 2680 588 2752 αὐτῷ
608 2681 705 2753 τῆς
740 2681 968 2752 σελήνης
1008 2687 1048 2734 ε’
1070 2683 1164 2736 καὶ
1197 2690 1228 2735 ι’
1261 2681 1371 2734 Erat
1412 2678 1716 2752 Ῥωμαϊκὸν

135 2772 284 2847 μῆνα
313 2771 589 2826 σκοπείτω
623 2773 788 2843 (λέγω
817 2773 876 2826 δὲ
902 2775 991 2829 τὸν
1019 2773 1410 2847 Σεπτέμϐριον)
1430 2788 1444 2802 ⁸
1480 2773 1574 2825 καὶ
1616 2772 1717 2844 τὴν

131 2861 549 2935 παρακειμένην
577 2865 741 2918 αὐτοῦ
773 2867 1037 2920 ποσταίαν
1067 2865 1285 2938 κρατῶν
1326 2870 1411 2919 κα’
1439 2864 1716 2937 ὑπάρχου-

133 2966 253 3015 σαν,
274 2950 546 3020 γνώσεται
580 2955 698 3024 μὲν,
726 2954 800 3019 ὡς
829 2957 950 3009 κατ’
976 2956 1144 3028 αὑτήν
1175 2958 1322 3010 ἐστιν
1353 2955 1460 3020 ἀεὶ,
1489 2955 1629 3009 κατὰ
1652 2955 1717 3008 τὸ

130 3041 265 3094 αὐτὸ
323 3051 388 3096 ει¹
437 3044 536 3116 τῆς
596 3046 823 3118 σελήνης
879 3047 1020 3112 ἔτος,
1072 3051 1104 3118 ή
1153 3056 1183 3100 ι’
1227 3049 1321 3102 τοῦ
1380 3047 1543 3101 αὑτοῦ
1592 3046 1716 3100 καθ’

140 3132 423 3206 Ἐϐραίους
450 3135 638 3208 μηνός.
664 3138 726 3190 Ei
749 3138 806 3191 δὲ
828 3140 920 3192 καὶ
941 3139 1038 3210 τὴν
1058 3139 1410 3211 έϐδομαδικὴν
1429 3139 1713 3210 βουληθείη

133 3225 327 3296 μαθεῖν
361 3228 600 3298 ἡμέραν,
636 3233 700 3301 τῇ
731 3232 868 3302 αὐτῇ
894 3232 988 3286 τοῦ
1023 3232 1394 3304 Σεπτεμϐρίου
1428 3233 1594 3304 μηνὸς
1618 3251 1718 3287 πο-

132 3317 313 3389 σταία,
349 3317 497 3387 λέγω
533 3319 591 3372 δὲ
618 3324 683 3391 τῇ
721 3321 897 3376 είκάδι
937 3326 1149 3397 πρώτῃ,
1178 3323 1275 3388 τὰς
1304 3322 1716 3394 παρακειμένας

129 3406 236 3459 ἀπὸ
271 3407 506 3479 σηρικοῧ
549 3409 856 3481 προσθετὰς
895 3412 1110 3484 ἡμέρας
1137 3411 1405 3474 ἐπιϐάλοι,
1442 3410 1580 3482 μετὰ
1621 3413 1716 3465 καὶ

126 3497 234 3550 τῶν
258 3499 520 3552 ὲπακτῶν
541 3499 636 3553 τοῦ
663 3502 956 3566 ἐνεστῶτος
988 3503 1139 3575 ήλίου
1168 3503 1320 3569 ἔτους
1339 3520 1354 3535 ο
1384 3497 1493 3557 οἷον
1518 3504 1594 3568 ὡς
1620 3505 1715 3558 ἐπὶ

2514 2285 2711 2342 riatur.

1889 2396 2008 2451 XX.
2047 2397 2109 2451 Si
2153 2397 2370 2466 septimi
2417 2397 2624 2452 mensis
2668 2395 2882 2456 Judaici
2929 2397 3199 2454 decimum
3257 2401 3398 2458 diem

1818 2503 1984 2544 nosse
2009 2481 2228 2544 studeat
2269 2488 2488 2562 aliquis,
2521 2489 2578 2542 in
2615 2489 2922 2558 dexteriore
2955 2491 3184 2547 canonis
3224 2501 3397 2563 parte,

1817 2599 1939 2656 quae
1991 2581 2279 2638 Pascliatis
2326 2581 2580 2637 versibus
2623 2583 2869 2652 proxima
2918 2591 3040 2647 est,
3087 2583 3399 2656 inquiratur,

1819 2675 2026 2730 mensis
2056 2673 2338 2729 Romanus
2368 2688 2512 2728 anno
2536 2673 2677 2730 lunae
2706 2674 2898 2745 quinto
2932 2674 3144 2732 decimo
3170 2692 3410 2748 ιἐεροητι

1817 2765 1954 2822 dens
1989 2767 2058 2826 (is
2088 2776 2172 2821 est
2223 2763 2590 2835 September),
2624 2781 2732 2820 una
2767 2781 2890 2828 cum
2926 2775 3102 2838 quota
3132 2767 3241 2834 die,
3277 2786 3398 2841 qum

1816 2866 1901 2914 est
1945 2874 2036 2913 xxi
2082 2858 2338 2914 :noverit
2383 2873 2514 2930 ergo
2555 2865 2820 2930 perpetuo
2867 2875 3013 2914 anno
3056 2859 3200 2916 lunae
3230 2879 3298 2917 xv
3341 2863 3395 2917 in

1816 2950 2064 3010 eamdem
2094 2949 2236 3006 diem
2259 2949 2502 3006 incidere
2529 2950 2797 3006 decimam
2827 2951 2970 3008 diem
3001 2951 3212 3008 Judaici
3244 2971 3396 3010 men-

1818 3047 1918 3102 sis.
1948 3041 2103 3109 Quod
2141 3041 2187 3097 si
2224 3037 2412 3098 l‘eriam
2445 3037 2705 3114 praeterea
2740 3044 3007 3114 requirit,
3046 3045 3111 3100 ad
3156 3062 3248 3100 xxi
3294 3045 3397 3101 Se-

1816 3133 2080 3206 ptembris
2122 3133 2398 3204 regulares
2447 3132 2738 3197 addantur,
2789 3134 2881 3204 qui
2916 3134 3094 3190 serico
3140 3135 3207 3190 ad
3242 3137 3394 3190 illm

1817 3227 1960 3282 diem
2009 3225 2407 3288 ascribuntur,‘
2439 3239 2550 3279 una
2590 3239 2714 3279 cum
2755 3226 2965 3296 epactis
3008 3229 3134 3282 anni
3176 3229 3392 3290 solaris,

1817 3334 1938 3389 quae
1965 3325 2094 3375 sunt
2141 3327 2372 3389 septem.
2408 3316 2688 3372 Summam
2733 3318 2945 3374 dierum
2989 3337 3160 3375 xxxiv
3189 3320 3398 3383 dividat

1817 3427 1915 3484 per
1944 3426 2044 3476 vn,
2081 3410 2462 3481 relinquentur
2493 3427 2568 3475 νι,
2601 3425 2723 3480 quae
2756 3410 3001 3466 indicant
3040 3411 3230 3467 feriam
3271 3426 3406 3466 esse.

1818 3517 1894 3567 Vl,
1939 3502 2055 3557 sive
2092 3500 2458 3556 Parasceven.
2504 3499 2710 3555 Eadem
2752 3501 3040 3557 methodus
3086 3501 3392 3556 adhibenda

127 3587 218 3641 τοῦ
241 3589 465 3664 πρώτου
492 3589 645 3654 ἔτους
669 3592 767 3656 τὰς
792 3592 836 3658 ξ’
862 3569 1105 3665 ἡμέραςτ
1136 3595 1230 3650 καὶ
1251 3594 1393 3648 οὕτω
1432 3593 1531 3658 τὰς
1561 3594 1711 3660 ὅλας,

1831 3593 1980 3648 annis
2012 3592 2298 3657 omnibus,
2351 3608 2473 3662 qum
2519 3592 2572 3646 in
2605 3592 2805 3659 dextra
2841 3602 2994 3665 parte
3037 3596 3263 3651 canonis
3298 3608 3392 3648 oc-

127 3681 292 3750 ἤγουν
320 3683 424 3746 τὰς
460 3683 557 3748 λδ¹,
591 3687 670 3749 είς
707 3687 802 3750 τὰς
833 3687 876 3751 ζ’
913 3689 1146 3761 μερίσει,
1187 3689 1281 3742 καὶ
1326 3689 1390 3742 ἐκ
1441 3689 1548 3742 τῶν
1575 3688 1711 3740 ὕπο-

1831 3690 2050 3739 currunt
2084 3701 2098 3739 :
2133 3683 2247 3739 sive
2278 3683 2716 3756 quis‘xlv‘primi.
2747 3684 2952 3740 mensis
2986 3683 3196 3739 Iudaici
3230 3699 3394 3742 nosse

125 3771 545 3846 λιμπανομένων
593 3776 652 3841 ἓξ
695 3778 982 3852 ἰσάριθμον
1027 3781 1231 3835 εἴσεται
1282 3783 1500 3840 πάντως
1543 3775 1711 3834 οὖσαν

1831 3779 1989 3841 velit,
2025 3777 2140 3833 sive
2169 3794 2200 3832 x
2247 3778 2454 3833 mensis
2488 3777 2742 3848 septimi.
2778 3777 2930 3834 lianc
2970 3793 3134 3848 porro
3177 3777 3391 3848 septimi

123 3865 220 3936 τὴν
250 3866 634 3939 ἐϐδομαδικὴν,
669 3872 914 3925 τουτέστι
949 3874 1327 3946 Παρασκευήν.
1353 3873 1513 3926 Κατὰ
1536 3870 1708 3925 ταῦτα

1831 3868 2023 3925 mensis
2055 3885 2090 3923 x
2121 3868 2270 3924 diem
2303 3876 2578 3947 nontam,
2612 3851 2756 3939 quod
2801 3871 2856 3924 in
2887 3885 2949 3926 ea
2993 3871 3235 3928 solemne
3265 3885 3391 3940 ρει-η

121 3955 175 4010 δὲ
206 3961 476 4031 χρήσεταί
513 3979 598 4025 τις
643 3964 736 4017 καὶ
766 3965 850 4034 ἐφ’
887 3966 1103 4038 ἑκάστῳ
1145 3967 1254 4020 ἔτει
1280 3966 1388 4021 τῶν
1414 3967 1480 4021 ὲκ
1515 3965 1704 4030 δεξιῶν

1831 3973 2044 4029 igamus
2082 3959 2252 4015 ullum
2290 3959 2770 4032 (non‘enim‘ullo
2802 3959 2962 4015 modo
3008 3960 3310 4016 celebratur
3360 3975 3390 4014 a

123 4052 475 4122 τεταγμένων
526 4053 621 4106 τοῦ
668 4057 944 4110 κανονίου·
995 4058 1317 4129 βουλόμενος
1360 4057 1552 4129 μαθεῖν
1595 4056 1705 4110 εἴτε

1831 4050 2014 4120 nobis),
2044 4065 2206 4120 quam
2251 4058 2310 4104 ut
2339 4065 2528 4129 eorum
2565 4051 2747 4106 studio
2789 4047 3253 4117 satisfaceremus;
3295 4054 3390 4124 qui

119 4141 215 4212 τῂν
243 4144 289 4196 δ’
315 4146 414 4200 καὶ
450 4152 481 4198 ι’
516 4147 613 4199 τοῦ
652 4148 774 4200 καθ’
818 4148 1100 4220 Ἐϐραίους
1126 4148 1344 4221 πρώτου
1381 4148 1566 4219 μηνὸς,
1597 4147 1706 4201 εἴτε

1831 4145 1948 4200 iihil
2010 4145 2264 4213 ignorare
2315 4146 2546 4213 volunt,
2592 4145 3006 4199 describendam
3055 4147 3387 4216 putavimus.

118 4234 214 4303 τὴν
245 4233 341 4288 τοῦ
375 4235 606 4306 ἑϐδόμου
640 4237 892 4309 δεκάτην,
923 4241 1110 4310 ἥντινα
1143 4249 1171 4293 ι’
1199 4239 1293 4294 τοῦ
1325 4239 1552 4309 ἑϐδόμου
1597 4256 1703 4309 μη-

1814 4233 2094 4290 Hactenus
2119 4235 2186 4289 de
2213 4233 2406 4288 dextra
2439 4234 2667 4288 canonis
2693 4243 2868 4302 parte.

117 4324 202 4390 νρς
227 4327 290 4378 οὐ
315 4325 540 4397 τελετῆς
564 4328 760 4398 μᾶλλον
786 4331 867 4393 εἱς
890 4331 1056 4402 αὐτὴν
1081 4333 1375 4404 γινομένης
1399 4335 1532 4404 ἡμῖν
1560 4332 1701 4402 (οὐδὲ
1738 4327 1850 4400 γὰρ
1881 4325 2114 4380 τελεῖται
2168 4325 2228 4378 τὸ
2276 4323 2514 4395 σύνολον)
2563 4324 2956 4397 διεγράψαμεν,
3013 4324 3046 4397 ἢ
3079 4325 3187 4379 τῶν
3239 4324 3389 4381 cii-Cu

115 4416 330 4482 ἀγνοεῖν
353 4416 618 4471 θελόντων
648 4419 807 4491 χάριν
836 4422 1212 4494 φιλομαθείας.
1237 4425 1422 4479 Ταῦτα
1451 4425 1546 4478 καὶ
1573 4423 1702 4494 περὶ
1738 4420 1848 4475 τῶν
1873 4421 1938 4473 ὲκ
1958 4417 2145 4484 δεξιῶν
2174 4415 2266 4471 τοῦ
2296 4417 2543 4473 κανονίου
2573 4417 2860 4488 κειμένων.

114 4532 270 4612 Περὶ
301 4533 415 4601 τῆς
440 4533 598 4612 ,τῶνι
633 4537 816 4606 ἁγίων
870 4541 1174 4612 νηστειῶν
1224 4541 1697 4611 παρεισδύσεως,

1831 4536 1881 4592 De
1909 4535 2131 4591 introitu
2165 4542 2469 4612 sanctorum
2483 4532 2829 4612 jejuniorum,
2859 4548 2963 4612 qua
2996 4531 3199 4587 ratione
3229 4542 3384 4603 quot-

183 4603 312 4669 πῶς
354 4603 455 4657 καὶ
493 4603 718 4672 ταύτην
745 4609 892 4663 κατὰ
931 4603 1053 4665 πᾶν
1075 4613 1210 4679 ἔτος
1237 4603 1627 4683 γιὶθώσκομεν.

178 4713 314 4770 KA'.
352 4719 419 4770 Εί
465 4718 523 4771 δὲ
559 4721 653 4773 καὶ
699 4721 797 4792 τὴν
842 4723 1200 4795 παρείσϐασιν
1245 4727 1349 4780 τῶν
1390 4727 1560 4796 ἁγίων
1605 4745 1701 4799 νη-

113 4807 304 4862 στειῶν
325 4809 529 4863 εἰδέναι
556 4810 802 4882 θελήσειέ
830 4831 933 4878 τις,
959 4818 1023 4870 ὲκ
1053 4817 1149 4888 τῆς
1179 4818 1238 4883 ἐξ
1263 4820 1557 4891 εὐωνύμων
1585 4820 1702 4873 δια-

111 4899 329 4968 γραφῆς
354 4898 418 4951 τὸ
449 4899 590 4953 κατὰ
622 4900 911 4974 διάμετρον
936 4905 1028 4957 τοῦ
1055 4913 1119 4958 ει⁹
1147 4909 1244 4977 τῆς
1274 4908 1502 4980 σελήνης
1526 4909 1698 4973 ἔτους,

108 4989 197 5042 τοῦ
226 4989 379 5053 ὄντος
399 4991 464 5044 ἐκ
484 4990 674 5056 δεξιῶν
692 5034 707 5057 ,
729 4998 990 5067 σκοπήσει
1009 4997 1076 5050 δι’
1101 4999 1384 5070 ἀκριϐείας
1407 5000 1467 5065 ἐξ
1485 4984 1700 5070 ἀριστε-

109 5080 216 5148 ρῶν
245 5079 306 5132 τὸ
338 5079 406 5133 δι’
419 5081 519 5150 τῆς
536 5081 766 5154 σελήνης
786 5084 903 5148 ἔτος
942 5087 1435 5160 διαγεγραμμένον.
1459 5092 1699 5161 Εἴπομεν

107 5169 232 5238 γὰρ,
251 5169 327 5232 ὡς
349 5167 495 5221 τέλει
514 5170 559 5200 ’⁷
582 5170 674 5223 τοῦ
700 5172 990 5237 ἐνεστῶτος
1009 5175 1160 5238 ἔτους
1184 5179 1215 5246 ή
1237 5176 1595 5247 παρείσϐασις
1618 5192 1700 5228 τε·

105 5257 269 5311 λεῖται
301 5259 412 5312 τῶν
443 5261 614 5328 ἁγίων
660 5263 941 5332 νηστειῶν.
982 5267 1264 5338 Εὑρίσκων
1291 5263 1384 5320 οὖν
1416 5268 1476 5320 τὸ
1501 5267 1632 5322 αὐτὸ
1657 5268 1698 5321 δ’

105 5349 190 5399 καὶ
223 5348 254 5400 ι’
275 5349 378 5417 τῆς
411 5349 643 5421 σελήνης
675 5351 812 5415 ἔτος,
843 5354 936 5407 τὸν
959 5356 1361 5426 παρακείμενον
1395 5357 1697 5428 Ῥωμαϊκὸν

107 5440 244 5509 μῆνα
275 5443 570 5512 σκοπήσει,
597 5443 839 5498 τουτέστι
867 5445 959 5499 τὸν
985 5448 1368 5519 Φεϐρουάριον,
1394 5452 1488 5503 καὶ
1504 5451 1690 5504 τούτου

104 5527 192 5599 τὴν
233 5533 508 5586 ποσταῐαν
547 5531 838 5603 λαμϐάνων
880 5537 1104 5607 πλησίον
1137 5541 1298 5593 αὐτοῦ
1332 5543 1686 5613 τεταγμένην,

155 5688 206 5752 ,τ’
239 5689 276 5743 Γ.
311 5692 371 5742 ὲν
405 5688 569 5743 τέλει.

2252 4603 2405 4657 annis
2430 4601 2820 4672 investigandas
2849 4602 2941 4657 sit.

1879 4717 2020 4773 XXI.
2061 4715 2164 4782 Qui
2195 4721 2510 4770 sanctorum
2531 4715 2866 4785 jejuniorum
2891 4716 3172 4770 introitum
3196 4719 3386 4788 explo-

1807 4825 1932 4867 rare
1977 4809 2244 4873 voluerit,
2277 4815 2488 4878 quazrat
2526 4807 2805 4864 sinistram
2847 4807 3075 4863 canonis
3104 4807 3383 4870 tabellam.

1811 4901 1866 4955 in
1897 4915 2071 4972 eaque
2109 4913 2178 4954 ex
2209 4900 2440 4955 adverso
2467 4898 2679 4954 lunaris
2699 4899 2826 4955 anni
2855 4916 2945 4968 xv,
2972 4899 3064 4972 qui
3098 4900 3152 4955 in
3193 4901 3383 4956 dextra

1807 5002 1960 5062 parte
1999 5000 2250 5063 repertus
2285 4998 2387 5056 est,
2428 4999 2682 5047 accurate
2725 4991 2959 5063 vestiget
2993 5007 3196 5048 annum
3242 4993 3385 5048 luna:

1808 5105 1917 5142 xiv.
1941 5087 2060 5141 1am
2085 5087 2230 5141 enim
2254 5086 2641 5143 admonuimus
2667 5087 2720 5141 in
2747 5086 2907 5142 linem
2938 5087 3222 5158 praesentis
3251 5088 3382 5142 anni

1808 5185 2127 5234 sanctorum
2155 5176 2491 5246 jejuniorum
2541 5177 2829 5232 introitum
2879 5178 3112 5247 cadere;
3161 5180 3383 5236 invento

1806 5283 1949 5323 anno
1982 5285 2075 5322 xiv
2116 5269 2276 5331 luna}.
2320 5267 2659 5338 adjacentem
2698 5269 2747 5325 ei
2795 5269 3102 5325 Romanum
3139 5285 3380 5326 mensem

1811 5360 2088 5420 observet,
2121 5373 2316 5428 nempe
2349 5357 2748 5415 Februarium:
2787 5359 2947 5429 cujus
2977 5367 3203 5431 quotum
3235 5360 3377 5415 diem

1807 5450 2101 5518 ascriptum
2149 5455 2322 5514 notet,
2357 5459 2435 5504 tv.
2483 5447 2563 5503 Ad
2606 5449 2754 5506 hunc
2802 5452 3082 5522 regulares
3133 5451 3296 5506 addat
3328 5467 3379 5504 Iv

1801 5541 1978 5596 serico
2025 5541 2259 5610 scriptos
2310 5556 2433 5596 cum
2476 5541 2820 5613 insequentis
2861 5545 2991 5598 anni
3039 5541 3199 5614 primi
3245 5541 3378 5608 solis
