3800 6316
111 315 231 371 HI!

921 317 978 372 S.
1019 313 1268 371 MAXIM!
1309 309 1670 372 MARTYRIS
1707 315 2086 374 COMPUTL'S
2125 321 2563 378 ECCLESIAST.

3209 329 3346 384 1242

107 452 186 485 τον
221 432 318 485 ἐὰν
349 432 672 507 συμφθάσῃ,
709 434 963 505 Κυριακὴ
1001 430 1281 506 προδήλως
1319 433 1377 487 ἓν
1400 430 1477 506 τῷ
1513 429 1671 505 δεξιῷ

1790 451 1891 492 :am
1925 437 1980 494 in
2011 439 2201 495 dextro
2223 458 2464 510 canone;
2497 444 2585 498 hic
2604 459 2676 497 vn
2708 443 3008 515 transgredi
3033 442 3146 500 dies
3180 461 3348 514 opor-

106 522 324 594 κανονίῳ
357 523 672 596 ψηφίζεται.
708 522 772 578 Ἦ
803 527 913 598 γὰρ
939 527 1220 599 προσθήκη
1249 527 1345 598 τῆς
1371 521 1462 580 τοῦ
1495 526 1675 597 βισέξ-

107 634 189 668 του
221 616 460 687 ⁴ἡμέρας,
497 615 594 687 τὴν
620 617 718 686 τῆς
755 619 884 688 μιᾶς
919 617 1182 670 ὑπόϐασιν
1210 620 1268 670 ὲν
1304 617 1383 688 τῷ
1411 618 1674 688 εὐωνύμῳ

108 711 256 761 ποιεῖ.
308 710 404 760 Δεῖ
449 705 544 761 οὖν
594 709 828 778 ὁπηνίκα
883 707 972 762 διὰ
1017 709 1077 762 τὸ
1105 707 1366 778 ’βίσεξτον
1415 708 1674 780 Σαϐϐάτῳ

108 800 402 852 πίπτουσαν
449 799 650 868 ίδοιμεν
677 801 776 869 τήν
819 814 878 852 τε
909 797 1002 852 τοῦ
1045 800 1396 867 Ἰανουαρίου,
1437 800 1532 853 καὶ
1574 801 1674 852 Φε-

105 891 388 963 ϐρουαρίου
427 892 593 962 μηνὸς
633 891 916 955 ποσταίαν,
960 893 1016 945 ὲν
1062 891 1209 961 αὑτῷ
1245 891 1322 962 τῷ
1367 890 1666 961 εὐωνύμῳο

108 984 382 1054 Κυριακῆς
405 983 462 1034 δὲ
503 982 602 1053 τὴν
641 981 735 1035 τοῦ
776 983 1021 1054 Μαρτίου
1050 983 1144 1036 καὶ
1186 981 1461 1053 Ἀπριλίου
1504 983 1670 1053 μηνὸς

105 1077 158 1126 ὲν
181 1075 255 1143 τῷ
286 1072 449 1143 δεξιῷ
488 1073 716 1144 κανονίῳ
736 1091 750 1104 ’
794 1076 852 1126 ὲν
877 1074 1050 1144 τούτῳ
1079 1075 1180 1145 μὲν
1205 1074 1305 1137 τὰς
1333 1073 1377 1136 ζ’
1408 1073 1668 1143 μεταϐαί-

104 1185 204 1219 νειν
229 1166 474 1238 ἡμέρας·
507 1166 582 1230 ὡς
605 1167 712 1219 ἀπὸ
732 1167 990 1238 δευτέρας
1021 1168 1102 1230 είς
1131 1164 1412 1236 Κυριακην
1434 1164 1668 1235 φερομέ-

1781 537 1877 592 tet,
1929 531 2183 585 nimirum
2228 547 2259 586 a
2306 535 2545 588 secunda
2576 533 2708 590 feria
2743 535 2798 588 in
2829 533 3204 602 Duminicam;
3237 535 3348 589 illic

1779 634 1897 684 vnt,
1936 635 1966 675 a
2014 620 2295 676 Dominica
2343 623 2396 678 in
2437 624 2660 678 alteram
2707 612 3175 679 Doniinicam.‘Ut
3227 634 3351 692 post

1779 717 1904 764 octo
1950 711 2067 767 dies
2110 713 2368 768 introitus
2401 713 2597 769 festum
2628 721 2818 770 exacta
2852 715 3064 768 ratione
3107 712 3351 768 Domini-

1777 815 1898 855 cam
1925 803 2175 872 attingat.
2208 802 2321 858 Hoc
2353 805 2497 858 enim
2528 803 2688 859 modo
2717 805 2881 859 distat
2929 803 3140 858 sinistri
3183 817 3349 858 cano-

1777 891 1863 948 nis
1882 894 2168 950 translatio
2193 894 2260 948 ab
2287 894 2375 948 illa
2395 895 2572 950 dextri
2609 913 2622 949 :
2656 897 2798 964 quod
2828 896 2978 966 prior
3006 894 3073 947 ad
3098 901 3346 948 octavum

1776 997 1951 1050 usque
1996 983 2136 1038 diem
2181 995 2400 1054 propter
2444 985 2748 1040 bisextilem
2799 985 2944 1039 diem
2986 983 3296 1039 extenditur
3331 1001 3345 1036 :

1775 1072 1948 1127 dextri
1977 1090 2104 1129 vero
2135 1077 2362 1132 canonis
2404 1093 2473 1132 vn
2509 1093 2616 1131 non
2641 1077 2874 1140 excedit,
2905 1075 2998 1131 sed
3026 1090 3093 1130 eo
3121 1087 3349 1130 numero

1775 1163 2264 1222 circumscribitur.
2315 1167 2441 1224 Haec
2487 1169 2555 1224 de
2604 1168 2857 1223 cautione
2897 1166 3165 1222 bisextilis
3197 1164 3346 1220 anni.

105 1275 246 1320 νους·
276 1260 335 1309 ἐν
386 1259 580 1328 ἐκείνῳ
605 1258 661 1310 δὲ
701 1257 802 1321 τὰς
841 1265 890 1328 η’
935 1257 1290 1328 μεθίστασθαι
1329 1256 1566 1318 πάντως,
1604 1253 1679 1318 ὡς
1716 1255 1822 1308 ἀπὸ
1854 1257 2134 1329 Κυριακῆς
2155 1261 2232 1323 είς
2261 1260 2542 1332 Κυριακὴν
2569 1260 2896 1332 ἀγομένους
2935 1258 3021 1313 ἵνα
3061 1256 3200 1329 μετὰ
3251 1255 3352 1318 τὰς

106 1358 149 1421 η’
169 1350 507 1422 διακριϐωθῃ
542 1351 662 1405 κατ’
691 1352 903 1422 εκείνην
929 1351 1028 1422 τὴν
1066 1351 1350 1422 Κυριακὴν
1392 1348 1682 1418 ὁριζομένη
1723 1349 1948 1412 δεόντως
1969 1353 2002 1421 ή
2025 1352 2121 1421 τῆς
2147 1355 2558 1424 παρεισϐάσεως
2585 1355 2765 1426 ἑορτή.
2791 1352 2948 1406 Κατὰ
3005 1349 3193 1404 τοῦτον
3240 1349 3351 1420 γὰρ

104 1444 186 1497 τὸν
212 1446 416 1516 τρόπον
456 1447 489 1514 ἡ
521 1445 577 1497 ὲν
609 1442 686 1513 τῷ
718 1442 980 1513 εὐωνύμῳ
1027 1441 1314 1512 μετάθεσις
1364 1437 1730 1510 παραλλάττει
1764 1441 1899 1510 πρὸς
1955 1441 2053 1510 τὴν
2113 1444 2173 1494 έν
2210 1443 2287 1513 τῷ
2336 1443 2494 1514 δεξιῷ
2532 1443 2822 1515 γινομένην
2863 1443 3189 1514 μετάστασιν
3222 1456 3236 1471 ο
3268 1441 3352 1493 ὅτι

105 1537 191 1588 καὶ
219 1537 414 1606 μέχρις
439 1535 629 1605 ὀγδόης
659 1534 868 1604 ἡμέρας
895 1535 1192 1587 ἐκτείνεται
1222 1532 1310 1586 διὰ
1333 1532 1392 1584 τὲ
1421 1530 1682 1602 βίσεξτον,
1734 1531 1837 1600 τῆς
1886 1533 1943 1584 έν
1991 1533 2067 1603 τῷ
2114 1535 2274 1605 δεξιῷ
2309 1535 2573 1607 μηδαμῶς
2599 1537 2698 1600 τὰς
2751 1538 2794 1600 ζ’
2826 1533 3195 1606 διερχομένης,
3236 1533 3351 1586 ἀλλ’

104 1628 202 1692 1-»;
248 1628 432 1681 αὐτῶν
471 1628 565 1681 καὶ
602 1629 759 1697 μόνον
793 1623 1136 1698 ὁριζομένης.
1186 1625 1370 1678 Ταῦτα
1407 1624 1502 1678 καὶ
1548 1624 1679 1695 περὶ
1703 1624 1803 1694 τῆς
1833 1625 1976 1678 κατὰ
2001 1627 2062 1680 τὸ
2090 1627 2332 1698 βίσεξτον
2353 1630 2674 1702 ὀφειλούσης
2731 1629 2983 1699 γενέσθαι
3042 1625 3354 1698 παρατηρή-

107 1736 256 1784 eam.

105 1834 234 1903 Περὶ
263 1830 388 1903 τῶν
415 1823 688 1903 ἐπακτῶις
723 1825 832 1903 τ’οῆ
872 1828 1051 1903 ἡλίου
1075 1846 1090 1859 σ
1137 1828 1297 1893 τινες
1339 1821 1512 1903 αὗται
1540 1841 1679 1894 τυγ-

1867 1821 1942 1876 De
1974 1827 2171 1892 epactis
2199 1827 2359 1894 solis;
2386 1843 2501 1900 qua:
2532 1834 2656 1893 sint,
2687 1842 2736 1886 et
2768 1833 2881 1903 quis
2911 1846 3091 1888 earum
3123 1847 3268 1890 usus.

201 1901 486 1972 χάνουσι,
519 1900 615 1953 καὶ
651 1898 749 1952 διὰ
775 1899 832 1951 τι
858 1899 1098 1964 ταύταις
1121 1897 1569 1966 προσχρώμεθα.

167 1997 296 2049 Kl".
344 1995 432 2056 Ὧς
471 1991 537 2046 ἂν
579 1991 636 2044 δὲ
668 1990 800 2061 μηδὲ
842 1990 870 2041 ὁ
903 1990 1031 2061 περὶ
1061 1989 1169 2042 τῶν
1207 1987 1302 2041 τοῦ
1341 1985 1493 2059 ⁴ἡλίου
1523 1985 1678 2052 λόγος

105 2089 228 2157 ἡμῖν
262 2083 622 2149 ἀνεξέταστος
668 2080 977 2151 ἀπομείνοι,
1003 2080 1232 2150 λέγομεν
1261 2079 1505 2142 ὲπακτὰς
1537 2072 1676 2130 εἶναι

105 2182 204 2233 τῶν
236 2175 333 2231 τοῦ
367 2176 519 2246 ηλίου
567 2173 704 2227 ἐτῶν
731 2172 829 2236 τὰς
861 2173 968 2226 ἀπὸ
1008 2173 1108 2242 τῆς
1141 2171 1502 2242 ὲϐδομαδικῆς
1537 2168 1676 2239 ὴμέ-

108 2289 220 2342 ρας,
250 2269 313 2333 ἐξ
340 2265 410 2340 ἦς
444 2267 506 2319 τὸ
541 2266 764 2336 ἡλιακὸν
806 2265 924 2328 έτος
956 2263 1285 2335 ἀπάρχεται,
1316 2263 1456 2316 κατὰ
1487 2263 1681 2316 ἀναπο-

104 2362 290 2431 δισμδν
333 2357 626 2418 λειπούσας
676 2357 735 2408 ὲν
782 2357 846 2425 τῇ
895 2355 1031 2425 αὐτῇ
1076 2353 1330 2424 ὲϐδομάδι
1377 2352 1537 2423 μέχρι
1579 2350 1678 2420 τῆς

106 2453 347 2524 πρώτης,
376 2450 653 2521 ῆγουντῆς
681 2448 842 2516 ἁγίας
868 2446 1178 2517 Κυριακῆςο
1207 2438 1317 2497 οἷον
1354 2444 1483 2514 φέρε
1506 2443 1679 2494 εἰπεῖν

103 2547 174 2608 ὼς
201 2546 296 2597 ἐπὶ
323 2542 418 2596 τοῦ
461 2539 752 2602 ἐνεστῶτος
782 2545 867 2610 κη’
899 2537 1070 2600 έτους.
1122 2535 1360 2607 Ἤρξατο
1399 2533 1508 2604 γὰρ
1540 2534 1680 2588 κατὰ

104 2637 197 2707 τὴν
218 2633 447 2706 πρώτην
466 2631 561 2684 τοῦ
592 2630 865 2700 Ἀπριλίου
895 2627 1084 2699 μηνὸς,
1106 2626 1212 2680 ἀπὸ
1238 2626 1490 2696 ἑϐδόμης,
1513 2625 1680 2695 ῆγουν

107 2727 385 2781 Σαϐϐάτω
425 2724 656 2794 ἡμέρας.
693 2721 804 2783 Τὰς
841 2716 932 2772 οὖν
974 2717 1280 2780 διελθούσας
1321 2717 1533 2788 ἡμέρας
1579 2715 1681 2784 τῆς

106 2819 272 2888 αὐτῆς
299 2813 588 2886 ἑϐδομάδος
627 2813 729 2876 ἓως
757 2813 856 2881 τῆς
887 2811 1168 2882 Κυριακῆς
1211 2806 1453 2870 ὲπακτὰς
1481 2806 1680 2876 κέκτη-

105 2927 220 2964 ται·
273 2908 520 2961 τουτέστι
549 2904 646 2976 τὴν
695 2901 1072 2972 Παρασκευὴν,
1104 2901 1202 2970 τὴν
1248 2905 1308 2963 ε’,
1341 2898 1440 2970 τὴν
1471 2897 1541 2967 δδν,
1582 2897 1682 2967 τὴν

107 3009 172 3070 τ,
191 3000 294 3072 τὴν
323 2999 388 3070 β’,
419 2998 513 3052 καὶ
541 2995 708 3066 αὐτὴν
735 2995 834 3064 τὴν
863 2993 1023 3060 ἁγίαν
1045 2990 1360 3064 Κυριακήν·
1393 2989 1468 3052 ὡς
1499 2985 1682 3040 ὲντεῦ-

108 3095 192 3148 θεν
215 3091 288 3158 ἒξ
317 3093 583 3162 ὑπάρχειν
616 3087 714 3150 τὰς
754 3083 922 3138 αὐτοῦ
962 3081 1058 3137 τοῦ
1094 3090 1178 3154 κη’
1223 3081 1373 3144 ἔτους
1413 3077 1675 3142 ὲπακτάς.

1847 1976 2034 2036 XXIII.
2072 1983 2252 2054 Atque
2280 1996 2338 2039 ut
2365 2002 2432 2041 ne
2461 1987 2593 2041 solis
2625 1987 2844 2056 quidem
2887 1997 3090 2057 epactze
3126 2005 3156 2042 a
3197 1988 3357 2044 nobis

1777 2065 2125 2138 ineXploratae
2140 2075 2533 2145 relinquantur.
2552 2087 2770 2146 epactas
2791 2093 3058 2134 annorum
3073 2079 3203 2134 solis
3225 2077 3357 2134 deli-

1779 2160 1958 2215 nimus
1981 2163 2228 2220 residuas
2255 2166 2609 2222 hebdomadis
2631 2167 2794 2223 ferias
2817 2180 2938 2240 post
2956 2187 3097 2236 eam,
3125 2186 3244 2241 qua:
3266 2185 3356 2225 so-

1778 2247 1942 2303 larem
1966 2266 2166 2307 annum
2191 2256 2531 2326 auspicatur;
2557 2274 2676 2328 quae
2698 2271 2842 2315 retro
2866 2263 2920 2315 in
2941 2263 3128 2317 eadem
3156 2261 3358 2316 hebdo-

1779 2339 1936 2392 mada
1953 2341 2017 2394 ad
2038 2343 2285 2411 primam,
2307 2346 2421 2401 sive
2437 2346 2772 2404 Dominicam
2792 2367 2964 2422 usque
2981 2361 3355 2406 numerantur.

1779 2426 2096 2498 Exemplum
2131 2450 2143 2485 :
2181 2431 2280 2487 Ilic
2307 2449 2485 2490 annus
2514 2438 2607 2506 qui
2633 2447 2717 2493 est
2747 2441 2879 2495 solis
2909 2455 3101 2506 xxvm,
3133 2440 3297 2511 coepit
3325 2454 3356 2492 a

1782 2519 2009 2578 Kalend.
2062 2524 2235 2594 April.
2287 2526 2423 2582 feria
2483 2545 2589 2593 vn,
2643 2533 2756 2586 sive
2807 2532 3065 2588 Sabbato.
3126 2531 3359 2587 Proinde

1780 2623 2001 2683 epactas
2049 2616 2212 2673 habet
2258 2621 2561 2688 praateritos
2611 2638 2800 2678 omnes
2837 2625 2976 2686 dies,
3028 2625 3121 2695 qui
3167 2624 3355 2678 eadem

1781 2703 2120 2762 hebdomade
2145 2707 2212 2762 ad
2237 2709 2571 2766 Dominicam
2599 2713 2892 2782 pertinent,
2924 2715 3026 2768 hoc
3055 2722 3138 2768 est
3167 2713 3356 2768 feriam

1781 2810 1836 2858 ν,
1880 2811 1955 2859 Iv,
1993 2813 2080 2860 ιιι,
2115 2813 2176 2864 ιι,
2204 2807 2258 2852 et
2297 2799 2656 2857 Donninicam.
2697 2803 2877 2870 Quare
2909 2821 2962 2858 τι
3000 2813 3203 2874 epacta:
3232 2814 3360 2859 sunt

1782 2885 1912 2940 anni
1952 2903 2143 2944 xxvm.
2186 2891 2321 2947 Cum
2363 2909 2494 2964 ergo
2529 2910 2761 2965 sequens
2794 2913 2993 2961 annus,
3028 2897 3119 2967 qui
3151 2897 3360 2967 primus

1781 2980 1884 3034 erit
1931 2981 2088 3047 solis,
2127 2998 2157 3038 a
2211 2983 2346 3040 feria
2401 2987 2594 3056 prima,
2642 2989 2756 3044 sive
2784 2988 3064 3044 Dominica
3093 2989 3254 3051 ineat,
3281 3002 3358 3042 vn

1785 3069 1945 3125 habet
1971 3084 2213 3143 epactas,
2246 3092 2365 3146 quae
2389 3077 2456 3132 ab
2488 3075 2726 3134 Sahbato
2751 3095 2925 3150 usque
2954 3080 3020 3135 ad
3053 3077 3362 3150 prazcedcn-

110 3149 574 3251 Ὅθεν-ἐπειδητὺ
608 3149 832 3231 εἰσιέναι
869 3175 1080 3246 μέλλον,
1116 3149 1256 3244 φημὶ
1279 3172 1336 3225 δὲ
1362 3172 1422 3224 τὸ
1444 3169 1677 3241 πρῶτον,

1790 3170 1894 3217 tem
1935 3165 2273 3222 Dominicam
2311 3179 2689 3225 numerantur.
2728 3171 2804 3225 Ita
2844 3171 3118 3227 secundus
3161 3187 3359 3240 annus,

109 3279 210 3331 ἀπὸ
256 3273 482 3348 πρώτης
511 3271 761 3343 ἄρχεται,
792 3267 1067 3321 τουτέστιν
1109 3264 1268 3334 ἁγίας
1298 3262 1601 3334 Κυριακῆς,
1639 3258 1684 3323 ζ’

108 3369 342 3440 ἡμέρας,
372 3366 538 3437 ἦγουν
563 3363 660 3425 τάς
692 3361 798 3415 ἀπὸ
818 3358 1096 3412 Σαϐϐάτου
1132 3356 1292 3427 μέχρι
1323 3355 1420 3425 τῆς
1447 3350 1684 3405 διελθού-

112 3478 204 3529 σης
224 3459 392 3526 ἁγίας
414 3454 698 3526 Κυριακῆς
720 3449 1124 3523 ἀριθμουμένας
1143 3446 1382 3509 ὲπακτάς
1403 3445 1684 3514 κέκτηται.

121 3551 354 3621 Ὁμοίως
411 3547 469 3600 δὲ
519 3547 638 3599 καὶ.
662 3543 721 3596 τὸ
755 3542 1004 3613 δεύτερον
1047 3540 1184 3602 ἔτος,
1229 3538 1418 3607 ὅτιπερ
1464 3535 1528 3587 ἐκ
1585 3533 1685 3603 τῆς

111 3643 252 3698 κατὰ
284 3643 382 3712 τὴν
411 3636 681 3708 ἑϐδομάδα
713 3635 971 3706 δευτέρας
1004 3631 1214 3704 ἡμέρας
1241 3630 1482 3700 ἄρχεται,
1521 3626 1687 3698 μόνην

111 3736 204 3808 τὴν
230 3736 386 3807 μίαν,
411 3731 656 3786 τουτέστι
687 3729 784 3798 τὴν
815 3727 972 3794 ἁγίαν
1003 3722 1307 3795 Κυριακὴν,
1342 3717 1582 3788 έπακτὴν
1606 3715 1690 3770 κέο

111 3843 340 3900 κτηται·
386 3825 464 3888 ὼς
507 3824 607 3877 οὐκ
651 3820 816 3890 ἄλλην
859 3818 1070 3888 ἡμέραν
1107 3817 1139 3886 ἦ
1180 3815 1345 3886 μόνην
1385 3812 1550 3881 αὐτὴν
1590 3809 1688 3880 τὴν

113 3918 396 3991 Κυριακὴν
425 3915 568 3970 κατὰ
598 3913 697 3984 τὴν
725 3912 893 3982 αὐτὴν
932 3907 1198 3978 ἑϐδομάδα
1230 3903 1688 3977 προηγησαμένην

111 4013 251 4082 ἔχον.
287 4009 503 4071 Ταύτας
527 4007 584 4060 δὲ
619 4004 718 4067 τὰς
752 4003 966 4074 ἡμέρας
994 3997 1288 4070 τηροῦμεν,
1320 3997 1385 4049 ἵν’
1412 3991 1690 4064 έϐδομαδι-

113 4103 244 4168 κῶς,
294 4102 575 4155 τουτέστιν
603 4096 710 4150 ἀπὸ
749 4095 921 4166 ἀρχῆς
960 4090 1276 4161 ἑϐδομάδος.
1323 4089 1430 4140 πᾶν
1471 4085 1690 4157 ἡλιακὸν

111 4194 228 4258 ἔτος
275 4191 664 4260 κανονίσωμεν,
699 4188 777 4250 είς
800 4177 1135 4253 εὕρεσιντῆς
1166 4174 1525 4248 ἑϐδομαδικῆς
1555 4175 1691 4246 ἡμέ-

115 4303 212 4356 ρας
231 4301 247 4314 ·
275 4282 512 4352 ὁπηνίκα
535 4277 736 4346 ταύτην
761 4276 852 4329 καὶ
878 4277 955 4336 εἰς
981 4271 1210 4324 ἑκάστου
1242 4269 1407 4340 μηνὸς
1434 4265 1692 4319 πυσταίαν

113 4353 468 4446 βουληθῶμεν
515 4369 724 4441 μαθεῖν.
779 4367 840 4418 EI.
878 4365 951 4435 μὴ
994 4361 1102 4433 γὰρ
1147 4359 1320 4421 οὕτως
1362 4353 1537 4416 τοῦτο,
1584 4355 1692 4409 ἀπὸ

1789 3257 2046 3325 quoniam
2081 3271 2110 3311 a
2143 3257 2278 3314 feria
2311 3261 2547 3316 secunda
2576 3262 2967 3316 hebdomadica
3000 3263 3212 3332 incipit,
3239 3279 3363 3335 epa-

1788 3357 1906 3403 ctas
1948 3349 2110 3406 habet
2154 3367 2194 3414 l,
2247 3352 2350 3408 hoc
2396 3361 2481 3408 est
2523 3365 2766 3409 sanctam
2818 3353 3183 3422 Dominicam,
3234 3371 3358 3410 cum

1790 3441 1993 3494 nullam
2021 3443 2271 3508 alteram,
2308 3454 2502 3512 praeter
2533 3445 2892 3511 Dominicam,
2943 3446 2998 3500 in
3045 3445 3230 3501 eadem
3262 3445 3359 3501 he-

1789 3531 2060 3587 bdornada
2085 3535 2490 3592 antecedentem
2523 3536 2734 3592 habeat.
2773 3537 3035 3592 Caeterum
3069 3537 3167 3592 has
3213 3535 3364 3607 ipsas

1790 3623 1906 3678 dies
1954 3627 2274 3689 retinemus,
2327 3633 2386 3680 ut
2435 3627 2847 3691 hebdomadice,
2889 3628 2942 3682 id
2977 3637 3061 3684 est
3096 3629 3164 3681 ab
3206 3627 3363 3682 initio

1791 3714 2147 3771 hebdomadis
2195 3733 2397 3771 annum
2453 3732 2668 3772 omnem
2727 3717 2859 3773 solis
2911 3717 3248 3780 ordinemns,
3295 3717 3362 3772 ad

1791 3803 2222 3874 investigandam
2268 3806 2480 3872 feriam,
2521 3805 2957 3878 quandocunque
2989 3821 3108 3859 eam
3146 3803 3201 3859 in
3232 3820 3366 3874 qua-

1792 3894 1922 3949 libet
1959 3897 2046 3950 die
2090 3899 2296 3952 mensis
2339 3897 2583 3952 obtinere
2622 3898 2891 3953 volumus.
2932 3896 3067 3950 Nam
3114 3896 3218 3951 nisi
3263 3895 3366 3950 hoc

1792 3987 1976 4050 modo,
2027 3987 2066 4040 a-
2113 3990 2285 4058 prima
2345 3989 2433 4044 die
2483 3989 2860 4054 hebdomadis,
2908 4003 3003 4044 seu
3061 3987 3364 4050 Dominica,

1792 4091 1968 4129 annus
1997 4078 2224 4146 quilibet
2257 4078 2388 4133 solis
2432 4079 2672 4147 regulam
2702 4079 2905 4147 capiat,
2945 4093 3050 4130 non
3085 4083 3264 4146 potest
3297 4075 3366 4130 ab

1792 4165 1879 4231 iis,
1925 4165 2018 4234 qui
2062 4168 2302 4222 calculos
2344 4168 2647 4222 subducere
2679 4169 2970 4231 voluerint,
3013 4165 3367 4221 hebdomadis

1791 4254 1908 4308 dies
1940 4255 1994 4307 in
2030 4257 2138 4308 ullo
2168 4271 2354 4310 mense
2382 4256 2732 4326 deprehendi.
2775 4255 2877 4320 Sit,
2913 4255 3144 4325 exempli
3178 4270 3364 4319 causa,

1792 4360 2032 4416 praesens
2055 4363 2232 4402 annus
2246 4349 2400 4409 solis,
2428 4356 2482 4401 ut
2500 4357 2622 4402 ante
2639 4346 2800 4417 179
2820 4347 3022 4400 dictum
3051 4355 3153 4409 est,
3173 4360 3366 4409 xxvm,

111 4433 208 4540 τῆς
236 4433 379 4521 κατά
413 4433 527 4536 τὴν.
546 4460 812 4530 ἑϐδομάδα
836 4433 1058 4528 πρώτης
1089 4455 1318 4540 ημέρας,
1346 4452 1510 4522 ἤγουν
1534 4449 1681 4516 ἁγίας

1795 4437 1889 4508 qui
1929 4452 1962 4490 a
2013 4436 2250 4492 Sab‘batn
2283 4445 2496 4506 emptus
2529 4442 2633 4492 est.
2675 4438 2839 4506 Igitur
2868 4436 2973 4490 nisi
3005 4435 3070 4489 ad
3099 4433 3368 4490 Kalendas

111 4562 422 4633 Κυριακῆς,
473 4557 580 4610 πᾶν
623 4553 842 4625 ὴλτακὸν

253 4649 617 4721 έϐδομαδικὴν
655 4644 866 4715 ἡμέραν
914 4643 970 4692 ὲν
1019 4639 1326 4726 οῐῳδήποτει
1348 4629 1698 4701 καταλαμϐά-

112 4721 226 4800 νειν
277 4743 410 4815 μηνὶ
447 4741 574 4801 τοὺς
611 4734 866 4806 ψηφίζειν
904 4732 1204 4792 ἐθέλοντας.
1257 4721 1382 4780 υἷον
1431 4725 1483 4778 τί
1520 4722 1694 4790 λέγω;
1762 4788 1767 4793 θ

114 4838 176 4891 τὸ
211 4813 410 4907 παρδν,
440 4832 514 4894 ὡς
547 4828 702 4897 ἔφην,
724 4831 808 4896 κη’
842 4823 979 4886 ἔτος,
1021 4819 1281 4889 Σαϐϐάτῳ
1304 4816 1464 4870 λαϐὸν
1479 4815 1585 4907 τὴν
1608 4813 1700 4907 ἀρε

123 4928 250 5001 χὴν,
285 4905 334 4979 ei
388 4923 462 4994 μὴ
514 4920 612 4982 τὰς
653 4918 758 4989 πρὸ
803 4915 898 4969 τοῦ
949 4911 1225 5001 Σαϐϐάτου
1276 4906 1334 4975 ιε
1382 4905 1696 5001 qut-{9:15:13

352 4991 460 5065 τοΰ-
483 5007 756 5078 Ἀπριλίου
782 5004 946 5076 μηνδς
973 4999 1323 5090 ἐπεϐάλομεν,
1353 4997 1451 5049 οὐκ
1474 4993 1538 5047 ἂν
1563 4991 1699 5090 Σάϐ-

117 5081 317 5163 ϐάτον--
337 5100 505 5158 οὖσαν
549 5099 717 5168 αὐτὴν
770 5093 1156 5164 ἐγινώσκομεν.
1206 5083 1420 5157 Ἐπειδὴ
1463 5085 1572 5156 γὰρ
1621 5081 1698 5146 είς

117 5195 483 5271 Παρασκευὴν
522 5194 620 5262 τὴν
649 5186 938 5257 κατάληξιν
968 5185 1092 5252 ἔσχε
1123 5182 1184 5233 τὸ
1211 5178 1414 5271 διελθὸν
1454 5175 1698 5271 κζ’-ἔτος,

115 5294 170 5344 ai
203 5265 482 5360 ίσάριθμοι
521 5282 620 5350 τῆς
669 5275 1029 5349 Παρασκευῆς
1071 5272 1273 5342 ἡμέραι
1318 5268 1563 5321 λεκτικαὶ
1603 5265 1700 5360 μέν

117 5359 328 5434 ἐκείνου
368 5373 752 5444 τυγχάνουσιν,
788 5371 868 5431 είς
913 5367 1079 5434 αὐτὴν
1114 5363 1531 5436 περαιωθέντος,
1576 5359 1690 5412 10'5-

111 5490 213 5526 του
265 5471 321 5524 δὲ
376 5465 636 5525 ἐπακταὶ,
688 5460 775 5513 διὰ
823 5461 883 5512 τὸ
919 5458 1217 5526 ἐπάγεσθαι
1263 5456 1328 5526 τῇ
1366 5452 1557 5524 πρώτῃ
1605 5451 1699 5504 τοῦ

129 5561 410 5632 ’Δπριλίου
451 5555 547 5611 καὶ
582 5555 751 5623 ταύτῃ
789 5551 1163 5621 διασημαίνειν
1205 5548 1304 5618 τὴν
1347 5543 1700 5616 ὲϐδομαδικὴν

116 5653 359 5723 ἡμέραν,
403 5648 500 5716 ἀφ’
533 5641 601 5715 ἧς
647 5643 707 5695 τὸ
732 5640 862 5694 αὐτὸ
900 5647 985 5710 κη’
1030 5639 1146 5701 ἔτος
1178 5637 1476 5708 ἀπήρξατο.
1516 5633 1699 5696 Οὕτως

118 5746 232 5818 γὰρ
262 5746 294 5815 ἦ
319 5761 377 5797 τι
404 5738 546 5794 κατὰ
571 5736 664 5806 τὴν
694 5733 1045 5803 ὲϐδομαδικην
1081 5731 1345 5801 ἁρμονίαν
1377 5728 1698 5798 φυλάττεται

879 4525 996 4613 ἔτος
1015 4525 1023 4528 ﬁ
1044 4536 1332 4616 κανονισθῇ
1351 4584 1365 4606 ,
1417 4544 1681 4614 ἀμήχανοι

1797 4529 2008 4599 Apriles
2047 4543 2139 4583 sex
2177 4538 2301 4582 ante
2340 4525 2636 4581 Sabbatum
2667 4527 2783 4581 dies
2812 4525 3226 4588 addidissemus’,
3269 4540 3368 4579 ne-

1797 4634 2070 4690 quaquam
2124 4619 2247 4675 illas
2296 4619 2348 4672 in
2404 4617 2701 4671 Sabbatum
2750 4616 3010 4671 incidisse
3057 4631 3366 4672 nossemus.

1797 4711 1932 4766 Cum
1980 4712 2124 4766 enim
2156 4709 2468 4779 prazcedens
2499 4725 2696 4771 annus,
2737 4708 2828 4777 qui
2865 4715 2982 4760 erat
3023 4709 3153 4763 solis
3193 4725 3366 4771 xxv“,

1802 4804 1854 4856 in
1883 4800 2224 4856 Pal-asceven'
2253 4801 2496 4863 desierit,
2527 4801 2653 4853 huic
2692 4799 2915 4871 aequalis
2943 4798 3150 4853 dierum
3178 4813 3369 4855 nume-

1801 4909 1917 4956 rus.
1965 4897 2056 4966 qui
2106 4911 2306 4950 annum
2347 4895 2495 4949 illum
2528 4894 2856 4956 terminavit,
2886 4893 3043 4961 cujus
3075 4891 3371 4948 Parasrcve

1799 4989 2042 5042 clausula
2073 4986 2194 5046 Init,
2221 4987 2503 5055 pragscntis
2536 4985 2662 5038 anni
2704 4995 2828 5038 sunt
2851 4991 3074 5052 epactaa,
3103 4982 3258 5052 quasi
3279 4981 3372 5036 ad.

1801 5082 2010 5135 dititias
2039 5080 2191 5135 dicas
2213 5119 2226 5141 ,
2263 5079 2408 5148 quod
2449 5077 2704 5132 Kalendis
2733 5075 2932 5147 Aprilis
2960 5075 3248 5136 addantur,
3280 5089 3372 5128 eo-

1800 5187 1905 5243 que
1929 5171 2088 5225 modo
2119 5171 2306 5224 feriam
2339 5170 2597 5233 indicent,
2627 5184 2656 5222 a
2683 5183 2789 5238 qua
2820 5183 2995 5223 annus
3028 5165 3167 5220 idem
3202 5179 3370 5219 xxvm

1800 5277 2030 5320 exorsus
2061 5269 2166 5316 est.
2198 5260 2273 5314 lta
2303 5261 2502 5330 quippe
2541 5259 2595 5314 in
2641 5257 3029 5316 hebdomadica
3065 5257 3206 5312 serie
3245 5271 3370 5325 per-

1802 5356 2039 5425 petuitas
2068 5351 2316 5423 quaedam
2359 5353 2726 5408 successionis
2758 5358 2992 5413 tenetur,
3035 5357 3087 5404 et
3123 5348 3248 5400 anni
3283 5359 3369 5398 so-

1803 5449 1943 5503 lares
1981 5449 2049 5502 ab
2083 5445 2440 5500 hebdomadis
2470 5446 2645 5510 initio,
2675 5445 2778 5498 hoc
2803 5449 2888 5498 est
2917 5442 3214 5497 Dominlca.
3249 5444 3368 5490 tanc

1804 5552 1964 5608 quam
2004 5537 2191 5606 regula
2225 5535 2522 5606 pendentes
2555 5547 2750 5589 cursus
2789 5549 2918 5589 suos
2948 5532 3223 5588 insistunt.
3256 5526 3364 5582 Un-

1803 5630 1870 5686 de
1910 5630 2286 5698 cujuscunque
2328 5628 2532 5683 mensis
2559 5627 2676 5681 dies
2705 5625 3021 5698 congruenti
3056 5623 3200 5681 feriae
3233 5621 3366 5678 citra

1805 5721 2000 5777 calculi
2030 5733 2270 5777 errorem
2307 5727 2490 5791 petest
2516 5716 2756 5774 attribui.
