3800 6312
467 271 605 328 1245

1463 269 1566 323 AD-
1592 263 1864 324 EUSEBII
1900 265 2300 329 CHRONICON
2331 265 2694 326 APPENDIX.

3563 259 3676 325 12H

467 394 682 455 πάντως
723 389 992 459 συνέχεια,
1038 387 1132 442 καὶ
1157 391 1189 457 ἡ
1229 386 1337 440 τῶν
1367 388 1606 459 ἡλιακῶν
1650 387 1787 440 ἑτῶν
1829 386 1906 448 ὡς
1943 385 2054 439 ἀπὸ
2105 387 2281 458 ἀρχῆς
2341 385 2654 455 ἑϐδομάδος,
2688 384 2857 454 ἡγουν
2904 382 3125 453 πρώτης
3171 380 3406 452 ἡμέρας,
3453 379 3678 442 κανονίζε-

466 503 550 542 rat
604 486 838 556 κίνησις.
884 482 973 547 Ἐξ
1038 477 1210 553 οῦπερ
1257 481 1374 534 οὐδὲ
1427 483 1525 552 μία
1559 485 1672 544 τοῖς
1729 481 1988 551 ψηφίζειν
2049 479 2290 534 ἐθέλουσι
2339 480 2554 548 γίνεται
2605 476 2780 545 πλάνη
2841 474 2976 544 πρὸς
3004 473 3101 542 τὴν
3143 475 3201 528 ὲν
3247 473 3530 543 οίῳδήποτε
3572 478 3678 545 μηνὶ

465 575 725 628 ποσταίαν
753 575 850 643 τῆς
887 571 1242 642 ἐϐδομαδικῆς
1283 570 1494 642 ἡμέρας
1537 569 1863 641 κατάληψιν.

465 696 586 762 Qua
631 694 832 747 ratione
859 691 994 760 feria
1032 706 1336 759 quocunque
1377 691 1463 745 die
1502 691 1699 745 mensis
1731 688 2039 757 investigari

2157 685 2276 750 Πῶς
2309 682 2425 750 τὴν
2457 678 2856 762 ἑϐδομαὼκῂν
2888 677 3117 762 ἡμέραν
3141 677 3512 762 εις-,ἑκάστου
3524 685 3680 751 μηνὸς

1154 771 1347 829 potest.

532 871 723 930 XXIV.
749 873 949 929 Eadem
965 872 1162 942 quippe
1180 871 1471 926 methodus
1491 878 1575 926 est
1593 867 1930 940 inquirendae
1950 885 2048 922 cu-

467 981 770 1036 iuscunque
787 965 894 1019 diei
919 963 1123 1020 mensis
1142 962 1310 1026 feriae,
1330 977 1495 1032 quam
1513 963 1580 1017 ad
1603 962 1872 1018 Kalendas
1888 963 2041 1033 Apri-

467 1075 540 1116 .es
591 1056 968 1112 adhibuimus.
1012 1054 1282 1109 Nimirum
1339 1067 1396 1111 ut
1451 1055 1686 1111 labentis
1740 1056 1869 1110 anni
1915 1055 2049 1110 solis

468 1156 681 1218 spactas
702 1147 1026 1216 adjiciamus
1049 1146 1114 1201 ad
1144 1146 1359 1200 dierum
1403 1162 1714 1211 numerum,
1751 1147 1844 1218 qui
1876 1162 1905 1199 a
1936 1145 2048 1200 lia-

466 1239 641 1296 tendis
680 1239 887 1309 Aprilis
957 1237 1027 1292 ad
1067 1254 1216 1303 eum,
1272 1240 1365 1309 qui
1419 1237 1704 1308 quaeritur,
1752 1238 2050 1308 cujuslibet

467 1333 669 1388 mensis
695 1330 840 1386 diem
877 1330 1156 1386 [lux-erunt
1193 1351 1206 1385 :
1240 1341 1352 1386 tum
1387 1331 1674 1385 collectam
1701 1346 1768 1384 ex
1795 1331 2052 1384 omnibus

469 1439 734 1480 summam
774 1439 871 1495 per
894 1439 970 1478 vn
1014 1425 1341 1494 partiamur.
1389 1423 1547 1489 Quod
1590 1423 1736 1478 enim
1778 1423 2048 1492 reliquum

468 1524 550 1572 est
583 1515 776 1569 feriam
817 1514 1269 1570 hebdomadicam
1295 1515 1545 1584 ejusdem
1587 1514 1804 1569 numeri
1841 1514 2051 1585 praebe-

467 1603 565 1658 uit.
607 1603 794 1658 Potest
826 1610 882 1658 et
937 1603 1046 1658 alio
1097 1601 1263 1657 modo
1307 1603 1561 1672 reperiri.
1614 1602 1846 1672 Epactas
1902 1603 2052 1657 solas

469 1708 591 1748 cum
631 1693 826 1748 diebus
873 1694 1166 1748 mensium.
1191 1708 1358 1762 supra
1393 1709 1565 1747 xxvm
1597 1694 1716 1748 dies
1753 1709 2048 1748 excurren-

468 1786 635 1853 tibus,
676 1786 745 1842 ad
775 1793 1134 1856 quotcunque
1183 1801 1408 1842 menses
1438 1800 1744 1856 propagare
1771 1785 2048 1840 calculum

467 1877 680 1941 libebit,
711 1878 1066 1949 componito.
1120 1877 1268 1931 velut
1309 1878 1546 1948 sumptis
1595 1893 1663 1931 ex
1717 1875 1890 1947 Aprili
1926 1895 1986 1938 ιι,
2017 1893 2048 1931 e

469 1967 611 2024 Maio
634 1986 716 2034 In,
765 1977 820 2024 et
847 1970 926 2025 sic
954 1968 1212 2039 deinceps
1243 1968 1310 2023 ad
1344 1968 1686 2039 propositum
1706 1984 1880 2038 usque
1895 1985 2049 2024 men-

2567 752 2869 804 ποσταίαν
2899 748 3072 802 ἐστὶν
3098 748 3316 817 εὑρεῖν.

2220 863 2346 919 ΚΝ.
2402 864 2495 934 Τῷ
2540 862 2690 934 αὐτῷ
2731 861 2840 934 γὰρ
2878 862 3065 934 τρόπῳ
3117 864 3213 917 καὶ¹
3248 865 3330 928 είς
3369 864 3463 936 τὴν
3495 866 3680 920 ἑκάστου

2150 956 2318 1027 μηνὸς
2356 956 2619 1009 ποσταίαν
2665 953 2964 1026 κεχρῆσθαι
2999 957 3265 1026 προσήκει
3306 955 3406 1027 τὴν
3444 957 3682 1027 ἑϐδομαδι-

2150 1049 2254 1120 κὴν
2296 1047 2652 1119 ἐρευνῶντας,
2704 1041 2856 1118 ᾧπερ
2901 1047 3217 1120 κεχρήμεθα
3257 1052 3353 1103 καὶ
3398 1052 3474 1114 εἰς
3503 1051 3585 1119 τὴν
3612 1050 3683 1104 τοῦ

2162 1137 2438 1210 ’Δπριλίου
2469 1135 2712 1208 πρώτην.
2743 1130 2868 1190 υῒον
2899 1138 2998 1200 τὰς
3026 1136 3269 1202 ὲπακτὰς
3308 1139 3684 1193 ὲπιϐάλλειντοῦ

2149 1227 2444 1290 ἐνεστῶτος
2474 1225 2698 1298 ἡλιακοῦ
2729 1226 2882 1289 ἔτους
2907 1229 3026 1290 ταῖς
3058 1227 3152 1280 ἀπ’
3185 1227 3358 1297 αὐτῆς
3385 1229 3483 1300 τῆς
3507 1228 3686 1300 πρώτης

2148 1319 2242 1372 τοῦ
2284 1318 2581 1391 Ἀπριλίου,
2617 1317 2778 1388 μέχρι
2807 1317 2909 1388 τῆς
2935 1318 2993 1370 ἐν
3037 1319 3334 1390 οίῳδὴποτε
3376 1321 3504 1391 μηνὶ
3533 1319 3690 1390 ζητουο

2153 1409 2321 1481 μένης
2349 1411 2479 1480 ἡμῖν
2511 1409 2773 1472 ποσταίας
2792 1424 2804 1437 ·
2833 1408 2931 1460 καὶ
2957 1407 3054 1472 τὰς
3077 1408 3205 1471 ὅλας
3237 1409 3318 1472 εἰς
3341 1412 3432 1462 τὸν
3465 1409 3589 1462 ἑπτά
3613 1427 3689 1479 με·

2152 1501 2345 1575 ρίζειν,
2383 1502 2478 1554 καὶ
2494 1503 2558 1554 ὲκ
2586 1501 2695 1554 τῶν
2721 1501 3114 1572 ἀπομενουσῶν
3145 1501 3439 1573 ἰσάριθμον
3459 1497 3604 1555 οὖσαν
3627 1520 3692 1570 7v.-

2150 1593 2431 1664 νώσκομεν
2473 1593 2570 1665 τὴν
2595 1593 2695 1665 τῆς
2724 1592 3018 1662 ἑϐδομάδος
3061 1593 3297 1664 ἡμέραν.
3341 1595 3413 1646 Ἦ
3450 1593 3594 1647 πάλιν
3621 1595 3694 1645 καὶ

2149 1687 2270 1740 κατ’
2292 1685 2450 1740 ἄλλον
2474 1685 2696 1756 τρόπον,
2725 1685 2895 1748 αὐτάς
2924 1701 2981 1736 τε
3021 1683 3116 1747 τὰς
3150 1683 3400 1746 ὲπακτὰς
3427 1684 3599 1754 μόνας,
3623 1686 3697 1738 καὶ

2147 1779 2250 1842 τὰς
2315 1778 2456 1849 μετὰ
2503 1777 2604 1841 τὰς
2636 1775 2722 1848 κη’
2751 1776 2868 1830 τῶν
2912 1776 3096 1846 μηνῶν
3153 1777 3440 1847 περιττάς,
3486 1773 3586 1829 οἷον
3622 1776 3699 1830 τοῦ

2161 1865 2439 1936 Ἀπριλίου
2478 1863 2577 1928 τὰς
2608 1862 2722 1928 δύο,
2782 1867 2878 1918 καὶ
2915 1866 3092 1920 Μαΐου
3123 1865 3223 1930 τὰς
3257 1863 3327 1934 γ’,
3353 1868 3449 1919 καὶ
3474 1866 3572 1920 τῶν
3597 1867 3700 1919 καθ-

2149 1956 2276 2028 εξῆς
2307 1956 2527 2028 ὁμοίως,
2551 1955 2710 2026 ἄχρις
2747 1951 2805 2010 οῦ
2835 1957 2928 2010 ὲὰν
2961 1956 3212 2027 θέλωμεν.
3243 1955 3502 2027 ψηφίζειν
3533 1957 3696 2028 μηνός⁴

469 2078 609 2126 sem,
635 2063 798 2128 cujus
823 2062 951 2122 dies
972 2077 1166 2117 omnes
1196 2063 1260 2116 ad
1303 2078 1448 2119 eum.
1479 2077 1588 2131 quo
1623 2062 1691 2117 de
1721 2063 2042 2132 quaerimus,

2157 2045 2266 2100 εἶτα
2295 2047 2395 2118 τὴν
2427 2046 2764 2117 ζητουμένην
2790 2049 2922 2117 ἡμῖν
2953 2047 3010 2098 ὲν
3035 2046 3186 2116 αὺτῷ
3210 2047 3478 2100 ποσταίαν
3501 2047 3701 2108 ἐκείναις

469 2153 814 2223 adjicientes,
848 2169 1118 2208 summam
1150 2169 1244 2223 per
1277 2169 1351 2207 vn
1383 2153 1717 2214 dividimus:
1746 2155 1890 2222 quod
1921 2154 2049 2208 reli-

466 2260 637 2315 quum
670 2253 788 2308 est,
844 2245 938 2299 dat
981 2245 1171 2300 feriam
1210 2244 1519 2314 quaesitam.
1571 2244 1654 2301 Ob
1693 2245 1835 2299 hanc
1886 2246 2052 2315 igitur

465 2351 692 2392 cattsam
727 2336 854 2390 anni
888 2336 1020 2390 solis
1050 2343 1276 2406 epactas
1312 2335 1513 2390 habere
1543 2337 1832 2401 dicuntur;
1860 2349 1914 2392 et
1938 2353 2054 2393 eas-

465 2429 587 2483 dem
623 2444 744 2492 nos,
788 2428 866 2482 uti
906 2438 1335 2484 consentaneum
1376 2437 1480 2493 est,
1515 2429 1862 2485 adhibemus.

618 2619 850 2687 Quinam
877 2620 1006 2674 solis
1039 2622 1168 2675 anni
1190 2631 1378 2690 epacta
1400 2637 1582 2675 carere
1613 2622 1887 2674 dicantur.

516 2729 774 2786 XXVII:
789 2747 897 2803 quo
915 2733 1042 2786 anni
1059 2748 1271 2797 omnes,
1292 2733 1432 2802 quia
1458 2731 1736 2786 Dominiea
1764 2732 2053 2802 incipiunt,

462 2825 612 2878 velut
633 2822 866 2892 primus,
892 2823 1182 2892 septimus.
1217 2822 1599 2888 duodecimus,
1627 2824 1874 2879 decimus
1901 2832 2052 2880 octa-

460 2929 565 2969 vus
591 2953 606 2976 ,
651 2914 772 2970 sine
801 2915 1011 2985 epactis
1037 2930 1157 2970 esse
1177 2915 1440 2970 dicuntur
1460 2955 1474 2978 ,
1510 2916 1656 2985 quod
1689 2915 1895 2970 nullam
1915 2931 2052 2986 prato

463 3005 747 3061 cedentem
789 3005 931 3060 diem
980 3006 1238 3062 habeant.
1298 3005 1434 3059 Nam
1492 3007 1644 3076 prior
1695 3022 1818 3062 esse
1876 3007 2052 3078 prima

465 3097 618 3150 nuila
659 3104 862 3165 potest.
895 3095 1109 3152 Etenim
1151 3112 1262 3151 non
1305 3098 1386 3152 sic
1425 3109 1650 3168 epactas
1683 3098 1935 3153 obtinere
1962 3113 2052 3153 so-

465 3186 536 3241 lis
575 3201 776 3252 annus,
809 3184 1086 3256 quomodo
1115 3188 1278 3251 lunze,
1312 3187 1536 3242 dicitur.
1567 3187 1782 3258 Quippe
1819 3187 1954 3242 nihil
1974 3187 2051 3242 illi

468 3279 620 3333 deest
669 3278 736 3331 ad
781 3279 1080 3350 explendos
1124 3295 1328 3334 ccccxv
1369 3280 1508 3339 dies.
1546 3281 1621 3333 uti
1659 3281 1786 3334 luna
1815 3279 2051 3334 undenis

2152 2140 2537 2210 ἐμϐάλλοντες,
2562 2141 2642 2203 είς
2675 2139 2764 2193 τὸν
2791 2137 2836 2203 ζ’
2866 2139 3030 2194 πάλιν
3052 2136 3349 2210 μερίζομεν
3371 2156 3383 2169 ο
3422 2140 3516 2192 καὶ
3541 2141 3595 2191 ὲκ
3617 2137 3703 2190 τῶν

2150 2233 2541 2303 ἀπομενουσῶν
2585 2233 2685 2306 τὴν
2739 2231 3094 2304 ἐϐδομαδικὴν
3139 2232 3360 2296 πάντως
3389 2232 3702 2303 εὑρίσκομεν.

2151 2325 2366 2395 Ταύτης
2384 2319 2478 2379 οῦν
2498 2325 2682 2378 ἕνεκεν
2701 2325 2803 2395 τῆς
2829 2323 3007 2387 αἰτίας
3035 2325 3280 2388 ὲπακτὰς
3309 2324 3457 2394 ἔχειν
3493 2323 3704 2391 λέγονται

2151 2414 2222 2466 τὰ
2255 2413 2349 2468 τοῦ
2379 2415 2536 2485 ἡλίου
2569 2414 2688 2484 ἐτη,
2724 2415 2819 2468 καὶ
2851 2413 2939 2466 διὰ
2965 2413 3170 2482 ταύτην
3202 2414 3399 2477 αὑταῖς
3442 2412 3709 2484 προσηκόν-

2151 2523 2261 2569 τως
2289 2505 2633 2578 κεχρήμεθα.-

2152 2619 2300 2674 Ποῖα
2354 2618 2475 2674 τῶν
2525 2619 2633 2674 τοῦ
2667 2620 2846 2687 ἡλίου
2880 2615 3030 2672 ἐτῶν
3065 2619 3391 2674 ἀνέπακτσ
3437 2618 3704 2690 τυγχάνει.

2224 2731 2352 2788 KE’.
2373 2733 2534 2787 Ὀθεν
2562 2733 2632 2788 τά
2663 2733 3070 2806 ἀπδΚυριακῆς
3097 2734 3380 2806 ἀρχόμενα
3411 2734 3530 2806 ἔτη,
3553 2731 3648 2789 οἷον
3665 2737 3709 2788 τὸ

2155 2827 2389 2900 πρῶτον,
2429 2824 2490 2880 τό
2533 2825 2778 2898 ἕϐδομον,
2804 2825 2866 2878 τδ
2905 2825 3342 2892 δυοκαιδέκατον,
3376 2827 3439 2880 τὸ
3463 2826 3551 2898 ιη’,
3577 2827 3710 2881 ἀνέπ-

2153 2937 2295 2974 ακτα
2315 2918 2564 2989 λέγομεν,
2583 2917 2672 2972 διὰ
2691 2918 2752 2971 τὸ
2776 2918 2908 2989 μηδὲ
2931 2919 3058 2989 μίαν
3080 2919 3296 2990 ἡμέραν
3321 2918 3711 2990 προηγουμένην

2154 3011 2317 3082 ἔχειν.
2359 3011 2472 3063 Οὐκ
2521 3011 2637 3064 ἔστι
2669 3009 2774 3080 γὰρ
2817 3009 2922 3081 πρὸ
2948 3010 3046 3080 τῆς
3074 3009 3298 3081 πρώτης
3333 3010 3507 3081 ἄλλην
3537 3011 3708 3080 εὑρεῖν.

2165 3103 2317 3156 Ἐπεὶ
2358 3101 2601 3165 ὲπακτάς
2625 3101 2687 3155 τὸ
2718 3100 2942 3173 ἡλιακὸν
2969 3101 3086 3164 ἔτος
3110 3100 3254 3154 κατὰ
3283 3101 3345 3154 τὸ
3375 3101 3478 3172 τῆς
3513 3101 3713 3171 σελήνης

2152 3193 2270 3257 ἔτος
2322 3193 2382 3245 οὑ
2431 3193 2714 3264 κέκτηται.
2753 3192 2887 3244 Οὐδὲ
2913 3190 3020 3262 γὰρ
3051 3191 3314 3262 ὑστεροῦν
3337 3191 3576 3265 ὑπάρχει
3603 3189 3715 3261 πρὸς

2153 3286 2252 3349 τὰς
2272 3283 2399 3352 τξε’,
2432 3285 2681 3356 καθάπερ
2717 3285 2896 3336 ἐκεῖνο
2919 3282 3017 3346 τὰς
3048 3280 3116 3335 ια’
3135 3300 3148 3312 ο
3177 3282 3246 3334 δι’
3279 3282 3348 3346 ἃς
3380 3283 3481 3337 καὶ
3507 3283 3602 3354 τὴν
3631 3281 3716 3334 τῶν

467 3369 684 3437 deﬁcit;
715 3369 945 3440 ideoque
965 3379 1172 3440 septem
1193 3370 1616 3426 intercalaribus
1647 3370 1928 3426 mensibus
1954 3385 2042 3424 au-

2157 3375 2294 3429 ἑπτὰ
2321 3375 2508 3447 ὲμϐολί
2515 3392 2629 3446 μων
2666 3375 2878 3445 δέχεται
2907 3374 3227 3445 προσθήκην
3249 3375 3462 3446 ¹μηνῶν
3487 3378 3515 3429 ὁ
3540 3377 3630 3446 τῆς
3649 3377 3719 3427 ὲν-

463 3472 622 3533 getur
647 3463 1160 3521 decemnovennalis
1189 3467 1411 3537 cyclus;
1457 3466 1552 3522 sed
1583 3465 1654 3519 ob
1687 3465 1739 3519 id
1772 3480 1962 3528 unum,
1989 3471 2042 3517 ut

2157 3467 2724 3538 νεακαιδεκαετηρίδος
2741 3465 2955 3528 κύκλος·
2988 3465 3126 3519 ἀλλὰ
3145 3466 3308 3536 μόνον
3335 3467 3433 3520 τοῦ
3465 3465 3570 3536 τῆν’
3593 3467 3718 3520 ἑϐδο-

464 3553 520 3608 in
564 3554 846 3609 mensibus
893 3554 1181 3610 duodecim
1232 3555 1425 3611 feriam
1474 3562 2042 3626 assequamur;proul

2157 3558 2386 3630 μαδικὴν
2408 3559 2466 3610 ὲν
2484 3559 2596 3620 τοῖς
2611 3557 2932 3610 δυοκαίδεκα
2958 3556 3122 3626 μησὶν
3147 3552 3366 3626 ἡμέραν
3389 3556 3717 3627 ψηφίζεσθαι,

467 3646 538 3700 ab
565 3644 793 3700 exordio
840 3645 1102 3699 solarium
1143 3661 1412 3700 annorum
1465 3645 1848 3701 hebdomadici
1898 3645 2042 3700 orbis

2157 3649 2296 3704 κατὰ
2326 3650 2426 3721 τὴν
2442 3653 2498 3702 ὲν
2537 3649 2676 3721 ἀρχῇ
2697 3648 2806 3702 τῶν
2826 3647 3066 3720 ἡλιακῶν
3093 3647 3230 3701 ἑτῶν
3252 3648 3354 3718 τῆς
3386 3649 3718 3720 ἑϐδομαδικῆς

465 3735 713 3792 revoluta
745 3735 918 3790 series
944 3751 973 3788 a
1005 3736 1306 3806 majoribus
1328 3746 1551 3808 accepta
1571 3738 1834 3808 postulat.
1853 3734 2051 3790 Hacte-

468 3842 574 3881 nus
605 3826 673 3880 de
705 3826 980 3882 solaribus
1002 3828 1230 3896 epactis.

469 3941 547 3996 De
583 3940 846 3994 addititiis
889 3942 996 3996 sive
1045 3943 1374 4013 regularibus
1420 3959 1438 3997 :
1477 3944 1614 3998 unde
1666 3945 1918 4015 originem
1957 3944 2050 3998 Ita-

1176 4015 1351 4068 beant.

543 4121 730 4177 XXVI.
767 4121 1067 4194 chulares
1093 4123 1212 4179 dies
1251 4127 1420 4180 ruhro
1461 4125 1645 4180 colore
1687 4124 1882 4188 notati,
1913 4139 2050 4193 quos

468 4215 836 4270 Romanorum
857 4215 1123 4270 mensium
1143 4217 1322 4286 quotis
1337 4217 1527 4272 diebus
1543 4232 1667 4271 cum
1685 4217 1890 4285 epactis
1906 4217 2050 4270 sola-

468 4306 622 4359 Iibus
648 4304 928 4359 addendos
952 4319 1074 4360 esse
1110 4303 1455 4360 decrevimus
1475 4345 1489 4370 ,
1516 4315 1572 4359 ut
1601 4321 1827 4360 summa:
1851 4320 1944 4374 per
1975 4321 2046 4358 vn

469 4397 691 4469 partitio
719 4397 903 4464 ﬁeret,
927 4397 1068 4452 hanc
1103 4397 1305 4452 habent
1334 4399 1628 4453 rationem.
1663 4396 1798 4451 Cum
1835 4397 2048 4451 duobus

467 4491 646 4546 modis
691 4491 1141 4545 hebdomadicam
1179 4489 1394 4552 feriam,
1425 4499 1482 4543 ut
1519 4490 1725 4543 dictum
1753 4498 1856 4553 est,
1896 4504 2046 4542 com-

468 4593 756 4654 putemus;
792 4583 969 4654 primo
999 4583 1249 4638 collectis
1279 4583 1474 4638 diebus
1506 4583 1765 4636 omnibus
1795 4597 1824 4634 a
1850 4580 2047 4635 Kalen-

468 4675 552 4729 dis
599 4675 802 4742 Aprilis
851 4689 1025 4742 usque
1074 4673 1140 4726 ad
1183 4673 1520 4742 propositam
1553 4672 1737 4735 diem;
1778 4671 2044 4735 secundo,

468 4766 601 4822 solis
643 4779 808 4835 supra
844 4780 1016 4818 xxvnl
1051 4763 1344 4834 superiluis
1385 4763 1612 4816 retentis
1646 4782 1658 4816 :
1692 4763 1757 4816 de
1791 4761 1877 4816 his
1909 4761 2045 4830 ipsis

469 4856 781 4926 superﬂuis,
809 4872 930 4926 qua:
961 4855 1027 4908 ad
1063 4855 1402 4924 Septembris
1429 4853 1613 4911 finem.
1643 4870 1740 4907 ιιιι
1765 4853 2040 4917 contiunt;

469 4950 550 5004 ad-
584 4947 876 5002 Octobrem
907 4962 1038 5001 vero
1063 4963 1151 5003 xv.
1179 4955 1409 5015 septem,
1453 4945 1631 5016 quoad
1673 4946 1818 5008 licet,
1861 4945 2040 4998 detra-

469 5039 652 5093 himus
685 5054 697 5088 :
733 5039 869 5092 ﬁunt
891 5053 955 5092 ex
992 5053 1087 5090 xm
1125 5037 1344 5106 quidem
1383 5037 1613 5104 reliquis
1646 5052 1738 5090 sex
1765 5077 1778 5098 ,
1811 5051 1948 5105 quas
1975 5036 2039 5089 ad

472 5129 841 5199 Septembrem
895 5127 1200 5181 rubricatas
1247 5127 1637 5195 apposninms:
1675 5128 1741 5180 de
1793 5143 1860 5180 xv
1913 5143 2042 5183 vero

468 5223 720 5276 deductis
776 5221 1133 5275 hebdomadis
1169 5219 1403 5278 duabus,
1440 5220 1539 5272 hoc
1570 5228 1654 5273 est
1703 5219 1896 5274 diebus
1923 5235 2035 5284 xw,

464 5311 746 5368 residuam
783 5328 945 5365 unam
991 5311 1157 5364 ruhro
1191 5310 1371 5364 colore
1405 5311 1470 5364 ad
1507 5310 1795 5365 Octobrem
1843 5311 2037 5380 appin-

467 5406 669 5459 ximus.
699 5403 832 5457 Nam
869 5404 984 5458 sive
1007 5418 1103 5456 xm
1132 5401 1270 5464 dies,
1300 5410 1392 5456 aut
1429 5419 1498 5456 xv
1538 5404 1891 5465 retineamus,
1927 5403 2041 5456 sive

470 5510 563 5550 sex
591 5495 758 5554 solas.
793 5499 873 5546 vel
907 5505 1072 5546 unam
1103 5492 1167 5544 ad
1201 5491 1417 5547 eosdem
1451 5492 1588 5546 duos
1625 5507 1838 5548 menses
1870 5493 2040 5562 appli-

421 5663 441 5693 ρ
540 5651 585 5684 ’³
616 5649 738 5706 Lea.
773 5646 868 5708 τὰς
905 5653 974 5709 ς’.

2153 3740 2419 3811 ἁρμονίας
2451 3738 2734 3809 συνέχειάν
2776 3754 2834 3791 τε
2875 3738 2970 3791 καὶ
2996 3740 3406 3810 παρατήρησιν.
3433 3741 3618 3794 Ταῦτα
3645 3739 3721 3793 καῖ

2153 3831 2283 3902 περὶ
2315 3829 2422 3884 τῶν
2449 3828 2703 3884 ἐπακτῶν
2733 3828 2826 3882 τοῦ
2859 3829 3030 3900 ἡλίου.

2150 3947 2290 4016 Περὶ
2339 3946 2459 4001 τῶν
2504 3943 2879 4016 προσθετῶνσ
2909 3944 3073 4031 γίνες
3093 3961 3178 4010 τε,
3215 3945 3317 3998 καὶ
3358 3947 3551 4001 πόθεν
3573 3943 3722 4000 αὐταὶ

2732 4030 3166 4084 τυγχάνουσιν.

2224 4124 2368 4194 κατ’.
2397 4127 2463 4178 Αἱ
2495 4125 2552 4178 δὲ
2583 4123 3118 4197 προσθεταὶὴμέραι,
3149 4125 3354 4190 αἵτινες
3381 4128 3494 4181 ἀπὸ
3523 4125 3720 4198 σηρικοῦ

2151 4218 2535 4290 γεγραμμέναι
2589 4218 2745 4280 εἰσὶν,
2789 4215 2854 4279 ἃς
2906 4216 3001 4268 καὶ
3056 4217 3458 4287 συνεμϐάλλειν
3492 4222 3612 4282 ταῖς
3645 4220 3722 4269 ἐπι

2150 4312 2340 4372 ακταῖς
2370 4308 2464 4362 τοῦ
2492 4308 2718 4380 ἡλιακοῦ
2749 4307 2899 4371 ἔτους
2929 4307 3233 4378 εἰρήκαμεν
3260 4312 3328 4379 τῇ
3361 4310 3601 4380 ποσταία
3636 4306 3722 4360 τῶν

2163 4400 2486 4472 Ῥωμαϊκῶν
2534 4400 2740 4470 μηνῶν,
2766 4399 2860 4452 καὶ
2895 4397 3070 4461 οὕτως
3121 4400 3396 4454 ποιεῖσθαι
3427 4402 3520 4454 τὸν
3548 4403 3624 4464 είς
3651 4397 3724 4450 τὸν

2150 4493 2194 4558 ζ’
2241 4493 2530 4566 μερισμὸν,
2566 4488 2756 4545 τοῦτον
2811 4491 2994 4561 ἔχουσι
3037 4490 3132 4544 τὸν
3176 4491 3359 4560 λόγον.
3393 4493 3602 4557 Διττῶς
3645 4490 3725 4556 τῆς

2151 4585 2508 4656 manusua;
2541 4584 2772 4654 ἡμέρας,
2798 4581 2873 4643 ὼς
2894 4581 3131 4652 ἐδείχθη,
3163 4581 3585 4656 ψηφιζομένης·
3610 4582 3728 4636 κατὰ

2150 4695 2207 4732 τε
2242 4677 2342 4747 τὴν
2363 4678 2470 4729 τῶν
2496 4675 2636 4728 ὅλων
2657 4674 2901 4744 ἄθροισιν
2925 4674 3151 4744 ἡμερῶν
3168 4690 3182 4704 ο
3204 4669 3318 4726 οἷον
3341 4676 3455 4728 ἀπὸ
3481 4677 3585 4746 τῆς
3610 4672 3728 4743 πρὼο

2147 4786 2249 4840 της
2273 4767 2366 4821 τοῦ
2408 4765 2684 4837 Ἀπριλίου
2726 4763 2916 4835 μέχρις
2943 4763 3114 4833 αὐτῆς
3149 4764 3250 4835 τῆς
3275 4764 3374 4818 τοῦ
3407 4765 3727 4838 ζητουμένου

2149 4859 2317 4929 μηνὸς
2349 4855 2630 4918 ποσταίας,
2672 4854 2812 4908 κατά
2837 4870 2896 4907 τε
2929 4850 3030 4923 τὴν
3065 4853 3175 4906 τῶν
3211 4853 3355 4924 μετὰ
3393 4855 3499 4920 τὰς
3529 4862 3616 4926 κη’
3647 4868 3728 4903 πε-

2148 4949 2342 5020 ριττῶν
2369 4947 2590 5019 ἡμερῶν
2621 4946 2976 5018 διακράτησιν
2993 4963 3005 4975 ·
3033 4944 3239 5008 ταύτας
3271 4945 3338 5017 δὴ
3362 4945 3465 5011 τὰς
3486 4942 3730 5018 περιττὰς

2149 5040 2312 5109 μέχρι
2355 5039 2452 5108 μὲν
2482 5037 2858 5107 Σεπτεμϐρίου
2889 5034 3057 5107 μηνὸς
3089 5041 3156 5104 ιγ’
3186 5035 3617 5107 εὑρισκομένας,

2146 5149 2236 5202 χρι
2261 5131 2317 5183 δὲ
2362 5129 2691 5202 Ὀκτωϐρίου
2717 5135 2798 5191 ιε’,
2818 5128 2926 5181 τῶν
2955 5135 3024 5196 ιγ’
3046 5127 3348 5196 ἀφελόντας
3368 5129 3472 5192 τὰς
3498 5127 3544 5193 ζ’
3567 5125 3726 5184 ⁷⁸,τὰς

2148 5220 2242 5274 καὶ
2285 5221 2342 5272 ἐν
2375 5219 2451 5290 τῷ
2500 5220 2856 5290 Σεπτεμϐρίῳ
2900 5219 2987 5272 διὰ
3043 5219 3274 5289 σηρικοῦ
3335 5217 3718 5285 κατετάξαμεν-

2161 5311 2456 5383 Ὠσπεροῦν
2497 5312 2591 5364 καὶ
2624 5313 2731 5364 τῶν
2763 5319 2820 5364 ιε’
2854 5310 2952 5373 τὰς
2977 5309 3069 5362 δύο
3091 5309 3378 5374 τελοῦντες
3412 5307 3716 5379 ἑϐδομάδας·

2148 5404 2313 5473 ἡγουν
2341 5406 2440 5467 τὰς
2471 5404 2528 5457 ιδ’
2564 5404 2794 5474 ἡμέρας,
2822 5401 2918 5473 τὴν
2945 5400 3072 5472 μίαν
3103 5402 3212 5454 ἀπδ
3245 5401 3483 5473 σηρικοῦ
3519 5395 3716 5465 διεγρὰ-

2147 5490 2328 5560 ψαμεν
2363 5493 2418 5544 ἐν
2444 5493 2518 5562 τῷ
2565 5490 2876 5562 ’ίικτωϐρίῳ
2897 5508 2908 5520 ο
2937 5491 3130 5544 ταυτὸν
3161 5492 3270 5563 γάρ
3298 5494 3415 5544 ἐστι
3446 5491 3548 5552 τάς
3577 5503 3632 5539 τε
3660 5484 3721 5548 ιγ’
