3800 6320
86 323 205 379 ιω

876 323 934 379 S.
979 319 1230 378 MAXIM!
1270 318 1630 375 MARTYRIS
1667 317 2056 376 COMPUTUS
2096 316 2536 374 ECCLESIAST.

3179 318 3316 375 1236

88 443 161 495 καὶ
185 440 283 505 τὰς
324 449 385 496 ιε’
413 442 668 513 τηρῆσαι,
700 441 794 495 καὶ
824 441 993 514 μόνας
1031 440 1131 505 τὰς
1175 445 1230 505 ς’
1254 439 1347 494 καὶ
1371 439 1470 510 τὴν
1494 445 1564 502 α’,
1587 439 1638 492 ἐν

1751 452 1963 501 cemus,
1992 436 2126 492 nihil
2154 436 2223 492 ad
2260 436 2447 492 feriam
2481 435 2841 509 indagandum
2880 434 3074 500 refert,
3100 434 3319 505 quando

89 538 178 598 ιοις
201 534 385 595 αὐτοῖς
414 534 506 587 δύο
526 533 821 607 κατατάξαι
844 535 980 605 μησὶ
1003 533 1105 604 τῆς
1124 527 1484 603 ἐδδομαδὶκῆς
1508 530 1643 603 ἡμέ-

84 643 168 700 ρας
194 626 355 698 χάριν
383 627 687 699 εὐρὴσεως·
716 625 856 682 κατὰ
879 626 981 699 τὴν
1011 625 1435 697 συμπαράληψιν
1461 623 1644 696 δηλον-

85 722 148 776 ότι
171 719 280 775 τῶν
295 720 551 775 ἐπακτῶν
571 720 665 774 τοῦ
691 719 987 784 ἐνεστῶτος
1005 717 1236 791 ἡλιακοῦ
1258 719 1434 782 ἔτους,
1461 718 1644 771 ὁποῖον

83 814 116 868 3'
140 812 203 869 ἂν
227 813 312 884 εἴη
338 812 403 866 τδ
430 812 821 885 ψηφιζόμενον,
848 814 957 867 εἴτε
983 812 1200 884 πρῶτον
1230 810 1339 865 εἴτε
1371 809 1640 883 δεύτερον,

81 905 257 977 μέχρις
310 904 500 969 ἁπλῶς
543 904 637 959 τοῦ
676 912 760 978 κη’
781 904 957 969 ἔτους.
998 905 1060 959 '0
1094 904 1152 959 δὲ
1201 904 1362 967 αὐτὸς
1389 904 1482 956 καὶ
1514 902 1643 973 περὶ

83 995 166 1049 τῶν
209 995 274 1060 δ’,
330 996 451 1053 καὶ.
479 995 607 1067 μιᾶς
645 995 756 1049 άπὸ
803 994 1031 1067 σηρικοῦ
1077 992 1391 1066 προσ-θεῶν
1421 990 1643 1065 ἡμερῶν

79 1087 214 1157 ιόγος
254 1087 406 1141 ἐστὶν
432 1086 491 1140 ἐν
516 1104 576 1141 τε
614 1087 867 1159 Μαρτίῳ,
906 1087 1001 1141 καὶ
1025 1085 1376 1158 Φεϐρουαρίῳ
1404 1084 1498 1137 καὶ
1541 1084 1644 1136 ἰα-

79 1180 296 1251 νουαρίῳ
360 1179 891 1251 κατατεταγμένων·
946 1181 995 1233 εί
1048 1179 1144 1232 καὶ
1187 1177 1277 1232 διὰ
1324 1176 1645 1249 προσθήκης

77 1271 283 1345 ἡμερῶν
339 1274 370 1326 ὁ
428 1272 859 1345 έκδηματικὸςη
910 1271 1091 1325 αὐτῶν
1144 1270 1303 1340 λόγος
1330 1271 1425 1324 καὶ
1463 1266 1645 1323 κανὼν

71 1365 247 1435 γέγονε
280 1366 544 1431 ἐναντίως
587 1368 701 1429 τοῖς
738 1364 798 1429 ἐξ
823 1364 1169 1436 ἀφαιρέσεως
1212 1360 1649 1434 κανονιζομένοις

72 1458 225 1529 μησίν
244 1473 258 1487 °
289 1453 405 1511 οἷον
434 1456 513 1530 τῷ
541 1457 901 1529 Σεπτεμϐρίῳ
931 1457 1024 1511 καὶ
1068 1453 1382 1526 Ὀκτωϐρίῳ
1402 1471 1415 1486 ·
1454 1452 1642 1507 καθότι

68 1546 151 1600 τοῦ
201 1546 451 1612 ἐλθόντος
500 1547 728 1619 ἡλιακοῦ
772 1547 924 1612 ἔτους
973 1547 1168 1601 ἐκεῖνοι
1208 1544 1511 1615 λογίζονται
1553 1545 1645 1596 καὶ

67 1639 213 1693 είσίν.
245 1640 322 1693 Οὐ
344 1638 457 1711 ⁸(ὰρ
489 1638 664 1703 ἄλλως
690 1639 725 1710 ἡ
761 1638 934 1703 οὕτως
972 1636 1194 1708 ἔμελλον
1241 1636 1306 1690 ἂν
1335 1637 1401 1689 ἐκ
1429 1635 1525 1689 τοῦ
1557 1636 1645 1689 ὲνο

1748 528 2033 599 ρηεεειιιίε
2063 529 2190 582 anui
2208 528 2344 584 solis
2365 535 2569 597 epactae
2589 527 2752 582 simul
2781 536 3169 583 assumuntur:
3197 526 3320 598 qui-

1751 636 1967 692 cunque
1988 621 2203 676 demum
2229 628 2578 691 computetur
2602 636 2802 685 annus,
2836 621 3069 692 primus,
3111 628 3203 674 aut
3231 636 3320 676 se-

1748 713 1984 780 cundus,
2019 727 2196 782 usque
2236 712 2304 767 ad
2343 728 2536 767 xxwu.
2586 711 2791 768 Eadem
2829 712 2971 767 ratio
2999 720 3082 767 est
3104 728 3176 773 iv,
3211 720 3267 767 et
3301 727 3320 767 ι

1748 807 2152 876 rubricatorum
2208 806 2564 877 regularium,
2611 819 2750 875 quos
2795 804 2861 858 ad
2910 803 3185 868 Martium,
3214 802 3320 859 Fe-

1749 892 2030 972 bruarium
2058 907 2113 954 et
2150 898 2465 954 Januarium
2506 896 2863 967 ascripsimus
2900 915 2912 951 :
2944 895 3045 950 etsi
3075 911 3172 965 per
3202 895 3323 950 die-

1750 1007 1871 1046 rum
1895 990 2224 1046 additionem
2256 989 2649 1046 bebdomadica
2679 988 2921 1059 ipsorum
2960 988 3099 1041 ratio
3148 994 3202 1040 et
3232 1002 3320 1041 re-

1746 1085 1870 1156 gula
1895 1092 2132 1146 constat,
2166 1089 2357 1138 contra
2384 1097 2548 1152 quam
2584 1081 2764 1137 evenit
2793 1080 2861 1135 iis
2890 1080 3190 1137 mensibus.
3224 1078 3318 1149 qui

1747 1176 2136 1232 detractionem
2167 1174 2463 1229 admittunt
2488 1191 2503 1241 ;
2530 1172 2694 1228 veluti
2729 1170 3059 1242 Septembri,
3086 1177 3140 1225 et
3159 1168 3320 1225 Octo-

1745 1268 1866 1332 bri;
1895 1268 2151 1335 quoniam
2186 1266 2432 1335 sequenti
2455 1279 2602 1319 anno
2632 1264 2766 1319 solis
2793 1262 3137 1325 tribuuntur,
3166 1269 3221 1315 et
3249 1258 3321 1314 ad

1745 1369 1868 1408 eum
1894 1354 2188 1424 pertinent.
2219 1353 2375 1408 Haud
2404 1354 2549 1408 enim
2580 1352 2741 1407 aliter
2768 1368 2833 1407 ex
2866 1351 3120 1422 praesenti
3150 1365 3316 1415 anno,

1745 1452 1800 1498 et
1829 1444 1950 1515 ejus
1992 1443 2200 1514 epactis
2247 1442 2492 1499 calculus
2520 1443 2647 1497 iniri
2683 1442 2889 1513 potuit,
2924 1453 2984 1497 ut
3019 1442 3319 1497 hebdoma-

1745 1537 1924 1593 dicam
1954 1539 2147 1595 feriam
2176 1538 2579 1609 inquirentibus
2601 1539 2901 1594 exhiberet.
2931 1539 3142 1610 Quippe
3158 1555 3317 1608 pror-

1747 1645 1844 1687 sus
1884 1632 1951 1687 ad
1982 1631 2037 1687 id
2062 1631 2299 1701 expedit,
2331 1638 2390 1685 ut
2413 1631 2701 1717 translatio
2731 1630 3043 1717 εἰει-ἱροεεῆ
3069 1646 3099 1684 a
3131 1629 3320 1685 Domi-

69 1728 310 1793 εστῶτος,
334 1708 505 1801 ἡγουν
530 1729 640 1783 τῶν
673 1708 840 1782 αυτοῦ
874 1727 1133 1782 ἐπακτῶν
1167 1724 1518 1797 ψηφίζεσθαι,
1548 1725 1638 1779 καὶ

1749 1724 1894 1788 nica,
1926 1731 1981 1780 ct
2012 1724 2254 1780 secunda
2288 1708 2548 1789 tertiave,
2581 1740 2645 1780 ac
2671 1724 2832 1795 180
2853 1708 3217 1795 sequentibus
3247 1722 3323 1779 fe-

66 1820 155 1893 τὴν
195 1818 561 1891 ἐσδομαδικὴν
606 1819 825 1892 ἡμέραν
847 1817 1014 1891 δήλην
1056 1816 1297 1871 ἐθέλουσι
1346 1816 1639 1888 παριστᾷν.

66 1912 342 1966 Δυσιτελεῖ
364 1912 477 1984 γὰρ
504 1912 723 1976 πάντως
753 1914 834 1976 είς
862 1911 924 1965 τό
953 1909 1053 1982 τὴν
1083 1908 1374 1980 μετάθεσιν
1394 1907 1503 1962 ἀπὸ
1517 1907 1635 1960 Κυ-

66 2004 274 2075 ριακῆς,
304 2006 403 2059 καὶ
431 2004 499 2076 β’,
533 2005 626 2059 καὶ
657 2005 866 2077 τρίτης,
896 2003 991 2057 καὶ
1022 2001 1133 2056 τῶν
1160 2000 1399 2072 καθεξῆς
1433 2002 1514 2064 είς
1544 1998 1644 2071 τὴν

66 2095 222 2168 ἄλλην
265 2097 434 2165 ἁγίαν
470 2096 760 2169 Κυριακὴν
807 2092 1138 2167 ποιήσασθαι
1171 2094 1230 2147 ἐν
1256 2092 1334 2164 τῷ
1360 2091 1521 2163 δεξιῷ
1552 2090 1647 2145 καὶ

65 2188 320 2262 εὐωνύμῳ
350 2190 614 2261 κανονίῳο
648 2188 713 2243 τὸ
744 2188 865 2259 μὲν,
901 2188 977 2252 ὡς
1005 2185 1219 2259 εἴρηται
1250 2185 1338 2240 διὰ
1369 2183 1469 2257 τὴν
1533 2183 1648 2237 εἴσ-

70 2281 182 2336 οδον
210 2282 323 2336 τῶν
359 2283 533 2351 ἁγίων
565 2281 851 2354 νηστειῶν,
885 2282 1052 2353 ήγουν
1082 2280 1179 2352 τὴν
1222 2278 1640 2352 άποκρεὼσιμον

61 2374 268 2446 ἐορτὴν,
306 2375 371 2428 τὺ
399 2375 477 2438 δὲ,
506 2374 596 2428 διὰ
640 2372 704 2427 τδ
739 2373 1010 2446 σωτήριον
1053 2373 1267 2443 Πάσχα.
1312 2369 1500 2425 Ταῦτα
1548 2370 1644 2423 καὶ

1673 1783 1720 1840 Β

1745 1816 1846 1873 riis
1891 1821 1946 1871 ln
1975 1817 2203 1871 alteram
2256 1814 2619 1881 Dominicam,
2665 1818 2720 1871 in
2761 1817 2954 1871 dextro
3001 1831 3065 1871 ac
3094 1816 3318 1871 sinistro

1745 1910 2003 1965 canonio.
2036 1907 2280 1976 Quorum
2304 1908 2532 1964 alterum
2564 1908 2630 1963 ad
2669 1908 2974 1981 ingressum
3003 1916 3321 1965 sanctorum

1744 2003 2077 2074 jejuniorum
2098 2044 2113 2069 ,
2151 2002 2269 2059 sive
2303 2001 2659 2074 Carnisprivii
2706 2002 2905 2059 festum
2944 2021 2959 2058 :
2993 2003 3224 2057 alterum
3250 2000 3322 2056 ad

1747 2094 1989 2149 salutare
2014 2091 2227 2149 Pascha
2247 2092 2504 2149 refertur.
2530 2092 2807 2150 Hactenus
2828 2094 2895 2150 de
2917 2094 3211 2150 rubricatis
3234 2109 3321 2148 re-

1754 2184 2058 2255 gularibus,
2091 2193 2152 2238 ut
2175 2186 2450 2249 omnibus,
2484 2201 2608 2256 qua:
2663 2201 2875 2243 canone
2901 2187 3008 2243 isto
3028 2186 3322 2241 continen-

1749 2285 1839 2330 tur
1887 2276 2174 2345 expositis,
2203 2290 2396 2332 eorum
2425 2276 2500 2333 sit
2538 2278 2804 2334 studiosis
2844 2278 3142 2334 lectoribus
3169 2292 3322 2334 com-

1750 2367 2044 2439 prehensio
2075 2367 2274 2424 facilis.

59 2467 179 2537 περὶ
199 2466 314 2519 τῶν
340 2466 451 2521 ἀπὸ
481 2465 706 2538 σηρικοῦ
734 2465 1047 2538 προσθετῶν
1076 2464 1322 2537 ἡμερῶν,
1355 2464 1433 2528 ὡς
1464 2463 1530 2518 ἂν
1552 2463 1643 2517 διὰ
1674 2462 1892 2517 πάντων
1913 2462 2014 2532 τῆς
2050 2461 2192 2517 κατά
2218 2462 2339 2515 τόδε
2359 2462 2422 2515 τὸ
2471 2464 2716 2519 κανόνιον
2761 2464 3073 2538 ἐξηγήσεως
3110 2480 3323 2536 τρανω-

60 2559 238 2631 Oetam;
284 2562 333 2631 ἡ⁸
374 2559 485 2614 τῶν
522 2561 583 2613 ἐν
610 2559 760 2631 αὐτῷ
804 2559 1072 2631 κειμένων
1128 2558 1429 2630 κατάληψις
1481 2555 1641 2628 ῥᾳδία
1668 2556 1892 2627 γένηται
1920 2556 2033 2619 τοῖς
2060 2554 2384 2626 φιλοπόνοις.

123 2677 264 2745 Περὶ
295 2675 416 2730 τῶν
441 2674 720 2730 ἐπακτῶν
760 2675 870 2746 τῆς
902 2675 1191 2746 σελήνης,
1229 2674 1357 2743 πῶς
1395 2671 1572 2732 αὗται

661 2744 1041 2817 ψηφίζονται.

121 2857 251 2914 KZ'.
274 2858 497 2911 Τούτων
516 2857 574 2912 δὲ
596 2857 769 2923 οὕτως
791 2861 913 2932 είρη
921 2859 1117 2931 μένων,
1130 2859 1211 2912 δεῖ
1224 2859 1472 2932 περὶτῶν
1493 2860 1551 2912 ἐν
1564 2858 1647 2929 τῷ

54 2949 322 3022 εὐωνύμῳ
351 2949 586 3023 κανονίῳ
611 2950 959 3021 τεταγμένων
987 2950 1236 3004 ἐπακτῶν
1276 2951 1376 3023 τῆς
1414 2950 1643 3023 σελήνης

1850 2676 1929 2730 De
1953 2676 2151 2745 epactis
2173 2674 2335 2741 (una,
2360 2676 2799 2747 quemadmodum
2823 2687 3204 2747 computentur.

1814 2858 2029 2916 XXVII.
2062 2858 2161 2916 IIis
2201 2860 2631 2931 animadversis,
2657 2862 2725 2919 de
2769 2864 2976 2934 epactis
3004 2864 3168 2926 lunae.
3199 2879 3322 2936 quas

1748 2954 1802 3009 in
1834 2955 2063 3011 sinistro
2101 2969 2312 3011 canone
2340 2964 2491 3022 sunt,
2525 2971 2708 3012 sermo
2740 2956 3321 3013 rursusinstituendus

52 3041 145 3094 καὶ
171 3038 332 3106 αὖθις
358 3040 742 3108 ἐπαναλαϐεῖν,
775 3044 871 3097 καὶ
901 3043 1074 3110 δεῖξαι
1108 3042 1226 3106 πῶς
1262 3035 1427 3096 αὗται
1458 3041 1638 3114 ψηφί-

1749 3054 1855 3112 est,
1889 3061 1953 3101 ac
1979 3047 2469 3104 demonstrandum
2491 3048 2765 3120 quomodo
2784 3050 3085 3121 computari
3107 3057 3161 3106 et
3187 3050 3321 3122 ipsa:

51 3133 257 3196 ξονται.
294 3133 415 3206 Χρὴ
446 3133 626 3188 τοίνυν
656 3134 718 3188 τὸ
745 3133 1096 3206 ἐνιστάμενον
1131 3135 1232 3204 τῆς
1262 3134 1493 3205 σελήνης
1524 3133 1646 3198 έτος

49 3226 545 3282 ἑνδεκαπλασιάσαι
562 3244 576 3257 ο
622 3221 735 3282 οἷον
762 3227 839 3292 ὡς
866 3228 960 3281 ἐπὶ
990 3218 1085 3281 τοῦ
1117 3227 1384 3298 παρόντος
1410 3227 1453 3281 δ’
1480 3228 1572 3281 καὶ
1613 3234 1641 3279 ι’

53 3319 144 3373 καὶ
177 3320 283 3385 τὰς
314 3323 381 3374 ὲκ
404 3318 502 3373 τοῦ
533 3319 1018 3392 πολυπλασιασμοῦ
1040 3320 1409 3390 συναγομένας
1432 3319 1647 3391 ἡμέρας

53 3412 161 3480 ρνδ’
213 3411 439 3482 ποιῆσαι
473 3412 626 3485 παρὰ
655 3410 749 3467 δύο
785 3411 1020 3484 ἡμέρας,
1048 3410 1137 3465 διὰ
1169 3409 1232 3463 τὸ
1286 3410 1502 3483 πρῶτον
1546 3411 1647 3481 τῆς

50 3501 286 3574 σελήνης
324 3503 449 3568 ἔτος
485 3505 531 3557 θ’
560 3504 725 3574 μόνον
753 3503 997 3566 ἐπακτὰς
1021 3501 1166 3573 ἔχειν
1188 3518 1202 3532 ·
1239 3502 1335 3556 καὶ
1361 3501 1534 3565 οὕτως
1565 3503 1646 3565 είς

44 3596 137 3647 τὸν
171 3594 240 3659 λ’,
271 3593 360 3648 διὰ
390 3596 520 3658 τοὺς
562 3595 896 3665 ἐμϐολίμους
940 3597 1115 3666 μῆνας
1158 3595 1363 3660 ταύτας
1401 3594 1642 3667 μερίσαι.

46 3686 210 3755 Λέγω
256 3686 315 3742 δὲ
357 3687 459 3752 τὰς
511 3686 621 3757 ρν6⁹
650 3687 873 3752 καὶτὰς
897 3686 1354 3758 ὑπολειπομένας,
1398 3687 1646 3742 τουτέστι

40 3779 144 3843 τὰς
191 3779 291 3833 δύο
322 3780 563 3852 ἡμέρας,
589 3779 832 3843 ἐπακτὰς
862 3778 1008 3850 ἔχειν
1046 3779 1108 3833 τὸ
1131 3780 1230 3851 τῆς
1272 3781 1503 3852 σελήνης
1528 3780 1646 3844 έτος

41 3870 412 3941 {minamur
449 3868 514 3933 ἃς
567 3872 662 3923 καὶ
712 3869 1198 3941 διαγεγραμμένας
1241 3869 1356 3941 ἔχει
1407 3869 1469 3923 τὸ
1515 3870 1646 3924 αὐτὸ

36 3957 84 4016 δ’
116 3958 218 4012 καὶ
250 3965 280 4010 ι’
307 3958 429 4021 ἔτος
467 3959 526 4010 ἐν
559 3958 695 4028 τῷδε
725 3957 802 4028 τῷ
828 3960 1082 4029 κανονίῳ.
1105 3958 1293 4023 Οὕτως
1318 3956 1411 4014 οὖν
1434 3961 1529 4013 καὶ
1558 3961 1645 4014 ἐπ’

39 4049 212 4103 ἄλλου
273 4049 477 4112 παντὸς
524 4048 678 4114 ἔτους
734 4050 964 4121 σελήνης
1024 4052 1286 4122 προσήκει
1324 4054 1517 4105 ποιεῖν.
1543 4047 1648 4106 Αὖ-

36 4157 130 4195 ται
186 4141 249 4195 δὲ
296 4142 540 4195 ἐπακτιεὶ
566 4143 773 4214 ἡμέραι
808 4143 1186 4214 τυγχάνουσιν,
1213 4142 1279 4207 ἃς
1304 4144 1364 4196 τὸ
1406 4143 1525 4207 ἔτος
1548 4145 1646 4215 τῆς

36 4235 283 4305 σελήνης
312 4234 494 4306 πάντη
528 4252 586 4288 τε
616 4235 711 4288 καὶ
744 4235 964 4299 πάντως
992 4236 1115 4307 ἕχον
1149 4237 1463 4309 εὑρίσκεται
1504 4237 1646 4291 κατὰ

32 4325 139 4396 τὴν
191 4324 467 4398 τριακάδα
513 4324 737 4398 πρώτην
772 4325 865 4379 τοῦ
900 4327 1148 4398 Μαρτίου
1192 4328 1381 4399 μηνός.
1425 4328 1645 4400 Ἐπειδὴ

1747 3134 2001 3192 debeant.
2040 3134 2209 3207 Igitur
2240 3147 2551 3194 currentem
2598 3155 2801 3194 annum
2834 3140 2975 3195 luna:
3008 3156 3106 3211 per
3151 3139 3322 3196 unde-

1746 3226 1851 3280 cim
1880 3227 2244 3298 multiplicare
2282 3238 2499 3299 oportet
2530 3246 2544 3282 :
2570 3238 2629 3284 ut
2662 3230 2894 3301 exempli
2936 3246 3125 3298 causa,
3150 3231 3318 3299 hunc,

1746 3321 1840 3391 qui
1864 3319 2047 3392 agitur
2075 3322 2238 3379 modo
2264 3338 2378 3376 xw.
2408 3320 2690 3377 Summam
2725 3322 2849 3378 inde
2880 3323 3166 3379 collectam
3196 3324 3318 3380 die-

1745 3424 1866 3464 rum
1918 3422 2063 3476 cur,
2113 3409 2328 3466 duobus
2370 3411 2619 3468 minuere
2656 3429 2668 3466 :
2708 3412 2852 3483 quod
2886 3414 3097 3484 primus
3142 3428 3322 3470 annus

1752 3500 1895 3557 luna:
1926 3518 1982 3558 ιι
2004 3502 2383 3558 tantummodo
2412 3510 2635 3574 epactas
2663 3503 2879 3559 habeat.
2914 3502 3108 3560 Postea
3132 3506 3186 3560 in
3212 3524 3321 3562 ιιι

1746 3586 1939 3666 partiri
1981 3609 2089 3659 cui
2135 3595 2262 3651 illos
2308 3594 2427 3652 dies
2458 3604 2683 3667 propter
2714 3596 3039 3652 embolimos
3079 3611 3318 3652 menses.

1747 3683 2040 3755 Reliquum
2068 3692 2154 3740 est
2183 3683 2434 3749 biduum,
2461 3699 2584 3755 qua:
2602 3683 2732 3738 anni
2754 3682 2915 3739 istius
2935 3690 3141 3754 epactae
3166 3689 3319 3745 sunt,

1746 3786 1802 3833 et
1824 3777 1892 3831 ad
1919 3778 2169 3832 eumdem
2187 3791 2392 3831 annum
2414 3776 2557 3830 luna:
2577 3791 2670 3830 xw
2698 3775 2754 3829 iu
2771 3789 2982 3831 canone
3009 3774 3318 3845 descripta.

1747 3869 1890 3924 Idem
1926 3872 1979 3924 in
2004 3869 2219 3926 caeteris
2253 3869 2511 3924 omnibus
2539 3868 2700 3924 anuis
2729 3869 2871 3923 luna:
2904 3866 3084 3922 facere
3125 3881 3323 3923 conve-

1748 3963 1850 4020 nit.
1881 3961 2057 4017 Porro
2087 3967 2295 4031 epactaa
2317 3960 2434 4013 istae
2454 3958 2570 4013 dies
2600 3966 2748 4021 sunt,
2777 3974 2916 4028 quos
2945 3974 3147 4013 annum
3180 3958 3324 4015 luna

1747 4068 1981 4126 prorsus
2029 4051 2233 4106 habere
2285 4050 2674 4119 cognoscimus
2703 4049 2757 4104 in
2801 4050 2892 4105 die
2938 4048 3117 4102 Martii
3166 4063 3317 4104 xm.

1749 4145 1901 4212 Quos
1930 4143 2149 4213 quidem
2179 4141 2324 4198 scire
2361 4141 2612 4204 interest,
2646 4149 2707 4195 ut
2743 4148 2966 4212 quotum
3004 4141 3145 4195 lunae
3174 4139 3319 4214 diem

1750 4238 1806 4292 in
1838 4235 2084 4308 quolibet
2100 4233 2371 4288 mensium
2398 4233 2690 4289 duodecim
2726 4239 3065 4303 computare,
3089 4238 3143 4287 et
3172 4231 3322 4287 invo-

1753 4329 1954 4399 stigare
1975 4325 2270 4397 possimus.

29 4417 254 4481 ταύτας
290 4416 381 4471 ἀεὶ
405 4416 525 4472 δέον
581 4418 728 4471 ἐστὶν
777 4416 977 4471 εἰδέναι
1036 4420 1202 4473 πόσαι
1248 4419 1577 4491 τυγχάνουσι
1619 4440 1631 4450 ·
1667 4417 2001 4475 λυσιτελοῦσι
2047 4417 2155 4490 γὰρ
2204 4419 2284 4481 εἰς
2333 4417 2392 4471 τὸ
2434 4418 2532 4489 τὴν
2574 4418 2835 4471 ποσταίαν
2874 4416 2976 4485 τῆς
3001 4414 3230 4486 σελήνης
3262 4414 3323 4467 ἐν

30 4506 267 4579 ἑκάστῳ
294 4507 405 4562 τῶν
441 4507 764 4562 δυοκαίδεκα
792 4507 976 4580 μηνῶν
1001 4508 1338 4580 ψηφίζεσθαι
1371 4512 1468 4565 καὶ
1493 4510 1866 4583 εὑρίσκεσθαι.

105 4625 256 4692 Πῶς
285 4627 358 4680 ἐν
385 4625 623 4691 ἑκάστῳ
655 4626 804 4699 μηνί
836 4626 948 4695 τῆς
976 4627 1248 4696 σελήνης
1275 4630 1579 4683 tractatur

1787 4628 2062 4699 Quomodo
2091 4629 2146 4683 in
2178 4644 2484 4699 unoquoque
2517 4644 2690 4682 mense
2730 4629 2869 4682 (una
2889 4634 3106 4695 quotam
3145 4623 3284 4679 diem

660 4698 1042 4767 εὑρίσκομεν.

99 4815 254 4868 KH'.
276 4806 406 4866 Οἴον
429 4812 530 4875 τὰς
561 4811 668 4865 ἀπὸ
686 4811 786 4882 τῆς
816 4811 1331 4883 πρὼτηςἈπριλίου
1360 4814 1522 4886 μέχρι
1540 4814 1641 4885 τῆς

21 4905 401 4979 ζητουμένης
444 4906 503 4956 ἐν
541 4904 838 4975 οἱῳδὴποτε
884 4904 1015 4975 μηνὶ
1058 4904 1349 4976 Ῥωμαῖκῷ
1376 4906 1639 4970 ποσταίας

18 5001 268 5072 ἡμέρας
322 4995 669 5067 ἀθροίζομεν.
703 4995 814 5049 Καὶ
866 4994 1072 5059 ταύτας
1120 4996 1503 5068 έπιϐάλλομεν
1539 4996 1640 5061 τὰς

17 5094 156 5164 είρη
166 5090 352 5161 μένας
382 5086 486 5156 τῆς
513 5085 741 5158 σελήνης
787 5086 1051 5149 ὲπακτάςο
1082 5086 1150 5149 ἃς
1201 5087 1428 5158 ἔχουσα,
1460 5086 1640 5151 καθὼς

17 5187 206 5255 ἔφην,
232 5180 554 5253 εὑρίσκεται
582 5178 722 5233 κατὰ
747 5178 845 5249 τὴν
873 5180 1169 5251 εἰρημένην
1195 5180 1461 5252 τριακάδα
1492 5180 1640 5254 πρώ-

16 5292 131 5345 την
175 5270 285 5325 τοῦ
338 5268 588 5340 Μαρτίου
631 5268 815 5339 μηνός.
860 5268 972 5321 Καὶ
1004 5272 1085 5333 είς
1110 5269 1208 5334 τὰς
1234 5270 1317 5324 κθ¹
1342 5273 1512 5342 ἥμισυ
1541 5269 1641 5334 τὰς

15 5368 167 5429 ὅλας
216 5362 554 5434 μερίζομεν⁸
590 5360 684 5412 καὶ
724 5359 823 5423 τὰς
868 5361 1246 5430 ἀπομενούσας
1280 5361 1506 5433 ἔχουσαν
1539 5360 1638 5434 τὴν

16 5456 290 5528 σελήνην
340 5455 704 5524 γινώσκομεν.
737 5454 923 5508 Ταῦτα
969 5454 1064 5508 καὶ
1095 5454 1227 5526 περὶ
1261 5455 1360 5525 τῆς
1401 5454 1509 5509 τῶν
1541 5457 1638 5510 ἐπ·
1686 5496 1691 5501 .

15 5547 238 5603 ιικτῶν
276 5544 378 5615 τῆς
413 5544 641 5615 σελήνης
678 5545 897 5616 μεθόδου
926 5562 983 5598 τε
1014 5546 1107 5600 καὶ
1136 5544 1422 5615 εὑρέσεως.

124 5707 187 5739 τ’
224 5704 264 5771 ί.
295 5700 671 5772 έδδομαδικὸς.

2379 4700 2689 4769 reperimus.

1751 4793 1792 4814 F
1822 4810 2060 4870 XXVIII.
2096 4811 2222 4868 Dies
2267 4826 2479 4873 omnes,
2515 4809 2609 4878 qui
2646 4824 2677 4863 a
2725 4807 2984 4866 Kalendis
3017 4807 3218 4879 Aprilis
3249 4808 3319 4864 ad

1748 4906 1898 4962 diem
1931 4906 2140 4961 mensis
2170 4903 2467 4975 cujuslibet
2503 4901 2736 4957 Romani
2779 4901 3074 4967 ﬂuxerunt,
3107 4901 3321 4972 colligi-

1749 5013 1903 5054 mus.
1934 4996 2032 5053 Iiis
2067 5005 2289 5069 epactas
2312 4996 2474 5063 lunte,
2506 4994 2574 5051 de
2600 4996 2802 5066 quibus
2823 4993 3028 5049 dictum
3055 5000 3162 5056 est,
3180 4993 3318 5063 adji-

1747 5093 1949 5156 cimus,
2001 5105 2367 5161 quascunque
2394 5089 2484 5145 die
2526 5087 2707 5143 Martii
2743 5103 2870 5144 ιιιι
2905 5087 3095 5143 sortita
3130 5086 3316 5144 fuerit.

1722 5248 1725 5251 Α
1749 5182 2032 5238 Summam
2054 5199 2150 5255 per
2166 5199 2296 5237 ιιιχ
2327 5183 2431 5254 l/2
2456 5183 2724 5253 partimur
2743 5198 2757 5250 ;
2775 5182 3044 5253 reliquum
3074 5189 3158 5239 est
3188 5189 3320 5236 aetas

1748 5276 1915 5331 quat.
1954 5272 2082 5330 Haec
2111 5274 2179 5330 de
2211 5274 2359 5332 quat
2388 5283 2702 5347 epactarum
2743 5273 3017 5342 metliodo,
3047 5283 3100 5330 et
3133 5274 3320 5329 inuno

1744 5368 1895 5424 tione
1931 5367 2077 5424 dicta
2109 5367 2241 5424 sint.
