3800 6334
491 319 626 376 1237

564 435 636 486 lle
664 439 861 500 eputu
888 427 1040 491 satis,
1065 421 1326 495 quomodo
1357 433 1405 477 et
1439 424 1568 492 ipsa
1597 429 1983 490 computentur.

566 612 756 668 XXIX.
788 608 1138 681 Explicandaa
1159 616 1288 663 sunt
1315 606 1574 674 deinceps
1594 612 1798 675 epactz
1827 604 2056 666 salares,

492 721 558 760 ac
590 698 1046 774 quemadmodum
1083 697 1417 768 investigare
1442 711 1536 752 eas
1571 702 1842 764 oporteat.
1875 694 2061 761 Itaque

495 795 774 867 proposito
807 805 952 846 anno
982 789 1114 844 solis
1162 788 1429 858 quolibet,
1469 796 1529 841 ut
1564 785 1666 840 boc
1701 786 1821 853 ipso
1850 799 2060 840 xxviii:

495 887 735 950 totidem,
769 897 878 938 una
927 881 1182 952 dempta,
1232 878 1584 934 numeranda:
1624 884 1753 932 sunt
1791 876 1930 939 dies,
1959 873 2063 928 hoc

491 990 575 1036 est
601 992 771 1032 nm.
795 975 1138 1043 Quadrantes
1179 981 1384 1036 autem,
1432 970 1585 1025 nullo
1631 969 1900 1026 detracto.
1931 976 2064 1038 quot

493 1083 720 1125 summa:
745 1069 844 1120 toti
865 1071 1202 1135 cOmpetunt,
1223 1061 1570 1125 assumendi;
1592 1066 1720 1128 puta
1738 1073 1907 1111 xxviii
1931 1072 2066 1126 qua--

491 1164 776 1221 drifariam
794 1162 1008 1227 divisis,
1041 1163 1177 1214 liunt
1200 1160 1389 1229 utique
1409 1158 1526 1213 dies
1549 1173 1624 1211 vn
1648 1157 1882 1226 ;quibus
1911 1155 2065 1210 addi-

490 1258 584 1319 tis,
619 1268 887 1310 summam
950 1269 1113 1308 xxnv
1139 1253 1349 1307 dierum
1385 1267 1480 1318 per
1510 1265 1584 1302 vn
1623 1249 1804 1303 divide
1845 1255 2066 1318 propter

493 1346 886 1401 hebdomadas.
916 1344 1238 1404 Residuum,
1259 1345 1359 1397 hoc
1380 1350 1466 1396 est
1488 1357 1539 1395 vi
1561 1341 1702 1403 dies,
1731 1355 1830 1410 pro
1860 1339 2066 1409 epactis

491 1441 763 1494 obtinebit
794 1439 883 1492 hic
909 1453 1086 1493 annus
1112 1451 1468 1508 nvntnquas
1489 1434 1555 1489 ad
1585 1433 1836 1489 eumdem
1862 1447 2064 1486 annum

495 1534 780 1602 posuimus
813 1531 868 1585 in
901 1545 1111 1585 canone
1144 1549 1158 1583 :
1190 1537 1251 1584 ut
1305 1528 1373 1582 ad
1408 1538 1642 1581 caeteros
1695 1539 1818 1595 qua:
1867 1525 2068 1593 cuique

494 1622 899 1691 competebant.
929 1621 1072 1674 ldem
1107 1619 1194 1674 {ac
1226 1620 1281 1673 in
1309 1618 1416 1672 alio
1446 1615 1640 1688 quovis
1671 1629 1838 1680 anno,
1866 1621 1926 1670 ut
1947 1613 2067 1684 ejus

495 1720 718 1784 epactas
739 1727 1054 1782 assequare.

534 1915 810 1982 Quomodo
845 1915 1096 1985 aequales,
1132 1923 1224 1966 aut
1245 1913 1546 1985 excedente:
1573 1915 1792 1967 inuicem
1819 1923 2034 1982 φασιν

964 1985 1188 2038 habeant
1209 1985 1336 2037 anni
1368 1983 1590 2038 salares.

571 2101 740 2156 XXX.
768 2103 959 2155 Annus
990 2102 1169 2155 omnis
1196 2099 1397 2155 solaris
1427 2098 1569 2153 diem
1598 2115 1721 2153 cum
1767 2101 2071 2170 quadrante

504 2211 604 2265 pro
630 2195 838 2265 epactis
873 2193 1150 2262 relinquit.
1180 2193 1313 2260 Qua:
1343 2193 1475 2248 nihil
1498 2192 1644 2246 aliud
1678 2202 1810 2248 sunt
1843 2193 2071 2246 omnino

506 2293 700 2355 praeter
723 2285 867 2340 diem
902 2285 1053 2338 illum
1088 2300 1214 2338 cum
1244 2283 1684 2355 quadrante,qui
1713 2289 1835 2352 post
1866 2281 2065 2336 hebdo-

505 2377 694 2433 madas
740 2391 817 2431 ιιι
866 2377 1110 2446 integras
1155 2375 1222 2429 de
1256 2388 1459 2429 cccuv
1498 2374 1599 2444 ιχι
1638 2381 1932 2443 superest:
1974 2372 2070 2429 sed

503 2468 664 2532 duos,
695 2468 780 2523 vel
813 2475 949 2533 tres,
1000 2467 1086 2521 vel
1136 2473 1396 2536 quatuor,
1437 2475 1492 2520 et
1539 2466 1606 2520 ad
1647 2473 1855 2536 septem
1898 2481 2074 2534 usque

505 2560 706 2614 habere
731 2559 956 2624 dicitur,
997 2558 1143 2629 quod
1182 2557 1325 2614 diem
1359 2559 1512 2613 illum
1542 2568 1596 2612 et
1622 2559 1726 2628 i/2
1763 2559 1830 2613 ad
1862 2573 1920 2614 se
1947 2575 2074 2612 mu-

507 2660 599 2706 tuo
621 2652 1022 2715 transmittant,
1058 2661 1113 2706 et
1144 2658 1470 2721 augeantur.
1511 2649 1647 2704 Nam
1693 2651 1761 2705 ad
1805 2651 2073 2723 integram

506 2739 925 2805 hebdomadam,
968 2751 1333 2812 septenosque
1369 2742 1486 2796 dies
1513 2741 1708 2796 ordine
1732 2743 1790 2794 lit
1822 2756 2077 2812 progres-

507 2833 610 2888 sio.
661 2830 815 2887 Unde
843 2849 1039 2888 rursus
1085 2831 1152 2886 ad
1187 2832 1406 2886 initium
1444 2831 1677 2886 reditur.
1707 2830 1842 2886 Cum
1891 2839 2075 2885 autem

510 2923 781 2979 bisextilis
811 2939 991 2979 annus
1013 2931 1122 2987 est,
1155 2931 1320 2994 atque
1340 2939 1408 2979 ex
1431 2923 1775 2994 quadriennii
1804 2923 2078 2993 quadran-

508 3016 656 3072 tibus
699 3016 819 3072 dies
863 3032 973 3071 una
1004 3016 1304 3087 colligitur,
1331 3031 1395 3071 ea
1438 3015 1766 3081 accedente,
1798 3016 2076 3086 sequentis

1505 308 1596 362 AD
1633 305 1902 363 EUSEBII
1937 305 2333 364 Cll‘RONlCO-N
2372 310 2737 368 APPENDIX.

3591 318 3710 373 ιω

2083 424 2131 480 Α
2155 422 2298 490 Περὶ
2353 424 2471 477 τῶν
2509 425 2783 479 ἐπαιτῶν
2821 428 2926 482 τοῦ
2983 428 3185 494 ἡλίου,
3229 427 3360 494 πῶς
3412 429 3510 482 καὶ
3558 427 3714 486 οὗτοι

2395 527 2432 535 -
2756 497 3131 566 ψηφίζονται.

2230 601 2358 654 ΚΘν.
2393 605 2484 656 Δεῖ
2497 604 2552 657 δὲ
2563 607 2657 658 καὶ
2670 605 2914 677 περὶτῶν
2930 607 3166 677 ἡλιακῶν
3181 607 3443 660 ὲπακτῶν
3453 610 3713 681 γνωρίσαι,

2160 691 2278 756 πῶς
2294 694 2389 747 καὶ
2400 695 2598 759 ταυτας
2615 698 2733 750 ἐστὶ
2746 699 3090 753 καταλαϐεῖν.
3108 701 3154 752 Χ
3163 700 3229 770 ρὴ
3242 701 3424 754 τοίνυν
3435 701 3513 771 τῷ
3528 704 3716 756 ἐνιστα-

2165 786 2311 856 μένῳ
2359 786 2571 858 ἡλιακῴ
2611 788 2741 854 ἔτει,
2771 789 2902 860 φέρε
2931 793 3102 844 εἰπεῖν
3129 792 3205 854 ὡς
3233 793 3326 845 ἐπὶ
3351 792 3447 845 τοῦ
3476 795 3714 865 παρόντος

2163 884 2247 948 κη’
2294 877 2470 943 ἔτους,
2519 880 2838 951 ἰσαρίθμους
2888 883 3035 953 αὐτῷ
3073 888 3297 954 κρατεῖν
3331 885 3546 956 ἡμέρας
3589 889 3718 960 παρὰ

2166 970 2296 1040 μίαν
2336 970 2503 1041 μόνην
2531 973 2767 1044 ἡμέραν,
2799 975 3079 1027 τουτέστιν
3103 975 3184 1040 κζ’
3208 976 3450 1046 ἡμέρας,
3482 978 3720 1048 ἰσάριθμα

2162 1060 2222 1114 δὲ
2254 1061 2489 1133 τέταρτα
2547 1065 2676 1136 παρ’
2705 1065 2825 1118 οὐδὲ
2874 1064 2932 1118 ἓν
2976 1066 3234 1138 τέταρτον
3264 1064 3423 1130 αὖθις
3455 1085 3722 1140 συμπαραο

2165 1152 2478 1224 λαμϐάνειν·
2519 1157 2795 1210 τουτέστιν
2824 1166 2930 1228 κη’,
2957 1159 3048 1221 ὁδ’,
3076 1159 3218 1230 άπερ
3250 1158 3497 1212 ποιοῦσιν
3533 1161 3721 1230 ἡμέρας

2165 1247 2448 1317 προδήλως
2493 1248 2662 1301 ἑπτά·
2697 1251 2790 1301 καὶ
2822 1248 2994 1312 οὕτως
3022 1249 3122 1312 τὰς
3148 1251 3300 1313 ὅλας,
3326 1251 3497 1320 ἡγουν
3532 1251 3625 1313 τὰς
3660 1250 3720 1303 λιν

2169 1337 2411 1406 μερίζειν
2444 1340 2523 1400 εἰς
2549 1338 2646 1408 τὴν
2673 1339 2715 1403 ζ’
2758 1339 2846 1393 διὰ
2870 1340 2969 1404 τὰς
2989 1339 3309 1412 ἑϐδομάδας.
3339 1342 3452 1394 Καὶ
3480 1340 3575 1404 τὰς
3608 1342 3722 1394 ﬁm-

2165 1426 2404 1490 λοίπους,
2435 1430 2678 1482 τουτέστι
2700 1430 2799 1494 τὰς
2826 1439 2878 1495 ς’
2906 1432 3140 1502 ἡμέρας,
3163 1433 3412 1496 ὲπακτὰς
3436 1432 3556 1502 ἔχον
3581 1432 3725 1500 γινώ-

2168 1533 2358 1570 σκεται
2398 1517 2459 1570 τὸ
2504 1519 2636 1572 αὐτὸ
2674 1527 2759 1590 κη’
2789 1520 2936 1584 ἔτος·
2965 1519 3030 1584 ἃς
3052 1524 3110 1575 ὲν
3143 1521 3295 1593 αὐτῷ
3328 1524 3425 1576 καὶ
3451 1523 3724 1595 διεγράψα-

2170 1627 2270 1680 μεν
2315 1611 2373 1662 ὲν
2413 1609 2546 1680 τῷδε
2586 1612 2666 1682 τῷ
2697 1613 2945 1684 κανονίῳ,
2969 1613 3112 1666 καθὰ
3144 1615 3377 1678 καὶτοῖς
3414 1615 3615 1679 λοιποῖς
3643 1617 3726 1680 τὰς

2171 1704 2535 1773 προσφόρους.
2574 1703 2759 1768 Οὕτως
2792 1701 2884 1758 οὖν
2931 1707 3027 1759 καὶ
3061 1707 3146 1758 ἐπ’
3187 1706 3350 1760 ἄλλον
3396 1709 3594 1770 παντός
3631 1711 3727 1761 ἐστι

2170 1798 2344 1847 ποιεῖν
2368 1798 2447 1860 εἰς
2476 1796 2695 1868 εὕρεσιν
2725 1797 2835 1851 τῶν
2864 1798 3028 1851 αὑτοῦ
3050 1798 3330 1852 ἐπαιτῶν.

2166 1905 2302 1973 Πῶς
2350 1908 2448 1961 καὶ
2497 1909 2656 1974 ἴσας,
2691 1910 2789 1963 καὶ
2837 1911 3114 1978 περιττὰς
3167 1909 3465 1975 ἀλλήλων
3492 1909 3731 1973 sum,

2543 1979 2758 2049 ἔχουσι
2787 1983 2860 2034 τὰ
2885 1980 2992 2034 τοῦ
3032 1981 3213 2048 ἡλίου
3244 1981 3378 2046 ἐτη.

2239 2092 2316 2144 Δ’.
2349 2091 2618 2145 Ἕκαστσν
2655 2094 2756 2163 μὲν
2798 2094 2907 2164 γὰρ
2937 2093 3055 2158 ἔτος
3086 2095 3238 2165 ἡλίου
3270 2094 3405 2164 μίαν
3433 2093 3729 2160 τέταρτον⁸⁹

2170 2183 2433 2256 κέκτηται
2459 2187 2723 2256 έπακτὴν,
2753 2187 2853 2239 οὐκ
2885 2185 3050 2256 ἄλλην
3073 2183 3240 2240 οὖσαν
3261 2187 3323 2238 τὸ
3360 2186 3578 2238 σύνολον
3598 2185 3626 2255 ἡ
3647 2185 3732 2253 τὴν

2171 2277 2311 2345 μετὰ
2341 2277 2441 2340 τὰς
2485 2277 2565 2348 νβ’
2603 2279 2903 2349 ἑϐδομάδας
2931 2277 3359 2349 περιττεύουσαν
3395 2279 3460 2330 ὲκ
3491 2275 3593 2328 τῶν
3621 2274 3733 2340 tif,

2168 2365 2210 2418 δ’
2233 2366 2488 2438 ἡμερῶνο
2526 2367 2620 2421 δύο
2645 2369 2722 2433 δὲ,
2760 2370 2854 2422 καὶ⁸
2885 2376 2955 2438 γ’,
2992 2369 3087 2422 καὶ
3119 2368 3182 2431 δ’,
3206 2369 3301 2422 καὶ
3339 2369 3533 2440 μέχρις
3572 2366 3734 2428 ἁπλῶς

2169 2455 2279 2510 τῶν
2309 2457 2354 2522 ζ’
2379 2458 2595 2526 λέγεται
2645 2460 2789 2530 ἔχειν
2826 2460 2915 2514 διὰ
2942 2461 3040 2531 τὴν
3075 2460 3136 2526 ἐξ
3168 2460 3418 2531 ἀλλήλων
3452 2462 3531 2522 εἰς
3558 2457 3735 2527 ἄλληλα

2171 2547 2465 2620 γινομένην
2486 2549 2688 2620 ταύτης
2718 2550 2775 2603 δὲ
2802 2550 2902 2619 τῆς
2932 2551 3060 2622 μιᾶς
3089 2549 3356 2621 τέταρτον
3384 2550 3733 2621 παραπομπήν

2171 2660 2233 2696 τε
2266 2644 2358 2697 καὶ
2390 2642 2637 2716 αὔξησιν.
2669 2646 2816 2708 Ἕως
2845 2645 2953 2716 γὰρ
2985 2645 3085 2714 τῆς
3110 2645 3487 2716 ἑὸδομαδικῆς
3512 2643 3734 2714 συμτ-ληο

2181 2733 2419 2806 ρὼσεως,
2446 2736 2614 2805 ἡγουν
2643 2737 2748 2789 τῶν
2789 2736 2832 2800 ζ’
2875 2736 3120 2807 ἡμερῶν,
3155 2737 3279 2791 καθ’
3318 2737 3516 2808 εἱρμὸν
3553 2737 3606 2788 ἐν
3641 2736 3736 2797 τοις

2175 2827 2350 2879 ἐτεσιν
2378 2827 2718 2898 αὐξανομένη
2740 2828 2899 2882 πάλιν
2922 2828 3251 2900 άπάρχεται.
3277 2828 3488 2882 Καθότι
3512 2829 3566 2881 δὲ

2174 2919 2266 2972 τόν
2312 2922 2465 2984 ἐστι,
2495 2921 2588 2973 καί⁵
2642 2922 2707 2974 ὲκ
2745 2921 2856 2974 τῶν
2907 2921 3187 2990 τετάρτων
3216 2921 3318 2992 τῆς
3346 2919 3734 2990 τετραετηρΜ

2177 3013 2527 3085 ἀθροισθεῖσα
2575 3014 2671 3084 μία
2715 3013 2918 3085 ἡμέρα,
2969 3013 3093 3066 κατ’
3151 3013 3511 3083 ἑπίκλησιν⁸¹
3563 3011 3735 3078 ταύτης

510 3103 903 3159 incrementum
931 3105 1061 3158 anni
1103 3121 1213 3159 uno
1245 3105 1333 3159 die
1364 3105 1424 3159 ﬁt
1448 3104 1650 3174 majus.
1680 3104 1818 3159 Nam
1847 3121 1947 3176 pro
1970 3121 2079 3160 uno

2183 3105 2410 3177 περιττὴ
2450 3123 2566 3169 πως
2595 3107 2628 3177 ἡ
2658 3104 2768 3158 τῶν
2800 3105 3054 3158 ὲπακτῶν
3075 3103 3174 3158 τοῦ
3203 3099 3586 3175 διαδεχομένου
3611 3102 3737 3162 ἔτους

511 3193 734 3248 biduum
760 3194 959 3266 accipit
993 3214 1007 3249 :
1042 3194 1188 3265 quod
1226 3195 1282 3248 in
1313 3209 1461 3248 anno
1502 3195 1623 3266 ipso
1662 3212 1830 3250 xxviii
1858 3212 2082 3252 cernere

510 3287 655 3342 licet.
673 3285 883 3357 Quippe
907 3287 1236 3342 antecedens
1253 3286 1430 3358 ipsum
1455 3302 1657 3354 annus,
1687 3288 1792 3344 hoc
1805 3297 1888 3344 est
1910 3305 2079 3350 xxvii.

517 3385 758 3450 quatuor
779 3379 1047 3434 duntaxat
1078 3380 1278 3446 habet;
1316 3389 1374 3434 at
1414 3379 1506 3434 ille
1531 3389 1755 3451 propter
1781 3381 1886 3436 diei
1919 3382 2082 3436 unius

511 3471 882 3527 accessionem
909 3487 1007 3526 sex
1043 3471 1145 3527 sibi
1176 3471 1436 3526 vindicat.
1461 3471 1616 3527 Unde
1650 3488 1826 3543 neque
1855 3474 1908 3526 in
1931 3488 2082 3528 eam-

511 3559 634 3617 dem
675 3561 866 3617 fer'iam
897 3577 1081 3618 annus
1127 3563 1220 3618 ille
1251 3578 1400 3617 xxvu
1433 3563 1632 3627 desiit,
1672 3580 1703 3618 a
1730 3580 1838 3635 qua
1868 3565 2083 3619 initium

515 3653 726 3708 habuit.
751 3652 885 3706 Nam
914 3653 960 3707 si
989 3653 1108 3708 dies
1134 3661 1346 3707 tantum
1372 3655 1592 3710 haberet
1613 3670 1833 3719 cccuv,
1854 3656 1907 3709 in
1937 3671 2087 3710 eam-

515 3743 639 3801 dem
670 3744 967 3811 desineret,
999 3760 1032 3798 a
1061 3761 1170 3815 qua
1213 3755 1456 3816 cmperat
1492 3767 1504 3801 :
1540 3749 1688 3802 velut
1734 3764 1766 3802 a
1809 3749 2086 3804 Dominica

518 3837 575 3890 in
607 3834 971 3899 Dominicam,
1029 3846 1124 3892 aut
1161 3853 1191 3890 a
1216 3839 1456 3893 secunda
1504 3838 1639 3894 feria
1683 3842 1736 3894 in
1768 3840 2084 3895 secundam.

520 3921 629 3984 Sed
667 3929 924 3999 quoniam
944 3929 1138 3985 diebus
1169 3937 1387 3986 constat
1401 3945 1646 3996 cccuvn,
1679 3933 1799 3987 ideo
1823 3933 1876 3986 in
1909 3944 2089 4004 poste-

522 4022 718 4075 riorem
753 4036 838 4086 ea,
880 4019 1026 4075 unde
1073 4021 1260 4091 cmpit,
1291 4019 1486 4075 feriam
1543 4021 1762 4076 desinit.
1795 4020 1907 4077 Hoc
1935 4030 2018 4077 cst
2057 4038 2087 4076 a

525 4105 802 4168 Dominica
833 4113 888 4166 in
931 4111 1124 4166 feriam
1175 4112 1493 4176 secundam,
1522 4114 1605 4168 vel
1639 4113 1708 4168 ab
1752 4113 1853 4167 hac
1884 4114 1938 4167 in
1983 4124 2092 4168 ter-

522 4205 684 4270 tiam,
718 4214 773 4260 et
819 4205 890 4259 ita
926 4205 1204 4276 deinceps.
1251 4205 1334 4261 Ob
1384 4208 1525 4261 hanc
1583 4221 1805 4262 causam
1845 4207 2092 4263 tenendae

523 4306 651 4350 sunt
675 4298 805 4352 solis
825 4306 1053 4368 epactze,
1077 4306 1132 4353 et
1165 4300 1289 4364 hoc,
1321 4314 1431 4368 quo
1457 4299 1660 4353 dictum
1683 4308 1789 4366 est,
1824 4301 1984 4356 modo
2001 4318 2095 4370 pu-

2180 3195 2482 3267 ὲπαύξησις
2511 3196 2746 3265 γίνεται,
2773 3197 2866 3250 δύο
2898 3197 3114 3268 ἡμέρας
3154 3197 3277 3251 ἀντὶ
3322 3198 3456 3267 μιᾶς
3490 3194 3739 3266 προσλαμ-

2183 3289 2469 3353 ϐάνοντος·
2501 3289 2577 3353 ὼς
2602 3289 2750 3342 ἔστιν
2793 3289 2921 3342 ἰδεῖν
2957 3289 3042 3342 ἐπ’
3069 3287 3240 3343 αὐτοῦ
3270 3287 3371 3341 τοῦ
3407 3285 3736 3362 προκειμένου

2183 3389 2290 3450 κη’.
2325 3381 2609 3452 Τέσσαρας
2645 3381 2756 3452 γὰρ
2784 3380 2996 3451 ἔχοντος
3023 3379 3121 3433 τοῦ
3162 3380 3271 3450 πρὸ
3303 3379 3498 3442 αὑτοῦ.
3527 3377 3739 3432 τοκέα-ιι

2183 3471 2277 3525 τοῦ
2301 3471 2400 3537 κζ’,
2428 3472 2487 3539 ἒξ
2515 3471 2672 3526 τοῦτο
2699 3473 2786 3527 διὰ
2815 3472 2913 3543 τὴν
2936 3471 3124 3525 ἐκτῶν
3151 3471 3434 3544 τετάρτων
3475 3469 3741 3543 άθροισθεῖ·

2187 3580 2284 3617 σαν
2309 3564 2523 3636 ἡμέραν
2547 3566 2831 3636 ὲκτὴσατο.
2864 3564 3022 3618 Ὅθεν
3052 3565 3176 3616 οὐδὲ
3200 3565 3282 3627 εἰς
3313 3565 3416 3635 τὴν
3444 3565 3605 3632 αὐτὴν
3623 3561 3741 3631 ἡμέο

2187 3670 2308 3724 ραν,
2339 3652 2398 3719 ἐξ
2433 3647 2501 3724 ἦς
2549 3653 2852 3726 άπὴρξατο,
2898 3653 2990 3707 καὶ
3034 3651 3307 3723 κατέληξε
3351 3653 3416 3706 τὸ
3460 3653 3637 3723 λεχθὲν
3676 3650 3740 3712 κζ’

2186 3743 2323 3806 ἔτος.
2381 3743 2595 3815 Ἐπειδὴ
2625 3743 2715 3797 διὰ
2762 3746 2858 3815 μὲν
2902 3745 3010 3796 τῶν
3034 3744 3143 3808 τξε’
3171 3747 3253 3807 εἰς
3283 3744 3387 3817 τὴν
3421 3744 3482 3811 ἐξ
3506 3741 3572 3818 ἦς
3592 3747 3742 3814 ἀπῆρε

2189 3832 2316 3898 ξατο
2346 3834 2642 3905 καταλήγει
2669 3837 2882 3900 πάντως
2902 3853 2916 3866 ο
2954 3830 3064 3888 οἷον
3097 3836 3205 3889 ἀπὸ
3238 3837 3534 3908 Κυριακῆς
3555 3839 3627 3900 εἰς
3650 3835 3742 3888 Ka-

2189 3923 2414 3994 ριακὴν,
2445 3923 2478 3994 ἡ
2509 3923 2764 3997 δευτέρας
2793 3925 2870 3988 εἰς
2890 3924 3176 3995 δευτέραν.
3211 3924 3312 3977 Διὰ
3334 3925 3393 3978 δὲ
3415 3927 3523 3978 τῶν
3545 3925 3656 3988 τξς’
3678 3923 3742 3984 εἰς

2188 4012 2287 4084 τὴν
2342 4013 2480 4084 μετὰ
2516 4013 2612 4085 τὴν
2659 4015 2751 4084 ἀφ’
2789 4011 2858 4086 ἦς
2891 4015 3106 4085 ἡμέραν
3146 4015 3468 4087 ἀπὴρξατοο
3497 4016 3742 4070 τουτέστιν

2191 4107 2300 4160 ἀπὸ
2329 4108 2612 4180 Κυριακῆς
2629 4110 2706 4171 εἰς
2730 4108 3009 4180 δευτέραν,
3028 4107 3062 4177 ἢ
3093 4109 3202 4162 ἀπὸ
3226 4110 3438 4180 ταύτης
3459 4111 3536 4173 εἰς
3562 4107 3740 4180 τρίτην·

2192 4199 2288 4251 καὶ
2333 4193 2459 4269 ἑξῆς
2503 4199 2723 4269 ὁμοίως.
2753 4197 2853 4252 Διὰ
2897 4197 3072 4252 ταῦτά
3105 4216 3185 4252 τοι
3229 4201 3506 4270 προσήκει
3531 4196 3743 4250 ποείσθσι

2191 4289 2285 4342 τοῦ
2345 4289 2494 4359 ἡλίου
2550 4290 2802 4344 ὲπακτῶν
2858 4289 2955 4360 τὴν
3004 4292 3424 4363 παρατήρησιν,
3457 4291 3547 4344 καὶ
3573 4288 3741 4349 ταύτας

523 4388 718 4442 tandm.
758 4387 1049 4454 Nimirum,
1082 4395 1141 4444 ut
1189 4390 1371 4444 denuo
1411 4401 1724 4460 repetamus
1767 4391 1930 4453 idem,
1966 4393 2079 4446 toti-

2194 4379 2448 4452 ψηφίζειν
2468 4383 2608 4435 κατά
2629 4382 2719 4434 τὸν
2735 4380 3122 4451 ἀποδειχθέντα
3151 4382 3356 4453 τρόπον
3371 4399 3387 4414 ·
3421 4377 3552 4446 οἷον,
3570 4383 3646 4434 ἵνα
3670 4379 3742 4432 καὶ

523 4481 645 4535 dem
676 4480 814 4541 dies,
847 4489 1049 4550 quotus
1089 4489 1410 4536 numeratur
1449 4498 1626 4539 annus
1658 4485 1889 4554 quilibet
1922 4486 2090 4550 solis,

524 4587 632 4626 una
663 4574 844 4626 minus
861 4572 1206 4627 assumendae
1233 4582 1394 4641 sunt;
1423 4573 1618 4629 deinde
1647 4576 1802 4644 181
1821 4576 2095 4646 quadran-

523 4671 608 4720 tes
643 4665 1106 4734 integronuinero
1146 4666 1266 4720 sine
1319 4662 1662 4721 detractione
1706 4677 2089 4737 congruentes.

525 4757 749 4811 Summa
765 4772 860 4827 per
883 4772 956 4810 vn
993 4752 1283 4810 dividenda
1322 4776 1334 4810 :
1377 4757 1522 4827 quod
1565 4760 1832 4829 reliquutn
1860 4768 1965 4826 est,
1997 4761 2095 4816 da-

525 4850 605 4904 bit
631 4860 850 4919 epaetas
898 4850 1024 4904 anni
1065 4849 1213 4904 illius
1243 4865 1404 4920 quem
1434 4851 1750 4920 qumriinus.
1778 4850 1950 4908 Porro
1991 4869 2096 4909 nu-

526 4955 736 4997 merum
769 4939 980 4996 dierum
1012 4943 1172 4996 annis
1226 4956 1411 5012 parem
1454 4958 1562 4997 una
1591 4943 1680 4999 die
1737 4945 2092 5001 minuendum

527 5033 915 5104 praecepimus,
947 5035 1206 5104 quoniam
1240 5034 1450 5104 primus
1491 5051 1666 5092 annus
1699 5037 1882 5092 nullas
1933 5038 2096 5091 habet

532 5124 798 5193 ascriptas
819 5132 1062 5193 epactas,
1112 5125 1258 5193 quod
1293 5141 1324 5178 a
1357 5127 1530 5194 prima
1561 5125 1696 5181 feria
1743 5129 1845 5182 hoc
1873 5134 1958 5182 est
1987 5125 2098 5183 Do-

530 5215 730 5268 minica
770 5213 1077 5270 deﬁniatur.
1129 5215 1410 5284 Siquidem
1461 5232 1640 5273 annus
1678 5220 1858 5273 omnis
1901 5235 1929 5271 a
1991 5218 2098 5273 Do-

531 5306 734 5360 minica
757 5307 1050 5376 incipiens,
1086 5317 1143 5361 ut
1183 5323 1349 5378 supra
1392 5309 1596 5364 dictum
1626 5319 1728 5372 est,
1760 5311 1965 5364 nullam
2001 5326 2097 5380 pe-

532 5397 682 5452 nitus
721 5407 965 5466 epactam
993 5399 1187 5462 habet,
1224 5401 1330 5455 nisi
1355 5402 1400 5456 si
1445 5417 1565 5472 qua:
1593 5413 1720 5457 sunt
1770 5402 2095 5472 fragmenta,

531 5491 681 5544 velut
719 5490 1034 5560 quadrans,
1067 5502 1161 5547 aut
1207 5495 1530 5560 dimidium,
1568 5504 1662 5550 aut
1701 5497 1910 5551 dimidii
1961 5511 2097 5566 qua-

535 5583 724 5647 drans,
758 5599 876 5653 qua:
893 5584 960 5638 ad
991 5585 1438 5641 hebdomadicam
1460 5587 1644 5641 feriam
1665 5587 2094 5657 investigandum

2199 4475 2360 4527 πάλιν
2393 4473 2656 4545 εἴπωμεν,
2687 4473 2786 4537 τὰς
2808 4473 3124 4544 ἰσαρίθμους
3157 4473 3323 4526 αὑτοῦ
3356 4473 3455 4527 τοῦ
3498 4471 3744 4541 ἐνισταμέ-

2195 4585 2285 4621 νου
2330 4567 2557 4639 ἡλιακοῦ
2601 4567 2773 4630 ἔτους,
2817 4561 2927 4620 οἷον
2973 4566 3016 4619 δ’
3051 4566 3116 4620 ἂν
3154 4567 3241 4636 εῖη
3280 4567 3346 4619 τὸ
3387 4565 3742 4637 ψηφιζόμενον.

2195 4661 2494 4734 λαμϐάνειν
2525 4659 2738 4730 ἡμέρας
2771 4659 2921 4730 παρὰ
2957 4658 3124 4730 μόνην
3163 4659 3294 4729 μίαν
3323 4660 3559 4731 ἡμέραν.
3587 4656 3671 4709 καὶ
3693 4655 3745 4705 τὰ

2201 4755 2462 4828 ἰσάριθμα
2481 4754 2718 4822 τέταρτα
2737 4754 2864 4824 παρ’
2889 4752 3010 4804 οὐδὲ
3036 4751 3092 4804 ἓν
3119 4751 3409 4822 τέταρτον,
3424 4753 3516 4804 καὶ
3537 4747 3746 4821 μερίζειν

2197 4850 2275 4911 εἰς
2301 4847 2390 4900 τὸν
2420 4845 2464 4910 ζ’
2483 4861 2498 4876 ⁶
2531 4843 2745 4908 καὶτὰς
2764 4843 3086 4905 ὑπολοίπους
3112 4841 3359 4905 ὲπακτὰς
3383 4842 3505 4912 ἔχον
3531 4841 3746 4911 supine-

2196 4953 2285 4989 ται
2310 4935 2526 4999 πάντως
2547 4934 2678 4989 αὐτὸ
2699 4934 2760 4987 τὸ
2786 4935 2864 4997 εἰς
2891 4934 2988 5003 τὴν
3017 4931 3243 5002 ζήτησιν
3276 4934 3415 5002 ἡμῖν
3439 4930 3744 5003 παρακείμε-

2197 5048 2287 5084 νον
2320 5029 2456 5093 ἔτος.
2483 5028 2594 5091 Τὰς
2632 5026 2946 5097 ἰσαρίθμους
2971 5025 3028 5078 δὲ
3059 5024 3154 5077 τοῦ
3189 5023 3345 5092 ἔτους
3385 5025 3591 5096 ἡμέρας
3623 5021 3746 5088 παρὰ

2203 5124 2330 5194 μίαν
2359 5121 2572 5192 ἡμέραν
2599 5121 2773 5171 ποιεῖν
2804 5119 3050 5186 εἴπομεν,
3081 5115 3272 5186 ἐπειδὴ
3301 5116 3364 5169 τὸ
3405 5117 3612 5187 πρῶτον
3652 5115 3746 5171 ἔτος

2200 5214 2458 5283 τέταρτον
2495 5215 2576 5275 είς
2607 5210 2849 5282 ἐπακτὴν
2861 5210 2905 5240 ⁸³
2933 5208 3053 5279 ἕχον
3084 5209 3558 5281 καταγέγραπται,
3597 5206 3680 5258 διὰ
3700 5204 3744 5252 τὲ

2199 5304 2309 5358 ἀπὸ
2341 5303 2563 5376 πρώτης
2585 5344 2599 5368 ,
2628 5303 2794 5373 ἡγουν
2835 5301 2992 5369 ἁγίας
3020 5300 3306 5372 Κυριακῆς
3339 5301 3473 5354 αὐτὸ
3498 5296 3744 5358 κανονίζεο

2201 5397 2343 5451 σθαι,
2386 5396 2502 5449 Πᾶν
2546 5395 2654 5466 γάρ
2708 5393 2825 5457 έτος
2852 5394 2960 5448 ἀπὸ
2999 5394 3283 5464 Κυριακῆς
3329 5392 3646 5463 ἀρχόμενον,
3688 5385 3745 5442 ὡς

2198 5489 2454 5560 ἀνωτέρω
2503 5487 2774 5552 λέλεκται,
2822 5485 2942 5539 οὐδὲ
2993 5485 3121 5556 μίαν
3171 5485 3418 5557 έπακτὴν
3449 5485 3509 5538 τὸ
3554 5481 3744 5535 σύνολον

2202 5582 2487 5652 κέκτηται,
2523 5580 2660 5650 πλὴν
2701 5581 2832 5642 ἴσως
2885 5577 3268 5650 ποστημορίων
3303 5576 3485 5644 τινιῖιν,
3522 5570 3631 5629 οἷον
3673 5588 3743 5622 τεο

604 5738 650 5768 ³⁸
687 5737 752 5792 Id
784 5750 856 5794 est
889 5741 911 5794 1
959 5741 1078 5799 i/L
1154 5743 1195 5776 ⁸¹
1229 5742 1268 5800 ί.
1301 5740 1601 5802 ἐπίκτησιν.
1695 5744 1737 5776 ⁸³
1777 5743 1814 5799 ί.
1851 5741 2103 5804 οὐδεμίαν
2143 5743 2306 5796 trux-
