3800 6348
101 303 235 368 ista

892 317 949 372 S.
992 317 1242 374 MAXIMI
1283 317 1646 373 MARTYRIS
1683 319 2062 378 COMPUTUS
2084 318 2547 378 ‘ECCLESIAST.

3226 321 3364 378 liSO

102 431 327 500 τάρτου’
361 431 395 504 ἢ
435 431 682 503 ἡμίσεος,
714 433 748 504 ἢ
780 434 1003 506 ἡμίσεος
1030 437 1312 508 τετάρτου·
1345 437 1488 510 ἅπερ
1521 438 1674 492 οὐδα-

1812 439 1917 493 ιὶιιίι
1937 439 2096 510 plane
2110 438 2424 501 conferunt,
2443 439 2616 494 donec
2632 446 2754 511 post
2779 438 2955 492 annos
2970 433 3364 504 quatuorjdietn
3420 413 3424 420 ’

101 521 217 589 μῶς
245 522 594 576 συντελοῦσιν
631 527 710 589 είς
747 525 1105 598 ὲϐδομαδικῆς
1135 530 1349 600 ἡμέρας
1387 528 1683 601 ἐξεύρεσιν,

100 612 201 676 ἕως
222 612 290 666 ἂν
311 613 403 666 διὰ
428 615 528 686 τῆς
547 619 956 690 τετραετηρίδος
974 620 1188 691 ἡμέραν
1211 620 1338 691 μίαν
1364 622 1682 692 ποιήσωσιν.

101 720 230 787 Πῶς
258 723 465 791 ἄλλως
485 726 591 798 τάς
611 745 675 798 τε
700 727 804 780 τοῦ
831 729 1009 795 ἡλίου
1032 729 1128 782 καὶ
1151 729 1259 797 τῆς
1281 730 1546 798 σελήνης
1568 732 1688 784 ἐπιο

361 796 623 865 τηρῆσαι
654 797 918 852 δυνατόν
939 799 1110 852 ἐστιν
1133 796 1417 867 ἐπακτάς.

166 884 293 939 AA'.
324 888 440 940 Καὶ
462 889 548 942 ἵνα
573 892 852 961 συντόμως
882 893 1022 946 εῐπω
1051 893 1180 964 περί
1198 909 1258 945 τε
1282 893 1389 945 τῶν
1413 891 1508 946 τοῦ
1533 893 1684 964 ἡλίου

97 980 187 1030 καὶ
226 980 330 1050 τῆς
379 981 612 1056 σελήνης
657 985 927 1051 ὲπακτῶν,
963 988 1057 1041 καὶ
1101 987 1200 1058 τῆς
1249 986 1455 1039 τούτων
1495 985 1684 1056 ῥᾳδίας

97 1071 487 1142 καταλήψεως,
529 1077 562 1145 ή
603 1076 702 1146 μὲν
759 1077 980 1150 σελήνη,
1024 1079 1189 1150 ἧγουν
1245 1079 1306 1131 τὸ
1339 1077 1459 1131 κατ’
1515 1077 1686 1148 αὐτὴν

98 1163 453 1234 ἐνιστάμενον
480 1166 620 1231 ἔτος,
637 1168 906 1233 τοσαύτας
931 1170 1174 1235 ὲπακτὰς
1199 1171 1310 1242 ἔχει
1339 1169 1556 1232 πάντως
1575 1170 1684 1229 ἀεὶ,

97 1253 225 1316 ὅσας
254 1255 478 1327 ἡμέρας
521 1258 832 1330 εὑρίσκεται
861 1261 1172 1333 κεκτημένη
1210 1260 1351 1314 κατὰ
1389 1259 1490 1331 τὴν
1531 1275 1686 1329 τριαο

99 1346 236 1398 κάδα
266 1348 498 1419 πρώτην
523 1350 616 1403 τοῦ
634 1352 878 1424 Μαρτίου
909 1355 1075 1426 μηνός
1090 1370 1102 1380 ·
1122 1356 1150 1407 ὁ
1165 1353 1218 1406 δὲ
1241 1353 1412 1422 ἥλιος,
1430 1352 1597 1422 ἤγουν
1621 1350 1683 1406 τὸ

97 1437 456 1509 ἐνιστάμενον
479 1441 642 1496 αὐτοῦ
664 1442 803 1507 ἔτος,
833 1445 1154 1516 ἰσαρίθμους
1179 1443 1441 1513 κέκτηται
1467 1441 1682 1504 πάντως

96 1528 181 1579 ἀεὶ
223 1529 325 1592 τὰς
367 1525 578 1593 οίκὲίας
621 1532 866 1595 ἐπακτὰς
897 1537 960 1604 τῇ
1005 1533 1328 1604 ἑϐδομαδικῇ
1362 1531 1570 1603 ἡμέρᾳ,
1603 1531 1685 1593 είς

1791 547 1959 585 unum
1982 543 2210 586 consum
2219 541 2385 587 ment.

1790 733 2244 800 Quemadmodum
2281 733 2407 788 solis
2441 734 2660 856 etltunte
2691 743 2899 800 epactas
2949 732 3106 787 aliter
3138 734 3365 787 invenire

2513 815 2666 856 treat.

2513 815 2666 858 treat.

1858 893 2049 949 XXXI.
2085 893 2154 950 Ut
2191 895 2258 950 de
2293 894 2427 950 solis
2453 883 2667 965 epactis
2695 902 2748 950 et
2774 895 2934 957 luna,
2962 894 3140 964 deque
3168 895 3362 948 harun:

1787 983 1933 1042 facili
1985 986 2299 1042 inventione
2334 987 2511 1042 dicam
2551 988 2826 1054 breviter;
2864 989 3012 1058 quod
3061 987 3127 1040 ad
3177 987 3365 1040 lunam

1787 1078 2016 1142 attinet,
2070 1079 2234 1148 hujus
2289 1096 2467 1134 annus
2526 1081 2754 1150 quilibet
2811 1080 2972 1134 datus
3025 1089 3102 1132 tot
3151 1091 3367 1149 semper

1787 1179 2008 1240 epactas
2041 1171 2242 1239 habet,
2298 1178 2431 1241 quot
2462 1172 2672 1226 dierum
2704 1179 2838 1227 tetas
2872 1171 3018 1224 illius
3049 1180 3132 1226 est
3183 1169 3362 1222 Martii

1787 1261 1875 1316 die
1906 1278 2054 1317 χχιι.
2087 1262 2180 1318 Sol
2213 1271 2419 1330 autem,
2448 1265 2562 1320 sive
2606 1281 2786 1320 annus
2817 1264 2938 1332 ejus
2971 1278 3223 1319 currens.
3257 1269 3365 1315 tot-

1783 1351 1925 1407 idem
1947 1353 2134 1423 utique
2160 1354 2322 1406 habet
2347 1362 2589 1424 epactas,
2625 1361 2793 1424 quota
2827 1352 2958 1406 feria
2987 1358 3092 1414 est.
3116 1353 3172 1404 in
3199 1362 3364 1418 quam

1785 1444 2115 1500 antecedens
2171 1461 2350 1500 annus
2403 1444 2566 1500 desiit
2607 1445 2782 1516 pridie
2835 1442 3065 1498 Kalend.
3121 1441 3362 1512 Apriles.

1788 1533 1913 1589 limo
1960 1534 2030 1591 de
2080 1537 2290 1606 epactis
2349 1537 2525 1603 solis,
2573 1543 2627 1593 et
2661 1551 2850 1592 earum
2909 1534 3164 1591 methodo
3217 1532 3364 1587 dicta

98 1619 162 1688 ἢν
190 1622 543 1692 καταντῆσαν
569 1623 630 1676 τὸ
662 1625 768 1696 πρὸ
809 1625 974 1678 αὑτοῦ
1021 1626 1138 1688 ἔτος
1177 1623 1492 1696 ἐπεραιώθη
1542 1622 1674 1677 κατά

1815 1625 2078 1682 ulliciant.

98 1713 194 1785 τὴν
225 1713 514 1785 λεχθεῖσαν
550 1717 820 1788 τριακάδα
854 1717 1076 1790 πρώτην
1118 1717 1213 1771 τοῦ
1250 1717 1415 1772 αὐτοῦ
1438 1716 1683 1788 Μαρτίου
1717 1719 1905 1790 μηνός.
1934 1719 2119 1774 Ταῦτα
2166 1723 2261 1776 καὶ
2297 1723 2424 1794 περὶ
2459 1722 2712 1776 ὲπακτῶν
2760 1721 2908 1792 ἡλίου
2951 1721 3046 1775 καὶ
3096 1719 3195 1790 τῆς
3238 1717 3363 1771 τού-

99 1826 200 1891 των
224 1809 522 1881 εὑρέσεως.

98 1926 234 1996 Περὶ
253 1925 368 2002 τῇς
397 1927 550 2002 κατὰ
570 1927 768 1998 σάρκα
790 1930 894 2002 τοῦ
911 1930 1184 2002 Σωτῆρος
1199 1931 1562 2002 γεννήσεως,
1580 1927 1674 2002 τοὶ

1812 1927 1875 1982 De
1919 1928 2196 2002 nativitate
2231 1927 2432 1982 Christi
2465 1928 2749 1986 secundum
2797 1945 3067 2002 caruemg
3091 1931 3251 1999 deque
3278 1930 3368 1982 ba"

167 2014 229 2050 τε
255 1998 706 2071 βαπτίσματος,
750 2001 849 2054 καί
872 2003 978 2054 τοῦ
1004 1998 1253 2067 πάθους,
1276 1998 1428 2069 ποίῳ
1449 2001 1689 2071 γεγόνα-

162 2082 270 2140 σίν
301 2068 488 2140 ἡλίου
520 2068 627 2140 καὶ
659 2071 930 2139 σελήνης
981 2071 1121 2138 ἔτει,
1168 2072 1266 2126 καὶ
1312 2068 1467 2140 ποίᾳ,⁷
1496 2068 1687 2140 ἡμέρᾳ

165 2135 272 2205 τῆς
307 2137 660 2207 ἑϐδομάδος.

164 2229 290 2282 AB’.
315 2228 539 2284 Τούτων
564 2231 736 2296 οὕτως
757 2234 880 2304 είρη
889 2234 1087 2305 μένων,
1110 2232 1220 2287 τῶν
1242 2231 1687 2302 ἀναγκαιοτάτων

97 2316 243 2375 ἐστὶν
268 2324 718 2395 ἐπισημήνασθαι
761 2329 857 2381 καὶ
887 2327 949 2380 τὸ
977 2327 1076 2398 τῆς
1111 2325 1501 2398 κοσμογενείας
1545 2325 1685 2390 ἔτος,

97 2417 153 2468 ὲν
185 2409 232 2484 ᾧ
256 2417 360 2488 τὴν
388 2417 759 2489 ύπερκὸσμιον
787 2419 846 2472 ὲν
879 2419 1070 2490 κόσμῳ
1092 2419 1386 2491 πεποίηται
1412 2417 1687 2490 σάρκωσιν

96 2510 161 2561 ὲκ
192 2509 294 2579 τῆς
335 2509 503 2577 ἁγίας
532 2509 795 2565 Θεοτόκου
825 2512 921 2564 καὶ
951 2511 1042 2566 ἀεὶ
1092 2510 1372 2582 Παρθένου
1412 2509 1630 2582 Μαρίας
1657 2511 1686 2562 ὁ

99 2601 306 2674 Κύριος
331 2601 494 2674 ἡμῶν
526 2603 623 2657 καὶ
663 2603 794 2669 Θεὸς
839 2604 1044 2676 Ἰησοῦς
1078 2605 1332 2678 Χριστός.
1367 2601 1473 2658 Ἦν
1500 2600 1592 2658 οὖν
1625 2603 1688 2656 τὸ

96 2691 404 2761 τηνικαῦτα
432 2693 566 2763 ,εφα’
597 2693 736 2760 ἔτος,
769 2696 912 2750 κατὰ
933 2697 1030 2768 τὴν
1066 2697 1124 2749 ὲν
1151 2696 1354 2760 δέλτοις
1373 2697 1539 2767 ἱεροῖς
1562 2697 1689 2749 ἀνα-

97 2782 338 2854 γραφὴν,
382 2783 492 2836 τῶν
539 2783 647 2837 ἀπὸ
696 2784 867 2858 Ἀδὰμ
914 2786 1330 2858 ἀριθμουμένων
1378 2785 1534 2839 ἐτῶν.
1596 2785 1687 2839 Ἐν

96 2873 272 2943 τούτῳ
305 2873 418 2943 γὰρ
447 2874 476 2926 ὂ
502 2891 562 2926 τε
595 2875 993 2946 εύαγγελισμὸς
1027 2877 1218 2945 γέγονε
1253 2877 1354 2946 τῆς
1379 2875 1684 2947 Παρθένου,

96 2966 190 3018 καὶ
227 2967 264 3037 ἡ
292 2964 354 3032 ἐξ
384 2966 556 3038 αὐτῆς
586 2966 751 3019 αὑτοῦ
779 2967 1014 3040 ἄφθορος
1046 2969 1141 3022 καὶ
1172 2968 1479 3036 πανάγαθος
1503 2968 1689 3039 γέννη-

96 3074 202 3120 σις.
241 3059 405 3120 Ἔτος
436 3057 493 3111 δὲ
512 3053 580 3129 ἧν
613 3058 762 3128 ἡλίου
792 3060 855 3113 τὸ
877 3056 967 3128 ιγ’,
1002 3059 1230 3132 σελήνης
1259 3060 1320 3112 τὸ
1347 3066 1397 3124 ι’,
1426 3059 1609 3131 ἡμέρα
1628 3059 1688 3114 δὲ

95 3149 197 3219 τῆς
226 3148 525 3219 ὲὸδομάδος
554 3149 645 3202 τού
680 3150 777 3221 μὲν
806 3151 1202 3223 εύαγγελισμοῦ
1239 3149 1282 3222 β’
1301 3169 1314 3181 ·
1339 3151 1438 3221 τῆς
1471 3151 1527 3204 δὲ
1557 3167 1687 3220 γεν-

97 3243 305 3309 νήσεως
334 3240 397 3292 δ’.
421 3240 577 3293 Οὕτω
600 3241 656 3293 δὲ
685 3243 778 3294 καὶ
797 3241 859 3294 τὸ
886 3242 1187 3312 πάμφωτον
1211 3241 1376 3294 αὑτοῦ
1408 3242 1500 3294 καὶ
1523 3241 1692 3312 ὑπέρ-
1715 3293 1757 3350 C

194 3349 229 3350 κγ
317 3331 537 3350 ηρνᾉκγ-ν
578 3349 595 3350 η
650 3331 708 3350 κ’*
773 3349 777 3350 ,
831 3333 874 3350 ει
952 3333 963 3350 1
1181 3333 1244 3350 ,Π
1370 3329 1472 3350 δὶτ
1541 3331 1637 3350 (\I,

97 3349 275 3400 φωτον
316 3331 604 3402 βάπτισμα
641 3331 718 3403 τῷ
747 3333 874 3402 ,εφλθ
903 3333 1144 3402 γέγονεν.
1181 3333 1339 3396 Ἔτος
1366 3332 1421 3385 δὲ
1443 3329 1510 3403 ἦν
1531 3331 1685 3404 ἡλίου

101 3425 196 3493 μὲν
230 3424 314 3484 ιδ’,
349 3423 582 3494 σελήνης
615 3423 672 3476 δὲ
702 3425 763 3478 τὸ
779 3431 849 3488 α’,
877 3425 1059 3496 ἡμέρα
1088 3425 1144 3478 δὲ
1169 3424 1268 3495 τῆς
1298 3422 1590 3496 ἑϐδομάδος
1611 3424 1683 3493 γ’.

98 3515 266 3572 Πάλιν
291 3513 351 3568 δὲ
382 3514 445 3569 τὺ
472 3516 736 3586 σωτήριον
765 3515 930 3569 αὑτοῦ
963 3516 1154 3579 πάθος,
1191 3515 1356 3586 ἤγουν
1383 3517 1419 3586 ἡ
1441 3515 1686 3587 σταύρω-

98 3625 202 3672 σις,
230 3607 343 3661 τῶν
371 3606 419 3638 ⁸⁸
449 3607 629 3674 ,εφλδ’.
662 3608 822 3672 Ἔτος
847 3607 905 3660 δὲ
935 3604 1002 3678 ἦν
1033 3607 1185 3679 ἡλίου
1212 3608 1308 3678 μὲν
1341 3613 1432 3678 ιη’,
1457 3606 1688 3678 σελήνης

97 3700 150 3752 δὲ
184 3707 249 3763 ε’,
291 3697 480 3771 ἡμέρα
515 3699 572 3751 δὲ
601 3698 880 3770 προδήλως
913 3699 1244 3770 Παρασκευή
1267 3716 1280 3729 ·
1323 3698 1399 3762 ὡς
1439 3696 1577 3750 εἶναι
1619 3696 1688 3755 τὰ

95 3791 205 3845 ἀπὸ
229 3791 333 3862 τῆς
362 3790 829 3863 ὲνανθρωπήσεως
854 3792 1017 3845 αὐτοῦ
1048 3792 1209 3864 μέχρι
1231 3791 1332 3862 τῆς
1365 3791 1458 3846 νῦν
1480 3792 1689 3844 ἐνιστα-

100 3882 269 3951 μένης
329 3879 686 3948 ίνδικτιῶνος,
741 3881 894 3944 ἔτους
945 3880 1025 3934 λα’
1057 3881 1158 3948 τῆς
1195 3880 1466 3951 βασιλείας
1515 3881 1686 3946 Ἡρα-

97 3973 280 4025 κλείου
314 3969 411 4025 τοῦ
451 3972 844 4027 εύσεὸεστάτου
889 3973 1047 4044 ἡμῶν
1080 3973 1360 4044 βασιλέως,
1404 3974 1496 4043 ἐτη
1549 3974 1684 4049 χλγ’.

97 4065 180 4116 Τὰ
195 4064 254 4116 δὲ
277 4065 389 4118 ἀπὸ
410 4064 506 4116 τοῦ
530 4065 797 4136 σωτηρίου
826 4064 1200 4136 βαπτίσματος
1220 4067 1313 4119 καὶ
1341 4064 1432 4118 τοῦ
1458 4064 1685 4131 πάθους,

95 4155 233 4225 δῆλα
274 4155 443 4209 πάλιν
480 4158 546 4210 ὲκ
583 4157 785 4212 τούτων
824 4155 1183 4228 καθέστηκεν,
1211 4159 1286 4223 ὡς
1316 4157 1384 4211 τὰ
1425 4157 1526 4229 μέν
1550 4159 1686 4212 εἰσιν

96 4247 192 4318 κδ’,
219 4248 299 4302 τὰ
327 4248 387 4300 δὲ
417 4255 522 4320 χα’.

96 4362 201 4416 Διά
224 4363 284 4415 τί
334 4361 598 4433 διαφόρῳ
640 4362 719 4429 τῷ
765 4364 874 4432 τῆς
921 4365 1287 4430 ίνδικτιῶνος
1324 4365 1442 4420 ἔτει
1481 4365 1549 4419 τὸ
1576 4364 1688 4433 τῆς

169 4432 520 4502 γεννήσεως
561 4433 666 4488 τοῦ
710 4437 931 4501 Κυρίου
970 4434 1332 4496 κανονίζεται
1373 4436 1541 4502 ἔτος·
1586 4432 1686 4490 καὶ

170 4502 301 4569 πῶς
328 4506 368 4570 ἡ
396 4502 718 4568 ίνδικτιὼν,
750 4505 847 4558 καὶ
876 4506 1062 4559 πόθεν
1082 4505 1416 4576 ψηφίζεται.
1596 4502 1604 4512 ’

168 4595 294 4649 AP.
335 4594 451 4663 Ἐφ’
487 4595 716 4648 ἑκάστου
757 4595 816 4648 δὲ
853 4597 1057 4650 τούτων
1099 4597 1197 4670 τὴν
1249 4598 1590 4670 ἐπινέμησιν,
1619 4598 1687 4670 ἦν

98 4681 419 4736 ίνδικτιῶνα
459 4684 509 4735 οἱ
574 4683 836 4756 Ῥωμαῖοι
884 4687 1383 4758 προσαγορεύουσι,
1433 4688 1687 4760 διάφορον

93 4769 267 4827 οὖσαν
297 4771 624 4845 εὑρίσκομεν
641 4791 654 4804 ·
684 4775 759 4838 ὡς
780 4777 1061 4846 διαφώνως
1085 4778 1289 4850 ταύτης
1311 4776 1689 4852 ψηφιζομένης

94 4864 159 4918 ἐκ
197 4882 262 4918 τε
289 4863 402 4918 τῶν
434 4864 541 4918 ἀπὸ
574 4865 754 4939 -Ἀδὰμ
803 4867 939 4921 ἐτῶν
965 4870 1058 4922 καὶ
1097 4869 1204 4924 τῶν
1244 4871 1336 4941 ἀφ’
1372 4865 1432 4924 οὗ
1465 4871 1688 4942 γέγονεν

95 4956 262 5028 αὕτη.
308 4955 509 5024 Γέγονε
542 4956 600 5010 δὲ
639 4958 782 5012 κατὰ
816 4961 944 5023 τοὺς
987 4962 1538 5033 ίστοριογραφοῦντας
1579 4964 1688 5018 ἀπὸ

95 5047 417 5116 Αὐγούστου
444 5048 738 5119 Καίσαρος,
767 5048 846 5120 τῷ
874 5050 1110 5122 δευτέρῳ
1138 5051 1248 5105 ἔτει
1280 5053 1381 5122 τῆς
1413 5053 1688 5123 βασιλείας

93 5139 290 5194 αὐτοῦ.
330 5138 468 5192 Τότε
491 5139 548 5193 δὲ
573 5135 641 5210 ἦν
678 5140 778 5212 τῆς
809 5144 1197 5214 κοσμογενείας
1227 5143 1288 5196 τὸ
1318 5145 1439 5210 ,ευξ
1458 5161 1473 5175 ο
1519 5145 1683 5218 ἅπερ,

94 5234 177 5296 είς
211 5231 307 5284 τὸν
344 5236 406 5283 ιε’
439 5231 696 5302 λυόμενα,
736 5233 798 5287 τὸ
847 5233 998 5298 τέλος
1033 5235 1131 5306 τῆς
1186 5235 1511 5300 ίνδικτιῶνος
1551 5255 1690 5310 παρ-

97 5323 343 5392 ίστησιν,
362 5322 530 5393 ἤγουν
553 5324 686 5377 αὐτὸ
711 5332 768 5378 ιε’
785 5324 904 5389 ἔτος
923 5342 934 5352 '
963 5328 1020 5379 ἐν
1039 5319 1083 5394 ᾧ
1099 5325 1301 5398 ταύτης
1325 5329 1531 5392 ἐκεῖνος
1545 5311 1688 5383 κείτά

93 5412 155 5464 τὸ
186 5412 354 5478 δόξαν
401 5410 626 5484 θέμενος
651 5415 750 5488 τὴν
779 5416 972 5488 ἀρχὴν,
1027 5416 1244 5489 πρῶτον
1280 5417 1340 5469 τὸ
1382 5416 1690 5472 τελευταῖον

94 5504 430 5574 πεποίηκεν.
475 5503 563 5567 Ὦς
601 5506 847 5584 ἐντεῦθεν
880 5507 938 5561 ἓν
984 5507 1102 5574 ἔτος
1145 5509 1464 5580 προτρέχειν
1503 5509 1690 5564 λοιπὸν

94 5600 196 5669 τὴν
242 5597 358 5650 ἀπὸ
401 5597 658 5672 δευτέρου
710 5601 863 5666 ἔτους
905 5603 1006 5674 τῆς
1054 5603 1328 5674 βασιλείας
1379 5605 1688 5674 Αὐγούστου

189 5713 235 5746 ⁸³
260 5712 303 5781 f.
341 5707 444 5780 τῷ.

1865 1999 2131 2066 ptismate,
2161 2008 2210 2052 et
2267 2001 2513 2067 passione
2537 2040 2553 2064 ,
2601 2011 2759 2069 quoto
2796 2017 2934 2053 anno
2969 2000 3097 2054 solis
3133 2016 3193 2054 ac
3225 2005 3366 2054 tanta

1859 2070 2190 2139 contigerint,
2211 2077 2260 2123 et
2292 2085 2524 2139 quanam
2554 2069 2896 2126 hebdomadis
2926 2071 3032 2124 die.

1859 2222 2074 2279 XXXII.
2136 2223 2233 2282 His
2287 2225 2362 2280 ita
2413 2226 2753 2290 constitutis,
2790 2228 2844 2282 in
2885 2229 3078 2299 primis
3112 2243 3368 2286 necessa-

1789 2316 1929 2371 rium
1960 2323 2044 2372 est
2081 2331 2283 2377 annum
2321 2317 2471 2373 orbis
2503 2318 2709 2373 conditi
2754 2327 2999 2374 notatum
3043 2320 3278 2384 habere,
3312 2320 3369 2378 in

1787 2427 1898 2482 quo
1928 2408 2091 2465 Jesus
2123 2409 2377 2466 Christus
2409 2409 2587 2477 Deus,
2615 2426 2679 2465 ac
2713 2410 2980 2468 Dominus
3004 2420 3193 2468 noster
3220 2412 3368 2466 illam

1789 2503 1994 2557 mundo
2038 2500 2415 2557 sublimiorem
2457 2502 2892 2559 incarnationem
2945 2519 2976 2558 e
3015 2511 3208 2559 sancta
3243 2501 3366 2558 Dei-

1787 2612 1942 2667 para,
1976 2610 2301 2667 semperque
2335 2594 2562 2666 Virgine
2591 2595 2758 2651 Maria
2789 2596 3029 2667 suscepit
3060 2596 3115 2649 in
3140 2597 3365 2651 mundo.

1790 2688 1918 2744 Erat
1945 2697 2076 2745 tune
2116 2691 2282 2762 igitur
2322 2706 2499 2747 annus
2551 2689 2738 2745 mundi
2772 2689 2907 2745 5501
2938 2733 2954 2756 ,
3004 2697 3065 2744 ut
3090 2705 3156 2745 ex
3190 2690 3369 2748 sacris

1790 2785 1984 2839 litteris
2017 2791 2268 2847 constat,
2311 2798 2608 2854 earumque
2653 2782 3062 2853 computatione
3096 2796 3366 2837 annorum

1787 2872 1856 2924 ab
1886 2869 2112 2923 Adamo.
2139 2869 2255 2925 Hoc
2290 2871 2437 2925 enim
2475 2885 2619 2925 anno
2661 2870 3010 2924 annuntiatio
3041 2869 3249 2941 Virgini
3287 2870 3368 2929 fa-

1789 2969 1874 3016 cta
1902 2971 2005 3023 est,
2040 2971 2094 3016 et
2120 2961 2438 3032 incorrupta
2471 2961 2975 3030 henignissimaque
3006 2961 3074 3017 de
3112 2962 3229 3029 ipsa
3268 2975 3370 3016 ua-

1790 3054 1974 3108 tivitas
2004 3054 2224 3110 accidit.
2269 3054 2464 3108 Aunus
2493 3064 2612 3109 erat
2648 3055 2781 3110 solis
2816 3069 2938 3116 xm.
2968 3055 3111 3108 lunae
3139 3068 3267 3110 vero
3309 3071 3367 3121 ι,

1789 3146 1908 3200 dies
1939 3145 2290 3202 hebdomada:
2322 3154 2565 3216 tempore
2603 3145 2959 3217 evangelismi
3003 3145 3137 3200 feria
3170 3161 3232 3208 ιι,
3264 3161 3368 3205 na-

1791 3238 2020 3294 tivitatis
2055 3255 2127 3292 tv.
2184 3238 2276 3294 Sic
2333 3237 2858 3308 splendidissimus,
2917 3237 3030 3291 imo
3076 3237 3372 3307 splendore

1791 3329 1968 3398 major
1991 3330 2138 3383 omni
2170 3330 2475 3399 baptismus
2503 3329 2747 3399 ejusdem
2778 3329 3001 3398 contigit
3033 3343 3178 3382 anno
3202 3328 3366 3392 5550,

1791 3436 1937 3476 anno
1979 3424 2113 3478 solis
2141 3438 2267 3486 xw,
2310 3425 2453 3479 lunae
2483 3441 2521 3492 ι,
2551 3423 2684 3478 feria
2723 3440 2804 3478 ιιι.
2853 3422 3065 3478 Rursus
3109 3422 3373 3478 salutaris

1792 3514 1939 3569 illius
1959 3515 2164 3585 passio,
2183 3515 2298 3572 sive
2326 3516 2646 3578 crucitixio,
2675 3531 2819 3569 anno
2854 3515 2994 3572 5554
3013 3557 3026 3581 ,
3057 3528 3202 3568 anno
3233 3514 3372 3570 solis

1790 3619 1946 3672 xvm,
1988 3605 2129 3659 lunae
2179 3621 2234 3670 v,
2284 3605 2404 3676 ipso
2457 3606 2645 3675 utique
2696 3603 3032 3668 Parasceves
3064 3603 3174 3662 die.
3208 3602 3373 3662 Colli—

1789 3696 1994 3759 guntur
2029 3690 2100 3744 ab
2126 3692 2505 3746 incarnatione
2537 3690 2711 3761 ipsius
2743 3705 2916 3760 usque
2949 3688 3015 3742 ad
3044 3700 3370 3759 praesentem

1793 3779 2144 3835 indictionem
2182 3781 2312 3836 anni
2369 3797 2501 3836 xxx:
2559 3781 2778 3851 imperii
2837 3780 3072 3836 Heraclii
3129 3779 3370 3850 piissimi

1793 3875 1967 3928 nostri
2005 3876 2371 3943 imperatoris,
2397 3875 2528 3929 anni
2566 3875 2692 3928 655.
2740 3872 2783 3927 A
2833 3871 3062 3929 salutari
3102 3887 3230 3928 vero
3273 3871 3372 3928 ba-

1790 3968 2014 4036 ptismo,
2042 3975 2095 4021 et
2121 3967 2375 4037 passione
2397 3974 2530 4037 quot
2568 3967 2699 4026 anni
2738 3965 2876 4035 lapsi
2917 3967 3029 4019 sint
3052 3974 3120 4019 ex
3151 3964 3219 4026 iis
3250 3955 3368 4016 ma-

1793 4059 2052 4112 nifestnm
2087 4067 2171 4112 est
2201 4038 2490 4122 omnibus,
2534 4057 2792 4111 nimirum
2823 4055 2894 4119 ab
2928 4053 3022 4108 illo
3051 4069 3226 4113 annos
3266 4052 3374 4110 ﬂu-

1793 4149 1940 4204 xisse
1974 4149 2102 4216 604,
2135 4142 2202 4203 ab
2232 4148 2335 4203 hac
2355 4148 2480 4204 601.

1793 4352 1903 4408 Cur
1934 4350 2140 4404 diverso
2173 4345 2477 4402 indictionis
2531 4361 2671 4398 anno
2725 4344 3020 4401 nativitatis
3075 4342 3372 4402 ﬂaminica

1862 4431 2078 4476 notatur
2137 4434 2336 4481 anuus,
2394 4425 2445 4470 et
2502 4414 2760 4486 quomodo
2813 4414 3030 4468 indictio
3063 4453 3078 4480 ,
3130 4422 3179 4465 et
3230 4414 3374 4466 unde

2132 4579 2188 4634 ln
2222 4579 2308 4634 his
2331 4577 2561 4648 singulis
2591 4574 2809 4630 diversa
2832 4573 3106 4644 reperitur
3139 4571 3374 4626 indictio

1792 4676 1894 4748 (sic
1921 4675 2066 4729 enim
2096 4688 2128 4727 a
2175 4669 2439 4726 Romanis
2485 4667 2757 4738 vocatur),
2806 4673 3065 4735 tanquam
3117 4679 3224 4719 non
3258 4678 3374 4717 uno

1790 4769 1954 4825 modo
1985 4776 2300 4822 numeretur
2331 4763 2399 4817 ab
2427 4763 2588 4817 annis
2631 4758 2822 4814 Adami
2847 4800 2860 4820 ,
2910 4764 2963 4812 et
2994 4771 3062 4812 ex
3097 4771 3208 4827 quo
3253 4756 3369 4827 pri-

1791 4877 1940 4918 mum
1974 4860 2222 4914 instituta
2261 4863 2365 4911 est.
2415 4853 2546 4910 Orta
2594 4860 2679 4908 est
2705 4845 2886 4906 autem
2918 4841 2949 4915 ,'
2999 4858 3062 4903 ut
3119 4847 3371 4904 historici

1791 4953 2188 5026 prodiderunt,
2243 4962 2388 5002 anno
2430 4947 2607 5017 primo
2652 4943 2883 5013 Augusti
2922 4941 3193 5003 Caesaris,
3246 4939 3373 5009 ejus

1790 5046 2004 5116 imperii
2049 5041 2322 5103 secundo,
2357 5041 2450 5110 qui
2492 5038 2592 5093 fuit
2619 5051 2812 5091 annus
2866 5033 3055 5088 mundi
3088 5032 3249 5087 5460.
3301 5032 3369 5087 Hi

1790 5156 1888 5211 per
1921 5137 1986 5194 15
2023 5135 2208 5197 divisi,
2237 5135 2486 5187 ultimum
2547 5127 2863 5183 indictionis
2905 5141 3145 5191 annum,
3186 5125 3250 5204 id
3286 5134 3372 5180 est

1791 5247 1993 5288 annum
2025 5228 2280 5300 quintum
2305 5224 2578 5279 decimum
2614 5222 2876 5278 exhibent
2905 5239 2920 5276 :
2968 5219 3025 5273 in
3068 5235 3178 5289 quo
3204 5219 3372 5288 hujus

1791 5322 2008 5378 initium
2041 5319 2131 5373 ille
2165 5323 2413 5372 statuens
2446 5313 2699 5368 ultimum
2742 5325 2868 5366 esse
2908 5310 3142 5380 primum
3174 5308 3368 5362 voluit.
3398 5305 3402 5342 ί

1792 5414 1870 5469 Ita
1911 5413 1970 5468 ﬁt
1995 5417 2054 5467 ut
2083 5424 2194 5464 uno
2219 5422 2363 5460 anno
2389 5411 2691 5475 praeurrat
2711 5401 2960 5465 indictio,
2985 5415 3108 5469 quae
3136 5397 3204 5454 ab
3225 5409 3373 5450 annuo

1797 5505 2027 5576 Augusti
2074 5499 2317 5557 secundo
2363 5504 2706 5558 numeratur,
2749 5507 2898 5556 eam,
2939 5506 3062 5562 qua:
3106 5489 3176 5543 ab
3217 5487 3370 5576 orbis

1796 5575 2022 5655 exordio
2049 5591 2292 5657 ducitur,
2321 5588 2542 5660 quando
2576 5584 2705 5641 anni
2751 5582 2944 5637 Adami
2986 5597 3082 5652 per
3126 5595 3194 5635 xv
3229 5575 3370 5633 divi-
