3800 6328
482 299 612 358 1281

1498 288 1591 343 AD
1631 287 1901 346 EUSEBH
1935 288 2336 349 CHRONICON
2370 282 2742 343 APPENDIX.

3602 278 3717 337 ﬁt!

473 413 699 469 duntt'r.
728 407 966 466 Proinde
1013 407 1117 463 fuit
1146 404 1376 462 indictis
1409 421 1463 458 ιι
1510 402 1815 459 secundum
1860 405 2045 459 calcu-
2076 424 2125 478 Α

2149 399 2525 474 ψηφιζομένην
2571 394 2893 457 ἰνδικτιῶνα,
2942 396 3040 467 τῆς
3085 396 3193 449 ἀπὸ
3245 395 3478 460 κτίσεως
3528 396 3706 466 κόσμει-δ

476 505 587 557 lum
619 502 788 558 istum
815 542 829 564 .
875 516 1018 556 anno
1049 514 1160 570 quo
1190 496 1490 553 secundum
1543 509 1765 550 carnem
1800 491 2052 548 Salvator

473 603 558 650 est
585 602 745 651 ortus
773 614 786 649 :
827 602 881 647 at
910 609 974 647 ex
1009 593 1101 647 illo
1132 589 1348 645 calculo
1392 588 1495 642 fuit
1524 603 1625 649 ιιι,
1652 586 1911 656 quoniam
1944 600 2055 640 uno
2118 652 2121 655 _

472 684 766 740 antevertit
796 698 959 738 anno.
992 681 1083 736 Sic
1113 679 1528 736 sacratissimus
1568 677 1875 748 baptismus
1912 674 2056 730 indi-

471 776 709 832 ctionem
754 773 914 828 habet
951 790 985 828 ι
1017 783 1072 827 et
1122 787 1207 836 xl,
1257 778 1313 826 et
1357 768 1617 825 salutaris
1668 767 1852 837 passio
1883 784 1972 823 XIV
1999 776 2056 823 et

473 883 563 922 xv.
597 866 811 936 Quippe
848 879 996 919 anno
1044 863 1275 934 Augusti
1324 877 1458 917 sun
1510 860 1685 915 nostri
1738 861 1943 923 instar,
1991 866 2054 914 ut

471 959 653 1024 homo,
685 968 847 1012 natus
883 956 929 1012 is
955 963 1064 1020 est,
1089 955 1183 1025 qui
1218 962 1344 1009 ante
1383 954 1583 1010 secula
1616 960 1874 1021 tanquam
1903 950 2053 1021 Deus

469 1065 535 1104 ex
561 1047 720 1103 Patre
755 1055 921 1102 natus
951 1046 1152 1101 fuerat.
1181 1044 1421 1100 Proinde
1462 1043 1508 1099 si
1546 1058 1655 1097 sui
1687 1058 1785 1113 per
1816 1058 1885 1096 xv
1913 1041 2054 1096 divi-

470 1142 574 1206 dis,
601 1156 781 1196 annus
831 1140 1071 1210 prodibit
1114 1137 1433 1193 indictionis
1465 1153 1537 1191 sn
1571 1154 1586 1191 :
1616 1151 1755 1206 quo,
1805 1144 1865 1189 ut
1906 1135 2051 1190 dixi-

467 1250 612 1297 mus.
633 1234 842 1290 Christi
869 1233 1069 1287 natalis
1100 1231 1314 1296 incidit,
1339 1229 1807 1302 quemadmodum
1849 1243 2051 1284 rursus

466 1327 601 1385 8601
640 1343 735 1397 per
778 1342 847 1381 sv
889 1325 1066 1379 divisa
1113 1323 1247 1378 dant
1281 1340 1357 1378 sn.
1384 1321 1569 1378 Potest
1594 1331 1776 1376 autem
1818 1329 2053 1391 utroque

466 1417 818 1489 computandi
872 1417 1035 1470 modo
1083 1430 1327 1485 praesens
1378 1413 1697 1468 indictionis
1748 1427 1928 1468 annus
1956 1426 2052 1467 ea-

464 1511 587 1567 dem
624 1510 836 1564 ratione
866 1507 1224 1577 deprehendi.
1258 1506 1330 1562 Ut
1372 1505 1419 1558 si
1469 1520 1647 1560 annos
1683 1503 1877 1558 Adami
1926 1519 2050 1574 pro-

465 1611 585 1673 pter
622 1618 744 1656 cam
794 1615 1052 1667 causam,
1115 1614 1280 1669 quam
1332 1597 1616 1661 diximus,
1652 1610 1761 1649 uno
1817 1596 2050 1664 amplius

464 1704 779 1750 numeratos
815 1691 956 1747 6154
985 1733 1000 1754 ,
1056 1707 1153 1762 ρει·
1201 1690 1268 1744 l5
1321 1688 1535 1743 dividas
1562 1727 1577 1751 ,
1607 1696 1700 1740 aut
1731 1687 1779 1742 si
1809 1700 1983 1740 annos
2018 1701 2048 1741 a

2154 491 2552 565 ψηφιζομένης,
2587 488 2733 543 κατά
2751 486 2847 559 τὴν
2875 486 2987 541 τῶν
3011 487 3118 540 ἀπὸ
3160 487 3325 557 Ἀδὰμ
3362 487 3503 540 ἑτῶν
3529 488 3609 550 εἰς
3638 492 3706 544 τὴν

2158 591 2217 639 ιε’
2245 582 2544 654 γενομένην
2591 580 2867 635 ἀνάλυσιν.
2896 578 3055 633 Ὅθεν
3082 579 3224 633 κατα
3270 578 3478 650 ταύτην
3516 580 3611 649 μὲν
3638 584 3709 651 τὴν

2154 676 2334 749 ψῆφον
2368 676 2487 740 ἔτος
2525 673 2857 737 ἰνδικτιῶνος
2893 679 2961 727 ια’
2985 668 3074 744 ῆν,
3118 675 3176 728 ὲν
3202 665 3247 740 ᾧ
3278 673 3503 741 γέγονεν
3536 674 3568 744 ἡ
3599 682 3710 727 κατι

2157 770 2337 841 σάρκα
2385 767 2478 822 τοῦ
2518 767 2770 838 Σωτῆρος
2805 765 3088 835 γέννησιςο
3129 765 3250 820 κατ’
3294 764 3511 834 εκείνην
3554 765 3608 817 δὲ
3643 766 3707 836 ιβ’.

2152 860 2243 915 διὰ
2266 859 2327 914 τὸ
2354 859 2412 914 ἓν
2450 857 2853 930 προλαμϐάνειν
2886 857 3024 923 ἔτος.
3059 857 3217 914 Οὕτω
3248 859 3307 912 δὲ
3343 858 3523 912 καὶτὸ
3557 859 3711 912 παγίς-

2157 970 2249 1025 ρον
2276 951 2556 1024 βάπτισμα
2586 958 2619 1005 ι’
2648 952 2742 1006 καὶ
2774 957 2863 1015 ια’,
2911 950 3006 1004 καὶ
3043 951 3103 1005 τὸ
3155 953 3427 1023 σωτήριον
3472 950 3632 1015 πάθος
3664 956 3708 1004 ιὰ

2154 1045 2248 1099 καί
2279 1050 2361 1099 ιε’.
2393 1044 2483 1115 Τῷ
2527 1045 2637 1116 γάρ
2684 1051 2774 1115 μγ¹
2811 1044 2909 1114 τῆς
2954 1042 3235 1113 βασιλείας
3277 1042 3591 1112 Αὐγούστου
3634 1044 3707 1114 τὴν

2153 1136 2276 1191 καθ’
2307 1138 2454 1208 ἡμᾶς
2487 1138 2564 1201 ὡς
2604 1137 2889 1209 ἄνθρωπος
2937 1138 3231 1209 πεποίηται
3282 1137 3539 1209 γέννησιν
3572 1140 3601 1191 ὁ
3627 1137 3707 1206 πρὸ

2152 1230 2259 1284 τῶν
2287 1230 2500 1285 αἰώνων
2549 1233 2615 1285 ὲκ
2657 1231 2872 1303 Ila-:90;
2903 1231 3185 1302 γεννηθεὶς
3214 1231 3291 1296 ὡς
3333 1231 3491 1295 Θεός.
3521 1232 3598 1286 Τὰ
3635 1227 3707 1285 οὖν

2153 1322 2243 1393 μβ⁰
2268 1322 2601 1395 μεριζόμενα
2629 1323 2779 1396 παρά
2806 1323 2897 1375 τὸν
2918 1329 3001 1384 ιε’,
3039 1321 3104 1391 ιβ’
3138 1325 3238 1393 τῆς
3273 1322 3602 1387 ἰνδικτιιῖινος
3620 1321 3706 1376 ita

2152 1414 2498 1484 γεγενῆσθαι,
2551 1414 2732 1479 καθὼς
2761 1414 2919 1485 ἐςτιν,
2972 1416 3210 1488 παριστᾷ
3246 1414 3342 1468 τοῦ
3393 1415 3705 1497 Κυρίουστὴν

2150 1506 2434 1578 γέννησιν·
2470 1505 2659 1580 ὥσπερ
2685 1503 2779 1562 οὖν
2813 1511 2906 1563 καὶ
2929 1510 2987 1563 ὲν
3021 1514 3090 1562 ια’
3123 1507 3289 1562 πάλιν
3327 1506 3400 1560 τά
3425 1514 3559 1576 ,εφιε
3585 1525 3706 1580 μερι-

2152 1598 2353 1670 ζόμενα
2386 1601 2465 1663 εἰς
2508 1601 2601 1653 τὸν
2641 1602 2803 1655 αὑτὸν
2852 1601 3102 1674 ἀριθμόν.
3136 1602 3295 1654 Ἔστι
3336 1599 3396 1653 δὲ
3437 1600 3526 1654 διά
3556 1602 3705 1670 άμφο·

2150 1689 2323 1761 τέρων
2347 1689 2455 1742 τῶν
2486 1688 2685 1760 ψήφων
2724 1690 2903 1744 καὶτὸ
2928 1689 3023 1746 νῦν
3066 1688 3424 1758 ἐνιστάμενον
3469 1687 3566 1758 τῆς
3606 1686 3703 1740 Mt-

464 1787 710 1841 secundo
744 1784 1092 1855 imperatoris
1119 1781 1351 1852 Augusti
1381 1778 1487 1834 674
1514 1793 1609 1848 per
1642 1778 1894 1832 eumdem
1921 1792 2048 1847 par-
2080 1789 2121 1842 Β

2150 1780 2374 1843 κτιὼνος
2390 1779 2511 1844 ἔτος
2527 1780 2668 1835 κατὰ
2697 1782 2788 1834 τὸν
2807 1782 2991 1853 ὅμοιον
3014 1780 3217 1852 τρόπον
3245 1780 3429 1850 εὑρεῖν
3448 1794 3463 1806 ·
3494 1773 3598 1832 οἷον
3617 1780 3705 1840 τοίς

464 1875 603 1931 tiare
658 1875 818 1946 182
875 1888 1209 1928 numerum:
1244 1869 1540 1940 utrobique
1571 1868 1858 1938 praesentis
1916 1867 2044 1921 anni

465 1968 724 2023 conﬁcies
752 1964 1105 2020 indictionem
1135 1980 1246 2018 xw.
1290 1961 1492 2016 Eadem
1526 1960 1580 2014 in
1625 1958 1787 2013 annis
1817 1957 2046 2029 reliquis

464 2057 755 2111 methodus
784 2053 1092 2109 adhibenda
1114 2096 1129 2121 ,
1166 2064 1224 2108 ut
1265 2050 1566 2122 cujuslibet
1598 2048 1916 2104 indictionis
1942 2065 2047 2103 uu-

469 2162 681 2203 lnerum
708 2147 988 2201 obtincas.

2154 1873 2250 1944 μὲν
2277 1872 2385 1926 ἀπὸ
2425 1872 2599 1942 ’Δδὰμ
2624 1872 2712 1926 διὰ
2737 1873 2835 1945 τὴν
2862 1873 3161 1946 εἰρημένην
3189 1872 3371 1924 αἰτίαν
3397 1870 3539 1923 κατὰ
3566 1870 3705 1943 πρόε-

2152 1961 2299 2017 θεσιν
2322 1964 2438 2029 ἐνὸς
2467 1964 2624 2028 ἔτους
2646 1964 2959 2035 γενομένοις
2981 1964 3171 2037 ⁴ς’ρλδν.
3204 1964 3303 2017 καὶ
3329 1966 3411 2027 εἰς
3431 1963 3521 2017 τὸν
3542 1968 3597 2015 ιε’
3616 1961 3705 2015 λυο-

2155 2053 2364 2123 μένοις·
2409 2055 2522 2116 τοίς
2549 2053 2608 2106 δὲ
2656 2052 2764 2106 ἀπὸ
2788 2052 2833 2122 β’
2872 2052 3023 2117 ἔτους
3065 2053 3171 2124 τῆς
3210 2051 3492 2124 βασιλείας
3528 2050 3704 2120 Αὐγού-

2154 2159 2281 2195 στου
2316 2143 2497 2214 μόνοις
2533 2138 2653 2196 οὖσι
2701 2143 2792 2196 τὸν
2824 2141 3050 2213 ἀριθμὸν
3076 2142 3206 2213 χοδ¹,
3236 2142 3331 2194 καὶ
3352 2143 3435 2205 εἰς
3465 2140 3553 2193 τὸν
3574 2137 3704 2193 αὑτὸν

464 2238 695 2311 ἀριθμὸν
738 2238 1156 2310 μεριζομένοιςοε
1194 2236 1254 2303 ἐξ
1274 2234 1552 2307 ἑκατέρων
1581 2232 1690 2306 γὰρ
1714 2233 1774 2287 ιδ’
1812 2235 2140 2303 γινώσκεται
2172 2236 2234 2291 τὸ
2256 2236 2350 2291 νῦν
2402 2237 2796 2310 ἐνιστάμενον..
2822 2236 2990 2291 Τοῦτο
3045 2236 3103 2291 δὲ
3138 2237 3233 2291 καὶ
3278 2236 3367 2290 ἐπ’
3391 2235 3551 2290 ἄλλον
3594 2251 3703 2290 παν-

462 2335 554 2399 τὸς
591 2334 761 2387 ποιεῖν
791 2334 1057 2405 προσήκει
1091 2332 1217 2395 τοὺς
1247 2330 1338 2384 τὸν
1370 2329 1602 2384 ἑκάστου
1638 2331 1737 2401 τῆς
1774 2329 2102 2395 ἰνδικτιῶνος
2132 2332 2287 2397 ἔτους
2309 2332 2623 2387 διασκοπεῖν
2648 2332 2928 2397 ἐθέλοντας
2953 2332 3208 2405 ἀριθμόν.

462 2448 539 2505 De
566 2466 814 2521 respunso
846 2448 973 2503 dato
993 2446 1297 2531 Zachariae,
1328 2459 1376 2503 et
1402 2447 1629 2505 Joannis
1661 2466 1725 2504 ac
1748 2450 2047 2507 Salvatoris

1160 2536 1338 2574 anuis.

527 2608 768 2665 XXXIV.
824 2609 901 2666 De
942 2612 1172 2666 oraculo
1216 2626 1476 2681 quoque,
1516 2611 1664 2681 quod
1710 2610 1779 2667 de
1830 2611 2043 2669 Joanne

457 2700 702 2772 Baptista
730 2700 937 2756 editum
977 2709 1063 2756 est
1108 2701 1413 2767 Zachariae,
1441 2702 1603 2773 cujus
1634 2712 1762 2760 ante
1796 2706 2042 2760 memini-

458 2806 581 2847 mus
606 2831 621 2856 ,
658 2805 807 2845 nunc
843 2798 901 2844 ut
932 2791 1067 2845 ordo
1095 2793 1371 2862 postulat,
1408 2795 1722 2849 accuratius
1764 2794 1872 2849 dici
1908 2810 2045 2850 con-

2146 2455 2287 2523 Περί
2325 2456 2430 2533 τοᾷ
2468 2456 2617 2533 acati;
2648 2455 2767 2533 fda:
2796 2454 3116 2533 Zazaplas:
3146 2451 3584 2533 χρῃματισμοῦ,
3625 2450 3700 2503 καί

2353 2524 2471 2579 τῶν
2500 2526 2607 2581 τοῦ
2648 2525 2919 2579 Ἰωάννου
2944 2525 3042 2579 καὶ
3066 2524 3345 2594 Σωτῆρος
3369 2524 3541 2578 ἐτῶν.

2218 2619 2339 2673 ΛΔ’.
2371 2618 2645 2690 Προσήκει
2672 2617 2730 2671 δὲ
2770 2618 2865 2673 καὶ
2907 2616 2998 2671 τὸν
3024 2616 3154 2688 περὶ
3201 2617 3457 2670 Ἰωάννου
3496 2612 3585 2669 τοῦ
3619 2613 3699 2666 Βα-

2146 2708 2373 2762 πτιστοῦ
2424 2708 2715 2780 γενόμενον
2775 2707 3163 2780 χρηματισμὸν
3214 2706 3293 2777 τῷ
3343 2705 3607 2777 Ζαχαρία,
3651 2698 3699 2758 οὗ

2149 2798 2383 2872 πρόσθεν
2415 2798 2791 2870 ἐμνήσθημεν,
2817 2799 2874 2851 ὲν
2902 2795 3051 2863 τάξει
3074 2798 3145 2851 δι’
3174 2795 3465 2869 ἀκριϐείας
3495 2797 3700 2866 ὑπομνη-

456 2883 623 2949 venit,
650 2892 819 2953 quoto
866 2898 1011 2937 anno
1051 2885 1184 2938 solis
1214 2899 1278 2938 ac
1306 2885 1449 2939 luna!
1494 2887 1808 2957 contigerit.
1866 2886 1946 2942 Ac
1994 2889 2042 2943 si

2152 2890 2396 2961 ματίσαι.
2430 2890 2572 2945 κατὰ
2601 2894 2752 2944 ποῖον
2777 2885 2930 2953 οὗτος
2953 2889 3105 2960 ἡλίου
3141 2889 3236 2943 καὶ
3263 2887 3494 2959 σελήνης
3515 2886 3699 2957 γέγονεν

456 2974 582 3044 quis
634 2975 915 3030 attendere
974 2977 1143 3038 velit,
1186 2975 1345 3032 facile
1396 2977 1694 3049 intelliget,
1747 2987 2043 3051 utrumque

2149 2980 2285 3045 ἔτος.
2307 2981 2417 3035 Καὶ
2448 2984 2560 3045 τοῖς
2586 2982 2684 3052 μὲν
2708 2980 3060 3035 ἐπιστατοῦσι
3096 2981 3259 3051 δῆλον
3287 2980 3448 3033 τοῦτο
3470 2979 3697 3047 καθέστη-

455 3081 581 3121 ειιιιι
622 3082 769 3134 esse,
799 3069 893 3139 qui
923 3067 1126 3124 Christi
1157 3071 1391 3125 natalem
1440 3073 1685 3142 proxime
1720 3074 2037 3128 antecessit.
2072 3127 2111 3145 η

2149 3088 2263 3137 κεν,
2298 3072 2374 3135 ὡς
2412 3071 2673 3144 ἑκάτερον
2703 3072 2763 3125 τὸ
2804 3072 2908 3145 πρὸ
2941 3071 3038 3142 τῆς
3070 3070 3167 3124 τοῦ
3211 3071 3469 3142 Σωτῆρος
3499 3070 3694 3140 ὑπάρχει

457 3155 644 3227 Itaque
670 3127 938 3223 solis'xtt,
975 3159 1117 3214 luna:
1144 3177 1199 3214 Ix
1231 3160 1328 3215 fuit
1349 3200 1365 3225 ,
1400 3127 1605 3217 mensis
1640 3127 2039 3221 llomanisJSe;
2070 3127 2112 3184 ο

2149 3127 2481 3233 γεννήσεως·
2523 3127 2634 3216 οἷον
2667 3163 2819 3233 ἡλίου
2848 3127 2950 3234 μὲν
3082 3161 3174 3233 ιβ’,
3207 3127 3529 3234 σελήνῆςνδὲ
3567 3127 3693 3218 τδθ.

454 3248 720 3318 ptember,
755 3250 982 3321 ejusque
1016 3252 1133 3309 dies
1166 3269 1335 3318 ssvu,
1365 3252 1495 3309 feria
1536 3271 1585 3309 v.
1615 3254 1749 3310 Nam
1776 3258 1922 3326 quod
1971 3260 2038 3313 ad

2149 3252 2258 3324 μὴν
2299 3252 2357 3305 δὲ
2399 3251 2539 3305 κατὰ
2587 3251 2889 3322 Ῥωμαίους
2932 3250 3306 3323 Σεπτεμϐριος
3350 3246 3442 3322 ἦν,
3473 3244 3693 3310 είιιάδαζ⁸

453 3341 689 3395 natalem
708 3341 936 3399 Joannis
975 3347 1189 3410 attinet,
1219 3346 1440 3401 eosdem
1479 3349 1565 3413 hic
1596 3364 1769 3405 annos
1814 3351 1949 3406 solis
1984 3359 2039 3405 et

453 3430 615 3493 lunae,
644 3448 784 3503 quos
820 3432 1121 3493 Salvatoris
1161 3437 1440 3500 nativitas,
1478 3438 1693 3493 habuit.
1737 3439 1845 3496 Sed
1890 3457 2039 3497 men-

436 3523 531 3577 -sis
560 3523 811 3579 diversus
846 3525 947 3581 fuit
970 3566 987 3592 ,
1049 3528 1299 3583 videlicet
1332 3527 1531 3585 Junius
1556 3571 1571 3593 ,
1624 3533 1855 3602 ejusque
1906 3550 2033 3588 nn

451 3613 593 3677 dies,
628 3615 762 3670 feria
808 3631 869 3670 ιι.
922 3619 1115 3675 Annus
1155 3636 1262 3689 quo
1294 3622 1617 3691 martyrium
1647 3623 1805 3684 obiit,
1844 3638 1908 3678 ac
1938 3624 2035 3679 de-

449 3706 685 3760 collatus
711 3714 817 3772 est,
844 3710 977 3764 solis
1007 3725 1188 3764 annus
1226 3710 1328 3764 luit
1367 3727 1501 3776 xvu,
1544 3714 1687 3767 luna:
1724 3729 1798 3775 tv,
1827 3716 2032 3770 mensis

451 3795 766 3866 Augustus,
802 3797 1032 3869 ejusque
1060 3801 1177 3855 dies
1218 3817 1369 3867 xxix,
1403 3802 1535 3858 feria
1567 3819 1650 3857 ιιι.
1689 3804 2033 3876 Colliguntur

451 3889 579 3942 anni
608 3888 814 3943 Christi
839 3890 894 3944 in
915 3904 1081 3946 carne
1103 3907 1272 3946 sum
1299 3933 1314 3958 ,
1350 3895 1470 3951 dies
1512 3911 1754 3964 Lxxxlx;
1801 3895 2032 3954 Joannis

450 3991 583 4032 vero
618 3976 873 4047 Baptista:
901 3982 1029 4035 anni
1066 3998 1269 4049 sui",
1316 3984 1434 4041 dies
1495 4001 1667 4041 van.
1720 3985 1928 4043 Desunt
1961 3987 2031 4043 ad

450 4068 750 4137 esplendos
773 4067 1073 4126 Salvatoris
1103 4072 1221 4130 dies
1253 4091 1391 4130 χιιι.

2145 3345 2305 3417 ἔχων,
2330 3344 2520 3417 ἡμέρα
2543 3344 2642 3413 τῆς
2670 3343 2959 3415 ὲὸδομάδος
2985 3349 3044 3396 ε’.
3074 3343 3150 3397 Τδ
3177 3343 3285 3415 γάρ
3313 3343 3415 3413 τῆς
3443 3340 3598 3396 αὑτοῦ
3620 3336 3693 3394 τοῦ

2157 3437 2402 3490 Ἰωάννου
2432 3437 2740 3508 γεννήσεως
2763 3436 2824 3489 τὸ
2848 3435 2979 3489 αὐτὸ
3002 3432 3070 3507 ἦν
3098 3435 3251 3507 ἡλίου
3280 3453 3340 3489 τε
3379 3436 3476 3489 καὶ
3505 3434 3693 3505 σελήνης

2139 3528 2277 3593 ἔτος,
2307 3530 2365 3582 ἐν
2387 3522 2431 3597 ᾧ
2452 3528 2672 3597 γέγονεν
2701 3530 2735 3599 ὴ
2761 3527 2854 3582 τοῦ
2881 3528 3134 3599 Σωτῆρος
3159 3528 3444 3598 γέννησις·
3471 3528 3547 3591 εἰς
3565 3527 3591 3579 δ
3608 3527 3690 3596 μὴν

2138 3620 2421 3692 προδήλως
2469 3621 2676 3691 ἔτερος,
2719 3620 2937 3684 Ἰούνιος
2984 3619 3083 3684 ὢν,
3133 3621 3227 3673 καὶ
3269 3620 3462 3672 εἰκάδα
3495 3619 3532 3671 δ
3559 3619 3688 3689 ἔχων,

2136 3712 2318 3787 ἡμέρα
2342 3711 2398 3766 δὲ
2430 3713 2529 3784 τῆς
2560 3713 2850 3784 ἑϐδομάδος
2868 3711 2934 3784 β’.
2959 3710 3129 3767 Πάλιν
3153 3711 3211 3765 δὲ
3236 3710 3299 3764 τὸ
3326 3711 3429 3782 τῆς
3450 3710 3600 3765 αὑτοῦ
3623 3726 3691 3761 τε·

2136 3803 2425 3869 λειώσεως,
2456 3805 2623 3876 ῆγουν
2654 3805 2954 3878 ἀποτομῆς,
2985 3804 3138 3876 ἡλίου
3164 3804 3263 3876 μὲν
3291 3805 3354 3857 τὸ
3381 3804 3469 3869 ζιθ,
3498 3804 3688 3874 σελήνης

2138 3895 2196 3950 δὲ
2230 3896 2292 3949 τὸ
2320 3895 2394 3949 δ”
2432 3896 2537 3967 μὴν
2583 3896 2641 3950 δὲ
2675 3895 3004 3965 Αὔγουστος,
3046 3896 3242 3952 εἰκάδα
3283 3897 3329 3950 θ’
3358 3897 3515 3969 ἔχων.
3541 3893 3685 3966 ἡμέρα

2139 3984 2239 4055 τῆς
2263 3984 2557 4054 ἑὸδομάδος
2584 3993 2655 4055 γ’.
2696 3987 2784 4051 Ὠς
2832 3983 2971 4040 εἶναι
2997 3986 3065 4041 τά
3106 3989 3205 4058 μὲν
3250 3989 3394 4041 κατὰ
3422 3988 3589 4058 σάρκα
3614 3981 3685 4037 τοῦ

2139 4077 2389 4148 Σωτῆρος
2440 4076 2535 4148 ἐτη
2582 4078 2683 4144 λγ’,
2716 4078 2930 4149 ἡμέρας
2973 4077 3095 4131 πθ’·
3138 4078 3209 4131 τά
3249 4079 3306 4132 δὲ
3341 4079 3579 4133 Ἰωάννου
3612 4072 3684 4127 τοῦ

449 4158 757 4216 Βιιπτιστοῦ
786 4162 881 4237 ἔτη
910 4164 1012 4235 λγ’,
1051 4167 1261 4239 ἡμέρας
1291 4168 1390 4237 ξς,
1429 4170 1686 4237 ἐλάττους
1722 4171 1805 4243 κβ⁸
1840 4172 2201 4243 τυγχάνουσαι
2228 4171 2366 4243 πρὸς
2392 4170 2492 4236 τὰς
2524 4171 2619 4226 τοῦ
2649 4172 2899 4244 Σωτῆρος
2935 4172 3173 4247 ἡμέρας.

520 4255 601 4311 Τιι
633 4273 785 4325 vero,
814 4274 845 4314 a
875 4258 986 4316 Deo
1006 4265 1385 4321 conservande
1414 4266 1654 4332 domine,
1680 4268 1878 4322 horum
1909 4283 2029 4322 om-
2059 4273 2105 4328 ι)

447 4348 600 4401 nium
630 4351 958 4419 compendio
998 4354 1097 4408 tibi
1137 4355 1396 4411 traditam
1430 4358 1637 4413 habens
1694 4359 1981 4414 scientiam
2005 4399 2021 4424 ,

446 4439 830 4511 religiosorum
855 4441 1158 4502 Salvatoris
1188 4448 1361 4502 nostri
1390 4447 1654 4504 festorum
1699 4450 2022 4506 solemnita-

446 4537 532 4586 tcs
578 4531 845 4589 observa:
881 4542 939 4589 ut
988 4548 1248 4607 perpetua
1298 4546 1353 4594 te
1397 4555 1523 4594 cum
1554 4540 1762 4611 angelis
1789 4541 1844 4594 in
1884 4539 2026 4595 caelo

444 4625 667 4689 chorea,
691 4633 746 4681 et
773 4627 1108 4685 celebritatis
1136 4631 1397 4701 excipiat,
1431 4632 1690 4701 precibus
1741 4641 1796 4688 et
1852 4632 2026 4685 inter-

443 4716 789 4775 cessionibus
820 4718 1231 4789 gloriosissima
1271 4732 1326 4778 et
1371 4722 1737 4778 immaculata:
1789 4722 2026 4777 dominae

443 4813 644 4861 nostra;
687 4820 751 4862 ac
792 4805 1070 4879 Deiparae,
1115 4826 1441 4883 semperque
1478 4810 1723 4884 Virginis
1755 4812 1938 4867 Mariae
1969 4820 2025 4866 et

439 4896 685 4950 omnium
719 4907 1054 4955 sanctorum.
1083 4901 1287 4958 Amen.

2217 4266 2356 4319 Ἀλλ’
2382 4267 2543 4337 ἔχων,
2575 4267 2908 4338 θεοφύλακτε
2940 4266 3198 4334 δέσποτα,
3221 4270 3426 4323 τούτων
3448 4268 3682 4335 ἐπιτάμως

2131 4355 2539 4428 ὑποδειχθείσαν
2586 4357 2684 4428 τὴν
2728 4359 2955 4429 εἴδησιν,
3001 4359 3233 4430 ἀντέχου
3281 4360 3382 4431 τῆς
3399 4360 3508 4413 τῶν
3556 4356 3681 4428 ἱερῶν

2131 4448 2225 4502 τοῦ
2252 4448 2499 4517 Σωτῆρος
2544 4449 2703 4519 ἡμῶν
2750 4449 2984 4504 τελετῶν
3025 4452 3179 4523 ἱερᾶς
3209 4450 3679 4525 πανηγύρεωςοίδσ

2130 4538 2259 4612 ἑξῆς
2284 4539 2576 4611 άδιαδόχως
2607 4558 2666 4593 σε
2690 4541 3071 4615 διαδεχομένην
3102 4545 3202 4617 τὴν
3232 4547 3291 4599 ἐν
3331 4548 3568 4618 οὐρανοῖς
3585 4544 3675 4613 μετ’

2128 4631 2377 4700 ἀγγέλων
2409 4648 2468 4685 τε
2510 4634 2868 4704 χοροστασίαν
2899 4636 2994 4688 καί
3039 4639 3374 4710 πανήγυριν,
3406 4638 3578 4708 εὐχαῖς
3603 4631 3676 4687 καὶ

2130 4724 2449 4795 πρεσῦείαις
2486 4726 2586 4796 τῆς
2632 4727 2953 4794 πανενδόξου
2983 4730 3081 4783 καὶ
3125 4731 3400 4803 άχράντου
3432 4728 3674 4794 δεσποίνης

2128 4812 2286 4884 ἡμῶν
2319 4813 2581 4868 Θεοτὸκου
2614 4816 2707 4868 καὶ
2735 4816 2821 4869 del.
2848 4814 3131 4889 Παρθένου
3166 4818 3405 4890 Μαρίας,
3437 4816 3524 4870 καὶ
3565 4813 3674 4867 πάνυ

2126 4920 2235 4957 των
2273 4904 2381 4958 τῶν
2414 4906 2605 4976 ἁγίων.
2654 4907 2848 4979 Ἀμήν.

1251 5034 1256 5039 ’
1337 5115 1455 5226 s.
1547 5116 2082 5232 MAXIMI
2160 5116 2825 5266 COMPUTI.

1603 5335 1895 5425 PARS
1967 5336 2549 5429 SECUNDA.

804 5533 1121 5604 Explicatur
1160 5546 1418 5602 secundus
1457 5566 1652 5604 canon.

504 5620 897 5694 183LCum,
930 5637 989 5683 ut
1011 5632 1146 5688 ordo
1174 5637 1506 5705 postulabat,
1539 5641 1592 5694 in
1616 5642 1888 5711 superiori
1911 5659 2009 5698 ex-

430 5714 703 5783 positione
721 5715 1053 5777 declaratum
1081 5723 1262 5792 fuerit,
1292 5728 1494 5799 quibus
1510 5739 1563 5787 et
1577 5741 1708 5803 quot
1736 5733 1793 5788 in
1815 5733 2000 5817 annis,

2373 5556 2689 5628 Ἐξήγησις
2712 5559 2819 5613 τοῦ
2848 5559 3131 5630 δευτέρου
3158 5562 3459 5618 κανων-[ου.

2188 5649 2267 5702 Δ’.
2314 5648 2530 5723 Ἐπειδὴ
2574 5652 3040 5724 προεστειλάμεθα
3095 5655 3235 5708 κατὰ
3272 5654 3421 5718 τάξιν
3466 5653 3537 5713 εις
3576 5647 3655 5713 τὴν

2113 5736 2216 5809 ἤδη
2249 5741 2545 5814 γινομένην
2574 5744 2833 5817 ἐξήγησιν
2862 5748 2919 5801 ὲν
2950 5746 3059 5819 τίσι
3095 5748 3186 5801 καὶ
3225 5748 3406 5809 πόσοις
3432 5736 3653 5806 [sumit
