3800 6320
104 354 234 410 1957

870 352 927 407 8.
969 349 1213 406 MAXIM]
1250 346 1608 405 MAﬂTYRlS
1643 345 2021 403 COMPUTUS
2056 343 2493 401 ECCLESIAST.

3194 342 3218 396 Ι
3228 342 3332 396 258

98 463 478 537 ﬂammam:
510 463 887 536 τετηρήκαμεν
918 463 1042 534 ἔτηο
1073 464 1258 533 ἐπειδὴ
1286 463 1405 517 οὐδέ
1436 463 1533 534 μιᾷ
1560 478 1659 514 πε-

1772 460 1975 515 Etcnim
2029 475 2127 531 per
2175 458 2424 531 quamvis
2471 454 3037 512 enneadecaeteridem
3075 453 3132 511 in
3174 459 3332 514 annis

101 555 334 629 ραιτέρω
365 554 474 609 τῶν
503 553 544 608 ε’
574 554 707 610 ἐτῶν
737 556 816 618 εἰς
837 554 1115 626 Κυριακὴν
1144 554 1353 627 ἡμέραν
1391 552 1661 608 συναντῶ-

104 662 198 699 σαν
226 647 541 718 εὑρήκαμεν
562 645 660 716 τὴν
692 647 818 717 παρ’
845 645 1070 709 ἐκείνοις
1099 643 1471 716 ψηφιζομένην
1499 642 1538 698 ε’
1570 645 1664 697 καὶ

100 735 151 805 ι’,
182 739 215 811 ῆ
246 735 302 803 ς’
327 737 423 791 καὶ
456 734 601 801 ι’,εἰς
643 737 710 807 ἢν
753 735 873 790 καθ’
907 738 1050 808 ἡμᾶς
1074 734 1115 789 δ’
1147 736 1238 789 καὶ
1276 734 1306 788 ι’
1350 733 1659 806 ψηφίζεται,

101 828 210 881 ἀλλ’
242 826 276 897 ἢ
321 828 380 880 ἐν
415 827 514 892 ἐνὶ,
547 826 579 898 ἢ
607 826 774 891 δυσὶν,
815 827 849 898 ἢ
877 827 1072 898 τρισὶν,
1101 828 1133 897 ἢ
1163 826 1467 897 τέσσαρσιν,
1499 827 1532 898 ἢ
1580 826 1620 879 ε’
1643 843 1660 859 ο

101 919 265 972 πλείω
290 919 348 972 δὲ
379 918 646 989 οὐδαμῶς.
674 918 831 972 Κατὰ
857 920 1033 972 πᾶσαν
1064 919 1161 989 μὲν
1183 918 1290 989 γὰρ
1328 918 1662 971 ἐννεακαιδε-

101 1010 396 1082 καετηρίδα
427 1009 485 1063 ἐν
524 1027 584 1063 τε
615 1012 727 1073 τοῖς
756 1009 1065 1080 δεκατρισὶν
1093 1008 1267 1062 ἐτεσιν
1304 1006 1344 1062 ε’
1370 1009 1462 1062 καὶ
1491 1008 1544 1075 ι’,
1572 1008 1664 1062 καὶ

99 1101 173 1172 τῷ
204 1102 288 1154 ἐνὶ
332 1098 395 1166 ἒξ
421 1101 513 1154 καὶ
542 1099 574 1154 ι’
603 1100 700 1171 τὴν
742 1098 782 1153 δ’
824 1101 918 1154 καὶ
946 1097 1001 1163 ι’,
1027 1100 1103 1163 ὡς
1127 1099 1281 1169 ἔφην,
1319 1097 1661 1169 ψηφίξουσιν.

100 1194 209 1246 Οὐκ
235 1192 354 1246 ἔστι
382 1193 439 1246 δὲ
460 1194 537 1257 εἰς
558 1191 838 1263 Κυριακὴν
868 1192 1099 1263 ἡμέραν.
1136 1190 1225 1255 Ἐξ
1244 1182 1303 1242 οξ
1337 1189 1437 1243 κᾶν
1459 1192 1507 1243 εἰ
1536 1190 1664 1261 περὶ

98 1283 192 1354 τὴν
219 1285 320 1355 τῆς
345 1284 572 1354 σελήνης
600 1283 916 1352 σφάλλονται
948 1282 1181 1354 ἡμέραν,
1205 1282 1338 1335 ἀλλά
1368 1298 1430 1350 γε
1457 1281 1584 1352 περὶ
1605 1281 1666 1333 τὸ

99 1375 239 1428 κατὰ
284 1375 518 1447 Χριστὸν
564 1375 626 1428 οὐ
664 1374 1083 1447 διαμαρτάνουσι
1123 1372 1313 1442 Πάσχα
1337 1373 1388 1426 δ.
1456 1392 1484 1425 ν.
1560 1415 1575 1431 .
1648 1409 1665 1425 .

97 1465 189 1519 τοῦ
217 1465 489 1518 τελεῖσθαι
518 1465 675 1536 μέχρι
711 1464 812 1534 τῆς
851 1464 944 1517 τοῦ
986 1465 1219 1533 φέγγους
1248 1460 1458 1525 εἰκάδος
1486 1459 1533 1514 α’
1556 1479 1571 1492 ο
1601 1461 1668 1531 ἢν

98 1557 194 1626 οὐχ
228 1556 667 1629 ὑπερϐαίνουσιν,
699 1555 805 1607 ἀπὸ
828 1554 1082 1626 δευτέρας
1114 1554 1212 1623 τὴν
1253 1552 1292 1607 ε’
1322 1554 1415 1607 καὶ
1455 1550 1487 1606 ι’
1502 1553 1672 1623 ψηφίο

96 1646 503 1719 ζοντες·ῶσπερ
530 1646 650 1700 οὐδὲ
680 1647 786 1700 ἀπὸ
805 1644 850 1715 γ’
874 1646 971 1716 τὴν
997 1646 1047 1710 ς’
1079 1646 1173 1699 καὶ
1201 1644 1255 1699 ι’.
1272 1646 1425 1699 Ἐπεὶ
1445 1646 1671 1715 ταύτην,

97 1741 238 1809 λέγω
269 1739 327 1793 δὲ
356 1739 454 1810 τὴν
482 1737 533 1805 ς’
556 1741 648 1793 καὶ
680 1736 730 1803 ι’,
756 1738 849 1792 ἐὰν
874 1739 982 1792 ἀπὸ
1004 1739 1101 1809 τῆς
1116 1737 1257 1792 κατὰ
1283 1738 1378 1809 τὴν
1403 1738 1673 1808 ἑϐδομάδα

1763 566 1886 613 xui,
1915 549 2180 605 decimam
2212 550 2456 619 quintam
2493 567 2507 602 :
2541 548 2596 601 in
2628 560 2757 610 uno,
2789 562 2880 601 va
2911 553 3125 616 putant,
3154 554 3213 601 ut
3248 548 3336 601 di-

1758 649 1905 696 ctum
1931 647 2036 704 est,
2080 655 2200 696 eam
2230 654 2352 711 quae
2380 654 2471 693 xiv
2503 653 2691 694 revera
2718 647 2822 693 est.
2855 637 2960 693 Sed
2996 637 3051 691 in
3092 636 3336 693 Domini-

1761 750 1881 789 cam
1907 749 1984 790 ea:
2015 748 2122 789 non
2160 733 2431 789 incidunt.
2463 731 2621 788 Unde
2655 733 2777 787 licet
2808 733 2864 786 in
2904 731 2992 787 die
3040 731 3161 801 ipso
3194 731 3339 784 luna

1761 819 1933 892 fugiat
1979 822 2100 877 illos
2152 822 2327 889 ratio,
2380 835 2489 877 non
2540 829 2721 876 tamen
2778 822 2833 875 in
2881 820 3195 875 Christiano
3232 819 3340 873 Pa-
3394 864 3397 867 .

1765 915 1953 971 schate
1995 929 2150 969 error
2183 914 2395 985 obrepit
2426 954 2441 968 .
2473 952 2488 967 .
2523 950 2539 967 .
2573 952 2587 968 .
2617 913 2879 969 celebrari
2930 927 3103 983 usque
3146 911 3213 966 ad
3244 927 3336 966 xxi

1763 1006 1903 1062 lunae
1925 1022 2085 1077 quam
2111 1021 2221 1061 non
2248 1006 2660 1072 transcendunt,
2688 1020 2812 1060 cum
2839 1004 3079 1061 secunda
3104 1002 3234 1059 feria
3267 1019 3337 1057 xv

1763 1105 2076 1168 computant
2108 1116 2121 1152 :
2155 1096 2611 1167 quemadmodum
2642 1111 2765 1152 cum
2809 1096 2969 1152 tertia
3014 1110 3104 1151 xvi
3152 1109 3339 1149 nume-

1766 1197 1908 1245 rant.
1958 1187 2091 1243 Nam
2137 1188 2183 1244 si
2237 1189 2378 1243 hanc
2428 1190 2601 1259 ipsam
2648 1204 2738 1243 xvi
2773 1188 2906 1244 feria
2941 1204 2977 1243 ιι
3021 1195 3334 1248 numerent.

1767 1283 1956 1351 utique
2001 1281 2500 1351 transgrediuntur.
2552 1279 2761 1350 Quippe
2811 1296 2897 1335 xvi
2942 1287 2997 1335 et
3033 1296 3087 1334 vr
3132 1281 3339 1336 faciunt

1767 1386 1899 1426 χιιι.
1925 1368 2006 1425 Ob
2029 1370 2171 1424 hanc
2198 1384 2418 1423 causam
2447 1385 2619 1424 annos
2647 1369 2787 1425 luna:
2811 1385 2998 1424 eorum
3026 1370 3235 1426 calculo
3261 1372 3336 1426 ita

1769 1468 1987 1531 putatos
2019 1458 2223 1529 duplici
2260 1465 2463 1529 puncto
2500 1459 2807 1515 notavimus
2840 1477 2853 1514 :
2886 1460 3136 1515 similiter
3162 1476 3337 1516 annos

1770 1565 1886 1610 eos,
1937 1550 2134 1618 quibus
2182 1548 2461 1603 Dominica
2490 1550 2577 1604 die
2608 1565 2694 1603 xvi
2731 1550 2842 1617 illa,
2877 1564 3037 1619 quam
3070 1550 3330 1618 diximus,

1772 1641 2111 1702 observatur,
2165 1649 2367 1710 puncto
2419 1641 2615 1709 triplici
2669 1639 3035 1697 distinximus.
3092 1641 3203 1698 Hoc
3252 1657 3337 1701 est

1773 1740 2091 1799 punctorum
2126 1729 2340 1783 illorum
2372 1732 2665 1800 negotium,
2700 1746 2820 1800 qua:
2865 1731 3187 1801 quibusdam
3232 1748 3335 1788 an-

97 1830 351 1902 δευτέρας
388 1831 716 1902 ψηφίσωσιν,
747 1830 1128 1903 ὑπερϐαίνουσι
1172 1830 1422 1892 πάντως·
1449 1827 1522 1894 ις’
1553 1829 1659 1899 γάρ

1772 1823 1850 1876 nis
1894 1823 2037 1875 luna)
2079 1828 2205 1875 sunt
2256 1821 2553 1891 adscripta,
2599 1830 2653 1877 ct
2698 1821 2766 1875 ad
2805 1821 3096 1879 discrimen
3146 1839 3335 1881 eorum

99 1921 189 1974 καὶ
219 1917 272 1984 ς’
306 1918 392 1990 κβ’
424 1918 687 1975 ποιοῦσιν.
744 1920 835 1972 Διὸ
887 1919 979 1972 καὶ
1026 1918 1095 1972 τὰ
1129 1919 1297 1982 οὕτως
1329 1922 1458 1989 παρ’
1481 1920 1661 1981 αὐτοῖς

99 2008 442 2080 ψηφιζόμενα
472 2010 575 2079 τῆς
620 2008 847 2081 σελήνης
885 2010 979 2079 ἔτη
1012 2009 1467 2080 ἐσημειωσάμεθα
1498 2008 1582 2061 διὰ
1618 2005 1663 2079 β’

100 2098 364 2168 στιγμῶν.
407 2099 636 2169 Ὁμοίως
662 2098 720 2151 δὲ
749 2098 842 2151 καί
873 2097 940 2151 τά
969 2099 1027 2150 ἐν
1050 2093 1131 2161 οἷς
1159 2101 1239 2163 εἰς
1259 2098 1541 2170 Κυριακὴν
1566 2098 1663 2169 τὴν

97 2189 396 2262 εἰρημένην
426 2187 478 2255 ς’
506 2190 603 2244 καὶ
633 2187 663 2242 ι’
700 2190 1045 2261 τηροῦσι,ὀιὰ
1072 2190 1236 2262 τριῶν
1260 2190 1520 2262 στιγμῶν.
1554 2192 1663 2244 Καὶ

96 2273 251 2344 οὗτος
291 2282 321 2333 ὁ
362 2280 492 2350 περὶ
529 2280 637 2333 τῶν
670 2279 912 2350 στιγμῶν
950 2279 1105 2347 λόγος
1132 2278 1242 2332 τῶν
1267 2280 1496 2333 ἐνόντων
1522 2282 1664 2334 τισὶν

96 2372 244 2425 ἔτεσι
274 2372 374 2443 τῆς
401 2370 652 2441 σελήνης,
686 2371 747 2435 ἐξ
773 2366 847 2427 ὧν
878 2373 911 2441 ἡ
938 2372 1197 2442 ’διαστολὴ
1230 2370 1439 2439 γίνεται
1472 2372 1581 2425 τῶν
1607 2374 1664 2424 ἐν

94 2456 178 2526 οἷς
204 2462 379 2516 εἰκάδι
408 2460 473 2532 β’,
502 2463 597 2516 καὶ
623 2463 682 2515 ἐν
711 2457 792 2526 οἷς
832 2462 1005 2516 εἰκάδι
1033 2460 1104 2531 γ’,
1131 2463 1224 2515 καὶ
1261 2464 1320 2516 ἐν
1340 2457 1421 2526 οἷς
1448 2462 1663 2533 προτοῦ

109 2551 399 2624 Ἐϐραῖκοῧ
452 2552 643 2623 Πάσχα
687 2554 749 2606 τὸ
798 2554 937 2606 κατὰ
983 2553 1214 2624 Χριστὸν
1244 2553 1394 2623 παρὰ
1434 2554 1495 2607 τὸ
1521 2552 1666 2617 εἰκὸς

97 2643 490 2709 κανονίζουσιν.
532 2645 619 2698 Ἐν
656 2645 764 2715 γὰρ
808 2648 918 2709 τοῖς
946 2644 1045 2708 τὰς
1079 2644 1172 2698 δύο
1205 2645 1436 2715 στιγμάς
1482 2644 1663 2714 έχουσι

98 2733 256 2786 τοῦτο
292 2732 556 2796 ποιοῦσιν,
595 2735 675 2796 εἰς
710 2732 992 2805 Κυριακὴν
1020 2732 1233 2804 ἡμέραν
1260 2732 1358 2803 τὴν
1389 2734 1515 2805 παρ’
1536 2735 1665 2803 ήμῖν

97 2820 229 2893 γ’⁶⁸,
263 2825 359 2878 καὶ
391 2822 444 2889 ι’,
469 2820 510 2877 ε’
541 2825 636 2877 καὶ
663 2821 717 2887 ι’,
741 2824 893 2877 αὐτοὶ
916 2823 1011 2877 τοῦ
1050 2825 1282 2893 φέγγους
1315 2824 1662 2895 ψηφίζοντες-

100 2916 196 2980 Εἰς
240 2915 308 2987 ἠν
363 2917 488 2969 ὅσον
521 2916 621 2986 μὲν
665 2915 733 2968 δι’
772 2916 939 2987 αὐτὴν
984 2915 1084 2987 τήν
1127 2913 1167 2968 ε’
1200 2915 1293 2970 καὶ
1333 2914 1363 2967 ι’
1391 2914 1666 2987 ἑορτάζειν

96 3002 322 3071 ὤφελον,
372 3002 529 3058 τοῦτὸ
556 3019 620 3070 γε
657 3002 751 3057 τοῦ
782 3004 1006 3067 κανόνος
1052 3004 1420 3075 ἐγχωροῦντος
1460 3008 1662 3069 ποιεῖν,

96 3093 287 3148 ὅσονδέ
306 3094 395 3147 διὰ
414 3092 510 3164 τὴν
527 3091 568 3146 δ’
589 3096 683 3148 καὶ
710 3091 741 3147 ι’
767 3097 832 3166 τῇ
866 3094 1011 3165 ἑξῆς,
1039 3094 1203 3164 ήγουν
1223 3098 1290 3166 τῇ
1323 3093 1368 3165 β’
1392 3096 1492 3167 τῆς
1514 3096 1665 3149 ἐϐδο-

99 3185 270 3255 μάδος
303 3186 672 3256 ὑπάρχουσαν,
707 3187 813 3257 πρὸ
858 3186 951 3239 τοῦ
998 3186 1119 3240 καθ’
1157 3188 1436 3259 Ἐϐραίους
1476 3190 1666 3261 Πάσχα

96 3276 158 3329 τὸ
207 3276 348 3330 κατὰ
376 3276 607 3347 Χριστὸν
641 3276 944 3347 ἐλέγχονται
997 3278 1381 3345 κανονίζοντες,
1416 3282 1510 3336 καὶ
1541 3283 1669 3355 περὶ

98 3367 201 3439 τήν
238 3367 411 3438 ἀληθῆ
437 3367 617 3437 ψῆφον
637 3367 1102 3438 διαμαρτάνοντες.
1129 3372 1191 3425 Εἰ
1222 3370 1329 3444 γὰρ
1356 3373 1450 3425 καί
1480 3375 1514 3443 ή
1544 3390 1668 3425 συν-

101 3457 381 3528 ἐμπτωσις
403 3457 501 3511 τοῦ
529 3458 666 3511 κατὰ
692 3460 924 3529 Χριστὸν
954 3460 1089 3531 πρὸς
1129 3460 1189 3513 τὸ
1233 3459 1515 3531 Ἐὅραῖκὸν
1556 3461 1670 3514 δια-

101 3550 358 3603 ϐάλλεται
396 3550 608 3620 Πάσχα,
640 3551 692 3603 τί
721 3550 767 3603 δ’
791 3550 857 3605 ἄν
890 3568 971 3615 τις
1003 3551 1145 3605 εἴποι
1175 3553 1301 3623 περὶ
1331 3552 1431 3623 τῆς
1460 3569 1668 3622 προεμ-

102 3642 395 3706 πτὼσεως;
417 3641 709 3711 Συμσαίνει
734 3642 792 3695 δὲ
820 3638 974 3706 αὖθις
995 3643 1232 3706 ἐκείνους
1254 3643 1314 3696 τὸ
1344 3643 1455 3697 ἴσον
1475 3644 1667 3707 τελεῖν,

103 3732 209 3786 κᾶν
240 3736 355 3796 τοῖς
381 3733 495 3785 rb"
528 3771 544 3785 .
619 3772 635 3788 .
707 3775 723 3788 .
804 3771 820 3789 .
896 3773 912 3789 .
981 3776 999 3790 .
1076 3775 1091 3789 .
1120 3734 1313 3788 ἐτεσιν.
1350 3735 1438 3789 Ἐν
1463 3735 1671 3798 τούτοις

101 3825 211 3899 γάρ
260 3825 652 3879 πεντεκαιδεκά
725 3866 740 3881 .
816 3865 833 3881 .
910 3866 925 3881 .
1000 3864 1015 3878 .
1097 3865 1111 3881 .
1185 3865 1199 3881 .
1279 3863 1295 3880 .
1371 3863 1388 3879 .
1420 3825 1519 3897 τὴν
1572 3826 1672 3895 τῆς

104 3920 184 3982 εἰς
216 3918 503 3989 Κυριακὴν
542 3918 753 3989 ἡμέραν
789 3917 927 3988 ψηφί
1002 3956 1015 3971 .
1095 3958 1109 3971 .
1189 3958 1202 3972 .
1282 3958 1297 3972 .
1375 3956 1389 3971 .
1468 3957 1481 3970 .
1562 3956 1576 3971 .
1652 3956 1669 3973 .

103 4006 295 4072 ζοντες
320 4008 415 4061 τοῦ
448 4009 671 4079 νομικοῦ
702 4009 911 4078 Πάσχα.
951 4008 1041 4071 Ὠς
1063 4008 1130 4062 ἂν
1166 4008 1344 4063 τοίνυν
1375 4047 1389 4062 .
1468 4047 1481 4061 .
1560 4050 1573 4062 .
1655 4050 1669 4064 .

99 4099 240 4168 δῆλα
270 4098 559 4152 καὶταῦτα
588 4103 700 4163 τοῖς
733 4098 1116 4169 ἐντυγχάνουσι
1186 4139 1200 4152 .
1281 4136 1294 4150 .
1372 4140 1386 4153 .
1468 4142 1479 4153 .
1556 4139 1569 4152 .
1655 4138 1669 4153 .

104 4191 250 4264 μόνῃ
280 4193 480 4262 στιγμῇ
512 4191 970 4263 διεσημηνάμεθα.
1004 4192 1156 4245 Εἰσὶν
1191 4185 1284 4245 οὖν
1308 4191 1376 4245 τὰ
1407 4192 1674 4263 μηδεμίαν

104 4296 1671 4344 στιγμὴν...............

104 4291 1671 4344 στιν.............“..

101 4284 388 4445 καᾷμῖὴν
409 4375 612 4428 οἰκείαν
639 4375 891 4445 ἐξάγουσι
917 4376 1095 4447 ψῆφον
1127 4378 1187 4431 τὺ
1205 4379 1396 4448 Πάσχα
1412 4393 1426 4406 ·
1450 4378 1675 4449 πρώτην

102 4468 206 4519 καὶ
256 4466 444 4521 εἰκάδα
492 4468 632 4521 κατὰ
676 4468 774 4539 τὴν
822 4469 1275 4540 ἐκκλησιαστικὴν
1322 4470 1673 4542 ὑπάρχουσαν

104 4554 353 4623 μέθοδον.
378 4555 456 4607 Τὰ
476 4555 531 4608 δὲ
554 4555 681 4625 μίαν
704 4556 849 4627 ἢδύο
880 4557 1191 4627 κεκτημένα
1225 4558 1478 4628 στιγμάς.
1506 4561 1564 4611 ἐν
1596 4554 1679 4622 οἷς

103 4649 187 4711 εἰς
207 4646 395 4700 εἰκάδα
415 4644 456 4716 β’
472 4647 533 4699 οὐ
559 4648 732 4717 μόνον,
749 4648 884 4701 ἀλλὰ
903 4650 996 4702 καὶ
1017 4650 1077 4702 τὸ
1101 4649 1258 4703 κατὰ,
1278 4651 1511 4720 Χριστὸν
1522 4651 1615 4703 τοῦ
1628 4651 1676 4682 ⁸⁸

101 4736 337 4807 νομικοῦ
375 4739 408 4807 ή
430 4738 475 4770 ⁸³
501 4737 747 4792 λέλεκται
778 4739 1143 4804 κανονίζουσιν
1163 4756 1175 4769 ·
1206 4741 1254 4792 εἰ
1298 4742 1393 4794 καὶ
1429 4744 1541 4805 τοῖς
1579 4741 1679 4810 μὲν

100 4825 222 4883 οἷον
257 4833 368 4894 τοῖς
404 4830 531 4899 μίαν
567 4829 747 4899 ἔχουσι
776 4829 873 4900 τὴν
896 4830 1125 4901 στιγμὴν
1152 4829 1239 4883 διὰ
1273 4831 1335 4883 τὸ
1359 4831 1632 4900 βὶσσεξτον
1660 4850 1673 4863 ·

100 4922 225 4983 τοῖς
276 4921 334 4973 δὲ
370 4921 469 4982 τὰς
507 4920 599 4972 δύο
646 4920 875 4989 στιγμάς
899 4919 988 4972 διὰ
1020 4921 1119 4983 τὰς
1141 4924 1204 4974 ἐκ
1232 4921 1338 4973 τῶν
1366 4921 1673 4991 ἐξηκοστῶν

100 4994 501 5081 ἆθροιζομένας
546 5011 727 5073 αὐτοῖς
755 5009 982 5081 ἡμέρας·
1010 5012 1078 5065 τὰ
1110 5010 1166 5063 δὲ
1200 5011 1377 5080 τρισὶν
1406 5012 1679 5081 ἐνσημαν-

101 5099 276 5153 θέντα
305 5102 578 5168 στιγμαῖς,
605 5101 663 5151 ἐν
696 5094 776 5162 οἷς
807 5101 887 5161 εἰς
923 5099 1108 5152 εἰκάδα
1136 5096 1207 5167 γ’,
1235 5099 1371 5169 πρὸς
1408 5097 1501 5152 καί
1535 5116 1674 5151 τισιν

100 5192 319 5262 ἑτέροις
342 5191 730 5261 ποστημορίοις
761 5191 1108 5251 ἐκτείνουσιν,
1156 5191 1291 5261 ὅπερ
1331 5190 1554 5244 ἄτοπον.
1592 5192 1679 5242 Ἐν

99 5282 338 5346 ταύταις
360 5281 418 5335 δὲ
447 5285 566 5346 ταῖς
593 5282 905 5354 εἰρημέναις
929 5282 970 5334 ε’
998 5282 1214 5346 ζώναις,
1251 5282 1415 5352 ἤγουν
1442 5284 1553 5345 τοῖς
1583 5281 1679 5335 κύ-

98 5374 284 5439 κλοις,
312 5373 672 5444 συνετάξαμεν
704 5377 815 5437 τοῖς
838 5374 979 5427 ἐτεσι
1010 5375 1110 5445 τῆς
1142 5375 1368 5445 σελήνης
1390 5374 1448 5438 ἐξ
1472 5374 1680 5428 εὐωνύ-

103 5481 237 5533 μων
256 5462 324 5517 τὰ
346 5463 439 5515 τοῦ
461 5463 609 5534 ήλίου
634 5464 726 5535 ἔτη
756 5457 890 5534 μετὰ
924 5466 1142 5518 καὶτῶν
1162 5463 1226 5518 ιϐ’
1242 5465 1454 5518 κύκλων
1478 5466 1675 5531 αὐτῶν,

98 5552 284 5621 ἤγουν
317 5553 905 5623 εἰκοσιοκταετηρίδων,
935 5554 1041 5607 ἀπὸ
1085 5551 1310 5624 σηρικοῦ
1352 5556 1674 5626 γεγραμμέ-

1763 1912 2054 1982 pertinent,
2111 1912 2309 1982 quibus
2365 1914 2422 1967 in
2478 1929 2593 1967 xxn
2657 1919 2750 1966 aut
2801 1928 2938 1968 mu
2989 1914 3128 1970 lunae
3190 1916 3336 1971 diem

1761 2002 1970 2058 Pascha
2012 2004 2120 2058 illis
2151 2003 2341 2057 incidit
2374 2021 2389 2058 :
2422 2010 2536 2057 tum
2566 2003 2727 2059 etiam
2765 2004 2964 2074 quibus
2992 2016 3115 2062 ante
3149 2005 3338 2062 Judai-

1762 2110 1886 2151 cum
1932 2093 2162 2159 Pascha,
2200 2096 2569 2150 Christianum
2616 2096 2685 2151 ab
2716 2097 2929 2161 iisdem,
2954 2108 3143 2153 contra
3172 2115 3337 2170 quam

1761 2194 1993 2257 oportet,
2025 2188 2306 2243 indicitur.
2343 2187 2467 2242 Hazc
2498 2189 2641 2243 enim
2686 2189 2753 2244 iis
2788 2190 2947 2245 annis
2983 2189 3208 2256 faciunt,
3242 2192 3339 2263 qui

1761 2278 1975 2333 duobus
2026 2280 2248 2349 punctis
2302 2280 2509 2350 praediti
2567 2287 2728 2347 sunt;
2782 2288 2841 2335 ut
2894 2280 3171 2337 Dominica
3224 2283 3335 2347 die.

1762 2384 1925 2439 quam
1957 2383 2059 2424 nos
2087 2384 2187 2424 xm
2217 2371 2400 2424 lunam
2434 2379 2710 2441 putamus,
2738 2386 2856 2426 eam
2900 2370 3004 2441 ipsi
3047 2389 3116 2426 xv
3147 2389 3339 2428 nume-

1763 2470 1904 2518 rent.
1934 2461 2071 2516 Tum
2102 2462 2268 2525 enim,
2302 2469 2569 2533 quantum
2613 2463 2678 2519 ad
2712 2479 2782 2518 xv
2816 2466 3029 2529 attinet,
3062 2466 3338 2521 celebrare

1762 2548 1972 2605 Pascha
2016 2550 2337 2612 debuerant,
2382 2565 2505 2605 cum
2540 2550 2643 2605 hoc
2678 2551 2793 2605 ﬁeri
2833 2567 2929 2623 per
2957 2567 3220 2608 canonem
3269 2554 3339 2607 li-

1764 2646 1904 2695 ceat.
1952 2638 2233 2705 Quatenus
2286 2648 2466 2696 autem
2514 2657 2606 2695 xiv
2655 2644 2899 2713 sequenti
2945 2644 3053 2705 die,
3104 2646 3209 2701 hoc
3253 2653 3339 2701 est

1765 2732 1899 2788 feria
1938 2733 2177 2789 secunda
2208 2732 2583 2799 hebdomadis,
2616 2735 2862 2802 incurrit,
2896 2744 3021 2792 ante
3050 2735 3337 2795 Iudaicum

1764 2818 1970 2877 Pascha
2001 2822 2366 2877 Christianum
2407 2822 2528 2879 illos
2575 2830 2814 2879 statuere
2837 2868 2850 2891 ,
2888 2832 2943 2880 et
2976 2841 3006 2879 a
3035 2828 3181 2884 veris
3227 2828 3343 2882 cal-

1764 2914 1903 2969 culis
1946 2914 2219 2980 aberrare,
2279 2914 2418 2968 ratio
2467 2917 2586 2984 ipsa
2633 2915 2930 2971 convincit.
2982 2916 3115 2972 Nam
3167 2919 3214 2974 si
3254 2920 3340 2974 vel

1764 3005 1881 3076 ipse
1927 3003 2211 3061 Paschatis
2259 3008 2433 3062 nostri
2484 3022 2610 3062 cum
2665 3005 2895 3063 Jud‘aico
2935 3024 3238 3068 concursus
3283 3013 3344 3067 in

1764 3096 1925 3166 culpa
1975 3103 2093 3160 est,
2142 3096 2273 3166 quid
2324 3097 2616 3153 dicendum
2658 3108 2762 3162 est,
2807 3100 2853 3154 si
2904 3102 3007 3157 hoc
3055 3104 3219 3157 etiam
3272 3104 3345 3159 sit

1768 3186 1901 3240 illud
1933 3189 2212 3243 anterius?
2238 3188 2518 3260 Contingit
2550 3196 2729 3245 autem
2762 3206 2954 3248 rursus
2997 3193 3119 3250 illos
3148 3194 3345 3251 eodem

1767 3278 2043 3334 celebrare
2083 3279 2263 3342 modo,
2309 3281 2394 3335 his
2426 3285 2585 3339 annis
2666 3321 2679 3337 .
2759 3325 2775 3339 .
2854 3326 2867 3339 .
2947 3327 2960 3341 .
3040 3327 3054 3341 .
3133 3325 3151 3341 .
3228 3326 3243 3341 .

1767 3365 1825 3422 ln
1873 3369 1959 3424 his
2008 3370 2156 3423 enim
2202 3369 2467 3426 decimam
2530 3374 2777 3444 quintam
2853 3417 2869 3432 .
2948 3418 2962 3432 .
3044 3418 3059 3432 .
3135 3416 3151 3432 .
3223 3393 3345 3448 qua:

1769 3456 1824 3511 in
1872 3456 2156 3513 Dominica
2200 3460 2286 3514 die
2333 3471 2683 3532 computatur
2756 3503 2773 3521 .
2849 3504 2866 3521 .
2943 3502 2963 3522 .
3041 3506 3056 3521 .
3135 3468 3347 3539 .legalis

1768 3543 2078 3602 Paschalis.
2140 3544 2211 3601 Ut
2267 3548 2433 3619 igitur
2510 3592 2526 3606 .
2604 3591 2620 3605 .
2700 3592 2715 3608 .
2794 3593 2811 3610 .
2887 3554 3174 3610 manifesta
3230 3556 3347 3611 hac

1768 3637 2062 3693 lectoribus
2132 3681 2144 3694 .
2225 3682 2238 3696 .
2319 3683 2333 3697 .
2413 3682 2428 3697 .
2494 3645 2755 3716 singulari
2786 3655 2988 3717 puncto
3016 3648 3343 3706 notavimus.

1772 3726 1911 3782 Sunt
1939 3729 2106 3801 igitur
2135 3746 2254 3803 quae
2285 3742 2488 3806 puncto
2519 3737 2666 3792 omni
2696 3748 2885 3794 carent
2951 3782 2965 3795 .
3043 3780 3058 3796 .
3137 3781 3154 3797 .
3232 3781 3248 3797 .
3326 3782 3345 3798 .

1771 3910 1982 3966 Pascha
2033 3915 2100 3969 ad
2149 3932 2277 3971 suas
2319 3919 2564 3977 rationes
2612 3923 3057 3991 accommodant;
3089 3940 3211 3995 quae
3252 3941 3346 3981 χιιι

1772 4005 2142 4060 ecclesiastica
2203 4010 2461 4064 methodo
2507 4020 2873 4082 computatur.
2920 4015 2990 4068 At
3038 4017 3129 4085 qui
3188 4016 3349 4071 unico

1775 4103 1977 4164 puncto
2026 4098 2295 4168 duplicive
2342 4109 2471 4157 sunt
2519 4102 2717 4167 aﬂ'ecti,
2768 4105 2801 4158 ii
2854 4112 3003 4170 sunt,
3045 4106 3101 4160 in
3148 4107 3349 4176 quibus

1775 4200 1882 4239 non
1933 4187 2109 4241 solum
2142 4206 2257 4243 xxn
2292 4191 2401 4256 die,
2449 4192 2544 4246 sed
2574 4192 2736 4247 etiam
2772 4202 2896 4248 ante
2929 4195 3102 4264 legale
3138 4195 3350 4252 Pascha

1775 4274 2140 4332 Christianum
2186 4280 2255 4335 ab
2302 4281 2371 4337 iis
2412 4282 2672 4337 indicitur
2716 4302 2729 4339 :
2768 4285 2903 4338 adeo
2947 4292 3008 4339 ut
3042 4285 3135 4355 qui
3179 4301 3350 4340 unum

1776 4366 1976 4423 habent
2022 4382 2305 4441 punctum,
2338 4373 2423 4429 his
2456 4383 2678 4445 prepter
2708 4376 3005 4431 bissextum
3063 4377 3199 4432 iliud
3258 4392 3352 4432 ac-

1709 4498 1752 4552 D
1779 4456 1956 4552 cidat;
1992 4461 2082 4530 qui
2114 4462 2316 4533 duplici
2369 4464 2582 4535 praediti
2628 4471 2777 4529 sunt,
2805 4473 3028 4535 propter
3056 4466 3175 4520 dies
3202 4465 3348 4529 illos,

1780 4550 1874 4617 qui
1918 4566 1984 4605 ex
2032 4552 2276 4607 collectis
2323 4555 2671 4625 sexagesimis
2714 4556 3016 4624 accedunt;
3050 4556 3143 4625 qui
3174 4555 3351 4611 tribus

1783 4641 2016 4712 denique
2042 4646 2212 4698 notati
2243 4652 2389 4710 sunt,
2421 4645 2473 4699 in
2505 4646 2573 4701 iis
2596 4646 2662 4700 ad
2692 4661 2824 4700 χχιιι
2858 4659 3032 4716 usque
3058 4645 3200 4700 diem
3225 4660 3350 4700 cum

1782 4734 2194 4789 excurrentibus
2222 4735 2426 4806 aliquot
2466 4737 2738 4806 scrupulis
2771 4735 2979 4791 Pascha
3012 4736 3347 4791 diﬂ'unditur.

1784 4822 1939 4889 Quod
1978 4833 2058 4881 est
2106 4827 2422 4883 absurdum.
2452 4828 2718 4885 Czeterum
2751 4829 2805 4883 in
2841 4829 2950 4884 illis
2979 4830 3219 4899 quinque
3260 4844 3354 4883 zo-

1783 4916 1890 4981 nis,
1922 4916 2230 4981 circulisvc,
2262 4919 2331 4973 ad
2362 4936 2534 4975 annos
2568 4921 2708 4976 lunae
2733 4922 2940 4977 solares
2977 4921 3045 4975 ad
3073 4922 3352 4976 sinistram

1784 5008 2157 5077 ascripsimus,
2183 5025 2290 5063 una
2315 5024 2439 5065 cum
2464 5027 2556 5066 λιιι
2582 5012 2749 5084 cyclis
2780 5012 3043 5083 ipsorum,
3071 5013 3163 5081 qui
3194 5014 3356 5069 anuis

1784 5098 1980 5168 singuli
2011 5107 2261 5153 constant
2291 5110 2413 5156 octo
2440 5110 2494 5157 et
2524 5103 2713 5174 viginti
2746 5122 2761 5160 τ
2793 5120 2825 5159 e
2858 5104 3059 5175 quibus
3082 5105 3356 5159 enneade.

1786 5189 2085 5245 caeterides
2128 5193 2349 5247 rubrica
2387 5194 2613 5265 depicta:
2650 5206 2779 5251 sunt
2833 5216 2847 5252 :
2901 5206 2962 5251 ut
3013 5196 3355 5267 singularum

1787 5280 1913 5333 anni
1956 5280 2054 5342 illi.
2104 5282 2158 5335 in
2203 5284 2402 5352 quibus
2449 5285 2716 5341 decimam
2760 5295 3032 5356 quartam,
3072 5286 3161 5343 isti
3201 5287 3354 5349 deci-

1787 5386 1929 5426 mam
1952 5372 2109 5443 185
2124 5377 2391 5445 quintam,
2405 5378 2489 5432 vel
2507 5384 2714 5433 sextam
2727 5378 2993 5434 decimam
3014 5366 3350 5449 computant,

1785 5467 1937 5534 quoti
1992 5466 2103 5520 sint
2152 5466 2207 5519 in
2254 5467 2408 5538 cyclo
2453 5469 2603 5530 solis,
2652 5476 2707 5523 et
2759 5469 2919 5537 cujus
2972 5470 3130 5540 cycli,
3181 5466 3355 5536 possit

1787 5555 2007 5621 agnosci
2044 5573 2059 5609 :
2091 5561 2257 5625 atque
2285 5571 2353 5610 ex
2393 5558 2816 5629 congruentibus
2852 5559 3082 5627 epactis,
3123 5570 3244 5624 qua:
3271 5569 3356 5610 se-

178 5705 237 5740 ”
262 5705 307 5774 f.
332 5705 396 5757 δ”
472 5704 518 5737 ⁸⁷
554 5704 737 5761 Emesa:
773 5707 827 5760 in
862 5706 1149 5776 exemplari
1184 5708 1382 5763 liuent:
1407 5725 1508 5765 non
1541 5718 1667 5778 potu

1772 5718 1821 5764 ut
1845 5710 1928 5765 In'c
1960 5712 2085 5784 legi,
2120 5729 2210 5768 nec
2233 5712 2479 5770 describi.
2552 5714 2601 5747 ⁸⁸
2630 5713 2672 5783 f.
2706 5713 2813 5784 πρὸ
2842 5714 2959 5768 τοῦ.
3033 5713 3081 5745 ⁸⁵
3108 5713 3151 5783 Ῑ.
3190 5708 3224 5786 ᾗ

408 5798 673 5863 Ριτιιοι..
712 5802 829 5862 Gn.
861 5802 1034 5864 XIX.

2969 5808 3045 5869 40
