3800 6326
427 357 566 413 ηδε)
1436 344 1530 399 an
1566 342 1833 400 ausas“
1871 341 2271 399 canemus};
2310 342 2686 397 spumam.
3524 343 3641 400 mo

426 470 608 528 eundo
650 468 858 526 circulo
904 463 1149 537 ejusdem
1191 468 1322 517 rota:
1352 469 1489 517 sunt
1532 460 1826 531 inscriptae,
1868 458 1999 514 feria

2128 477 2206 513 ων
2238 459 2415 515 αὐτῶν
2454 460 2517 531 δὴ
2557 459 2664 513 τῶν
2691 458 3272 530 ὲννεαδεκαετηρίδωνο
3318 459 3406 512 ἵνα
3452 460 3641 528 γνωσθῇ

428 558 771 621 conficiatur,
805 551 1377 625 compositis~invicem
1407 550 1535 605 anni
1584 549 1715 605 solis
1763 550 1993 621 epactis,

2128 550 2284 618 ιάσης
2316 552 2941 625 ἐννεακαιδεκαετηρίδος
2976 552 3094 616 ἔτος
3124 554 3205 617 είς
3227 552 3255 606 δ
3283 550 3324 605 ε’
3353 554 3448 607 καὶ
3474 551 3523 621 ι’,
3545 555 3575 627 ἢ
3598 556 3647 622 ἒξ

428 660 484 705 et
510 648 742 704 Romani
771 646 973 702 mensis
997 645 1211 708 diebus,
1243 658 1352 696 una
1396 656 1521 695 cum
1572 639 1867 695 rubricatis
1907 653 2001 694 re-

2128 643 2199 695 ιαὶ
2245 647 2297 701 ι’,
2322 643 2517 695 ὲκεῖνοι
2573 643 2669 715 τὴν
2698 642 2739 696 δ’
2777 644 2872 697 καὶ
2914 642 2944 697 ι’
2979 643 3296 716 ψηφίζουσι,
3323 645 3516 699 πόστον
3552 646 3649 711 ἔτος

430 741 709 811 gularibus
755 756 769 793 :
820 752 884 791 ac
934 750 1147 791 summa
1195 750 1292 805 per
1334 751 1409 790 vn
1457 732 1653 789 deinde
1682 733 1875 789 divisa.
1920 731 2003 788 0b

2128 734 2272 805 γλίου,
2299 737 2393 789 καὶ
2426 736 2585 800 ποίας
2617 738 3172 810 είκοσιοκταετηρίδος
3207 737 3531 810 καθέστηκε.
3560 741 3652 795 κάκ

433 833 574 886 hanc
621 830 766 886 enim
812 843 1032 885 causam
1083 826 1243 882 annis
1291 826 1431 881 luna:
1471 825 1678 880 solares
1711 823 1779 879 ad
1813 824 2004 879 laevam

2128 824 2210 878 τῶν
2244 825 2409 879 αὐτοῦ
2437 826 2759 899 προσφόρων
2782 826 3055 891 ὲπακτῶν,
3078 828 3189 881 τῶν
3208 826 3655 899 ἐγγεγραμμένων

433 924 798 996 adjunximus.
817 921 1089 976 Hactenus
1105 920 1171 974 de
1189 928 1323 974 rotae
1342 918 1602 974 mediana:
1617 916 2002 987 descriptione.

2128 916 2248 970 ιατὰ
2274 918 2366 971 τὸν
2395 915 2438 987 β’
2468 917 2663 971 κύκλον
2698 916 2790 970 τοῦ
2816 916 2980 971 αὐτοῦ
3008 917 3227 994 τροχοῦ,
3256 919 3290 988 ἡ
3316 917 3415 987 τῆς
3448 915 3654 986 ὲὸδομά·

432 1013 520 1076 δος
566 1012 747 1084 ήμέρα
795 1010 1119 1081 διαγνωσθῇ,
1148 1011 1290 1064 κατά
1324 1027 1384 1063 τε
1427 1009 1525 1081 τὴν
1560 1007 1877 1080 συμπλοκὴν
1904 1006 2012 1060 τῶν
2039 1007 2133 1061 τοῦ
2179 1009 2331 1080 ήλίου
2385 1010 2536 1073 ἔτους
2591 1009 2862 1074 ὲπακτῶν,
2928 1011 3019 1064 καὶ
3053 1010 3155 1079 τῆς
3199 1008 3299 1062 τοῦ
3372 1006 3656 1078 Ῥωμαῖκοῦ

436 1103 601 1175 μηνὸς
645 1104 927 1170 ποσταίας,
962 1104 1057 1156 καὶ
1094 1102 1203 1156 τῶν
1247 1103 1354 1156 ἀπὸ
1404 1100 1627 1175 σηρικοῦ
1676 1101 2007 1175 προσθετῶν,
2072 1104 2167 1156 καὶ
2211 1104 2310 1175 τῆς
2343 1106 2424 1169 εἰς
2456 1103 2499 1169 ζ’
2528 1103 2636 1157 τῶν
2678 1104 3079 1177 ἀθροιζομένων
3105 1105 3440 1167 ἀναλύσεως.
3464 1102 3655 1169 Ταύτης

434 1195 542 1267 γὰρ
576 1196 759 1249 ἕνεκεν
795 1196 894 1264 τῆς
921 1193 1097 1257 αἰτίας
1120 1197 1235 1258 τοῖς
1265 1193 1365 1263 τῆς
1393 1194 1620 1266 σελήνης
1644 1192 1787 1247 ἔτεσι
1809 1190 1879 1245 τὰ
1901 1189 1994 1245 τοῦ
2026 1192 2176 1264 ήλίου
2218 1195 2580 1265 συνετάξαμεν
2607 1193 2707 1265 ἐτη
2729 1193 2787 1258 ἐξ
2818 1194 3129 1265 εὐωνύμων.
3180 1195 3366 1250 Ταῦτα
3418 1193 3543 1264 περὶ
3574 1191 3655 1261 τῆς

435 1288 493 1341 tv
524 1287 602 1357 τῷ
630 1286 780 1357 μέσῳ
807 1286 987 1358 τροχῷ
1011 1285 1336 1359 διαγραφῆς.

928 1416 1006 1473 De
1037 1419 1219 1473 tabula
1264 1420 1500 1476 sinislra.

505 1528 597 1603 lli,
648 1528 727 1584 Ex
757 1528 971 1586 duabus
1017 1529 1270 1597 tabellis,
1326 1532 1525 1602 quibus
1567 1532 1821 1603 utrinque
1847 1542 1999 1588 -ro:ta

438 1622 695 1693 stipatur,
734 1636 857 1692 qua:
887 1621 954 1677 ad
984 1621 1266 1678 sinistram
1295 1622 1551 1680 deorsum
1578 1623 1753 1679 tendit
1799 1640 1831 1679 a
1854 1640 2003 1680 sum-

2340 1415 2483 1484 Περί
2525 1414 2630 1470 τοῦ
2661 1414 2730 1480 ἐξ
2760 1415 3078 1482 εὐωνύμων
3117 1414 3427 1470 κανονίου.

2156 1530 2251 1583 ·Γ’.
2291 1529 2372 1582 Τὰ
2390 1529 2447 1582 δὲ
2477 1526 2810 1601 ἑκατέρωθεν
2839 1527 2932 1581 δύο
2961 1527 3201 1593 κανόνια,
3234 1529 3295 1582 τὸ
3328 1530 3428 1600 μὲν
3456 1529 3514 1595 ἐξ
3538 1532 3657 1585 εύωο

2107 1621 2290 1694 νύμων
2334 1620 2537 1676 ἄνωθεν
2584 1621 2675 1673 ἐπὶ
2726 1619 2794 1672 τὰ
2838 1618 2987 1673 κάτω
3036 1620 3362 1692 φερόμενον,
3418 1621 3659 1692 κέκτηται

438 1727 547 1778 ιιιο,
574 1712 679 1766 ista
710 1712 991 1767 continet:
1014 1712 1072 1767 in
1102 1712 1280 1783 primo
1308 1729 1470 1770 versu
1499 1724 1706 1785 septem
1738 1723 1866 1771 sunt
1886 1731 2001 1771 em-

2128 1712 2229 1767 τάδε
2250 1730 2263 1743 ·
2299 1713 2358 1766 ὲν
2390 1711 2467 1783 τῷ
2505 1718 2553 1766 α’
2588 1712 2795 1783 ,στίχῳο
2828 1710 2954 1774 τοὺς
2983 1709 3025 1774 ζ’
3049 1711 3381 1782 ἐμϐολίμους
3417 1712 3585 1783 μῆνας
3610 1715 3658 1766 ὲν

439 1805 627 1862 bolimi
659 1819 878 1861 menses
928 1803 996 1858 ad
1031 1819 1164 1861 suos
1196 1805 1402 1876 quique
1438 1806 1581 1861 lunae
1624 1822 1798 1862 annos
1836 1807 2007 1863 ascri-

438 1895 552 1966 pti;
587 1895 644 1950 in
680 1894 947 1960 secundo,
981 1896 1111 1949 anni
1154 1895 1297 1950 luna:
1328 1911 1444 1960 xix,
1483 1898 1576 1967 qui
1605 1912 1715 1951 non
1747 1911 1778 1950 a
1806 1896 2004 1968 primo,

441 1984 538 2041 red
562 1999 595 2038 a
625 1993 826 2056 quarto
854 1984 1130 2055 incipiunt
1161 1999 1342 2053 anno;
1383 1987 1441 2041 in
1468 1986 1650 2053 tertio,
1705 1987 1836 2042 anni
1867 1988 2009 2043 luna:

442 2088 537 2131 xix
564 2090 596 2129 a
630 2074 808 2144 primo
838 2076 1098 2147 deinceps
1124 2074 1321 2131 ordine
1349 2077 1782 2148 progredientes.
1813 2078 1873 2133 Id
1912 2094 2010 2134 au-

441 2174 553 2222 tem
583 2167 689 2223 hoc
719 2168 882 2222 etiam
921 2167 1044 2223 loco
1066 2174 1360 2238 propterea
1389 2169 1594 2225 factum
1622 2178 1726 2235 est,
1758 2178 1818 2226 ut
1849 2186 2011 2242 quem

443 2258 520 2313 illi
551 2257 787 2330 primum
822 2274 1026 2315 annum
1054 2259 1194 2316 lunae
1226 2269 1569 2332 computant,
1614 2263 1703 2320 bic
1735 2263 1881 2335 apud
1911 2278 2013 2320 nos

442 2366 568 2407 esse
603 2360 834 2422 quartus
873 2351 1197 2408 ostendatur
1225 2371 1240 2408 :
1266 2361 1321 2409 et
1345 2354 1624 2411 secundus
1657 2356 1906 2427 quintus,
1940 2365 2016 2411 at-

441 2458 549 2513 que
573 2441 649 2497 ita
679 2443 939 2515 deinceps
973 2460 1148 2516 usque
1178 2446 1246 2501 ad
1288 2462 1492 2503 annum
1533 2465 1644 2503 xix.
1700 2447 1807 2505 Sed
1837 2449 2016 2520 primo

443 2536 564 2590 loco
609 2550 784 2591 annos
833 2535 1155 2607 posuimus,
1187 2540 1643 2609 quemadmodum
1687 2556 1718 2595 a
1748 2542 1906 2597 nobis
1928 2557 2017 2598 ec-

442 2627 753 2684 clesiastica
801 2630 1016 2684 ratione
1065 2639 1453 2701 computantur
1492 2633 1740 2704 :qui‘bus
1793 2633 2015 2689 illorum

443 2720 654 2774 calculo
713 2726 1029 2777 numeratos
1077 2722 1456 2792 subjecimus:
1501 2723 1653 2794 quod
1711 2725 1885 2779 nostri
1937 2724 2017 2780 illi

442 2809 556 2863 veri
607 2823 672 2864 ac
702 2809 926 2881 legitimi
959 2811 1088 2867 sint.
1133 2809 1193 2866 ιιι
1228 2828 1281 2867 tv
1322 2828 1537 2869 versum
1589 2822 1813 2884 epactas
1848 2829 2020 2869 anno-

444 2914 566 2955 rum
591 2900 955 2970 conjecimus,
985 2902 1089 2958 hoc
1138 2910 1221 2958 est
1254 2912 1468 2958 aetatem
1519 2907 1680 2974 lunae,
1715 2920 1837 2976 qute
1874 2920 2019 2960 anno

444 2989 567 3060 ejus
614 2990 857 3060 quolibet
896 2989 1177 3047 Ianuariis
1225 2991 1485 3049 Kalendis
1536 2994 1828 3064 competit;
1878 2994 1934 3048 in
1989 3011 2021 3049 v

2106 1809 2217 1869 τοῖς
2269 1806 2600 1876 προσήκουσι
2646 1804 2746 1874 τῆς
2798 1804 3022 1875 σελήνης
3059 1802 3208 1857 ἔτεσι
3263 1806 3655 1877 κατατεταγμέ-

2108 1910 2263 1958 νους·
2319 1893 2377 1947 tv
2419 1892 2499 1964 τῷ
2549 1892 2593 1964 β’
2628 1893 2791 1963 στίχῳ
2828 1892 2898 1946 τὰ
2927 1891 2990 1945 ιθ¹
3022 1893 3121 1963 τῆς
3149 1892 3380 1965 σελήνης
3412 1893 3528 1965 ἐτη,
3575 1895 3659 1947 οὐκ

2110 1981 2220 2037 ἀπὸ
2255 1981 2471 2053 πρώτου
2503 1980 2674 2044 ἔτους,
2725 1980 2840 2034 ἀλλ’
2864 1980 2971 2034 ἀπὸ
3010 1980 3053 2033 δ’
3075 1981 3176 2054 τὴν
3208 1982 3385 2054 ἀρχὴν
3411 1982 3655 2052 λαχόνται

2109 2075 2168 2127 tv
2199 2072 2277 2143 τῷ
2310 2079 2358 2142 γ’
2398 2071 2569 2143 στίχῳ
2605 2071 2672 2124 τὰ
2706 2071 2769 2124 ιθ¹
2795 2072 2892 2142 τῆς
2920 2072 3152 2143 σελήνης
3176 2072 3294 2143 ἐτη,
3329 2074 3440 2126 ἀπὸ
3466 2072 3659 2145 πρώτου

2111 2170 2263 2234 ἔτους
2308 2169 2428 2222 καθ’
2477 2168 2666 2240 εἱρμὸν
2711 2166 3038 2237 τεταγμένα.
3093 2167 3266 2220 Τοῦτο
3299 2167 3357 2221 δὲ
3405 2168 3656 2223 κάνταῦθα

2111 2261 2353 2331 γέγονεν,
2393 2260 2479 2313 ἵνα
2525 2259 2585 2312 τὸ
2632 2261 2761 2329 παρ’
2798 2258 3025 2321 ἐκείνοις
3068 2257 3442 2330 ψηφιζόμενον
3470 2261 3660 2333 πρῶτον

2111 2352 2209 2422 τῆς
2237 2351 2465 2421 σελήνης
2496 2350 2611 2414 ἔτος
2641 2349 2851 2422 δηλωθῇ
2897 2347 2938 2403 δ’
2968 2349 3026 2402 ὃν
3051 2352 3184 2422 παρ’
3206 2352 3362 2423 ἡμῖν,
3397 2352 3491 2406 καὶ
3518 2353 3574 2405 τὸ
3603 2353 3660 2423 β,

2113 2448 2175 2507 ε’,
2206 2441 2300 2495 καὶ
2339 2440 2513 2505 οὕτως
2556 2443 2614 2496 tv
2663 2443 2774 2505 τοῖς
2819 2440 3053 2512 καθεξῆς
3081 2443 3208 2514 ἄχρι
3251 2443 3347 2496 τοῦ
3399 2444 3462 2498 ιθ⁹
3509 2444 3662 2507 ἔτους.

2115 2536 2502 2609 Προετάγησαν
2547 2533 2604 2588 δὲ
2635 2534 2794 2587 πάλιν
2839 2534 2944 2589 τῶν
2987 2536 3219 2600 ἐκείνοις
3269 2536 3663 2610 ἀριθμουμένων

2113 2628 2183 2681 τὰ
2204 2628 2333 2698 παρ’
2369 2628 2520 2698 ἡμῖν,
2554 2626 2693 2679 κατὰ
2719 2625 2817 2697 τὴν
2842 2626 3305 2699 ὲκκλησιαστικὴν
3333 2628 3663 2701 ἐξαρίθμησιν

2115 2717 2476 2789 ψηφιζόμενα,
2514 2717 2603 2771 διὰ
2639 2716 2735 2789 τὴν
2786 2720 2843 2771 tv
2887 2718 3095 2783 τούτοις
3135 2720 3415 2793 ἀλήθειαν.
3480 2723 3563 2776 Ἐν
3601 2720 3663 2793 τῷ

2115 2811 2157 2865 δ’
2197 2812 2361 2881 στίχῳ
2404 2809 2502 2875 τὰς
2534 2810 2640 2863 τῶν
2672 2810 2807 2862 ἐτῶν
2850 2811 3113 2876 ὲπακτὰς,
3161 2813 3330 2882 ήγουν
3363 2813 3587 2885 ἡμέρας,
3611 2812 3665 2875 ἃς

2116 2900 2260 2971 ἔχειν
2311 2902 2418 2954 πᾶν
2471 2900 2590 2963 ἔτος
2623 2900 2850 2972 σελήνης
2893 2900 3210 2970 ψηφίζουσι,
3243 2903 3384 2956 κατὰ
3413 2904 3513 2974 τὴν
3539 2901 3663 2974 πρώ-

2119 3007 2219 3062 την
2250 2990 2343 3044 τοῦ
2383 2991 2711 3063 ἰανουαρίου
2745 2990 2930 3062 μηνός’
2957 2993 3015 3044 tv
3040 2991 3118 3062 τῷ
3146 3000 3186 3044 ε’
3228 2993 3397 3065 στίχῳ
3427 2992 3523 3057 τὰς
3548 2992 3665 3046 κατὰ

445 3096 631 3147 versu,
664 3091 875 3151 quartae
927 3082 1155 3138 decima:
1207 3084 1372 3154 primi
1401 3086 1607 3140 mensis
1644 3084 2017 3140 redundantes

2128 3084 2219 3154 τὴν
2239 3083 2837 3154 τεσσαρεσκαιδεκάτην
2861 3082 2953 3135 τοῦ
2979 3077 3195 3155 πρώτου
3224 3085 3395 3155 μηνὸς
3415 3085 3663 3159 περιττὰς,

447 3171 589 3237 dies,
614 3184 707 3228 aut
750 3174 1012 3245 aequales,
1040 3189 1163 3243 quae
1212 3181 1342 3229 sunt
1380 3174 1514 3246 ipsa;
1540 3175 1764 3231 decimae
1785 3185 2012 3248 quartae.

449 3263 575 3319 Haec
604 3265 661 3320 in
689 3266 913 3322 sinistra
950 3267 1137 3321 tabula
1168 3268 1542 3324 continentur.

701 3399 778 3455 De
806 3401 1004 3457 tabella
1030 3417 1147 3473 qua:
1178 3400 1247 3456 ad
1275 3401 1516 3457 dextram
1539 3405 1646 3459 sila
1673 3414 1772 3461 est.

526 3507 615 3564 IV.
657 3508 789 3576 Qua:
818 3510 886 3565 ad
915 3511 1168 3566 dextrum
1196 3512 1348 3568 latus
1375 3521 1458 3569 est
1485 3513 1704 3578 tabella,
1733 3514 1790 3569 iu
1814 3529 1974 3570 versu
2003 3531 2020 3569 ι

452 3614 626 3656 annos
668 3601 811 3655 lunae
845 3618 938 3655 xix
969 3603 1189 3658 exhibet
1231 3602 1485 3660 ineuntes
1514 3620 1545 3659 a
1572 3615 1798 3675 quarto,
1829 3607 2020 3663 eodem

451 3693 615 3762 plane
666 3692 849 3756 modo,
886 3708 995 3762 quo
1022 3694 1078 3747 in
1126 3693 1350 3748 sinistra
1383 3694 1643 3766 descripti
1679 3703 1808 3751 sunt
1838 3697 1893 3751 in
1923 3711 2023 3752 se-

453 3786 634 3839 cundo
677 3800 864 3849 versu,
927 3793 986 3839 ut
1017 3800 1048 3838 a
1081 3786 1240 3842 nobis
1284 3788 1589 3857 computari
1637 3788 1845 3855 solent;
1895 3789 1950 3842 in
1985 3804 2022 3842 ιι

454 3887 621 3927 versu
672 3872 889 3927 illorum
928 3882 1134 3942 epactaa
1173 3882 1320 3938 sunt,
1357 3875 1473 3930 sive
1522 3876 1660 3941 dies,
1687 3885 1820 3947 quot
1847 3879 2023 3935 eccle-

456 3962 680 4018 siastico
726 3964 937 4019 calculo
980 3964 1154 4035 pridie
1177 3964 1448 4021 Kalendas
1487 3966 1688 4037 Aprilis
1714 3970 1859 4024 aetati
1885 3970 2027 4026 luna

456 4054 698 4123 quolibet
730 4069 873 4109 anno
904 4054 1258 4125 tribuuntur;
1289 4056 1343 4111 in
1381 4072 1441 4111 ιιι
1482 4057 1591 4113 duo
1634 4074 1851 4116 menses
1901 4059 2027 4116 Ro-

457 4146 605 4199 mani
640 4152 790 4210 sunt,
840 4144 1068 4202 Martius
1099 4155 1153 4203 et
1202 4147 1448 4221 Aprilis;
1497 4150 1551 4203 in
1594 4165 1646 4204 1v
1688 4165 1847 4205 versu
1876 4166 2028 4206 men-

459 4230 600 4284 sium
628 4230 943 4286 eorumdem
972 4230 1110 4296 dies,
1153 4231 1209 4286 in
1244 4246 1384 4303 quos
1413 4232 1624 4287 decima
1646 4242 1840 4305 quarta
1864 4234 2025 4304 primi

456 4318 671 4375 Judaici
708 4322 916 4377 mensis
941 4321 1194 4387 incurrit,
1218 4322 1332 4377 sive
1355 4321 1565 4378 Pascha
1589 4325 1733 4395 quod
1764 4325 1842 4379 illi
1870 4334 2027 4395 quot-

2118 3172 2153 3244 ἢ
2188 3172 2282 3226 καὶ
2321 3172 2461 3238 ἴσας,
2497 3168 2607 3227 οἷον
2639 3172 2808 3236 αὐτὰς
2832 3172 2974 3240 λέγω
3012 3172 3113 3236 τὰς
3162 3172 3241 3225 ιδ’.
3281 3174 3467 3228 Ταῦτα
3500 3174 3589 3246 μὲν
3618 3172 3668 3226 τὶν

2120 3263 2180 3328 ἐξ
2205 3263 2522 3335 εὐωνύμων.

2426 3400 2563 3469 Περὶ
2594 3399 2700 3454 τοῦ
2728 3400 2796 3454 ἐκ
2829 3398 3042 3466 δεξιῶν
3071 3402 3380 3455 κανονιου.

2191 3512 2264 3564 Δ’.
2305 3511 2378 3564 Τὸ
2410 3510 2468 3564 δὲ
2496 3513 2561 3565 ὲκ
2591 3511 2778 3579 δεξιῶν
2818 3514 2877 3565 tv
2905 3511 2984 3582 τῷ
3012 3517 3059 3564 α’
3097 3512 3268 3581 στίχῳ
3311 3512 3380 3565 τὰ
3411 3510 3474 3564 ιθ¹
3500 3510 3668 3579 κέκτηο

2122 3622 2211 3657 ται
2252 3604 2350 3674 τῆς
2404 3603 2629 3677 σελήνης
2674 3604 2788 3673 ετη,
2835 3603 2943 3656 ἀπὸ
2974 3603 3016 3657 δ’
3053 3602 3208 3665 ἔτους
3254 3602 3354 3674 τὴν
3387 3602 3553 3673 ἀρχὴν
3587 3601 3668 3653 λα-

2125 3695 2307 3758 ϐόντα,
2341 3695 2477 3767 πρὸς
2506 3692 2603 3766 τὴν
2646 3695 2815 3765 αὐτὴν
2852 3696 2944 3747 καὶ
2990 3694 3113 3764 ῐσην
3148 3695 3436 3766 ἐγγραφὴν
3476 3694 3576 3747 τῶν
3617 3690 3668 3753 ἐξ

2125 3787 2419 3858 εὐωνύμων
2476 3787 2823 3858 τεταγμένων
2882 3790 2940 3840 tv
2988 3786 3066 3857 τῷ
3120 3787 3162 3857 β’
3193 3788 3386 3857 στίχῳ.
3442 3786 3535 3839 καὶ
3562 3783 3665 3836 καθ’

2124 3878 2271 3947 ἡμᾶς
2297 3876 2677 3948 ψηφιζομένων
2706 3876 2841 3929 ἐτῶν
2861 3893 2875 3907 ·
2914 3879 2970 3930 tv
3011 3876 3090 3947 τῷ
3121 3877 3163 3947 β’
3194 3877 3365 3947 στίχῳ
3393 3877 3489 3939 τὰς
3514 3873 3667 3928 αὐτῶν

2126 3967 2386 4031 ὲπακτὰς,
2420 3967 2585 4037 ήγουν
2632 3967 2864 4039 ἡμέρας,
2909 3965 2976 4029 ἃς
3008 3966 3132 4037 ἕχον
3162 3968 3269 4020 πᾶν
3300 3967 3420 4029 ἔτος
3448 3964 3666 4036 εὑρίσκε-

2127 4075 2219 4111 ται
2251 4056 2392 4112 κατὰ
2416 4059 2515 4129 τὴν
2543 4056 2994 4130 ὲκκλησιαστικὴν
3042 4058 3222 4127 ψῆφον
3264 4059 3346 4119 εἰς
3395 4057 3494 4126 τὴν
3532 4070 3665 4125 τρια-

2130 4146 2265 4200 κάδα
2313 4154 2358 4199 α’
2395 4146 2488 4200 τοῦ
2533 4146 2779 4218 Μαρτίου
2818 4146 3015 4217 μηνός·
3054 4148 3112 4198 tv
3157 4145 3237 4214 τῷ
3262 4152 3313 4213 γ’
3357 4145 3523 4215 στίχῳ
3562 4144 3667 4205 τοὺς

2128 4236 2221 4290 δύο
2264 4238 2602 4308 Ῥωμαῖκούς
2643 4238 2833 4309 μῆνας,
2877 4237 3121 4307 Μάρτιον
3157 4237 3254 4289 καὶ
3298 4237 3590 4307 ’Δπρίλιοψ
3618 4232 3668 4283 ἑν

2130 4328 2208 4399 τῷ
2233 4328 2273 4380 δ’
2307 4329 2472 4399 στίχῳ
2505 4329 2604 4392 τὰς
2632 4328 2809 4382 αὐτῶν
2835 4336 2943 4380 τῶν
2975 4326 3161 4397 μηνῶν
3194 4328 3480 4392 ποσταίας,
3507 4329 3560 4379 ὲν
3596 4317 3666 4383 αἷς

458 4412 618 4467 annis
655 4413 973 4481 celebrant;
996 4414 1052 4469 in
1084 4431 1112 4469 ν
1144 4402 1419 4486 regulares
1448 4416 1617 4471 rubro
1660 4417 1844 4472 colore
1868 4416 2018 4486 picti.

2133 4422 2365 4491 συναντᾷ
2409 4421 2623 4484 πάντως
2663 4422 2695 4492 ή
2753 4420 2793 4472 δ’
2840 4420 2934 4472 καὶ
2978 4426 3008 4471 ι’
3040 4418 3135 4472 τοῦ
3175 4418 3397 4490 πρώτου
3436 4419 3552 4473 καθ’
3595 4417 3667 4467 Ἕ-

458 4502 582 4559 Haec
614 4504 669 4559 in
721 4507 890 4561 altera
945 4505 1145 4561 tabella
1188 4507 1556 4577 reperiuntur.
1614 4506 1710 4563 Est
1757 4518 1937 4564 autem
1971 4510 2026 4564 in

461 4597 562 4652 hac
583 4597 772 4653 dextra
806 4598 1004 4653 tabella
1034 4595 1316 4653 Paschalis
1340 4599 1637 4670 inscriptus
1688 4614 1885 4666 canon,
1927 4617 2023 4656 cu-

454 4686 551 4755 jus
579 4702 607 4740 a
643 4687 803 4742 nobis
841 4695 925 4742 est
962 4688 1211 4758 proxime
1257 4687 1527 4743 declarata
1560 4691 1720 4754 ratio,
1752 4697 1811 4745 ut
1862 4691 2028 4761 hujus

458 4792 560 4845 ope
598 4793 799 4832 annum
830 4779 1126 4849 quemlibet
1154 4778 1317 4843 lunae,
1353 4786 1515 4848 prout
1545 4780 1614 4834 ab
1642 4781 1750 4836 illis
1779 4788 2022 4851 putatur,

420 4856 429 4865 ’
459 4876 620 4938 atque
672 4869 728 4924 in
762 4870 996 4925 secunda
1032 4871 1217 4926 tabula
1253 4871 1575 4942 proponitur
1603 4886 1634 4926 a
1662 4872 1845 4937 nobis,
1892 4889 2024 4929 nec-

460 4975 569 5014 non
604 4960 657 5015 in
693 4962 977 5030 interjecta
1007 4968 1147 5025 rota,
1169 4960 1397 5031 ejusque
1424 4961 1646 5018 circulis
1671 4961 1940 5033 quinque;
1968 4972 2027 5018 ut

462 5052 629 5115 hunc,
680 5053 925 5122 inquam,
963 5066 1190 5117 annum,
1222 5066 1331 5122 quo
1370 5068 1461 5106 xlv
1483 5051 1765 5109 Paschalis
1804 5054 2023 5109 illorum

465 5143 677 5197 calculo
709 5150 794 5197 est
815 5159 903 5207 xv,
951 5143 1034 5196 vel
1068 5159 1193 5207 xvr,
1238 5143 1330 5214 qui
1363 5145 1507 5200 volet
1532 5144 1775 5201 invenire
1826 5147 2021 5213 possit,

462 5243 515 5286 et
547 5241 737 5290 exacte
770 5235 1052 5291 subductis
1100 5236 1325 5292 calculis
1365 5238 1598 5307 probare
1649 5248 1827 5293 utrum
1861 5240 1937 5294 ita
1967 5256 2026 5297 se

464 5336 552 5375 res
584 5322 799 5395 habeat,
833 5324 913 5377 uti
944 5323 1316 5397 disputatione
1354 5335 1545 5383 nostra
1574 5329 1882 5385 docuimus.

2130 4511 2351 4581 ϐραίους
2409 4512 2593 4582 μηνὸς,
2630 4511 2793 4581 ήγουν
2825 4511 2882 4563 τὸ
2919 4511 3039 4563 κατ’
3078 4511 3277 4575 αὐτοὺς
3324 4512 3532 4582 Πάσχα,
3568 4505 3667 4561 καθ’

2130 4601 2357 4654 ἕκαστον
2415 4602 2563 4664 ἔτος·
2629 4603 2688 4655 tv
2718 4601 2794 4671 τῷ
2839 4607 2879 4653 ε’
2938 4601 3106 4672 στίχῳ
3154 4604 3253 4667 τὰς
3308 4604 3418 4657 ἀπὸ
3473 4599 3667 4673 σηρικοῦ

2130 4691 2448 4762 προσθετάς.
2485 4691 2668 4744 Ταῦτα
2695 4694 2797 4746 κὰν
2834 4691 2912 4762 τῷ
2942 4692 3120 4762 δεξιῷ.
3154 4695 3433 4766 Διεγράῳη
3475 4694 3529 4747 δὲ
3553 4691 3669 4746 κατὰ

2129 4780 2245 4832 τόδε
2281 4780 2342 4832 τὸ
2371 4779 2541 4844 δεξιὸν
2584 4780 2749 4853 μέρος
2793 4782 2855 4834 τὸ
2885 4781 2979 4834 τοῦ
3018 4782 3213 4853 Πάσχα
3256 4787 3521 4849 κανόνιον,
3563 4782 3669 4852 περὶ

2130 4862 2191 4923 οὗ
2215 4871 2314 4942 τὴν
2347 4869 2831 4944 ἐξήγησικὰρτίως
2864 4873 3279 4944 πεποιήκαμεν·
3318 4876 3384 4928 ἶν’
3418 4877 3482 4929 ὲκ
3511 4874 3669 4927 τούτου

2133 4964 2238 5015 πᾶν
2276 4962 2394 5026 ἔτος
2430 4962 2656 5033 σελήνης
2686 4966 2774 5018 ὐπ’
2802 4965 3023 5018 ἐκείνων
3064 4966 3161 5034 μὲν
3196 4965 3574 5037 ψηφιζόμενον,
3597 4966 3668 5015 ἐν·

2132 5055 2294 5125 ταγὲν
2335 5054 2390 5107 δὲ
2430 5054 2524 5108 νῦν
2558 5056 2645 5124 ὑφ’
2679 5056 2834 5127 ἡμῶν
2858 5056 2918 5125 tv
2966 5073 3025 5109 τε
3057 5056 3134 5127 τῷ
3167 5058 3436 5130 εὐωνύμῳ
3472 5056 3668 5123 κανονίῳ

2133 5149 2225 5200 καὶ
2254 5145 2332 5217 τῷ
2363 5146 2511 5219 μέσῳ
2541 5148 2717 5219 τροχῷ
2746 5149 2886 5202 κατὰ
2931 5148 3028 5210 τὰς
3058 5148 3204 5203 ἔνδον
3229 5149 3398 5214 οὔσας
3440 5157 3479 5203 ε’
3522 5149 3668 5213 ζώνας

2133 5237 2212 5304 είς
2239 5237 2268 5289 ὃ
2292 5243 2332 5289 ε’
2360 5238 2453 5293 καὶ
2485 5244 2534 5301 t',
2563 5238 2595 5309 ἢ
2629 5246 2679 5304 ς’
2702 5241 2794 5293 καὶ
2824 5239 2852 5291 ι’
2889 5239 2987 5309 τὴν
3016 5240 3312 5312 εἰρημένην
3342 5242 3386 5296 δ’
3420 5240 3509 5294 καὶ
3537 5247 3562 5293 ι’
3583 5237 3671 5307 tiu,-

2134 5332 2397 5400 φίξουσιν,
2458 5331 2592 5405 εὕρῃ
2650 5336 2756 5399 πᾶς
2804 5335 2833 5387 ὁ
2891 5335 3238 5406 βουλόμενος,
3288 5338 3384 5389 καὶ
3433 5335 3667 5404 δοκιμάσῃ

465 5411 619 5465 τοῦτο
644 5412 710 5466 δι’
732 5413 1012 5486 ἀκριϐείας
1040 5414 1309 5486 ψηφίζων,
1339 5420 1387 5471 εἰ
1415 5419 1587 5483 οὕτως
1616 5419 1727 5490 ἔχοι
1752 5420 1934 5484 καθὼς
1951 5420 2027 5491 τῷ
2058 5421 2199 5491 λόγῳ
2229 5422 2655 5493 διεστειλάμεθα.

698 5545 1101 5600 Demonstramr
1136 5550 1370 5630 exemplo
1410 5553 1529 5621 quis
1558 5553 1629 5606 sit
1666 5569 1793 5607 usus

1131 5633 1375 5674 canonis.

541 5718 604 5777 ν.
642 5721 754 5792 Age
785 5735 911 5777 vero
941 5730 1066 5779 ante
1108 5732 1289 5786 omnia
1318 5733 1422 5788 hoc
1453 5733 1629 5805 ipsum
1659 5732 1940 5804 faciamus,
1975 5746 2028 5793 et

2147 5557 2467 5632 Ὑπρδειξις
2496 5559 2602 5632 τοῦ
2647 5561 2887 5632 τρόπον,
2920 5562 3047 5613 καθ’
3074 5560 3146 5612 δν
3189 5578 3281 5627 τις
3334 5560 3665 5632 κεχρημὲνζς

2206 5627 2429 5681 εἴσεται
2451 5631 2523 5682 τὰ
2549 5631 2618 5682 ἐν
2639 5630 2785 5696 τῷδε
2810 5631 2888 5709 τῷ
2915 5632 3174 5697 κανονίῳ
3209 5627 3664 5702 διαγεςῇαμμένὰ.

2210 5743 2281 5796 E'.
2328 5743 2434 5795 Καὶ
2466 5744 2569 5813 ττρὸ
2596 5759 2657 5811 γε
2685 5744 2791 5797 τῶν
2816 5742 2988 5797 ἄλλων
3023 5744 3182 5813 ἡμεῖς
3208 5744 3365 5798 τοῦτο
3394 5746 3668 5814 ποιήσωμεν
