3800 6316
124 321 256 377 £26!

926 320 982 374 S.
1023 318 1269 373 MAXIM!
1306 314 1661 371 MARTYRIS
1697 313 2073 371 COMPUTUS
2112 312 2550 369 ECCLESIAST.

3202 314 3340 370 {262

124 437 199 499 εἰς
227 436 502 502 ύπὸδειξιν
533 437 640 501 τῶν
678 436 1130 506 ἐντυγχανόντων,
1184 436 1245 488 τὸ
1295 436 1424 504 παρ’
1468 432 1688 495 ἐκείνοις

1794 443 2016 487 caeteros
2048 430 2296 499 exemplo
2327 428 2643 495 doceamus,
2684 429 2962 499 proposito
2994 443 3138 484 anno
3165 444 3232 485 eo
3258 433 3353 501 qui

122 526 181 590 ἒξ
212 528 311 579 καὶ
357 525 387 579 ι’
415 529 514 598 τῆς
554 528 781 599 σελήνης
814 527 952 590 ἔτος,
988 529 1114 598 ἡμῖν
1152 527 1210 579 δὲ
1248 524 1614 595 ψηφιζόμενον
1647 523 1690 575 θ’

122 619 216 669 καὶ
245 624 298 680 ι’,
335 620 415 681 είς
467 619 627 689 μέσον
666 617 974 690 προθέντες.
1015 618 1108 680 Εἰς
1135 616 1291 670 10510
1319 617 1428 687 γὰρ
1471 615 1529 668 τὸ
1575 614 1692 677 ἔτος

122 708 594 779 ἑπτακαιδεκάτην
632 710 724 763 105
765 711 904 764 κατὰ
945 709 1243 780 Ῥωμαίους
1281 709 1554 781 Ἀπριλίου
1583 725 1691 779 μη-

121 802 208 866 νὺς
254 804 344 856 ἀεὶ
390 805 483 858 καὶ
526 806 741 867 πάντως
786 807 818 875 ή
866 805 908 857 δ’
950 806 1043 858 καὶ
1103 810 1129 857 ι’
1182 804 1370 857 πίπτει
1421 803 1515 857 105
1569 806 1689 859 καθ’

131 894 419 967 Ἐϐραίους
470 895 686 967 πρώτου
730 897 917 967 μηνός.
959 896 1057 949 Διὰ
1089 895 1245 948 τοῦτο
1276 895 1381 968 γὰρ
1410 897 1503 950 καὶ
1530 898 1586 949 ἐν
1614 897 1690 968 τῷ

118 984 277 1055 δεξιῷ
307 985 539 1055 κανονίῳ
579 986 781 1057 ταύτην
806 986 905 1055 τὴν
936 982 1000 1048 ιζ’
1029 986 1108 1048 είς
1135 984 1294 1039 αὐτὸν
1320 984 1691 1056 κατετάξαμεν

118 1074 208 1126 τὸν
250 1075 549 1146 Ἀπρίλιον.
588 1076 795 1130 Οὐκοῦν
818 1076 916 1140 τὰς
944 1076 1052 1129 ἀπὸ
1076 1074 1296 1147 πρώτης
1321 1076 1416 1129 105
1459 1078 1692 1131 Ἰανουα-

120 1167 236 1236 ρίου
276 1166 446 1236 μηνὸς
483 1167 610 1237 ἄχρι
642 1167 743 1236 τῆς
774 1166 865 1223 105
908 1168 1182 1239 ’Λπριλίου
1218 1167 1281 1230 ιζ’
1325 1168 1687 1240 ἀθροίζοντες,

118 1256 379 1328 ποιοῦμεν
420 1258 633 1329 ἡμέρας
668 1258 778 1330 ρξ’
818 1254 934 1311 εἶτα
976 1259 1160 1312 λοιπὸν
1193 1259 1278 1312 διὰ
1319 1260 1418 1329 μὲν
1443 1260 1542 1331 τῆς
1579 1260 1688 1314 τῶν

121 1354 194 1411 ις’
228 1346 365 1400 ἐτῶν
393 1347 824 1412 πενταπλώσεως
850 1355 924 1414 π’,
958 1349 1047 1403 διὰ
1074 1350 1130 1402 δὲ
1158 1350 1258 1419 τῆς
1284 1350 1393 1403 τῶν
1438 1354 1557 1405 κατ’
1591 1352 1690 1405 αύ-

116 1440 213 1504 τὰς
237 1440 549 1512 ἑξηκοστῶν
580 1439 903 1510 ἀναλήψεως
932 1447 983 1509 γ’
1003 1458 1017 1471 ο
1056 1439 1142 1493 διὰ
1172 1441 1228 1493 δὲ
1258 1441 1417 1495 πάλιν
1454 1442 1553 1513 τῆς
1590 1444 1688 1496 αύ-

113 1530 222 1584 τῶν
247 1531 359 1583 τῶν
399 1537 477 1594 ις’
503 1531 641 1584 ὲτῶν
688 1529 1042 1595 ὲξαπλὼσεως
1084 1532 1196 1598 ἵης’.
1265 1533 1353 1595 Ὠς
1401 1529 1538 1587 εἶναι.
1588 1534 1686 1598 τὰς

117 1622 292 1685 πάσας
327 1629 464 1687 σπςδ
485 1639 498 1652 ⁸
528 1623 593 1684 ἃς
621 1624 698 1685 είς
726 1621 816 1676 τὸν
860 1623 904 1675 λ’
940 1622 1271 1696 μερίζοντες,
1305 1623 1364 1689 ἒξ
1410 1626 1504 1678 καὶ
1536 1633 1567 1678 ι’
1590 1627 1687 1698 τὴν

115 1712 206 1766 105
238 1712 463 1782 πρώτου
501 1714 668 1785 μηνὸς
715 1713 756 1765 δ’
804 1714 900 1767 καὶ
933 1714 963 1767 ι’
995 1714 1336 1785 εὑρίσκομεν.
1383 1716 1598 1788 Ταύτην
1630 1718 1687 1771 δὲ

1794 522 1862 577 ab
1893 522 2001 577 illis
2027 523 2169 576 lunae
2193 538 2303 586 xvr,
2336 536 2366 575 a
2398 521 2553 575 nobis
2592 537 2682 575 χιι
2705 531 3039 576 numeratur.
3068 521 3183 576 Hoc
3207 525 3356 576 enim

1793 628 1936 668 anno
1973 629 2064 666 xw
2092 613 2253 683 primi
2291 611 2503 666 Judaici
2550 613 2756 668 mensis
2801 620 3064 681 perpetuo
3100 612 3247 667 cadit
3298 614 3355 666 in

1791 705 1991 776 Aprilis
2018 722 2152 759 xvu.
2197 704 2333 759 Nam
2380 713 2665 775 pr0pterea
2707 705 2763 758 in
2809 703 3006 758 tabella
3054 704 3245 759 dextra
3286 704 3353 758 ad

1791 812 2031 852 mensem
2056 796 2298 866 Aprilem
2330 796 2474 850 diem
2503 811 2614 849 χιιι
2640 795 2943 864 posuimus.
2974 792 3146 865 Igitur
3177 794 3295 850 dies
3325 809 3359 848 a

1790 884 2045 942 Kalendis
2062 885 2338 941 Januariis
2360 886 2427 940 ad
2443 886 2646 956 Aprilis
2670 886 2939 941 decimum
2960 887 3249 956 septimum
3280 887 3359 940 in-

1789 976 2046 1046 terjectos
2090 979 2398 1048 colligimus
2444 992 2676 1032 numero
2715 992 2820 1031 cvn
2849 1016 2863 1041 ,
2911 989 3025 1031 tum
3064 978 3223 1032 annis
3264 993 3355 1033 xvr

1789 1068 2080 1138 quinquies
2117 1068 2513 1138 multiplicatis,
2551 1084 2693 1122 Lxxx
2729 1069 2867 1123 dies.
2916 1067 3201 1123 Accedunt
3242 1077 3354 1123 tres

1791 1158 1906 1224 alii,
1931 1173 2071 1228 quos
2104 1159 2442 1229 sexagesima
2479 1159 2736 1229 scrupula
2767 1158 2835 1213 de
2869 1158 3064 1214 diebus
3096 1157 3353 1230 decerpta

1791 1250 2108 1305 coniiciunt.
2156 1248 2369 1306 Rursus
2409 1250 2572 1306 iidem
2607 1249 2735 1304 anni
2768 1264 2858 1304 xvi
2888 1250 3064 1304 sexies
3093 1249 3356 1320 multipli-

1791 1344 1901 1397 cati
1925 1358 2045 1397 xcvn
2080 1342 2197 1399 dies
2223 1343 2589 1397 accumulant.
2644 1341 2714 1396 Ut
2746 1358 2812 1397 ex
2851 1342 3105 1397 omnibus
3135 1342 3356 1397 redacta

1789 1451 2025 1499 summa,
2077 1436 2194 1491 dies
2235 1436 2510 1492 exsistunt
2542 1450 2833 1500 cccxxx“,
2888 1434 3088 1505 quibus
3124 1450 3222 1504 per
3245 1451 3356 1488 xxx

1788 1525 2000 1591 divisis,
2049 1526 2312 1581 decimam
2340 1535 2546 1582 sextam
2576 1524 2882 1581 invenimus
2919 1540 3037 1581 eam
3067 1541 3209 1592 esse,
3235 1540 3357 1595 quae

1790 1635 1980 1675 revera
2008 1620 2079 1674 sit
2110 1620 2273 1688 primi
2304 1619 2509 1678 mensis
2554 1627 2749 1688 quarta
2781 1618 3010 1677 decima.
3063 1618 3193 1684 Quae
3235 1618 3358 1688 qui-

1790 1711 1911 1767 dem
1949 1712 2006 1764 in
2043 1726 2204 1780 quam
2239 1710 2590 1767 hebdomade:
2641 1709 2831 1765 feriam
2864 1710 3071 1764 incidat
3118 1725 3282 1765 nosse
3310 1710 3354 1764 si

119 1804 306 1873 μαθεῖν
338 1806 391 1857 εἰ
426 1804 772 1875 βουληθῶμεν
814 1808 892 1869 εἰς
931 1806 1089 1859 ποίαν
1118 1807 1376 1876 ἐμπίπτει
1406 1808 1506 1877 τῆς
1534 1809 1686 1862 ἑϐδο-

1793 1801 1995 1861 lubeat,
2031 1807 2457 1855 consentaneum
2506 1807 2591 1853 est
2629 1800 2921 1855 observare
2969 1814 3172 1853 annum
3221 1799 3357 1854 solis

118 1897 281 1967 μάδος
308 1898 551 1969 ἡμέραν,
576 1897 718 1951 κατὰ
754 1898 851 1968 μὲν
877 1900 976 1969 τὴν
1006 1898 1225 1969 πρώτην
1256 1899 1690 1953 ἐννεακαιδεκαε-

113 1989 304 2059 τηρίδα
337 1989 667 2061 προσφόρως
692 1990 754 2042 τὸ
797 1990 896 2060 τῆς
936 1989 1159 2062 πρώτης
1196 1992 1689 2064 εἰκοσιοκταετηρί-

113 2080 199 2143 δος
226 2079 521 2151 ἰσάριθμον
554 2081 649 2133 105
691 2080 842 2151 ήλίου
872 2081 1008 2145 ετος,
1037 2080 1179 2151 λέγω
1210 2082 1267 2135 δὲ
1316 2083 1377 2136 τὸ
1401 2082 1461 2147 ἐξ
1492 2085 1586 2137 καὶ
1634 2090 1685 2146 ι’,

116 2171 172 2237 ἐξ
213 2171 537 2241 εὐωνύμων,
572 2172 648 2235 ὡς
701 2172 857 2243 ἔφην,
894 2173 1156 2241 σύνεγγυς
1200 2175 1544 2246 τεταγμένων
1594 2176 1687 2229 τοῦ

115 2261 276 2315 αὐτοῦ
323 2262 430 2332 τῆς
482 2261 709 2333 σελήνης
757 2262 908 2326 ἔτους
953 2262 1351 2334 διασκοποῦμεν
1374 2281 1387 2294 ·
1456 2266 1548 2317 καὶ
1591 2264 1690 2327 τὰς

114 2349 277 2404 αὐτοῦ
310 2349 682 2421 λαμϐάνοντες
736 2350 1000 2415 ὲπακτὰς,
1051 2353 1109 2404 ἐν
1153 2352 1230 2423 τῷ
1275 2352 1319 2423 β’
1349 2352 1439 2406 105
1492 2352 1688 2425 τροχοῦ

115 2439 296 2512 κύκλῳ
315 2441 815 2513 διαγεγραμμένας,
842 2440 1007 2507 οὔσας
1033 2443 1123 2495 τὸν
1150 2443 1384 2514 ἀριθμὸν
1416 2450 1489 2508 ς’,
1521 2462 1691 2515 προσ-

117 2532 388 2604 πλέκομεν
419 2536 543 2595 ταῖς
576 2533 640 2597 ιζ’
672 2533 764 2586 τοῦ
806 2533 1079 2603 Ἀπριλίου
1114 2534 1278 2605 μηνὸς
1306 2535 1560 2607 ἡμέραις,
1596 2536 1689 2589 καὶ

114 2622 192 2683 είς
214 2621 307 2674 τὸν
339 2621 387 2684 ς’
422 2621 718 2692 μερίζομεν
737 2638 750 2652 ·
786 2624 898 2676 κάκ
921 2622 1029 2675 τῶν
1063 2624 1447 2693 ἀπομενουσῶν
1477 2623 1567 2677 δύο
1590 2625 1689 2695 τὴν

114 2715 211 2783 τῆς
238 2713 545 2784 ἑϐδομάδος
589 2714 801 2785 ἡμέραν
833 2714 1194 2786 γινώσκομεν,
1230 2717 1309 2779 εἰς
1343 2717 1409 2788 ἢν
1452 2717 1689 2786 Ἑϐραῖοι

114 2804 175 2856 τὸ
217 2806 415 2875 Πάσχα
453 2805 687 2859 τελοῦσι.
740 2807 832 2860 Διὸ
880 2811 945 2878 τῇ
996 2808 1102 2878 πρὸ
1152 2808 1371 2881 ταύτης,
1407 2810 1574 2880 ήγουν
1620 2814 1686 2881 τῇ

113 2895 244 2966 ἁγίᾳ
276 2898 557 2968 κυριακῇ,
606 2903 646 2950 ε’
684 2899 779 2952 καὶ
829 2906 858 2952 ι’
907 2901 1101 2955 ἐκεῖνοι
1137 2900 1230 2953 105
1262 2901 1494 2970 φέγγους
1521 2902 1690 2974 ψηφί-

115 2984 315 3051 ζοντες,
370 2986 479 3060 πρὸ
528 2988 621 3040 105
672 2989 954 3060 Ἑϐραῖκοῦ
996 2992 1057 3044 τὸ
1083 2992 1221 3045 κατὰ
1265 2993 1518 3063 Χριστὸν,
1550 2995 1688 3067 ὅπερ

112 3078 176 3130 οὐ
205 3078 383 3174 θέμις,
412 3079 753 3174 πανονίζουσι
784 3082 991 3152 Πάσχα.
1024 3082 1236 3155 Ταύτης
1258 3080 1350 3138 οὖν
1376 3086 1557 3141 ἕνεκεν
1591 3089 1688 3159 τῆς
1714 3120 1757 3174 C

112 3172 327 3237 αἰτίας,
392 3172 471 3235 ὡς
528 3172 627 3242 ήδη
682 3171 962 3238 λέλεκται,
1016 3174 1164 3228 δυσὶν
1221 3177 1686 3249 ὲπεσημηνάμεθα

115 3267 370 3334 στιγμαῖς
399 3264 461 3318 τὸ
488 3265 620 3318 αὐτὸ
649 3264 707 3330 ἒξ
738 3265 831 3319 καὶ
861 3266 1043 3343 ιςέτος.
1064 3267 1172 3320 Καὶ
1195 3266 1368 3331 οὕτως
1395 3269 1491 3337 μὲν
1520 3287 1686 3339 προσ-

114 3356 238 3426 ήκει
275 3356 536 3425 ψηφίζειν
587 3358 725 3410 κατὰ
764 3360 864 3429 τὴν
912 3358 1134 3430 πρώτην
1179 3362 1687 3431 ἐννεακαιδεκαετη-

117 3447 234 3517 ρίδα
278 3447 339 3499 τὸ
367 3446 503 3501 αὐτὸ
553 3446 612 3511 ἐξ
662 3449 753 3501 καὶ
793 3455 823 3501 ι’
852 3450 950 3520 τῆς
1001 3451 1227 3520 σελήνης
1259 3450 1407 3515 ἔτοςσ
1446 3453 1584 3505 κατὰ
1628 3453 1686 3506 δὲ

112 3537 210 3609 τὴν
246 3545 301 3603 ς’
333 3538 962 3611 ἐννεακαιδεκαετηρίδα,
993 3543 1039 3593 εί
1075 3541 1235 3595 πάλιν
1270 3542 1583 3614 θελήσωμεν
1611 3546 1687 3595 εἰ-

114 3631 261 3686 δέναι
299 3632 432 3703 ποίᾳ
455 3633 554 3702 τῆς
578 3631 866 3702 ἑϐδομάδος
894 3635 1075 3705 ἡμέρᾳ
1100 3635 1199 3705 τὴν
1249 3634 1310 3699 ag
1342 3635 1435 3688 καὶ
1484 3642 1513 3688 ι’
1543 3636 1686 3688 ἐκεῖ-

114 3742 191 3778 νοι
234 3725 566 3796 ψηφίζουσιν
618 3726 711 3779 ἐπὶ
736 3726 829 3780 τοῦ
875 3727 1035 3780 αὑτοῦ
1089 3727 1258 3793 ἔτους,
1306 3729 1469 3797 ’ήγουν
1501 3728 1593 3783 τοῦ
1627 3729 1685 3795 ἒξ

114 3820 209 3872 καὶ
261 3824 313 3881 ι’,
361 3817 458 3871 105
516 3817 760 3881 συνόντος
808 3818 956 3888 αὐτῷ
1005 3818 1064 3883 ἐξ
1123 3818 1417 3889 εὐωνύμων
1459 3821 1683 3891 ήλιακοῦ

116 3912 289 3976 ξτους,
329 3911 476 3979 λέγω
524 3910 581 3962 δὲ
627 3909 720 3963 τοῦ
769 3909 850 3975 κζ’
900 3911 998 3981 τῆς
1042 3911 1085 3964 δ’
1139 3911 1687 3982 εἰκοσιοκταετηρίδος

118 4002 475 4072 ὑπάρχοντος,
529 4000 627 4063 τὰς
672 4001 913 4064 ὲπακτὰς
956 4000 1338 4071 λαμϐάνοντες,
1386 4000 1552 4063 οὔσας
1594 4000 1686 4053 τὸν

117 4092 348 4163 ἀριθμὸν
374 4100 438 4155 ε’,
482 4094 549 4163 τῇ
598 4093 733 4163 αὐτῇ
776 4092 870 4145 105
912 4093 1183 4162 Ἀπριλίου
1224 4092 1393 4164 μηνὸς
1437 4091 1480 4156 ζ’
1519 4092 1613 4145 καὶ
1655 4099 1684 4143 ι’

118 4183 511 4254 συμπλέκομεν
531 4199 543 4212 ³
576 4183 666 4235 καὶ
696 4185 775 4246 εἰς
802 4184 892 4235 τὸν
917 4182 959 4247 ζ’
1001 4183 1098 4247 τὰς
1128 4182 1208 4253 κβ’
1245 4183 1575 4253 μερίζοντες,
1623 4185 1687 4237 ὲκ

114 4272 216 4340 τῆς
250 4270 630 4342 ἀπομενούσης
659 4272 944 4342 Κυριακὴν
988 4273 1086 4344 τὴν
1114 4275 1210 4343 τῆς
1241 4272 1528 4342 ἑϐδομάδος
1554 4273 1689 4344 ήμέ-

119 4378 223 4430 ραν
264 4361 611 4430 εύρίσκομεν.
651 4362 744 4413 Ἐκ
784 4361 987 4429 ταύτης
1035 4363 1132 4432 μὲν
1168 4357 1259 4415 οὖν
1288 4363 1386 4432 τῆς
1431 4363 1571 4416 κατὰ
1598 4363 1688 4415 τὸν

1792 1893 1846 1946 in
1889 1891 2066 1963 primo
2097 1891 2217 1961 ejus
2255 1892 2429 1967 cyclo,
2456 1892 2669 1946 numeri
2705 1891 2947 1961 ejusdem
2984 1906 3108 1945 cum
3154 1890 3356 1954 lunari,

1789 1983 1893 2037 hoc
1923 1989 2008 2037 est
2038 1998 2148 2045 xvr,
2177 1998 2337 2052 quem
2370 1983 2436 2037 ad
2456 1982 2705 2037 dextram
2738 1982 2868 2036 anni
2910 1982 3072 2037 istius
3097 1982 3259 2045 lunae,
3291 1995 3357 2035 ac

1789 2087 1956 2144 prope
1984 2073 2161 2142 ipsum
2191 2074 2427 2143 positum
2458 2089 2582 2129 esse
2603 2073 2911 2129 docuimus.
2938 2072 3112 2143 Hujus
3135 2081 3357 2149 epactas

1790 2167 1846 2220 in
1899 2165 2141 2221 secundo
2184 2173 2315 2220 rotae
2349 2165 2558 2219 circulo
2590 2164 2916 2235 descriptas,
2966 2179 3087 2235 quae
3117 2173 3245 2219 sunt
3278 2181 3356 2229 vi,

1790 2256 2042 2311 addimus
2084 2271 2197 2309 xvn
2232 2255 2437 2325 Aprilis
2486 2254 2716 2320 diebus;
2757 2270 2821 2308 ac
2840 2263 3013 2308 totum
3044 2255 3099 2310 in
3127 2270 3201 2310 vn
3233 2271 3359 2325 par-

1790 2350 1977 2403 timur.
2013 2347 2115 2414 Qui
2143 2349 2383 2417 reliquus
2413 2356 2498 2403 est
2532 2348 2777 2402 ltinarius
2810 2346 2999 2401 feriam
3031 2347 3272 2414 exhibet,
3298 2348 3355 2403 in

1790 2456 1896 2510 qua
1923 2438 2095 2493 Judaei
2133 2437 2343 2494 Pascha
2372 2439 2672 2493 celebrant.
2695 2436 2776 2492 οι)
2805 2437 2857 2490 id
2889 2436 3243 2493 antecedente
3276 2439 3356 2493 illi

1791 2531 1900 2596 die,
1955 2528 2212 2582 nimirum
2261 2527 2584 2593 Dominica,
2630 2544 2699 2582 xv
2755 2528 2898 2582 lunaa
2947 2536 3354 2598 computantes,

1792 2630 1916 2675 ante
1951 2618 2235 2674 Iudaicum
2280 2617 2509 2683 Pascha,
2554 2618 2698 2689 quod
2745 2618 2900 2673 nefas
2945 2627 3050 2683 est,
3084 2619 3358 2676 Christia-

1790 2726 1920 2765 num
1970 2717 2237 2765 statuunt.
2287 2708 2585 2779 Propterea
2618 2724 2721 2766 nos
2762 2709 2910 2764 hunc
2937 2711 3114 2781 ipsum
3149 2726 3356 2766 annum

1792 2820 1903 2865 xvt,
1934 2811 1994 2856 ut
2019 2803 2130 2873 jam
2164 2801 2371 2856 dictum
2399 2810 2507 2865 est,
2547 2802 2751 2872 duplici
2791 2813 2995 2872 puncto
3017 2806 3355 2860 notavimus.

1791 2895 1871 2948 Ad
1898 2895 2045 2950 hunc
2079 2897 2298 2949 modum
2332 2908 2626 2949 numerare
2656 2894 2913 2949 convenit
2954 2896 3010 2951 in
3049 2896 3226 2965 primo
3259 2911 3355 2969 cy-

1791 2985 1879 3039 clo
1921 2986 2082 3057 186
2105 2985 2590 3042 decemnovennali
2627 2999 2831 3040 annum
2865 2986 3031 3041 istum
3073 2988 3215 3043 luna:
3244 3006 3356 3044 xw.

1789 3078 1910 3134 Jam
1936 3093 2064 3133 vero
2094 3080 2141 3133 si
2171 3079 2227 3135 in
2255 3079 2411 3148 cyclo
2447 3077 2929 3133 decemnovennali
2963 3093 3016 3132 vt
3053 3080 3194 3135 scire
3223 3080 3360 3137 veli-

1793 3186 1938 3234 mus,
1974 3185 2215 3240 quanam
2268 3169 2628 3243 hebdomadis
2674 3169 2807 3226 feria
2828 3170 3096 3227 decimam
3145 3180 3359 3229 sextam

1794 3264 1871 3317 illi
1905 3271 2188 3319 numerent
2222 3264 2275 3315 in
2304 3276 2447 3315 anno
2477 3260 2667 3317 eodem
2690 3277 2801 3329 xvr,
2828 3262 2956 3316 anni
2986 3264 3139 3330 solis,
3164 3265 3255 3336 qui
3289 3267 3361 3321 ad

1792 3355 1912 3424 ejus
1946 3353 2225 3409 sinistram
2265 3353 2477 3422 positus
2516 3359 2621 3415 est,
2654 3359 2708 3407 et
2740 3362 2824 3408 est
2864 3370 3017 3409 xxvu
3046 3357 3183 3426 cycli
3212 3357 3361 3412 sola-

1792 3446 1871 3500 ris
1915 3460 1991 3507 Iv,
2027 3443 2305 3499 sumendae
2335 3450 2462 3499 sunt
2493 3453 2700 3512 epacta:
2724 3460 2777 3504 ν.
2828 3450 2881 3497 et
2907 3445 2974 3498 ad
3012 3460 3123 3499 χιιι
3153 3444 3361 3515 Aprilis

1793 3535 2114 3606 adjicienda:
2142 3555 2155 3589 :
2187 3536 2313 3590 inde
2346 3550 2614 3590 summam
2657 3534 2869 3590 dierum
2903 3551 3016 3589 χχιι
3049 3552 3143 3606 per
3170 3552 3247 3591 vn
3272 3537 3359 3592 di-

1792 3625 2061 3689 videntes,
2113 3625 2375 3694 reliquam
2413 3623 2671 3681 faciemus
2716 3624 3070 3686 Dominicam.
3119 3644 3239 3699 qua:
3276 3638 3361 3685 est

1793 3718 2062 3774 illiusdiei
2090 3718 2243 3774 feria.
2266 3718 2342 3773 Ex
2376 3718 2479 3774 hac
2506 3718 2670 3789 igitur
2693 3735 2806 3783 xvn,
2833 3733 2994 3790 quam
3024 3721 3100 3775 illi
3128 3721 3183 3776 in
3207 3732 3361 3778 sexto

1793 3811 2273 3866 decemnovennali
2309 3810 2464 3881 cyclo
2508 3817 2849 3880 computant,
2878 3809 3251 3869 Christianum
3293 3815 3361 3868 ab

1794 3902 1863 3957 iis
1889 3901 2101 3956 Pascha
2136 3903 2191 3955 in
2218 3916 2354 3956 mu
2383 3901 2523 3955 luna:
2546 3900 2692 3957 diem
2737 3900 3018 3956 confertur
3051 3922 3064 3956 :
3102 3904 3359 3973 quoniam

1794 3994 1850 4047 in
1879 3992 2256 4061 insequentem
2300 3990 2636 4045 Dominicam
2678 3991 3050 4047 ecclesiastica
3083 3993 3138 4047 id
3175 3995 3361 4064 regula

1797 4080 2085 4138 transferri
2114 4082 2393 4152 praecipit;
2420 4096 2487 4135 ex
2516 4097 2580 4137 ea
2604 4097 2752 4145 vero,
2783 4097 2947 4151 quam
2975 4085 3028 4136 in
3056 4085 3232 4153 prima
3265 4100 3349 4138 en.
3417 4135 3427 4143 ,

1795 4173 2242 4229 neadecaeteride
2265 4180 2574 4238 numerant,
2607 4173 2752 4241 quod
2785 4187 2847 4227 ea
2884 4173 3178 4227 secundam
3208 4175 3260 4228 in
3284 4173 3361 4229 {es

1797 4267 1934 4319 riam
1972 4264 2198 4327 incidat,
2247 4262 2456 4318 Pascha
2486 4262 2541 4316 iu
2592 4278 2704 4317 χιιι
2739 4264 2879 4318 luna:
2902 4263 3046 4318 diem
3076 4264 3357 4335 competit.

1797 4362 1912 4414 Hoc
1957 4359 2124 4428 igitur
2154 4366 2316 4427 pacto
2345 4359 2391 4413 si
2422 4360 2548 4427 quis
2578 4360 2737 4415 annis
2763 4360 2925 4424 lunae,
2977 4362 3069 4431 qui
3109 4361 3165 4415 in
3195 4378 3228 4414 v
3253 4361 3364 4416 cir-

119 4462 176 4520 q'
200 4450 807 4527 ὲννεακαιδεκαετηρίδα
826 4455 1201 4526 ψηφιζομένης
1226 4458 1407 4521 αὐτοῖς
1435 4456 1492 4524 ἓξ
1518 4457 1612 4510 καὶ
1637 4463 1687 4521 ι’,

1798 4452 1936 4508 culis
1966 4458 2096 4504 rota:
2118 4449 2366 4519 inscripti
2395 4455 2545 4512 sunt,
2572 4453 2650 4503 uti
2677 4449 2826 4512 velit,
2860 4450 2914 4504 in
2940 4451 3183 4519 quolibet
3215 4452 3365 4506 inve—

118 4547 296 4600 είκάδι
324 4553 395 4615 γ’,
425 4547 484 4600 τὸ
518 4547 656 4600 κατὰ
696 4547 929 4618 Χριστὸν
974 4547 1308 4612 κανονίζουσι
1353 4549 1546 4618 Πάσχα
1569 4566 1583 4578 ·
1616 4548 1691 4611 ὡς

118 4641 201 4703 εἰς
230 4637 329 4709 τὴν
351 4638 481 4706 ἑξῆς
511 4637 669 4704 ἁγίαν
698 4637 981 4709 Κυριακὴν
1005 4638 1168 4694 αὐτοῦ
1202 4639 1520 4710 τελουμένου
1551 4640 1693 4694 κατὰ

119 4728 222 4799 τὴν
255 4727 709 4798 ὲκκλησιαστικὴν
748 4728 1077 4798 παράδοσινι
1114 4732 1173 4783 ὲκ
1210 4729 1266 4783 δὲ
1300 4730 1399 4801 τῆς
1425 4730 1569 4784 κατὰ
1595 4731 1693 4802 τὴν

119 4826 169 4871 α’
214 4818 849 4890 ὲννεακαιδεκαετηρίδα,
901 4819 987 4872 διὰ
1027 4821 1089 4873 τὸ
1139 4820 1471 4891 συμφθάνειν
1511 4823 1591 4885 εἰς
1649 4821 1692 4891 β’

120 4910 336 4981 ἡμέραν
359 4910 460 4980 τῆς
487 4910 794 4981 ἑϐδομάδος,
823 4910 995 4967 εἰκάδι
1024 4911 1067 4981 β’
1092 4910 1183 4966 105
1217 4912 1471 4980 φέγγους.
1509 4912 1696 4975 Οὕτως

125 5003 225 5071 μὲν
252 5005 298 5055 εἰ
339 5004 596 5073 χρήσοιτο
626 5021 710 5065 τις
735 5004 861 5077 περὶ
889 5003 994 5056 τῶν
1020 5005 1077 5056 ἐν
1109 5004 1188 5073 τῷ
1226 5004 1404 5075 τροχῷ
1428 5004 1569 5058 κατὰ
1596 5005 1695 5067 τὰς

119 5102 163 5147 ε’
191 5093 366 5159 ζώνας
392 5095 621 5150 ἐνόντων
657 5096 755 5165 τῆς
800 5094 1027 5165 σελήνης
1066 5095 1222 5157 ἐτῶν,
1261 5095 1592 5166 διερευνήσει
1637 5096 1694 5147 ὲν

120 5184 339 5254 ἑκάστῳ
385 5186 485 5254 τὴν
534 5185 632 5255 τῆς
683 5185 972 5255 ἑϐδομάδος
1026 5191 1072 5239 α’
1109 5186 1342 5257 ἡμέραν,
1378 5186 1410 5255 ἢ
1462 5184 1562 5254 τὴν
1607 5184 1650 5253 β’
1675 5201 1689 5213 ’

116 5276 254 5344 περὶ
280 5276 335 5328 δὲ
364 5275 472 5329 τῶν
503 5278 559 5327 ὲν
585 5274 662 5344 τῷ
691 5274 953 5345 εὐωνύμῳ
976 5275 1484 5346 διαγεγραμμένων,
1518 5274 1694 5346 ζητῶν

122 5367 221 5419 καὶ
252 5366 463 5429 τούτοις
486 5367 533 5399 ’⁸
564 5367 664 5437 τὴν
712 5366 848 5436 μετὰ
876 5365 973 5438 τὴν
1004 5366 1225 5438 πρώτην
1256 5367 1350 5420 καὶ
1383 5365 1426 5435 β’
1467 5365 1696 5437 ἑϐδομα-

1798 4541 2016 4611 stigahit
2069 4540 2257 4594 feriam
2298 4556 2338 4604 ι,
2374 4550 2468 4594 aut
2492 4554 2531 4593 ιι
2561 4558 2576 4595 :
2613 4539 2758 4610 quod
2789 4540 2856 4594 ad
2888 4555 2984 4596 eos
3027 4556 3156 4597 vero
3196 4543 3364 4612 perti-

1798 4638 1911 4696 net,
1942 4632 2035 4701 qui
2063 4631 2130 4686 ad
2155 4630 2437 4686 sinistram
2480 4631 2641 4700 positi
2676 4636 2827 4696 sunt,
2860 4630 2907 4686 si
2937 4631 3181 4703 inquirat
3214 4647 3359 4696 eam,

1801 4739 1920 4798 qua:
1960 4723 2191 4794 primam
2249 4720 2613 4777 secundamve
2650 4723 2919 4791 sequitur,
2954 4737 3015 4777 ιιι
3059 4723 3143 4778 vel
3180 4740 3232 4778 IV
3280 4725 3367 4781 fe

1800 4817 1959 4882 riam,
1995 4830 2060 4869 ac
2082 4823 2305 4870 caeteras
2336 4813 2617 4885 deinceps,
2657 4822 2820 4884 prout
2847 4814 2953 4869 erit
2974 4816 3113 4887 cycli
3146 4817 3364 4873 decem-

1801 4906 2122 4963 novennalis
2168 4920 2385 4970 annus,
2437 4905 2531 4976 qui
2577 4907 2921 4976 proponitur,
2975 4915 3363 4979 congruentem

1802 4998 1941 5070 (δῖοὶί
1972 4998 2169 5053 solaris
2200 4995 2483 5068 indagabit
2521 5010 2723 5051 annum
2751 5015 2765 5063 ;
2812 4996 2973 5067 cujus
3002 5010 3223 5068 epactas
3268 5001 3367 5054 ad-

1798 5092 1989 5161 junget
2017 5089 2082 5144 ad
2119 5089 2258 5144 diem
2282 5086 2510 5143 Romani
2541 5088 2769 5150 mensis,
2807 5088 2862 5142 in
2898 5104 3061 5159 quem
3086 5106 3177 5146 xw
3205 5090 3365 5160 primi

1801 5182 2009 5238 mensis
2075 5181 2267 5236 incidit
2311 5196 2458 5235 anno
2502 5181 2598 5235 illo
2643 5181 2804 5246 lunae,
2848 5180 2915 5236 de
2945 5196 3055 5253 quo
3083 5182 3364 5253 qttaaritur.

1802 5273 2007 5329 Deinde
2047 5273 2345 5343 partitione
2384 5271 2527 5327 facta
2560 5287 2655 5342 per
2689 5287 2782 5335 vn,
2825 5286 2892 5326 ex
2925 5287 2991 5327 eo
3030 5272 3221 5328 feriam
3269 5272 3368 5326 ob-

1802 5366 2018 5421 tinebit.
3126 5374 3133 5379 '

119 5455 281 5524 τικὴν
308 5454 541 5526 ἡμέραν,
574 5452 683 5509 οἷον
712 5457 810 5527 τὴν
844 5464 913 5525 γ’,
947 5458 1041 5511 καὶ
1069 5457 1167 5528 τὴν
1191 5456 1252 5519 δ’,
1284 5458 1377 5509 καὶ
1418 5457 1517 5521 τὰς
1552 5457 1678 5529 ἑξῆς
1731 5458 1867 5529 πρὸς
1911 5457 1970 5510 τὸ
2018 5456 2117 5526 τῆς
2164 5456 2539 5528 ψηφιζομένης
2576 5455 3205 5529 ὲννεακαιδεκαετηρίδος
3251 5452 3369 5516 ἔτος

122 5543 478 5616 διακριϐὡσει
530 5546 589 5599 τὺ
636 5547 941 5620 πρόσφορον
986 5549 1085 5620 τῆς
1112 5550 1684 5622 εἰκοσιοκταετηρίδος,
1717 5551 1811 5605 καὶ
1838 5551 2026 5604 τούτου
2069 5550 2166 5614 τὰς
2211 5552 2455 5615 ὲπακτὰς
2498 5551 2823 5622 προσπλέξει
2862 5553 2926 5623 τῇ
2985 5547 3218 5622 ποσταία
3275 5546 3369 5608 τοῦ

194 5721 241 5756 ’⁸
265 5724 309 5791 Ῑ.
336 5726 397 5782 ἐν
417 5722 648 5788 τούτοις.
