3800 6316
143 329 276 387 1965
940 337 998 394 S.
1042 336 1290 395 MAXIM!
1328 341 1686 400 MARTYRIS
1722 345 2099 403 COMPUTUS
2132 344 2568 403 ECCLESMST.

416 448 555 517 Περὶ
584 446 693 519 τῆς
710 449 1042 523 διαγραφῆς
1062 456 1165 511 τοῦ
1181 457 1418 529 τροχοῦ.

1999 522 2004 527 .
2155 466 2313 537 187
2350 466 2422 521 De
2449 458 2578 522 rota
2607 465 2964 536 descriptione.

206 559 280 613 B'.
322 560 512 651 ’ἔστιν
558 557 650 617 οὖν
692 565 725 635 ἡ
781 564 1055 639 διαγραφὴ
1085 570 1180 624 τοῦ
1227 571 1421 643 τροχοῦ
1460 574 1696 648 τοιαύτη.

1877 578 1940 635 ιι.
1966 578 2090 634 Haec
2122 580 2289 651 igitur
2320 592 2438 637 rota
2479 582 2585 637 ista
2613 581 3015 651 complectitur.
3046 581 3183 639 Tres
3218 601 3271 638 ιιι
3303 601 3366 641 ea

137 651 294 723 Τρεῖς
321 641 479 714 οὗτος
502 651 760 725 κέκτηται
797 654 994 721 ζώνας,
1035 661 1128 714 καὶ
1161 660 1306 715 ἔνδον
1338 663 1516 717 αὐτῶν
1541 667 1696 719 κανό-

1810 685 1958 724 zona:
1987 641 2219 734 sunt,'et
2247 672 2301 725 in
2332 672 2511 727 medio
2531 641 3008 743 quadrata,'tabula
3034 676 3365 746 aequilatera.

3233 359 3253 410 1
3264 358 3365 414 268

135 757 241 793 νιον
295 742 764 812 ίσοτετράγωνον.·
797 746 861 797 Ἡ
901 747 1000 817 μὲν
1036 745 1128 802 οῦν
1159 750 1348 823 πρώτη
1375 751 1517 824 ζώνη
1551 771 1703 826 περι-

135 831 244 902 έχει
275 832 377 896 τάς
412 833 520 886 τῶν
552 841 637 904 κη’
670 835 760 888 τοῦ
786 836 935 906 ἡλίου
963 839 1100 893 ἑτῶν
1127 843 1400 906 ὲπακτάς’
1432 847 1464 914 ἡ
1498 844 1555 897 δὲ
1581 844 1701 898 δευ-

131 924 265 993 τέρα
295 924 439 977 αὑτά
460 924 529 978 τά
568 931 654 997 κη’
680 926 773 980 τοῦ
816 928 968 999 ἡλίου
1000 929 1092 1003 ἔτη
1126 933 1233 986 άπὸ
1286 934 1498 1005 πρώτου
1540 937 1700 1007 μέχρι

131 1012 222 1065 τοῦ
270 1013 607 1079 τελευταίου,
670 1018 810 1072 κατὰ
856 1019 1009 1087 τάξιν
1060 1021 1503 1095 διαγεγραμμένα
1526 1042 1539 1056 ·
1580 1027 1700 1097 ἡδὲ

131 1102 286 1175 τρίτη
303 1105 373 1159 τά
394 1106 535 1160 κατὰ
564 1109 663 1179 τὴν
684 1111 1073 1184 τετραετηρίδα
1095 1113 1369 1184 βίσσεξτα.
1396 1120 1504 1171 Καὶ
1529 1118 1721 1173 ταῦτα.

135 1197 230 1267 μὲν
257 1200 314 1252 ai
340 1202 491 1271 τρεῖς
510 1200 699 1265 ζῶναι.

368 1312 508 1380 Περὶ
538 1312 649 1382 τῆς
674 1313 999 1386 διαγραφῆς
1028 1319 1132 1373 τοῦ
1165 1306 1485 1375 morior)...

200 1422 275 1475 Γ.
302 1423 378 1476 Τὸ
400 1424 458 1477 δὲ
498 1426 740 1480 κανόνιον
763 1429 901 1483 ἑπτά
932 1428 1144 1501 στίχους
1174 1431 1306 1501 ἔχει,
1331 1434 1388 1485 ἐν
1415 1428 1495 1494 οἷς
1522 1432 1579 1484 αἱ
1601 1432 1701 1503 τῆς

1809 760 1990 817 Prima
2019 778 2152 817 zona
2183 778 2450 818 annorum
2475 764 2665 834 viginti
2698 774 2821 820 octo
2845 766 2978 821 solis
2999 775 3221 836 epactas
3237 783 3369 823 con-

1811 853 1979 917 tinet;
2004 853 2240 908 secunda
2269 868 2445 909 annos
2479 853 2629 925 ipsos
2670 870 2835 909 xxvm
2872 857 3081 912 solares
3131 871 3160 909 a
3191 856 3368 928 primo

1811 944 1877 999 ad
1895 945 2140 999 ultimam
2162 960 2335 1014 usque
2362 960 2701 1015 progressos.
2727 944 2910 1001 Tertia
2925 946 3256 1010 hissextiles,
3273 950 3369 1018 qui

1809 1036 2173 1107 quadriennio
2195 1036 2394 1106 cuique
2409 1044 2745 1107 competunt.
2764 1036 2889 1092 llam
2917 1038 2972 1092 in
3002 1038 3176 1095 tribus
3191 1039 3368 1097 zonis.

2082 1322 2161 1378 De
2202 1322 2462 1380 mediante
2501 1324 2694 1379 tabulae
2723 1323 3083 1393 descriptione.

1875 1431 1959 1487 ill.
1998 1430 2202 1486 Tabula
2253 1439 2458 1501 septem
2509 1433 2759 1488 versibus
2802 1441 3034 1495 constat,
3074 1432 3128 1486 in
3165 1432 3363 1503 quibus

131 1515 424 1587 ἑϐδομάδος
444 1520 659 1592 ἡμέραι
693 1523 1017 1594 τεταγμέναι
1043 1526 1420 1595 τυγχάνουσιν.
1465 1527 1604 1579 Ἀλλ’
1640 1527 1696 1578 ὲν

1806 1532 2011 1593 septem
2029 1522 2389 1579 hebdomadis
2412 1523 2532 1579 dies
2551 1525 2899 1580 exhibentur.
2924 1523 2981 1579 in
3007 1524 3181 1595 primo
3202 1539 3364 1579 versu

132 1605 230 1676 μὲν
251 1606 329 1677 τῷ
356 1606 558 1680 πρώτῳ
602 1612 767 1682 στίχῳ
816 1614 956 1667 κατὰ
980 1615 1150 1680 τάξιν,
1170 1610 1280 1669 οἷον
1312 1619 1375 1670 ἐκ
1405 1623 1473 1679 α’,
1508 1617 1601 1669 καὶ
1630 1616 1694 1686 β’,

1805 1615 1998 1671 ordine
2021 1615 2323 1681 procedunt
2351 1615 2420 1670 ab
2451 1616 2503 1681 1,
2535 1617 2590 1679 2,
2621 1618 2655 1671 3
2681 1633 2854 1687 usque
2878 1616 2947 1670 ad
2972 1617 3027 1680 7,
3050 1616 3104 1670 in
3134 1631 3368 1686 sequen-

129 1695 220 1747 καὶ
236 1695 431 1767 τρίτης
465 1699 628 1771 μέχρι
650 1700 759 1755 τῶν
787 1701 833 1766 ζ’
851 1720 865 1733 ·
903 1705 960 1757 ὲν
986 1705 1044 1758 δὲ
1074 1708 1187 1767 τοῖς
1209 1706 1345 1776 μετὰ
1366 1706 1456 1759 τὸν
1486 1706 1696 1777 πρῶτον

1806 1707 1951 1761 tibus
1981 1714 2142 1777 prout
2180 1706 2429 1761 calculus
2483 1707 2628 1761 tulit.
2684 1706 2952 1777 L'trinque
2991 1705 3160 1761 rubro
3208 1704 3366 1775 pictai

130 1782 477 1878 στίχον
520 1788 697 1859 ψῆφος
742 1792 1039 1863 ἀπῄτησεν.
1096 1795 1460 1867 Ἑκατέρωθεν
1497 1796 1553 1849 δὲ
1603 1794 1696 1848 τοῦ

1805 1806 1931 1852 sunt
1971 1796 2171 1852 eaedem
2197 1795 2558 1852 hebdomadis
2580 1796 2728 1853 feria:
2773 1796 3029 1852 deorsum
3075 1810 3105 1849 a
3149 1808 3364 1850 summo

127 1874 287 1929 αὑτοῦ
324 1877 415 1931 διά
480 1883 708 1952 σηρικοῦ
743 1885 1125 1955 γεγραμμέναι
1154 1886 1313 1941 πάλιν
1346 1887 1484 1940 είσὶν
1522 1886 1696 1958 ὀρθῶς

1805 1887 2216 1951 descendentes,
2248 1887 2446 1957 quibus
2473 1887 2713 1957 adjuncti
2759 1894 2888 1942 sunt
2940 1887 3168 1941 Romani
3213 1900 3370 1939 men~

126 1968 449 2039 καθιέμεναι
474 1973 529 2025 αί
559 1975 719 2028 αὑταὶ
754 1976 853 2047 τῆς
893 1976 1182 2048 ἑϐδομάδος
1217 1978 1418 2050 ἡμέραι
1442 1995 1456 2008 ‘
1490 1977 1604 2048 μεθ’
1629 1977 1696 2042 ἃς

1805 1992 1930 2044 ses;
1964 1976 2019 2031 in
2045 1976 2260 2047 gemino
2287 1990 2450 2031 versu
2483 1977 2635 2033 solus
2663 1975 2965 2045 inscriptus
2993 1985 3078 2033 est
3115 1974 3363 2037 Martius,

126 2060 215 2112 καὶ
262 2063 312 2113 oi
361 2062 683 2119 δυοκαίδεκα
726 2067 1020 2138 Ῥωμαῖκοὶ
1048 2069 1211 2140 μῆνες
1236 2070 1696 2141 διαγεγραμμένοι

1805 2074 2022 2137 propter
2050 2068 2371 2121 bissextum.
2397 2066 2673 2132 Ejusmodi
2703 2075 2787 2123 est
2818 2068 3026 2123 tabellae
3051 2063 3370 2135 descriptio.

124 2155 503 2225 τυγχάνουσιν.
547 2159 634 2213 Ἐν
677 2160 837 2232 διττῷ
863 2162 922 2215 δὲ
961 2163 1433 2235 διαγεγραμμένος
1465 2164 1696 2236 ὑπάρχει
1719 2162 1919 2233 μόνοςδ
1950 2160 2191 2231 Μάρτιος
2215 2159 2303 2213 διά
2322 2159 2384 2213 τὸ
2406 2158 2698 2229 βίσσεξτον.
2726 2160 2912 2215 Ταῦτα
2938 2162 3032 2213 καὶ
3090 2159 3218 2230 περὶ
3268 2155 3369 2227 τῆς

124 2244 215 2299 τοῦ
249 2249 500 2303 κανονίου
533 2251 842 2325 διασκευῆς.

367 2358 429 2409 Ὺ
425 2356 634 2424 πόδειξ
639 2378 692 2427 ις
724 2361 835 2429 τῆς
850 2365 979 2417 καθ’
1002 2365 1206 2434 εἱρμὸν
1221 2366 1447 2435 ψήφου.

190 2534 263 2588 Δ¹.
308 2534 502 2588 Ἦνίκα
528 2534 707 2587 τοίνυν
737 2538 800 2589 ὲκ
824 2535 976 2590 τοῦδε
1011 2538 1106 2591 τοῦ
1129 2537 1318 2609 τροχοῦ
1344 2538 1442 2609 τὴν
1467 2538 1698 2608 ἑϐδομα-

123 2624 279 2693 ηκὴν
293 2623 530 2696 ἡμέραν,
548 2626 606 2679 ὲν
630 2626 717 2697 οἵα
738 2626 934 2699 δήποτε
950 2628 1255 2700 Ῥωμαϊκοῦ
1272 2631 1438 2700 μηνὸς
1460 2630 1697 2703 ποσταία

126 2713 476 2787 βουληθῶμεν
515 2718 726 2789 μαθεῖν,
773 2721 1080 2791 σκοποῦμεν
1100 2721 1315 2793 πρῶτον
1335 2722 1420 2775 διὰ
1439 2723 1537 2792 τῆς
1559 2722 1696 2775 ὑπο-

122 2806 423 2879 δειχθείσης
480 2809 700 2879 μεθόδου
742 2811 802 2864 τὸ
838 2812 1184 2883 ἐνιστάμενον
1209 2812 1303 2866 τοῦ
1341 2813 1488 2883 ἡλίου
1536 2812 1691 2876 ἔτοςο

120 2897 194 2961 ὡς
240 2901 338 2952 ἐπὶ
383 2899 480 2954 τοῦ
524 2901 818 2965 ἐνεστῶτος
858 2904 990 2975 φέρε
1021 2906 1215 2967 εἰπεῖν,
1250 2906 1417 2975 ἡγουν
1443 2903 1539 2957 τοῦ
1566 2910 1687 2975 κη’⁶

122 2983 240 3042 εἶτα
284 2990 385 3054 τὰς
426 2990 593 3045 αὑτοῦ
644 2991 1011 3061 λαμϐάνοντες
1071 2994 1344 3058 ὲπακτὰς,
1387 2993 1549 3057 οὑσας
1593 2996 1690 3048 τὸν

121 3081 350 3153 ἀριθμὸν
380 3088 457 3147 ς’,
490 3085 540 3136 εί
571 3082 670 3153 μὲν
702 3086 759 3137 ὲν
796 3087 908 3148 τοῖς
934 3085 1014 3148 είς
1035 3086 1124 3138 τὸν
1159 3086 1373 3157 πρῶτον
1396 3087 1574 3157 στίχον
1594 3104 1688 3141 τε-

1938 2360 2185 2430 θεωρηι
2214 2359 2415 2413 ratione
2445 2358 2680 2430 calculus
2717 2357 2898 2412 ordine
2930 2359 3126 2411 directo
3154 2359 3220 2411 sit

2386 2429 2761 2483 instituendus.

1867 2540 1956 2595 iV.
1987 2530 2060 2596 U1
2082 2556 2149 2597 ex
2173 2541 2276 2595 hac
2298 2547 2423 2594 rota
2457 2538 2646 2595 feriam
2676 2555 3005 2611 quocunque
3026 2538 3115 2594 die
3130 2536 3367 2599 Romani

1798 2632 2003 2702 mensis
2049 2632 2413 2694 obtineamus,
2458 2629 2695 2700 primum
2737 2631 2875 2701 cycli
2920 2630 3116 2685 solaris
3161 2644 3362 2696 annus,

1795 2737 1853 2808 tu
1882 2739 1991 2795 quo
2019 2737 2321 2785 versamur,
2354 2721 2782 2776 considerandus
2810 2736 2873 2776 ea
2918 2720 3170 2777 methodo
3197 2736 3362 2792 quam

1799 2830 1965 2885 supra
2020 2812 2521 2869 demonstravimus
2560 2826 2577 2863 :
2616 2821 2674 2865 ut
2714 2812 2945 2882 exempli
2993 2814 3202 2882 gratia,
3258 2811 3364 2867 hoc

1799 2920 1946 2959 anno
1978 2905 2128 2974 cyclo
2143 2919 2336 2958 nuit.
2359 2901 2495 2956 Tum
2520 2902 2898 2972 hujusepactze
2914 2902 3190 2972 capienda:
3210 2910 3363 2971 sunt,

1796 3011 1918 3067 quae
1947 3002 2075 3049 sunt
2115 3011 2191 3050 Vi.
2237 2993 2357 3047 Jam
2397 2993 2612 3048 duobus
2659 2993 2874 3056 illis,in
2918 2991 3218 3061 mensibus,
3267 2994 3363 3066 qui

1795 3087 2032 3158 primum
2072 3099 2292 3149 versum
2322 3084 2588 3149 obtinent,
2625 3082 2799 3155 Aprili
2840 3093 2894 3139 et
2922 3083 3068 3139 Julio
3107 3084 3255 3158 (nam
3300 3087 3357 3142 hi

124 3173 414 3243 ταγμένοις
478 3174 808 3243 Ῥωμαϊκοῖς
843 3174 963 3229 δυσ)⁴
1004 3176 1160 3247 μησὶ,
1200 3177 1277 3247 τῷ
1301 3194 1361 3229 τε
1416 3178 1696 3249 Ἀπριλίῳ,

1805 3179 2031 3249 primum
2078 3176 2144 3231 ad
2181 3191 2399 3230 versum
2441 3175 2832 3243 ascribuntur),
2874 3185 3093 3247 epactas
3114 3177 3248 3232 istas
3288 3178 3359 3233 ad

125 3265 289 3334 φημὶν
304 3264 400 3319 καὶ
428 3264 509 3335 τῷ
524 3265 724 3337 Ἰουλίῳ
740 3282 756 3296 ’
781 3260 923 3319 οὗτοι
938 3267 1047 3337 γάρ
1062 3269 1196 3320 εἰσιν
1212 3269 1290 3331 είς
1301 3267 1461 3321 αὑτὸν
1477 3270 1566 3323 τὸν
1594 3269 1701 3321 στί-

123 3371 215 3425 χον
236 3355 721 3427 διαγεγραμμένοι’
735 3357 937 3421 ταύτας
954 3358 1291 3429 ἐμϐάλλομεν
1311 3363 1375 3430 τῇ
1395 3358 1555 3431 ζητου
1563 3362 1704 3434 μένῃ

123 3446 256 3516 ἡμῖν
300 3447 378 3509 είς
426 3446 624 3510 αὐτοὺς
656 3448 908 3518 ποσταίᾳ,
951 3448 1042 3501 καὶ
1072 3450 1150 3512 είς
1175 3450 1272 3520 τὴν
1303 3449 1345 3514 ζ’
1382 3450 1693 3520 μερίζομεν.

122 3536 250 3589 Κάκ
293 3536 403 3589 τῶν
448 3538 833 3607 άπομενουσῶν
858 3539 958 3610 τὴν
984 3537 1343 3611 ἑϐδοματικὴν
1373 3540 1698 3610 εὑρίσκομεν

124 3627 410 3697 ἰσάριθμον
434 3624 600 3681 οὖσαν
620 3630 808 3692 αὑταῖς
828 3633 948 3693 ταῖς
977 3630 1526 3703 ὑπολιμπανομέναις.
1543 3629 1699 3683 Οῦτω

124 3716 220 3785 μὲν
235 3713 331 3771 οὗν
353 3720 412 3770 ὲν
427 3721 541 3782 τοῖς
566 3720 646 3783 είς
662 3720 753 3773 τὸν
770 3728 816 3773 α’
840 3722 1020 3792 στίχον
1036 3723 1391 3793 τεταγμένοις
1439 3722 1697 3793 ποιοῦμεν

123 3809 317 3879 μησίνο
361 3810 411 3862 εί
447 3808 502 3862 δὲ
533 3811 590 3862 ὲν
617 3813 730 3873 τοῖς
772 3814 853 3874 είς
891 3812 983 3866 τὸν
1013 3813 1057 3882 β’
1099 3814 1280 3884 στίχον
1311 3813 1465 3868 δυσὶν
1493 3814 1699 3887 ἑτέροις

123 3900 282 3970 μησὶ,
308 3899 386 3971 τῷ
437 3900 601 3969 Μαΐῳ
628 3899 771 3969 λέγω
807 3902 901 3955 καὶ
932 3902 1009 3974 τῷ
1045 3903 1383 3975 Ἰανουαρίῳ,
1418 3906 1537 3958 κατ’
1569 3902 1698 3956 αὑτό

120 3992 180 4045 τὸ
218 3992 463 4045 εἰκοστὸν
481 3990 664 4059 ὄγδοον
689 3991 809 4055 ἔτος
831 3993 929 4063 τὴν
966 3992 1325 4064 ἑϐὼματικὴν
1349 3994 1659 4065 ἐρευνῶμεν
1678 4017 1695 4033 -

115 4082 216 4148 τάς
233 4084 313 4145 είς
333 4082 432 4153 τὴν
452 4082 623 4153 αὐτὴν
650 4082 828 4136 σελίδα
848 4084 1238 4155 γεγραμμένας
1266 4087 1324 4138 ὲν
1352 4084 1429 4156 τῷ
1447 4084 1491 4155 β’
1508 4087 1696 4155 στίχῳ.

115 4174 211 4225 καὶ
254 4172 622 4243 ὑποκειμένας
650 4176 769 4235 ταῖς
815 4174 1134 4245 εἰρημέναις
1161 4174 1218 4240 ἒξ
1257 4177 1519 4238 ὲπακταίς
1555 4176 1696 4246 λαμ-

115 4263 355 4335 ϐάνομεν
411 4265 647 4336 ἡμέρας,
703 4265 947 4318 τουτέστι
1006 4265 1104 4336 τὴν
1152 4266 1316 4337 μίαν’
1372 4268 1465 4320 καὶ
1494 4266 1701 4336 ταύτην

112 4357 321 4427 ὁμοίως
374 4356 718 4427 ἐμϐάλλομεν
763 4360 827 4427 τῇ
881 4355 1188 4431 ζητουμένη
1219 4360 1351 4429 ἡμῖν
1383 4361 1460 4421 είς
1502 4357 1699 4420 αὑτοὺς

114 4448 374 4520 ποσταία,
407 4450 503 4502 καὶ
523 4449 602 4512 είς
626 4448 717 4501 τὸν
742 4447 784 4512 ζ’
806 4448 903 4512 τάς
918 4448 1044 4513 ὅλας
1062 4449 1374 4520 μερίζομεν.
1400 4449 1509 4521 Τὴν
1529 4447 1699 4520 αὑτὴν

1795 3269 2140 3338 propositum
2192 3267 2408 3321 illorum
2467 3264 2612 3321 diem
2658 3265 3027 3337 adiungimus.
3075 3266 3355 3323 Summam

1796 3376 1895 3432 per
1916 3376 1987 3415 vn
2012 3362 2300 3429 partimur.
2333 3358 2599 3429 Reliquus
2619 3367 2701 3414 est
2721 3374 2982 3416 numerus
3004 3358 3169 3425 ferite,
3193 3376 3357 3432 quam

1798 3455 2012 3523 assequi
2046 3451 2350 3507 studemus.
2392 3450 2516 3505 Haec
2549 3451 2690 3505 ratio
2720 3450 2952 3505 tenenda
2997 3458 3081 3505 est
3120 3451 3174 3505 in
3217 3454 3358 3508 duo-

1797 3544 1898 3600 bus
1929 3544 2089 3614 primi
2141 3559 2336 3598 versus
2382 3541 2683 3598 mensibus.
2736 3541 2831 3596 Sin
2876 3541 3089 3598 duobus
3128 3542 3249 3598 aliis
3301 3542 3358 3599 in

1797 3634 2099 3698 mensibus,
2131 3634 2225 3702 qui
2255 3632 2557 3687 secundum
2588 3645 2802 3686 versum
2836 3630 3107 3695 obsident,
3137 3629 3279 3686 Maio
3304 3638 3360 3686 et

1795 3723 2077 3789 Januario,
2104 3724 2294 3780 feriam
2324 3724 2477 3795 cyclo
2508 3721 2698 3777 eodem
2730 3735 2897 3776 xxvnt
2929 3721 3249 3793 quaerimus,
3271 3736 3361 3778 se-

1796 3816 1964 3872 cundi
2004 3829 2197 3871 versus
2242 3813 2359 3870 dies
2410 3812 2646 3867 inventis
2693 3812 2899 3882 epactis
2969 3826 3021 3866 vt
3078 3810 3377 3880 subjectos.

1796 3906 2163 3975 excerpimus,
2195 3905 2444 3959 videlicet
2472 3918 2486 3956 ι
2515 3919 2530 3968 ;
2564 3917 2669 3973 qua
2697 3904 2917 3971 insuper
2934 3901 3001 3955 ad
3019 3902 3359 3972 propositum

1798 3998 1940 4054 diem
1972 3998 2179 4053 mensis
2211 3995 2414 4059 addita,
2442 4004 2613 4050 totum
2637 3995 2691 4048 in
2728 4010 2800 4048 vn
2829 3993 3146 4049 tribuimus.
3190 3993 3354 4048 Eum-

1799 4090 1921 4143 dem
1970 4089 2155 4158 itaque
2199 4102 2432 4151 versum,
2476 4097 2531 4141 et
2580 4086 2710 4140 buie
2760 4086 3054 4154 inscriptos
3097 4098 3356 4139 numeros

1798 4179 2012 4234 eteteris
2038 4180 2091 4233 in
2122 4178 2370 4235 versibus
2406 4177 2725 4239 retinentes,
2756 4177 2810 4230 in
2852 4175 3143 4245 descriptis
3178 4175 3359 4229 utrin-

1796 4286 1904 4340 que
1928 4269 2294 4323 Romanurum
2327 4268 2607 4322 mensibus
2655 4266 2818 4336 188
2859 4280 3002 4319 anno
3028 4265 3147 4334 ipso
3189 4278 3357 4318 xxvut

1798 4360 1988 4417 feriam
2022 4358 2435 4427 investigamus.
2466 4355 2623 4422 Quod
2664 4355 2805 4410 idem
2829 4361 2884 4408 et
2925 4354 2980 4406 in
3025 4352 3147 4406 aliis
3187 4352 3356 4422 cyclis

1799 4451 1931 4508 solis
1956 4448 2187 4505 iacimus
2218 4467 2231 4503 :
2257 4454 2317 4501 ut
2344 4447 2401 4501 in
2430 4446 2627 4517 primis
2643 4445 2982 4516 ejusepactae
3012 4443 3358 4499 constituan-

110 4536 209 4595 οὖν
248 4541 447 4607 σελίδα,
473 4540 617 4610 λέγω
640 4541 697 4594 δὲ
735 4541 834 4605 τὰς
864 4542 981 4595 κατ’
1010 4542 1178 4613 αὑτὴν
1211 4542 1688 4614 ἐγγεγραμμένας,

1805 4550 1884 4597 tur
1919 4561 1932 4595 :
1961 4539 2156 4596 deinde
2184 4537 2462 4608 subjectae,
2495 4547 2549 4592 et
2588 4536 2640 4590 iu
2676 4536 2865 4592 eodem
2895 4550 3056 4591 versu
3109 4547 3358 4603 compre-

110 4634 208 4686 καὶ
250 4634 344 4687 ἐπὶ
384 4633 492 4686 τῶν
544 4633 746 4686 λοιπῶν
794 4634 990 4703 στίχων
1040 4634 1333 4706 τηροῦμεν,
1379 4637 1458 4698 είς
1485 4635 1546 4688 τὸ
1591 4636 1690 4706 τὴν

1805 4636 1976 4690 ῒιθιιεκ
1999 4633 2321 4703 capiantur;
2350 4630 2432 4685 sie
2464 4639 2523 4684 ut
2560 4628 2629 4683 ad
2654 4628 2860 4683 nullam
2900 4627 3126 4682 alteram
3165 4625 3355 4680 dextra

110 4724 479 4796 ὲϐἷοματικὴν
537 4723 749 4795 ἡμέραν
803 4724 1049 4795 ἀνευρεῖν
1100 4726 1159 4777 ὲν
1212 4728 1322 4789 τοῖς
1350 4725 1687 4795 ἑκατέρωθεν

1805 4725 1882 4781 vel
1920 4723 2146 4780 sinistra
2175 4721 2526 4779 deﬂeetamus
2556 4742 2569 4778 :
2603 4723 2696 4777 sed
2729 4720 2798 4776 ad
2825 4720 3076 4776 eumdem
3101 4719 3195 4773 illo
3212 4732 3356 4774 anno

106 4815 613 4887 διαγεγραμμένοις
644 4817 825 4880 αὑτοῖς
865 4818 1187 4887 Ῥωμαϊκοῖς
1218 4817 1370 4887 μησὶ,
1402 4814 1542 4869 κατὰ
1571 4815 1689 4870 τόδε

1805 4830 2006 4871 versum
2035 4821 2351 4871 constanter
2375 4813 2783 4870 adhaereamus:
2820 4814 2896 4866 ita
2922 4822 2979 4865 ut
2996 4818 3201 4880 epactaa
3220 4810 3359 4864 duo-

107 4903 169 4958 τὸ
203 4911 294 4976 κη’
323 4904 443 4967 ἔτος
463 4921 477 4935 ·
509 4905 709 4975 ὁμοίως
733 4905 788 4958 δὲ
829 4905 921 4958 καί
949 4906 1027 4969 είς
1070 4907 1177 4958 πᾶν
1200 4904 1326 4960 ἄλλο
1348 4904 1500 4976 ἡλίου
1527 4903 1645 4967 ἔτος
1667 4919 1682 4935 ·

1805 4923 1894 4962 aus
1922 4907 1975 4960 in
2020 4905 2199 4975 primo
2247 4920 2409 4960 versu
2456 4904 2736 4976 inscriptis
2792 4903 3074 4958 mensibus
3125 4916 3356 4973 respon-

107 4995 285 5059 αὑτάς
315 5012 377 5047 τε
420 4995 847 5069 προηγουμένως
870 4995 970 5059 τάς
993 4994 1159 5050 αὑτοῦ
1183 4995 1531 5065 κανονίζομεν
1555 4995 1688 5048 ἐπα-

1805 4996 1991 5060 deant;
2020 4994 2139 5051 dies
2181 5003 2359 5049 autem
2386 4993 2442 5047 in
2497 4993 2686 5048 eadem
2738 4992 2937 5048 tabella
2990 4993 3183 5062 posita:
3223 4993 3356 5047 reli-

106 5086 247 5150 κτάς
268 5103 281 5115 ·
330 5083 452 5140 εἶτα
503 5089 597 5141 καὶ
634 5087 731 5150 τάς
780 5086 1146 5157 ὑποκειμένας
1178 5087 1368 5151 αὑτάς,
1402 5087 1494 5139 καὶ
1525 5087 1684 5154 ἐγγε-

1805 5086 1915 5157 ιιιίε
1948 5101 2043 5140 sex
2076 5100 2331 5140 versuum
2365 5086 2644 5140 mensibus
2669 5086 2927 5139 serviant.

104 5177 443 5249 γραμμένας
467 5179 546 5241 είς
581 5178 679 5248 τὴν
700 5182 867 5248 αὐτην
896 5177 1094 5242 σελίδα,
1123 5179 1386 5249 μηδαμῶς
1408 5178 1543 5247 πρὸς
1564 5178 1754 5250 ἑτέραν
1779 5179 1887 5231 τῶν
1914 5177 2203 5249 εὐωνύμων
2221 5177 2253 5248 ἢ
2270 5175 2454 5242 δεξιῶν
2478 5175 2889 5241 πλαγιάζοντες,
2908 5178 2970 5247 τῇ
2991 5174 3195 5245 αὑτῇδὲ
3214 5174 3355 5228 κατὰ

104 5275 167 5329 τὸ
207 5276 344 5328 αὑτὸ
374 5275 495 5338 ἔτος
522 5274 686 5327 σελίδι
711 5274 1105 5345 προσμένοντες
1129 5292 1143 5306 ο
1175 5273 1309 5328 ἀλλὰ
1328 5290 1423 5337 τας
1448 5273 1545 5343 μὲν
1577 5273 1820 5337 ὲπακτάς
1846 5273 1934 5329 διὰ
1980 5273 2105 5337 τοὺς
2143 5275 2202 5326 ἐν
2228 5271 2306 5342 τῷ
2333 5269 2531 5343 πρώτῳ
2569 5270 2737 5340 στίχῳ
2760 5270 3267 5341 κατατεταγμένους
3303 5265 3349 5336 β’

107 5370 313 5439 μῆνας,
345 5367 445 5430 τάς
470 5367 528 5421 δὲ
553 5369 633 5430 είς
661 5368 761 5438 τὴν
783 5372 952 5438 αὑτην
978 5368 1555 5439 σελίδαγεγραμμένας
1578 5370 1789 5440 ἡμέρας
1803 5369 1891 5423 διὰ
1912 5370 2037 5431 τοὺς
2068 5370 2128 5421 ὲν
2162 5371 2273 5431 τοῖς
2291 5367 2470 5430 άλλοις
2496 5374 2548 5431 ς’
2572 5368 2771 5435 στίχοις
2791 5364 3131 5437 ὑπάρχοντας
3157 5365 3349 5435 μῆνας.

2068 5482 2210 5547 Quid
2242 5482 2296 5534 in
2332 5481 2560 5535 bisseno
2591 5494 2797 5533 servare
2828 5486 3086 5547 oporteat.

175 5595 262 5648 E'.
318 5592 441 5664 Χρὴ
522 5591 580 5645 δὲ
636 5590 988 5661 σημειοῦσθαι
1035 5592 1126 5646 τὸν
1181 5590 1443 5662 Μάρτιον,
1500 5591 1563 5646 ἵν’
1599 5592 1693 5645 ὅτε

1862 5593 1929 5650 γ.
1962 5592 2370 5649 Observandum
2399 5594 2501 5648 hoc
2526 5594 2631 5648 erit
2660 5594 2714 5647 in
2742 5593 2964 5655 Martio,
3021 5599 3080 5644 ut
3110 5589 3164 5643 in
3206 5600 3391 5641 anno~

105 5684 267 5759 βίσσε
275 5683 396 5751 ξτον
408 5685 511 5738 οὑκ
521 5682 653 5748 ἔστι,
675 5682 763 5737 διά
782 5683 890 5738 τῶν
904 5683 997 5741 τοῦ
1017 5683 1378 5755 Φεϐρουαρίου
1392 5682 1691 5755 ψηφίζηται

1805 5686 2069 5742 communi
2087 5686 2331 5742 calculus
2351 5684 2471 5757 ejus
2499 5687 2610 5741 sint
2639 5682 2919 5740 Februarii
2942 5681 3061 5738 dies
3087 5696 3105 5749 ;
3153 5680 3208 5735 in
3238 5678 3393 5733 bis——

253 5482 394 5551 Περι
421 5480 531 5549 τῆς
556 5480 662 5534 τοῦ
675 5480 902 5545 ,βισσέξ
904 5497 1008 5535 του
1035 5479 1515 5566 παρατηρήσεως.
