3800 6322
438 338 573 400 H67
1448 336 1534 395 AD
1572 334 1836 392 EUSEBII
1873 331 2268 391 CHRONICON
2306 329 2647 389 APPENDIX
3539 324 3653 379 i268

435 461 619 518 Sextili
665 475 816 523 vero,
864 458 1219 516 Decembris:
1251 472 1412 529 quem
1466 457 1534 512 ad
1597 471 1836 512 mensem
1892 454 2041 510 bis—.

2149 455 2330 527 μερῶν
2352 472 2365 485 ο
2398 456 2484 507 ὅτε
2509 450 2785 524 βίσσεξτὸν
2815 449 2946 510 ἐστι,
2966 446 3052 501 διὰ
3071 447 3176 500 τῶν
3199 445 3289 499 τοῦ
3315 446 3651 518 Δεκεμϐρίου”.

438 564 654 611 sextum
686 554 1082 608 adnotavimus.
1123 550 1255 605 Nam
1306 557 1590 621 propterea
1643 548 1855 603 duobus
1906 547 2012 601 illis

2148 545 2241 598 νθα
2273 546 2366 599 καὶ⁵
2401 546 2463 598 τὸ
2494 542 2770 615 βίσσεξτον
2794 540 3081 612 διεγράφη.
3115 538 3334 608 Ταύτης
3352 538 3460 610 γάρ
3495 539 3654 594 ’ἕνεκεν

436 645 723 701 mensibus
758 643 1009 698 Martium
1062 642 1434 711 adjunximus.
1488 639 1581 695 Sic
1612 639 1776 712 igitur
1806 654 1873 693 ex
1923 638 2014 692 illa

2150 638 2212 707 ἧς
2271 638 2446 700 αἰτίας
2487 638 2545 688 ἐν
2585 638 2698 698 τοῖς
2747 634 2866 687 δυσὶ
2898 632 3103 695 τούτοις
3140 630 3275 703 μησὶ
3312 632 3405 685 τὸν
3445 632 3654 703 Μάρτιον

441 745 563 791 rota
599 735 787 791 feriam
823 734 1295 806 investigabimus,
1347 734 1567 805 quando
1595 731 1841 787 calculus
1869 738 2015 785 recta

444 826 586 880 serie
602 834 966 896 promovetur,
991 824 1260 894 abAprili,
1279 824 1357 879 uti
1372 824 1575 880 dictum
1592 834 1693 890 est,
1713 822 1778 877 ad
1796 820 2013 882 Maium,

344 986 353 995 ο
443 914 663 969 Iunium
690 924 744 969 et
774 924 1025 972 νέοισι-οε.

533 1115 807 1181 Quomodo
837 1116 1074 1170 calculus
1101 1117 1409 1187 retrogrado
1433 1118 1615 1171 ordine
1638 1117 1922 1188 dirigatur.

526 1226 607 1281 Vl.
635 1227 739 1282 Sed
779 1244 903 1282 cum
959 1238 1107 1283 retro
1156 1229 1429 1285 subducto
1473 1229 1684 1284 calculo
1734 1244 1828 1300 per
1874 1227 2020 1283 Mar-

447 1316 607 1381 tium,
641 1315 1000 1372 Februarium
1034 1327 1089 1374 et
1129 1317 1478 1383 Ianuarium,
1531 1320 2026 1388 antecedentcsque

448 1420 665 1461 menses
694 1421 790 1475 per
816 1419 1037 1477 epactas
1069 1410 1356 1477 praesentis
1387 1410 1540 1471 anni,
1584 1410 1677 1479 qui
1707 1416 1790 1465 est
1831 1423 2024 1468 xxvur,

450 1494 641 1551 feriam
704 1486 990 1569 explorare
1033 1501 1305 1563 volumus,
1362 1516 1538 1567 neque
1590 1500 1846 1569 prceteriti
1900 1502 2029 1554 anui

452 1604 599 1642 xxvu
673 1598 895 1660 epactas
970 1594 1304 1647 assumimus
1354 1611 1366 1646 :
1418 1592 1465 1647 si
1524 1591 1743 1661 quidem
1806 1592 1862 1646 in
1906 1593 2033 1647 ιΙιιο·

452 1679 556 1737 bus
594 1697 786 1737 versus
836 1683 997 1753 primi
1037 1684 1323 1738 mensibus
1366 1683 1419 1737 id
1457 1691 1668 1754 agatur,
1715 1691 1936 1753 epactas
1973 1682 2032 1747 6,

2119 728 2509 799 κατετάξαμεν.
2539 727 2725 791 Οὕτως
2756 729 2855 799 μὲν
2867 722 2961 780 οὖν
2989 728 3052 780 ὲκ
3079 724 3230 778 τοῦδε
3255 724 3349 777 τοῦ
3374 723 3560 796 τροχοῦ
3577 726 3655 796 τὴν

2119 821 2479 892 έϐδοματικὴν
2507 821 2850 892 εὑρίσκομεν,
2879 820 2967 873 ὅτε
2999 820 3096 889 τὴν
3122 819 3303 888 ψῆφον
3346 817 3467 871 καθ’
3498 817 3655 889 εἱρμὸν

2120 910 2431 981 ὲξανύομεν,
2479 909 2568 963 διά
2606 927 2663 962 τε
2703 909 2796 962 τοῦ
2839 907 3132 979 Ἀπριλίου,
3184 906 3368 970 καθὼς
3400 906 3659 978 ἔφην,καὶ

2123 1003 2320 1067 Μαΐου,
2356 1002 2449 1055 καὶ
2483 1002 2723 1065 Ἰουνίου,
2751 1000 2846 1053 καὶ
2877 999 2987 1051 τῶν
3020 998 3139 1052 καθ’
3166 999 3312 1069 ἑξῆς.

2400 1116 2538 1185 Περὶ
2562 1114 2670 1183 τῆς
2684 1111 3156 1182 ἀναποδιζούσης
3177 1113 3409 1183 ψήφου.

2196 1228 2284 1297 ς’.
2327 1229 2588 1299 Ὀπηνίκα
2619 1230 2675 1283 δὲ
2700 1230 2837 1283 κατὰ
2863 1229 3246 1299 άναποδισμδν,
3273 1223 3386 1282 οἷον
3417 1228 3501 1282 διὰ
3533 1230 3662 1299 Μαρ-

2124 1320 2262 1382 τίου,
2289 1321 2380 1373 καὶ
2402 1320 2787 1391 Φεϐρουαρίου,
2812 1322 2905 1374 καὶ
2946 1319 3296 1391 Ἰανουαρίου,
3324 1320 3420 1373 καὶ
3454 1320 3554 1372 τῶν
3579 1321 3663 1381 πρὸ

2125 1412 2328 1465 τούτων
2363 1411 2565 1482 μηνῶν,
2594 1413 2659 1464 ὲκ
2671 1411 2779 1465 τῶν
2800 1412 3050 1466 επακ-θῶν
3074 1412 3168 1466 τοῦ
3195 1411 3487 1474 ἐνεστῶτος
3517 1410 3663 1475 ἔτους,

2130 1504 2293 1573 ἦγουν
2326 1502 2419 1556 τοῦ
2443 1510 2549 1573 κη’,
2579 1504 2677 1573 τὴν
2710 1504 3062 1574 ἐϐδοματικὴν
3100 1503 3451 1574 βουληθῶμεν
3484 1504 3665 1574 μαθεῖν,

2130 1595 2191 1646 οὑ
2215 1592 2623 1665 προσχρώμενοι
2672 1597 2791 1657 ταῖς
2819 1595 2910 1647 τοῦ
2936 1594 3233 1658 διελθόντος
3271 1594 3352 1659 κζ’
3382 1595 3532 1658 ἔτους
3561 1597 3668 1647 ἑπα-

2133 1689 2288 1748 κταῖς
2320 1687 2400 1747 εἱς
2431 1685 2527 1756 τὴν
2572 1686 2771 1755 ταύτης
2825 1685 3122 1754 κατάληψιν
3146 1703 3159 1715 ο
3188 1686 3239 1738 εί
3276 1684 3374 1756 μὲν
3402 1688 3459 1738 ὲν
3484 1688 3587 1747 1:07.;
3608 1688 3669 1747 είς

455 1788 594 1842 quas
618 1773 731 1843 jam
768 1774 1097 1843 reperimus,
1146 1776 1211 1828 ad
1259 1775 1440 1830 datam
1481 1776 1622 1831 diem
1673 1776 1896 1845 Aprilis,
1940 1780 2034 1830 aut

2148 1777 2223 1831 τὸν
2250 1776 2463 1848 πρῶτον
2514 1777 2690 1846 στίχον
2726 1776 3074 1847 τεταγμένοις
3110 1778 3245 1846 μησὶ⁸
3272 1777 3476 1847 ταύτην
3507 1779 3669 1848 ζητοῦ-

455 1860 607 1929 Iulii,
630 1880 739 1919 una
768 1882 889 1920 cum
916 1868 1124 1935 epactis
1154 1867 1221 1920 ad
1254 1867 1495 1936 Aprilem
1518 1867 1684 1922 rubro
1731 1866 1913 1921 colore
1945 1866 2029 1935 pi-

460 1958 585 2019 ctis,
620 1972 742 2027 qua:
771 1968 898 2012 sunt
925 1958 980 2019 6,
1033 1957 1382 2026 adjungimus
1436 1956 1492 2011 in
1531 1972 1676 2011 anno
1728 1955 2025 2020 communi,

462 2062 526 2102 ac
559 2064 828 2103 summam
864 2050 1132 2119 partimur
1160 2050 1213 2103 in
1250 2050 1299 2103 7.
1341 2047 1397 2102 In
1429 2049 1695 2106 bissextili
1731 2064 1861 2105 vero
1903 2063 2029 2119 epa-

461 2145 582 2194 otas
608 2138 730 2193 illas
760 2139 1029 2209 capimus.
1063 2154 1183 2208 qua:
1215 2139 1281 2193 ad
1313 2137 1517 2193 Iulium
1549 2140 1838 2195 rubricata:
1878 2146 2029 2200 sunt,

464 2243 662 2297 nempe
684 2227 737 2289 5,
774 2243 898 2281 cum
928 2227 961 2282 6
988 2228 1132 2292 aliis,
1172 2236 1225 2282 et
1264 2244 1358 2298 per
1390 2228 1642 2289 eumdem
1692 2244 1976 2284 numerum
2002 2228 2032 2280 7

466 2331 734 2372 summam
770 2318 1086 2375 dividimus.
1144 2319 1278 2374 Nam
1311 2322 1427 2376 dies
1475 2321 1552 2375 illi
1602 2321 1883 2387 rubricati,
1937 2320 2030 2391 qui

466 2411 523 2465 in
553 2410 779 2466 sinistro
815 2411 986 2467 latere
1028 2412 1190 2482 positi
1226 2421 1377 2477 sunt,
1428 2414 1758 2468 adhibentur
1787 2414 1841 2467 in
1889 2428 2032 2467 anno

464 2502 751 2566 bissextili,
782 2502 1002 2573 quando
1046 2506 1365 2574 rctrogrado
1404 2505 1597 2560 ordine
1633 2512 2030 2574 computamus.

474 2592 536 2647 At
564 2596 621 2648 in
648 2591 919 2648 bissexlili
961 2593 1135 2649 dextri
1171 2595 1361 2651 lateris
1397 2596 1560 2650 simul
1594 2595 1886 2651 rubricatis
1928 2595 2035 2649 uti-

466 2704 607 2744 mur.
639 2686 764 2745 llam
791 2688 857 2744 de
887 2690 1103 2745 duobus
1132 2706 1325 2746 versus
1369 2691 1530 2761 primi
1585 2690 1863 2745 mensibus
1909 2705 2037 2759 pra:-

468 2780 783 2838 scribimus.
815 2777 871 2836 In
906 2782 991 2838 his
1022 2798 1208 2852 porro,
1248 2784 1341 2852 qui
1372 2783 1673 2839 secundum
1701 2798 1916 2837 versum
1945 2797 2039 2837 oc-

468 2882 691 2944 cupant,
729 2869 866 2930 Maio
894 2886 947 2931 et
974 2873 1263 2939 Ianuario,
1282 2876 1338 2929 in
1368 2890 1511 2928 anno
1549 2890 1755 2938 xxvm,
1816 2884 2039 2944 epactas

469 2965 504 3019 6
536 2966 603 3021 ad
632 2967 919 3049 quaesitum
952 2968 1169 3022 illorum
1205 2968 1349 3023 diem
1376 2967 1630 3022 addimus
1655 2982 1761 3021 una
1789 2982 1913 3021 cum
1937 2984 2039 3022 nu—

472 3071 625 3111 mero
648 3056 712 3112 ad
736 3053 1056 3113 Ianuarium
1082 3059 1252 3112 rubro
1283 3058 1465 3113 colore
1510 3057 1681 3127 picto,
1723 3059 1817 3128 qui
1853 3068 1938 3113 est
1986 3059 2033 3113 7.

475 3143 754 3203 Summam
811 3166 907 3220 per
948 3150 1199 3206 eumdem
1257 3166 1544 3205 numerum
1593 3150 1878 3219 partimur.
1918 3150 2036 3204 Dixi
2066 3130 2108 3186 θ

476 3254 762 3297 numerum
790 3243 855 3298 ad
882 3242 1202 3298 Ianuarium
1225 3243 1524 3313 appictum,
1561 3241 1708 3312 quod
1734 3242 2041 3312 praeteritus

476 3350 659 3389 annus
687 3351 829 3390 xxvn
863 3334 1197 3390 bissextilem
1229 3335 1516 3400 habuerit;
1559 3336 1842 3404 pertinent
1860 3342 2042 3389 autem

476 3426 759 3488 rubricati,
786 3426 862 3481 uti
882 3427 1138 3489 diximus,
1166 3426 1375 3482 numeri
1402 3426 1469 3479 ad
1502 3441 1675 3481 annos
1710 3425 2042 3481 bissextiles.

2131 1886 2252 1939 μεν,
2275 1871 2374 1933 τὰς
2407 1869 2739 1941 δηλωθείσας
2794 1870 2851 1936 ἒξ
2898 1872 3144 1935 ὲπακτὰς
3179 1874 3245 1942 τῇ
3276 1871 3371 1924 τοῦ
3423 1871 3669 1942 Ἀπριλίου

2128 1959 2224 2011 καὶ
2278 1960 2496 2013 Ἰουνίου
2556 1958 2723 2029 μηνὸς
2776 1961 3005 2031 ποσταία
3039 1960 3177 2031 μετὰ
3201 1961 3312 2013 τῶν
3336 1959 3444 2013 aue
3473 1960 3669 2031 σηρικοῦ

2130 2050 2543 2123 παρακειμένων
2564 2050 2642 2121 τῷ
2675 2051 2953 2123 Ἀπριλίῳ,
2979 2054 3224 2105 τουτέστι
3243 2052 3355 2105 τῶν
3384 2057 3437 2117 ς’
3461 2049 3669 2124 ἡμερῶν.

2129 2143 2218 2196 ὅτε
2251 2142 2526 2212 βίσσεξτον
2559 2144 2658 2196 οὐκ
2687 2142 2820 2206 ἔστι,
2855 2143 3251 2213 συμϐάλλομεν,
3293 2145 3389 2197 καὶ
3426 2145 3505 2207 εἰς
3533 2141 3612 2196 τὸν
3637 2142 3670 2207 ζ’

2130 2233 2227 2297 τὰς
2270 2234 2394 2297 ὅλας
2423 2232 2742 2304 μερίζομεν·
2767 2235 2854 2287 ὅτε
2881 2235 2938 2287 δὲ
2975 2234 3253 2303 βίσσεξτόν
3294 2237 3432 2297 ἐστι,
3469 2235 3562 2297 τὰς
3586 2233 3671 2286 ἀπὸ

2134 2326 2357 2399 σηρικοῦ
2382 2328 2784 2397 παρακειμένας
2817 2328 2896 2398 τῷ
2939 2328 3161 2399 Ἰουλίῳ,
3187 2330 3357 2399 ἤγουν
3380 2328 3478 2391 τὰς
3500 2334 3537 2380 ε’
3552 2312 3672 2396 ’ἡμέ-

2135 2434 2254 2491 ρας,
2290 2420 2408 2488 μετ’
2430 2417 2607 2472 αὐτῶν
2635 2419 2741 2471 τῶν
2770 2419 2828 2485 ἒξ
2871 2419 3145 2484 ὲπακτῶν,
3187 2421 3282 2472 καὶ
3312 2422 3393 2483 είς
3420 2419 3510 2472 τὸν
3535 2419 3671 2487 δηλω-

2135 2509 2295 2563 θέντα
2353 2510 2643 2581 μερίζομεν
2688 2509 2936 2581 ἀριθμόν.
2990 2512 3121 2574 Ταῖς
3162 2509 3271 2580 γὰρ
3317 2511 3378 2574 ἑξ
3415 2508 3672 2578 εὐωνύμων

2134 2598 2242 2652 ἀπὸ
2294 2599 2519 2669 σηρικοῦ
2564 2601 2920 2671 τεταγμέναις
2946 2602 3186 2671 ἡμέραις
3211 2599 3515 2671 κεχρῆσθαι
3536 2615 3672 2669 προσ·

2137 2690 2280 2761 ήκει,
2310 2690 2581 2760 βισσέξτου
2605 2692 2791 2761 χωρὶς,
2815 2690 2955 2745 κατὰ
2980 2692 3134 2761 τήνδε
3156 2691 3256 2761 τὴν
3283 2691 3674 2755 ἀναποδίζονσαν

2135 2782 2311 2853 ψῆφον
2330 2800 2341 2812 ·
2375 2784 2461 2836 ὅτε
2481 2783 2536 2837 δὲ
2564 2784 2837 2853 βίσσεξτόν
2862 2788 2998 2845 ἐστι,
3019 2789 3137 2848 ταῖς
3161 2786 3225 2837 ὲκ
3242 2784 3433 2849 δεξιῶν
3446 2782 3573 2853 όμοῦ
3593 2783 3675 2835 ἀπὸ

2141 2874 2367 2944 σηρικοῦ
2416 2875 2846 2947 γεγραμμέναις.
2906 2875 3091 2929 Ταῦτα
3147 2876 3248 2945 μὲν
3278 2878 3360 2938 εἰς
3391 2876 3515 2937 τοὺς
3545 2876 3595 2926 ὲν
3617 2871 3674 2939 τῷ

2141 2964 2340 3035 πρώτῳ
2392 2967 2558 3037 στίχῳ
2606 2967 2698 3019 δύο
2732 2967 2934 3037 μῆναςο
2974 2969 3033 3019 ἐν
3054 2967 3114 3020 δὲ
3148 2971 3262 3030 τοῖς
3298 2969 3380 3030 εἰς
3404 2966 3493 3019 τὸν
3524 2964 3563 3033 β’
3588 2963 3674 3016 στί-

2141 3074 2255 3127 Χονο
2318 3058 2394 3129 τῷ
2433 3076 2492 3112 τε
2525 3061 2684 3130 Μαΐῳ
2726 3059 2867 3127 λέγω
2919 3061 3013 3114 καὶ
3059 3059 3138 3129 τῷ
3197 3060 3531 3130 Ἰανουαρίῳ,
3566 3054 3678 3109 κατὰ

2141 3146 2257 3201 τόδε
2285 3148 2342 3201 τὸ
2370 3148 2453 3221 κη’
2484 3149 2621 3214 ἔτος,
2659 3150 2827 3214 αὑτὰς
2853 3150 2951 3214 τὰς
2991 3148 3050 3215 ἒξ
3094 3151 3339 3213 ὲπακτάς
3375 3149 3678 3220 ἐμϐάλλομεν

2140 3237 2318 3290 αὐτῶν
2377 3242 2441 3310 τῇ
2494 3240 2795 3312 ζητουμένη
2849 3243 2982 3312 ἡμῖν
3028 3241 3264 3311 ποσταία
3303 3241 3441 3311 μετὰ
3463 3241 3565 3294 τῶν
3597 3238 3679 3293 ἀπὸ

2143 3330 2369 3401 σηρικοῦ
2405 3335 2819 3404 παρακειμένων
2843 3334 2920 3405 τῷ
2965 3334 3305 3405 Ἰανουαρίῳ,
3334 3334 3571 3387 τουτέστι
3595 3331 3679 3384 τῶν

2146 3422 2190 3487 ξ’
2220 3425 2466 3495 ἡμερῶν·
2502 3428 2594 3480 καὶ
2616 3428 2694 3490 είς
2721 3427 2812 3480 τὸν
2861 3426 3023 3481 αὑτὸν
3059 3426 3295 3499 ἀριθμὸν
3346 3426 3516 3480 ταῦτα
3556 3422 3680 3495 μερί-

478 3514 660 3587 ζομεν.
692 3522 788 3572 Διὰ
820 3518 978 3572 τοῦτο
998 3519 1054 3572 δὲ
1089 3515 1238 3573 εἷπον
1270 3520 1367 3583 τὰς
1399 3519 1805 3589 παρακειμένας
1833 3517 1909 3589 τῷ
1943 3516 2269 3587 Ἰανουαρίῳ,
2302 3519 2485 3589 ἐπειδὴ
2513 3519 2572 3571 τὺ
2593 3519 2796 3571 διελθὸν
2834 3519 2970 3582 ἔτος,
2994 3521 3161 3591 ἡγουν
3213 3520 3275 3572 τὸ
3309 3518 3412 3584 κζ’,
3448 3516 3682 3588 βίσσεξτον

479 3608 625 3683 εἶχεο
660 3617 752 3665 καὶ
782 3612 949 3673 ἔστιν,
987 3611 1061 3673 ὡς
1101 3611 1257 3681 ἔφην,
1293 3614 1325 3681 ἡ
1363 3614 1427 3664 ὲκ
1454 3611 1642 3674 δεξιῶν
1692 3608 1801 3661 τῶν
1833 3609 1942 3662 ἀπὸ
1966 3606 2192 3678 σηρικοῦ
2225 3609 2571 3679 καταγραφὴ,
2598 3609 2764 3662 διὰτὸ
2794 3609 3085 3679 βίσσεξτον.

788 3724 865 3778 De
902 3725 1271 3779 observatione
1298 3724 1580 3778 bissextilis
1620 3724 1769 3777 anni.

558 3813 761 3870 Vll.-lu
802 3814 907 3867 hac
952 3821 1100 3868 retro
1154 3813 1510 3883 computandi
1563 3812 1818 3867 methodo
1869 3810 2048 3866 Martii

480 3906 729 3960 habenda
782 3905 925 3958 ratio
980 3912 1067 3959 est
1099 3923 1111 3957 :
1148 3911 1209 3957 ut
1235 3904 1350 3959 sive
1395 3911 1519 3974 post
1568 3905 1888 3966 bissextum,
1934 3903 2048 3958 sive

483 3997 691 4066 absque
721 3997 980 4058 bissexto.
1012 3997 1292 4067 regulares
1322 3998 1371 4050 ei
1415 3994 1733 4051 Decembris
1776 3996 2046 4066 imputem-

485 4095 597 4149 tur,
632 4088 725 4158 qui
761 4096 889 4142 sunt
921 4089 955 4142 4
986 4088 1294 4143 ταῦτίοοιίοε
1330 4071 1466 4142 τιόοό
1498 4095 1565 4141 ιιιο
1586 4102 1761 4157 neque
1804 4086 2049 4157 Septem-

485 4180 613 4239 bri.
661 4196 761 4235 nec
812 4178 1108 4234 Februario
1174 4180 1397 4249 ascripti
1442 4187 1729 4234 sumantur
1760 4194 2045 4249 unquam:

485 4278 546 4325 ut
578 4272 643 4326 in
664 4279 809 4326 recta
826 4271 1103 4340 putatione
1131 4285 1194 4324 ac
1216 4270 1467 4325 methodo
1490 4270 1603 4325 ﬁeri
1625 4276 1876 4342 Oportere
1896 4285 2051 4324 mon-

491 4363 787 4418 stravimus
818 4381 831 4415 :
867 4362 959 4418 sed
997 4372 1259 4434 perpetuo
1293 4363 1568 4433 regulares
1598 4362 1686 4416 isti
1718 4362 1751 4414 4
1783 4362 1932 4415 rubri
1960 4376 2052 4415 ca-

2322 3723 2459 3792 IIepl
2482 3722 2592 3790 τῆς
2615 3724 2718 3777 τοῦ
2735 3722 2961 3788 βισσέξ
2965 3740 3067 3776 του
3091 3720 3568 3790 παρατηρήσεως.

2220 3811 2289 3865 Ζ’.
2325 3812 2482 3865 Κατὰ
2507 3812 2710 3881 ταύτην
2730 3812 2786 3865 δὲ
2813 3811 2974 3864 πάλιν
3000 3810 3098 3881 τὴν
3116 3811 3529 3876 ἀναποδίζουσιν
3556 3809 3684 3880 μέθο-

2148 3904 2258 3967 δον,
2277 3902 2368 3955 τὸν
2384 3903 2623 3973 Μάρτιον
2649 3900 3088 3973 ἐπισημήνασθαι
3106 3900 3235 3971 χρὴ,
3267 3902 3406 3968 πρὸς
3427 3901 3489 3952 τὸ
3508 3901 3685 3957 πάντως

2150 3996 2313 4049 αὑτὸν
2328 3995 2422 4048 καὶ
2456 3996 2591 4064 μετὰ
2611 3993 2905 4064 βίσσεξτον,
2928 3993 3019 4045 καὶ
3033 3992 3154 4062 δίχα
3175 3992 3475 4062 βισσέξτου,
3503 3991 3582 4044 διὰ
3603 3989 3686 4042 τῶν

2152 4090 2245 4143 τοῦ
2266 4087 2595 4159 Δεκεμϐρίου
2622 4084 2948 4157 ψηφίζεσθαι
2977 4085 3216 4156 ἡμερῶν·
3241 4085 3383 4153 λέγω
3417 4082 3582 4136 δὲτῶν
3606 4079 3688 4132 ἀπὸ

2156 4180 2381 4252 σηρικοῦ
2429 4182 2737 4251 τεσσάρων·
2792 4178 2884 4232 καὶ
2916 4180 3050 4249 μήτε
3089 4176 3179 4230 διὰ
3212 4176 3321 4229 τῶν
3349 4174 3444 4228 τοῦ
3487 4175 3689 4238 Σεπτεμο

2155 4274 2330 4345 δρίου,
2420 4274 2555 4345 μήτε
2620 4272 2706 4325 διὰ
2773 4270 2881 4324 τῶν
2944 4267 3037 4321 τοῦ
3099 4267 3505 4338 ιιιεϐρουτιρίου⁹
3551 4261 3688 4317 καθά-

2159 4384 2264 4437 περ
2315 4368 2557 4435 εἴπομεν,
2613 4365 2784 4416 ποιεῖν
2830 4362 2887 4412 ὲν
2933 4364 2999 4431 τῇ
3053 4358 3174 4412 καθ’
3222 4358 3414 4431 εἱρμὸν
3451 4358 3602 4427 ψήφῳ
3645 4368 3687 4402 τε

496 4454 736 4523 piantur,
768 4454 862 4523 qui
890 4453 1177 4510 Decembri
1208 4452 1554 4523 respondent.
1576 4452 1641 4505 Et
1663 4459 1721 4505 ut
1749 4466 1858 4506 uno
1889 4453 2041 4507 verbc

2159 4435 2254 4511 xui
2308 4456 2546 4528 μεθόδῳ,
2581 4453 2715 4508 ἀλλὰ
2754 4453 2909 4524 μόνον
2961 4453 3025 4505 δι’
3084 4452 3264 4505 αὐτῶν
3310 4452 3420 4504 τῶν
3484 4448 3582 4503 ἀπὸ
3621 4460 3691 4511 ση-

492 4553 784 4615 utrumque
820 4546 1093 4600 calculum
1145 4547 1444 4609 absolvam,
1489 4546 1544 4599 in
1575 4549 1815 4616 septenis
1856 4547 2054 4602 tabulae

488 4638 760 4700 versibus,
804 4637 872 4690 ad
906 4637 1191 4692 duodecim
1230 4635 1505 4690 Romanos
1540 4650 1753 4694 menses
1803 4639 2055 4707 utrinque

485 4729 695 4797 positos
719 4736 903 4784 rectus
928 4728 1175 4783 calculus
1221 4728 1553 4793 assumitur,
1591 4728 1644 4782 in
1679 4730 1891 4784 duobus
1928 4745 2055 4785 vero

488 4801 671 4873 rubro
687 4818 868 4873 colore
887 4818 1171 4887 inscriptis
1194 4817 1465 4878 versibus,
1491 4818 1583 4887 qui
1609 4833 1637 4869 a
1661 4833 1874 4873 summo
1898 4826 2057 4873 deor-

491 4925 612 4964 sum
634 4910 934 4978 pertinent,
976 4908 1626 4978 retrograda'methodus
1664 4909 1838 4963 locum
1877 4909 2053 4974 habet,

492 4999 693 5053 additis
722 5000 931 5069 epactis
952 5000 1225 5053 currentis
1251 4998 1375 5053 anui
1410 5000 1626 5055 solaris.
1651 5015 1718 5053 ex
1746 5000 1945 5069 quibus
1973 5016 2057 5054 se-

494 5094 637 5157 ptem
662 5089 872 5143 tabella:
892 5104 1081 5144 versus
1101 5089 1336 5143 ordinati
1367 5100 1515 5144 sunt.
1541 5089 1635 5145 His
1666 5090 1734 5145 de
1754 5099 1885 5145 rotae
1913 5091 2058 5146 illius

493 5180 858 5249 explicatione
920 5181 1101 5245 dictis,
1150 5180 1361 5236 facilem
1416 5182 1743 5247 lectoribus,
1793 5191 2057 5251 quantum

498 5271 614 5325 ﬁeri
645 5272 844 5340 potuit,
875 5273 1015 5329 tiam
1039 5275 1376 5343 aperuimus,
1409 5289 1513 5342 qua
1546 5272 1733 5328 feriam
1765 5276 2060 5330 hebdoma-

495 5362 583 5419 dis
608 5362 855 5432 cujusvis
887 5363 1213 5436 investigare
1242 5374 1516 5435 poterunt.

2164 4546 2313 4617 ρικοῦ
2381 4544 2657 4614 τεσσάρων
2715 4540 2955 4613 ἡμερῶν,
3018 4539 3126 4593 τῶν
3175 4537 3585 4610 παρακειμένων
3634 4530 3691 4599 τῷ

2162 4634 2477 4706 Δεκεμϐρίῳ
2512 4634 2661 4706 μηνί.
2715 4633 2823 4685 Καὶ
2884 4629 3073 4693 ἁπλῶς
3118 4633 3312 4690 εἰπεῖν,
3361 4631 3428 4682 ἵν’
3464 4625 3692 4694 ὲπιτόμως

2163 4728 2291 4798 περὶ
2334 4725 2655 4796 ἀμφοτέρων
2716 4721 3058 4791 διαλάϐωμεν
3113 4720 3222 4772 τῶν
3254 4720 3486 4790 ψήιρων·
3517 4720 3570 4770 ὲν
3619 4714 3691 4785 μὲν

2161 4820 2273 4879 τοῖς
2298 4815 2457 4881 ξ”τοῦ
2496 4814 2742 4867 κανονίου
2772 4811 2973 4882 στίχοις
3007 4812 3086 4875 είς
3120 4811 3246 4873 τοὺς
3279 4809 3604 4880 ἑκατέρωθεν
3627 4818 3692 4854 τεο

2160 4909 2463 4979 ταγμένους
2520 4905 2895 4960 δυοδεκαίδεκα
2935 4903 3278 4971 Ῥωμαῖκοὺς
3314 4901 3485 4971 μῆνας
3508 4901 3566 4968 τῇ
3598 4892 3690 4947 καθ’

2163 5002 2351 5074 εἱρμὸν
2380 5001 2545 5071 ψήφῳ
2591 4996 2909 5069 κεχρήμεθα
2936 4994 3078 5049 κατὰ
3116 4996 3224 5047 πᾶν
3255 4994 3376 5057 ἔτος
3406 5009 3420 5021 ·
3455 5010 3509 5044 ιν
3538 4990 3587 5043 δὲ
3610 4987 3695 5044 τοῖς

2163 5093 2337 5165 ὀρθῶς
2390 5090 2731 5161 καθιεμένοις
2775 5089 2924 5141 δυσὶν
2965 5086 3073 5139 ἀπο
3123 5084 3354 5155 σηρικοῦ
3414 5097 3600 5152 στιχοις
3636 5075 3687 5143 τῇ

2166 5188 2283 5239 κατ’
2317 5182 2678 5253 άναποδισμὸν
2715 5179 2921 5251 μεθόδῳ
2971 5175 3394 5249 προσχρώμεθα,
3420 5172 3553 5227 κατὰ
3581 5185 3688 5236 συμ-

2168 5277 2391 5345 πλοκὴν,
2422 5274 2496 5335 ὼς
2521 5272 2676 5342 ἔφην,
2711 5269 2817 5321 τῶν
2847 5267 3099 5321 ἐπακτῶν
3127 5266 3292 5319 αὐτοῦ
3327 5266 3421 5320 τοῦ
3448 5260 3689 5330 ὲνισταξιὲθ

2168 5386 2258 5421 νου
2289 5364 2514 5437 ἡλιακοῦ
2548 5363 2721 5425 ἔτους,
2745 5361 2812 5414 δι’
2832 5355 2905 5416 ὧν
2940 5361 3033 5414 καὶ
3060 5360 3108 5411 οί
3142 5359 3425 5429 λεχθέντες
3456 5358 3497 5424 ζ’
3526 5350 3694 5410 κανονίσ

497 5457 679 5519 ζονται
728 5457 917 5527 στίχοι.
964 5458 1146 5515 Ταῦτα
1179 5461 1272 5512 καί
1321 5460 1445 5531 περὶ
1481 5459 1631 5512 τοῦδε
1654 5461 1746 5513 τοῦ
1774 5462 1967 5532 τροχοῦ
2015 5462 2425 5532 σαφηνίσαντες,
2474 5455 2675 5526 εὐχερῆ
2737 5454 2849 5516 τοῖς
2894 5450 3279 5520 ἐντυγχάνουσι
3326 5450 3425 5523 τὴν
3466 5454 3626 5514 πάσης
3647 5440 3695 5491 δι’

498 5550 663 5603 αὐτοῦ
696 5548 997 5619 κατάληψιν
1026 5550 1383 5621 ὲϐδοματικῆς
1408 5552 1617 5622 ἡμέρας
1678 5552 1816 5605 κατὰ
1846 5554 1907 5606 τό
1969 5555 2187 5608 δυνατὸν
2220 5556 2614 5621 πεποιήκαμει.

736 5667 1012 5734 Quomodo
1025 5667 1381 5735 computanda
1412 5668 1481 5721 sit
1507 5677 1636 5722 retas
1661 5668 1817 5723 lunw.

576 5758 704 5815 Vill.
731 5758 974 5814 Primum
1012 5760 1153 5813 luna!
1185 5767 1401 5827 cpactas
1458 5759 1758 5828 accipimus
1794 5777 1901 5816 una
1939 5778 2060 5816 cum

2264 5665 2396 5730 Πῶς
2425 5664 2516 5718 δεῖ
2540 5662 2655 5729 τὴν
2680 5659 2907 5729 ἡμέραν
2930 5657 3038 5725 τῆς
3054 5654 3326 5723 σελήνης
3353 5651 3622 5745 ungitur.
3654 5731 3661 5745 ι

2243 5759 2323 5810 H'.
2343 5762 2409 5808 α’.
2431 5751 2755 5825 Κρατοῦμεν
2770 5749 2866 5812 τὰς
2886 5747 3128 5811 ὲπακτὰς
3154 5749 3253 5818 τῆς
3273 5745 3495 5816 σελήνης
3515 5740 3595 5794 καὶ
3624 5740 3699 5801 τὴν
