3800 6318
159 287 180 341 1
190 286 291 340 269

931 290 987 345 S.
1033 288 1283 345 MAXIMI
1324 288 1686 344 MABTYRIS
1729 287 2105 350 COMPUTUS
2143 295 2582 378 EQCLESIAST.

3253 304 3388 359 λίῧο

155 401 243 455 τοῦ
276 402 570 466 ἐνεστῶτος
614 394 988 472 Αἰγυπτιακοῦ
1040 407 1206 478 μηνὸς
1246 408 1528 471 ποσταίαν,
1554 407 1724 461 καὶτὸ

1842 413 2112 482 proposito
2143 413 2233 470 die
2267 415 2499 472 labentis
2532 416 2838 488 Egyptiaci
2877 420 3103 474 mensis.
3149 419 3230 474 Ad
3279 422 3390 476 bare

154 497 320 566 ἥμισυ
345 495 454 549 τῶν
476 496 658 568 μηνῶν
688 497 794 550 τῶν
828 499 935 552 ἀπὸ
963 499 1104 566 Θὼθ,
1137 501 1229 554 καὶ
1258 500 1387 571 μίαν
1414 500 1722 572 καθολικὴν.

156 585 259 638 Καὶ
305 586 355 638 εί
401 585 500 656 μὲν
549 585 593 638 1'
640 587 842 652 ταύτας
891 589 1216 661 εὑρήσομεν,
1265 590 1298 661 ἢ
1341 591 1493 662 παρὰ
1523 590 1620 654 τὰς
1659 590 1722 652 λ’,

154 673 418 739 τοσαύτας
477 676 702 748 ἔχουσαν
741 677 838 748 τήν
880 679 1108 751 σελήνην
1140 679 1476 752 γινώσκομεν
1502 697 1514 711 ο
1572 682 1620 733 εί
1666 681 1724 734 δὲ

154 765 289 838 ὑπὲρ
325 765 423 830 τὰς
456 767 519 832 λ’,
555 769 766 832 ὲκείνας
781 769 942 822 πάλιν
972 769 1109 841 μετὰ
1129 771 1532 842 τὴνύφαίρεσιν
1548 772 1722 826 αὐτῶν

154 857 258 909 τῶν
286 859 604 929 τριάκοντα.

220 947 284 1018 β’.
321 949 550 1012 Ἀλλως.
575 949 652 1002 Τὰ
677 950 1306 1024 ἀπὺιΔιοκλητιανοῦ-Ετη
1341 953 1488 1024 παρὰ
1524 952 1580 1005 ἒν
1607 952 1724 1016 ἔτος

153 1039 450 1104 ποιοῦντες,
502 1041 794 1113 μερίζομεν
839 1045 918 1106 είς
941 1043 1032 1096 τὸν
1076 1043 1140 1096 ιθ⁹
1179 1045 1272 1097 καὶ
1303 1044 1370 1098 τὰ
1401 1045 1560 1098 λοιπὰ
1591 1061 1724 1116 κρα-

152 1128 371 1193 τοῦμεν,
426 1132 520 1184 καὶ
567 1131 776 1195 τούτοις
839 1133 1200 1205 ὲπιὸάλλομεν
1251 1135 1391 1206 ὑπὲρ
1457 1134 1574 1198 ἑνὸς
1625 1133 1722 1205 μὲν

153 1219 323 1283 ἔτους,
375 1219 471 1272 ἐὰν
519 1220 677 1274 τοῦτο
711 1223 870 1293 μόνον
918 1223 1076 1294 τυχὸν
1111 1225 1440 1297 καταλειφθῇ
1467 1226 1602 1299 μετὰ
1633 1225 1723 1278 τὸν

154 1311 441 1382 μερισμὸν,
488 1311 698 1384 ἡμέρας
739 1321 789 1364 ι”
837 1314 978 1386 ὑπὲρ
1014 1314 1056 1384 β’
1091 1315 1148 1368 δὲ
1181 1314 1315 1368 ὲτῶν
1347 1321 1392 1368 κ’
1421 1332 1435 1346 ·
1483 1297 1626 1386 ὑττὲρ
1667 1314 1724 1370 δὲ

153 1409 197 1471 γ’
221 1403 344 1456 οὐδὲ
369 1404 529 1474 μίανο
559 1405 746 1478 ῶσπερ
773 1407 864 1459 καὶ
889 1408 980 1462 ἐπὶ
1004 1411 1116 1472 τοῖς
1151 1415 1202 1473 ς’
1234 1408 1352 1460 οὐδὲ
1385 1408 1536 1478 μίαν·
1559 1408 1591 1478 ἢ
1615 1407 1722 1460 τῶν

154 1495 216 1560 0',
246 1497 280 1568 ἢ
318 1497 425 1550 τῶν
454 1497 518 1567 ιβ’
540 1514 554 1529 °
584 1499 616 1569 ἤ
648 1500 831 1564 ἁπλῶς
873 1500 973 1570 τῆς
1027 1499 1315 1554 ὁποιασοῦν
1348 1499 1680 1572 τριετηρίδος
1704 1518 1717 1530 ο

154 1588 291 1660 ὑπὲρ
341 1589 399 1640 δὲ
456 1589 562 1643 τῶν
604 1591 645 1644 δ’
692 1591 852 1645 πάλιν
907 1591 1042 1644 ἐτῶν
1083 1590 1136 1654 ι’,
1181 1592 1275 1644 καὶ
1327 1592 1465 1662 ὑπὲρ
1518 1590 1625 1644 τῶν
1662 1599 1702 1643 ε’

152 1685 218 1731 κ’.
252 1679 362 1731 Καὶ
388 1677 560 1743 οὕτως
594 1680 826 1752 καθεξῆς
862 1681 1002 1753 ὑπὲρ
1045 1681 1152 1734 τῶν
1185 1683 1252 1746 ζ’,
1286 1683 1378 1736 καὶ
1406 1681 1512 1736 τῶν
1547 1689 1600 1749 ι’,
1627 1685 1722 1736 καὶ

150 1769 258 1822 τῶν
294 1778 360 1823 ια’
384 1771 429 1803 ’ί
451 1789 463 1800 ’
491 1773 583 1824 καὶ
609 1772 718 1826 τῶν
749 1774 883 1844 μετὰ
916 1775 1012 1837 τὰς
1057 1774 1396 1845 τριετηρίδας
1420 1774 1722 1846 ψηφιζομέ-
1751 1756 1798 1815 Β

149 1877 274 1915 νων.
337 1862 666 1932 Κρατοῦμεν
721 1863 918 1928 τοίνυν,
965 1863 1039 1928 ώς
1072 1864 1228 1936 ἔφην,
1280 1865 1346 1918 τὰ
1382 1865 1721 1936 ἁπομένοντα

150 1952 240 2023 ἔτη
295 1953 388 2005 καὶ
440 1953 539 2017 τὰς
583 1955 722 2025 ὑπὲρ
771 1954 973 2008 τούτων
1031 1958 1243 2028 ἡμέρας
1288 1956 1429 2010 κατὰ
1474 1958 1565 2010 τὸν
1591 1959 1722 2012 ὐπο-

149 2043 428 2113 δειχθὲντα
485 2045 701 2116 τρόπον’
765 2049 858 2099 καὶ⁵
882 2047 979 2118 τὴν
1015 2049 1273 2102 ποσταίαν
1295 2048 1388 2102 τοῦ
1431 2049 1721 2114 ἐνεστῶτος

151 2134 520 2204 Αἰγυπτιακοῦ
570 2139 754 2208 μηνὸς,
813 2142 906 2194 καὶ
953 2141 1012 2194 τὸ
1040 2143 1210 2212 ἥμισυ
1239 2142 1346 2196 τῶν
1383 2143 1567 2214 μηνῶν
1613 2143 1722 2197 τῶν

149 2226 255 2279 ἀπὸ
319 2225 464 2290 Θὼθ,
494 2229 588 2282 καὶ
639 2230 768 2300 μίαν
828 2232 1119 2304 καθολικήν
1139 2251 1154 2268 ο
1185 2235 1280 2288 καὶ
1325 2235 1526 2298 εἰςτὸν
1553 2235 1596 2287 λ’
1626 2235 1723 2300 τὰς

149 2319 276 2382 ὅλας
298 2320 615 2391 μερίζομεν.

216 2410 286 2479 Υ.
327 2411 560 2477 Ἀλλως.
589 2415 912 2487 Κρατοῦμεν
942 2417 1038 2482 τὰς
1074 2419 1316 2482 επακ-τὰς
1341 2420 1440 2490 τῆς
1475 2419 1720 2492 σελήνης,

148 2504 242 2556 καὶ·
284 2506 444 2578 ὑπὲρ.
471 2507 698 2560 ἑκάστου
735 2509 1040 2579 Ῥωμαῖκοῦ
1091 2513 1276 2582 μηνὸς,
1325 2513 1432 2566 ἀπὸ
1479 2515 1725 2584 Σεπτεμ-

149 2595 302 2666 ϐρίου
319 2597 609 2668 ἀρχόμενοι
637 2599 797 2670 μέχρι
825 2601 918 2653 τοῦ
944 2602 1311 2673 ψηφιζομένου
1339 2605 1465 2674 μίαν
1489 2605 1721 2676 ἡμέραν

150 2687 240 2738 καὶ
285 2686 380 2756 τὴν
428 2690 689 2741 ποσταξαν
735 2690 898 2743 αὑτοῦ
947 2691 1041 2744 τοῦ
1088 2692 1378 2756 ἐνεστῶτος
1417 2693 1724 2764 Ῥωμαῖκοῦ

152 2775 338 2846 μηνὸς,
371 2777 467 2829 καὶ
511 2777 604 2830 δύο
649 2778 959 2844 καθολικὰς,
1007 2784 1100 2834 καὶ
1137 2784 1216 2844 εἰς
1261 2782 1349 2834 τὸν
1384 2781 1425 2834 λ’
1458 2783 1555 2846 τὰς
1597 2783 1726 2848 ὅλας

151 2866 469 2937 μερίζομεν.

211 2958 276 3011 δ’.
313 2959 542 3024 Ἀλλως.
591 2961 918 3032 Κρατοῦμεν
950 2963 1047 3027 τὰς
1078 2963 1320 3028 ὲπακτὰς
1351 2966 1448 3037 τῆς
1495 2965 1726 3040 σελήνης

150 3050 292 3122 παρά
306 3050 456 3121 μίαν,
483 3053 576 3104 καὶ
603 3054 701 3115 τὰς
729 3053 837 3106 ἀπὸ
869 3055 1192 3126 ἰανουαρίου
1215 3057 1425 3128 ἡμέρας
1440 3059 1596 3130 μέχρι
1623 3061 1728 3131 τῆς

148 3140 486 3212 ζητουμένης
515 3142 673 3211 ἡμῖν·
710 3144 804 3195 καὶ
842 3143 910 3196 τὰ
943 3145 1145 3198 τούτων
1166 3144 1239 3211 ᾆξ’
1266 3149 1342 3178 ⁹¹’
1381 3149 1474 3201 καὶ
1512 3151 1592 3213 ἐίς
1635 3152 1730 3207 τὸν

147 3233 188 3283 1'
225 3233 325 3298 τὰς
350 3233 479 3297 ὅλας
511 3235 822 3305 μερίςομεν.

213 3324 278 3380 ε’.
310 3325 544 3391 Ἀλλως.
577 3327 902 3398 Κρατοῦμεν
940 3330 1036 3393 τὰς
1067 3331 1312 3396 ὲπακτὰς
1344 3335 1440 3404 τῆς
1474 3335 1729 3409 σελήνης,

149 3417 237 3469 καὶ
262 3416 323 3469 τὸ
345 3417 521 3488 ἥμισυ
548 3416 655 3470 τῶν
691 3419 875 3489 μηνῶν
916 3420 1022 3473 τῶν
1057 3423 1163 3476 ἀπὸ
1184 3423 1278 3477 τοῦ
1320 3425 1592 3497 Ἀπριλίου
1637 3431 1732 3500 μὲ-

149 3524 236 3578 χρι
265 3509 360 3562 τοῦ
411 3508 814 3580 ψηφιζομένου,
861 3512 954 3564 καὶ
1002 3513 1099 3576 τὰς
1140 3515 1437 3584 τριακάδας
1486 3520 1730 3591 πρώτας,

150 3602 240 3654 καὶ
270 3603 370 3673 τὴν
406 3603 672 3655 ποσταίαν
709 3603 803 3655 τοῦ
843 3604 1132 3669 ἐνεστῶτος
1169 3609 1364 3678 μηνός’
1397 3611 1489 3666 καὶ
1529 3614 1606 3676 είς
1639 3615 1734 3668 τὸν

149 3691 189 3744 λ’
213 3692 308 3756 τὰς
339 3692 470 3756 ὅλας
506 3691 822 3763 μερίζομεν.

219 3790 293 3848 ς’.
332 3783 568 3844 Ἀλλως.
631 3783 1222 3858 Ἐνδεκαπλασιάζομεν
1265 3788 1324 3841 τὸ
1365 3793 1462 3862 τῆς
1505 3791 1730 3864 σελήνης

152 3875 288 3939 ετος,
315 3876 410 3929 καὶ
433 3873 745 3946 κρατοῦμεν
767 3876 864 3939 τὰς
893 3877 1000 3928 ἀπὸ
1029 3877 1250 3951 πρώτης
1279 3881 1602 3953 Ἰανουαρίου
1631 3885 1730 3954 μὲ-

151 3987 238 4041 χρι
263 3970 364 4041 τῆς
390 3969 730 4040 ζητουμένης
753 3970 984 4040 ἡμέρας,
1006 3973 1101 4024 καὶ
1125 3973 1192 4028 τὰ
1219 3975 1420 4029 τούτων
1453 3974 1524 4042 ξε
1545 3993 1558 4006 ο
1583 3981 1730 4046 τρεῖς

149 4077 208 4112 τε
236 4059 546 4122 καθολικῶς
572 4059 946 4130 ἀφαιροῦντες,
977 4061 1120 4116 οὕτω
1151 4063 1247 4128 τὰς
1275 4065 1399 4127 ὅλας
1437 4065 1730 4136 μερίζομεν

149 4152 226 4216 είς
253 4153 340 4206 τὸν
360 4152 425 4204 1'.

217 4243 284 4308 ζ’.
316 4244 556 4308 Ἀλλως.
588 4242 907 4316 Κρατοῦμεν
944 4247 1042 4312 τὰς
1067 4248 1310 4312 ὲπακτὰς
1341 4250 1439 4320 τῆς
1480 4249 1726 4322 σελήνης,

150 4339 245 4392 καὶ
278 4339 510 4403 ταύταις
554 4338 611 4393 ἕν
659 4356 718 4392 τε
758 4338 836 4411 τῷ
883 4341 1193 4414 Ἰανουαρίῳ
1244 4342 1339 4395 καὶ
1381 4342 1731 4416 Φεϐρουαρίῳ

1827 505 2110 560 dimidium
2162 507 2428 562 mensium
2477 524 2784 573 numerum,
2829 510 2975 579 quia
3011 509 3186 565 Tbotb
3219 511 3390 583 elapsi

1827 605 1974 663 sunt,
2007 611 2130 651 cum
2159 613 2268 652 uno
2297 599 2554 670 regulari.
2605 598 2663 653 Si
2707 615 2917 657 summa
2961 601 3178 671 triginta
3221 601 3392 656 conli-

1825 690 1953 755 ciat,
1984 698 2076 745 aut
2098 691 2279 747 minus
2312 692 2556 764 triginta,
2584 691 2810 747 totidem
2840 691 2957 748 dies
2981 693 3162 747 lunam
3189 694 3391 750 habere

1823 784 2222 854 cognoscimus.
2245 783 2340 838 Sin
2374 785 2609 840 tricenos
2643 784 2761 840 dies
2776 783 3021 848 excedat,
3040 783 3272 854 demptis
3297 787 3391 840 tri-

1822 874 1969 943 ginta
1988 880 2120 944 quot
2139 885 2486 945 supererunt,
2505 875 2731 930 totidem
2745 878 2889 931 aetati
2909 877 3050 934 luna:
3063 880 3387 935 tribuemus.

1879 965 1998 1018 Alia
2031 965 2188 1020 ratio.
2239 968 2426 1022 Annos
2451 983 2486 1022 -a
2520 966 2858 1024 Diocletiano
2887 985 2996 1024 uno
3027 970 3212 1025 minus
3239 971 3390 1040 capi-

1823 1073 1946 1113 mus
1977 1072 2177 1127 eosque
2207 1059 2475 1128 partimur
2528 1059 2582 1114 in
2609 1074 2730 1127 nx;
2780 1061 2825 1113 si
2883 1060 3163 1116 residuum
3209 1075 3390 1116 annus

1823 1149 2019 1203 unicus
2057 1150 2150 1213 sit,
2187 1150 2252 1204 ad
2301 1166 2424 1205 eum
2469 1149 2756 1221 adjicimus
2789 1167 2861 1218 x;
2899 1151 2945 1205 si
2995 1153 3103 1208 duo
3158 1160 3385 1216 restent,

1826 1257 1930 1307 xx;
1970 1241 2015 1296 si
2046 1247 2190 1304 tres,
2220 1241 2375 1296 nihil.
2409 1242 2546 1296 Cum
2577 1257 2789 1306 novem,
2837 1251 2931 1296 aut
2955 1243 3264 1306 duodecim,
3295 1250 3389 1296 aut

1823 1334 2046 1389 omnino
2083 1335 2310 1405 quilibet
2343 1334 2540 1390 tertius
2583 1349 2762 1390 annus
2783 1335 3025 1390 exstitit:
3061 1334 3284 1405 perinde
3303 1335 3390 1388 ni-

1825 1426 1902 1480 hil
1930 1427 2167 1481 additur.
2218 1427 2286 1482 At
2329 1443 2428 1497 pro
2483 1436 2720 1497 quatuor
2766 1428 2925 1484 annis
2961 1444 3032 1481 x:
3089 1426 3252 1498 189
3291 1442 3390 1496 pro

1824 1520 2065 1590 quinque
2093 1519 2325 1574 addeudi
2367 1529 2494 1574 sunt
2524 1537 2612 1574 xx.
2646 1521 2822 1590 Atque
2870 1521 2944 1574 ita
2988 1521 3248 1589 deinceps
3291 1534 3389 1590 pro

1824 1629 1899 1668 vn
1927 1629 1990 1667 ac
2029 1630 2082 1675 x,
2129 1613 2244 1668 dies
2289 1630 2314 1667 ς
2349 1614 2729 1684 adjiciuntur;
2798 1613 2874 1666 uti
2934 1620 2989 1666 ct
3034 1627 3132 1683 pro
3166 1628 3262 1666 xui
3327 1625 3390 1664 ac

1825 1705 2071 1776 reliquis,
2103 1706 2193 1774 qui
2223 1719 2388 1775 supra
2423 1705 2720 1759 triennium
2766 1705 3042 1775 quodlibet
3071 1712 3385 1760 excurrunt.

1827 1800 2096 1856 Residuos
2136 1800 2302 1870 igitur
2332 1815 2526 1864 annos,
2580 1815 2644 1855 ac
2675 1800 2919 1871 singulos
2965 1815 3063 1871 pro
3110 1799 3218 1855 illis
3271 1799 3388 1854 dies

1823 1893 1925 1947 hoc
1952 1893 2112 1948 modo
2145 1894 2412 1948 sumimus
2425 1908 2547 1947 cum
2580 1893 2859 1964 proposito
2884 1891 2971 1948 die
2993 1892 3198 1948 mensis
3213 1889 3388 1963 ,Εεν-

1823 1983 1987 2054 ptiaci
2015 2023 2028 2047 ,
2061 1983 2571 2052 quibus-dimidium
2615 1984 2827 2040 accedit
2854 1984 3066 2040 numeri
3096 1985 3386 2049 mensium,

1821 2075 1916 2145 qui
1947 2089 1977 2128 a
2003 2073 2182 2128 Thotb
2213 2075 2385 2145 elapsi
2428 2082 2578 2141 sunt,
2608 2091 2732 2130 cum
2773 2093 2882 2131 uno
2925 2076 3164 2148 regulari
3192 2094 3205 2132 :
3240 2091 3390 2132 sum-

1823 2183 1964 2222 mam
2000 2182 2096 2235 per
2123 2182 2228 2220 xxx
2257 2165 2570 2223 dividimus.

1895 2421 2088 2476 Aliter.
2121 2420 2437 2491 Accipimus
2472 2429 2694 2492 epactas
2733 2421 2896 2485 lunae,
2929 2429 2982 2475 et
3015 2434 3115 2489 pro
3143 2417 3388 2488 quolibet

1824 2514 2195 2569 Romanorum
2231 2527 2440 2576 mense,
2487 2513 2646 2568 initio
2680 2513 2748 2568 ab
2789 2511 2961 2582 Aprili
3011 2510 3173 2573 iacto,
3215 2523 3390 2578 usque

1825 2606 1892 2663 ad
1916 2608 2276 2678 propositum.
2305 2606 2555 2675 singulos
2592 2605 2707 2662 dies
2756 2605 3086 2675 colligimus,
3129 2617 3193 2658 ac
3225 2617 3389 2672 regus-

1826 2700 1968 2755 lares
1995 2699 2157 2755 duos.
2191 2697 2470 2754 Summam
2502 2714 2598 2770 per
2625 2713 2729 2753 xxx
2751 2696 3036 2767 partimur.

1899 2959 2092 3016 Aliter.
2129 2960 2360 3031 Epactas
2395 2961 2536 3015 luna:
2578 2960 2788 3014 unitate
2833 2959 3013 3012 minus
3040 2970 3163 3012 cum
3199 2953 3393 3010 diebus

1833 3069 1864 3107 a
1896 3053 2156 3108 Kalendis
2177 3052 2456 3108 Januariis
2485 3052 2551 3107 ad
2591 3052 2732 3107 diem
2763 3050 2858 3120 qui
2894 3048 3160 3120 quaeritur
3190 3045 3394 3116 elapsis

1833 3145 2207 3218 componimus
2227 3163 2241 3211 ;
2261 3145 2514 3200 addimus
2525 3153 2579 3199 et
2594 3144 2788 3198 horum
2804 3129 3194 3212 sexagesimam
3210 3153 3396 3208 quam-

1833 3254 1939 3309 que
1971 3245 2201 3309 partem.
2229 3235 2424 3292 Totum
2455 3235 2652 3291 deinde
2679 3250 2777 3306 per
2803 3250 2908 3288 xxx
2935 3231 3250 3288 dividimus.

1902 3330 2096 3386 Aliter.
2132 3329 2366 3400 Epactas
2410 3329 2552 3385 lunae
2589 3343 2712 3384 cum
2750 3327 2977 3382 dimidio
3020 3325 3289 3382 mensium
3327 3327 3396 3380 ab

1831 3420 2001 3493 Aprili
2036 3437 2207 3491 usque
2231 3421 2299 3476 ad
2325 3421 2613 3491 quaesitum
2643 3435 2882 3476 mensem
2901 3459 2916 3483 ,
2950 3427 3064 3472 tum
3087 3416 3396 3474 tricesimos

1831 3513 2036 3581 primos
2066 3527 2312 3582 quosque
2333 3511 2451 3566 dies
2483 3525 2590 3565 una
2614 3524 2737 3564 cum
2768 3508 3046 3579 proposita
3078 3506 3284 3562 mensis
3307 3506 3398 3562 die

1832 3608 1888 3661 in
1911 3619 2078 3660 unum
2091 3604 2505 3674 componimus,
2536 3600 2683 3671 quod
2697 3586 2894 3656 deinde
2913 3599 3182 3670 partimur
3195 3599 3252 3654 in
3267 3614 3397 3654 xxx.

1901 3785 2092 3842 Aliter.
2153 3785 2374 3839 Annum
2426 3783 2570 3838 lunae
2626 3783 2681 3837 in
2729 3795 2784 3836 xl
2856 3780 3131 3845 ducimus,
3173 3794 3239 3835 ac
3280 3779 3398 3835 dies

1832 3893 2022 3932 omnes
2054 3876 2147 3946 qui
2176 3890 2206 3930 a
2239 3875 2504 3930 Kalendis
2518 3873 2794 3929 Januariis
2814 3873 2879 3928 ad
2896 3873 3236 3944 pr0positum
3257 3870 3399 3927 diem

1830 3968 2125 4034 ﬂuxerunt,
2161 3982 2284 4022 cum
2313 3967 2511 4021 borum
2554 3965 2894 4036 sexagesima
2940 3979 3157 4036 quaque
3200 3972 3398 4034 parte;

1832 4058 1957 4113 inde
1979 4059 2159 4112 tribus
2185 4055 2532 4128 regularibus
2554 4055 2806 4125 abjectis,
2851 4069 3120 4111 summam
3159 4069 3254 4124 per
3291 4071 3401 4108 xxx

1829 4147 2142 4203 tribuimus.

1899 4241 2094 4294 Aliter.
2124 4238 2357 4309 Epactas
2393 4239 2534 4292 lunae
2561 4237 2616 4291 in
2649 4235 2911 4292 Januario
2931 4243 2981 4292 et
3007 4234 3304 4290 Februario
3326 4233 3405 4288 in-

1831 4343 2046 4404 tegros,
2096 4333 2151 4386 in
2215 4331 2409 4386 Martio
2459 4330 2671 4384 unitate
2727 4328 2908 4384 minus
2973 4327 3288 4397 accipimus,
3345 4325 3402 4380 in

153 4432 383 4505 πλήρεσι
411 4432 735 4504 κεχρήμεθα
755 4451 768 4463 ·
803 4435 952 4504 παρὰ
975 4437 1100 4505 μίαν
1122 4435 1177 4488 δὲ
1207 4436 1373 4507 μόνην
1404 4439 1460 4490 ὲν
1487 4437 1564 4509 τῷ
1589 4440 1724 4511 Μαρ

1842 4424 2009 4494 Aprili
2036 4437 2098 4476 ac
2112 4421 2360 4492 reliquis,
2386 4421 2630 4491 integras
2665 4439 2678 4474 :
2714 4419 2840 4474 item
2874 4433 2974 4489 pro
2993 4415 3223 4488 singulis
3248 4430 3402 4470 men—

151 4524 280 4596 τίῳ’
313 4527 371 4578 ὲν
403 4525 463 4578 δὲ
495 4525 575 4594 τῷ
612 4523 871 4596 Ἀπριλίῳ
907 4527 1000 4578 καὶ
1032 4529 1141 4590 τοῖς
1167 4530 1283 4598 μετ’
1313 4530 1472 4582 αὑτὸν
1505 4529 1731 4602 πλήρεις

155 4617 648 4690 συλλαμϐάνοντες,
679 4618 770 4669 καὶ
795 4618 922 4687 μίαν
945 4618 1114 4690 ῥλλην
1141 4620 1280 4690 ὑπὲρ
1307 4622 1536 4675 ἑκάστου
1563 4623 1730 4694 μηνὸς

152 4711 278 4782 ἄχρι
309 4709 405 4763 τοῦ
429 4695 804 4780 ψηφιζομένου
826 4724 839 4736 ”
869 4709 961 4762 δύο
981 4711 1035 4762 δὲ
1072 4711 1228 4781 μόνον
1255 4713 1394 4784 ὑπὲρ
1415 4713 1506 4766 τοῦ
1535 4713 1732 4782 Αὐγού-

154 4819 311 4854 στου’
364 4804 462 4855 καὶ
508 4801 607 4872 τὴν
637 4799 898 4852 ποσταίαν
942 4799 1036 4853 τοῦ
1076 4804 1270 4873 μηνός·
1317 4805 1409 4857 καὶ
1450 4807 1526 4867 εἰς
1567 4804 1658 4858 τὸν
1689 4805 1731 4856 1'

151 4893 248 4958 τὰς
286 4893 419 4956 ὅλας
456 4891 772 4963 μερίζομεν.

217 4993 291 5058 η’,
332 4984 568 5046 Ἀλλως.
602 4983 926 5053 Κρατοῦμεν
959 4985 1057 5048 τὰς
1091 4988 1332 5052 ὲπακτὰς
1359 4989 1456 5060 τῆς
1485 4990 1733 5059 σελήνης,

153 5077 244 5130 καὶ
272 5076 377 5140 τὰς
413 5075 527 5128 ἀπὸ
566 5073 789 5145 πρώτης
835 5074 1109 5148 Ἀπριλίου
1143 5080 1302 5150 μέχρι
1336 5081 1435 5150 τῆς
1476 5082 1740 5152 ζητουμέ-

151 5188 269 5240 νης,
314 5171 414 5224 καὶ
459 5169 561 5239 τὴν
597 5168 858 5239 ποσταίαν
904 5169 998 5222 τοῦ
1043 5171 1236 5241 μηνός’
1275 5173 1366 5224 καὶ
1410 5175 1489 5235 είς
1528 5173 1615 5227 τὸν
1656 5172 1736 5227 κθ⁹

151 5263 323 5332 ήμισυ
357 5263 462 5324 τὰς
496 5260 622 5322 ὅλας
654 5259 962 5331 μερίζομεν.

151 5375 289 5446 Περὶ
325 5373 448 5428 τῶν
474 5373 597 5446 ἀπῤ
628 5373 1050 5446 Δίοκνζητιανοῇ
1077 5372 1227 5446 ἑτῶν
1246 5393 1269 5446 ί
1301 5373 1425 5441 πῶς
1459 5392 1521 5446 τε
1550 5378 1737 5446 ψηφί-

219 5439 446 5507 ζονται,
479 5441 579 5514 καὶ
613 5439 738 5506 πῶς
766 5441 838 5494 δι’
878 5441 1075 5496 αὐτῶν
1109 5443 1175 5496 τὸ
1206 5445 1310 5512 τῆς
1343 5439 1739 5514 σέλήνήςὲὐ-

215 5517 510 5584 ρίσκεται
534 5511 691 5576 ἔτος.

221 5603 278 5658 8’
344 5605 426 5658 Τὰ
460 5602 571 5656 ἀπὸ
601 5601 980 5671 Διοκλητιανοῦ
1013 5604 1104 5673 ἔτη
1138 5605 1294 5676 μέχρι
1324 5607 1418 5676 τῆς
1461 5608 1749 5679 παρούσης,

217 5720 258 5750 ει
307 5722 349 5789 ί.
389 5725 483 5787 ιγ’.
564 5717 610 5746 θ’
638 5717 677 5783 ί.
716 5714 788 5779 ea
824 5718 996 5786 ulinf.

1839 4516 1991 4572 sibus
2019 4529 2190 4585 usque
2212 4514 2278 4567 ad
2298 4513 2656 4584 propositum,
2677 4511 2920 4582 singulos
2943 4509 3060 4565 dies
3079 4521 3404 4562 annumera-

1839 4624 1990 4671 mus,
2023 4623 2122 4677 pro
2146 4609 2390 4678 Augusto
2423 4620 2552 4660 vero
2569 4605 2728 4669 duos,
2755 4602 2954 4673 quibus
2983 4599 3166 4656 addita
3189 4599 3402 4670 (ιιιωείιὶ

1837 4699 2044 4754 mensis
2066 4697 2176 4762 die,
2208 4711 2422 4753 summa
2456 4711 2552 4765 per
2585 4711 2692 4749 xxx
2722 4693 3001 4749 dividitur.

1905 4971 2096 5025 Aliter.
2122 4969 2356 5041 Epactas
2389 4968 2532 5022 lunae
2557 4981 2681 5022 cum
2700 4965 2894 5023 diebus
2917 4981 2948 5020 a
2964 4963 3220 5020 Kalendis
3243 4961 3405 5034 Apri-

1835 5065 1980 5120 libus
2007 5064 2076 5118 ad
2103 5063 2389 5134 quaesitum
2425 5061 2660 5118 evolutis
2680 5076 2804 5116 cum
2827 5057 3108 5131 proposita
3137 5057 3225 5112 die
3249 5071 3403 5112 com-
3451 5067 3464 5096 ν

1838 5154 2424 5227 ροηὶωιιενδιιηιιῐιοιη
2453 5171 2549 5226 per
2590 5169 2716 5209 xxix
2758 5153 2862 5225 1/2
2901 5151 3185 5224 partimur.

1841 5379 1919 5434 De
1941 5378 2092 5433 annis
2125 5395 2158 5432 a
2189 5377 2551 5438 Diocletiano;
2588 5373 2844 5444 quomodo
2885 5381 3180 5444 putent_ur,_
3211 5379 3261 5424 et
3302 5385 3405 5439 qua

2017 5450 2222 5502 ratione
2248 5457 2377 5502 (etas
2408 5449 2548 5501 luna:
2576 5441 2633 5498 in
2664 5444 2773 5499 illis
2802 5441 3110 5499 invenienda
3136 5441 3222 5495 sit.

1917 5603 2008 5659 lx.
2041 5603 2179 5658 Anni
2214 5619 2243 5657 a
2288 5599 2623 5656 Diocletiano
2671 5595 2737 5652 ad
2782 5601 3104 5666 praesentem
3146 5589 3406 5648 indictice
