3800 6316
108 326 227 382 ίὲὃί

955 322 1179 381 [SAACI
1213 319 1521 379 MONACHI
1560 318 1936 378 COMPUTUS
1972 319 2419 380 ECCLESIAST.

3180 324 3322 386 {282

108 446 202 501 τῶν
234 443 616 518 ῥηθησομένων
649 442 938 502 ἀποδοῦναί
970 461 1053 500 σοι
1105 443 1360 516 μεθόδους
1381 459 1395 473 ·
1441 440 1576 514 πρὸς
1602 439 1660 495 δέ

1756 439 2039 510 iudicasti,
2074 441 2169 511 qui
2191 456 2403 505 eorum,
2428 439 2496 497 de
2522 440 2725 512 quibus
2754 440 2953 497 dicturi
2971 456 3183 507 sumus,
3204 444 3319 499 vias

109 540 189 594 καὶ
225 537 327 600 τὰς
377 537 471 589 ἐπὶ
524 535 747 601 ταύταις
787 535 895 589 τῶν
945 535 1117 605 λόγων
1163 536 1372 598 αἰτίαςο
1426 535 1509 605 (ού
1552 534 1661 604 γὰρ

107 629 299 699 ἀγνοῶν
343 629 418 699 μὴ
463 626 635 691 οὕτως
682 630 831 699 ἡμᾶς
862 627 1104 699 ἔχοντας,
1136 629 1200 682 τὸ
1242 627 1479 682 τοιοῦτον
1528 627 1661 697 ἡμῖν

104 717 443 792 τεθαρρηκὼς
501 718 817 789 σπούδασμα
878 719 1243 790 προσανέθου’
1312 717 1534 785 εὔλογον
1602 715 1660 769 δέ

103 813 282 883 ἡγήσω
319 813 386 881 τῇ
417 810 569 882 φιλίᾳ
582 810 945 881 χαρίσασθαι,
975 810 1134 881 φύσει
1174 809 1510 882 τυραννούσῃ
1534 809 1660 870 τοὺς

103 908 224 977 αὐτῇ
258 905 463 976 κυρίως
484 903 798 976 χρωμένους
829 905 922 956 καὶ
944 903 1040 965 τὰς
1067 902 1281 973 ψήφους
1310 899 1557 955 ἐντεῦθεν
1583 899 1661 952 δε-

102 996 275 1061 κάζειν
313 994 864 1067 παρασκευαζούσῃὴ
908 994 1003 1049 καὶ
1035 996 1218 1065 ἡμεῖς,
1251 994 1327 1057 ὡς
1367 990 1656 1058 ἐπέταξας,

101 1090 343 1160 κινοῦμεν
370 1088 470 1160 ήδη
495 1088 594 1159 τὴν
623 1090 780 1159 χεῖρα
814 1087 949 1157 πρὸς
985 1083 1234 1158 τοῦργον,
1265 1084 1362 1157 τὴν
1403 1085 1502 1157 σὴν
1530 1084 1659 1155 περὶ

100 1186 235 1255 ἡμᾶς
274 1180 455 1251 ψῆφον
484 1179 915 1248 δυσωπηθέντες,
962 1179 1056 1233 καὶ
1102 1177 1241 1232 κατὰ
1271 1177 1331 1231 τὸ
1367 1174 1659 1229 ἀκόλουθον

102 1273 210 1344 μηδ’
244 1274 407 1343 ἡμεῖς
430 1269 670 1324 ὁντινοῦν
693 1268 790 1339 τῆς
815 1268 1019 1322 ἑαυτῶν
1050 1269 1176 1340 περὶ
1199 1266 1260 1322 τὸ
1300 1266 1656 1338 προκείμενον

99 1364 383 1435 ἀδυναμίας
419 1362 775 1433 ποιησάμενοι
818 1360 993 1430 λόγον.
1026 1361 1212 1423 Ὅπως
1244 1359 1287 1412 δ’
1318 1358 1384 1413 ἂν
1411 1357 1656 1429 ἀπαντή-

99 1472 199 1511 σειε
224 1457 289 1510 τὸ
317 1458 487 1528 πέρας
532 1457 682 1527 ἡμῖν,
718 1454 957 1523 εὐλόγως
998 1452 1212 1507 κεῖσθαί
1248 1468 1329 1506 σοι
1364 1452 1495 1522 παρ’
1532 1449 1655 1521 ἐμοὶ

96 1548 185 1620 τήν
215 1549 374 1621 χάριν
412 1547 757 1619 ὁμολογήσω·
788 1545 882 1598 τοῦ
927 1545 1024 1616 μὲν
1061 1542 1424 1615 κατορθῶσαι,
1459 1542 1541 1594 ὅτι
1589 1541 1655 1594 σὺ

98 1640 304 1704 παντως
346 1641 444 1714 ἔσῃ
490 1640 612 1704 δοὺς
656 1640 755 1703 τὰς
804 1640 1083 1711 ἀφορμάς·
1122 1636 1217 1690 τοῦ
1260 1636 1305 1689 δ’
1339 1634 1653 1702 ἀποτυχεῖν,

95 1733 169 1785 ὅτι
201 1732 278 1804 μὴ
317 1732 501 1797 ἀξίους
548 1731 708 1795 ὄντας
753 1731 937 1796 ἀξίους
977 1728 1073 1782 τοῦ
1120 1726 1440 1799 πράγματος
1469 1724 1655 1794 κέκρι-

95 1840 206 1887 κας.

430 2020 567 2090 Περὶ
604 2019 723 2075 τῶν
753 2017 1022 2088 ἡλιακῶν
1047 2017 1309 2071 κύκλων.

152 2137 226 2189 A'.
266 2136 421 2189 Ἔστι
454 2135 517 2206 δὴ
562 2132 775 2205 πρῶτον
811 2133 944 2203 ἡμῖν
982 2128 1090 2183 τῶν
1143 2124 1518 2200 προκειμένων
1572 2122 1653 2185 είς

94 2227 273 2297 σκέψιν
310 2226 369 2279 τὸ
410 2226 537 2297 περὶ
586 2224 696 2277 τῶν
745 2222 1090 2293 καλουμένων
1136 2217 1373 2291 ἡλιακῶν
1415 2212 1648 2278 κύκλων,

91 2321 225 2383 ὅπως
258 2336 317 2372 τε
340 2317 528 2372 κύκλοι
548 2314 860 2379 καλοῦνται,
895 2314 987 2366 καὶ
1017 2311 1105 2365 διὰ
1134 2310 1209 2375 τί,
1248 2309 1406 2381 μέχρι
1430 2306 1538 2360 τῶν
1564 2310 1651 2375 κη’

90 2412 376 2483 προϊόντες,
428 2407 587 2462 πάλιν
633 2406 803 2477 ἀρχὴν
832 2403 1193 2471 λαμϐάνουσιν
1224 2400 1331 2455 ἀπὸ
1363 2396 1456 2451 τοῦ
1498 2393 1649 2467 πρώ-

88 2517 170 2554 του
191 2518 204 2533 ⁸
231 2500 314 2554 ἔτι
336 2500 391 2552 δὲ
414 2500 505 2551 καὶ
528 2497 635 2550 τίνι
658 2495 863 2567 μεθόδῳ
884 2493 1167 2563 ζητοῦντες
1185 2490 1336 2543 τόνδε
1364 2487 1486 2542 τινα
1508 2485 1649 2540 κατὰ

87 2590 141 2645 τὶ
164 2591 511 2661 ἐνιστάμενον
545 2588 660 2653 ἔτος
692 2586 948 2650 ποσταῖός
988 2586 1125 2649 ἐστι,
1168 2580 1409 2655 ἀκριϐῶς
1455 2577 1522 2633 ἃν
1557 2575 1649 2630 δυ·

86 2680 307 2750 ναίμεθα
331 2678 647 2750 λαμϐάνειν.

160 2790 277 2860 Ἐφ’
299 2784 343 2859 ᾧ
364 2791 459 2843 καὶ
486 2788 736 2860 λέγομεν,
764 2788 844 2843 ὅτι
874 2786 1063 2842 κύκλοι
1092 2785 1190 2858 μὲν
1216 2782 1528 2848 καλοῦνται,
1561 2779 1649 2835 διὰ

82 2879 138 2933 τὸ
163 2880 391 2933 ἐκαστον
424 2880 629 2933 τούτων
668 2881 994 2933 ἐνιαυσιαῖον
1030 2876 1301 2949 περιέχειν
1339 2874 1645 2944 διάστημαο

82 2969 259 3040 ἐπειδὴ
286 2968 394 3040 γὰρ
426 2970 453 3021 ό
474 2969 716 3032 ἐνιαυτὸς
749 2970 814 3039 τῇ
840 2966 933 3021 τοῦ
973 2966 1122 3039 ἡλίου
1151 2966 1364 3036 κινήσει
1399 2977 1648 3033 παραμε-

1760 544 1825 587 ac
1852 531 2094 589 rationes
2128 533 2225 589 tibi
2260 535 2620 596 traderemus.
2666 541 2781 588 tum
2815 534 3127 589 earumdem
3166 534 3322 591 insu-

1758 637 1854 693 per
1883 622 2093 677 viarum
2116 623 2498 693 rationumque
2529 638 2727 680 causas
2767 623 2897 694 (non
2934 624 3078 678 enim
3110 624 3204 678 tali
3244 623 3323 679 fa-

1758 714 1963 768 cultate
1991 713 2286 771 destitutos
2314 730 2416 772 nos
2440 730 2562 771 esse
2592 716 2867 781 nesciens,
2899 715 2954 770 id
2994 716 3151 772 nobis
3189 730 3322 788 ope-

1756 813 1833 868 ris
1855 812 2115 869 audacter
2159 814 2468 884 imposuisti
2503 830 2732 870 :verum
2765 816 3021 871 amicitiae
3071 816 3321 872 tribucno

1694 896 1704 906 “
1757 902 1885 958 dum
1925 904 2029 960 hoc
2075 905 2327 975 putasti:
2361 919 2483 976 qua
2528 905 2869 976 tyrannidem
2916 906 3207 976 quamdam
3261 906 3319 960 in

1756 1011 1853 1051 eos
1872 1011 2128 1053 exercere
2151 996 2310 1062 solet,
2352 996 2444 1066 qui
2479 1011 2539 1051 se
2567 1003 2714 1052 totos
2744 997 2821 1051 illi
2847 998 3191 1066 permittunt,
3223 1010 3322 1052 eo-

1755 1104 1988 1159 rumque
2015 1087 2269 1158 suffragia
2315 1103 2379 1142 ac
2409 1088 2613 1159 judicia
2643 1088 3004 1157 corrumpit);
3042 1087 3165 1142 ideo
3192 1102 3316 1152 nos,

1757 1195 1855 1250 pro
1885 1195 1951 1234 eo
1972 1195 2037 1234 ac
2062 1180 2305 1249 iussisti,
2351 1194 2571 1235 manum
2603 1194 2732 1234 ecce
2758 1178 3110 1233 admovemus
3141 1179 3318 1248 operi,

1756 1279 1909 1325 tuum
1936 1270 2006 1326 de
2022 1270 2184 1326 nobis
2208 1271 2475 1340 judicium
2518 1268 2759 1337 reveriti,
2790 1275 2869 1333 et,
2912 1266 3057 1338 quod
3086 1282 3321 1323 consen-

1756 1373 1973 1419 taneum
2004 1372 2110 1428 est,
2131 1366 2337 1419 nullam
2361 1362 2750 1419 imbecillitatis
2779 1372 2980 1416 nostra:
2999 1361 3064 1415 ad
3089 1360 3143 1414 id
3170 1360 3320 1433 quod

1755 1455 2095 1527 propositum
2128 1463 2213 1510 est
2231 1454 2570 1510 efﬁciendum
2598 1454 2867 1507 rationem
2901 1452 3186 1508 ducentes.
3221 1448 3320 1507 Ut-

1754 1561 1971 1616 cunque
1990 1561 2119 1601 vero
2149 1561 2465 1602 successum
2503 1545 2662 1600 nobis
2691 1544 2878 1607 fuerit,
2902 1543 3201 1598 debitorem
3229 1556 3320 1599 me

1754 1639 1849 1693 tibi
1884 1640 2071 1709 gratim
2095 1637 2324 1704 fatebor,
2356 1637 2525 1709 quod,
2551 1637 2664 1693 sive
2711 1652 2827 1692 rem
2873 1648 2941 1691 ex
2979 1635 3146 1691 animi
3184 1650 3319 1691 senc-

1756 1732 1926 1786 tentia
1955 1730 2253 1801 perfecero,
2290 1739 2347 1785 tu
2371 1730 2501 1785 mihi
2541 1730 2663 1800 ejus
2692 1730 2833 1785 bene
2875 1728 3125 1801 gerendae
3149 1742 3318 1783 occa-

1754 1823 1961 1877 sionem
1985 1822 2215 1890 dedisti;
2255 1822 2370 1878 sive
2389 1823 2606 1894 assequi
2658 1838 2769 1877 non
2815 1824 3076 1893 'potuero,
3142 1830 3199 1877 tu
3228 1835 3321 1878 mo

1752 1916 2051 1987 quamlibet
2080 1916 2366 1986 imparem,
2400 1915 2660 1970 idoneum
2696 1914 2747 1970 ei
2789 1915 2869 1969 rei
2894 1912 3171 1983 iudicasti.

2240 2026 2318 2082 De
2347 2026 2509 2098 cyclis
2540 2025 2822 2081 solaribus.

1822 2136 1863 2191 1.
1895 2135 2079 2190 Prima
2130 2137 2290 2193 nobis
2350 2136 2629 2203 omnium,
2684 2134 2961 2207 cyclorum
3001 2142 3059 2189 ut
3093 2140 3314 2209 vocant,

1752 2225 2013 2280 solarium
2060 2228 2340 2297 praposita
2396 2225 2764 2282 consideratio
2812 2233 2916 2290 est,
2971 2239 3072 2279 cur
3092 2230 3147 2280 et
3176 2226 3316 2297 eycli

1753 2324 2035 2381 vocentur,
2066 2325 2121 2373 et
2177 2318 2244 2373 ad
2299 2334 2470 2373 nvm
2514 2316 2787 2388 progressi
2838 2331 3030 2371 rursus
3080 2314 3149 2369 ad
3203 2315 3317 2386 pri-

1750 2422 1898 2462 mum
1942 2408 2196 2476 redeant;
2244 2408 2374 2464 item
2434 2424 2555 2479 qua:
2600 2410 2673 2463 sit
2717 2408 3006 2463 methodus
3056 2422 3163 2478 qua
3216 2422 3314 2480 cy-

1750 2500 1893 2554 clum
1922 2500 2221 2569 quemlibet
2246 2499 2373 2555 dato
2394 2515 2542 2555 anno
2571 2508 2774 2571 quotus
2800 2501 2873 2556 sit
2904 2507 3095 2555 exacte
3120 2514 3311 2570 perve-

1750 2591 2034 2662 stigemus.

1813 2791 1889 2849 De
1916 2808 2025 2864 quo
2051 2791 2180 2847 illud
2205 2792 2523 2858 asserimus,
2564 2793 2749 2865 cyclos
2780 2793 2998 2865 quidem
3021 2801 3309 2865 propterea

1749 2882 2040 2948 nominari,
2076 2882 2221 2953 quod
2261 2883 2636 2953 unusquisque
2666 2898 2907 2938 annuum
2934 2883 3098 2938 habet
3139 2884 3312 2939 inter~

1747 2976 1988 3043 vallum;
2014 2990 2136 3029 nam
2157 2974 2286 3045 quia
2328 2976 2460 3032 solis
2486 2992 2651 3031 cursu
2674 2976 2931 3031 metimur
2953 2990 3155 3030 annum
3172 3016 3188 3043 ,
3219 2992 3312 3033 so~

81 3065 310 3130 τρεῖται·
346 3063 379 3132 ἡ
423 3060 480 3113 δὲ
507 3058 600 3113 τοῦ
636 3059 783 3130 ἡλίου
828 3057 1040 3129 κίνησις
1086 3053 1359 3119 κυκλικῶς
1398 3053 1652 3123 ἐνεργου-

1750 3064 1817 3120 lis
1844 3078 1974 3120 vero
2002 3074 2180 3119 motus
2205 3064 2259 3119 in
2282 3064 2468 3120 orbem
2493 3066 2765 3130 evolutus,
2785 3075 2839 3120 et
2866 3065 2934 3121 ab
2965 3081 3072 3121 uno
3105 3074 3311 3137 puncto

84 3119 233 3222 ιιίένη.
274 3119 503 3205 xui..de
542 3149 634 3204 τοῦ
657 3119 832 3203 ἀὐτοῦ
875 3119 1101 3220 σημείου
1142 3149 1221 3211 είς
1249 3145 1311 3200 τό
1341 3143 1473 3199 αὐτὸ
1493 3119 1646 3198 ἀπο·
1671 3119 1716 3179 c

81 3241 462 3314 καθισταμένη,
504 3242 596 3294 τὸν
638 3240 882 3294 ἐνιαυτὸν
923 3240 1132 3311 ὁρίζειο
1170 3238 1412 3299 ηείκότως
1451 3234 1544 3289 καὶ
1586 3233 1645 3286 τὸ

81 3330 385 3403 ὁριζόμενον
423 3331 672 3403 χρονικδν
712 3330 985 3401 διάστημα
1039 3328 1144 3382 ὑπὸ
1191 3327 1302 3381 τῶν
1354 3326 1446 3381 τοῦ
1493 3325 1644 3397 ἡλίου

80 3421 342 3474 κυκλικῶν
391 3422 679 3491 κινήσεων,
713 3418 742 3472 ὃ
785 3418 880 3472 καὶ
926 3416 1171 3471 ἐνιαυτὸν
1215 3412 1510 3483 καλοῦμεν,
1543 3410 1644 3465 κύ-

80 3511 196 3574 κλος
238 3512 440 3583 ἐκλήθη
460 3528 474 3543 ο
510 3508 995 3580 συνεπινοουμένης
1020 3508 1114 3560 καὶ
1144 3506 1243 3576 τῆς
1270 3504 1365 3558 τοῦ
1395 3500 1641 3557 ἐνιαυτοῦ

78 3600 331 3673 ιύιήσεως,
366 3600 595 3665 ἐντελῶς
638 3600 835 3664 κύκλος
881 3598 1148 3662 ἐνιαύσιος
1193 3595 1281 3667 εἴη
1313 3595 1380 3650 ἂν
1422 3594 1641 3665 ὠνομαο

81 3693 285 3762 σμένος.

142 3787 367 3858 Προῖασι
392 3785 438 3839 δ’
470 3786 520 3837 οἱ
551 3783 809 3840 ἐνιαύσιοι
833 3776 979 3837 οὗτοι
1012 3781 1201 3835 κύκλοι
1229 3779 1325 3833 τοῦ
1350 3777 1500 3849 ἡλίου
1544 3775 1639 3846 ἀφ’

79 3877 186 3940 ἐνὸς
216 3876 341 3949 ἄχρι
368 3875 477 3930 τῶν
507 3881 613 3947 κη’,
645 3876 739 3929 καὶ
766 3875 927 3929 πάλιν
958 3874 1131 3944 ἀρχὴν
1156 3872 1520 3943 λαμϐάνουσιν
1544 3869 1637 3937 ἀφ’

77 3969 207 4033 ἑνὸς,
229 3969 292 4021 δι’
327 3968 505 4023 αἰτίαν
528 3967 798 4039 τοιαύτην.

77 4084 172 4136 Διά
230 4084 286 4136 τί
325 4080 503 4151 μέχρι
570 4079 690 4135 τῶν
736 4080 1148 4204 κηὲᾶτροΐασιν
1194 4079 1249 4130 οι
1303 4076 1410 4131 τοῦ
1453 4074 1636 4142 ἡλίου

736 4169 811 4204 xv
895 4168 969 4204 οι.

736 4168 969 4205 aevum.

140 4266 216 4321 B'.
252 4265 358 4320 Τοῦ
379 4264 713 4340 δημιουργοῦ
733 4266 840 4319 τῶν
867 4265 1003 4320 ὅλων
1036 4264 1170 4319 Θεοῦ
1190 4263 1348 4335 τήνδε
1377 4263 1477 4336 τὴν
1496 4264 1635 4335 ὁρω-

76 4359 241 4429 μένην
268 4362 445 4414 πᾶσαν
476 4360 652 4414 κτίσιν
674 4360 732 4413 ἐν
760 4359 995 4431 ἡμέραις
1021 4357 1081 4423 ἒξ
1100 4358 1181 4422 εἰς
1206 4357 1265 4412 τὸ
1288 4353 1428 4411 εἶναι
1454 4374 1634 4428 παρα-

1748 3155 1816 3211 ad
1856 3155 1998 3211 idem
2036 3170 2290 3212 reversus
2330 3154 2520 3211 definit
2574 3171 2817 3223 annum;
2874 3157 3138 3228 temporis
3174 3157 3308 3213 illud

1741 3244 2083 3299 intervallum
2112 3245 2257 3316 quod
2312 3247 2571 3303 solarium
2616 3247 2944 3301 circuituum
2994 3247 3166 3318 spatia
3199 3249 3309 3302 cir-

1740 3337 2137 3400 cumscribunt,
2161 3337 2400 3394 circulus
2423 3338 2606 3393 vocari
2629 3339 2826 3393 meruit
2855 3353 2869 3391 :
2894 3354 3004 3409 quo
3026 3354 3149 3394 cum
3174 3339 3304 3394 anni

1740 3445 1959 3501 quoque
1994 3429 2583 3501 appellationejuncta,
2608 3445 2825 3485 annuus
2852 3430 3093 3486 circulus
3128 3430 3306 3486 nomi-

1742 3528 1923 3579 natur.

1802 3785 1972 3842 Porro
2000 3785 2225 3842 annales
2252 3785 2344 3841 isti
2363 3784 2553 3841 circuli
2576 3785 2708 3842 solis
2730 3785 2800 3840 ab
2828 3800 2846 3839 l
2878 3783 2946 3839 ad
2973 3800 3145 3841 xxvm
3171 3798 3301 3856 pro-

1736 3877 2072 3947 gressionem
2101 3874 2339 3943 faciunt;
2386 3875 2621 3947 indeque
2670 3877 2740 3932 ab
2788 3892 2901 3931 uno
2959 3891 3154 3932 rursus
3210 3878 3298 3931 in-

1735 3969 2011 4024 choantur
2047 3983 2059 4019 :
2099 3969 2243 4037 quod
2279 3968 2351 4023 ob
2379 3968 2520 4024 hanc
2543 3982 2764 4023 causam
2790 3966 3011 4024 accidit.

1739 4078 1896 4151 195
1959 4079 2135 4145 Quare
2176 4079 2246 4132 ad
2299 4094 2472 4160 XXVIll
2525 4094 2689 4202 ulsque
2748 4081 3035 4146 procedunt
3096 4078 3297 4134 salares

2398 4165 2544 4202 circa
2572 4166 2610 4202 ι.

2398 4165 2610 4203 οινοιιιι.

1802 4259 1867 4316 ll.
1906 4259 2041 4314 Cum
2076 4258 2273 4315 artifex
2305 4274 2488 4314 rerum
2512 4257 2755 4313 omnium
2784 4257 2930 4313 Deus
2960 4264 3127 4312 totam
3154 4257 3296 4313 hanc

1734 4359 2039 4407 ereatarum
2068 4366 2251 4406 rerum
2282 4350 2696 4405 universitatem
2738 4349 2960 4404 molitus
3001 4349 3072 4403 sit
3101 4348 3294 4404 diebus

71 4454 349 4520 γαγόντος,
387 4455 453 4524 τῇ
488 4452 533 4505 δ’
578 4451 776 4524 ἐϐδόμῃ
805 4452 1320 4523 καταπαυσαμένου,
1356 4451 1432 4515 ὡς
1462 4452 1496 4520 ἡ
1532 4451 1632 4520 τῆς

1749 4443 1958 4497 )mnino
1982 4457 2074 4497 sex
2095 4481 2112 4509 ,
2140 4440 2371 4511 septima
2395 4439 2746 4511 requieverit,
2781 4448 2841 4494 ιιι
2858 4446 2946 4494 est
2975 4439 3029 4493 in
3061 4438 3293 4493 historia

71 4541 335 4608 Γενέσεως
364 4546 566 4616 ἱστορεῖ
588 4543 786 4614 βίϐλος,
807 4544 837 4596 ὁ
863 4543 978 4614 μετ’
996 4543 1212 4614 ἐκείνην
1233 4543 1333 4616 τὴν
1361 4541 1632 4613 ἑϐδομάδα

72 4637 667 4707 συμπαρεκτεινόμενος
717 4637 863 4700 ἅπας
909 4637 1100 4707 χρόνος
1144 4639 1257 4700 τοῖς
1289 4632 1439 4690 οὖσιν
1484 4635 1632 4689 ἑϐδο-

72 4726 313 4794 ματιὼ
339 4730 461 4782 κατ’
476 4728 693 4799 ἐκείνην
717 4731 1015 4800 μετρεῖται.
1030 4729 1277 4800 Κὰπειδὴ
1296 4729 1388 4782 καὶ
1407 4731 1434 4783 ό
1457 4728 1627 4799 ἥλιος,

67 4814 161 4885 τὴν
204 4816 335 4870 ἰδίαν
358 4816 678 4888 ποιούμενος
705 4816 939 4887 κίνησιν,
970 4816 1078 4870 ἀπὺ
1115 4815 1209 4869 τοῦ
1253 4815 1416 4870 αὐτοῦ
1462 4819 1542 4880 εἰς
1569 4816 1630 4869 τὸ

65 4909 195 4962 αὐτὸ
225 4914 444 4981 σημεῖον
467 4910 535 4964 δι’
566 4909 788 4979 ἡμερῶν
819 4910 925 4974 τξε’
966 4910 1058 4963 καὶ
1086 4909 1125 4962 δ’
1160 4909 1386 4977 ἔγγιστα
1413 4910 1626 4962 ἀποκα-

67 4998 328 5063 θίσταται,
369 5002 464 5054 καὶ
517 5003 661 5053 ποιεῖ
689 4999 781 5052 τὸν
825 4998 1095 5054 ἐνιαύσιον
1133 5000 1331 5053 κύκλον
1376 4998 1625 5053 ἐντεῦθεν

63 5089 324 5156 τοσαύτας
349 5089 623 5161 περιέχειν
640 5106 654 5119 ο
675 5090 729 5143 αί
750 5089 807 5143 δέ
838 5088 1097 5144 τοσαῦται
1117 5088 1322 5161 ἡμέραι
1356 5088 1505 5161 παρὰ
1532 5089 1624 5142 τὸν

63 5181 158 5250 τῆς
179 5182 467 5254 ἑϐδομάδος
491 5181 689 5235 κύκλον
723 5180 1074 5254 μεριζόμεναι
1100 5181 1177 5252 νβ’
1206 5180 1448 5235 ποιοῦσιν
1473 5182 1624 5235 ἐϐδο-

64 5272 237 5339 μάὂας
264 5275 357 5326 καὶ
381 5271 594 5345 ἡμέραν
630 5271 756 5342 μίαν
773 5313 789 5337 ,
835 5274 930 5325 καὶ
955 5272 1081 5343 a'/6'
1100 5289 1115 5303 ·
1147 5273 1380 5343 φανερὸν
1399 5311 1415 5336 ,
1441 5273 1523 5326 ὅτι
1562 5272 1622 5324 ού

61 5364 229 5418 πᾶσαι
249 5363 357 5418 τῶν
391 5364 530 5418 ἐτῶν
559 5364 616 5416 αί
648 5364 814 5435 ἀρχαὶ
841 5363 983 5417 κατὰ
1022 5363 1119 5436 τὴν
1145 5364 1313 5437 αὐτὴν
1346 5365 1440 5419 καὶ
1493 5364 1623 5435 μίαν

60 5453 164 5505 τῶν
216 5454 312 5525 τῆς
358 5454 651 5525 ἑϐδομάδος
684 5452 906 5525 ἡμερῶν
945 5454 1202 5526 ἄρχονται
1225 5471 1236 5484 '
1284 5454 1420 5509 ἀλλὰ
1456 5472 1622 5526 μετα-

58 5539 331 5598 ϐαίνουσιν
379 5543 490 5598 ἀπὸ
541 5544 639 5615 μὲν
693 5542 917 5617 πρώτης
961 5548 1041 5609 είς
1083 5545 1382 5618 δευτέραν,
1417 5548 1525 5602 ἀπὸ
1564 5547 1621 5600 δὲ

57 5629 309 5706 δευτέρας
334 5640 416 5701 είς
448 5636 660 5709 τρίτην,
697 5636 789 5691 καὶ
821 5636 1073 5708 καθεξῆς.

1732 4535 1997 4591 Genesis:
2030 4540 2244 4602 tempus
2296 4531 2554 4602 deinceps
2595 4545 2779 4597 omne,
2814 4530 2957 4601 quod
2991 4531 3291 4586 secundum

1732 4628 1878 4681 illam
1907 4623 2303 4680 hebdomadam
2342 4636 2466 4677 cum
2516 4636 2698 4676 rerum
2727 4620 3073 4676 successione
3116 4620 3295 4675 conti-

1730 4730 1840 4770 nuo
1882 4720 2232 4784 propagatur,
2277 4710 2346 4766 ad
2388 4710 2579 4782 prima:
2616 4710 2765 4765 illius
2810 4710 3030 4764 modum
3076 4725 3174 4779 per
3204 4726 3293 4767 sco

1732 4807 2038 4878 ptenarium
2094 4819 2380 4860 numerum
2422 4802 2679 4874 exigitur.
2744 4802 2809 4856 Et
2871 4802 3128 4873 quoniam
3207 4804 3293 4860 sol

1728 4899 2007 4969 pr0prium
2048 4897 2272 4965 explens
2304 4896 2512 4962 orbem,
2558 4895 2627 4949 ab
2657 4909 2768 4948 uno
2807 4902 3009 4964 puncto
3049 4894 3115 4948 ad
3146 4893 3290 4950 idem

1726 5005 1927 5045 cccuv
1982 4988 2200 5051 diebus,
2261 4994 2316 5043 et
2374 4988 2481 5042 diei
2533 4984 2922 5057 propemodum
2986 4984 3291 5055 quadrante

1728 5082 2026 5137 revolvitur
2065 5089 2226 5149 atque
2248 5094 2489 5134 annuum
2514 5077 2803 5133 circuitum
2828 5074 3053 5131 totidem
3093 5077 3287 5132 diebus

1726 5180 2064 5228 constantem
2093 5169 2257 5224 ellicit
2288 5188 2301 5224 :
2341 5184 2461 5238 qua:
2492 5167 2710 5240 quidem
2752 5168 2870 5223 dies
2900 5182 2997 5238 per
3036 5176 3292 5239 septena-

1725 5264 1867 5318 rium
1900 5264 2169 5318 circulum
2202 5262 2509 5317 distributa:
2559 5269 2757 5333 praeter
2804 5262 3173 5319 hebdomadas
3213 5277 3287 5317 LII

1725 5371 1890 5410 unam
1920 5355 2061 5409 diem
2105 5352 2351 5408 efﬁciunt
2387 5368 2511 5408 cum
2551 5352 2878 5421 quadrante,
2929 5352 3280 5409 manifestum

1723 5454 1807 5502 est
1838 5462 1945 5501 non
1974 5444 2218 5501 omnium
2253 5460 2521 5501 annorum
2555 5445 2711 5500 initia
2747 5446 2816 5501 ab
2853 5462 2961 5501 una
2991 5446 3301 5515 eademque,

1723 5538 1811 5593 die
1850 5536 2207 5592 hebdomadis
2246 5537 2528 5607 incipere:
2571 5535 2668 5591 sed
2712 5551 2742 5590 a
2784 5537 2958 5608 prima
2989 5536 3281 5591 transitum

1724 5627 1791 5681 ad
1833 5627 2128 5683 secundam
2177 5626 2402 5685 facere:
2441 5628 2507 5683 ab
2558 5629 2659 5683 hac
2707 5629 2773 5683 ad
2832 5631 3071 5695 tertiam,
3123 5626 3280 5682 dein-

1725 5736 1957 5793 cepsque
1981 5729 2233 5777 caeteras.
