3808 6312
108 326 243 382 1985

1013 333 1239 390 ISAACI
1275 335 1581 394 MONACHI
1619 339 1998 400 COMPUTUS
2034 344 2480 406 ECCL‘ESlAST.

3216 328 3353 418 less

106 444 300 516 ἔχομεν
326 445 391 498 τὸ
420 445 768 519 ζητούμενον.
797 442 921 504 Οἷον
950 451 1027 515 ὡς
1046 453 1104 508 tv
1139 453 1497 528 ὑποδείγματι
1538 458 1677 513 κατὰ

1784 464 2095 520 centenario
2140 474 2405 531 vertente,
2461 465 2566 522 hoc
2608 476 2694 525 est
2745 472 2923 529 sexies
2970 473 3261 532 millesimo
3296 486 3350 532 et

105 536 163 589 τὸ
211 537 580 609 προκείμενον
628 539 778 605 ἔτος,
814 543 973 606 ἐπεὶ,
1035 544 1533 619 συμπληρουμένης
1582 551 1681 621 τῆς

106 627 487 702 παρελθούσης
505 630 1033 705 ἑκατονταετηρίδος,
1058 638 1224 708 ἡγουν
1248 637 1342 692 τοῦ
1363 646 1477 704 ,ςω’
1505 640 1679 706 ἔτους,

106 720 179 773 κδ’
201 715 273 791 ἦν
306 722 335 774 ὁ
366 720 464 774 τοῦ
495 721 647 793 ἡλίου
686 723 906 790 κύκλος,
940 726 1111 781 ταῦτα
1146 730 1224 784 κδ’
1265 730 1574 803 κρατοῦμεν
1606 732 1682 797 ὡς

106 812 357 884 θεμέλιον
392 815 525 886 παρ’
557 815 686 887 ὃλην
748 815 848 889 τὴν
894 819 1252 894 ἐνισταμένην
1295 824 1682 896 ἑκατονταετη-

106 905 254 976 ρίδα⁶
283 907 383 960 καὶ
413 907 626 972 τούτοις
651 910 1031 980 προστιθέντες
1055 913 1123 968 τὰ
1153 915 1314 987 μέχρι
1348 915 1441 970 τοῦ
1462 915 1558 970 νῦν
1587 918 1681 971 κα)⁵

105 996 392 1071 αὺτοῦ-ἔτη
427 1006 541 1067 πα’,
570 999 640 1053 τὰ
668 1001 935 1073 γενόμενα
964 1012 1051 1077 ίρε¹
1082 1008 1376 1079 μερίζομεν
1412 1010 1562 1082 παρὰ
1591 1010 1680 1065 τὸν

103 1097 209 1162 κη’,
238 1091 337 1145 καὶ
368 1090 903 1166 τὰ-καταλειπόμενα
937 1098 1030 1151 καὶ
1057 1097 1198 1153 οὕτω
1228 1101 1317 1154 κα¹
1342 1104 1519 1174 φαμὲν
1541 1098 1679 1157 εἶναι

102 1181 189 1235 τὸν
214 1183 420 1238 κύκλον
449 1183 544 1238 τοῦ
574 1186 747 1257 ἡλίου.

169 1276 415 1345 Εῦλογον
451 1277 497 1330 δ’
548 1278 616 1332 ἂν
669 1280 754 1352 είη
786 1282 881 1336 καὶ
931 1282 1032 1354 τὴν
1074 1285 1165 1338 ἐπὶ
1208 1287 1322 1349 τοῖς
1372 1288 1682 1359 εἰρημένοις

102 1365 525 1422 ἀνακύπτουσαν
558 1369 916 1442 προθεμένοις
959 1374 1193 1445 ἀπορίαν
1233 1377 1482 1431 ἐνταυθοῖ
1522 1377 1680 1432 λῦσαι

103 1461 238 1514 κατά
269 1461 333 1514 τὸ
385 1463 687 1536 ἐγχωροῦν.
715 1468 869 1520 Ἔστι
899 1466 957 1520 δὲ
989 1466 1148 1539 αὕτη.
1185 1468 1257 1520 Τὸ
1308 1468 1522 1539 πρῶτον
1563 1468 1682 1533 ἔτος

102 1550 207 1602 τῶν
239 1551 492 1621 ἡλιακῶν
525 1553 741 1608 κύκλων
787 1556 896 1610 ἀπὸ
922 1557 1133 1628 ἡμέρας
1162 1556 1407 1629 πρώτης,
1435 1559 1680 1613 τουτέστι

102 1644 415 1714 Κυριακῆς,
447 1644 659 1716 ἔφαμεν
681 1647 944 1719 ἄρχεσθαι
966 1688 981 1711 ,
1017 1647 1159 1702 καθὰ
1189 1648 1252 1721 δὴ
1306 1650 1398 1704 καὶ
1426 1650 1535 1704 ἀπὸ
1582 1652 1683 1723 τῆς

101 1736 494 1806 κοσμογενείας
547 1738 782 1810 πρῶτον.
828 1740 987 1794 Ἀλλά
1025 1740 1157 1805 νῦν,
1185 1743 1351 1813 ἡνίκα
1393 1745 1422 1796 ὁ
1466 1744 1682 1817 πρῶτος

1782 554 2259 625 octingentesimo,
2298 559 2487 628 cyclus
2520 570 2638 615 erat
2668 562 2804 618 solis
2848 580 2997 631 xxiv,
3048 565 3197 622 hunc
3247 584 3354 624 nu-

1782 656 2014 707 merum,
2057 645 2207 700 velut
2254 647 2517 713 radicem,
2566 657 2684 705 toto
2724 665 2989 723 sequente
3033 660 3356 716 centenario

1779 733 2099 801 retinemus,
2135 737 2202 791 ad
2234 755 2394 809 quem
2428 742 2681 800 residuos
2722 746 2788 799 ad
2834 747 2979 803 hunc
3003 764 3179 807 annos
3220 754 3357 824 adji~

1780 823 1987 882 cientes
2025 826 2115 893 81,
2160 844 2433 886 summam
2478 832 2606 890 inde
2647 835 2951 895 confectam
2995 843 3099 898 105
3144 860 3242 916 per
3281 847 3357 904 ΞΒ

1782 914 2097 983 dividimus,
2133 922 2277 990 quod
2306 923 2578 995 reliquum
2620 936 2726 991 est,
2773 946 2967 1004 nempe
3006 934 3097 1001 2i,
3134 914 3351 1010 cyclum

1784 1006 1917 1064 solis
1944 1023 2066 1065 esse
2092 1010 2346 1069 dicimus.

1854 1269 1959 1328 Sed
2003 1289 2112 1329 non
2164 1276 2262 1332 abs
2311 1293 2371 1333 re
2423 1277 2585 1335 fuerit
2632 1283 2987 1353 quaestionem
3035 1290 3351 1358 quamdam,

1780 1376 1901 1431 quae
1927 1378 1994 1418 ex
2015 1364 2083 1419 iis
2104 1379 2225 1435 qua:
2241 1367 2382 1422 dicta
2406 1378 2534 1425 sunt
2551 1373 2745 1438 oritur,
2774 1374 2882 1439 hic,
2904 1379 3084 1447 quoad
3110 1380 3164 1434 in
3187 1383 3350 1439 nubis

1782 1451 1948 1508 situm
1975 1464 2078 1521 est,
2105 1457 2425 1516 dissolvere.
2453 1461 2547 1518 Est
2580 1473 2760 1521 autem
2794 1468 3084 1537 ejusmodi.
3104 1470 3349 1530 Primum

1782 1559 1984 1600 annum
2035 1550 2313 1621 cyclorum
2373 1554 2634 1610 solarium
2687 1573 2715 1612 a
2768 1560 2945 1629 prima
3011 1562 3168 1631 feria,
3233 1568 3354 1623 sive

1783 1635 2088 1706 Dominica,
2116 1642 2361 1699 inchoari
2386 1644 2647 1713 diximus,
2680 1648 2807 1705 item
2850 1660 2909 1705 ut
2947 1668 3125 1713 annus
3157 1659 3349 1713 mundi

1782 1730 1992 1800 primus
2037 1732 2273 1789 indidem
2334 1739 2588 1808 occcepit.
2656 1741 2825 1812 Atqui
2881 1744 3066 1811 hodie,
3131 1750 3352 1818 quoties

100 1828 326 1898 ἡλιακδς
371 1831 533 1902 ἐνστῇ
570 1830 790 1894 κύκλος,
845 1834 952 1885 ἀπὸ
986 1833 1197 1905 ἡμέρας
1229 1833 1275 1905 β’
1304 1835 1552 1907 ἄρχεται,
1586 1837 1680 1891 καὶ

1784 1822 1992 1893 primus
2032 1824 2135 1878 init
2179 1825 2311 1882 solis
2353 1828 2615 1895 circulus,
2672 1832 2832 1905 196
2871 1835 3060 1908 incipit
3090 1839 3226 1894 feria
3261 1856 3351 1897 se-

98 1922 157 1974 ού
189 1922 441 1994 πρώτης.
488 1924 600 1977 Καὶ
636 1924 692 1978 τί
718 1924 784 1979 ἄν
829 1925 912 1996 εἴη
958 1926 1019 1979 τὸ
1059 1926 1231 1980 αἴτιον
1275 1927 1377 1998 τῆς
1408 1929 1549 1984 κατὰ
1583 1930 1679 2003 τὴν

100 2008 326 2081 πρώτην
375 2012 591 2083 ἡμέραν
617 2014 825 2087 ταύτην
866 2015 1165 2089 διαφορᾶς;
1209 2018 1319 2070 Καὶ
1347 2018 1485 2093 αὕτη
1525 2021 1677 2094 μὲνὴ

99 2103 303 2157 ἀπορία
322 2120 336 2133 ·
373 2102 559 2177 λυθείη
587 2105 632 2158 δ’
666 2106 731 2160 ἃν
752 2106 926 2172 οὕτως
954 2109 1094 2162 κατὰ
1117 2108 1177 2162 τὸ
1215 2108 1457 2181 εὔλογον.

163 2192 276 2263 Τῆς
314 2194 525 2264 κυρίως
575 2195 751 2267 ἀρχῆς
804 2196 898 2250 τοῦ
921 2196 1095 2261 ἔτους,
1139 2198 1262 2267 ἥτις
1310 2201 1430 2254 ἐστὶ
1462 2199 1584 2256 καθ’
1611 2202 1678 2274 ἢν

94 2285 311 2357 ἡμέραν
350 2288 380 2339 ὁ
438 2285 768 2360 δημιουργὸς
810 2288 919 2343 τῶν
962 2289 1098 2343 ὅλων
1145 2290 1279 2355 Θεὸς
1320 2293 1422 2363 τῆς
1473 2294 1678 2349 τούτων

97 2376 365 2444 γενέσεως
387 2376 613 2449 ἤρξατο,
638 2379 1010 2450 ἀγνοουμένης
1034 2382 1091 2433 tv
1121 2380 1248 2452 ποίᾳ
1277 2382 1385 2435 τῶν
1407 2381 1498 2435 τοῦ
1525 2382 1678 2447 ἔτους

97 2467 245 2521 ἐστὶν
277 2469 527 2540 ἡμερῶν,
555 2468 729 2524 ἄλλων
757 2471 925 2536 ἄλλας
953 2473 1126 2544 ἀρχὰς
1147 2473 1554 2546 ὑποτιθεμένων
1581 2475 1675 2529 τοῦ

94 2559 274 2626 ἔτουςσ
323 2562 550 2635 ἐπειδὴ,
581 2565 709 2617 ὅταν
761 2565 955 2636 ἐπιστῇ
1009 2567 1039 2618 ὁ
1069 2566 1200 2636 παρ’
1244 2568 1375 2636 ἡμῖν
1427 2567 1675 2638 Σεπτέμ-

96 2651 269 2723 ϐριος,
298 2653 360 2708 ὃν
390 2654 567 2727 ἀρχὴν
603 2654 905 2726 ποιούμεθα
941 2655 1036 2709 τοῦ
1066 2655 1240 2721 ἔτους,
1275 2655 1322 2721 ζ’
1366 2658 1514 2711 ἐστὶν
1544 2659 1679 2730 ἡμέ-

99 2763 195 2816 per
233 2748 365 2801 ὅταν
412 2748 469 2801 δὲ
516 2750 546 2801 ὁ
603 2748 928 2822 Ὀκτὼϐριος
952 2790 966 2815 ,
1010 2749 1086 2821 β’·
1118 2751 1452 2823 οἰκειοτέραν
1501 2751 1676 2823 ἀρχὴν

98 2839 399 2912 ποιούμεθα
426 2841 540 2894 τῶν
574 2842 819 2913 ἡλιακῶν
847 2842 1062 2897 κύκλων
1088 2843 1187 2915 τὴν
1213 2843 1307 2897 τοῦ
1347 2844 1674 2917 Ὀκτωϐρίου

94 2932 290 3005 ἀρχὴν,
316 2932 351 3003 ἡ
378 2932 481 3003 τὴν
511 2932 605 2987 τοῦ
641 2933 1034 3008 Σεπτεμϐρίου.
1065 2935 1237 2989 Τοῦτο
1260 2935 1318 2990 δὲ
1345 2935 1675 3010 σαφέστερον

95 3026 396 3097 ποιήσομεν
422 3027 527 3079 κάν
573 3029 640 3098 τῇ
674 3026 882 3099 μεθόδῳ
930 3026 1025 3081 τοῦ
1055 3030 1514 3101 ἡμεροευρεσίου⁸
1552 3031 1675 3102 ἡτις

96 3117 186 3170 καὶ
218 3116 333 3188 ἔχει
368 3117 567 3182 οὕτως.

431 3232 698 3299 Μέθοδος
726 3233 831 3288 τοῦ
853 3234 1342 3304 ήμεροευρεσίου.

159 3327 233 3379 Δ’,
271 3325 447 3378 Ὅταν
481 3324 639 3396 τήνδε
672 3326 794 3380 τινὰ
818 3327 909 3380 τοῦ
957 3329 1308 3399 ἐνισταμένου
1344 3328 1512 3399 μηνὸς
1537 3329 1675 3400 ἡμέ-

98 3431 190 3482 ραν
222 3415 480 3486 ζητῶμεν
512 3416 712 3487 εύρεῖν,
738 3418 795 3470 ὲν
824 3417 928 3471 τίνι
962 3418 1070 3471 τῶν
1092 3419 1193 3490 τῆς
1225 3419 1513 3490 ἑϐδομάδος
1540 3422 1676 3491 ἡμε-

97 3507 202 3573 ρῶν
238 3508 554 3580 συμϐαίνει,
589 3509 938 3580 λαμϐάνομεν
996 3511 1086 3564 τὸν
1126 3511 1359 3583 ἀριθμὸν
1395 3511 1503 3565 τῶν
1534 3530 1675 3585 παρ-

95 3597 357 3652 ελθόντων
398 3598 617 3653 κύκλων
667 3600 760 3653 τοῦ
795 3601 967 3670 ἡλίου,
1014 3601 1152 3673 πλὴν
1196 3602 1291 3656 τοῦ
1346 3603 1670 3668 ἐνεστῶτος·

90 3689 185 3741 καὶ
217 3687 395 3760 τούτῳ
442 3689 805 3762 προστίθεμεν
848 3692 945 3755 τάς
978 3709 1037 3744 τε
1082 3692 1190 3746 ἀπὸ
1234 3694 1334 3763 τῆς
1365 3694 1539 3765 ἀρχῆς
1578 3692 1672 3746 τοῦ

95 3779 264 3851 μηνὸς
298 3781 513 3834 ἐκείνου
558 3782 772 3855 ἡμέρας
806 3783 932 3855 ἄχρι
969 3785 1063 3838 καὶ
1104 3785 1278 3855 αὐτῆς
1326 3786 1426 3856 τῆς
1477 3784 1673 3857 ζητου-

96 3871 289 3940 μένης,
318 3869 400 3922 ἔτι
444 3887 506 3922 τε
552 3872 652 3942 τὴν
684 3871 928 3941 ὲπακτὴν
978 3871 1072 3924 τοῦ
1108 3872 1272 3925 αύτοῦ
1317 3872 1504 3942 μηνὸς,
1550 3873 1674 3943 ἥτις

92 3958 240 4013 ἐστὶν
287 3959 623 4032 Ὀκτωϐρίου
666 3961 763 4032 μὲν
800 3961 981 4033 ἡμέρα
1018 3960 1087 4013 α’.
1133 3960 1264 4013 Ἀπὸ
1296 3961 1403 4031 γὰρ
1431 3962 1530 4032 τῆς
1574 3980 1674 4015 κυ-

92 4050 221 4120 ρίως
253 4053 432 4123 ἀρχῆς
459 4051 554 4105 τοῦ
597 4052 769 4119 ἔτους,
810 4054 932 4123 ἥτις
968 4052 1114 4105 ἐστὶν
1142 4051 1325 4122 ἡμέρα
1358 4057 1429 4114 α’,
1461 4052 1495 4122 ἢ
1532 4052 1673 4105 κατὰ

87 4142 185 4214 τὴν
219 4150 266 4198 α’
306 4145 408 4216 μὲν
439 4144 534 4197 τοῦ
588 4145 948 4217 Ὀκτωϐρίου,
993 4146 1051 4197 tv
1083 4143 1269 4215 ἡμέρᾳ
1310 4141 1352 4209 β’
1385 4143 1669 4214 γινομένη,

90 4238 220 4305 μιᾶς
245 4224 461 4309 ἡβρας
481 4238 626 4290 ποιεῖ
652 4237 963 4309 μετάθεσιν.

524 4348 752 4403 Ὀκτὼϐ.
934 4349 1011 4401 λα’
1056 4357 1105 4402 α’

428 4446 432 4450 -
511 4418 816 4490 Νοέμϐριος
971 4418 1016 4472 λ’
1061 4419 1104 4471 δ’

512 4489 746 4560 Δεκέμϐ,
936 4489 1017 4560 λα’
1050 4496 1105 4560 ς’

525 4559 786 4631 Ἰανουάρ.
935 4559 1017 4612 λα’
1057 4559 1103 4629 β’

518 4631 820 4703 φεβρουάρ-
931 4637 1017 4703 κη’
1065 4637 1107 4682 ε’

514 4698 781 4772 Μάρτιοςξ
938 4698 1019 4772 λα’
1068 4707 1109 4753 ε’

531 4770 803 4843 Ἀπρίλιος
941 4840 952 4843 _
978 4770 1021 4823 λ’
1060 4778 1107 4824 α’

516 4840 694 4904 Μάῖος
941 4840 1018 4893 λα’
1058 4848 1108 4909 γ’

525 4913 743 4976 Ἰούνιος
973 4911 1018 4963 λ’
1050 4918 1104 4975 ς’

525 4981 742 5045 Ἰούλιος
934 4981 1016 5034 λα’
1054 4987 1105 5034 α’

512 5051 819 5120 Αὔγουστος
930 5053 1011 5104 λα’
1060 5052 1103 5104 δ’

512 5121 784 5193 Σεπτέμϐ.
974 5121 1018 5174 λ’
1057 5120 1102 5186 ζ’

152 5237 267 5291 Καὶ
304 5236 450 5291 τοῦτ’
473 5237 620 5290 ἐστὶν
644 5238 780 5308 ὅπερ
807 5235 903 5289 καὶ
931 5236 1188 5307 ἀνωτέρω
1209 5235 1496 5306 ἐλέγομεν,
1517 5233 1669 5290 λύον-

75 5345 171 5392 τες
198 5328 298 5399 τὴν
326 5326 768 5397 ἀναφαινομένην
812 5326 1069 5397 ἀπορίαν.
1101 5326 1213 5380 Καὶ
1250 5324 1451 5396 ἐφεξῆς
1490 5326 1669 5396 Νοεμ-

78 5421 238 5492 ϐρίου
266 5421 476 5493 ἡμέραι
519 5419 580 5472 δ’.
627 5418 768 5482 Ὅτι,
795 5416 875 5471 λα’
921 5417 1134 5488 ἡμέρας
1178 5416 1276 5471 τοῦ
1331 5416 1666 5488 Ὀκτωϐρίου

76 5508 317 5581 ἔχοντες,
349 5512 553 5583 ἡμέραι
586 5517 636 5579 γ’
678 5509 815 5581 μετὰ
848 5509 952 5572 τὰς
986 5509 1028 5562 δ’
1061 5508 1475 5581 περιττεύουσιν
1517 5508 1667 5563 ἐϐδο-

83 5601 289 5667 μάδαςο
328 5598 493 5657 αὗται
516 5601 573 5655 δὲ
609 5602 746 5672 μετὰ
784 5601 879 5654 καὶ
914 5600 1016 5671 τῆς
1049 5601 1159 5672 πρὸ
1185 5600 1281 5653 τοῦ
1332 5600 1665 5672 Ὀκτωϐρίου

82 5688 219 5756 μιᾶς
248 5696 286 5741 υ
328 5693 567 5749 ποιοῦσι.
604 5693 943 5766 Δεκεμϐρίου
977 5694 1033 5747 δὲ
1068 5699 1122 5759 ς’
1143 5710 1156 5722 ·
1193 5694 1276 5746 ὅτι
1329 5693 1466 5763 μετὰ
1496 5692 1595 5755 τὰς
1623 5691 1667 5744 δ’

80 5778 387 5847 ἑϐδομάδας
415 5784 444 5833 ὁ
481 5785 780 5858 Νοέμϐριος
817 5784 862 5856 β’
904 5784 1122 5857 ἡμέρας
1163 5784 1275 5856 ἔχει
1318 5783 1667 5857 περιττευούο

1700 3171 1748 3232 C

1781 1912 1982 1978 cauda,
2025 1930 2133 1969 non
2185 1916 2384 1987 prima.
2442 1917 2727 1975 Undenam
2766 1937 2896 1994 ergo
2969 1927 3158 1995 prima:
3202 1928 3354 1984 illius

1779 2004 1888 2061 diei
1938 2006 2234 2064 discrimen
2302 2012 2547 2067 accidit?
2600 2012 2697 2069 Est
2730 2015 2847 2071 htec
2897 2016 3011 2073 fere
3063 2018 3352 2077 dubitandi

1780 2094 1920 2149 ratio
1948 2114 1961 2150 :
2001 2097 2087 2150 eui
2130 2113 2231 2153 nos
2266 2110 2634 2159 consentanee
2655 2104 2736 2159 sic
2765 2109 3135 2164 occurrimus.

1854 2184 2049 2241 Verum
2078 2188 2209 2241 anni
2237 2190 2619 2261 primordium,
2654 2193 2759 2248 hoc
2805 2204 2890 2251 est
2918 2197 3037 2253 dies
3070 2200 3184 2264 illa,
3241 2215 3350 2271 qua

1778 2294 1962 2334 rerum
2014 2279 2259 2334 omnium
2321 2283 2657 2339 molitionem
2709 2300 2898 2341 earum
2953 2288 3151 2345 artifex
3206 2289 3351 2348 Deus

1779 2369 2037 2435 instituit,
2064 2370 2332 2426 incertum
2356 2381 2440 2428 est
2467 2389 2629 2444 quam
2658 2376 2714 2430 in
2742 2378 2870 2431 anni
2900 2377 3042 2434 diem
3073 2381 3348 2447 inciderit,

1777 2477 1903 2517 cum
1950 2463 2042 2517 alii
2101 2464 2207 2518 alia
2258 2474 2480 2520 sumant
2532 2482 2800 2523 annorum
2842 2469 3085 2527 exordia.
3139 2472 3350 2543 Quippe

1777 2554 1998 2611 ineunte
2050 2555 2356 2627 Septembri
2408 2566 2617 2627 nomo,
2664 2563 2758 2633 qui
2805 2579 3009 2618 annum
3057 2566 3200 2635 apud
3246 2582 3349 2623 nos

1777 2647 2011 2713 orditur,
2066 2649 2295 2720 septima
2357 2659 2442 2707 est
2494 2651 2669 2721 feria;
2703 2670 2830 2710 eum
2888 2665 3069 2714 autem
3113 2657 3351 2715 October

1776 2738 1992 2808 incipit,
2023 2741 2282 2795 secunda.
2316 2739 2444 2798 Ideo
2464 2743 2532 2797 ad
2560 2746 2689 2799 anni
2718 2747 3051 2818 principium
3081 2751 3346 2820 aptiorem

1776 2830 2033 2888 duximus
2075 2831 2385 2903 Septembri
2415 2835 2693 2892 ineuntem
2727 2837 3044 2896 Octobrem.
3094 2841 3248 2907 Quod
3290 2844 3348 2899 in

1777 2918 2025 2989 subjecta
2083 2922 2342 2978 methodo
2384 2926 2777 2997 investigandae
2827 2929 2979 2985 feria:
3040 2933 3351 2990 evidentius

1774 3011 2079 3081 apparebit,
2103 3028 2226 3085 quae
2254 3014 2322 3070 ad
2356 3016 2501 3071 hunc
2532 3019 2752 3073 modum
2787 3036 2846 3076 se
2880 3021 3064 3078 habet.

2126 3216 2408 3273 Methodus
2442 3220 2817 3292 investigandw
2837 3224 3003 3293 ferite.

1845 3304 1937 3363 ιν.
1981 3306 2186 3366 Mensis
2235 3310 2528 3379 cujuslibet
2560 3313 2792 3369 labentis
2816 3316 2959 3370 diem
3006 3316 3350 3388 inquirentes

1776 3413 1940 3468 quam
1984 3400 2038 3454 in
2096 3401 2457 3456 hebdomadis
2521 3404 2710 3458 feriam
2768 3404 2999 3472 incidat,
3056 3425 3346 3465 numerum

1778 3492 2048 3563 imprimis
2096 3502 2499 3550 transactorum
2533 3498 2665 3553 solis
2711 3501 2991 3569 cyclorum
3022 3502 3345 3572 accipimus,

1774 3601 1841 3642 eo
1876 3596 2124 3657 excepto,
2157 3588 2253 3659 qui
2289 3589 2580 3645 inchoatus
2611 3596 2730 3656 est;
2775 3598 2891 3643 tUm
2940 3591 3009 3645 ad
3050 3593 3194 3648 hunc
3243 3611 3346 3648 ηυ-

1776 3695 1989 3734 merum
2018 3680 2137 3736 dies
2170 3682 2379 3737 mensis
2419 3680 2487 3735 ad
2528 3696 2653 3737 eum
2701 3696 2876 3751 usque
2917 3682 3010 3752 qui
3061 3686 3344 3754 qumritur,

1774 3786 1899 3826 cum
1931 3778 2140 3844 epactis
2169 3774 2415 3845 ejusdem
2461 3775 2666 3829 mensis
2696 3773 3021 3843 adjicimus;
3056 3791 3120 3831 ea
3149 3780 3205 3832 in
3250 3776 3350 3834 Oc-

1775 3864 1918 3919 tobri
1940 3874 2025 3920 est
2060 3866 2111 3919 1.
2163 3865 2297 3920 Nam
2326 3882 2356 3920 a
2402 3882 2532 3921 vero
2568 3864 2698 3919 anni
2730 3864 3052 3936 primordio,
3098 3869 3244 3939 quod
3291 3869 3349 3926 in

1775 3957 1966 4012 feriam
2020 3958 2251 4026 primam
2303 3966 2613 4029 competere
2662 3957 2843 4019 debet,
2908 3958 3234 4028 trajectione
3288 3961 3348 4017 in

1774 4048 2003 4105 Kalend.
2040 4049 2305 4107 Octobres
2359 4050 2499 4105 faeta
2522 4090 2537 4114 ,
2584 4065 2704 4119 qua:
2736 4049 2942 4104 cadunt
2970 4051 3025 4105 in
3051 4053 3347 4109 secundam

1772 4140 1986 4209 feriam,
2010 4150 2065 4197 et
2094 4144 2221 4197 anui
2251 4143 2574 4214 principium
2603 4159 2634 4197 a
2671 4142 2832 4197 nobis
2862 4141 3252 4207 instituuntur,
3288 4143 3346 4200 ﬁt

1774 4232 1938 4287 unius
1964 4233 2071 4288 diei
2104 4234 2353 4288 mutatio.

2052 4342 2287 4400 October
2504 4364 2631 4402 xxxi
2782 4350 2804 4403 l

2052 4414 2359 4471 November
2502 4433 2609 4472 xxx
2774 4420 2806 4473 4

2054 4484 2355 4540 December
2499 4503 2629 4542 xxxi
2776 4492 2809 4544 6

2017 4581 2021 4595 -
2048 4555 2344 4609 Ianuarius
2502 4574 2631 4611 χχχι
2774 4561 2809 4613 2

2050 4624 2383 4684 Februarius
2498 4644 2667 4683 xxvut
2770 4632 2804 4685 5

2046 4695 2276 4752 Martius
2490 4714 2619 4753 xxxi
2767 4701 2802 4754 5

2050 4768 2255 4834 Aprilis
2504 4784 2610 4823 xxx
2780 4773 2804 4825 1

2052 4836 2229 4894 Maius
2499 4855 2627 4893 xxxi
2772 4842 2806 4893 5

2049 4907 2246 4962 Junius
2502 4925 2608 4962 xxx
2771 4913 2803 4965 6

2052 4976 2233 5032 Julius
2498 4995 2628 5033 xxx:
2774 4982 2797 5034 1

2051 5051 2331 5119 Augustus
2498 5065 2624 5104 xxx:
2771 5050 2801 5103 4

2055 5117 2376 5189 September
2497 5135 2605 5172 xxx
2775 5120 2805 5172 7

1840 5228 2018 5299 Atque
2047 5228 2153 5283 hoc
2180 5229 2362 5299 ipsum
2392 5239 2498 5295 est,
2529 5230 2676 5302 quod
2708 5232 2965 5303 superius
2997 5233 3341 5300 dicebamus,

1772 5338 1895 5376 cum
1948 5324 2245 5394 emergenti
2276 5325 2585 5394 ,quaastioni
2636 5326 3039 5396 respondimus.
3077 5327 3344 5397 Deinceps

1770 5412 2063 5469 Novembri
2119 5414 2238 5471 dies
2296 5432 2349 5469 IV
2396 5422 2727 5487 congruunt.
2794 5417 3010 5488 Quippe
3052 5432 3182 5472 xxxt
3225 5419 3342 5473 dies

1773 5505 1936 5560 habet
1971 5504 2212 5562 October
2264 5526 2279 5562 :
2316 5507 2462 5563 unde
2502 5523 2669 5579 supra
2700 5508 3075 5565 hebdomadas
3119 5525 3172 5564 IV
3213 5510 3341 5564 reli-

1771 5599 1864 5668 qui
1894 5605 2023 5653 sunt
2043 5598 2159 5653 dies
2187 5606 2345 5655 tres:
2390 5599 2590 5670 quibus
2629 5597 2818 5654 addito
2868 5616 2885 5654 ι
2930 5600 3021 5670 qui
3050 5596 3340 5653 Octobrem

1772 5691 2086 5752 antecessit,
2121 5687 2257 5743 fiunt
2288 5705 2361 5744 ιν.
2387 5688 2682 5745 December
2718 5703 2772 5741 v1
2814 5690 3038 5758 praebet,
3081 5684 3338 5756 quoniam

1772 5791 1969 5854 praeter
1994 5779 2383 5858 hebdomadas
2434 5794 2509 5836 ιν.
2552 5778 2860 5836 November
2903 5773 3337 5834 biduum-relin-
