3808 6322
497 312 638 371 128⁸1

1498 309 1585 365 Δί)
1619 308 1890 366 EUSEBII
1926 306 2320 365 CHRONICON
2358 307 2729 365 APPENDIX.

3592 316 3703 371 I288

495 429 637 500 quit.
669 426 816 500 quod
860 442 985 483 cum
1029 427 1308 499 prioribus
1333 431 1571 497 quatuor
1618 439 1715 481 sex
1753 423 1939 479 eIlicit.
1970 421 2064 478 Ja-
2091 430 2134 486 Α
2166 441 2296 489 σας·
2323 419 2459 480 circa

2169 441 2264 489 σας
2281 442 2296 455 ·
2323 419 2481 480 αὗται
2507 425 2566 479 δὲ
2598 424 2737 497 μετὰ
2766 427 2874 480 τῶν
2904 427 3188 500 προτέρων
3215 426 3258 481 δ’
3285 433 3340 494 ς’
3367 427 3598 485 ποιοῦσι.
3618 433 3703 487 Καὶ

496 520 729 577 nuarius
779 534 905 574 vero
947 533 987 572 ιι
1038 517 1268 573 obtinet.
1314 515 1526 587 Quippe
1567 530 1622 570 vr
1675 514 2060 572 antecedentes

494 628 622 667 cum
656 609 944 682 superﬂuis
970 625 1056 672 ιιι,
1081 623 1221 678 quas
1242 624 1409 680 supra
1461 624 1515 663 Iv
1548 607 1920 663 hebdomadas
1958 606 2062 661 De-

492 704 714 759 cember
744 702 921 767 habet,
950 716 1003 754 ix
1035 701 1355 763 coniiciunt,
1389 700 1457 755 de
1488 700 1691 770 quibus
1723 698 2061 753 hebdomade

492 796 794 854 subtracta,
840 791 1121 846 residuum
1165 800 1250 847 est
1291 792 1544 853 biduum,
1579 800 1742 860 atque
1788 789 1861 842 ita
1908 790 2063 844 dein-

489 898 641 953 ceps,
665 880 994 936 Februarius
1017 898 1071 947 ν,
1100 879 1328 936 Martius
1350 898 1401 946 ν,
1432 880 1688 950 quoniam
1708 877 2058 942 Februarius,

487 976 680 1032 diebus
734 983 997 1029 constans
1041 982 1169 1028 octo
1218 973 1483 1028 duntaxat
1538 981 1593 1027 et
1635 971 1849 1043 viginti,
1884 973 2063 1026 nullas

485 1065 659 1121 mensi
695 1065 939 1135 sequenti
959 1066 1217 1135 relinquit
1234 1074 1473 1134 epactas.
1490 1063 1694 1132 Aprilis
1717 1080 1753 1124 ι,
1778 1062 1949 1118 Maius
1977 1078 2059 1128 ιιι,

2159 518 2362 587 ὁμοίως
2405 518 2732 591 Ἱανουαρίου
2856 520 2922 572 Δί
2962 519 3072 591 γὰρ
3118 521 3383 592 πρότεραι
3423 521 3518 588 ἓξ,
3553 522 3702 577 nisi

2161 610 2573 681 περιττεύουσαι
2602 610 2704 674 τὰς
2745 610 3044 681 ἑϐδομάδας
3093 614 3235 666 κατὰ
3273 614 3365 667 τὸν
3406 615 3701 687 Δεκέμϐριον

2159 710 2230 772 γ’,
2256 702 2300 756 θ’
2330 703 2572 756 ποιοῦσιν
2591 719 2606 733 ⁸
2653 697 2729 757 ὧν
2758 703 3049 774 ἑϐδομάδος
3092 706 3525 777 ἀφαιρουμένης,
3552 707 3596 776 β’
3622 708 3702 761 λείη

2160 810 2350 847 πονται
2380 795 2605 866 ἡμέραι.
2637 794 2749 847 Καὶ
2789 795 2988 865 ἑφεξῆς
3031 796 3341 861 ἀκολούθως
3372 798 3700 871 Φεϐρουαρίω

2160 891 2223 949 ε’,
2249 885 2494 955 Μαρτίου
2530 884 2693 938 πάλιν
2737 892 2801 948 ε’,
2834 885 2922 939 διὰ
2967 886 3028 939 τὸ
3061 893 3148 957 κη’
3185 888 3415 958 ἡμερῶν
3465 890 3589 941 ὄντα
3631 892 3699 944 τὸν

2158 975 2519 1047 ⁴Ιιεϐρουτὶριον
2555 977 2825 1047 μηδεμίαν
2870 981 3042 1031 ποιεῖν
3088 978 3166 1049 τῷ
3199 980 3400 1051 ἑφεξῆς
3431 983 3560 1051 μηνὶ
3596 984 3700 1034 ἐπε-

2160 1064 2314 1132 κτὴν.
2345 1061 2621 1134 Ἀπριλίου
2653 1070 2724 1127 α’,
2759 1064 2936 1117 Μαΐου
2959 1070 3029 1132 γ’,
3073 1065 3290 1119 Ἰουνίου
3316 1073 3392 1131 ς’,
3426 1066 3629 1119 Ἰουλίου
3649 1073 3699 1131 α’,

2136 1150 2472 1219 ¹,Αὐγούστου
2493 1152 2557 1215 δ’,
2584 1153 2677 1207 καὶ
2702 1154 3073 1225 Σεπτεμϐρίου
3101 1153 3170 1218 ζ’.

2230 1242 2414 1295 Ταῦτα
2445 1243 2622 1296 τοίνυν
2655 1244 2990 1309 συντιθέντες
3026 1245 3302 1316 ἁλλὴλοις,
3334 1245 3435 1309 τάς
3464 1261 3522 1298 τε
3546 1244 3698 1314 δηλον-

2157 1334 2240 1387 ότι
2271 1331 2364 1387 τοῦ
2395 1335 2743 1404 ἐνισταμένου
2780 1336 2946 1405 μηνὸς
2984 1336 3200 1407 ἡμέρας
3231 1337 3395 1409 μέχρι
3444 1337 3537 1389 καὶ
3566 1336 3699 1406 αύτῆς

2156 1424 2255 1493 τῆς
2293 1424 2743 1494 ἐπιζητουμένης,
2787 1425 2881 1477 καὶ
2927 1424 3024 1489 τὰς
3056 1424 3153 1478 τοῦ
3199 1425 3368 1479 αὐτοῦ
3408 1425 3573 1496 μηνὸς
3599 1428 3700 1479 itu-

480 1152 681 1208 Junius
711 1169 785 1217 νι,
819 1152 997 1210 Julius
1029 1170 1068 1213 ι.
1103 1155 1386 1224 Augustus
1414 1169 1488 1215 iv,
1527 1151 1846 1223 September
1870 1167 1965 1205 νιι.

553 1244 651 1301 llis
699 1246 866 1316 igitur
910 1246 1144 1300 invicem
1193 1245 1416 1308 additis,
1453 1245 1712 1299 nimirum
1745 1246 1949 1300 mensis
1976 1245 2061 1299 in-

483 1337 666 1393 choati
725 1338 919 1394 diebus
975 1337 1045 1392 ad
1102 1340 1444 1408 propositum
1504 1354 1702 1407 usque,
1749 1344 1803 1392 et
1852 1337 2060 1391 mensis

482 1430 714 1501 epactis,
768 1444 981 1484 necnon
1039 1429 1328 1499 praeteritis
1384 1429 1554 1499 cyclis
1612 1428 1923 1491 solaribus,
2000 1436 2060 1480 ut

485 1520 693 1575 dictum
734 1527 840 1584 est,
872 1536 997 1575 cum
1032 1536 1223 1576 eorum
1261 1520 1681 1591 quadrantibus,
1717 1520 1922 1573 omisso
1953 1517 2057 1571 mi-
2157 1515 2313 1579 κτὰς,
2335 1517 2461 1569 καὶε

2169 1515 2313 1579 κτὰς,
2335 1517 2428 1569 καὶ
2454 1517 2589 1588 πρὶς
2613 1516 2824 1580 τούτοις
2852 1516 2978 1580 τούς
3002 1534 3061 1569 τε
3088 1516 3463 1589 παρελθόντας
3485 1519 3700 1589 ﬁliani»;

480 1626 618 1666 uore
663 1627 825 1683 quam
898 1628 951 1666 tv
1002 1627 1268 1679 numero;
1314 1627 1529 1667 summa
1579 1612 1815 1681 denique
1845 1626 1944 1680 per
1982 1625 2057 1664 τιι
2157 1607 2461 1671 κύκλους,ἁ

2169 1607 2409 1671 κύκλους,
2431 1607 2507 1672 ὡς
2535 1610 2747 1680 εἴρηται
2766 1649 2781 1673 ,
2814 1609 2906 1660 καὶ
2930 1608 2996 1662 τὰ
3022 1610 3228 1663 τούτων
3261 1610 3393 1679 (Il/'6'
3425 1611 3700 1681 παρεῶντες

478 1701 682 1764 divisa,
732 1704 1042 1768 residuum,
1090 1704 1239 1774 quod
1288 1704 1474 1758 minus
1515 1710 1599 1758 est
1636 1712 1865 1773 septem,
1901 1702 2059 1757 docet
2156 1697 2224 1751 τὰ
2260 1698 2461 1752 ἐλάττο-

2169 1697 2224 1751 ri
2260 1698 2518 1753 ἐλάττονα
2559 1701 2667 1753 τῶν
2699 1701 2764 1763 δ’,
2807 1702 2903 1754 καὶ
2934 1701 3025 1755 τὸν
3071 1702 3359 1773 γινόμενον
3410 1704 3544 1772 ὁμοῦ
3570 1704 3699 1757 πάλιν

468 1810 645 1865 quam
671 1796 727 1850 in
754 1795 941 1852 feriam
969 1798 1232 1867 quaesitus
1253 1796 1370 1851 dies
1394 1797 1600 1852 mensis
1623 1797 1768 1851 illius
1789 1796 2053 1849 incurrat.
2087 1776 2129 1831 Β
2157 1789 2385 1862 ἀριθμὸν
2421 1810 2461 1862 μ

2169 1789 2385 1862 Ξριθμὸν
2421 1792 2733 1864 μερίζοντες
2771 1795 2923 1866 παρὰ
2963 1796 3052 1848 τὸν
3083 1797 3151 1860 ζ’,
3194 1796 3266 1849 τὰ
3298 1796 3697 1867 καταλειπᾶμενα

478 1890 739 1947 ιλάττονα
755 1892 866 1947 τῶν
884 1893 949 1957 ζ’,
967 1892 1161 1964 ἔχομεν
1184 1894 1242 1946 ὲν
1269 1893 1397 1964 ποίᾳ
1412 1894 1518 1946 τῶν
1541 1893 1641 1962 τῆς
1661 1891 1948 1963 ἑϐδομάδος
1972 1885 2192 1960 ἡμερῶν
2221 1885 2506 1957 συμϐαίνει
2526 1889 2558 1959 ἡ
2576 1888 2972 1961 ἐπιζητουμένη
2999 1891 3182 1962 ἡμέρα
3204 1890 3299 1944 τοῦ
3320 1893 3491 1962 μηνὸς
3507 1890 3695 1947 ἐκείνου,

551 2003 798 2076 Exempli
844 2007 1057 2075 gratia:
1105 2005 1451 2076 Propositum
1484 2007 1555 2061 sit
1596 2005 1871 2077 inquirere
1916 2019 2057 2075 pra:-
2238 1994 2363 2053 Οἷον
2387 2001 2461 2054 επ

2238 1994 2363 2053 Οἷον
2387 2000 2480 2054 ἐπὶ
2513 1999 3097 2084 ὖποδείγματοςηέστω
3129 2002 3314 2074 ζητεῖν
3339 2007 3491 2075 ἡμᾶς
3516 2005 3606 2077 τὴν
3628 2003 3697 2058 τοῦ

483 2097 658 2151 sentis
688 2098 897 2154 mensis
923 2097 1179 2154 Octobris
1212 2099 1355 2154 diem
1388 2114 1537 2162 nrt,
1571 2114 1734 2169 quam
1765 2098 1820 2152 in
1851 2096 2058 2152 bebdo-
2160 2092 2426 2163 παρόντος
2459 2096 2461 2103 ⁴

2169 2092 2426 2163 παρόντος
2459 2093 2791 2165 Ὀκτωϐρίου
2818 2101 2910 2159 κς⁹
2936 2097 3139 2166 εὑρεῖν,
3173 2097 3233 2149 ἐν
3272 2097 3408 2168 ποίᾳ.
3447 2098 3546 2167 τῆς
3582 2096 3697 2150 ἑϐδο-

482 2187 660 2244 madis
686 2188 879 2243 feriam
909 2190 1092 2245 cadat.
1135 2189 1339 2261 Accipe
1367 2190 1485 2245 dies
1520 2191 1753 2261 primum
1785 2205 1932 2254 xm,
1962 2187 2055 2259 qui
2159 2184 2325 2253 μάδος
2347 2186 2455 2254 ήμε

2169 2184 2325 2252 μάδος
2347 2184 2573 2257 ἡμερῶν
2616 2185 2921 2255 συμϐαίνει.
2963 2187 3332 2258 Λαμϐάνομεν
3361 2190 3464 2254 τὰς
3499 2190 3597 2243 ἀπδ
3623 2190 3697 2260 τῆς

480 2279 553 2334 ab
580 2279 701 2348 ejus
748 2279 1007 2336 Kalendis
1036 2282 1207 2352 elapsi
1241 2289 1370 2335 sunt
1415 2300 1430 2337 :
1469 2281 1556 2336 bis
1593 2281 1732 2337 adde
1777 2289 1887 2335 tam
1929 2296 2058 2350 epa-
2154 2276 2451 2346 νουμηνίας

2169 2276 2451 2346 νουμηνίας
2479 2275 2643 2330 αὐτοῦ
2668 2277 2827 2348 μέχρι
2858 2278 2958 2349 τῆς
2983 2285 3075 2343 κς¹
3097 2280 3192 2333 καὶ
3220 2281 3391 2352 αὐτῆς
3412 2282 3614 2353 ἡμέρας
3627 2287 3696 2345 κςδ

478 2377 629 2425 ctam
658 2385 677 2425 ι
715 2372 920 2428 mensis
951 2373 1123 2438 illius,
1158 2389 1320 2443 quam
1354 2389 1447 2437 xx,
1497 2374 1569 2427 ob
1615 2372 1838 2428 totidem
1870 2375 2054 2445 cyclos

477 2465 820 2534 praeteritos:
850 2483 952 2522 uec
984 2484 1095 2523 non
1120 2467 1457 2541 quadrantes
1479 2483 1691 2534 eorum,
1717 2467 1811 2537 qui
1844 2475 1973 2522 sunt
1998 2483 2050 2521 ν.
2152 2459 2395 2531 ὲπακτὴν
2427 2479 2461 2514 α

2169 2459 2395 2531 ἑπακτὴν
2427 2467 2497 2526 α’,
2532 2461 2626 2514 καὶ
2656 2460 2737 2513 ἔτι
2783 2464 2910 2525 τοὺς
2955 2463 3327 2535 παρελθόντας
3363 2470 3413 2518 κ’
3446 2465 3538 2519 τοῦ
3576 2465 3695 2534 ἡλίου

476 2553 613 2611 Nam
666 2573 685 2611 ι
725 2573 900 2629 usque
940 2559 1009 2613 ad
1059 2576 1111 2614 tv
1147 2560 1535 2630 relinquimus,
1590 2567 1651 2614 ut
1706 2575 1870 2630 supra
1917 2559 2051 2615 dixi.
2153 2552 2461 2617 κύκλουςνκ

2169 2552 2403 2617 ιύκλους,
2429 2553 2611 2607 καὶτὰ
2635 2554 2838 2608 τούτων
2855 2555 3003 2624 α’]δ,
3027 2557 3062 2610 ἆ
3083 2558 3190 2611 είσι
3213 2564 3272 2610 ε’.
3308 2558 3383 2611 Τὸ
3398 2558 3508 2631 γὰρ
3533 2565 3578 2613 α’
3601 2558 3695 2627 ἄχρι

478 2648 703 2704 Summa
732 2651 961 2706 collecta
998 2666 1072 2706 LII
1114 2667 1213 2722 per
1243 2668 1317 2706 vn
1345 2651 1543 2715 divisa,
1593 2667 1652 2705 ιιι
1681 2652 1922 2721 reliquos
1952 2650 2052 2704 Iia-
2150 2645 2260 2698 τῶν
2280 2645 2321 2699 δ’
2338 2662 2461 2700 κατι

2169 2645 2260 2698 τῶν
2280 2645 2321 2699 δ’
2338 2646 2842 2717 καταλιμπάνομεν,
2865 2647 2941 2710 ὼς
2967 2648 3228 2719 ἀνωτέρω
3259 2651 3591 2721 εἰρήκειμεν.
3613 2648 3695 2699 Καὶ

476 2740 669 2797 bemus
696 2761 714 2797 :
744 2742 822 2797 ita
852 2751 913 2799 ut
938 2744 1259 2814 propositus
1286 2742 1405 2800 dies
1451 2743 1707 2799 Octobris
1743 2759 1869 2798 xm
1916 2742 2051 2820 feria
2149 2736 2219 2790 τὰ
2257 2737 2461 2807 γενόμε

2169 2736 2219 2790 τὰ
2257 2737 2525 2807 γενόμενα
2573 2736 2710 2808 ὁμοῦ
2752 2736 2832 2806 νβ’
2869 2739 3193 2809 μερίσαντες
3238 2743 3390 2811 παρὰ
3431 2741 3525 2793 τὸν
3564 2741 3618 2805 ζ’,
3643 2737 3693 2789 τὰ

474 2832 638 2889 tertia
654 2834 727 2890 sit
738 2862 743 2865 ·
755 2831 995 2890 futurus.
2152 2828 2461 2899 καταλειφθι

2169 2828 2577 2899 ιαταλειφθέντα
2626 2835 2677 2898 γ’
2746 2828 2942 2900 ἔχομεν
3004 2830 3108 2901 τὴν
3172 2836 3266 2895 κς²
3318 2831 3417 2884 τοῦ
3471 2831 3695 2901 παρόντος

2164 2920 2492 2990 Ὀκτωϐρίου
2527 2920 2699 2992 μηνὸς
2733 2920 2792 2973 ὲν
2817 2919 3003 2991 ἡμέρᾳ
3043 2927 3093 2988 γ’
3125 2923 3549 2993 γεννησομένὴν.

2221 3012 2331 3066 Καὶ
2364 3013 2565 3083 ὁμοίως
2596 3013 2653 3066 δὲ
2684 3014 2784 3083 τὴν
2812 3013 2985 3083 ἀρχὴν
3025 3014 3261 3067 ἑκάστου
3298 3014 3471 3085 μηνὸς
3506 3010 3694 3085 ζητοῦν-

2153 2366 2248 2422 ml.
2292 2366 2521 2432 ταύταις
2575 2368 2937 2440 προστίθεμεν
2980 2372 3080 2441 τήν
3112 2388 3173 2424 τε
3217 2373 3387 2426 αὑτοῦ
3437 2373 3529 2426 τοῦ
3565 2373 3697 2443 μηνὸς

546 3008 751 3067 Eodem
779 3012 946 3068 modo
985 3029 1112 3069 cum
1153 3016 1371 3071 initium
1410 3019 1617 3074 mensis
1662 3018 1930 3088 cujusque
1964 3030 2053 3071 re-

470 3102 733 3174 quiritur,
764 3105 883 3175 ejus
908 3105 1178 3164 Kalendas
1211 3110 1501 3175 sumimus,
1531 3125 1654 3165 cum
1672 3111 1884 3181 epactis
1906 3108 2053 3178 ejus-
2149 3122 2261 3169 τεςν
2302 3105 2403 3175 τήν
2444 3123 2461 3155 ’τ

2169 3122 2261 3169 τες,
2302 3105 2403 3175 τὴν
2444 3121 2504 3157 τε
2538 3110 2587 3158 α’
2632 3104 2725 3158 τοῦ
2761 3105 2927 3176 μηνὸς
2968 3104 3362 3175 λαμϐάνοντες,
3417 3108 3511 3160 καὶ
3557 3104 3693 3171 ταύτῃ

475 3194 622 3260 dem,
648 3204 702 3249 et
721 3197 889 3267 cyclis
917 3199 1072 3263 solis,
1104 3215 1404 3272 eorumque
1435 3203 1869 3273 quadrantibus:
1919 3200 2048 3273 qui-
2089 3270 2113 3273 ζ
2150 3197 2249 3268 τὴν
2276 3198 2461 3248 ἐπακτε

2169 3197 2249 3268 τὴν
2276 3196 2523 3266 ὲπακτὴν
2556 3196 2743 3259 αὐτοῦ,
2778 3195 2901 3260 τούς
2937 3214 2998 3251 τε
3048 3198 3284 3262 κύκλους
3320 3199 3418 3252 τοῦ
3463 3200 3599 3270 ἡλίου
3624 3198 3695 3248 καὶ

476 3283 578 3339 bus
632 3301 698 3340 ex
754 3287 1009 3343 omnibus
1066 3270 1467 3348 coalescenteni
1528 3307 1797 3347 summam
1860 3270 2117 3347 In—VIIC
2149 3287 2461 3342 τάτούτων‹

2169 3288 2216 3342 τὰ
2232 3287 2435 3341 τούτων
2455 3288 2581 3357 a'/6'
2598 3288 2997 3360 προστιθέντες.
3020 3290 3220 3343 καὶτὸν
3243 3291 3306 3341 ἐκ
3323 3291 3421 3361 τῆς
3439 3289 3695 3348 συνθέσεως

471 3376 762 3444 partimur,
814 3386 876 3431 ut
926 3378 1074 3451 quod
1128 3384 1418 3451 quaesitum
1466 3391 1549 3437 est
1600 3382 1918 3437 habeamus.
1979 3381 2046 3436 Et
2154 3379 2305 3451 παρὰ
2334 3380 2461 3442 τὸνζ

2169 3379 2305 3451 παρὰ
2334 3381 2423 3434 τὸν
2450 3379 2495 3444 ζ’
2528 3379 2859 3452 μερίζοντες,
2888 3379 3084 3451 ἕξομεν
3115 3382 3176 3435 τὸ
3199 3382 3546 3453 ζητούμενον.
3574 3378 3694 3433 Ἐπεὶ

469 3468 756 3536 quoniam,
788 3477 847 3522 ut
870 3470 1175 3540 expeditior
1199 3472 1271 3526 sit
1300 3473 1604 3536 methodus,
1628 3472 1882 3526 tabellam
1914 3472 2046 3528 sub-
2152 3471 2210 3524 δὲ
2242 3471 2338 3525 καὶ
2390 3489 2460 3526 κα

2169 3471 2210 3524 Ξὲ
2242 3471 2338 3525 καὶ
2390 3471 2634 3526 κανόνιον
2678 3471 3025 3542 ἐκθησόμεθα
3068 3475 3502 3546 προχειφτέρας
3544 3474 3693 3526 ἕνεκεν

468 3556 667 3627 jccturi
701 3574 913 3626 sumus,
956 3561 1023 3617 de
1053 3561 1156 3618 bac
1184 3579 1306 3633 qua:
1352 3564 1411 3617 in
1453 3580 1567 3635 rem
1613 3563 1818 3619 fuerint
1862 3564 2038 3633 expli-
2152 3562 2461 3633 εὑρέσεωςι

2169 3562 2422 3633 εὑρέσεως
2443 3561 2551 3615 τῶν
2577 3563 2853 3627 τοιούτων,
2870 3562 3109 3636 ἐροῦμεν
3135 3566 3227 3618 καὶ
3261 3565 3395 3637 περὶ
3421 3564 3597 3618 τούτου
3615 3564 3694 3614 ὅσα

469 3647 742 3703 cabimus.
2153 3654 2321 3717 εἰκός.

2169 3654 2321 3717 εἰκός.

543 3736 649 3791 Sed
667 3738 799 3792 illud
819 3741 1130 3795 necessario
1151 3744 1441 3798 tenendum
1469 3751 1575 3807 est,
1598 3743 1813 3814 quoties
1835 3744 2051 3800 bissex-
2218 3746 2330 3798 Καὶ
2359 3744 2461 3798 r05-

2218 3746 2330 3798 Καὶ
2359 3744 2517 3798 τοῦτο
2555 3745 2601 3799 δ’
2630 3744 2924 3813 ἀναγκαῖον
2967 3747 3119 3816 ἡμᾶς
3160 3746 3386 3809 είδέναι,
3422 3746 3516 3810 ὡς,
3559 3743 3690 3816 ἡνίκα

471 3830 624 3885 tilem
669 3846 871 3885 annum
922 3834 1127 3890 habens
1170 3838 1357 3908 cyclus
1400 3838 1662 3902 occurrit,
1713 3839 1791 3891 uti
1841 3854 1917 3904 tv,
1962 3839 2049 3894 vel
2148 3837 2342 3907 ἐπιστῇ
2365 3835 2461 3891 κύν

2169 3839 2342 3907 μπιστῇ
2365 3835 2561 3901 κύκλος
2590 3838 2742 3909 ἡλίου
2774 3837 3055 3908 βίσσεξτον
3087 3838 3206 3902 ἔτος
3236 3839 3431 3903 ποιῶν,
3460 3834 3563 3891 οἷον
3582 3836 3634 3899 δ’,
3662 3834 3687 3904 ῆ

474 3936 596 3983 vni,
619 3927 672 3975 et
703 3923 906 3987 caateri,
942 3924 1098 3996 197
1123 3942 1224 3982 nos
1250 3944 1359 3983 non
1385 3929 1456 3982 ab
1478 3928 1699 3983 ineunte
1724 3929 1867 4000 cycli
1898 3930 2048 3987 illius
2146 3934 2221 3997 η’,
2246 3927 2409 3981 καὶοὶ
2440 3929 2461 3980 ὲ

2169 3934 2221 3997 ι’,
2246 3927 2340 3981 καὶ
2360 3928 2409 3981 οἱ
2440 3926 2638 3999 ἐφεξῆς
2659 3927 2799 3981 κατὰ
2831 3927 3147 3994 ἀκόλουθον,
3176 3928 3281 3981 οὐκ
3311 3928 3408 3982 ἀπ’
3435 3927 3589 3997 αὐτῆς
3612 3925 3688 3992 τῆς

476 4023 627 4064 anno
670 4011 1003 4079 quadrantes
1051 4016 1329 4086 cyclorum
1374 4017 1646 4087 accipere,
1696 4018 1790 4073 sed
1832 4033 1863 4073 a
1912 4034 2043 4075 uix
2147 4019 2323 4092 ἀρχῆς
2345 4017 2440 4072 τοῦ

2169 4019 2323 4092 ιρχῆς
2345 4017 2440 4072 τοῦ
2473 4019 2594 4072 κατ’
2623 4020 2827 4073 ἐκεῖνον
2854 4019 2944 4073 τὸν
2973 4019 3174 4072 κύκλον
3202 4020 3359 4083 ἔτους
3385 4019 3687 4090 λαμϐάνομεν

471 4099 562 4155 die
587 4096 894 4167 Februarii,
930 4104 1023 4173 qui
1056 4114 1185 4161 tunc
1215 4123 1341 4161 nix
1364 4114 1584 4163 constat
1610 4105 1801 4162 diebus
1828 4127 1842 4162 :
1868 4124 2045 4179 quan-
2147 4112 2208 4163 τὸ
2233 4110 2275 4163 δ’
2307 4110 2416 4162 τῶν
2443 4127 2461 4163 ι

2169 4112 2208 4163 τὸ
2233 4110 2275 4163 δ’
2307 4110 2416 4162 τῶν
2443 4109 2679 4175 κύκλων,
2715 4109 2830 4163 ἀλλ’
2852 4110 2960 4163 ἀπὸ
2979 4110 3080 4180 τῆς
3109 4110 3191 4164 κθ¹
3224 4110 3319 4164 τοῦ
3338 4108 3683 4181 Φεϐρουαρίων

469 4189 769 4263 doquidem
833 4194 998 4265 hujus
1062 4199 1139 4252 rei
1209 4198 1383 4268 gratia
1438 4198 1699 4254 solarium
1766 4203 2043 4271 cyclorum
2148 4200 2461 4271 κθ⁹τηνικα

2169 4200 2229 4254 ιθ⁹
2258 4200 2562 4271 τηνικαῦτα
2609 4201 2823 4271 ἡμέρας
2859 4199 3107 4271 ἔχοντος*
3167 4200 3360 4273 ἐπειδὴ
3398 4204 3491 4256 καὶ
3530 4199 3685 4253 τούτου

466 4285 803 4354 quadrantes
829 4287 898 4342 ad
929 4290 1307 4360 computandae
1336 4291 1487 4346 feria:
1529 4291 1850 4347 methodum
1884 4307 2045 4347 assu-
2150 4291 2312 4361 χάριν
2339 4291 2405 4344 τὰ
2426 4308 2460 4344 α

2169 4291 2312 4361 ίάριν
2339 4291 2405 4344 τὰ
2426 4292 2552 4361 α’]δ¹
2568 4292 2676 4345 τῶν
2692 4293 2931 4362 ἡλιακῶν
2954 4292 3171 4346 κύκλων
3193 4293 3503 4366 ζητοῦντες,
3525 4294 3591 4351 εἰς
3608 4290 3684 4359 τὴν

469 4375 691 4434 mimus.
2079 4380 2122 4433 D
2150 4382 2373 4453 μέθοδον
2400 4382 2494 4437 τοῦ
2524 4385 2948 4458 ἡμεροευρεσίου
2978 4385 3507 4459 παραλαμϐάνομεν.

1473 4478 1834 4532 KANONIUN
1884 4477 2022 4532 ΤΟΥ
2072 4479 2676 4534 ΗΜΕΡΟΕΥΡΕΣΙΟΥ.

1520 4568 1861 4625 Laterculum
1893 4571 1963 4624 ad
2007 4571 2426 4642 investigandum
2456 4572 2665 4640 feriam.

1999 4686 2875 4743 12591056

1306 4755 1534 4810 Romani
2001 4757 2034 4809 7
2143 4756 2175 4803 7
2249 4757 2317 4810 15
2386 4757 2452 4811 II
2527 4758 2595 4812 I5
2665 4758 2728 4812 2i
2808 4758 2868 4812 11

1305 4826 1519 4882 Menses
1966 4826 2033 4881 18
2106 4826 2174 4881 19
2242 4827 2315 4880 25
2384 4827 2455 4879 26
2525 4828 2594 4881 27
2665 4828 2738 4881 22
2806 4828 2879 4880 23

1966 4897 2175 4951 1224
2280 4897 2454 4950 820
2560 4897 2876 4952 41628

1304 4989 1537 5045 Martius
1774 4990 1837 5045 3|
1951 4987 2018 5042 VI
2083 4989 2171 5041 VII
2258 4989 2276 5042 I
2384 4988 2426 5043 Il
2516 4989 2581 5043 III
2651 4989 2716 5043 IV
2794 4989 2839 5043 V

1300 5060 1499 5128 Aprilis
1768 5061 1836 5113 50
1957 5059 2001 5111 11
2083 5058 2150 5111 111
2227 5059 2295 5113 IV
2380 5058 2420 5105 V
2494 5060 2563 5115 VI
2623 5060 2716 5114 VII
2797 5060 2818 5113 I

1301 5130 1479 5184 Maius
1768 5129 1830 5182 51
1939 5128 2005 5180 IV
2093 5129 2136 5182 V
2226 5129 2291 5183 VI
2348 5128 2434 5184 VII
2514 5129 2534 5183 I
2649 5132 2688 5184 Il
2773 5130 2839 5185 1³1

1299 5199 1513 5253 Junius‘
1767 5201 1837 5252 50
1928 5197 2021 5253 VII
2110 5198 2130 5252 I
2238 5200 2280 5254 II
2365 5200 2430 5253 III
2502 5199 2570 5255 IV
2647 5200 2691 5255 V
2774 5201 2840 5256 VI

1297 5269 1477 5322 Julius
1765 5269 1828 5322 ’51
1961 5270 1999 5321 II
2085 5269 2151 5323 llI
2222 5268 2289 5323 IV
2376 5269 2419 5323 V
2503 5270 2563 5325 Vl
2626 5271 2716 5327 VII
2807 5270 2829 5323 I

1299 5341 1566 5408 Augustus
1769 5339 1831 5392 51
1957 5338 2001 5393 V
2079 5340 2147 5394 VI
2208 5339 2295 5393 VII
2380 5342 2398 5394 Ι
2515 5342 2555 5394 11
2626 5342 2693 5395 111
2768 5339 2836 5395 IV

1300 5407 1596 5477 September
1770 5407 1840 5461 50
1959 5411 1979 5462 ι
2085 5409 2127 5462 ιι
2222 5411 2287 5464 ιιι
2363 5408 2432 5464 iv
2517 5411 2561 5466 ν
2617 5411 2687 5467 v1
2760 5412 2852 5468 vu

1302 5479 1527 5536 October
1770 5479 1832 5532 bl
1948 5478 2013 5533 III
2080 5480 2148 5533 IV
2236 5480 2274 5534 V
2362 5480 2429 5535 VI
2487 5481 2578 5535 VII
2659 5484 2679 5536 I
2790 5482 2834 5537 Il

1302 5548 1592 5603 November
1766 5550 1835 5603 50
1958 5548 2027 5604 VI
2080 5549 2170 5604 VII
2240 5551 2257 5604 I
2366 5553 2407 5605 11
2511 5552 2577 5607 III
2649 5551 2717 5606 IV
2790 5550 2834 5604 V

1298 5619 1579 5672 December
1760 5619 1821 5672 51
1956 5618 1976 5673 1
2090 5622 2131 5673 Il
2211 5621 2276 5674 III
2348 5622 2416 5675 IV
2497 5621 2541 5675 V
2624 5622 2690 5677 VI
2758 5621 2852 5675 VII

1297 5688 1593 5741 Ianuarius
1765 5689 1829 5743 51
1946 5689 2013 5744 lV
2082 5690 2126 5744 V
2216 5690 2278 5746 VI
2343 5691 2432 5746 VII
2516 5691 2536 5745 I
2636 5694 2677 5747 11
2763 5692 2831 5748 III

1299 5756 1626 5812 Februarius
1708 5757 1875 5814 28-29
1927 5758 2015 5816 VII
2082 5763 2103 5815 I
2213 5761 2260 5817 II
2342 5762 2410 5817 IlI
2487 5761 2556 5817 IV
2637 5762 2681 5819 V
2762 5762 2830 5816 VI
