3808 6312
134 308 267 365 »289

297 423 441 497 Περὶ
470 424 571 480 τοῦ
603 420 885 481 κανονίου
916 426 1022 481 τοῦ
1053 428 1534 496 ήμεροευρεσίου.

199 516 219 546 ¹
251 515 319 567 ΑΞ
353 516 453 587 μὲν
482 511 575 569 οῦν
605 515 894 586 νουμηνίαι
937 514 1161 569 αὐτόθεν
1209 516 1273 569 ἐκ
1317 515 1413 569 τοῦ
1455 518 1700 571 κανονίου

128 604 514 675 λαμϐάνονται.
560 603 663 658 Τὸν
696 605 803 677 γὰρ
828 605 1173 676 ἐνιστάμενον
1207 605 1404 660 κύκλον
1427 605 1520 660 τοῦ
1551 608 1702 679 ἡλίου

125 684 496 767 λαμϐάνοντες
535 699 599 750 ὲκ
639 696 733 749 τοῦ
767 694 984 768 πρώτου
1017 697 1242 750 σελιδίου
1262 736 1278 762 ,
1311 697 1339 751 ὃ
1374 697 1514 751 κατὰ
1543 697 1703 768 βάθος

126 789 334 855 πάντας
386 789 513 852 τοὺς
558 787 789 851 κύκλους
830 788 992 842 αὑτοῦ
1041 790 1319 861 περιέχει,
1360 790 1453 842 καὶ
1499 792 1563 843 ὲκ
1606 790 1701 843 τοῦ

124 878 406 942 ἀνωτάτω,
442 878 535 931 καὶ
559 878 862 950 πρωτίστω
889 878 1068 950 στίχου
1094 879 1186 933 τοῦ
1214 879 1557 952 περιέχοντος
1575 880 1701 943 τοὺς

126 971 305 1042 μῆνας
325 1011 341 1036 ,
368 970 461 1023 τὸν
490 971 840 1042 ἐνιστάμενον
876 972 1048 1043 μῆνα,
1079 966 1145 1026 οῦν
1170 970 1266 1043 τὴν
1291 971 1582 1043 νουμηνίαν
1609 970 1701 1044 ζη.

121 1052 346 1133 τοῦμεν,
375 1062 475 1135 τὴν
499 1064 555 1115 ὲν
583 1061 659 1133 τῷ
694 1066 843 1134 μέσῳ
874 1062 967 1116 τοῦ
1006 1063 1252 1117 κανονίου
1283 1064 1696 1136 παρακειμένην

119 1153 199 1226 τῷ
224 1153 485 1207 ἐνεστῶτι
521 1154 731 1225 ἡλιακῷ
776 1154 989 1226 κύκλῳ,
1034 1155 1127 1209 καὶ
1160 1155 1264 1210 ὑπὸ
1292 1156 1381 1210 τὸν
1423 1155 1696 1227 ληφθέντα

124 1244 269 1316 μῆνα
303 1242 447 1296 κατὰ
477 1243 671 1313 βάθος,
694 1242 897 1314 ταύτην
937 1245 1177 1314 φήσομεν
1213 1238 1352 1296 εἶναι
1398 1242 1693 1313 νουμηνίαν

119 1334 214 1389 τοῦ
244 1334 416 1406 μηνὸς
444 1325 503 1386 οῦ
531 1332 821 1407 ζητοῦμεν.
848 1333 1063 1405 Ταύτην
1093 1332 1148 1387 δὲ
1180 1332 1565 1404 λαμϐάνοντες,
1599 1333 1693 1386 καὶ

119 1426 186 1497 ἢν
230 1426 298 1480 ἂν
338 1425 663 1496 βουλοίμεθα
696 1426 803 1481 τῶν
842 1424 1039 1495 ἐφεξῆς
1078 1423 1298 1496 ἡμερῶν
1328 1423 1493 1478 αὐτοῦ
1523 1423 1690 1494 ληψό-

123 1517 284 1589 μεθα.
310 1516 422 1580 Τὰς
457 1516 565 1587 γὰρ
596 1515 702 1570 ἀπὸ
733 1523 780 1569 α’
805 1514 931 1587 ἄχρι
960 1514 1053 1568 τοῦ
1094 1514 1232 1568 κατὰ
1258 1513 1356 1585 τὴν
1394 1512 1691 1584 νουμηνίαν

120 1609 355 1682 ἀριθμοῦ
378 1610 478 1681 τῆς
498 1608 711 1681 ἡμέρας
740 1608 913 1681 παρὲξ
934 1607 1102 1679 αὐτῆς
1128 1605 1400 1671 λαϐόντες,
1431 1606 1527 1660 καὶ
1555 1605 1688 1659 ταύ-

118 1717 238 1762 ταις
262 1699 594 1770 προσθέντες
624 1700 723 1763 τὰς
741 1699 849 1753 ἀπὸ
875 1702 974 1770 τῆς
1006 1698 1299 1769 νουμηνίας
1323 1697 1451 1769 ἄχρι
1479 1698 1572 1751 καὶ
1594 1697 1690 1751 αὐ-

120 1793 216 1863 τῆς
248 1788 319 1863 ἧς
363 1789 633 1862 ζητοῦμεν
658 1790 869 1862 ἡμέρας
887 1828 902 1854 ,
930 1789 1023 1843 καὶ
1053 1788 1151 1853 τὰς
1179 1788 1531 1861 συναχθείσας
1557 1788 1689 1860 ὁμοῦ
1720 1781 1765 1836 Β

119 1884 297 1949 πάσας
325 1883 649 1954 μερίσαντες
672 1882 820 1954 παρὰ
844 1882 934 1936 τὸν
961 1879 1026 1947 ζ’,
1042 1880 1233 1954 ἕξομεν
1250 1880 1312 1934 τὸ
1341 1880 1667 1954 ζητούμενον

730 1973 1087 2045 ’Υπόδειγμα.

185 2066 305 2119 Καὶ
335 2064 480 2120 ἔστω
524 2066 589 2120 δι’
628 2065 1025 2137 ύποδείγματος
1070 2064 1251 2136 ζητεῖν
1302 2065 1450 2137 ἡμᾶς
1489 2066 1589 2137 τήν
1629 2081 1688 2119 τε

118 2157 417 2231 νουμηνίαν
515 2195 532 2211 .
638 2198 652 2211 .
741 2199 755 2211 .

843 2196 858 2211 ο
938 2197 951 2210 ι
1029 2195 1045 2211 ο
1121 2196 1135 2210 ⁸
1216 2198 1229 2210 ο
1307 2197 1321 2211 ο
1394 2197 1408 2211 ο
1489 2198 1500 2211 ο
1579 2197 1593 2210 ο
1672 2194 1685 2209 ι

186 2343 271 2396 Τὰ
304 2342 405 2413 μὲν
430 2341 494 2413 δὴ
533 2342 662 2411 περὶ
698 2338 807 2394 τῶν
833 2339 1073 2410 ἡλιακῶν
1098 2338 1332 2404 κύκλων,
1356 2340 1450 2392 καὶ
1482 2338 1691 2402 τούτοις

119 2432 399 2505 ἑπομένων
440 2432 751 2501 ἀναγκαίως
782 2429 1111 2503 ὀφειλόμενα
1144 2430 1505 2504 θεωρηθῆναι,
1534 2429 1686 2483 ταῦτ’

118 2524 184 2579 ἂν
224 2526 334 2596 εἴη,
376 2524 607 2579 καθόσον
655 2522 949 2597 ἐνεχώρει,
979 2524 1069 2578 τὸν
1116 2525 1245 2596 περὶ
1289 2523 1495 2578 τούτων
1533 2521 1688 2593 λόγον

118 2616 541 2671 ἀποδεδωκότων
570 2614 848 2687 ἀνελλιπῆ.
888 2615 1147 2670 Μετιτέον
1175 2616 1234 2669 δὲ
1257 2614 1442 2668 λοιπὸν
1475 2616 1567 2668 ἐπὶ
1598 2614 1689 2668 τὸν

118 2711 247 2783 περὶ
277 2711 539 2781 σελήνης,
561 2708 702 2762 κατὰ
734 2707 824 2761 τὸν
861 2708 1044 2777 ὅμοιον
1084 2709 1196 2770 τοῖς
1242 2705 1371 2776 περὶ
1414 2704 1508 2758 τοῦ
1538 2704 1686 2777 ἡλίου

119 2797 272 2868 λόγον
300 2797 581 2853 κάνταῦθα
608 2798 705 2867 τῆς
728 2795 970 2865 σκέψεως
1000 2794 1281 2867 ἐσομένης.

119 2910 256 2978 Περὶ
280 2908 575 2978 εὑρέσεως
601 2905 1259 2978 σεληνιᾳκῶνᾼκύκλων,
1290 2902 1389 2959 καὶ
1418 2905 1535 2960 τῶν
1556 2907 1689 2962 τού-

668 2994 795 3042 τοις
818 2974 1145 3045 ἑπομένων.

184 3068 262 3123 E’.
305 3069 420 3138 Τῆς
454 3067 680 3138 σελήνης
712 3068 852 3120 κατὰ
897 3068 996 3140 τὴν
1033 3067 1297 3140 τετάρτην
1341 3070 1551 3143 ἡμέραν
1590 3072 1690 3142 τῆς

118 3159 507 3231 κοσμογενείας
547 3157 696 3230 παρὰ
733 3157 824 3211 τοῦ
867 3159 1195 3232 δημιουργοῦ
1236 3160 1347 3215 τῶν
1384 3162 1519 3217 ὅλων
1547 3162 1681 3217 Θεοῦ

117 3256 195 3318 είς
224 3254 440 3323 γένεσιν
487 3253 860 3325 παραχθείσης
897 3256 955 3308 ἐν
1000 3255 1319 3327 πανσελήνῳ
1358 3256 1452 3310 καὶ
1496 3256 1685 3328 τελείῳ

118 3341 192 3412 τῷ
239 3343 482 3414 σχήματι
522 3340 701 3412 (τοῦτο
730 3342 839 3415 γὰρ
882 3344 916 3414 ἡ
955 3342 1054 3414 τῆς
1083 3344 1354 3409 Γενέσεως
1391 3345 1569 3417 βίϐλος
1599 3348 1685 3399 αἱ·

117 3436 353 3490 νίττεται
375 3478 391 3501 ,
415 3434 680 3504 λέγουσα·
720 3452 739 3486 ι
768 3436 878 3489 Καὶ
905 3435 1157 3508 ἐποίησεν
1190 3438 1218 3490 ὁ
1253 3436 1386 3501 Θεὸς
1425 3438 1549 3501 τοὺς
1593 3437 1686 3491 δύο

117 3523 411 3595 φωστῆρας
438 3523 566 3587 τοὺς
602 3524 869 3595 μεγάλους
892 3565 907 3589 ,
947 3525 1039 3579 τὸν
1081 3527 1345 3598 φωστῆρα
1379 3527 1471 3580 τὸν
1511 3527 1685 3599 μέγαν

116 3616 195 3679 εἰς
221 3615 399 3688 ἀρχὴν
429 3615 529 3686 τῆς
555 3617 588 3687 ἡ
599 3616 791 3687 μέρας,
818 3616 913 3671 καὶ
943 3616 1034 3670 τὸν
1065 3616 1326 3690 φωστῆρα
1357 3618 1447 3672 τὸν
1481 3616 1684 3672 ἐλάττω

119 3708 195 3770 εἰς
238 3706 415 3779 ἀρχὰς
463 3705 566 3776 τῆς
612 3708 805 3772 νυκτός
845 3707 1204 3779 ἠχούδέποτε
1250 3708 1360 3783 γὰρ
1401 3708 1495 3763 τοῦ
1534 3710 1681 3780 ἡλίου

117 3800 520 3864 ἀνατέλλοντος,
533 3793 754 3854 ”δύναιτ’
802 3800 868 3854 ἂν
912 3801 1005 3854 καὶ
1044 3802 1078 3871 ἡ
1121 3801 1315 3873 σελήνη
1364 3802 1483 3856 κατ’
1515 3800 1683 3874 αὐτὴν

116 3888 213 3961 τὴν
244 3892 463 3962 ἡμέραν
491 3891 570 3953 εἰς
601 3890 773 3961 ἀρχὰς
807 3891 904 3962 τῆς
929 3890 1155 3955 νυκτὸς,
1188 3892 1222 3963 ἡ
1252 3892 1328 3955 ὡς
1355 3893 1685 3965 ἀκρόνυκτος

116 3982 451 4047 ἀνατέλλειν,
485 3982 560 4054 μὴ
588 3982 951 4056 διαμετροῦσα
974 3983 1067 4038 τὸν
1091 3983 1259 4053 ἥλιον,
1292 3985 1388 4038 καὶ⁷
1410 3985 1682 4057 πανσέλη-

115 4090 205 4140 νος
237 4075 490 4129 ὲντεῦθεν
517 4074 797 4147 γινομένη,
820 4075 978 4148 εἴπερ
1004 4075 1331 4148 ύποθείημεν
1355 4075 1465 4131 ἀπὸ
1494 4092 1689 4147 προγεο

114 4167 334 4233 γονυίας
364 4166 584 4221 συνόδου
612 4167 812 4238 ταύτην
836 4167 1207 4239 γεγενημένην
1230 4185 1244 4198 θ
1264 4166 1388 4221 ἐπεὶ
1417 4167 1558 4220 κατὰ
1585 4167 1683 4238 τὴν

113 4258 152 4310 ἃ
187 4258 399 4331 ἡμέραν
423 4258 523 4329 τῆς
548 4255 934 4329 κοσμογενείας
958 4257 1473 4312 πεντεκαιδεκαταία
1497 4253 1564 4329 ἦν
1593 4258 1679 4313 ἄν·

113 4351 344 4422 φανερὸν
381 4351 480 4422 μὲν
500 4390 515 4416 ,
544 4350 620 4414 ὡς
644 4351 783 4404 κατὰ
817 4351 914 4422 τὴν
954 4350 1130 4422 ἀρχὴν
1165 4350 1265 4421 τῆς
1294 4351 1683 4421 κοσμογενείας

112 4441 448 4495 δωδεκαταία
484 4435 583 4512 ἦν’
620 4448 685 4493 ια’
706 4440 763 4494 δὲ
791 4444 845 4495 αἱ
866 4440 1070 4514 ταύτης
1096 4439 1361 4495 ὲπακταίο
1398 4443 1492 4495 καὶ
1514 4435 1682 4497 -αῦται

111 4536 170 4589 αἱ
221 4542 289 4589 ια’
317 4535 547 4605 ἔγγιστα
587 4534 788 4609 ἡμέραι
831 4536 1114 4608 θαυμαστῇ
1153 4535 1247 4590 καὶ
1292 4536 1680 4608 ἀνυπερϐλήτῳ

111 4626 215 4695 τῆς
244 4627 501 4698 προνοίας
533 4625 695 4697 σοφίᾳ
724 4625 844 4680 καθ’
874 4627 1100 4681 ἕκαστον
1128 4626 1245 4691 ἔτος
1275 4627 1411 4698 μετὰ
1450 4627 1548 4698 τὴν
1570 4628 1679 4682 τῶν

110 4716 318 4771 δώδεκα
360 4716 695 4788 σεληνιακῶν
739 4716 925 4788 μηνῶν
974 4716 1363 4788 συμπλήρωσιν
1388 4756 1403 4781 ,
1448 4717 1552 4770 τνδ¹
1585 4718 1679 4772 καὶ

111 4806 297 4876 μεῖζον
329 4807 363 4880 ἢ
407 4814 454 4877 γ’
499 4807 662 4879 μέρος
692 4806 904 4879 ἡμέρας
934 4806 1363 4880 άπαρτιζόντων,
1404 4807 1678 4863 λείπονται

109 4899 191 4962 εἰς
224 4900 322 4970 τὴν
362 4898 460 4952 τοῦ
500 4898 829 4952 ἐνιαυσιαίου
878 4898 1068 4970 χρόνου
1117 4898 1543 4971 συμπλήρωσιν,
1575 4899 1679 4966 τξε⁹

108 4990 335 5061 ἡμερῶν
372 4991 526 5055 ὄντος
573 4990 667 5044 καὶ
711 4989 752 5042 δ’
792 4989 1036 5058 ἔγγιστα.
1078 4991 1239 5043 Ὥστε
1288 4991 1345 5043 ὲν
1378 4988 1490 5055 τοῖς
1529 4991 1679 5047 δυσὶν

109 5076 256 5130 ἔτεσι
295 5077 777 5148 διπλασιαζόμεναι
823 5071 984 5132 αὗται
1016 5077 1074 5132 αί
1119 5085 1185 5131 ια’
1220 5078 1422 5151 ἡμέραι
1466 5060 1677 5134 πειοῦσι

107 5167 209 5232 τὰς
239 5169 481 5233 έπακτὰς
503 5168 587 5239 κβ¹
612 5185 627 5200 ⁸
656 5170 712 5223 ὲν
741 5168 797 5223 δὲ
832 5171 943 5232 τοῖς
971 5168 1118 5241 τρισὶ
1144 5168 1244 5237 λγ’.
1276 5161 1376 5221 Ὧν
1406 5170 1679 5240 συναχθεισ-

111 5258 247 5324 σῶν,
275 5258 691 5332 ἀφαιρουμένων
717 5260 824 5314 τῶν
846 5260 910 5324 λ’,
942 5260 1062 5315 ἐπεὶ
1098 5256 1242 5331 μῆνα
1271 5258 1493 5328 ἔγγιστα
1522 5259 1677 5333 σεληι

108 5350 299 5407 νιακδν
325 5350 705 5424 άπαρτίζουσι,
730 5348 1147 5406 καταλείπονται
1177 5356 1241 5419 γ’.
1268 5350 1378 5404 Καί
1413 5352 1548 5405 εἰσιν
1586 5352 1675 5405 ὲν-

107 5439 300 5494 τεῦθεν
325 5440 419 5495 τοῦ
452 5441 638 5513 τρίτου
662 5440 815 5505 ἔτους
837 5440 1074 5494 ὲπακταὶ
1097 5446 1145 5508 τ’
1168 5456 1181 5469 ’
1213 5438 1305 5493 καὶ
1324 5438 1521 5511 ἐφεξῆς
1549 5441 1677 5495 ἀκο-

1016 304 1239 365 lSAACl
1280 300 1584 365 MONACHI
1623 302 1997 366 COMPUTUS
2045 307 2490 365 ECCIESIAST.

1723 431 1774 488 Δ

3226 311 3366 375 «τρο

2099 424 2174 480 De
2204 424 2457 479 la:erculo
2490 424 2636 495 feria:
2660 423 3052 497 investigandw.

1872 514 2126 571 Kalendae
2174 516 2445 571 mensium
2491 531 2556 572 ex
2609 516 2808 572 tabella
2863 519 3178 573 sumuntur.
3228 508 3362 572 Nam

1801 607 2015 679 cyclum
2075 606 2208 662 solis
2249 607 2526 662 ineuntem
2581 623 2649 661 ex
2689 607 2873 677 priore
2918 608 3168 664 laterculi
3211 617 3366 679 parte

1800 698 2110 771 capientes,
2145 714 2265 770 quae
2287 696 2478 771 ‘cyclos
2507 714 2697 757 omnes
2728 701 2874 758 illius
2920 701 3200 764 continet,
3247 709 3361 754 tum

1800 789 1856 845 in
1887 806 2102 846 summo
2151 790 2436 860 primoque
2476 805 2677 856 versu,
2719 790 2813 862 qui
2860 805 3076 847 menses
3107 789 3363 855 exhibet,

1799 897 2039 937 mensem
2086 882 2242 952 cujus
2301 881 2554 938 Kalendas
2586 884 2932 954 postulantur
2985 882 3360 953 inquirentes.

1799 988 2143 1044 quaecunque
2180 972 2313 1028 feria
2347 973 2527 1029 medio
2566 974 2623 1029 in
2669 974 2935 1030 laterculo
2969 973 3037 1027 ad
3082 973 3361 1028 ineuntem

1800 1063 2017 1135 cyclum
2058 1064 2234 1134 posita
2269 1072 2389 1129 est,
2424 1074 2477 1120 et
2512 1065 2686 1121 mensi
2719 1065 2831 1137 jam
2869 1072 3084 1136 reperto
3118 1065 3175 1119 in
3213 1063 3364 1118 dire-

1795 1166 1941 1213 ctum
1984 1158 2248 1228 subjacet,
2279 1158 2378 1214 bas
2409 1144 2678 1214 Kalendas
2706 1172 2831 1214 esse
2863 1158 3066 1213 mensis
3096 1156 3242 1210 illius
3273 1154 3361 1209 die

1797 1266 2016 1315 cemus,
2057 1251 2123 1308 de
2153 1267 2262 1323 quo
2299 1253 2579 1322 quaeritur.
2622 1251 2732 1307 Hac
2769 1253 3022 1318 inventa,
3059 1249 3360 1322 quamlibet

1799 1345 2147 1415 sequentium
2183 1345 2429 1416 ejusdem
2465 1346 2668 1402 mensis
2708 1344 3096 1399 obtinebimus.
3147 1340 3360 1411 Quippe

1795 1434 1961 1492 ferias
1988 1451 2179 1493 omnes
2214 1452 2243 1491 a
2274 1451 2291 1490 ι
2326 1436 2393 1491 ad
2441 1452 2562 1502 eam
2609 1452 2731 1507 qua:
2757 1434 3017 1491 Kalendis
3064 1432 3353 1494 convenit,

1794 1535 1993 1596 prater
2039 1526 2182 1584 hanc
2221 1527 2432 1597 ipsam,
2465 1535 2750 1597 putantes,
2786 1525 2989 1582 additis
3014 1523 3208 1579 diebus
3237 1536 3357 1576 om-

1793 1618 1957 1674 nibus
2006 1634 2038 1672 a
2070 1619 2326 1675 Kalendis
2370 1618 2435 1672 ad
2483 1619 2817 1689 propositam
2860 1617 3035 1679 diem,
3084 1622 3353 1671 summam

1791 1726 1890 1783 per
1916 1725 1994 1766 vn
2021 1699 2290 1782 partimur
2316 1727 2329 1764 :
2361 1717 2523 1768 atque
2553 1711 2627 1764 ita
2661 1709 2850 1765 feriam
2882 1707 3226 1764 habebimus.

1863 2080 2191 2153 Exemplum.
2301 2080 2622 2148 Quaerantur
2641 2069 2893 2133 Kalendae

1861 2356 1988 2412 Haec
2020 2362 2183 2417 sunt,
2219 2367 2338 2423 quae
2368 2367 2436 2408 ae
2461 2350 2629 2423 cyclis
2672 2352 2977 2413 solaribus,
3009 2357 3065 2404 et
3102 2348 3203 2410 iis.
3235 2357 3358 2417 qua

1788 2448 1918 2505 inde
1949 2444 2347 2517 consequentia
2383 2449 2547 2507 sunt,
2580 2444 2948 2498 necessariam
2984 2441 3187 2496 habere
3217 2453 3353 2492 cou-

1788 2537 2174 2597 siderationem
2202 2531 2425 2606 putavi:
2451 2545 2682 2604 quorum
2706 2531 2953 2589 absoluta
2980 2570 2996 2595 ,
3026 2526 3205 2600 quoad
3235 2523 3355 2583 ﬁeri

1788 2632 2000 2704 potuit,
2036 2635 2123 2685 est
2153 2642 2186 2682 a
2216 2626 2374 2682 nobis
2410 2625 2576 2679 allata
2611 2625 2771 2679 ratio.
2802 2623 2961 2679 Nunc
2992 2623 3060 2678 ad
3102 2621 3351 2677 lunarem

1787 2722 2084 2778 transitum
2134 2718 2435 2781 faciemus.
2487 2732 2647 2786 quem
2681 2715 2909 2780 eadem,
2957 2729 3023 2770 ac
3076 2713 3352 2778 solerem,

1788 2810 1878 2865 via
1911 2816 1967 2865 et
2007 2805 2265 2864 methodo
2300 2803 2682 2860 tractabimus.

1895 2923 1975 2979 De
2000 2918 2373 2992 investigandis
2411 2919 2569 2990 cyclis
2609 2917 2917 2983 lunaribus,
2947 2927 2996 2973 et
3031 2927 3148 2989 qua!
3183 2916 3251 2970 iis

2315 2999 2663 3044 consentanea
2692 2998 2835 3042 sunt.

1866 3082 1927 3137 V.
1968 3082 2105 3138 Cum
2133 3081 2202 3136 ab
2229 3078 2378 3134 orbis
2408 3075 2629 3131 conditu
2657 3084 2851 3145 quarto
2883 3072 2970 3128 die
2998 3072 3127 3128 luna
3156 3070 3315 3141 plena
3335 3108 3353 3133 ,

1789 3185 1846 3231 et
1877 3174 2128 3230 absoluto
2156 3169 2288 3225 orbe
2323 3175 2583 3222 constans
2616 3165 2685 3220 ab
2710 3162 2954 3219 omnium
2994 3175 3177 3217 rerum
3215 3160 3350 3213 arti-

1783 3269 1886 3333 ﬁce
1904 3264 2014 3320 Deo
2036 3267 2321 3335 procreata
2370 3257 2442 3314 sit
2476 3258 2601 3328 (hoc
2622 3256 2765 3312 enim
2791 3255 2928 3311 liber
2949 3250 3175 3308 Genesis
3200 3266 3237 3319 ι,
3266 3248 3355 3315 16.

1783 3358 1989 3413 indicat
2014 3356 2100 3410 bis
2123 3352 2335 3409 verbis:
2367 3347 2461 3403 «Et
2482 3348 2609 3405 fecit
2633 3347 2772 3404 Deus
2794 3345 3084 3401 luminaria
3108 3342 3215 3399 duo
3236 3358 3356 3397 ma-

1782 3461 1888 3520 gna
1921 3465 1935 3500 :
1974 3444 2235 3499 luminare
2266 3441 2444 3508 majus
2476 3436 2543 3492 ad
2588 3437 2803 3492 initium
2833 3435 2854 3468 ³
2893 3434 3040 3501 diei,
3091 3442 3145 3488 et
3192 3432 3364 3485 lumi-

1781 3553 1915 3593 nare
1942 3535 2122 3591 minus
2152 3533 2217 3587 ad
2246 3532 2458 3587 initium
2505 3529 2685 3586 noctis
2714 3528 2802 3596 t);
2838 3526 3038 3597 quippe
3074 3536 3353 3593 nunquam

1784 3629 1994 3685 oriente
2026 3627 2141 3683 sole
2173 3623 2361 3681 eadem
2394 3622 2482 3679 die
2514 3621 2644 3677 luna
2680 3626 2862 3692 posset
2898 3616 2965 3673 ad
3001 3616 3213 3672 initium
3250 3628 3355 3668 no—

1784 3721 1928 3784 ctis,
1965 3718 2081 3774 sive
2130 3716 2236 3774 sub
2283 3721 2500 3770 noctem
2554 3715 2784 3785 primam
2833 3708 3078 3773 exoriri,
3126 3706 3237 3763 nisi
3286 3719 3356 3762 ex

1783 3808 2054 3864 diametro
2083 3806 2134 3862 ei
2166 3811 2314 3862 esset
2349 3802 2596 3874 opposita
2625 3841 2642 3868 ,
2681 3800 2913 3869 ideoque
2949 3798 3110 3870 plena
3148 3793 3300 3850 ﬁeret
3334 3811 3352 3856 ;

1785 3899 1833 3954 si
1867 3898 1935 3952 ab
1965 3894 2321 3952 antecedente
2353 3892 2486 3965 jugo
2524 3892 2593 3947 ad
2631 3889 2993 3964 plenilunium
3034 3885 3355 3957 pervenisse

1782 3989 2100 4059 ﬁngamus;
2163 3986 2419 4057 quoniam
2480 3993 2680 4056 quarto
2738 3981 2932 4038 mundi
2992 3977 3198 4035 conditi
3263 3976 3353 4031 die

1784 4082 1974 4152 quinta
2033 4079 2245 4133 decima
2310 4076 2451 4141 fuit;
2513 4073 2865 4130 manifestum
2928 4081 3055 4133 est,
3117 4069 3172 4122 in
3233 4071 3354 4139 ipso

1783 4171 1970 4226 mundi
2027 4166 2328 4240 primordio
2387 4165 2765 4220 duodecimam
2825 4162 3018 4217 fuisse.
3080 4159 3350 4215 Undecim

1782 4277 1915 4334 ergo
1951 4267 2109 4317 erant
2150 4258 2271 4327 ejus
2311 4264 2537 4330 epactaa.
2589 4255 2721 4322 Quae
2763 4252 2985 4324 quidem
3027 4266 3083 4305 ιι
3129 4249 3354 4306 circiter

1783 4354 1900 4409 dies
1952 4348 2259 4406 admirabili
2312 4347 2474 4417 198
2510 4353 2564 4400 et
2600 4345 2869 4401 immensa
2901 4355 3131 4413 prorsus
3163 4341 3351 4412 provio

1715 4470 1759 4525 ο
1783 4445 1980 4500 dentia:
2005 4442 2201 4497 divinae
2230 4440 2483 4503 solertia,
2512 4438 2743 4508 singulis
2770 4435 2931 4490 annis
2950 4473 2965 4497 ,
3001 4440 3125 4505 post
3157 4447 3233 4486 xu
3264 4431 3351 4484 lu-

1785 4552 1948 4592 nares
1977 4548 2194 4589 menses
2221 4531 2500 4586 absolutos
2519 4568 2536 4591 .
2564 4528 2657 4600 qui
2689 4527 2808 4582 dies
2836 4524 3102 4596 colligunt
3130 4534 3349 4590 cccuv;

1784 4638 1838 4684 et
1888 4628 2052 4699 paulo
2100 4626 2223 4696 plus
2275 4623 2435 4679 tertia
2478 4620 2585 4676 diei
2631 4629 2814 4690 parte,
2862 4616 3059 4673 desunt
3099 4614 3165 4669 ad
3204 4628 3349 4669 exae-

1784 4718 2060 4790 quandum
2094 4716 2228 4772 solis
2253 4728 2456 4768 annum
2482 4731 2496 4767 :
2530 4711 2623 4781 qui
2656 4709 2849 4765 diebus
2879 4713 3096 4763 constat
3122 4720 3346 4769 cccuv,

1783 4817 1840 4864 et
1870 4806 2174 4878 quadrante
2206 4805 2338 4861 fere.
2369 4800 2510 4857 Hinc
2539 4803 2593 4856 in
2623 4801 2783 4855 annis
2814 4799 3029 4854 duobus
3060 4796 3349 4866 duplicata:

1786 4899 1902 4954 dies
1930 4896 2131 4953 eaedem
2158 4907 2378 4966 epactas
2408 4893 2615 4948 faciunt
2644 4907 2754 4945 xxu
2782 4908 2797 4956 ;
2834 4890 2889 4944 in
2931 4888 3089 4943 annis
3129 4886 3305 4942 tribus
3329 4924 3345 4951 ,

1785 5004 1979 5044 sum.
2008 4986 2081 5041 De
2109 5002 2217 5056 qua
2252 5001 2463 5042 summa
2493 4985 2743 5041 deductis
2771 4999 2879 5038 xxx
2902 5023 2916 5048 ,
2951 4997 3072 5051 qua:
3105 4993 3345 5036 mensem

1783 5081 2029 5134 lunarem
2067 5078 2287 5132 circiter
2324 5076 2596 5141 elliciunt,
2635 5075 2860 5145 reliquae
2898 5081 3029 5130 sunt
3068 5087 3152 5128 nt.
3190 5069 3350 5126 Unde

1783 5170 1975 5225 tertius
2000 5182 2176 5222 annus
2206 5174 2426 5238 epactas
2453 5167 2614 5221 habet
2638 5182 2733 5232 In;
2764 5180 2827 5220 ac
2856 5164 2937 5219 sic
2965 5163 3222 5231 deinceps
3251 5176 3348 5215 us-

1781 5276 1887 5332 que
1926 5259 1992 5315 ad
2030 5275 2165 5314 xm:
2202 5259 2401 5314 etenim
2443 5273 2587 5313 anno
2626 5273 2713 5312 xix
2750 5255 3020 5311 mensium
3069 5253 3213 5309 luna:
3262 5266 3384 5311 re-.

1781 5349 1985 5406 volutio
2019 5348 2075 5404 ﬁt
2106 5367 2119 5403 :
2158 5348 2294 5404 adeo
2326 5357 2387 5402 ut
2422 5363 2566 5403 anno
2599 5347 2861 5404 vicesimo
2895 5355 3117 5417 epactas
3154 5342 3351 5398 habent

1779 5444 1908 5498 luna
1942 5458 2134 5498 rursus
2168 5457 2244 5496 st.

106 5527 315 5594 λούθως
368 5530 528 5602 ἄχρις
562 5529 697 5583 ὲτῶν
726 5530 809 5584 ιθν.
851 5530 1007 5585 Κατὰ
1050 5530 1157 5602 γὰρ
1197 5530 1263 5583 ιθ⁹
1307 5528 1425 5595 ἔτος
1471 5532 1913 5599 ἀποκατάστασις
1946 5534 2154 5603 γίνεται
2199 5532 2308 5588 τῶν
2369 5531 2702 5605 σεληνιακῶν
2751 5532 2934 5604 μηνῶν
2956 5548 2970 5563 ·
3019 5530 3160 5585 ὥστε
3206 5536 3348 5580 κατα

105 5622 169 5675 τὸ
199 5626 252 5675 κ’
275 5620 389 5684 ἔτος
415 5619 576 5674 πάλιν
612 5628 675 5673 ια’
710 5614 845 5676 εῖναι
869 5625 966 5688 τὰς
993 5623 1091 5695 τῆς
1117 5622 1346 5694 σελήνης
1373 5620 1632 5687 ὲπακτάς.

180 5743 204 5773 ³
234 5738 362 5794 Hac
389 5740 447 5793 in
476 5747 641 5794 vetere
669 5740 833 5794 altero
857 5740 1068 5798 desunt.
1142 5741 1164 5773 ³
1198 5738 1286 5795 Sic
1313 5757 1485 5797 vocem
1504 5738 1678 5813 ἀρχὴν
1706 5742 1923 5812 accepit,
1957 5751 2015 5796 ut
2042 5739 2254 5811 quidam
2296 5751 2509 5799 veteres.

387 5832 641 5892 Parnm.
695 5832 810 5892 Gn.
856 5832 1032 5896 XIX.

2989 5829 3061 5892 lsi
