3808 6320
495 361 629 417 Ἵ291
1476 359 1568 414 AD
1607 358 1874 415 EUSEBII
1912 357 1999 416 CH

2208 357 2308 414 LON
2344 356 2561 412 APPEN
2574 356 2712 412 [ΠΧ.
3600 362 3712 418 1292

570 477 783 533 Accidit
814 485 992 532 autem
1029 475 1133 531 ista
1171 475 1436 531 revolutio
1469 475 1650 532 ductis
1686 477 1741 531 in
1777 492 1836 532 se
1869 483 2058 531 mutuo

2230 476 2439 531 Γίνεται
2468 477 2524 530 δὲ
2553 479 2586 548 ἡ
2611 476 2834 548 τοιαύτη
2861 477 3310 542 ἀποκατάστασις
3337 479 3711 536 πολλαπλασια-

498 583 590 621 ιιι
618 567 778 622 annis
813 573 975 636 atque
1000 581 1076 620 ιι.
1109 564 1232 619 llaec
1263 565 1407 620 enim
1438 565 1792 636 multiplicata
1825 566 2002 620 invice

2206 569 2407 639 υμένων
2443 572 2526 623 ἐπ’
2559 569 2781 640 ἄλληλα,
2808 571 3049 623 τουτέστι
3081 571 3144 623 ιθ’
3172 570 3312 623 ἐτῶν
3341 572 3435 623 ἐπὶ
3462 572 3559 634 τάς
3584 574 3710 644 εἰρη-

495 660 615 714 dies
652 657 946 713 conﬁciunt
973 671 1125 722 ccxx,
1160 657 1254 727 qui
1289 665 1417 712 sunt
1451 657 1668 713 lunares
1701 673 1914 714 menses
1950 659 1999 712 ci

2206 662 2333 726 ένας
2360 670 2446 714 ια’.
2476 661 2657 715 Ταῦτα
2682 663 2789 733 γὰρ
2815 661 2902 714 ἐπ’
2928 661 3128 732 ἄλληλα
3160 661 3710 732 πολλαπλασιαζόμενα

495 751 632 804 citer
678 757 905 820 septem.
957 747 1080 802 Haac
1120 757 1204 803 cst
1231 763 1433 812 causa,
1463 764 1563 803 cur
1590 750 1770 821 cyclos
1803 750 1943 804 lunae
1976 751 1999 804 d

2207 753 2408 807 οιοῦσιν
2446 757 2656 826 ἡμέρας
2683 754 2793 807 σθ’·
2829 748 2986 807 αὗται
3018 754 3063 807 δ’
3096 753 3465 826 άπαρτίζουσι
3503 755 3711 822 σεληνια-

495 854 684 894 camus
736 853 858 893 esse
911 852 1085 908 neque
1141 837 1354 906 plures,
1410 853 1584 908 neque
1619 838 1906 909 pauciores
1939 853 1992 890 ιι

2204 847 2290 910 οὺς
2326 846 2552 915 ἔγγιστα
2600 845 2776 916 μῆνας
2810 845 2873 908 ζ’.
2905 846 3014 898 Καὶ
3056 845 3196 917 αὕτη
3236 847 3382 899 ἐστὶν
3409 847 3442 916 ἡ
3472 846 3630 910 αἰτία,
3657 847 3708 899 δι’

494 930 651 996 Quod
686 939 866 984 tamen
905 927 1188 985 sciendum
1227 940 1311 985 est
1345 929 1623 986 facilitatis
1660 938 1713 985 et
1750 945 1998 1000 compem

2204 956 2228 987 ν
2262 937 2397 988 κάπὶ
2424 937 2523 1006 τῆς
2547 936 2776 1007 σελήνης
2803 935 2866 988 ιθ¹
2893 935 3121 1001 κύκλους
3149 937 3355 1008 ταύτης
3377 935 3515 992 εἷναί
3536 956 3708 1008 φαμεν,

494 1021 668 1094 gratia
696 1023 772 1077 ita
803 1023 914 1077 dici
949 1023 1166 1089 solere;
1198 1031 1258 1078 ut
1283 1030 1336 1078 et
1364 1031 1593 1088 caetera,
1635 1039 1755 1094 qua:
1807 1024 1875 1079 de
1924 1024 1998 1078 Ιυι

2206 1027 2255 1079 αὶ
2283 1024 2404 1078 οὔτε
2440 1026 2657 1090 πλείους
2687 1025 2809 1079 οὔτε
2840 1027 3111 1090 ἐλάττους.
3162 1028 3359 1081 ’ἰστέον
3391 1030 3573 1098 μέντοι
3593 1031 3710 1083 κατὰ

489 1115 746 1187 deinceps
770 1115 1185 1184 explicabimus.
1218 1113 1352 1168 Nam
1383 1115 1430 1169 si
1464 1124 1718 1171 accurate
1749 1115 1898 1185 loqui
1924 1117 1993 1169 ve

2205 1119 2220 1167 5
2256 1115 2543 1186 πρόχειρον
2577 1115 2720 1168 οὕτω
2757 1115 3006 1184 λέγεσθαι
3045 1116 3243 1180 ταῦτα,
3264 1119 3360 1170 καὶ
3392 1094 3465 1171 τά
3494 1094 3614 1190 ἑξῆς
3635 1123 3709 1190 ρη-

490 1224 646 1273 mus,
682 1208 838 1263 aliter
870 1222 959 1262 res
999 1208 1193 1271 habet,
1245 1218 1303 1262 ut
1345 1217 1532 1280 postea
1565 1207 1994 1263 demonstrabitu

2202 1207 2441 1276 ησόμενα
2493 1207 2619 1277 περὶ
2655 1208 2751 1276 τῆς
2800 1207 3061 1279 σελήνης·
3098 1209 3226 1261 ἐπεὶ
3272 1209 3418 1262 κατὰ
3456 1209 3516 1263 τὸ
3560 1211 3706 1279 πάντη

493 1314 616 1356 cum
645 1301 712 1356 de
738 1299 1002 1358 Paschate
1032 1299 1277 1356 dicemus

2203 1298 2390 1369 κριὸὲς
2438 1299 2536 1368 οὐχ
2585 1297 2759 1361 οὕτως
2799 1299 2930 1368 ἔχει,
2969 1300 3043 1363 ὡς
3082 1299 3370 1372 προϊοῦσιν
3413 1300 3544 1371 ἡμῖν
3575 1300 3707 1371 δῆλον

2164 1390 2334 1453 ἔσται,
2375 1389 2536 1460 ἡνίκα
2563 1389 2651 1443 τὸν
2690 1391 2815 1462 περὶ
2839 1383 2932 1443 τοῦ
2972 1391 3165 1462 Πάσχα
3193 1392 3498 1464 ποιούμεθα
3521 1392 3707 1465 λόγονκ

1470 1501 1674 1554 Tabula
1703 1502 2099 1573 propagationis
2123 1513 2431 1569 epactarum
2463 1503 2754 1558 lunarium.

2006 1796 2289 1810 ...αι’-’-

1623 1616 1839 1685 Epactae
2037 1618 2177 1672 Anni
2385 1618 2602 1689 Epacta:

1597 1703 1863 1742 annorum
2040 1689 2178 1759 cycli
2369 1693 2616 1744 collectae

1701 1855 1754 1892 ιι
2096 1852 2113 1890 ι
2475 1838 2537 1890 Η

1673 1924 1785 1961 ιιιι
2086 1923 2128 1963 ιι
2473 1908 2545 1962 22

1701 1994 1759 2030 ιιι
2074 1993 2136 2031 ιιι
2474 1979 2544 2032 55

1679 2065 1769 2101 xlv
2084 2063 2137 2102 tv
2471 2049 2541 2102 44

1666 2134 1772 2171 xxv
2080 2135 2111 2172 v
2470 2118 2540 2172 55

1694 2205 1743 2241 νι
2081 2204 2128 2240 vn
2469 2189 2538 2244 (i6

1668 2275 1775 2311 xvu
2069 2273 2143 2310 vII
2473 2259 2538 2311 77

1641 2344 1810 2382 xxvm
2057 2342 2154 2380 vut
2470 2329 2540 2382 88

1687 2415 1737 2451 ιι
2073 2414 2127 2451 ιι
2470 2399 2540 2453 99

1675 2483 1746 2522 xx
2088 2483 2122 2520 x
2437 2468 2540 2523 HO

1715 2555 1731 2591 ι
2077 2553 2130 2591 ιι
2439 2537 2533 2593 121

1667 2625 1742 2664 ιιι
2057 2625 2133 2662 ιιι
2436 2611 2540 2664 152

1648 2694 1786 2734 ιιιιι
2043 2694 2141 2732 ιιιι
2436 2678 2540 2735 145

1691 2765 1748 2803 tv
2047 2765 2138 2803 xlv
2435 2750 2538 2804 154

1680 2835 1752 2873 ιν
2055 2836 2125 2873 xv
2439 2821 2538 2876 165

1647 2905 1776 2943 xxv!
2048 2905 2139 2943 ινι
2434 2891 2537 2945 176

1679 2976 1754 3014 vu
2023 2976 2133 3013 xvu
2432 2962 2537 3015 187

1656 3045 1788 3084 ινιιι
2019 3046 2151 3086 xvm
2432 3031 2535 3086 198

1647 3116 1776 3156 ιιιι
2039 3118 2133 3157 ιιι
2394 3115 2398 3120 ‘
2427 3102 2536 3157 209

753 3259 1032 3316 Helliodus
1058 3257 1350 3316 inveniendi
1375 3260 1511 3330 cycli
1535 3259 1763 3315 lunaris.
2076 3268 2120 3324 Β
2234 3264 2257 3314 Il

2234 3261 2500 3330 Μέθοδος
2529 3262 2688 3329 ὅπως
2715 3264 3053 3336 εὑρήσομεν
3086 3266 3197 3320 τὸν
3241 3267 3355 3337 τῆς
3385 3267 3639 3335 σελήνης

2806 3337 3057 3391 κύκλον.

548 3423 632 3480 Vl.
674 3421 958 3479 Methodus
1008 3417 1319 3476 inveniendi
1363 3418 1634 3473 currentis
1673 3418 1815 3472 lume
1853 3419 2031 3490 cycni.

2218 3425 2308 3492 CT.
2350 3424 2587 3490 Μέθοδος
2623 3426 2679 3481 δὲ
2713 3425 2805 3480 τοῦ
2841 3427 2934 3482 τὸν
2971 3429 3248 3484 ἐνεστῶτα
3287 3428 3486 3484 κύκλον
3529 3428 3686 3482 εἰδέναι

477 3531 599 3570 cum
623 3515 741 3585 ejus
768 3513 978 3586 epactis
1003 3521 1087 3568 est
1113 3509 1381 3581 ejusmodi
1409 3530 1422 3565 :
1456 3509 1642 3566 Annos
1668 3511 1736 3565 ab
1763 3510 1894 3566 orbe
1917 3525 1981 3565 co

2181 3516 2240 3585 ἧς
2281 3518 2542 3590 σελήνης,
2586 3519 2679 3572 καὶ
2719 3518 2818 3583 τὰς
2857 3521 2976 3572 κατ’
3014 3520 3186 3592 αὐτὴν
3217 3522 3468 3585 ὲτςακτὰς
3490 3561 3505 3584 ,
3530 3521 3604 3589 εἴη
3635 3518 3685 3570 ἂν

475 3607 590 3662 dito
629 3605 698 3661 ad
748 3605 1092 3676 propositum
1131 3616 1336 3670 usque,
1376 3617 1474 3672 per
1511 3617 1604 3654 ιιι
1643 3601 1948 3671 partimur;

2181 3607 2280 3682 ύτη
2308 3627 2320 3639 ·
2357 3611 2739 3681 Λαμόάνοντες
2782 3611 2852 3665 τὰ
2899 3611 3006 3664 ἀπὸ
3041 3613 3140 3684 τῆς
3193 3613 3576 3685 κοσμογενείας
3610 3611 3684 3676 ἔτη

463 3699 785 3764 residuum,
821 3696 967 3766 quod
995 3697 1179 3750 minus
1210 3702 1292 3750 est
1323 3710 1415 3748 ιιι
1435 3733 1451 3755 .
1485 3692 1720 3748 dicimus
1747 3707 1869 3748 esse
1898 3693 1967 3749 lu:

2180 3703 2306 3773 ,ἐχρι
2332 3705 2427 3756 κα)⁸
2466 3702 2632 3756 αὐτοῦ
2654 3703 2746 3756 τοῦ
2784 3704 3098 3770 ἐνεστῶτος,
3135 3707 3229 3758 καὶ
3262 3705 3438 3760 ταῦτα
3460 3703 3596 3774 παρὰ
3613 3701 3684 3752 τὸν

472 3792 708 3861 cyclum.
751 3788 922 3858 Cujus
973 3787 1186 3841 initium
1230 3801 1340 3841 non
1392 3800 1421 3839 a
1479 3783 1823 3855 Septembri,
1859 3799 1976 3856 neq!

2179 3793 2210 3845 δ’
2233 3791 2565 3864 μερίζοντες,
2581 3791 2650 3846 τά
2670 3793 3110 3865 καταλειπόμενα
3141 3797 3392 3851 κάτωθεν
3411 3797 3516 3850 τῶν
3541 3795 3594 3847 ιθ⁹
3613 3791 3683 3844 τὸν

463 3883 543 3937 ab
573 3880 834 3945 Octobri,
864 3887 924 3934 ut
957 3879 1012 3933 in
1050 3879 1214 3934 solari
1240 3919 1256 3944 ,
1297 3876 1392 3932 sed
1429 3876 1498 3931 ab
1529 3876 1748 3932 ineunte
1777 3874 1967 3931 Janual

2178 3883 2410 3936 υεστῶτα
2449 3884 2677 3955 λέγομεν
2720 3881 2856 3939 εἶναι
2897 3884 3095 3939 κύκλον
3155 3887 3257 3958 τῆς
3309 3887 3569 3958 σελήνηςο
3607 3880 3682 3949 τὴν

473 3973 708 4028 sumitur
740 3971 810 4027 ob
839 3986 957 4028 eam
992 3985 1156 4041 quam
1189 3970 1432 4024 dicemus
1464 3967 1750 4023 rationem.

2181 3975 2312 4046 ρκὴν
2343 3976 2442 4046 τῆς
2478 3975 2903 4046 ἀπαριθμήσεως
2923 3975 3033 4030 τῶν
3059 3977 3196 4030 ἐτῶν
3230 3979 3334 4031 οὐκ
3367 3977 3475 4031 ἀπὸ
3510 3973 3590 4028 τοῦ
3615 3971 3678 4022 Σε-

465 4065 774 4138 πτεμϐρίου
803 4063 1152 4136 ποιούμενοι,
1183 4063 1292 4116 οὐδ’
1315 4062 1421 4114 ἀπὸ
1454 4061 1547 4114 τοῦ
1590 4061 1934 4132 Ὀκτωὸρίου,
1971 4062 2046 4126 ὡς
2079 4066 2170 4120 ἐπὶ
2193 4068 2284 4123 τοῦ
2324 4067 2493 4140 ἡλίου,
2536 4067 2649 4123 ἀλλ’
2695 4067 2802 4120 ἀπὸ
2844 4068 2944 4137 τῆς
2980 4067 3158 4139 ἀρχῆς
3205 4069 3300 4122 τοῦ
3371 4063 3677 4134 Ἰανουαρίων⁹
3743 4137 3745 4144 ε

471 4160 538 4214 δι’
571 4161 640 4232 ἦν
682 4160 914 4234 ἐροῦμεν
953 4159 1152 4213 αἰτίαν.
3743 4147 3745 4153 ’

543 4253 625 4310 Sit
679 4266 860 4310 autem
911 4253 1146 4323 exempli
1200 4252 1321 4306 loco
1360 4251 1676 4322 propositus
1719 4266 1915 4308 annus.
1949 4251 2032 4306 Ab

2236 4249 2394 4302 Ἐστω
2431 4248 2487 4302 δὲ
2533 4248 2672 4302 κάπὶ
2710 4246 3110 4318 ὑποδείγματος
3132 4246 3194 4301 τὸ
3224 4247 3532 4320 λεγόμενονο
3574 4248 3677 4299 ‘Am
3739 4313 3740 4329 χ

468 4348 600 4403 orbe
622 4347 846 4402 condito
873 4347 940 4402 ad
973 4347 1248 4402 ineuntem
1273 4343 1590 4400 Ianuarium
1615 4384 1631 4407 ,
1661 4343 1754 4414 qui
1788 4343 1972 4414 proxin

2168 4341 2238 4411 ἧς
2259 4341 2432 4411 ἀρχῆς
2463 4339 2565 4410 τῆς
2585 4339 2678 4392 τοῦ
2705 4339 2911 4411 κόσμου
2938 4339 3208 4407 γενέσεως
3231 4342 3401 4413 μέχρι
3422 4343 3515 4412 τῆς
3536 4339 3672 4411 ἀρῂς

469 4437 738 4508 sequitur,
772 4437 908 4491 anni
947 4446 1076 4491 sunt
1113 4436 1271 4490 6880.
1319 4433 1383 4489 lli
1415 4450 1510 4506 per
1543 4449 1637 4488 ιιι
1666 4433 1829 4489 divisi
1862 4432 1973 4488 reli1

2275 4433 2570 4505 ἐρχομένου
2607 4432 2930 4504 Ἰανουαρίου
2978 4432 3075 4506 ἐτη
3123 4433 3262 4486 εἰσὶν
3301 4441 3494 4505 sum"
3535 4431 3673 4486 ταῦτα
3735 4485 3736 4504 1

466 4539 641 4601 quunt
672 4545 750 4585 ιιι
802 4529 1029 4600 proinde
1077 4528 1294 4584 cvclum
1344 4528 1487 4581 lunae
1535 4541 1574 4580 ιι
1625 4540 1746 4582 esse
1789 4540 1965 4596 pronu

2230 4525 2469 4596 ιίζομενα
2493 4524 2646 4596 παρὰ
2678 4524 2769 4577 τὸν
2805 4524 2870 4577 ιθ’
2907 4523 3156 4577 λείπουσι
3190 4523 3259 4593 β’,
3298 4525 3396 4580 καὶ
3421 4525 3623 4595 λέγομεν
3639 4519 3671 4589 β’
3733 4571 3734 4595 1

451 4623 666 4678 .giamus
2060 4611 2103 4633 “'
2135 4611 2271 4669 εἶναι
2308 4615 2504 4668 κύκλον
2536 4615 2635 4685 τῆς
2677 4614 2924 4686 σελήνης.

847 4736 1027 4790 Altera
1057 4733 1328 4788 methodus
1355 4730 1663 4800 expeditior.-

2455 4726 2720 4792 Μέθοδος
2744 4726 2914 4795 ἑτέρα
2938 4727 3387 4798 προχειροτέρα.

523 4848 690 4903 .Hanc
723 4864 888 4918 porro
918 4849 1232 4905 methodum
1270 4847 1434 4918 paulo
1469 4845 1768 4901 faciliorem
1802 4847 1876 4902 ita
1910 4845 2027 4901 red-

2200 4841 2311 4894 Καὶ
2332 4839 2535 4912 ταύτην
2565 4839 2621 4893 δὲ
2655 4839 2754 4910 τὴν
2784 4839 3006 4910 μέθοδον
3046 4841 3182 4912 πρὸς
3208 4841 3271 4895 τὸ
3292 4840 3666 4914 προχειρότερον

450 4940 690 5004 demus;
731 4956 855 4994 cum
896 4940 1043 4994 enim
1093 4954 1237 4993 anno
1285 4938 1606 4992 adveniente
1629 4936 1804 5003 6800,
1839 4939 1954 5008 cycl

2160 4931 2631 5001 ιεταχειριζόμενοι
2650 4971 2665 4994 ,
2697 4931 2820 4984 ἐπεὶ
2860 4931 3002 4984 κατὰ
3043 4932 3440 5004 συμπλήρωσιν
3464 4931 3547 4986 τοῦ
3575 4931 3664 4993 ,ςω’

455 5038 612 5084 esset
649 5029 792 5084 luna:
831 5043 979 5092 xvu,
1018 5030 1163 5083 hunc
1197 5029 1373 5098 ipsum
1409 5043 1696 5083 numerum
1730 5037 1958 5084 centena

2159 5035 2288 5083 κτους
2307 5020 2373 5085 ιζ’
2396 5015 2465 5091 ἦν
2485 5021 2514 5072 ὁ
2535 5020 2732 5085 κύκλος
2759 5021 2860 5092 τῆς
2882 5023 3130 5094 σελήνης,
3156 5023 3331 5077 ταῦτα
3357 5023 3424 5078 τά
3446 5023 3504 5088 ιζ’
3532 5034 3663 5092 προσ·

465 5117 744 5187 sequentis
778 5117 939 5172 annis
973 5117 1267 5181 addentes,
1304 5117 1383 5171 uti
1417 5132 1562 5171 nunc
1594 5118 1693 5183 80,
1725 5119 1969 5172 confecta

2155 5111 2372 5176 τιθέντες
2410 5114 2524 5175 τοῖς
2577 5117 2674 5178 τῆς
2713 5113 2911 5184 ἐφεξῆς
2960 5116 3470 5187 ὲκατονταετηρίδος
3503 5115 3659 5169 ἐτεσιν.

466 5223 733 5264 summam
765 5209 834 5263 97
867 5224 962 5278 per
993 5209 1060 5262 l9
1093 5209 1387 5278 partientes
1409 5248 1423 5273 ,
1456 5210 1661 5280 reliqua
1695 5226 1732 5264 ιι
1763 5211 1906 5265 luna:
1935 5225 1970 5279 c;

2156 5204 2208 5268 ἱ›ς
2229 5204 2322 5257 νῦν
2343 5207 2456 5267 τοῖς
2487 5211 2562 5271 π’,
2589 5205 2657 5257 τὰ
2698 5205 2961 5276 γενόμενα
2999 5203 3081 5272 κζ’
3105 5207 3430 5277 μερίσαντες
3465 5204 3595 5275 παρὰ
3618 5199 3660 5249 τὸ

458 5301 611 5354 clum
644 5314 764 5354 esse
799 5299 1065 5355 dicemus.
1104 5299 1244 5354 Idem
1279 5308 1330 5356 et
1364 5303 1556 5370 quovis
1587 5303 1800 5373 expleto
1835 5310 1960 5357 cent

2214 5295 2310 5357 ,τὰ
2346 5295 2781 5367 καταλειπόμενα
2821 5295 2863 5365 β’
2887 5295 3136 5366 δεύτερον
3159 5296 3355 5367 ἕξομεν
3387 5295 3568 5348 κύκλον
3598 5306 3660 5342 σε·

461 5394 619 5448 nario
663 5391 956 5456 facientes,
1001 5392 1212 5462 cyclum
1245 5393 1418 5464 ipsius
1450 5394 1657 5464 majore
1703 5395 1965 5466 compend

2153 5390 2316 5460 lﬁvng.
2351 5387 2423 5440 Τὸ
2462 5388 2592 5441 αὐτὸ
2632 5388 2686 5440 δὲ
2730 5389 2823 5442 καὶ
2863 5387 2982 5440 καθ’
3034 5387 3273 5460 ἑκάστην
3316 5387 3657 5458 συμπλήρωσιν

460 5485 816 5556 reperiemus.
2132 5479 2642 5550 ὲκατονταετηρίδος
2703 5478 3007 5542 ποιοῦντες,
3052 5480 3482 5550 προχειροτέρως
3531 5471 3657 5542 ληψό-

2134 5570 2272 5639 μεθα
2301 5569 2390 5623 τὸν
2426 5569 2754 5641 ζητούμενον
2783 5567 2978 5623 κύκλον
3014 5569 3204 5638 αὐτῆς.

564 5685 840 5750 Quomoao
877 5684 1088 5740 lunares
1125 5693 1318 5754 epacue
1347 5685 1761 5755 pervestiganda:
1790 5687 1915 5740 sint.

2224 5686 2355 5750 Πῶς
2378 5685 2717 5752 εὑρήσομεν
2748 5684 2854 5748 τὰς
2885 5682 2994 5751 τῆς
3019 5682 3290 5751 σελήνης
3323 5677 3583 5739 ἐπακτὰς-

528 5797 639 5855 \'ll.
680 5797 912 5874 Epactas
946 5799 1185 5857 ineuntis
1215 5798 1357 5854 luna:
1386 5797 1527 5868 cycli
1559 5798 1663 5853 hoc
1695 5799 1856 5854 modo
1890 5814 2021 5854 con-

2196 5799 2270 5853 Z'.
2322 5799 2430 5863 Τὰς
2452 5799 2497 5853 δ’
2525 5798 2766 5863 ἐπακτὰς
2801 5797 2892 5852 τοῦ
2927 5796 3220 5861 ἐνεστῶτος
3252 5790 3556 5868 σεληνιακοῦ
3583 5784 3650 5838 κύ·

3711 5527 3713 5567 |

3709 5601 3711 5655 |

3707 5671 3709 5743 l

3703 5765 3707 5831 4

3703 5843 3705 5897 ι
