3808 6312
116 337 251 394 1295

1059 339 1279 398 lSAACl
1310 341 1615 400 MONACHI
1651 343 2031 402 COMPUTUS
2064 342 2505 401 ECCLESIAST.

3217 349 3352 406 {2M

115 452 239 507 κλου
261 452 414 526 τόνδε
456 454 546 508 τὸν
582 455 782 526 τρόπον
824 455 1126 526 ληψόμεθα.
1157 461 1414 530 Ἔχοντες
1444 463 1553 534 γὰρ
1589 463 1682 516 τὸν

1786 464 2046 518 ﬁciemus.
2075 462 2298 534 Cyclum
2329 463 2472 517 lunze
2495 461 2607 531 jam
2642 468 2912 529 repertum
2947 475 3042 530 per
3076 476 3131 514 ιι
3169 465 3352 515 multi-

114 543 311 597 κύκλον
347 546 448 614 τῆς
482 544 742 616 σελήνης,
784 547 1348 621 ἑνδεκαπλασιάσομεν
1379 553 1559 618 αὐτὸν,
1593 554 1686 608 καὶ

115 635 500 706 προσθήσομεν
532 637 680 706 αύτῷ
719 638 812 689 καὶ
855 639 1065 711 ἡμέρας
1105 645 1254 712 τρεῖς
1293 644 1422 714 περὶ
1466 640 1540 697 ῶν
1568 647 1682 715 μετ’

111 728 288 796 ὀλίγον
341 727 610 798 ἐροῦμενο
662 729 756 782 καὶ
794 729 889 782 τοῦ
931 733 1221 802 γενομένου
1263 735 1361 798 τὰς
1405 753 1682 806 παρεμπι-

114 819 354 882 πτούσας
407 820 798 891 τριακοντάδας
843 821 1023 886 πάσας
1070 824 1395 896 ἀφελοῦμεν,
1439 828 1514 890 ὼς
1555 829 1683 882 ἐκά-

116 926 244 982 στην
283 913 434 982 μῆνα
463 912 776 984 σεληνιακὸν
813 914 1214 985 ἀπαρτίζουσαν
1240 934 1253 948 ·
1297 920 1389 971 καὶ
1416 919 1483 972 τὰ
1505 920 1680 973 κάτω-

111 1001 203 1055 θεν
231 1003 342 1056 τῶν
377 1003 420 1056 λ’
453 1003 694 1077 επακτὰς
736 1005 943 1059 ἐκείνου
983 1006 1076 1058 τοῦ
1119 1008 1436 1080 σεληνιακοῦ
1483 1010 1680 1064 κύκλου

111 1089 248 1148 εἶναι
272 1097 543 1166 φήσομεν.

189 1185 560 1255 ’Υπόδειγμαο
593 1182 702 1238 οἷον
735 1186 810 1249 ὡς
845 1187 903 1239 ὲν
937 1187 1324 1259 ὑποδείγματιο
1361 1191 1485 1244 ἐπεὶ
1528 1193 1556 1244 ὁ
1600 1194 1682 1245 ἐν-

115 1275 286 1340 εστὼς
315 1278 415 1348 τῆς
448 1277 674 1348 σελήνης
707 1277 902 1342 κύκλος
940 1280 984 1349 β’
1018 1276 1154 1334 εἶναι
1181 1282 1465 1349 δέδεικται,
1497 1285 1682 1340 τοῦτον

109 1368 721 1432 ὲνδεκαπλασιάσαντες,
749 1371 842 1423 καὶ
867 1373 978 1434 τοῖς
1001 1373 1309 1442 γενομένοις
1335 1374 1416 1444 κβ⁹
1446 1381 1492 1443 γ’
1523 1394 1681 1447 προσ-

109 1461 314 1525 θέντες,
348 1461 419 1514 τά
450 1461 715 1532 γενόμενα
744 1470 822 1516 κε’
852 1463 950 1528 τὰς
979 1465 1070 1518 τοῦ
1111 1467 1401 1532 ἐνεστῶτος
1431 1470 1678 1540 σεληνια-

109 1553 206 1607 κοῦ
240 1554 443 1608 κύκλου
469 1554 659 1625 έχομεν
692 1556 933 1620 έπακτάς
965 1564 1061 1610 κε’.

191 1645 253 1698 Ἠ
285 1645 345 1699 δὲ
376 1646 488 1698 τῶν
523 1653 568 1714 γ’
603 1647 822 1717 ἡμερῶν
847 1647 1128 1718 προσθήκη
1163 1647 1229 1700 δι’
1269 1649 1445 1703 αἰτίαν
1472 1651 1679 1718 γίνεται

108 1735 329 1806 ταύτην.
389 1737 548 1788 Δοκεῖ
607 1737 715 1808 γὰρ
774 1738 1004 1809 ἀπορίαν
1064 1739 1308 1807 ἐμποιεῖν
1366 1743 1399 1810 ἡ
1457 1742 1674 1814 τοιαύτη

1789 556 2134 626 plicabimus,
2171 554 2330 624 199
2357 553 2422 607 ad
2454 568 2686 622 eumque
2714 561 2825 607 tres
2853 551 2970 608 dies
3002 551 3347 620 adjiciemus,

1786 647 1853 703 de
1884 647 2082 717 quibus
2116 648 2278 718 paulo
2307 654 2433 716 post
2465 653 2673 716 agetur.
2728 642 2802 697 Ex
2836 643 2938 698 hac
2982 658 3196 698 summa
3245 644 3343 696 tri-

1785 741 2036 796 cenarios
2083 753 2308 805 omnes,
2346 737 2524 807 quoad
2571 737 2684 792 ﬁeri
2731 743 2938 805 potest,
2985 735 3345 801 auferemus;

1784 831 1878 901 qui
1934 831 2177 901 singulos
2226 830 2369 884 luna:
2419 841 2637 886 menses
2690 827 2949 882 alliciunt.
3003 825 3300 882 Residuum
3330 866 3346 888 ,

1784 921 1927 992 quod
1960 923 2141 978 minus
2173 930 2257 978 est
2285 937 2389 975 xxx
2410 960 2425 983 ,
2463 935 2561 990 pro
2589 919 2731 974 lunae
2759 919 2965 990 epactis
2997 918 3340 974 habebimus.

1851 1183 2094 1254 Exempli
2131 1199 2330 1239 causa:
2366 1185 2626 1254 quoniam
2659 1182 2940 1254 praesentis
2973 1181 3101 1235 anni
3129 1180 3338 1236 lunaris

1781 1278 1971 1347 cyclus
2005 1284 2087 1332 est
2120 1293 2194 1341 ιι,
2231 1286 2293 1330 ιιι
2327 1276 2666 1332 ostendimus
2694 1293 2706 1330 :
2742 1275 2886 1329 hanc
2933 1289 3029 1345 per
3057 1289 3112 1328 ιι
3147 1273 3336 1329 multi-

1780 1369 2081 1438 plicantes,
2109 1379 2162 1423 et
2192 1369 2256 1422 ad
2294 1385 2435 1434 xxn,
2468 1367 2563 1438 qui
2597 1367 2723 1422 inde
2772 1366 2942 1428 ﬁunt,
2995 1365 3192 1421 additis
3241 1380 3335 1430 ιιι,

1779 1460 1870 1530 qui
1906 1462 2029 1514 inde
2061 1461 2342 1531 consurgit
2371 1474 2630 1514 numerus
2663 1474 2789 1526 xxv,
2819 1457 2982 1528 hujus
3011 1457 3151 1529 cycli
3183 1457 3339 1512 luna-

1780 1553 1859 1607 ris
1888 1561 2108 1622 epactas
2143 1553 2292 1606 illum
2320 1567 2440 1608 esse
2467 1553 2722 1606 dicimus.

1848 1645 2115 1700 Ca-ternm
2158 1645 2398 1700 triduum
2445 1643 2588 1698 istud
2631 1643 2701 1697 ob
2749 1656 2889 1697 nanc
2928 1656 3148 1698 causam
3199 1641 3336 1712 adji-

1779 1739 1940 1792 citur.
1982 1735 2105 1791 liaec
2139 1738 2282 1791 enim
2315 1737 2556 1790 accessio
2587 1733 2940 1789 dubitationis
2969 1732 3216 1788 nonnihil
3249 1733 3338 1787 af-

110 1829 416 1899 προσθήκη.
448 1829 601 1881 Ἔστι
639 1828 682 1880 δ’
719 1830 886 1881 αἴτιον
932 1828 1210 1882 κάνταῦθα
1251 1833 1284 1902 ἡ
1328 1834 1425 1903 τῆς
1475 1813 1678 1906 κυρίως

1786 1829 1922 1885 ferre
1950 1831 2180 1884 videtur.
2214 1827 2318 1882 Sed
2350 1829 2469 1897 ejus
2497 1842 2710 1897 quoque
2738 1825 2877 1880 ratio
2917 1841 2984 1880 ex
3023 1825 3137 1880 veri
3184 1826 3336 1896 prin-

108 1919 281 1989 ἀρχῆς
319 1919 414 1972 τοῦ
456 1919 609 1983 ἔτους
653 1921 862 1990 ἄγνοια.
899 1921 1115 1990 Ταύτην
1149 1921 1256 1992 γάρ
1302 1923 1544 1993 ἀκριϐῶς
1583 1926 1682 1978 οὐκ

109 2011 330 2075 εἰδότες,
373 2012 498 2064 ἐπεὶ
538 2006 694 2083 εὖρον
735 2016 783 2066 οἱ
826 2015 943 2066 κατ’
971 2014 1142 2084 ἀρχὰς
1176 2015 1244 2069 τά
1287 2017 1512 2070 τοιαῦτα
1555 2018 1682 2087 μεθ-

109 2101 448 2165 οδεύσαντες,
492 2103 591 2173 τὴν
629 2104 854 2174 σελήνην
896 2107 954 2158 ὲν
985 2111 1032 2156 α’
1063 2105 1085 2137 ι
1121 2106 1301 2177 κύκλῳ
1334 2108 1505 2178 αὐτῆς
1541 2110 1682 2163 κατά

107 2192 200 2263 τὴν
228 2199 274 2246 α’
310 2194 404 2246 τοῦ
451 2194 778 2266 Ἰανουαρίου
810 2196 1141 2269 πανσέληνον
1177 2199 1484 2270 γινομένην,
1526 2217 1684 2254 τουτ-

109 2284 220 2338 έστι
262 2286 814 2339 πεντεκαιδεκαταίαν
850 2283 1012 2340 οὖσαν
1034 2305 1046 2319 °
1086 2285 1152 2357 ἦν
1181 2289 1236 2342 δὲ
1264 2290 1359 2343 καὶ
1407 2291 1494 2343 ὅτε
1527 2291 1684 2363 δεδη-

109 2376 228 2446 μιού
239 2394 436 2448 ργηται
459 2378 994 2432 πεντεκαιδεκαταία·
1018 2379 1108 2431 καὶ
1132 2380 1218 2433 διὰ
1239 2380 1394 2434 τοῦτο
1414 2385 1559 2452 τρεῖς
1584 2383 1682 2452 μὲν

103 2465 243 2538 ἦσαν
273 2471 327 2522 ai
359 2469 467 2540 πρὸ
495 2469 594 2538 τῆς
617 2469 971 2541 δημιουργίας
997 2471 1166 2541 αύτής
1190 2471 1413 2543 ἡμέραι,
1444 2481 1510 2525 ια’
1536 2474 1593 2526 δὲ
1624 2476 1682 2528 ai

108 2559 214 2611 ἀπὸ
240 2559 342 2629 τῆς
380 2559 842 2631 προῦποτεθείσης
873 2562 1111 2625 συνόδου,
1156 2563 1413 2616 ὑπέθεντο
1455 2565 1552 2634 μὲν
1582 2565 1682 2637 τὴν

102 2651 275 2722 ἀρχὴν
302 2652 400 2705 τοῦ
443 2654 789 2726 Ἰανουαρίου,
821 2655 916 2708 κα)⁵
962 2656 1070 2709 τῶν
1106 2657 1437 2728 σεληνιακῶν
1466 2660 1681 2716 κύκλων

105 2744 298 2814 ἀρχὴν,
331 2744 679 2816 προσέθηκαν
720 2744 777 2798 δὲ
817 2746 913 2798 καὶ
944 2745 1042 2809 τὰς
1079 2754 1126 2815 γ’
1157 2749 1387 2820 ἡμέρας,
1419 2749 1505 2803 ἵνα
1538 2752 1681 2806 κατά

105 2835 279 2888 πάντα
332 2833 653 2907 ὁμοιότης
689 2835 822 2906 πρὸς
879 2837 1090 2908 ἐκείνην
1134 2838 1231 2910 τὴν
1279 2839 1514 2912 ἡμέραν,
1553 2843 1679 2896 καθ’

103 2926 168 2996 ἡν
207 2925 689 2997 δεδημιούργηται.
1253 2944 1260 2953 ·

103 3038 337 3113 Πῶς-λῖν
361 3057 453 3105 τις
491 3040 587 3113 καὶ
631 3041 749 3113 ἀπό
793 3039 900 3107 τῆς
924 3043 1139 3113 ,ὅψεως
1182 3043 1524 3113 κατανοήσῃ
1561 3044 1678 3112 τὴν

168 3111 448 3176 σελήνην
473 3112 592 3164 εἴτε
622 3110 740 3165 ἀπὸ
776 3111 1060 3177 συνόδου,
1090 3114 1207 3167 εἴτε
1235 3113 1352 3166 ἀπὸ
1381 3110 1676 3169 «armas.

165 3199 281 3234 νου
304 3181 500 3234 ἐστίν.

168 3289 254 3339 ιιι,
304 3285 523 3358 Ἐπειδὴ
545 3287 609 3340 ἐκ
633 3288 727 3341 τοῦ
749 3289 897 3360 ἡλίου
927 3289 1138 3362 δέχεται
1173 3292 1232 3344 τὸ
1254 3291 1366 3362 φῶς
1392 3293 1426 3364 ἡ
1455 3293 1668 3366 σελήνη,

101 3376 184 3428 ἀεὶ
227 3377 289 3430 τὸ
330 3379 743 3448 πεφωτισμένον
784 3381 954 3451 αὐτῆς
1006 3382 1167 3452 μέρος
1209 3383 1343 3454 πρὸς
1385 3384 1474 3436 τὸν
1521 3385 1672 3453 ἥλιον

101 3468 264 3521 νεύει.
297 3469 458 3524 Ὅθεν
495 3467 763 3542 αὐξομένη
797 3473 894 3542 μὲν
925 3475 991 3544 τῇ
1033 3474 1327 3528 ἀποστάσει
1365 3475 1458 3528 τοῦ
1499 3477 1668 3548 ἡλίου,

98 3561 344 3614 τουτέστι
391 3562 743 3616 συνοδεύουσα
778 3564 856 3634 τῷ
897 3566 1049 3636 ἡλίῳ,
1090 3567 1184 3620 καὶ
1221 3568 1312 3620 ἐπὶ
1345 3549 1672 3674 πανσέληνον

101 3653 362 3674 1-.-,--Ξ..μ
439 3651 490 3674 -ὶ
552 3653 645 3674 --ιη
728 3671 801 3674 -.-γ
844 3673 919 3674 7,,
978 3655 992 3674 ι
1181 3658 1194 3673 ο
1240 3659 1265 3670 υ
1389 3659 1402 3674 1
1603 3661 1614 3674 ο

99 3653 390 3723 ἐρχομένη,
436 3651 496 3704 τὸ
549 3653 645 3723 μὲν
678 3655 1086 3726 πεφωτισμένον
1134 3658 1303 3728 αὐτῆς
1337 3659 1499 3731 μέρος
1529 3651 1672 3715 νὲύει

99 3745 238 3814 πρὸς
295 3745 541 3816 δυσμάς,
598 3746 955 3819 δυτικωτέρου
1008 3749 1158 3813 ὄντος
1222 3752 1518 3822 τηνικαῦτα
1576 3751 1672 3808 τοῦ

99 3837 270 3906 ήλίου,
296 3839 356 3891 τὸ
384 3838 441 3890 δὲ
469 3839 808 3908 κερατοειδὲς
851 3839 1021 3910 αὐτῆς
1067 3842 1161 3895 καὶ
1200 3842 1500 3911 ἀφώτιστον
1529 3845 1670 3898 νεύει

97 3931 237 4000 πρὸς
272 3930 569 3994 ἀνατολάςο
605 3931 742 3985 ὲπάν
785 3932 841 3984 δὲ
877 3933 1098 4005 γένηται
1135 3935 1542 4006 ἀντιπρόσωπος
1574 3937 1669 4008 ὅλη

95 4018 170 4088 τῷ
197 4018 354 4090 ἡλίῳ,
391 4019 487 4072 καὶ
535 4019 675 4073 κατά
713 4020 1002 4092 διάμετρον
1055 4022 1217 4075 αὐτοῦ
1268 4023 1498 4095 ἀποστῇ,
1548 4025 1668 4079 τότε

98 4113 248 4165 πᾶσα
300 4110 629 4180 φωτίζεται,
680 4111 773 4183 ὅλη
815 4114 920 4183 ὅλῳ
969 4114 1046 4185 τῷ
1096 4115 1231 4186 ἡλίῳ
1272 4116 1665 4187 προσϐαλοῦσα.

103 4205 237 4276 Ὀλη
265 4205 325 4257 δὲ
356 4205 501 4272 λέγω
549 4205 690 4258 κατά
738 4206 799 4258 τὸ
847 4207 982 4276 πρὸς
1030 4209 1174 4278 ἡμᾶς
1219 4208 1388 4280 αὐτῆς
1426 4211 1668 4274 νενευκὸς

97 4297 282 4368 μέρος.
328 4297 520 4351 Ἦνίκα
553 4298 609 4350 δὲ
643 4298 780 4366 μετά
829 4300 1159 4372 πανσέληνον
1212 4300 1440 4372 ἄρξηται
1487 4303 1668 4372 μειοῦ-

95 4389 239 4450 σθαι,
287 4391 384 4443 κα)⁹
429 4390 565 4462 πρὸς
613 4390 828 4444 σύνοδον
877 4391 1130 4461 ἔρχεσθαι
1182 4393 1275 4446 τοῦ
1325 4394 1494 4465 ἡλίου,
1545 4397 1666 4450 τότε

1781 1920 1943 1989 cipii,
1993 1935 2023 1972 a
2073 1934 2182 1988 quo
2235 1933 2410 1973 annus
2459 1917 2676 1986 incipit,
2729 1915 3068 1985 ignoratione
3109 1915 3336 1985 petitur.

1783 2011 1935 2077 Quod
1966 2027 2088 2065 cum
2121 2019 2372 2066 accurate
2403 2025 2512 2064 non
2543 2016 2787 2063 tenerent
2830 2007 2992 2078 primi
3035 2007 3180 2062 illius
3222 2021 3338 2060 me-

1782 2103 1934 2157 thodi
1963 2103 2272 2156 conditores
2293 2141 2308 2164 ,
2339 2117 2402 2156 ac
2432 2105 2605 2171 primo
2635 2101 2776 2154 luna:
2805 2099 2958 2169 cyclo
2997 2097 3339 2151 animadver-

1781 2205 1956 2250 terent
1993 2194 2251 2249 Kalendis
2278 2192 2518 2248 Januarii
2567 2193 2778 2262 plenam
2819 2207 2940 2246 esse
2980 2192 3200 2257 lunam,
3235 2190 3338 2245 hoc

1781 2296 1866 2343 est
1896 2287 2140 2357 quintam
2169 2287 2473 2352 decimam;
2505 2299 2567 2338 ac
2599 2292 2804 2337 tantam
2838 2283 3040 2349 fuisse,
3075 2299 3197 2337 cum
3226 2283 3338 2354 pri-

1781 2395 1929 2434 mum
1972 2387 2055 2436 est
2104 2387 2422 2449 procreata,
2473 2387 2787 2437 constaret.
2831 2383 2891 2428 ut
2947 2382 3060 2429 tres
3113 2376 3337 2429 omnino

1781 2470 1898 2527 dies
1935 2469 2212 2526 conditum
2259 2469 2405 2523 illius
2448 2467 2872 2529 anteccherint,
2915 2463 3166 2521 undecim
3207 2479 3334 2519 vero

1782 2579 1813 2618 a
1848 2563 2022 2634 primo
2049 2563 2195 2616 coitu
2217 2601 2231 2624 ,
2260 2575 2418 2630 quem
2465 2559 2716 2630 ﬁngimus
2735 2598 2751 2623 ,
2781 2555 3085 2612 eﬂluxerint
3115 2575 3128 2610 :
3175 2555 3246 2610 ob
3281 2555 3335 2610 id

1781 2657 2038 2712 Kalendis
2062 2653 2337 2710 Ianuariis
2381 2653 2655 2724 cyclorutn
2702 2651 2844 2704 lunae
2887 2647 3214 2719 principium
3246 2658 3334 2701 at-

1781 2748 2128 2814 tribuerunt;
2164 2761 2227 2800 ac
2257 2753 2368 2799 tres
2410 2745 2534 2798 illos
2565 2742 2881 2810 adjecerunt
2908 2738 3058 2802 dies,
3107 2746 3167 2792 ut
3208 2753 3335 2792 cum

1778 2857 1866 2905 ea,
1897 2855 2004 2912 qua
2025 2839 2260 2910 primum
2315 2837 2531 2892 condita
2565 2843 2669 2900 est,
2705 2834 2791 2888 die
2834 2848 2929 2903 per
2973 2831 3151 2886 omnia
3205 2846 3336 2886 con-

1779 2941 2016 3004 grueret.

1837 3048 1956 3113 Qua
1983 3045 2186 3098 ratione
2213 3041 2472 3112 quispiam
2500 3041 2613 3113 uisu
2641 3039 2755 3108 ipso
2783 3038 3044 3113 discernat
3065 3045 3286 3113 ,_utrum

1989 3117 2113 3169 luna
2146 3107 2381 3183 proxime
2411 3113 2463 3164 in
2483 3110 2611 3180 jugo
2632 3107 2751 3176 ,αιι
2779 3109 2931 3176 plena
2963 3107 3143 3176 fuerit.

1849 3292 1984 3348 Vlll.
2025 3292 2161 3347 Cum
2194 3291 2263 3346 ab
2310 3290 2426 3345 sole
2472 3287 2812 3344 lucem'luna
2859 3285 3174 3350 fceneretur,
3208 3297 3337 3353 pars

1777 3385 1897 3454 ejus
1922 3383 2222 3438 illuminata
2247 3382 2417 3437 solem
2443 3387 2702 3450 perpetuo
2722 3378 2962 3448 respicit.
2983 3375 3108 3431 ldco
3124 3390 3245 3431 cum
3270 3373 3337 3428 ab

1779 3479 1892 3533 sole
1923 3476 2186 3546 paulatim
2231 3481 2440 3536 remota
2473 3473 2710 3538 crescit,
2744 3471 2846 3527 hoc
2875 3477 2959 3526 est
2999 3476 3122 3539 post
3166 3468 3337 3538 ipsius

1777 3583 1901 3622 cum
1934 3567 2048 3622 sole
2077 3579 2464 3635 congressum,
2499 3577 2562 3618 ac
2614 3561 2790 3618 tendit
2830 3561 2897 3614 ad
2944 3559 3333 3630 plenilunium.

1777 3673 1885 3730 qua
1924 3667 2077 3729 parte
2121 3657 2295 3712 lucem
2343 3655 2574 3726 accipit,
2606 3654 2780 3724 vergit
2826 3653 2880 3706 in
2906 3667 3199 3714 occasum,
3251 3666 3340 3704 so-

1778 3752 1884 3807 lem
1937 3762 2067 3806 tunc
2118 3749 2323 3804 habens
2355 3749 2426 3802 ab
2457 3747 2773 3810 occidente;
2811 3760 2917 3816 qua
2948 3759 3078 3799 vero
3109 3751 3341 3798 cornuta

1776 3853 1893 3907 est,
1928 3851 1981 3898 et
2008 3857 2203 3911 expers
2234 3840 2488 3902 luminis,
2520 3839 2576 3892 in
2601 3837 2884 3894 orientem.
2914 3833 3086 3891 Porro
3119 3851 3242 3890 eum
3272 3849 3340 3890 ex

1777 3937 2004 3992 adverso
2038 3935 2139 3990 soli
2193 3935 2408 4003 penitus
2457 3932 2698 4001 objacet,
2752 3929 3040 3985 intervallo
3091 3927 3341 3982 diametri

1776 4031 1844 4084 ab
1874 4029 2064 4084 eodem
2094 4027 2348 4093 distans;
2398 4036 2530 4080 tunc
2577 4023 2826 4078 videlicet
2872 4022 3034 4092 pleno
3081 4021 3211 4075 orbe
3252 4035 3340 4074 re-

1775 4120 2023 4189 splendet
2043 4157 2058 4181 ,
2091 4125 2266 4172 totum
2291 4125 2403 4171 tota
2430 4116 2601 4172 solem
2626 4114 2946 4183 respiciens.
2984 4107 3178 4166 Totam
3212 4125 3339 4164 cum

1775 4214 1919 4279 dico,
1948 4223 2152 4284 partem
2181 4211 2302 4279 ejus
2332 4209 2573 4277 intelligo
2593 4248 2608 4274 ,
2641 4222 2762 4277 quae
2791 4207 2948 4260 nobis
2973 4205 3200 4260 obversa
3231 4211 3336 4259 est.

1774 4307 1845 4360 At
1877 4320 2002 4362 cum
2034 4313 2157 4373 post
2189 4303 2589 4372 oppositionem
2641 4299 2960 4355 decrescere
3006 4297 3230 4366 incipit,
3281 4301 3342 4350 et

1774 4399 1841 4454 ad
1873 4398 2005 4454 solis
2035 4409 2326 4466 preperare
2354 4407 2708 4463 congressum
2737 4407 2751 4456 ;
2797 4397 2927 4444 tunc
2972 4389 3167 4443 iterum
3209 4400 3340 4456 pars

91 4483 254 4535 πάλιν
281 4483 346 4535 τὸ
383 4483 482 4552 μὲν
512 4481 919 4552 πεφωτισμένον
956 4484 1126 4554 αὐτῆς
1153 4485 1317 4556 μέρος
1354 4485 1496 4539 νεύει
1532 4488 1668 4558 πρὸς

1793 4493 1918 4545 llius
1949 4490 2128 4544 lucida
2159 4495 2369 4557 spectat
2401 4486 2688 4540 orientem.
2728 4483 2905 4555 (Tum
2945 4483 3090 4536 enim
3139 4482 3221 4535 sol
3267 4480 3339 4535 ad

91 4573 359 4643 ἀνατολὴν
391 4573 486 4626 τοῦ
536 4573 684 4643 ἡλξιδυ
734 4574 1191 4644 ἀνατολικωτέρου
1235 4576 1353 4628 τότε
1399 4577 1568 4642 ὄντος,
1608 4579 1669 4632 τὸ

89 4667 143 4721 δὲ
180 4667 490 4736 ἀφώτιστον
535 4665 628 4718 καὶ
671 4666 1008 4737 κερατοειδὲς
1059 4667 1194 4738 πρὸς
1239 4668 1468 4739 δυσμάς.
1505 4673 1670 4725 Ὅταν

89 4761 196 4830 ἄρα
225 4760 289 4812 τὸ
324 4757 738 4828 πεφωτισμένον
769 4759 867 4828 τῆς
907 4758 1134 4829 σελήνης
1174 4760 1340 4832 μέρος
1377 4762 1506 4835 νεύη
1536 4765 1671 4834 πρὸς

87 4853 325 4924 δυσμὰς,
359 4851 470 4905 ἀπὸ
494 4849 708 4902 συνόδου
734 4850 879 4904 ἐστὶν
904 4853 936 4920 ἡ
967 4849 1183 4922 σελήνη,
1213 4855 1309 4907 καὶ
1342 4855 1434 4908 ἐπὶ
1471 4856 1670 4909 πανσέ-

87 4944 249 5015 ληνον
289 4943 539 5014 ἔρχεται⁹
573 4943 699 4994 ὃταν
737 4941 794 4994 δὲ
829 4941 990 4994 πάλιν
1025 4943 1086 4996 τὸ
1125 4945 1536 5016 πεφωτισμένον
1573 4947 1667 4999 αύ-

85 5037 184 5105 τῆς
237 5035 406 5107 μέρος
467 5032 596 5103 νεύῃ
647 5033 784 5104 πρὸς
834 5033 1115 5097 ἀνατολὰς,
1174 5035 1282 5088 ἀπὸ
1333 5037 1663 5108 πανσελήνου

86 5129 234 5181 ἐστὶν
270 5129 306 5197 ἡ
338 5126 558 5197 σελήνη,
591 5125 685 5178 καὶ
721 5124 814 5177 ἐπὶ
840 5124 1054 5177 σύνοδον
1085 5125 1324 5196 ἔρχεται.

87 5240 219 5305 Πῶς
255 5240 334 5292 ἂν
365 5238 641 5304 εὗροιμεν
668 5238 875 5305 πόσων
899 5234 1068 5289 ἐστὶν
1098 5235 1332 5305 ἡμερῶν
1357 5237 1395 5304 ἡ
1429 5235 1663 5305 σελήνη

150 5302 278 5365 ἀπὸ
329 5302 622 5368 συνόδου,
656 5307 782 5360 καθ’
836 5302 915 5370 ἢν
957 5307 1032 5359 ἂν
1066 5302 1294 5374 ἡμέραν
1332 5302 1438 5360 τοῦ
1474 5302 1668 5374 μηνὸς

149 5381 339 5434 τοῦτο
368 5376 701 5443 ζητοίημεν.

148 5491 230 5544 Θί.
251 5488 461 5542 Ἐπεὶδ
485 5487 681 5556 ἔχομεν
697 5487 895 5540 καὶτὸν
916 5504 982 5540 πε
989 5487 1044 5558 ρὶ
1058 5487 1246 5540 τούτου
1278 5487 1454 5555 λόγον,
1475 5487 1668 5558 ἑπόμε-

82 5603 164 5636 νον
193 5583 265 5638 ἂν
295 5581 382 5652 εἴη
422 5578 739 5650 προσθεῖναι
789 5579 881 5632 καὶ
933 5580 1077 5642 ὅπως
1113 5579 1192 5631 δεῖ
1239 5578 1535 5649 λαμϐάνειν
1567 5580 1666 5651 τὴν

150 5739 171 5767 δ
212 5755 306 5804 γρ.
345 5734 545 5803 ἐνάτῳ,
585 5741 633 5786 et
664 5747 783 5785 mox
812 5731 952 5785 κατὰ
983 5731 1078 5802 τὴν
1117 5739 1202 5786 ια’.

1772 4583 2034 4637 orientem
2067 4579 2240 4651 magis
2269 4577 2498 4632 accedit.
2528 4577 2545 4644 )
2579 4573 2715 4629 Pars
2749 4581 2929 4628 autem
2969 4587 3091 4643 qua:
3132 4571 3338 4627 lumine

1771 4689 1966 4728 carens
2011 4681 2126 4738 est,
2175 4677 2228 4725 et
2283 4676 2549 4733 cornuta,
2601 4665 2938 4720 occidentem
2983 4662 3198 4734 aSpicit.
3255 4660 3333 4716 Ad

1772 4779 2039 4821 summam
2058 4805 2073 4828 ,
2104 4761 2324 4833 quando
2355 4776 2483 4831 pars
2509 4759 2652 4812 luna:
2682 4755 2963 4827 splendida
2997 4755 3052 4810 in
3083 4753 3338 4809 occiden-

1770 4865 1878 4913 tem
1904 4855 2110 4926 vergit,
2144 4869 2174 4908 a
2204 4867 2500 4922 congressu
2535 4848 2796 4905 recedens
2841 4845 3015 4901 tendit
3059 4844 3127 4897 ad
3167 4855 3337 4912 oppo—

1773 4947 2023 5002 sitionem
2056 4961 2073 5010 ;
2106 4957 2229 4997 cum
2260 4949 2440 4995 autem
2490 4938 2670 4994 denuo
2722 4951 2850 5006 pars
2898 4933 3077 4988 lucida
3127 4938 3338 5002 spectat

1773 5038 2034 5093 orientem
2057 5075 2072 5100 ,
2105 5033 2174 5088 ab
2201 5031 2538 5102 oppositione
2565 5027 2706 5084 redit
2736 5025 2800 5080 ad
2835 5024 3122 5096 synodum.

1775 5238 2050 5308 Quomodo
2088 5232 2554 5308 investigandas“
2593 5239 2722 5284 a’tas
2763 5227 2932 5290 lunae,
2971 5225 3067 5303 hoc
3103 5232 3180 5308 cst
3221 5222 3333 5290 ejus

1877 5307 2211 5364 intervallum
2245 5293 2504 5374 avsynodo
2525 5342 2538 5366 ,
2569 5313 2872 5370 quacunque
2901 5295 3094 5350 mensis
3122 5293 3225 5346 die.

1840 5486 1932 5542 IX.
1973 5485 2070 5542 llis
2097 5486 2170 5540 ita
2193 5481 2529 5545 constitutis,
2553 5492 2892 5548 consequens
2915 5482 3034 5538 est,
3059 5481 3118 5526 ut
3142 5485 3335 5541 quem-

1772 5579 2060 5634 admodum
2104 5586 2235 5633 mtas
2281 5577 2424 5630 luna:
2467 5585 2790 5643 quacunque
2837 5565 3102 5639 propositi
3129 5560 3336 5619 mensis
