3808 6330
512 367 653 423 1295
1541 362 1628 415 Αἰ)
1666 359 1937 416 EUSEBII
1973 357 2367 415 CHRONICON
2419 360 2784 415 APPENDIX.
3622 368 3742 426 {295

429 541 432 545 .
511 486 601 539 die
629 484 931 556 colligenda
967 483 1070 545 sit,
1098 481 1450 553 explicemus.
1485 479 1646 550 Igitur
1675 481 1914 535 ineuntis
1941 482 2044 551 cyc‘

2185 478 2412 549 σελήνην
2469 481 2648 532 πόσων
2701 478 2921 550 ἡμερῶν
2973 480 3119 533 ἐστιν
3175 479 3283 534 ἀπὸ
3330 480 3546 534 συνόδου
3569 523 3583 546 ,
3636 484 3742 538 καθ’

425 584 428 588 ’
515 577 727 632 lunaris
759 577 963 646 epactis
997 573 1064 628 ad
1093 574 1234 628 diem
1265 574 1503 637 mensis,
1542 574 1596 626 in
1631 589 1740 642 quo
1773 580 1904 628 aetas
1936 573 2044 626 lun:

2185 571 2375 623 ὁποίαν
2397 569 2464 624 ἂν
2492 571 2706 642 ἡμέραν
2732 570 2886 624 τοῦδέ
2909 587 3052 634 τινος
3088 572 3254 642 μηνὸς
3284 572 3578 645 ζητοίημεν
3604 575 3740 630 τοῦτο

513 671 794 740 quaeritur,
853 667 1155 738 adjunctis,
1217 681 1248 720 a
1303 665 1494 720 Martio
1553 665 1874 734 ueterisque
1927 663 2044 718 dein

2186 660 2390 716 λαϐεῖν.
2419 662 2674 732 Ἔχοντες
2706 663 2814 735 γὰρ
2851 661 2946 716 τοῦ
2988 662 3281 726 ἐνεστῶτος
3311 664 3627 735 σεληνιακοῦ
3657 667 3738 720 κύ-

509 776 640 830 ceps
683 759 1000 824 mensibus,
1040 765 1267 828 excepto
1321 757 1452 823 illo,
1495 756 1590 826 qui
1640 757 1987 826 pr0ponitur,
2035 770 2044 808 ε

2189 753 2318 806 κλου
2370 753 2469 817 τὰς
2531 753 2794 818 ὲπακτὰς,
2851 755 2946 809 καὶ
3008 754 3386 828 προστιθέντες
3437 757 3634 821 ταύτας
3684 761 3740 829 τῇ

510 851 725 922 quidem
776 850 968 904 diebus
1017 857 1269 903 constent
1317 865 1446 902 xxxn
1475 886 1493 913 ,
1549 847 1882 917 sesquidiem
1933 845 2044 915 capi

2188 846 2371 917 ἡμέρᾳ
2394 845 2486 899 τοῦ
2521 847 2707 918 μηνὸς,
2739 847 2861 901 καθ’
2883 849 2950 920 ἡν
2977 847 3246 918 ζητοῦμεν
3277 847 3462 901 λαϐεῖν
3487 849 3582 921 τὴν
3610 851 3743 921 σελὴ-

507 958 672 998 mus:
732 941 813 996 sin
858 941 974 996 dies
1016 940 1252 994 habeant
1307 955 1451 1003 xxx,
1508 939 1854 994 dimidiatum
1907 938 2044 993 diem

2186 955 2284 1007 νην
2314 939 2496 993 πόσων
2531 939 2679 992 ἐστὶν
2710 940 2932 1011 ἡμερῶν
2951 958 2964 970 ·
3003 941 3097 993 καὶ¹
3128 939 3237 994 ἀπὸ
3275 941 3369 994 τοῦ
3399 943 3637 1014 Μαρτίου
3662 945 3742 996 καὶ

506 1030 627 1086 Mox
662 1029 730 1086 de
771 1045 1017 1094 summa,
1074 1029 1121 1085 si
1172 1031 1345 1099 major
1394 1031 1467 1086 sit
1525 1029 1790 1101 triginta,
1845 1031 2044 1086 totiden

2179 1027 2285 1080 τῶν
2311 1027 2439 1097 ἑξῆς
2475 1028 2678 1099 μηνῶν,
2712 1029 2850 1101 πλὴν
2891 1029 3055 1084 αὐτοῦ
3099 1029 3194 1083 τοῦ
3239 1031 3331 1100 ἀφ’
3363 1027 3424 1083 οἶδ
3463 1033 3495 1102 ἡ
3538 1033 3738 1104 ζήτησις

467 1119 847 1184 auferimus;
900 1119 1181 1174 residuum
1226 1120 1348 1189 plus
1397 1120 1578 1174 minus
1625 1128 1839 1175 aetatem
1890 1120 2030 1175 luna:

2179 1121 2404 1188 γίνεται,
2451 1119 2816 1190 λαμϐάνοντες
2864 1120 2959 1175 τοῦ
2997 1122 3096 1190 μὲν
3145 1122 3361 1193 ἔχοντος
3416 1123 3625 1195 ἡμέρας
3653 1124 3738 1186 λα’,

502 1226 664 1282 quam
699 1210 1028 1281 inquirimus
1048 1249 1063 1275 ,
1095 1210 1370 1266 ostendet.

2175 1211 2387 1282 ἡμέραν
2419 1209 2464 1265 α’
2495 1211 2581 1277 S",
2612 1212 2702 1266 τοῦ
2728 1214 2772 1267 δ’
2805 1213 3020 1284 ἔχοντος
3065 1214 3278 1284 ἡμέρας
3319 1214 3383 1280 λ’,
3421 1215 3486 1270 S"
3531 1217 3737 1288 ἡμέρας⁹

502 1305 594 1358 καὶ
641 1303 748 1357 τῶν
796 1302 1162 1374 συναχθεισῶν
1221 1303 1582 1375 τριακοντάδα
1637 1303 1965 1370 ἀφελόντες,
2023 1304 2072 1356 εἰ
2133 1303 2520 1374 ὑπερὸαίνουσι
2570 1303 2846 1375 δηλονότι,
2894 1306 2992 1367 τὰς
3044 1304 3240 1368 λοιπὰς
3295 1304 3489 1377 ἕξομεν
3549 1306 3739 1376 ὁλοσχε-

465 1424 468 1426 ·
505 1399 612 1472 ρῶς
654 1401 793 1453 ὅσων
835 1399 1055 1470 ἡμερῶν
1101 1399 1250 1453 ἐστιν
1295 1403 1328 1472 ἡ
1375 1401 1593 1472 σελὴνη,
1640 1402 1760 1455 καθ’
1803 1402 1870 1473 ἡν
1913 1399 2070 1454 τοῦτο
2106 1398 2394 1472 ζητοῦμεν.

571 1490 816 1562 Exempli
848 1492 1023 1562 gratia
1051 1511 1063 1546 :
1097 1493 1378 1562 proposita
1407 1494 1479 1547 sit
1509 1509 1636 1548 xxvi
1669 1493 1786 1549 dies
1819 1494 2042 1548 Octobri

2251 1489 2395 1558 υἴον,
2429 1494 2506 1558 ὡς
2534 1495 2592 1547 ὲν
2629 1493 3012 1565 ὑποδείγματι,
3053 1493 3195 1547 ἔστω
3235 1501 3328 1559 κς¹
3364 1493 3461 1548 τοῦ
3503 1494 3734 1564 παρόντος

501 1583 556 1638 in
586 1598 694 1653 quo
717 1598 1023 1638 versamur.
1055 1581 1135 1636 Ad
1167 1583 1308 1638 banc
1336 1593 1555 1655 cpactas
1582 1585 1867 1654 praesentis
1895 1585 2033 1656 cycli

2194 1585 2522 1657 Ὀκτωϐρίου
2565 1586 2748 1657 μηνός.
2798 1584 2982 1657 Ταύτῃ
3029 1584 3359 1656 προσθέντες
3402 1585 3502 1648 τάς
3551 1585 3733 1638 amast-

503 1692 642 1749 quas
679 1693 787 1732 xxv
818 1675 930 1747 jam
986 1679 1326 1745 reperimus,
1379 1676 1638 1731 addentes
1702 1692 1913 1731 necnon
1959 1676 2044 1731 die

2181 1675 2400 1746 χθείσας
2438 1675 2532 1729 τοῦ
2577 1676 2867 1738 ἐνεστῶτος
2914 1676 3234 1748 σεληνιακοῦ
3278 1676 3480 1731 κύκλου
3520 1678 3730 1738 suam;

501 1782 726 1832 omnes,
763 1767 856 1836 qui
890 1781 921 1820 a
955 1765 1150 1820 Martio
1184 1765 1252 1819 ad
1293 1764 1453 1819 ﬁnem
1490 1765 1826 1837 Septembris
1856 1767 2044 1821 collect

2182 1774 2280 1832 κε’,
2327 1769 2418 1821 καὶ
2455 1768 2555 1832 τὰς
2603 1768 2710 1821 ἀπὸ
2755 1768 2850 1822 τοῦ
2895 1769 3140 1838 Μαρτίου
3188 1768 3351 1840 μέχρι
3385 1769 3478 1822 καὶ
3515 1769 3728 1822 ὅλουτοῦ

499 1867 664 1925 sunt,
701 1873 929 1913 numero
964 1866 1170 1927 septem
1205 1874 1220 1924 ;
1251 1856 1318 1912 de
1348 1873 1561 1912 summa
1587 1898 1600 1921 ,
1636 1872 1757 1928 quae
1789 1863 1874 1912 est
1903 1871 2069 1920 LVIII,

2182 1857 2554 1930 Σεπτεμϐρίου
2589 1857 2962 1929 συναγομένας
2999 1858 3215 1929 ἡμέρας
3243 1857 3308 1922 ζ’,
3343 1858 3437 1912 καὶ
3469 1858 3576 1911 τῶν
3601 1875 3727 1928 γενο-

501 1951 733 2007 sublatis
762 1966 868 2004 xxx
887 1989 902 2014 ,
920 1958 1137 2004 aetatem
1169 1949 1310 2003 luna:
1337 1949 1597 2004 habemus
1626 1949 1678 2002 in
1709 1948 1958 2006 Octobris
1986 1949 2044 2004 dii

2173 1947 2347 2018 μένων
2379 1947 2512 2019 ὁμοῦ
2550 1955 2630 2021 νη⁹
2671 1949 3032 2020 τριακοντάδα
3071 1949 3387 2018 ἀφελόντες,
3431 1949 3620 2020 ἔχομεν
3645 1949 3725 2020 τὴν

500 2059 660 2109 xx",
689 2057 810 2112 quae
843 2049 928 2097 est
958 2055 1132 2096 xxvut
1167 2039 1411 2096 dierum.

567 2310 753 2383 Neque
785 2327 914 2367 vero
945 2311 1102 2367 facile
1128 2309 1639 2381 praetermittendum
1664 2309 1806 2364 istud
1829 2319 1932 2374 est,
1961 2324 2066 2380 qua

2171 2036 2400 2107 σελήνην
2455 2037 2595 2091 κατά
2641 2038 2740 2109 τὴν
2807 2038 3281 2110 προχειρισθείσαν
3335 2041 3472 2110 ἡμῖν
3522 2040 3723 2110 ἡμέραν,

2167 2127 2411 2180 τουτέστι
2442 2127 2540 2199 τὴν
2584 2135 2675 2194 κς¹
2728 2128 2822 2182 τοῦ
2885 2129 3152 2200 παρόντος
3205 2130 3572 2202 Ὀκτωϐρίου,
3614 2132 3723 2201 ἡμε-

2171 2217 2278 2289 ρῶν
2310 2213 2476 2272 οὖσαν
2508 2226 2616 2290 κη’.

2237 2311 2345 2364 Καὶ
2380 2310 2538 2364 τοῦτο
2576 2310 2620 2363 δ’
2644 2311 2744 2363 οὐκ
2775 2311 2996 2365 εὔκολον
3028 2311 3436 2384 παραδραμεῖν,
3475 2314 3612 2376 τίνος
3638 2312 3721 2382 χά-

495 2399 737 2456 decausa
773 2399 1074 2470 scsquidies
1104 2399 1338 2464 illos,ch
1373 2398 1683 2454 dimidiatos
1699 2399 1815 2453 dies
1853 2399 2044 2454 auferri

2170 2417 2252 2472 ριν
2283 2403 2382 2474 τὴν
2409 2403 2518 2456 τῶν
2544 2402 2763 2474 ἡμερῶν
2803 2403 2964 2474 λῆψιν
2996 2403 3097 2474 τῆς
3131 2419 3189 2457 τε
3234 2411 3282 2458 α’
3323 2403 3390 2458 S"
3420 2407 3513 2457 καὶ
3553 2405 3641 2470 τῆς
3669 2403 3720 2457 S”

493 2489 562 2546 de
589 2490 870 2545 mensibus
901 2490 1228 2560 incipiamus
1258 2505 1287 2542 a
1319 2489 1533 2554 Martio,
1565 2505 1672 2544 non
1704 2506 1733 2542 a
1764 2487 2063 2555 Januario;

493 2596 620 2636 cum
655 2581 722 2635 ab
756 2580 860 2634 hoc
893 2580 1168 2634 lunarium
1202 2579 1514 2651 cyclorum,
1556 2589 1610 2634 et
1648 2581 2062 2650 congruentium

493 2669 560 2727 iis
589 2677 902 2741 epactarum
952 2669 1104 2723 initia
1149 2667 1442 2723 ducantur.
1494 2666 1650 2739 (Hoc
1683 2669 1827 2722 enim
1872 2677 2062 2723 contra

491 2761 585 2815 illa
621 2777 742 2831 quae
773 2760 919 2815 dicta
955 2766 1084 2814 sunt
1119 2759 1511 2814 dubitationem
1551 2773 1744 2829 parere
1779 2759 2012 2813 videtur.
2041 2756 2060 2828 )

489 2849 628 2906 Tum
659 2849 792 2905 illud
824 2850 994 2920 quaeri
1028 2856 1242 2920 potest,
1268 2865 1366 2905 cur
1395 2850 1514 2905 dies
1544 2849 1666 2905 illos
1694 2863 2056 2905 assumamus.

559 3031 903 3086 Manifestum
943 3037 1028 3084 est
1061 3029 1244 3099 itaque
1268 3069 1282 3094 ,
1316 3027 1574 3098 quoniam
1606 3027 1817 3082 lunaris
1851 3025 2057 3081 mensis

2172 2494 2280 2548 ἀπὸ
2306 2494 2400 2548 τοῦ
2431 2495 2675 2568 Μαρτίου
2703 2495 2984 2566 ἀρχόμεθα
3024 2495 3344 2566 λαμϐάνειν,
3384 2498 3481 2551 καὶ
3516 2498 3608 2550 οὐκ
3632 2496 3719 2549 ἀπὸ

2161 2587 2256 2641 τοῦ
2290 2588 2636 2660 Ἰανουαρίου,
2676 2587 2796 2641 καθ’
2826 2588 2883 2641 ὃν
2921 2590 3018 2660 τὴν
3046 2605 3108 2641 τε
3155 2589 3332 2660 ἀρχὴν
3359 2589 3470 2642 τῶν
3504 2589 3716 2658 σεληνια-

2163 2678 2274 2733 κῶν
2331 2678 2632 2749 ποιούμεθα
2676 2679 2910 2745 κύκλων,
2963 2681 3056 2735 καὶ
3105 2681 3204 2754 τὴν
3230 2681 3338 2735 τῶν
3390 2681 3512 2736 κατ’
3549 2681 3711 2741 αὐτοὺς

2161 2767 2414 2822 ὲπακτῶν
2465 2768 2625 2839 λῆψιν
2679 2769 2845 2839 (δοκεῖ
2903 2769 3012 2842 γὰρ
3070 2770 3307 2842 ἀπορίαν
3357 2773 3599 2842 ἐμποιεῖν
3637 2768 3713 2822 καὶ

2158 2862 2315 2916 τοῦτο
2347 2865 2459 2926 τοῖς
2485 2862 2850 2934 εἰρημένοις),
2879 2861 2960 2916 ἔτι
3001 2879 3061 2916 τε
3107 2864 3202 2918 καὶ
3246 2863 3316 2917 δι’
3347 2866 3414 2934 ἡν
3445 2864 3612 2917 αἰτίαν
3633 2862 3713 2932 τὴν

2158 2951 2264 3005 τῶν
2293 2952 2522 3022 ἡμερῶν
2555 2952 2759 3006 τούτων
2788 2953 3094 3025 ποιούμεθα
3127 2953 3310 3025 λῆψιν.

2229 3046 2382 3099 Ἐστι
2427 3045 2524 3116 μὲν
2570 3041 2662 3100 οὖν
2699 3046 2876 3116 δῆλον,
2908 3047 3004 3114 ὠς,
3048 3050 3173 3102 ἐπεὶ
3211 3051 3240 3102 ὁ
3283 3049 3592 3122 σεληνιακὸς
3627 3047 3710 3118 μὴν

487 3123 682 3180 diebus
709 3123 926 3178 circiter
955 3129 1169 3178 constat
1191 3135 1318 3175 XXIX
1340 3118 1461 3190 1/2,
1487 3118 1761 3190 sesquidie
1790 3118 2044 3172 minoreu

2158 3138 2371 3209 ἡμέραν
2416 3139 2498 3192 κθ¹
2532 3137 2597 3193 S"
2619 3139 2844 3208 ἔγγιστα
2891 3141 3159 3216 περιέχει,
3205 3141 3314 3195 τῶν
3363 3118 3466 3214 μὲν
3512 3143 3710 3213 ἑχόντων

484 3215 554 3272 iis
585 3230 735 3279 esse,
768 3215 968 3285 quibus
1014 3214 1132 3270 dies
1184 3229 1312 3266 xxxi
1360 3219 1716 3281 competunt;
1771 3208 2055 3264 dimidiato

483 3323 614 3364 vero
642 3308 825 3363 minus
855 3306 965 3360 illis
1008 3305 1246 3370 habere,
1297 3303 1391 3374 qui
1444 3303 1724 3359 tricenarii
1777 3309 1944 3366 sunt;
1993 3317 2057 3356 ac

481 3409 769 3470 propterea
803 3398 946 3453 diem
980 3396 1133 3451 illum
1165 3411 1289 3450 cum
1326 3395 1552 3450 dimidio
1573 3435 1589 3461 ,
1639 3394 1725 3449 vel
1769 3393 2054 3449 dimidium

482 3491 692 3554 solum,
740 3488 1080 3559 insequentis
1120 3487 1326 3542 mensis
1358 3485 1550 3542 diebus
1574 3525 1589 3550 ,
1627 3500 1799 3556 usque
1831 3483 1898 3538 ad
1931 3499 2056 3554 pro-

484 3583 758 3652 positum,
808 3579 1183 3650 adjungimus.
1245 3577 1402 3642 Quod
1453 3577 1596 3632 idem
1651 3576 1705 3631 in
1758 3574 2056 3633 Februario

483 3687 698 3742 quoque
727 3674 784 3724 tit
819 3687 833 3735 ;
868 3669 1028 3738 cujus
1057 3668 1249 3723 diebus
1284 3668 1612 3738 sesquidiem
1646 3667 1896 3722 addimus
1929 3684 2052 3722 eum

463 3762 576 3830 (qui
611 3761 677 3815 de
713 3757 976 3814 Januario
1023 3759 1372 3829 relinquitur.
1412 3757 1612 3814 Verum
1649 3758 1775 3828 quia
1809 3757 2053 3814 Februa-

483 3853 603 3906 rius
637 3851 798 3920 200
831 3859 958 3905 octo
989 3858 1043 3906 et
1074 3849 1262 3921 viginti
1297 3849 1416 3905 dies
1450 3849 1689 3916 habens,
1723 3850 2054 3920 sesquidiem

481 3943 664 4011 potius
718 3943 785 3997 ab
838 3942 1015 3996 lunari
1058 3959 1244 3998 mense
1277 3942 1499 4007 deticit;
1537 3941 1658 3997 ideo
1709 3957 1832 3996 cum
1864 3957 2054 4013 super-

478 4034 623 4089 ﬂuus
654 4037 720 4090 de
747 4032 1007 4088 Januario
1037 4033 1153 4090 dies
1187 4049 1309 4089 cum
1344 4033 1568 4088 dimidio
1598 4033 1742 4103 quod
1772 4033 1924 4088 deest
1945 4031 2050 4089 Fe-

478 4123 699 4179 bruario
730 4132 1043 4196 compenset
1063 4165 1078 4189 ,
1109 4125 1241 4179 nihil
1271 4124 1336 4178 ad
1368 4124 1542 4179 Martii
1577 4125 1693 4180 dies
1719 4125 1927 4181 accedit
1953 4145 1966 4180 :
1998 4133 2052 4182 et

480 4215 548 4272 iis
577 4219 817 4273 contenti
840 4226 1060 4288 epactas
1095 4219 1244 4274 solas
1275 4218 1341 4272 ad
1373 4218 1426 4272 id
1456 4219 1872 4286 inveniendum,
1903 4221 2046 4291 quod

477 4307 758 4376 quaeritur,
779 4309 1253 4366 accommodamus
1272 4327 1286 4375 ;
1305 4318 1427 4380 post
1445 4310 1693 4366 Martium
1710 4326 1774 4367 ac
1792 4311 2050 4383 deinceps

474 4396 536 4451 ﬁt
591 4397 761 4461 illud,
812 4398 959 4468 quod
1015 4406 1177 4454 antea
1234 4400 1691 4471 praescripsimus.
1747 4401 1860 4456 Hoc
1915 4419 2046 4475 ergo

2160 3229 2242 3284 λα’
2268 3231 2480 3304 ἡμέρας
2512 3233 2718 3304 μηνῶν,
2753 3235 2852 3304 μιᾷ
2876 3235 2972 3287 καὶ
3017 3234 3082 3287 S”
3113 3234 3300 3306 ἡμέρᾳ
3339 3235 3595 3297 λείπεται,
3622 3234 3708 3286 τῶν

2158 3322 2213 3374 δὲ
2259 3323 2325 3386 λ’.
2359 3323 2457 3378 S"°
2499 3323 2593 3378 καὶ
2630 3324 2718 3378 διὰ
2762 3324 2922 3379 τοῦτο
2959 3324 3058 3396 τὴν
3101 3325 3500 3396 λοιπαζομένην
3537 3324 3707 3393 ταύτην

2159 3421 2206 3466 α’
2244 3414 2386 3485 δ”,ἢ
2418 3413 2484 3470 S"
2511 3415 2726 3487 ἡμέραν
2760 3418 2880 3480 ταῖς
2926 3407 3037 3470 τοῐΐ
3062 3416 3262 3488 ἐφεξῆς
3298 3417 3470 3488 μηνὸς
3506 3415 3705 3487 ἡμέραις

2157 3505 2283 3577 ἄχρι
2341 3508 2434 3560 καὶ
2476 3507 2577 3578 τῆς
2621 3507 2960 3579 ζητουμένης
3013 3507 3358 3579 συντίθεμεν.
3422 3509 3529 3562 Καὶ
3576 3505 3706 3560 τοῦτο

2155 3597 2199 3649 δ’
2225 3598 2424 3668 ὁμοίως
2445 3600 2547 3652 κάν
2583 3598 2659 3667 τῷ
2681 3598 3029 3670 Φεϐρουαρίῳ
3056 3599 3338 3672 ποιοῦμεν,
3369 3600 3468 3671 τὴν
3493 3600 3705 3662 λοιπαζο-

2159 3688 2325 3759 μένην
2356 3691 2413 3742 έν
2439 3689 2516 3760 τῷ
2552 3691 2864 3762 Ἰανουαρίῳ
2899 3697 2946 3744 α’
2977 3689 3043 3744 S"
3084 3691 3298 3763 ἡμέραν
3340 3696 3463 3756 ταῖς
3506 3691 3591 3744 τοῦ
3624 3691 3702 3742 Φε-

2120 3751 2445 3852 ιὅρουναρίου
2479 3751 2878 3853 προστιθέντες.
2917 3780 3057 3834 Ἀλλ’
3084 3751 3273 3854 έπείδὴ
3300 3783 3330 3836 ό
3356 3751 3700 3854 Φεὸρουάριοςι

2157 3879 2243 3943 κη’
2301 3873 2520 3944 ἡμερῶν
2567 3873 2860 3945 ὑπάρχων,
2901 3873 3148 3929 λείπεται
3215 3876 3417 3946 μᾶλλον
3456 3869 3599 3939 οὗτος
3627 3872 3699 3927 τοῦ

2157 3964 2474 4033 σεληνιακοῦ
2500 3965 2666 4035 μηνὸς
2695 3965 2881 4036 ἡμέρᾳ
2905 3971 2951 4018 α’
2979 3963 3066 4032 S",
3101 3964 3189 4018 διὰ
3209 3966 3368 4020 τοῦτο
3387 3968 3485 4038 τῆς
3501 3965 3586 4020 τοῦ
3616 3966 3697 4018 Ἰα-

2153 4054 2401 4126 νουαρίου
2437 4055 2858 4127 περιττευούσης
2903 4061 2948 4109 α’
2990 4058 3084 4110 καὶ
3121 4055 3186 4111 S"
3216 4057 3697 4129 ἀνταναπληρούσης

2152 4144 2248 4216 τὴν
2282 4145 2376 4198 τοῦ
2401 4145 2764 4216 Φεϐρουαρίου
2793 4143 3160 4207 λοιπάζουσαν
3178 4162 3191 4175 ·
3219 4147 3343 4209 ταῖς
3369 4145 3465 4200 τοῦ
3493 4142 3694 4214 Μαρτίου

2151 4232 2386 4305 ἡμέραις
2418 4234 2570 4287 οὐδέν
2607 4249 2659 4286 τι
2701 4235 3100 4305 προστίθεμεν,
3136 4233 3470 4304 ἀρκούμενοι
3511 4232 3695 4290 ταύταις

2153 4321 2250 4374 σὺν
2275 4325 2342 4392 τῇ
2371 4322 2653 4394 προσθήκῃ
2679 4321 2786 4374 τῶν
2815 4321 3096 4386 ὲπακτῶν,
3139 4323 3222 4384 είς
3264 4321 3482 4394 εὕρεσιν
3510 4320 3594 4374 τοῦ
3616 4319 3690 4385 ζη-

2150 4429 2240 4465 του
2249 4412 2429 4484 μένου.
2459 4414 2616 4467 Μετά
2637 4413 2694 4467 δὲ
2716 4413 2806 4467 τὸν
2827 4415 3073 4485 Μάρτιον
3104 4413 3197 4467 καὶ
3223 4413 3425 4484 ἐφεξῆς
3451 4413 3688 4481 ποιοῦμεν,

474 4487 812 4544 considerari
858 4486 1052 4561 debet,
1103 4489 1407 4560 superﬂuos
1458 4492 1592 4547 istos
1643 4505 1674 4546 a
1719 4489 1914 4548 Martio
1971 4494 2038 4548 ad

2158 4503 2217 4568 ὓς
2247 4503 2503 4576 ἀνωτέρω
2525 4505 2861 4579 εἰρήκειμεν.
2892 4505 3164 4559 Σκεπτέω
3192 4501 3312 4570 οὖν,
3343 4507 3425 4559 ὅτι
3459 4505 3543 4559 καὶ
3562 4497 3688 4556 αὗται

474 4576 634 4631 tinem
689 4577 1001 4634 Decembris
1030 4595 1098 4635 ex
1131 4596 1454 4652 unoquoque
1498 4598 1685 4639 mense
1724 4595 2040 4656 corrogatos

471 4666 588 4723 dies
619 4685 715 4739 per
747 4686 801 4724 ιι
837 4671 1095 4726 collectos
1143 4680 1364 4742 epactas
1413 4673 1630 4730 easdem
1685 4673 1866 4732 facere
1913 4693 2039 4731 cum

471 4756 539 4813 iis
580 4775 700 4828 quae
741 4760 1016 4815 ducuntur
1058 4777 1087 4816 a
1133 4761 1414 4821 Januario.
1461 4765 1592 4831 Quae
1635 4781 1761 4820 cum
1815 4776 2029 4824 antece-

469 4847 648 4904 dentis
677 4852 811 4921 cycli
843 4851 1054 4909 lunaris
1083 4855 1289 4922 epactis
1319 4855 1519 4912 additae
1548 4858 1786 4914 ineuntis
1814 4866 2037 4930 epactas

471 4942 596 4994 anni
632 4944 948 5001 conficiunt.

1061 5037 1133 5091 De
1169 5038 1445 5094 Paschate.

542 5119 608 5174 X.
649 5121 745 5178 His
777 5126 1201 5194 animadversis,
1235 5147 1356 5200 quae
1387 5130 1454 5186 ad
1488 5132 1621 5187 solis
1669 5135 1918 5203 lunaque
1948 5148 2035 5188 ra-

469 5213 695 5268 tiocinia
745 5218 1047 5285 pertinent,
1106 5228 1158 5275 et
1206 5224 1478 5292 quomodo
1530 5225 1806 5295 potuimus
1861 5227 2037 5296 expli-

470 5307 608 5361 catis
626 5348 638 5370 ,
669 5308 734 5362 de
759 5308 1022 5366 Pascbate
1045 5314 1298 5386 deinceps
1324 5333 1632 5373 sermonem
1661 5319 2032 5374 instituemus.

471 5397 644 5467 Hujus
675 5403 816 5454 enim
846 5403 1106 5458 elementa
1154 5408 1258 5463 ista
1307 5417 1472 5472 sunt.
1528 5411 1786 5478 quoniam
1835 5425 2035 5480 propo-

465 5489 630 5543 situm
677 5491 1026 5559 laterculum,
1079 5497 1236 5566 cujus
1284 5515 1386 5568 ope
1434 5498 1642 5554 Pascha
1686 5499 1740 5553 in
1780 5509 2033 5571 promptu

467 5580 714 5647 habetur,
745 5600 808 5638 ex
841 5585 971 5640 solis
1019 5596 1073 5642 et
1112 5588 1252 5643 luna:
1300 5590 1469 5661 cyclis
1501 5590 1806 5645 conﬁcitur.
1838 5591 2031 5647 Iisdem

467 5687 681 5744 quoque
709 5675 998 5733 methodus
1051 5689 1278 5748 utraque
1331 5682 1537 5744 nititur,
1588 5690 1698 5736 tam
1747 5699 1867 5752 qua:
1909 5691 2034 5740 ante

468 5779 566 5822 nos
593 5770 800 5825 exstitit
821 5810 835 5835 ,
867 5785 1029 5840 quam
1059 5788 1180 5841 qua:
1211 5787 1240 5826 a
1276 5773 1432 5830 nobis
1463 5776 1768 5846 excogitata
1802 5773 1924 5830 fuit.

2143 4594 2199 4646 ai
2227 4595 2640 4666 περιττεύουσαν.
2675 4595 2796 4648 καθ’
2826 4596 3059 4649 ἕκαστον
3092 4596 3238 4666 μῆνα
3281 4596 3394 4649 ἀπὸ
3438 4595 3526 4649 τοῦ
3570 4595 3687 4662 M19-
3725 4587 3727 4595 ’

2140 4685 2256 4737 τίου
2291 4685 2450 4756 μέχρι
2476 4685 2570 4738 καὶ
2598 4684 2718 4738 ὅλου
2747 4684 2842 4738 τοῦ
2873 4685 3235 4756 Δεκεμϐρίου,
3262 4688 3346 4750 είς
3371 4687 3466 4749 τὰς
3495 4693 3556 4738 ια’
3583 4699 3684 4750 σιμ·
3721 4715 3723 4723 -

2143 4773 2496 4844 ποσούμεναι,
2543 4775 2639 4838 τὰς
2667 4774 2774 4828 ἀπὸ
2824 4775 2918 4828 τοῦ
2963 4776 3298 4848 ’Ῑανουαρίου
3346 4777 3577 4830 ποιοῦσιν
3613 4776 3683 4826 ἑπο
3717 4767 3721 4851 l'

2140 4865 2340 4929 ακτάς’
2370 4866 2592 4930 αἵτινες,
2620 4869 2740 4930 ταῖς
2763 4867 2858 4920 τοῦ
2887 4867 3250 4940 παρελθόντος
3280 4866 3586 4940 σεληνιακοῦ
3613 4863 3685 4916 κύ-
3715 4877 3717 4915 |

2142 4959 2269 5013 κλου
2305 4959 2746 5032 προστιθέμεναι,
2780 4960 2880 5024 τὰς
2908 4961 3004 5014 τοῦ
3027 4961 3329 5027 ἐνεστῶτος
3355 4961 3572 5015 ποιοῦσι.

2645 5047 2787 5117 Περὶ
2822 5049 2930 5104 τοῦ
2964 5050 3202 5120 Πάσχα.
3709 5101 3711 5105 .

2208 5141 2261 5192 l'.
2299 5139 2514 5194 Τούτων
2534 5140 2598 5212 δὴ
2622 5136 2737 5208 οὖν,
2763 5140 2872 5194 τῶν
2905 5142 3047 5196 κατά
3084 5142 3177 5196 τὸν
3216 5142 3369 5209 ἥλιον
3405 5140 3586 5214 δηλαδὴ
3609 5133 3677 5189 καὶ
3707 5155 3709 5168 ι

2136 5229 2233 5302 τὴν
2259 5231 2507 5302 σελήνην,
2542 5233 2616 5296 ὡς
2643 5233 2789 5304 ἐνῆν,
2832 5233 2955 5303 ἐμοὶ
3001 5233 3552 5307 προτεθεωρημένων,
3581 5228 3675 5293 ἑξῆς
3703 5231 3707 5297 η’

2138 5324 2265 5393 περὶ
2295 5323 2389 5376 τοῦ
2425 5324 2618 5395 Πάσχα
2653 5324 2744 5377 τὸν
2788 5324 2944 5392 λόγον
2987 5326 3352 5396 ποιησόμεθα.
3394 5327 3470 5379 Δι’
3494 5321 3672 5378 ἐκείνων
3701 5333 3703 5361 ι

2135 5412 2243 5484 γὰρ
2285 5407 2438 5478 οὗτος
2484 5416 2822 5487 περαίνεται·
2856 5416 2915 5469 τό
2954 5433 3013 5468 τε
3053 5417 3163 5487 γὰρ
3207 5419 3522 5489 ἐκκείμενον
3555 5409 3671 5466 καθ’
3697 5401 3701 5489 ἶ

2135 5520 2266 5568 νιον,
2289 5500 2438 5560 διὀὗ
2483 5508 2787 5578 προχείρως
2836 5507 2895 5560 τὸ
2942 5506 3182 5560 τοιοῦτον
3221 5509 3415 5579 Πάσχα
3446 5502 3697 5579 λαμβάνω]

2255 5561 2263 5568 ,
2529 5561 2542 5577 ,
2591 5561 2622 5577 η
2681 5561 2692 5578 ,
2765 5561 2783 5570 ,
3281 5561 3304 5562 η
3346 5561 3396 5579 ,ν
3516 5561 3527 5576 ,

2139 5612 2256 5665 μεν,
2285 5595 2371 5650 διὰ
2397 5596 2506 5649 τῶν
2532 5597 2772 5668 ἡλιακῶν
2796 5598 2888 5650 καὶ
2916 5597 3249 5669 σεληνιακῶν
3273 5599 3486 5653 κύκλων
3507 5604 3669 5659 πετρι-
3691 5561 3695 5679 14

2134 5686 2437 5756 γμάτευται
2459 5704 2473 5719 ο
2499 5689 2636 5760 πρὸς
2667 5690 2724 5743 δὲ
2755 5691 2846 5742 καὶ
2872 5693 2926 5744 αἱ
2952 5693 3080 5762 περὶ
3104 5691 3296 5744 τούτου
3331 5690 3552 5761 μέθοδοι,
3574 5684 3603 5751 ἢ
3624 5690 3691 5743 τι,

2135 5777 2241 5848 πρὸ
2279 5779 2434 5849 ἡμῶν
2459 5780 2754 5852 εὑρημένη,
2790 5781 2884 5834 καὶ
2912 5783 2946 5852 ἡ
2972 5780 3068 5834 νῦν
3090 5783 3182 5851 ὑφ’
3214 5780 3397 5854 ἡμῶν.
