3808 6320
460 337 601 397 1299
1494 338 1588 394 ΔΙ)
1624 335 1891 393 EUSEBII
1926 332 2320 392 CHRONICON
2356 330 2717 387 APPENDIX.
3540 330 3666 386 i500

528 455 684 524 Quod
705 457 755 515 si
784 456 910 528 quis
945 456 1178 512 fortasse
1204 464 1433 527 quaerat,
1466 470 1568 512 cur
1604 472 1715 513 non
1734 457 2014 529 cyclorum

2189 456 2300 510 Καὶ
2324 455 2453 526 περί
2489 450 2835 508 τούτωνδὲεῐ
2848 466 2934 514 τις
2965 449 3220 521 ἀποροίη,
3238 448 3324 502 διὸ
3346 447 3410 501 τὸ
3432 448 3506 520 μὴ
3535 451 3667 505 κατά

461 563 722 605 numeros
744 550 935 605 ordine
956 547 1431 618 descripserimus,
1463 548 1591 603 huic
1619 565 1721 604 nos
1757 549 1833 604 ita
1869 563 2019 618 qua-

2139 544 2271 611 τάξιν
2307 545 2524 600 κεῖσθαι
2545 545 2673 608 τοὺς
2701 543 2967 615 ἀριθμοὺς
2986 541 3096 595 τῶν
3116 542 3354 603 κύκλων,
3375 543 3551 611 ἡμεῖς,
3581 545 3666 597 καὶ

463 641 632 697 stioni
671 641 1140 713 respondebimus,
1166 650 1226 696 ut
1277 642 1556 712 proposita
1592 643 1728 696 recti
1764 655 2021 696 numero-

2139 638 2320 710 ταύτην
2345 638 2564 701 λύοντες
2587 638 2685 707 τὴν
2700 636 2950 708 ἀπορίαν,
2965 635 3211 704 δείξομεν
3229 634 3325 689 καὶ
3340 633 3407 686 δι⁹
3422 632 3667 699 ἐκθέσεως

463 748 587 787 rum
625 733 836 789 ordinis
865 731 1061 786 tabella
1102 739 1339 797 constet,
1372 732 1507 786 nihil
1560 732 1701 787 hanc
1749 732 1818 787 ab
1850 732 2019 787 altera

2139 731 2269 796 πάξιν
2290 730 2518 801 ἐχούσης
2552 729 2717 801 μηδὲν
2744 727 3018 799 διαφέρειν
3049 727 3265 797 ἐκείνης
3301 727 3400 796 τῆς
3425 741 3667 797 συγκεχυ-

462 824 701 887 din‘erre,
723 838 846 894 qua:
877 822 1227 893 perturbatos
1258 823 1479 879 eosdem
1509 825 1774 879 continet.
1807 822 2024 880 Descri-

2139 822 2312 893 ιένης.
2390 822 2691 876 Ἐκκείσθω
2739 821 2849 891 γάρ
2894 819 3145 873 ἐνταυθοῖ
3204 820 3264 871 ἐν
3309 820 3669 889 καταγραφά

461 915 659 969 bantur
686 914 832 969 enim
860 913 964 968 hoc
1004 913 1126 968 loco
1161 913 1367 983 duplici
1405 914 1461 969 in
1518 914 1735 979 tabella,
1783 915 2019 984 primum

2139 912 2336 985 πρῶτον
2369 912 2468 984 μὲν
2519 914 2554 984 ἡ
2583 913 2641 964 ὲν
2670 910 2749 981 τῷ
2776 910 3048 982 εἰρημένῳ
3085 908 3318 979 κανονίῳ
3346 908 3666 978 συγκεχυμέ-

459 1002 670 1070 ordine,
692 1010 751 1057 ut
771 1002 827 1057 in
847 1003 1130 1073 superiore
1161 1004 1443 1071 laterculo,
1474 1004 1741 1071 confuso;
1770 1014 1886 1060 tum
1932 1021 2019 1061 re-

2139 1020 2230 1066 ιως
2264 1003 2579 1074 ὲκκειμένη,
2610 1002 2800 1056 ἔπειτα
2828 1002 2885 1057 δὲ
2912 1004 2947 1073 ἡ
2979 999 3287 1063 εὐτάκτως’
3323 999 3420 1053 καὶ
3451 996 3667 1050 ἔστωσαν

459 1102 549 1149 cto
575 1113 591 1148 :
614 1110 679 1150 ac
709 1093 820 1151 sint
837 1094 1127 1166 ejusmodi.

2139 1090 2284 1151 ιῦται
2302 1112 2318 1127 ο

1846 1248 1905 1302 A’
1940 1251 2301 1321 Καταγραφή.

1401 1360 1451 1407 α’
1623 1355 1668 1425 β’
1845 1361 1893 1423 γ
2061 1354 2107 1407 θ’
2280 1362 2311 1407 ι’
2494 1363 2537 1408 ε’
2697 1363 2751 1422 ς’

1405 1447 1453 1510 ζ’
1598 1453 1666 1515 ιγ’
1806 1453 1884 1500 κε’
2038 1451 2101 1498 ιε’
2250 1452 2335 1499 κα¹
2468 1446 2553 1517 κβ¹
2696 1450 2759 1514 ιζ’

2280 1362 2311 1407 ιθ

2323 1452 2335 1473 1

1823 1539 1884 1592 ιδ’
2016 1545 2107 1603 κς¹
2259 1537 2341 1601 κζ’
2491 1547 2560 1593 ια’
2688 1549 2774 1610 κγ’

1396 1545 1464 1609 ιη’
1607 1538 1672 1592 ιθ¹

1397 1632 1464 1701 ιβ’
1603 1631 1680 1686 κδ’
1833 1638 1884 1703 η’
2045 1637 2096 1686 κ’
2274 1632 2317 1687 δ’
2486 1642 2560 1700 ις’
2687 1644 2773 1709 κη’

1850 1744 1906 1797 B'
1939 1746 2300 1818 Καταγραφή.

1408 1868 1457 1916 α’
1625 1860 1671 1932 β’
1822 1866 1870 1929 γ’
2273 1860 2319 1915 δ’
2510 1869 2549 1915 ε’
2721 1869 2776 1931 ς’

1415 1953 1460 2019 ζ’
1825 1958 1873 2022 η’
2037 1953 2082 2004 θ’
2272 1989 2291 2008 .
2489 1962 2553 2009 ιαδ

1397 2046 1463 2117 ιβ’
1608 2051 1674 2112 ιγ’
1810 2041 1869 2094 ιδ’
2014 2049 2073 2095 ιε’
2482 2055 2556 2113 ις’
2700 2052 2763 2117 ις’

1389 2144 1456 2207 ιη’
1604 2134 1667 2187 ιθ¹
2028 2138 2077 2185 κ’
2233 2141 2318 2188 κα¹
2468 2139 2553 2209 κβ¹
2690 2149 2775 2211 κγ’

1597 2227 1675 2280 κδ’
1804 2231 1882 2279 κε’
2015 2230 2107 2289 κς’
2229 2227 2312 2292 κζ’
2697 2241 2784 2306 κη’

527 2391 973 2447 Animadvertere
1008 2388 1175 2463 igitur
1203 2392 1445 2459 oportet,
1472 2380 1930 2456 quemadmodum
1962 2378 2020 2433 in

2190 2382 2465 2439 Σκεπτέον
2519 2386 2718 2453 τοίνυν,
2749 2389 2827 2454 ὡς
2859 2389 2918 2443 έν
2944 2393 3010 2463 τῇ
3070 2390 3303 2465 δευτέρᾳ
3344 2393 3670 2463 καταγραφῇ.

458 2481 700 2540 secunda
730 2480 936 2546 tabula,
965 2494 1087 2550 quae
1113 2477 1395 2534 ordinatos
1423 2474 1583 2529 habe't
1619 2471 1900 2543 cyclorum
1920 2484 2024 2523 nu-

459 2590 640 2632 meros
664 2615 680 2640 ,
729 2582 926 2646 quarta
968 2586 1198 2644 quaeque
1232 2569 1413 2626 areola
1449 2566 1695 2622 numeris
1724 2577 1896 2619 vacua
1938 2576 2028 2616 re-

458 2668 586 2723 licta
613 2667 688 2724 sit
728 2682 743 2718 :
783 2681 904 2738 quae
936 2680 1025 2722 res
1060 2664 1287 2729 indicat,
1316 2667 1441 2731 post
1462 2672 1637 2713 annos
1667 2662 1906 2727 quatuor
1930 2667 2028 2706 an-

458 2775 590 2815 num
623 2774 734 2813 uno
769 2758 857 2814 die
884 2757 1123 2828 priorem
1148 2754 1397 2809 ordinem
1427 2748 1821 2807 transcendere
1847 2765 1861 2801 :
1886 2745 2027 2802 situs

461 2865 627 2924 porro
647 2863 997 2905 numerorum
1033 2847 1090 2902 in
1124 2845 1367 2916 quolibet
1398 2858 1565 2899 versu
1591 2840 1734 2896 idem
1762 2848 1846 2894 est
1873 2845 2028 2891 utro-

458 2943 644 3013 bique,
679 2956 743 2995 ac
780 2940 965 2994 videre
1019 2938 1149 2993 licet
1182 2938 1239 2991 in
1282 2935 1474 3007 primis
1514 2933 1766 2995 ,versibus
1804 2929 2027 2986 eosdem

460 3033 737 3103 cyclorum
778 3043 1037 3083 numeros
1076 3027 1392 3102 collocatos.
1430 3023 1543 3079 Etsi
1584 3024 1729 3078 enim
1760 3021 1815 3075 in
1845 3019 2029 3091 priore

460 3123 662 3178 tabella
690 3139 822 3177 xvm
853 3134 1017 3191 supra
1050 3135 1126 3173 xu
1149 3117 1364 3189 positus
1409 3117 1520 3179 sit;
1552 3123 1732 3168 tamen
1766 3128 1890 3168 cum
1933 3126 2029 3166 eo-

460 3215 583 3270 dem
616 3223 845 3285 uterque
865 3229 1027 3269 versu
1062 3213 1432 3273 contineatur,
1467 3210 1677 3264 nullum
1713 3224 1777 3263 ex
1809 3213 2027 3277 pertur-

458 3306 586 3362 bata
618 3306 712 3361 illa
756 3305 1117 3375 dispositione
1143 3303 1440 3359 discrimen
1469 3301 1667 3356 oritur.
1699 3299 1845 3355 ldem
1883 3307 1937 3355 et
1971 3299 2027 3353 in

459 3391 690 3462 reliquis
714 3390 963 3448 versibus
980 3395 1225 3460 apparet,
1250 3395 1312 3442 ut
1338 3386 1587 3458 quamvis
1612 3383 2028 3438 tumultuarium

459 3483 714 3538 videatur
745 3497 888 3544 esse.
919 3497 1032 3536 non
1064 3490 1244 3535 tamen
1292 3476 1523 3533 excedat
1556 3476 1826 3532 ordinem.
1860 3475 2029 3529 Caete-

460 3590 583 3629 rum
616 3571 929 3628 istiusmodi
961 3572 1241 3644 cyclorum
1269 3570 1541 3626 ordinatio
1591 3569 1660 3624 ab
1683 3585 1749 3625 eo
1786 3568 1877 3638 qui
1917 3567 2029 3636 pri-

458 3680 585 3721 mus
623 3664 949 3719 laterculum
998 3661 1276 3726 condidit,
1320 3661 1373 3715 in
1414 3675 1538 3716 eum
1584 3668 1669 3716 est
1718 3659 2026 3729 excogitata

460 3754 647 3818 ﬁnem,
684 3762 742 3808 ut
766 3769 830 3809 ea
857 3752 1144 3808 intervalla
1182 3753 1515 3821 repleantur,
1542 3765 1662 3820 quae
1699 3750 1754 3804 in
1786 3748 2025 3805 secunda
2052 3729 2095 3787 (ἶ

460 3844 830 3913 descriptione
867 3842 940 3897 ob
991 3857 1110 3897 eam
1165 3857 1328 3912 quam
1361 3840 1600 3896 diximus
1642 3855 1863 3895 causam
1899 3848 2027 3896 sunt

461 3937 648 3991 inania
679 3936 892 3990 relicta.

529 4026 897 4095 Quamobrem
938 4033 997 4081 ut
1048 4025 1104 4081 in
1160 4031 1398 4097 quatuor
1431 4025 1681 4081 versibus
1726 4025 2029 4081 ordinatior

464 4118 557 4172 ﬂat
588 4134 617 4172 a
650 4119 809 4173 nobis
851 4117 1167 4189 descriptio,
1201 4118 1255 4172 in
1294 4117 1472 4188 primo
1528 4124 1802 4187 ponantur
1841 4116 1953 4182 isti,
1986 4131 2024 4178 ι,

462 4225 561 4273 vn,
600 4224 703 4271 ιιι,
733 4225 905 4277 xvm;
939 4209 996 4264 in
1040 4208 1283 4265 secundo
1319 4208 1480 4263 iidem
1521 4215 1873 4274 remaneant;
1917 4214 2029 4260 ter-

464 4301 573 4358 tius
610 4302 747 4358 istos
774 4301 991 4367 habeat,
1032 4316 1117 4369 ιιι,
1158 4316 1277 4366 vnt,
1315 4315 1430 4366 xtv,
1466 4317 1605 4367 xxv;
1655 4307 1908 4370 quartus,
1950 4313 2025 4363 lx,

465 4410 555 4459 xv,
597 4411 688 4460 xx,
719 4410 882 4461 xxvn;
910 4395 1157 4464 quintus,
1188 4409 1263 4459 tv,
1300 4410 1355 4458 ι,
1386 4409 1499 4458 χιι,
1532 4399 1946 4460 xxvn;sextus,
1972 4406 2025 4455 ν,

462 4504 541 4554 ιι,
583 4506 692 4555 xw,
711 4504 862 4558 xx";
890 4489 945 4543 in
975 4490 1205 4559 septimo
1226 4487 1363 4543 nihil
1390 4495 1649 4542 mutetur.

534 4578 593 4636 ln
646 4598 862 4638 summo
915 4582 1183 4637 laterculo
1214 4581 1350 4653 cycli
1380 4580 1538 4647 solis,
1566 4590 1627 4634 ut
1672 4578 1879 4634 dictum
1922 4586 2027 4642 est,

466 4673 587 4727 ideo
621 4680 922 4744 ponuntur.
955 4680 1016 4728 ut
1048 4673 1394 4734 ostendatur,
1430 4686 1591 4743 quam
1637 4671 1694 4724 in
1751 4668 1894 4724 diem
1935 4668 2032 4723 he-

464 4763 757 4837 bdomadis
774 4764 1058 4819 Iudaicum
1086 4763 1294 4819 Pascha
1312 4779 1413 4819 suo
1440 4762 1693 4832 quodque
1719 4761 1859 4816 luna:
1879 4761 2032 4831 cyclo

467 4858 769 4927 contingat.
803 4855 922 4910 Non
969 4858 1114 4911 enim
1152 4856 1589 4911 Christianorum
1640 4854 1852 4911 Pascha
1893 4855 2034 4909 dun-

466 4957 616 5002 taxat
649 4963 744 5018 per
771 4962 1213 5017 unumquemque
1246 4947 1390 5001 luna:
1430 4948 1641 5017 cyclum
1672 4956 1879 5017 septem
1912 4961 2033 5002 ver-

2124 2474 2246 2544 ήτις
2280 2478 2375 2531 καὶ
2402 2478 2546 2533 κατά
2576 2481 2728 2549 τάξιν
2755 2483 2864 2555 ἔχει
2889 2486 3013 2547 τοὺς
3038 2484 3309 2558 ἀριθμοὺς
3345 2486 3454 2539 τῶν
3484 2485 3672 2539 κύκλων

2126 2568 2497 2641 ἐκκειμένους,
2547 2574 2686 2628 κατά
2733 2576 2776 2630 δ’
2824 2578 2924 2648 μὲν
2969 2576 3153 2651 χώρας
3201 2577 3594 2650 παραλείπεται
3632 2580 3672 2628 α’

2126 2660 2298 2734 χώρα.
2359 2664 2434 2736 μὴ
2476 2665 2738 2740 δεχομένη
2768 2668 3016 2741 ἀριθμὸν,
3060 2672 3142 2734 εἰς
3172 2670 3397 2738 ἔνδειξιν
3433 2670 3526 2725 τοῦ
3553 2667 3675 2723 κατὰ

2125 2753 2166 2809 δ’
2200 2755 2294 2827 ἔτη
2327 2757 2420 2811 τὸν
2451 2758 2694 2812 ἐνιαυτὸν
2737 2761 2923 2832 ἡμέρα
2968 2763 3067 2832 μιᾷ
3096 2761 3195 2833 τὴν
3236 2762 3509 2833 προτέραν
3544 2761 3676 2826 τάξιν

2129 2848 2475 2921 ὑπερδσίνειν
2500 2866 2515 2879 ·
2538 2852 2572 2921 ἡ
2593 2851 2743 2917 θέσις
2772 2853 2829 2905 δὲ
2868 2854 2977 2906 τῶν
3010 2853 3263 2930 ἀριθμῶν
3282 2856 3341 2909 ὲν
3363 2855 3574 2924 ἑκάστῳ
3605 2870 3677 2906 σε·

2127 2939 2276 3012 λιδίῳ
2309 2943 2341 3013 ἡ
2367 2942 2502 3013 αὐτή
2530 2944 2645 2997 ἐστι
2678 2946 2771 2998 καὶ
2805 2947 2861 2999 έν
2906 2947 3246 3019 ἀμφοτέραις
3268 2950 3392 3012 ταῖς
3418 2963 3675 3017 καταγρα-

2129 3036 2277 3102 φαῖς,
2310 3035 2387 3098 ὡς
2422 3035 2567 3090 ἐστιν
2600 3039 2731 3110 δρᾷν
2771 3040 2829 3092 ὲν
2858 3043 2969 3104 τοῖς
3015 3038 3254 3113 πρώτοις
3309 3041 3555 3104 σελιδίοις
3571 3040 3676 3102 τοὺς

2127 3127 2325 3191 αὐτοὺς
2352 3127 2461 3181 τῶν
2487 3127 2703 3182 κύκλων
2749 3131 3101 3200 ἐκκειμένους
3125 3130 3415 3204 ἀριθμούς.
3458 3131 3570 3186 Κᾶν
3587 3130 3677 3199 γὰρ

2128 3218 2187 3271 ὲν
2212 3221 2277 3290 τῇ
2317 3217 2511 3294 πρώτῃ
2538 3225 2865 3293 καταγραφῇ
2900 3224 2929 3275 ὁ
2953 3229 3021 3293 ιη’
3049 3221 3255 3277 ἄνωθεν
3283 3221 3381 3275 τοῦ
3419 3221 3485 3293 ιβ’
3502 3225 3675 3281 κεῖται,

2127 3308 2239 3362 ἀλλ’
2273 3310 2367 3363 ἐπὶ
2427 3310 2520 3364 τοῦ
2545 3311 2709 3365 αὐτοῦ
2754 3311 2978 3365 σελιδίου
3026 3314 3122 3366 καὶ
3153 3314 3359 3383 ἀμφοῖν
3413 3310 3676 3382 κειμένων,

2126 3403 2186 3455 οὐ
2206 3402 2413 3471 γίνεταί
2469 3421 2553 3468 τις
2581 3404 2810 3475 διαφορά
2853 3405 2942 3458 διὰ
2966 3405 3064 3476 τὴν
3097 3405 3269 3475 αὐτὴν
3297 3404 3677 3477 ὲνηλλαγμένην

2128 3492 2297 3548 θέσιν.
2332 3494 2406 3548 Τὸ
2433 3495 2565 3548 αὐτὸ
2594 3495 2650 3548 δὲ
2690 3495 2785 3549 καὶ
2817 3495 2910 3548 ἐπὶ
2953 3495 3062 3548 τῶν
3096 3494 3304 3548 λοιπῶν
3335 3494 3570 3551 σελιδίων
3598 3496 3677 3563 ἐμ-

2127 3587 2396 3656 φαίνεται,
2447 3584 2707 3638 έκτακτον
2754 3585 2851 3656 μὲν
2906 3585 3119 3652 δοκοῦν,
3166 3585 3265 3658 τὴν
3310 3585 3465 3651 τάξιν
3496 3582 3549 3636 δὲ
3598 3583 3678 3651 οὐχ

2128 3677 2474 3749 ὑπερὸαἶνον.
2509 3675 2707 3745 Γέγονε
2735 3676 2792 3730 δὲ
2828 3679 2859 3749 ἡ
2905 3677 3128 3747 τοιαύτη
3162 3677 3312 3741 θέσις
3348 3678 3462 3731 τῶν
3490 3675 3677 3730 κύκλων

2130 3768 2208 3840 τῷ
2235 3770 2768 3841 κανονογραφήσαντι
2801 3768 2858 3836 ἐξ
2880 3769 3052 3840 ἀρχῆς
3073 3767 3514 3839 ἀναπληρώσεως
3543 3768 3678 3838 χάριν

2131 3861 2241 3915 τῶν
2266 3861 2503 3934 χωρίων,
2524 3861 2560 3915 ἃ
2576 3861 2708 3915 κενά
2722 3860 3036 3915 καταλείπει
3051 3861 3086 3931 ἡ
3116 3860 3348 3932 δευτέρα
3379 3856 3677 3931 καταγραφὴ

2130 3952 2221 4007 διά
2251 3953 2349 4024 τὴν
2381 3953 2677 4025 εἰρημένην
2708 3953 2903 4005 αἰτίαν.

2204 4045 2321 4099 Ἵνα
2367 4044 2432 4116 δὴ
2489 4039 2582 4099 οὖν
2624 4044 2722 4116 τὴν
2752 4046 2809 4098 έν
2851 4045 2962 4106 τοῖς
3006 4042 3051 4096 δ’
3096 4043 3303 4113 στίχοις
3349 4039 3680 4113 καταγραφὴν

2133 4136 2524 4208 εὐτακτοτέραν
2574 4137 2921 4207 ποιήσωμεν,
2965 4134 3029 4187 τὸ
3072 4134 3170 4206 μὲν
3229 4134 3448 4205 πρῶτον
3487 4133 3681 4187 σελίδιον

2134 4227 2304 4299 ἐχέτω
2328 4228 2594 4299 ἀριθμοὺς
2611 4228 2680 4292 α’,
2699 4226 2764 4295 ξ’,
2797 4225 2882 4297 ιβ’,
2920 4226 2989 4299 ιη’
3011 4243 3027 4260 ⁸
3062 4227 3123 4280 τὸ
3150 4226 3207 4280 δὲ
3237 4227 3492 4299 δεύτερον
3517 4224 3678 4295 ἐχέτω,

2134 4322 2209 4384 ὡς
2232 4320 2372 4391 ἔχει’
2406 4320 2467 4373 τὸ
2498 4320 2555 4373 δὲ
2587 4319 2767 4392 τρίτον
2795 4319 2866 4387 γ’,
2904 4318 2975 4390 η’,
3004 4318 3086 4383 ιδ’,
3122 4319 3200 4371 κε’
3220 4335 3234 4349 ⁸
3270 4317 3332 4371 τὸ
3359 4318 3417 4371 δὲ
3455 4318 3681 4387 τέταρτον

2136 4409 2201 4475 θ’,
2236 4409 2318 4476 ιε’,
2354 4410 2423 4476 κ’,
2450 4411 2573 4476 κςὀ
2602 4412 2664 4464 τὺ
2697 4410 2755 4464 δὲ
2808 4409 3057 4480 πέμπτον
3084 4408 3148 4475 δ’,
3176 4409 3230 4474 ι’,
3253 4408 3366 4474 κα’,
3397 4408 3481 4473 κζ’
3500 4426 3514 4438 ·
3553 4406 3605 4458 τὸ
3636 4402 3681 4455 δὲ

2136 4501 2293 4555 έκτον
2327 4502 2391 4568 ε’,
2421 4502 2510 4565 ια’,
2544 4502 2641 4573 ις’,
2672 4502 2756 4573 κβ¹
2776 4518 2789 4531 ·
2822 4501 2882 4554 τὸ
2907 4501 2965 4554 δὲ
2998 4501 3226 4573 ἕϐδομον
3258 4501 3425 4554 πάλιν
3454 4499 3542 4564 οὓς
3573 4498 3678 4567 ἔχει.

2208 4593 2459 4648 Τίθενται
2474 4594 2528 4648 δὲ
2547 4572 2751 4650 ἄνῶθεν
2772 4592 2861 4647 τοῦ
2885 4593 3131 4646 κανονίου
3146 4593 3198 4645 oi
3218 4591 3315 4645 τοῦ
3332 4591 3482 4663 ἡλίου
3504 4588 3680 4649 κύκλοι,

2135 4683 2210 4746 ὼς
2236 4683 2470 4756 είρηται,
2502 4685 2581 4748 εἱς
2609 4684 2837 4753 δήλωσιν
2862 4682 2956 4735 τοῦ
2983 4685 3042 4736 ὲν
3071 4683 3202 4755 ποίᾳ
3226 4683 3417 4755 ἡμέρᾳ
3441 4684 3537 4752 τῆς
3558 4680 3681 4733 £650-

2142 4776 2307 4845 μάδος
2333 4775 2393 4828 τὸ
2436 4775 2721 4829 Ἰουδαϊκὸν
2757 4774 2945 4846 Πάσχα
2975 4773 3118 4828 κατά
3156 4775 3248 4827 τὸν
3281 4776 3483 4827 οἰκεῖον
3499 4772 3588 4842 τῆς
3616 4786 3683 4822 σε·

2137 4867 2305 4939 λήνης
2360 4867 2556 4921 κύκλον
2609 4868 2863 4923 τελεῖται.
2899 4865 2973 4919 Οὐ
3016 4866 3174 4937 μόνον
3206 4867 3318 4937 γὰρ
3356 4864 3420 4918 τὸ
3451 4864 3554 4917 τῶν
3578 4863 3685 4931 Χρι-

2141 4959 2369 5013 στιανῶν
2428 4960 2619 5030 Πάσχα
2673 4958 2794 5012 καθ’
2840 4958 3070 5012 ἕκαστον
3115 4955 3315 5009 κύκλον
3378 4955 3597 5025 σελήνης
3637 4951 3685 5002 ὲν

468 5037 623 5092 sibus
652 5037 988 5106 descriptum
1024 5044 1144 5103 est;
1184 5052 1373 5092 verum
1408 5052 1516 5090 una
1546 5051 1669 5091 cum
1702 5037 1851 5091 illius
1881 5052 2029 5090 men-

2141 5052 2389 5116 σελιδίοις
2436 5051 2739 5116 ἔκκειταιζ
2769 5068 2783 5081 ·
2844 5049 2980 5104 ἀλλὰ
3032 5049 3129 5102 σὺν
3176 5047 3256 5119 τῷ
3308 5047 3530 5120 ἀριθμῷ
3559 5041 3685 5098 τοῦδέ

468 5125 568 5190 sis,
613 5135 744 5197 puta
768 5127 973 5192 Martii,
1006 5129 1093 5182 vel
1131 5128 1338 5198 Aprilis
1364 5139 1613 5194 numero,
1636 5131 1732 5200 qui
1762 5137 1845 5184 est
1873 5129 2029 5184 index

2139 5162 2281 5209 τινος
2347 5144 2534 5217 μηνὸς,
2575 5144 2610 5215 ἢ
2656 5143 2749 5197 τοῦ
2781 5142 3047 5214 Μαρτίου,
3086 5141 3120 5212 ἢ
3154 5140 3251 5193 τοῦ
3297 5132 3684 5211 ’Λπριλίου,τοῦ

467 5215 773 5279 Paschalis,
803 5217 925 5272 dies
971 5218 1135 5272 etiam
1177 5218 1534 5277 hebdomadis
1580 5221 1894 5288 ascribitur,
1927 5236 2037 5294 quo

468 5305 556 5360 die
581 5303 870 5361 Iudaicum
912 5306 1120 5361 Pascha
1155 5310 1483 5366 celebratur.

787 5438 1069 5497 Methodus
1095 5444 1390 5499 inveniendi
1418 5445 1720 5501 Paschatt’s.

539 5550 631 5607 XI.
664 5554 835 5625 Igitur
852 5553 996 5611 scire
1019 5571 1141 5613 cum
1169 5558 1420 5616 volumus
1441 5576 1600 5631 quem
1632 5562 1687 5614 in
1708 5576 1948 5617 mensem
1972 5561 2039 5617 de

471 5643 706 5711 duobus,
742 5645 941 5702 Martio
993 5655 1048 5703 et
1097 5650 1294 5720 Aprili,
1328 5652 1772 5709 Christianorum
1823 5653 2037 5710 Pascha

473 5745 721 5796 sanctum
763 5739 990 5808 incidat,
1046 5754 1371 5813 praesentem
1424 5748 1479 5803 in
1528 5758 1782 5818 promptu
1821 5751 2034 5820 cyclum

2137 5234 2421 5301 δηλοῦντος
2469 5233 2529 5287 τὸ
2582 5233 2795 5304 Πάσχα,
2848 5234 3025 5285 κεῖται
3073 5230 3167 5283 καὶ
3209 5231 3243 5299 ἡ
3293 5229 3397 5299 τῆς
3431 5223 3686 5296 ὲὸδομᾰὼς

2139 5323 2340 5396 ἡμέρα,
2376 5322 2495 5378 καθ’
2525 5324 2590 5394 ἣν
2616 5323 2737 5376 τότε
2768 5320 2829 5374 τὸ
2865 5319 3152 5373 ἰουδαῖκὸν
3169 5317 3431 5370 τελεῖται.

2331 5452 2596 5519 Μέθοδος
2624 5452 2699 5505 δι’
2725 5448 2801 5523 ἧς
2832 5450 3171 5520 εὑρήσομεν
3197 5448 3268 5503 τὸ
3291 5448 3529 5518 Πάσχα.

2214 5569 2318 5625 IA’.
2352 5569 2520 5624 Ὅταν
2559 5569 2737 5622 τοίνυν
2776 5564 3167 5638 προαιρώμεθα
3203 5564 3496 5633 γινώσκειν
3532 5564 3584 5614 ὲν
3604 5558 3687 5612 τίνι

2143 5659 2250 5713 τῶν
2291 5660 2386 5714 δύο
2435 5660 2618 5732 μηνῶν
2656 5657 2960 5731 Μαρτίουῆ
3007 5656 3309 5728 Ἀπριλίου,
3355 5655 3452 5709 καὶ
3491 5656 3545 5707 ὲν
3584 5649 3687 5716 πῡέᾳ

2144 5750 2326 5823 ἡμέρᾳ
2372 5752 2491 5816 ἑνὸς
2536 5751 2714 5807 αὐτῶν
2748 5751 2808 5804 τὸ
2839 5749 2945 5804 τῶν
2969 5749 3313 5803 Χοιστιανῶν
3345 5746 3502 5817 ἅγιον
3528 5744 3687 5813 Πάσχα
