3808 6354
177 317 315 374 1501

1076 314 1299 371 ISAACI
1336 312 1642 372 MONACHI
1681 310 2055 370 COMPUTUS
2089 308 2527 371 ECCLESIAST.

3291 297 3439 358 {€102

173 431 433 496 τελεῖται,
487 428 791 503 προχείρως
853 427 951 498 μὲν
978 427 1326 501 λαμϐάνομεν
1361 429 1451 483 τὸν
1494 430 1756 484 λνεστῶτσ

1834 481 1835 487 η
1867 430 2001 486 solis
2034 430 2295 485 habemus
2330 429 2385 482 in
2417 438 2632 483 summo
2662 420 2929 478 iatercufo
2957 436 2970 473 :
3002 417 3091 474 cui
3123 415 3425 486 subiectam

172 521 271 575 τοῦ
304 521 463 594 ἡλίου
492 520 708 585 κύκλον,
738 518 941 574 ἄνωθεν
962 520 1212 590 κείμενον
1234 518 1330 574 τοῦ
1362 521 1630 588 κανονίου,
1659 521 1754 574 καὶ

172 611 562 685 κατερχόμεθα
587 614 649 667 τὸ
678 610 744 664 δι’
763 611 926 665 αὐτοῦ
948 610 1192 676 σελίδιον,
1227 611 1331 676 ἕως
1362 611 1427 665 ἂν
1461 611 1752 683 φθάσωμεν

171 704 254 766 εἰς
281 703 377 756 τὸν
399 702 609 773 στίχον,
634 703 719 772 ἐφ’
739 694 798 755 οῦ
826 703 883 755 ὲν
914 703 1055 774 ἀρχῇ
1085 704 1113 756 ό
1128 704 1226 773 τῆς
1249 703 1474 775 σελήνης
1485 703 1751 775 γράφεται

171 795 410 859 κύκλος·
440 797 537 852 καὶ
586 796 646 849 τὺ
677 794 817 849 οὕτω
853 797 1101 867 κείμενον
1141 797 1369 868 ἀντικρὺ
1416 796 1557 850 κατά
1592 795 1752 866 βάθος

172 888 289 959 μὲν
304 886 402 941 τοῦ
436 887 728 952 ἐνεστῶτος
765 886 991 960 ἡλιακοῦ
1031 888 1252 956 κύκλου,
1281 890 1423 944 κατὰ
1448 889 1649 953 πλάτος
1691 889 1751 944 δὲ

168 976 267 1032 τοῦ
310 977 659 1050 σεληνιακοῦ,
702 980 946 1050 φήσομεν
998 974 1137 1034 εἶναι
1180 981 1240 1034 τὸ
1271 981 1379 1035 τῶν
1409 981 1752 1053 Χριστιανῶν

166 1069 330 1140 ἅγιον
353 1071 578 1142 Πάσχα·
613 1071 708 1142 τὴν
737 1071 781 1124 δ’
812 1071 901 1125 ὑπ’
935 1072 1066 1125 αὐτὸ
1105 1072 1317 1144 ἡμέραν
1345 1056 1449 1145 τὴν
1470 1073 1568 1145 τῆς
1599 1072 1751 1127 ἐϐδο-

171 1163 344 1227 ιιάδος
402 1165 639 1236 ἡμέραν,
683 1164 804 1218 καθ’
850 1164 918 1235 ἣν
968 1164 1156 1233 γέγονε
1186 1164 1248 1218 τὸ
1282 1164 1402 1218 τότε
1442 1164 1743 1218 Ἰουδαϊκόν.

236 1250 391 1321 Οἷον,
420 1255 499 1320 ὡς
543 1258 604 1310 ὲν
654 1255 1031 1326 ὑποδείγματι,
1057 1255 1198 1310 ἔστω
1224 1256 1405 1327 ζητεῖν
1430 1258 1578 1329 ἡμᾶς
1604 1255 1746 1309 κατά

163 1347 229 1402 τὸ
286 1346 524 1411 ἐνεστὼς
572 1345 691 1411 ἔτος
738 1346 798 1400 τὸ
838 1345 945 1400 άπὸ
985 1346 1082 1418 τῆς
1106 1346 1198 1400 τοῦ
1240 1346 1443 1419 κόσμου
1481 1347 1747 1417 γενέσεως

163 1437 373 1503 ,ςωπα’
413 1436 554 1502 ἔτος,
584 1438 643 1492 ὲν
701 1438 831 1509 ποίᾳ
891 1438 1075 1510 ἡμέρᾳ.
1133 1437 1225 1492 τοῦ
1278 1439 1518 1510 Μαρτίου
1573 1438 1606 1509 ἢ
1649 1438 1744 1492 τοῦ

175 1530 463 1602 ’Δπριλίου
492 1530 556 1584 τὸ
569 1529 678 1584 τῶν
699 1529 1037 1603 Χριστιανῶν
1065 1530 1217 1583 ἕσται
1254 1531 1464 1602 Πάσχα.
1497 1533 1608 1586 Καὶ
1621 1533 1745 1586 ἐπεὶ

160 1620 382 1693 ἐδείχθη
412 1622 533 1676 κατ’
568 1622 700 1677 αὐτὸ
725 1622 786 1676 τὸ
817 1622 956 1689 ἔτος,
993 1623 1145 1695 ἡλίου
1179 1626 1275 1694 μὲν
1307 1623 1381 1678 ὢν
1411 1624 1607 1689 κύκλος
1632 1624 1739 1690 κα’,

161 1712 399 1786 σελήνης
427 1714 486 1767 δὲ
505 1713 705 1785 τρίτος,
738 1714 1085 1787 λαμϐάνομεν
1110 1716 1303 1780 αὐτοὺς
1326 1717 1383 1769 ὲν
1403 1715 1480 1787 τῷ
1512 1718 1741 1789 κανονίῳ

1860 520 2100 575 tabulam
2138 520 2326 574 tandiu
2348 516 2745 589 percurrimus,
2779 513 2906 568 dum
2943 509 3158 565 ad'eum
3206 520 3424 561 versum

1859 610 2264 681 perveniamus,
2289 609 2448 680 cujus
2481 605 2637 661 initio
2663 606 2807 658 luna:
2830 601 3022 675 cyclus
3058 598 3349 654 ascribitur
3370 604 3427 650 et

1861 702 1953 773 qui
1977 703 2030 756 in
2056 700 2329 772 proselide
2349 713 2613 754 numerus
2643 694 2889 751 occurrit
2918 692 3080 763 202
3117 690 3271 763 cyclo
3291 688 3443 744 solis.

1856 796 1913 850 in
1945 794 2237 859 directum,
2265 793 2407 847 lunae
2442 790 2497 844 in
2535 797 2909 843 transversum
2938 784 3257 848 attributus,
3286 782 3421 836 'eum

1855 885 2295 941 Christianorum
2324 881 2568 937 indicare
2590 878 2802 934 Pascha
2835 876 3110 939 dicemus;
3140 873 3270 927 huic
3291 885 3424 926 vero

1855 979 2154 1050 subjectam
2180 976 2347 1041 diem,
2378 974 2567 1031 feriam
2597 986 2742 1040 esse,
2771 985 2879 1043 qua
2902 967 3185 1024 Iudaicum
3209 964 3418 1021 Pascha
3444 1014 3447 1017 λ

1854 1071 2165 1143 contigerit.

1926 1260 2171 1331 Exempli
2205 1273 2373 1314 causa
2404 1276 2418 1311 :
2460 1264 2736 1327 quaeratur
2756 1253 2860 1308 hoc
2891 1265 3055 1315 anno,
3103 1247 3195 1319 qui
3223 1252 3308 1303 est
3347 1245 3419 1302 ab

1850 1355 1985 1413 orbe
2020 1352 2240 1408 condito
2264 1347 2427 1414 6881,
2460 1357 2628 1419 quoto
2659 1346 2747 1401 die
2775 1343 2976 1408 Martii,
2997 1345 3083 1397 vel
3101 1339 3303 1411 Aprilis
3331 1337 3417 1392 in-

1850 1445 1985 1502 cidit
2030 1442 2267 1498 Pascha.
2302 1440 2573 1508 Quoniam
2624 1452 2756 1507 ergo
2806 1449 2971 1505 supra
3017 1429 3416 1488 demonstravi-

1848 1553 1995 1602 mus,
2043 1537 2257 1608 cyclum
2322 1549 2388 1588 eo
2438 1548 2583 1587 anno
2623 1531 2759 1587 solis
2808 1543 2932 1583 esse
2976 1541 3093 1588 XXI,
3139 1524 3280 1577 lunae
3328 1536 3413 1583 In,

1848 1637 2145 1699 utrumque
2182 1627 2240 1682 in
2295 1624 2559 1681 laterculo
2591 1620 2926 1694 quaerimus,
2958 1617 3091 1674 solis
3129 1616 3184 1669 in
3234 1613 3415 1668 fronte

1846 1720 2067 1784 tabulaa,
2101 1719 2247 1773 lunae
2294 1723 2473 1771 autem
2532 1715 2598 1770 ad
2640 1714 2825 1779 latus;
2856 1719 2911 1766 et
2961 1709 3089 1780 quia
3130 1705 3307 1762 media
3355 1704 3412 1759 in

158 1803 373 1859 ἄνωθεν
418 1805 520 1877 μὲν
567 1805 657 1861 τὸν
712 1805 804 1860 τοῦ
851 1806 1022 1878 ἡλίου,
1053 1808 1118 1860 ὲκ
1146 1806 1374 1876 πλαγίου
1415 1808 1471 1861 δὲ
1514 1809 1607 1862 τὸν
1645 1812 1742 1881 τῆς

1847 1826 1976 1868 area
2006 1809 2317 1866 communis
2344 1808 2578 1879 angulus
2606 1820 2719 1861 xvu
2756 1804 2898 1860 diem
2934 1802 3138 1873 Aprilis
3166 1798 3430 1864 exhibet,

158 1895 401 1969 σελήνης
420 1916 436 1930 ·
492 1898 723 1970 κάπειδὴ
780 1901 1186 1972 συνερχομένων
1245 1901 1302 1953 ὲν
1344 1900 1421 1972 τῷ
1471 1902 1619 1973 μέσῳ
1647 1903 1743 1957 τοῦ

156 1987 412 2042 κανονίου
439 1990 580 2045 κατὰ
602 1989 701 2060 τὴν
717 1990 1026 2045 συνέλευσιν
1049 1990 1115 2056 ιζ’
1151 1990 1245 2045 τοῦ
1275 1991 1551 2063 Ἀπριλίου
1584 2010 1745 2048 κατα-

153 2080 455 2152 γράφεται,
503 2082 746 2154 φήσομεν
798 2083 1121 2155 γενήσεσθαι
1155 2084 1217 2137 τὸ
1249 2085 1515 2157 ἡμέτερον
1546 2086 1738 2159 Πάσχα

151 2172 297 2227 κατὰ
340 2172 443 2245 τὴν
486 2173 578 2227 τοῦ
631 2174 905 2246 Ἀπριλίου
951 2175 1058 2239 ιζ’“
1116 2178 1216 2248 τὴν
1252 2176 1308 2231 δὲ
1348 2177 1452 2232 ὑπὸ
1487 2178 1578 2232 τὸν
1614 2180 1741 2252 άρι-

153 2264 289 2335 θμδν
332 2264 527 2320 τοῦτον
559 2265 609 2318 α’
654 2266 897 2337 ἡμέραν,
942 2268 1109 2339 ἤγουν
1164 2267 1263 2341 τὴν
1313 2268 1565 2341 πρώτην,
1628 2272 1736 2344 φή-

153 2372 322 2428 σομεν
393 2353 534 2411 εἶναι
588 2359 802 2432 ἡμέραν
857 2359 959 2431 τῆς
1021 2360 1316 2433 ἑϐδομάδος
1361 2362 1409 2416 α’
1474 2362 1576 2434 τὴν
1629 2364 1739 2436 πρὸ

148 2448 243 2501 τοῦ
274 2449 660 2519 Χριστιανικοῦ
706 2450 893 2504 τούτου
935 2451 1160 2523 Πάσχα,
1198 2454 1319 2509 καθ’
1372 2456 1439 2526 ἡν
1474 2456 1623 2509 ἔσται
1673 2458 1737 2511 τὸ

161 2540 479 2594 Ἰουδαϊκόν.
509 2541 679 2613 Δῆλον
724 2542 855 2615 γάρ,
886 2543 982 2609 ὡς,
1030 2545 1153 2598 ἐπεὶ
1181 2548 1214 2618 ἡ
1241 2550 1614 2620 παρακειμένη
1648 2551 1728 2623 τῷ

146 2634 322 2705 τρίτῳ
379 2632 568 2706 κύκλῳ
594 2635 695 2706 τῆς
729 2635 957 2707 σελήνης
991 2635 1025 2690 ι’
1054 2635 1148 2691 τοῦ
1187 2639 1462 2711 ’Δπριλίου
1496 2641 1557 2695 τὸ
1600 2642 1733 2696 Ἰου-

147 2722 333 2779 δαῖκὸν
383 2725 581 2797 Πάσχα
625 2726 794 2798 δηλοῖ,
824 2731 1106 2800 γενήσεται
1128 2729 1186 2783 δὲ
1218 2729 1359 2783 κατὰ
1384 2730 1597 2803 ἡμέραν
1630 2736 1730 2805 τῆς

147 2815 446 2887 ἔδδομάδος
491 2824 562 2884 α’,
606 2817 701 2873 ἐὰν
745 2823 812 2892 τῇ
870 2827 902 2874 ι’
963 2820 1057 2875 τοῦ
1103 2821 1380 2894 ’Δπριλίου
1438 2824 1649 2896 ἡμέρας
1682 2824 1729 2892 ζ’

145 2908 480 2981 προσθῶμεν
529 2909 629 2973 τὰς
683 2911 811 2984 ἄχρι
829 2915 929 2985 τῆς
969 2913 1269 2985 ἐρχομένης
1290 2915 1595 2988 Κυριακῆς,
1627 2917 1727 2982 τὰς

1844 1918 1912 1961 eo
1939 1904 2028 1960 die
2054 1901 2267 1959 Pascha
2281 1906 2531 1956 nostrum
2556 1897 2671 1954 fore
2690 1895 3143 1968 pronuntiamus;
3171 1905 3290 1961 quae
3312 1904 3406 1945 aue

1843 2006 1955 2055 tem
1985 2013 2216 2053 numero
2243 2004 2328 2052 est
2359 1994 2535 2051 eidem
2566 1992 2813 2063 subjecta
2861 1989 2995 2046 feria
3024 1988 3224 2059 prima,
3262 1984 3409 2041 diem

1842 2087 2201 2146 hebdomadis
2222 2101 2345 2143 esse
2363 2084 2635 2149 dicemus,
2663 2098 2783 2153 quae
2806 2080 3015 2137 Pascha
3033 2078 3413 2135 Christianum

1841 2181 2149 2246 antecedit,
2201 2189 2256 2236 et
2310 2181 2367 2234 in
2411 2193 2574 2250 quam
2622 2176 2910 2232 Iudaicum
2960 2174 3221 2230 incurret.
3250 2169 3410 2224 .Cum

1839 2274 1986 2331 enim
2028 2272 2097 2328 ad
2150 2272 2374 2328 tertium
2427 2270 2640 2342 cyclum
2672 2267 2921 2339 apposita
2964 2282 2999 2320 ι
3045 2266 3165 2320 dies
3203 2261 3409 2342 Aprilis

1837 2365 2050 2422 Pascha
2073 2364 2386 2421 Judzeorum
2424 2340 2651 2426 indicet,
2681 2361 2846 2431 idque
2870 2359 3102 2429 primam
3136 2356 3190 2410 in
3214 2340 3411 2412 feriam

1836 2456 2065 2521 incidat,
2096 2455 2445 2526 perspicuum
2470 2460 2577 2518 est,
2617 2451 2665 2509 si
2695 2450 2765 2505 ad
2788 2450 2930 2506 diem
2971 2447 3177 2517 Aprilis
3210 2461 3247 2498 ι
3277 2459 3405 2514 sep-

1835 2556 1948 2606 tem
1990 2549 2108 2604 dies
2143 2547 2439 2611 accedant,
2491 2559 2614 2616 qua:
2661 2543 2731 2599 ad
2786 2541 3035 2612 proxime
3085 2544 3405 2608 sequentem

1833 2640 2228 2699 hebdomadam
2263 2639 2601 2711 pertingunt,
2632 2651 2746 2690 xvn
2772 2632 2976 2704 Aprilis
2999 2630 3144 2686 diem
3179 2627 3402 2695 conﬁci,

1832 2749 1944 2806 quo
1965 2732 2336 2789 Christianum
2368 2730 2578 2786 Pascha
2610 2736 2920 2800 peragetur.
2950 2723 3030 2778 lta
3047 2738 3112 2778 ex
3135 2719 3403 2776 laterculo

1834 2825 1992 2880 facile
2007 2822 2154 2895 quod
2174 2822 2462 2893 quaesitum
2488 2829 2571 2876 est
2591 2819 2892 2876 extricatur
2924 2832 2937 2870 :
2961 2814 3105 2885 quod
3132 2810 3300 2867 etiam
3331 2824 3398 2865 ex

1833 2916 2094 2974 methodo
2125 2921 2208 2971 sic
2245 2914 2496 2969 habetur.

150 2998 212 3063 ιζ’
246 3001 342 3054 τοῦ
373 3002 653 3074 Ἀπριλίου
682 3005 997 3076 ποιήσομεν,
1026 3004 1147 3058 καθ’
1171 3004 1237 3070 ἃς
1288 3006 1349 3060 τὸ
1380 3006 1569 3079 Πάσχα
1631 3008 1785 3065 ἔσται
1825 3008 2229 3083 Χριστιανικόν.
2277 3007 2388 3060 Καὶ
2432 3004 2606 3069 οὕτως
2651 3003 2749 3076 μὲν
2775 3002 2840 3057 ὲκ
2866 3018 2959 3055 του
2988 2997 3235 3054 κανονίου
3264 3010 3400 3067 προ-

144 3091 347 3163 χείρως
390 3091 727 3164 λαμϐάνεται
771 3092 833 3147 τὸ
866 3092 1192 3166 ζητούμενον
1213 3112 1225 3125 ·
1267 3095 1359 3150 καὶ
1391 3096 1479 3151 διὰ
1504 3098 1725 3170 μεθόδου
1772 3101 1832 3155 δὲ
1857 3101 1952 3155 καὶ
1975 3098 2148 3162 οὕτως
2176 3113 2191 3129 ·

246 3207 455 3277 Ἑτέρα
488 3207 744 3278 μέθοδος
774 3207 883 3278 τῆς
909 3208 1016 3265 τοῦ
1063 3208 1279 3279 Πάσχα
1311 3212 1623 3280 εὑρέσεως.

224 3324 381 3377 Ἐπεὶ
408 3321 609 3393 ἔχομεν
629 3322 748 3376 καθ’
773 3323 1001 3378 ἕκαστον
1023 3323 1131 3377 τῶν
1150 3323 1480 3395 σεληνιακῶν
1510 3324 1723 3380 κύκλων

140 3415 238 3487 τὴν
269 3415 368 3470 ἐπὶ
399 3413 500 3468 τοῦ
535 3414 781 3484 Μαρτίου
823 3415 951 3487 ἄχρι
972 3416 1065 3469 καὶ
1103 3416 1200 3487 τῆς
1229 3416 1291 3480 ιζ’
1314 3415 1408 3469 τοῦ
1447 3416 1719 3488 Ἀπριλίου

140 3507 435 3578 γινομένην
479 3505 836 3577 πανσέληνον,
892 3507 1016 3579 ἡτις
1065 3507 1126 3560 τὸ
1195 3508 1482 3562 Ἰουδαϊκὸν
1528 3507 1721 3579 Πάσχα

142 3598 336 3671 μηνύει
358 3616 373 3629 ’
430 3598 521 3652 διά
571 3599 665 3653 τοῦ
710 3598 1156 3670 ἡμεροευρεσίου,
1186 3598 1263 3663 ὡς
1290 3600 1718 3671 προειλήφαμεν,

139 3693 475 3765 εὑρίσκομεν
532 3693 591 3747 ὲν
619 3692 748 3765 ποίᾳ
776 3692 958 3765 ἡμέρᾳ
981 3692 1090 3747 τῶν
1115 3691 1215 3764 τῆς
1244 3693 1533 3765 ἑϐδομάδος
1569 3693 1722 3748 ἔσται

136 3783 193 3838 τὸ
214 3785 451 3856 νομικὸν
481 3783 674 3855 Πάσχα
712 3784 775 3838 τὸ
820 3785 1223 3857 παρακείμενον
1246 3784 1325 3857 τῷ
1347 3786 1600 3840 ἐνεστῶτι
1627 3802 1719 3839 σε-

136 3874 382 3947 ληνιακῷ
413 3872 601 3946 κύκλῳ
620 3891 635 3906 ο
668 3868 714 3943 ᾧ
737 3874 1116 3947 προστιθέντες
1138 3876 1234 3941 τὰς
1271 3877 1469 3946 ἐφεξῆς
1509 3876 1718 3948 ἡμέρας

135 3967 232 4037 τῆς
261 3966 566 4037 ἑϐδομάδος
590 3966 717 4037 άχρι
748 3968 843 4022 καὶ
867 3968 1035 4038 αὐτῆς
1064 3968 1162 4038 τῆς
1192 3967 1496 4038 Κυριακῆς,
1527 3967 1719 4041 ἔχομεν

137 4055 309 4110 καὶτὸ
330 4054 469 4111 καθή
491 4056 637 4126 ἡμᾶς
667 4056 822 4124 ἅγιον
854 4055 1067 4127 Πάσχα,
1097 4057 1155 4111 ὲν
1173 4056 1280 4110 τίνι
1309 4055 1417 4110 τῶν
1448 4054 1540 4111 τοῦ
1570 4057 1723 4128 Μαρ-

136 4147 249 4200 τίου
277 4148 312 4218 ἢ
338 4146 437 4221 τοῦ
482 4146 757 4219 Ἀπριλίου
797 4147 1022 4220 ἡμερῶν
1048 4149 1276 4219 γίνεται.
1310 4148 1422 4201 Καὶ
1457 4147 1598 4201 έστω
1626 4147 1719 4202 ἐπὶ

137 4238 539 4309 ὑποδείγματος
569 4238 662 4291 τοῦ
688 4240 1108 4312 προειρημένου.
1161 4240 1314 4293 Ἐπεὶ
1343 4239 1421 4310 τῷ
1462 4238 1717 4293 ἐνεστῶτι

134 4328 255 4382 τότε
314 4328 507 4400 κύκλῳ
563 4330 660 4399 τῆς
714 4330 945 4402 σελήνης
1007 4332 1175 4404 τρίτῳ
1212 4331 1325 4385 ὄντι
1367 4330 1399 4385 ι’
1438 4330 1714 4402 Ἀπριλίου

134 4420 492 4490 παράκειται,
540 4418 774 4492 δηλοῦσα
810 4422 926 4475 κατ’
955 4422 1124 4495 αὐτὴν
1165 4418 1303 4476 εἶναι
1331 4423 1393 4475 τὸ
1428 4421 1715 4475 Ἰουδαϊκὸν

2038 3211 2317 3268 Met/nodus
2346 3212 2519 3266 altera
2551 3208 2833 3267 Pace/tatis
2864 3206 3181 3264 inveniendi.

1895 3329 2031 3387 Cum
2070 3329 2127 3384 in
2152 3342 2483 3399 unoquoque
2511 3324 2666 3397 cyclo
2698 3322 2880 3379 lunari
2906 3319 3204 3393 plenilunia
3231 3317 3407 3374 nobis.

1823 3418 2005 3475 omnia
2033 3423 2306 3481 constent,
2345 3431 2469 3487 qua:
2514 3415 2572 3469 in
2605 3412 2821 3479 Martio,
2860 3419 2916 3467 et
2953 3410 3022 3466 ad
3054 3424 3167 3464 xvu
3188 3407 3393 3480 Aprilis

1823 3526 2000 3582 usque
2046 3510 2421 3572 continentur,
2461 3515 2515 3563 et
2569 3504 2858 3561 Iudaicum
2905 3502 3120 3557 Pascha
3165 3500 3395 3556 demon-

1821 3610 2020 3668 strant,
2059 3618 2157 3673 per
2176 3600 2502 3655 laterculum
2539 3596 2847 3671 septizonii,
2884 3603 2945 3650 ut
2975 3603 3100 3650 ante
3129 3592 3389 3656 diximus,

1817 3692 2130 3764 indaganda
2149 3701 2234 3749 est
2263 3691 2396 3748 feria
2421 3690 2612 3761 legalis
2632 3688 2940 3761 Paschatis,
2968 3685 3113 3757 quod
3153 3686 3221 3740 ad
3252 3701 3393 3757 prae-

1820 3797 2029 3845 sentem
2060 3788 2205 3844 lunae
2231 3787 2444 3859 cyclum
2470 3784 2794 3851 adnotatur;
2813 3782 2903 3838 cui
2932 3781 3173 3851 reliquas
3193 3779 3260 3834 ad
3284 3777 3391 3834 Do-

1818 3880 2080 3937 minicam
2124 3877 2484 3935 hebdomadis
2537 3874 2703 3933 ferias
2764 3873 3063 3938 addentes,
3125 3871 3389 3926 habemus

1819 3973 2023 4038 Martii,
2065 3972 2148 4027 vel
2178 3971 2383 4042 Aprilis
2410 3970 2577 4033 diem,
2615 3968 2671 4023 in
2704 3981 2865 4038 quem
2904 3974 3152 4022 nostrum
3175 3962 3389 4019 Pascha

1822 4063 2207 4119 committitur.
2243 4061 2403 4116 Verbi
2446 4060 2621 4130 gratia
2649 4066 2930 4129 repetatur
2972 4055 3226 4127 superius
3253 4054 3387 4108 illud

1820 4155 2149 4225 exemplum.
2202 4153 2470 4220 Quoniam
2524 4152 2671 4205 enim
2725 4150 2794 4205 ad
2844 4150 3123 4205 ineuntem
3173 4146 3387 4218 cyclum

1817 4246 1965 4301 lunae
2002 4244 2225 4300 tertium
2258 4261 2292 4298 x
2320 4243 2438 4298 dies
2481 4242 2685 4312 Aprilis
2714 4240 3052 4310 adiungitur,
3087 4237 3389 4293 ostendens

1818 4338 1877 4393 in
1919 4352 2043 4393 eum
2071 4336 2216 4392 diem
2263 4332 2459 4390 cadere
2501 4332 2713 4388 Pascha
2758 4330 3046 4386 Iudaicum
3072 4328 3161 4397 λεί
3207 4327 3387 4383 eidem

1817 4429 2024 4486 mensis
2052 4427 2200 4485 illius
2234 4426 2498 4481 addamus
2525 4431 2797 4495 epactam,
2841 4437 2962 4492 quae
2990 4427 3073 4477 est
3097 4435 3146 4487 ις
3169 4433 3385 4474 necnon

136 4510 332 4581 Πάσχα
351 4528 365 4541 ’
393 4509 720 4581 προσθέντες
742 4511 914 4584 ταύτῃ
943 4511 1041 4583 τὴν
1077 4511 1173 4565 τοῦ
1206 4510 1368 4566 αὐτοῦ
1410 4510 1578 4583 μηνὸς
1612 4512 1714 4563 ὲπ-
1745 4502 1756 4562 Ι

1834 4521 2129 4592 praeteritos
2162 4520 2296 4576 solis
2327 4534 2399 4572 xx
2429 4518 2614 4589 cyclos
2635 4557 2651 4584 ,
2688 4523 2744 4572 et
2782 4529 2973 4570 eorum
3023 4512 3381 4583 quadrantes,

133 4602 310 4673 ακτὴν
331 4601 384 4656 α’
430 4596 619 4666 οὖσαν,
642 4602 722 4656 ἔτι
742 4620 802 4656 τε
829 4604 955 4667 τοὺς
984 4602 1350 4675 παρελθόντας
1371 4603 1420 4658 κ’
1454 4604 1712 4675 ἡλιακοὺς

132 4691 390 4756 κύκλους,
439 4693 536 4746 καὶ
561 4693 629 4746 τὰ
667 4694 871 4748 τούτων
893 4694 935 4748 δ’
966 4696 1177 4767 ἡμέρας
1206 4696 1267 4748 ε’·
1292 4695 1390 4759 τάς
1417 4694 1713 4767 γενομένας

130 4783 266 4853 ὁμοῦ
304 4784 519 4856 ἡμέρας
556 4784 644 4850 λς’
677 4787 997 4857 μερίσαντες
1052 4788 1206 4859 παρὰ
1249 4788 1340 4841 τὸν
1364 4788 1430 4853 ζ’,
1471 4788 1571 4860 τὴν
1624 4789 1711 4844 ὲν-

130 4875 554 4945 απολειφθείσαν
569 4876 618 4930 α’
630 4879 870 4949 φήσομεν
890 4879 924 4949 ἡ
934 4878 997 4949 μέ
1005 4896 1103 4950 ραν
1117 4874 1253 4933 εἶναι
1265 4879 1566 4951 Κυριακὴν,
1587 4879 1709 4935 καθ’

131 4967 197 5039 ἡν
223 4970 257 5040 ἡ
303 4968 511 5039 δεκάτη
559 4970 653 5023 τοῦ
694 4969 972 5042 ’Δπριλίου
1027 4972 1349 5041 συμπίπτει.
1391 4975 1502 5027 Καὶ
1535 4973 1708 5047 ταύτῃ

131 5057 462 5128 προσθέντες
475 5057 572 5121 τὰς
585 5060 685 5129 τῆς
712 5060 908 5131 ἐφεξῆς
938 5060 1227 5133 ἑϐδομάδος
1257 5062 1385 5134 άχρι
1412 5064 1508 5117 καὶ
1538 5065 1708 5136 αὐτῆς

129 5147 229 5218 τῆς
281 5149 585 5220 ἐρχομένης
636 5152 919 5222 Κυριακῆς
968 5152 1183 5225 ἡμέρας
1245 5154 1310 5219 ζ’,
1366 5155 1558 5227 ἕξομεν
1613 5158 1707 5211 καὶ

127 5233 303 5298 οὕτως
323 5235 386 5289 τὸ
418 5237 541 5290 καθ’
576 5240 723 5309 ἡμᾶς
770 5241 923 5309 ἅγιον
955 5242 1149 5313 Πάσχα
1177 5247 1244 5315 τῇ
1286 5243 1350 5309 ιζ’
1384 5245 1476 5299 τοῦ
1516 5247 1706 5300 Ἄποι-

128 5325 243 5379 λίου
273 5326 557 5398 ἐσόμενον.
805 5324 813 5332 ’

372 5443 514 5511 Περὶ
557 5443 666 5512 τῆς
713 5446 1007 5514 εὑρέσεως
1034 5447 1145 5517 τῆς
1173 5449 1467 5519 ἀπόκρεω.

196 5557 299 5610 IB’.
319 5556 481 5611 Μετὰ
503 5557 561 5609 δὲ
581 5558 641 5610 τὸ
659 5558 842 5614 λαϐεῖν
865 5561 965 5633 τὴν
991 5562 1088 5615 τοῦ
1122 5563 1289 5634 μηνὸς
1319 5563 1556 5635 ἡμέραν,
1581 5565 1638 5617 ἐν

126 5645 187 5701 τὸ
213 5647 371 5714 άγιον
402 5647 595 5717 Πάσχα
634 5651 953 5721 συμπίπτει,
990 5641 1370 5726 προστιθέντες
1406 5654 1544 5725 αύτῇ
1569 5655 1702 5726 ἡμέ-

131 5752 227 5807 ρας
257 5740 429 5809 τρεῖς,
484 5736 724 5809 βισέξτου
762 5743 818 5796 δὲ
852 5744 1002 5809 ὄντος
1029 5746 1090 5813 δ’,
1127 5745 1453 5820 εὑρίσκομεν
1480 5746 1573 5804 καὶ
1602 5747 1698 5821 τῇ

1813 4614 1932 4670 dies
1954 4631 2010 4679 v,
2034 4628 2248 4669 summa
2280 4610 2512 4665 conflata
2540 4610 2751 4664 dierum
2769 4621 2953 4670 χχχιιι,
2986 4604 3033 4659 si
3071 4618 3169 4672 per
3192 4617 3269 4656 vu
3297 4600 3383 4655 di-

1811 4706 2052 4772 vidatur,
2081 4704 2352 4774 reliquam
2383 4701 2544 4756 faciet
2572 4700 2713 4755 diem
2733 4716 2771 4762 ι,
2789 4698 2894 4751 hoc
2915 4704 2998 4751 est
3020 4693 3378 4758 Dominicam,

1812 4795 1869 4851 in
1893 4810 2057 4866 quam
2086 4793 2293 4865 Aprilis
2323 4808 2355 4845 χ
2385 4790 2695 4845 conveniet.
2714 4787 2794 4841 Ad
2812 4787 2953 4840 hanc
2984 4798 3177 4840 rursus
3206 4788 3381 4837 totam

1811 4886 2140 4942 addentihus
2201 4885 2582 4955 insequentem
2640 4878 3030 4934 hebdomadem
3081 4889 3257 4945 usque
3310 4874 3377 4928 ad

1809 4976 2057 5047 proxime
2085 4984 2401 5045 sequentem
2436 4970 2797 5036 Dominicam,
2834 4981 2958 5038 qum
2990 4973 3119 5021 sunt
3146 4965 3375 5029 diesvu;

1809 5066 2182 5122 Christianum
2215 5064 2427 5120 Pascha
2462 5062 2621 5118 nobis
2663 5069 2942 5124 occurret,
2986 5057 3135 5129 quod
3172 5058 3378 5131 Aprilis

1811 5175 1924 5214 xvn
1957 5159 2256 5229 continget.

1806 5448 1884 5503 De
1910 5447 2134 5503 introitu
2171 5446 2315 5501 sacri
2338 5445 2565 5516 jejunii,
2595 5452 2645 5499 et
2685 5444 3020 5500 abstinentia!
3043 5460 3075 5499 α
3100 5441 3369 5501 carnibus.

1876 5562 1993 5619 XII.
2033 5561 2261 5619 Inventa
2290 5561 2379 5616 die
2409 5559 2640 5625 mensis,
2691 5559 2748 5615 in
2781 5576 2943 5632 quam
2980 5557 3191 5618 Pascha
3243 5571 3374 5610 sau-

1804 5667 1951 5713 ctum
1982 5655 2206 5721 incidit,
2244 5662 2354 5710 tres
2388 5652 2456 5707 ad
2488 5652 2635 5708 illam
2673 5650 2792 5708 dies
2822 5644 3370 5715 addimus;,bisexli_li

1804 5767 1932 5809 vero
1960 5766 2124 5810 anno.
2161 5747 2355 5815 mlta,
2391 5744 2643 5802 Januarii
2688 5746 2771 5802 vel
2806 5742 3088 5801 Februarii
3116 5740 3259 5797 diem
3286 5753 3373 5796 ree-
