3808 6326
441 332 583 393 £303

1424 327 1517 383 AD
1553 326 1825 385 EUSEBII
1862 326 2258 385 CHRONICON
2298 326 2662 382 APPENDIX.

3543 326 3669 382 ιευι

437 457 707 534 perimus,
733 469 845 526 quo
873 467 1017 508 anno
1060 451 1156 505 illo
1205 447 1488 504 Dominica
1527 447 1706 519 prima
1748 446 2010 502 introitus

2124 446 2235 500 κατ’
2284 449 2462 501 ἐκεῖνο
2506 447 2570 501 τδ
2621 446 2741 510 έτος
2778 444 3057 517 ἀπδκρεω,
3082 446 3142 497 ὲν
3170 445 3299 519 ποίᾳ
3321 446 3505 519 ήμέρᾳ
3537 447 3669 503 ἔσται

434 552 771 626 jejuniorum
798 545 1027 603 accidet.
1054 542 1189 597 Nam
1224 541 1272 597 si
1300 538 1507 596 Pascha
1548 539 1603 594 in
1628 539 1870 610 Aprilem
1909 553 2004 592 ca-

438 646 544 711 dit,
571 640 1004 713 Carnisprivium
1052 635 1348 693 Februario
1387 634 1697 703 continget;
1736 633 1822 686 sin
1856 630 2005 686 Mar-

440 738 577 797 tium
610 736 877 798 obtineat,
910 746 1084 801 usquc
1122 727 1191 783 ad
1239 743 1411 782 xxvnt
1456 728 1509 781 in
1549 722 1790 780 bisextili
1839 739 2005 786 anno,

441 830 526 883 vel
558 843 688 885 χιιι
725 825 869 881 diem
891 865 906 888 ,
945 823 1001 880 in
1032 821 1334 885 communi,
1356 819 1792 892 Carnispriwum
1830 817 1886 871 in
1919 816 2009 871 Ja-

442 921 696 975 nuarium
719 923 1012 986 competet.
1041 912 1178 967 Nam
1208 912 1253 968 si
1299 910 1474 967 Martii
1507 925 1700 975 xxvnt,
1733 917 1827 963 aut
1860 925 2007 970 xxtx.

442 1019 538 1071 aut
565 1027 698 1077 xxx,
730 1016 825 1064 aut
856 1023 985 1062 xxxt
1023 1005 1236 1061 Pascha
1269 1003 1383 1069 ﬁat,
1415 1001 1858 1072 Carnisprivium
1906 1001 2012 1055 erit

442 1106 503 1167 in
528 1101 846 1157 Februario.
875 1100 949 1156 Ut
982 1099 1041 1154 in
1063 1097 1313 1168 exemplo
1336 1096 1464 1150 anni
1503 1095 1747 1165 proxime
1779 1108 2013 1162 sequen-

440 1196 516 1254 tis
533 1195 881 1267 perspicuum
905 1192 1032 1246 erit.
1070 1190 1206 1246 Cum
1237 1188 1384 1244 enim
1411 1186 1615 1256 Aprilis
1647 1200 1784 1250 xm,
1820 1184 1899 1239 uti
1929 1183 2015 1237 di-

443 1296 593 1344 ctum
623 1294 731 1352 est,
772 1284 985 1340 Pascha
1035 1284 1108 1338 sit
1148 1280 1430 1347 futurum;
1464 1280 1513 1335 si
1561 1278 1798 1333 triduum
1842 1276 1910 1330 ad
1957 1275 2012 1330 id

443 1382 667 1442 accedat
714 1382 845 1454 (non
883 1380 1029 1436 enim
1071 1377 1340 1433 bisextilis
1377 1375 1465 1429 hic
1500 1388 1677 1428 annus
1713 1371 1839 1444 est),
1894 1369 2015 1424 dies

444 1478 561 1539 ille,
594 1476 687 1546 qui
730 1473 989 1532 residuus
1035 1473 1162 1538 erit,
1211 1468 1501 1527 Februarii
1533 1465 1846 1530 vicesimus,
1881 1462 2016 1517 Car-

444 1566 774 1638 nisprivium
809 1563 1108 1621 exhibebit.

606 1679 894 1737 Hothodus
929 1679 1039 1733 alia
1070 1675 1355 1735 Pascltatis
1382 1682 1434 1731 et
1465 1671 1835 1742 Carnisprivit’.

513 1792 653 1849 Xlll.
691 1791 952 1864 Exposita
979 1800 1064 1846 est
1109 1790 1379 1844 hactenus
1413 1785 1708 1843 methodus
1745 1783 1859 1851 illa,
1898 1797 2021 1855 quae
2051 1797 2094 1853 Β

442 1901 475 1944 a
502 1885 805 1959 majoribus
837 1892 1086 1956 accepta,
1110 1884 1178 1939 ad
1224 1898 1329 1939 nos
1362 1894 1542 1951 usque
1587 1887 1886 1951 propagata
1912 1884 2017 1935 est.

444 1980 633 2034 Altera
659 1993 812 2040 vero,
845 1990 1009 2047 quam
1048 1973 1481 2042 excogitavimus
1518 1973 1654 2041 ipsi,
1694 1971 1908 2025 ratione
1957 1982 2022 2022 ac

447 2067 919 2129 demonstratione
954 2074 1324 2129 constantem,
1347 2078 1624 2135 quamque
1658 2077 1761 2118 nos
1780 2061 2022 2131 explica-

447 2171 607 2218 turos
634 2160 997 2225 ostendimus,
1040 2166 1127 2214 est
1152 2157 1447 2228 ejusmodi.
1477 2154 1750 2223 Quoniam
1782 2168 1814 2212 a
1840 2152 2020 2208 lunari

447 2252 618 2315 coitu,
643 2251 738 2323 qui
775 2248 1096 2306 Ianuarium
1123 2248 1440 2312 antecessit,
1464 2246 1532 2301 ad
1564 2247 1729 2316 hujus
1755 2246 1887 2300 anni
1922 2242 2023 2299 Ju-

449 2346 668 2403 daicum
702 2344 935 2410 Pascha,
967 2343 1189 2416 quodin
1218 2341 1581 2412 plenilunium
1614 2339 1827 2405 incidit,
1864 2338 2022 2392 luna-

450 2452 542 2499 res
570 2452 789 2493 menses
820 2435 1168 2495 intercedunt
1200 2442 1312 2488 tres
1340 2447 1466 2488 cum
1492 2431 1742 2498 dimidio,
1771 2430 1866 2501 qui
1903 2428 2022 2485 dies

451 2529 719 2601 colligunt
747 2543 872 2595 cut;
910 2528 966 2583 in
1007 2527 1278 2583 laterculo
1316 2540 1447 2581 vero
1492 2522 1745 2581 Paschali
1789 2521 2022 2577 Iudaica

450 2621 721 2682 Paschata
755 2621 923 2679 biduo
950 2620 1258 2676 redundare
1293 2617 1549 2674 videntur
1581 2630 1745 2686 supra
1765 2622 2020 2671 exactum

450 2715 842 2793 plenilunium;
876 2713 1337 2786 quemadmodum
1376 2718 1566 2782 postea
1613 2708 2022 2764 demonstrabi-

461 2817 582 2876 tur;
632 2806 857 2862 biduum
892 2804 1039 2861 istud
1091 2804 1287 2863 diebus
1338 2804 1448 2858 illis
1490 2816 1588 2856 cm
1635 2800 1917 2866 addentes,
1953 2798 2023 2854 de

458 2913 670 2955 summa
712 2896 922 2955 dierum
967 2911 1033 2951 cv
1072 2895 1322 2951 deductis
1355 2892 1789 2966 quadragesima:
1825 2890 2021 2946 diebus

452 3005 642 3056 sunt,
666 3004 791 3044 cum
846 2987 1043 3047 diebus
1082 2995 1290 3058 septem
1310 2984 1708 3059 Tyrophagi,id
1732 2990 1837 3050 est,
1872 3002 1892 3035 ι
1929 2982 2025 3038 lte-

460 3080 774 3147 hdomadis,
815 3081 870 3134 in
898 3095 1003 3150 qua
1041 3094 1171 3136 esus
1204 3079 1352 3135 casei
1386 3078 1727 3141 conceditur,
1767 3095 1787 3129 ι
1824 3076 1868 3131 si
1891 3075 2021 3129 reli-

450 3187 592 3244 quos
623 3188 656 3231 t.
677 3170 796 3227 dies
824 3185 855 3226 a
886 3171 1064 3229 lunari
1112 3170 1350 3242 synodo,
1385 3185 1508 3240 que
1546 3169 1793 3240 proxime
1823 3165 2021 3222 Janua-

449 3266 593 3326 riunt
624 3264 926 3336 praecessit,
954 3270 1354 3334 computemus,
1390 3262 1611 3333 planunt
1641 3266 1727 3315 est
1750 3258 2021 3314 calculum

446 3369 702 3415 nostrum
730 3355 800 3412 ad
851 3355 1252 3412 hebdomadam
1297 3351 1657 3423 Carnisprivii
1698 3350 2021 3421 perductum

450 3451 541 3516 iri,
568 3451 674 3511 hoc
712 3459 797 3506 est
823 3464 855 3503 a
908 3448 1196 3506 Dominica
1228 3465 1247 3500 ι
1281 3446 1525 3518 Prodigi,
1558 3465 1577 3497 ι
1615 3445 1682 3500 ad
1723 3443 2057 3501 Sabbatum.

452 3541 956 3611 InteCarnisprivii
979 3539 1337 3597 Dominicam.
1368 3537 1611 3608 Adjectis
1635 3536 1795 3609 203
1826 3534 2024 3590 deinde

451 3633 681 3704 reliquis
711 3632 781 3687 ad
809 3630 1151 3688 Dominicam
1179 3630 1406 3694 diebus,
1450 3627 1810 3699 Carnisprivii
1840 3624 2026 3680 Domi-

453 3724 635 3784 nicam
662 3736 1065 3792 assequemur:
1099 3721 1244 3777 unde
1270 3730 1325 3777 et
1350 3719 1562 3776 Pascha
1602 3717 1897 3774 constabit.
1919 3715 2027 3770 Ex-

453 3814 735 3889 periamur
773 3812 827 3867 in
885 3810 1135 3881 exemplo
1193 3811 1441 3881 proxime
1491 3809 1687 3864 futurze
1730 3806 2027 3863 Dominica:

453 3902 836 3974 Carnisprivii.
852 3901 1018 3975 Cyclo
1046 3902 1188 3958 luna:
1208 3918 1258 3954 νι
1286 3901 1508 3958 ineunte
1526 3899 1786 3957 Kalendis
1818 3896 2026 3954 Janua-

457 3997 558 4052 riis
585 4004 791 4067 epactaa
831 4004 962 4052 sunt
996 4012 1068 4059 rt.
1110 3994 1252 4068 Ergo
1293 4011 1390 4054 sex
1427 3994 1623 4053 diebus
1661 4000 1787 4048 ante
1825 3990 2025 4049 Kalen-

454 4087 554 4143 das
581 4086 876 4152 Januarias
922 4088 1132 4145 lunaris
1191 4087 1411 4160 syzygia
1462 4084 1758 4140 commissa
1806 4092 1911 4140 est.
1942 4081 2028 4138 Ab

457 4178 559 4236 hac
596 4177 644 4232 si
675 4192 707 4241 ι.
736 4176 855 4233 dies
903 4178 1274 4249 explicemus,
1327 4192 1446 4248 quae
1477 4173 1727 4231 conﬂata:
1778 4181 1908 4229 sunt
1957 4190 2026 4229 cx

453 4264 779 4331 Ianuarium
811 4269 1264 4328 antecedentibus
1298 4285 1372 4331 v1,
1402 4276 1458 4323 et
1503 4283 1631 4323 xxxi
1666 4264 1937 4330 Januarii,
1972 4275 2028 4321 et

454 4358 741 4422 Februarii
772 4378 873 4419 χιιι
924 4363 1074 4434 (nam
1113 4379 1306 4419 omnes
1336 4362 1455 4418 ista:
1496 4361 1550 4415 in
1575 4375 1742 4414 unum
1782 4359 2027 4414 collecta:

454 4452 853 4529 quinquaginta
901 4454 1151 4523 faciunt),
1182 4452 1631 4533 quinquagesima
1677 4452 1793 4507 dies
1823 4450 1880 4504 in
1924 4465 2025 4507 xm
2057 4474 2103 4529 ι)

452 4542 741 4604 Februarii
774 4545 1019 4613 desinet;
1049 4561 1212 4618 quam
1249 4546 1303 4600 in
1330 4545 1670 4600 Dominicam
1700 4541 1897 4599 cadere
1925 4542 2024 4596 de-

454 4638 882 4708 prehendetnus,
914 4639 1167 4696 videlicet
1197 4640 1252 4701 in
1284 4654 1428 4703 eam,
1457 4653 1578 4708 qua:
1599 4635 1818 4708 Prodigi
1851 4635 2026 4692 nomiv

382 4726 388 4735 ’
455 4738 641 4788 natur.
674 4728 756 4790 Ad
798 4724 1086 4787 Februarii
1116 4743 1213 4783 χιιι
1238 4728 1388 4795 dies,
1430 4743 1552 4799 quae
1587 4727 1642 4781 in
1683 4726 2025 4781 Dominicam

453 4818 733 4880 desinunt.
752 4822 833 4873 uti
860 4816 1065 4872 dictum
1084 4828 1167 4874 est
1188 4856 1203 4881 ,
1236 4818 1466 4886 adjectis
1490 4826 1696 4889 septem
1729 4817 2027 4873 hebdoma-

454 4910 540 4965 dis
561 4908 872 4981 Tyrophagi
914 4909 1140 4973 diebus,
1172 4910 1373 4965 contiet
1403 4909 1664 4964 vicesima
1717 4907 2023 4972 Februarii,

454 5014 576 5069 quae
591 5001 695 5054 erit
725 4999 1003 5058 Dominica
1021 4999 1382 5072 Cat-nisprivii
1406 5017 1420 5067 ;
1446 5013 1510 5055 ac
1527 4999 1784 5073 deinceps
1812 4997 2024 5060 Pascha

458 5106 878 5163 consequemur,

872 5355 1149 5412 Methodus
1170 5356 1280 5411 alia
1315 5356 1613 5412 Paschatis.

526 5466 672 5525 XIV.
695 5468 830 5524 Cum
859 5489 889 5525 a
912 5473 1120 5544 synodo
1155 5472 1354 5539 lunari,
1389 5488 1513 5544 qua:
1537 5471 1782 5542 proxime
1822 5470 2028 5527 Janua-

458 5563 597 5619 rium
624 5564 925 5634 praeessit,
956 5565 1023 5619 ad
1045 5565 1289 5633 ejusdem
1325 5565 1452 5619 anni
1474 5562 1761 5618 Iudaicum
1792 5563 2024 5629 Pascha,

459 5656 572 5711 sive
595 5654 976 5727 plenilunium,
1012 5662 1121 5712 tres
1145 5672 1266 5711 cum
1316 5654 1543 5711 dimidio
1567 5655 1785 5710 lunares
1808 5670 2027 5711 menses

461 5746 821 5817 intercedant,
851 5749 944 5827 qui
1000 5755 1129 5808 sunt
1156 5748 1270 5807 dies
1326 5763 1417 5811 civ
1467 5747 1724 5804 circiter:
1756 5762 1919 5825 porro
1969 5748 2023 5807 in

2108 539 2205 594 τοῦ
2270 538 2599 612 Ἰανουαρίου
2646 539 2681 610 ἢ
2729 537 2824 591 τοῦ
2876 537 3267 609 Φεϐρουάριον.
3314 539 3405 591 Ἐν
3451 539 3544 608 μὲν
3575 540 3670 609 γὰρ

2120 630 2379 702 ’Λπριλίῳ
2426 630 2521 683 τοῦ
2567 631 2760 700 Πάσχα
2808 628 2982 694 ὄντος,
3028 630 3064 700 ή
3098 630 3391 701 άπόκρεως
3430 629 3577 683 ἔσται
3619 633 3670 683 ἐν

2106 720 2474 792 Φεϐρουαρίῳ
2506 723 2562 773 ὲν
2597 720 2654 773 δὲ
2679 718 2909 791 Μαρτίῳ
2935 720 3061 789 ἄχρι
3095 720 3195 790 τῆς
3229 720 3317 790 κη’
3353 722 3412 773 ὲν
3444 719 3669 790 βισέξτῳ,

2108 813 2144 883 ἢ
2194 812 2293 882 τῆς
2338 810 2419 863 κθ¹
2476 812 2536 864 ὲν
2578 810 2639 862 οὐ
2696 808 2963 879 βισέξτῳ,
3024 811 3057 879 ἡ
3119 809 3409 879 ἀπόκρεως
3471 812 3527 862 ὲν
3579 811 3670 862 Ἰα-

2110 900 2342 973 νουαριῳ
2388 900 2559 954 ἔσται.
2617 899 2705 952 Ἑν
2732 899 2839 970 γὰρ
2883 901 2948 969 τῇ
2995 898 3083 971 κη’
3106 898 3202 951 τοῦ
3232 898 3500 970 Μαρτίου,
3543 899 3574 969 ἢ
3616 901 3671 969 τῇ

2111 990 2213 1055 κθ’,
2268 990 2302 1061 ἢ
2348 992 2413 1061 τῇ
2462 988 2530 1054 λ’,
2579 989 2614 1060 ἢ
2647 992 2716 1059 τῇ
2757 988 2841 1042 λα’
2894 988 3295 1059 συμπίπτοντος
3335 988 3432 1041 τοῦ
3483 988 3670 1058 Πάσχα,

2112 1082 2147 1152 ή
2202 1080 2487 1151 άπόκρεως
2537 1081 2595 1132 ἐν
2637 1077 2987 1149 Φεϐρουαρίῳ
3035 1076 3221 1130 ἔσται’
3281 1076 3360 1140 ὡς
3421 1077 3515 1129 ἐπὶ
3564 1077 3675 1129 ὑπο-

2111 1172 2399 1243 δείγματος
2461 1169 2554 1223 τοῦ
2628 1168 2922 1241 ἐρχομένου
2969 1168 3068 1221 σὺν
3123 1167 3245 1239 Θεῷ
3306 1168 3501 1238 Πάσχα
3546 1167 3672 1222 ἔσται

2114 1252 2366 1336 φανερόν.
2429 1263 2581 1315 Ἐπεὶ
2642 1261 2751 1333 γὰρ
2791 1262 2859 1332 τῇ
2911 1258 2976 1325 ιζ’
3028 1259 3184 1314 ἔσται
3239 1258 3336 1313 τοῦ
3398 1259 3672 1331 ’Δπριλίου,

2113 1356 2189 1419 ὡς
2226 1353 2433 1409 ἄνωθεν
2484 1353 2722 1425 εἴρηται,
2752 1352 2927 1425 ταύτῃ
2975 1352 3310 1423 προσθέντες
3354 1352 3406 1420 γ’
3454 1352 3533 1422 (οὗ
3583 1353 3674 1423 γάρ

2115 1450 2230 1501 ὲστι
2256 1447 2318 1500 τὸ
2346 1445 2519 1516 παρὸν
2563 1445 2682 1508 ἔτος
2717 1443 2999 1515 βίσεξτον),
3032 1442 3139 1507 τάς
3183 1444 3489 1515 γενομένας
3526 1450 3573 1497 κ’
3597 1443 3674 1498 τοῦ

2114 1538 2480 1613 Φεϐρουαρίου
2508 1537 2608 1610 τὴν
2640 1537 2899 1608 ἁπόκρεω
2925 1534 3145 1607 ἕξομεν.

2125 1640 2326 1721 Ἑτέρα
2345 1649 2600 1721 μέθοδος
2620 1650 2751 1719 περὶ
2782 1648 2893 1719 τῆς
2919 1649 3192 1717 ἁπόκρεω
3222 1647 3451 1703 καὶτοῦ
3468 1646 3676 1716 Πάσχα.

2190 1765 2290 1820 II".
2309 1764 2421 1817 Καὶ
2453 1762 2591 1835 αὕτη
2622 1762 2724 1834 μὲν
2753 1763 2788 1835 ή
2809 1762 2968 1833 μέχρι
2994 1761 3158 1833 ήμῶν
3183 1761 3446 1831 φθάσασα
3484 1759 3681 1832 μέθοδος

2120 1857 2226 1912 ὑπὸ
2262 1855 2374 1910 τῶν
2400 1855 2509 1926 πρὸ
2568 1853 2724 1927 ἡμῶν
2753 1854 3037 1907 ὲκτεθεῖσα
3055 1870 3071 1884 ο
3109 1853 3179 1923 ἢν
3209 1853 3255 1906 δ’
3284 1855 3450 1923 ἡμεῖς
3475 1851 3682 1923 εὕρομεν

2123 1948 2260 2023 μετὰ
2292 1946 2389 2002 καὶ
2425 1946 2650 2019 λογικῆς
2688 1945 3034 2013 ἀποδείξεως,
3082 1945 3180 1999 καὶ
3216 1944 3429 2016 ταύτην
3466 1942 3683 1996 ἐνταυθοῖ

2120 2040 2374 2095 ἐκθέσθαι
2421 2037 2904 2111 ἐπηγγειλάμεθα,
2950 2036 3037 2108 εἴη
3085 2035 3153 2090 ἂν
3190 2035 3356 2108 αὕτη.
3420 2036 3569 2089 Ἐπεὶ
3597 2033 3683 2088 ἀπὸ

2118 2133 2220 2204 τῆς
2240 2133 2348 2205 πρὸ
2374 2132 2470 2187 τοῦ
2534 2130 2866 2201 Ἰανουαριου
2900 2128 3196 2200 γινομένης
3239 2127 3529 2197 συνοδικῆς
3549 2125 3682 2188 συζυ-

2119 2224 2244 2292 γίας
2273 2223 2382 2276 τῶν
2409 2220 2603 2293 φώτων
2620 2218 2762 2298 ,ἄχρι
2801 2216 2896 2271 τοῦ
2931 2219 3053 2270 κατ’
3082 2215 3215 2270 αὐτὸ
3242 2215 3304 2268 τὸ
3335 2215 3456 2279 έτος
3491 2212 3683 2267 Ἰουδαῖ-

2121 2315 2217 2369 κοῦ
2242 2315 2452 2386 Πάσχα,
2485 2315 2542 2366 ὲν
2596 2306 2640 2380 ᾧ
2682 2308 3087 2381 πανσεληνιακὴ
3120 2307 3358 2378 συζυγία
3386 2306 3528 2370 ἐστὶ,
3556 2304 3601 2373 γ’
3630 2299 3684 2355 Σθ

2123 2405 2430 2476 σεληνιαιιώ⁸
2476 2403 2642 2475 μῆνές
2689 2403 2817 2464 εἰσι,
2859 2401 2956 2454 καὶ
3006 2399 3359 2471 περιέχουσιν
3380 2398 3591 2470 ἡμέρας
3619 2392 3685 2465 ρ’(

2124 2497 2384 2568 ἔγγιστα*
2429 2497 2771 2568 εὑρίσκονται
2811 2492 2856 2546 δ’
2894 2495 2953 2549 ὲν
2991 2490 3072 2561 τῷ
3114 2492 3350 2562 κανονίῳ
3381 2489 3476 2544 τοῦ
3506 2491 3685 2557 Πασχα-

2120 2590 2233 2646 λίου
2281 2590 2350 2644 τά
2389 2587 2864 2660 διαλαμϐανόμενα
2925 2584 3195 2641 ἰουδαῖκὰ
3242 2584 3531 2654 Πασχάλια
3557 2580 3685 2635 δυσὶν

2121 2683 2359 2754 ἡμέραις
2414 2678 2776 2743 πλεονάζοντα
2803 2676 2896 2730 τοῦ
2941 2675 3206 2748 ἀκριϐοῦς
3232 2674 3591 2745 πανσελήνου,
3624 2671 3685 2735 ὡς

2121 2773 2402 2845 προϊόντες
2425 2772 2492 2826 δι’
2519 2768 2845 2834 ἀποδείξεως
2861 2768 2951 2821 τὸν
2985 2767 3117 2839 περὶ⁵
3147 2766 3343 2819 τούτου
3374 2762 3687 2836 ποιησόμεθα

2121 2863 2280 2931 λόγον
2302 2878 2316 2891 θ
2351 2860 2555 2929 ταύτας
2582 2859 2681 2923 τὰς
2710 2857 2804 2911 δύο
2828 2856 3039 2929 ἡμέρας
3072 2855 3406 2928 προσθέντες
3426 2856 3543 2917 ταῖς
3564 2855 3688 2923 εἰρη-
3766 2871 3771 2875 υ

2125 2956 2310 3029 μέναις
2363 2954 2465 3027 ργ’,
2515 2953 2625 3006 τῶν
2682 2950 2988 3022 γενομένων
3026 2948 3105 3021 ρι’
3140 2948 3440 3018 ἀφελόντες
3486 2948 3580 3011 τὰς
3604 2946 3687 3013 τῆς

2121 3045 2566 3132 τεσσαρακοστῆς
2626 3043 2840 3116 ἡμέρας
2892 3039 3003 3113 μη’,
3072 3039 3210 3111 πρὸς
3239 3039 3299 3091 δὲ
3343 3038 3441 3093 καὶ
3478 3038 3574 3100 τὰς
3605 3037 3687 3106 τῆς

2046 3132 2089 3191 C
2122 3126 2441 3211 Τυροξράγου
2459 3136 2525 3201 ζ’,
2554 3135 2648 3197 ἐὰν
2679 3133 2777 3197 τὰς
2808 3131 2998 3194 λοιπὰς
3027 3130 3073 3183 ν’
3117 3129 3577 3203 προσεκϐάλωμεν
3599 3126 3687 3180 ἀπὸ

2122 3232 2221 3301 τῆς
2273 3230 2378 3301 πρὸ
2423 3226 2516 3283 τοῦ
2556 3225 2885 3297 ’ἰανουαρίου
2935 3222 3181 3285 συνόδου,
3227 3222 3488 3294 φανερόν
3527 3220 3595 3284 ὡς
3623 3220 3688 3281 επ

2121 3322 2219 3394 τὴν
2253 3320 2522 3392 ἑϐδομάδα
2560 3318 2661 3389 τῆς
2688 3318 2945 3389 άπόκρεω
3000 3316 3426 3385 καταντήσομεν
3472 3311 3575 3366 ἀπὸ
3605 3309 3689 3377 τῆς

2123 3414 2406 3487 Κυριακῆς
2433 3431 2453 3464 «ι
2484 3410 2578 3465 τοῦ
2612 3410 2845 3464 ’Δσώτου
2871 3428 2892 3460 ι
2922 3409 3051 3480 ἄχρι
3074 3407 3170 3461 καὶ
3192 3405 3288 3459 τοῦ
3317 3406 3428 3476 πρὸ
3458 3405 3551 3475 τῆς
3571 3402 3687 3456 ἁπό-

2123 3525 2272 3582 κρεω
2303 3504 2607 3561 Σαϐϐάτου.
2637 3496 2736 3567 AT;
2769 3500 3100 3574 προσθέντες
3136 3501 3237 3561 τὰς
3278 3497 3481 3569 ἐφεξῆς
3502 3495 3689 3566 ἡμέρας

2125 3597 2254 3669 ἄχρι
2285 3596 2384 3667 τῆς
2409 3593 2715 3666 Κυριακῆς,
2745 3591 2843 3663 τὴν
2871 3590 3127 3660 άπόκρεω
3148 3586 3367 3657 ἕξομεν·
3401 3588 3496 3642 καὶ
3517 3584 3689 3655 ὲᾳεξῆς

2125 3690 2187 3746 τὸ
2219 3689 2410 3759 Πάσχα
2440 3687 2598 3757 δῆλον
2626 3686 2797 3738 ἔσται.
2825 3683 3007 3737 Ἔστω
3033 3681 3092 3735 δὲ
3121 3682 3217 3735 καὶ
3253 3682 3351 3735 ἐπὶ
3378 3677 3687 3747 ὑποδείγμα-

2124 3797 2216 3844 τος
2247 3780 2359 3851 τῆς
2388 3777 2687 3850 ἐρχομένης
2739 3775 3016 3847 άπόκρεωο
3053 3775 3208 3828 Ἐπεὶ
3244 3772 3395 3828 κατὰ
3419 3772 3517 3842 τήν
3539 3770 3688 3840 ἀρχὴν

2125 3871 2220 3924 τοῦ
2250 3869 2545 3943 ἐρχομένου
2591 3866 2943 3940 Ἰανουαρίου,
3003 3865 3209 3920 κύκλου
3263 3865 3499 3937 σελήνης
3525 3860 3684 3934 τρίτου

2126 3963 2451 4035 ἀρχομένου,
2515 3958 2753 4020 ὲπακται
2804 3959 2942 4013 εἰσιν
3000 3957 3082 4025 ἓξ,
3114 3957 3376 4029 φανερὸν,
3418 3956 3494 4020 ὡς
3524 3954 3686 4026 πρὸς

2127 4052 2352 4126 ήμερῶν
2396 4052 2500 4123 τῆς
2561 4051 2735 4124 ἀρχῆς
2785 4048 2880 4103 τοῦ
2951 4049 3290 4121 Ἰανουαρίου
3348 4047 3501 4101 ἔσται
3539 4041 3687 4115 ήπρδ

2128 4145 2293 4200 αὐτοῦ
2328 4144 2564 4209 σύνοδος.
2604 4140 3111 4213 Προσεκϐάλλοντες
3138 4136 3233 4194 οὖν
3261 4138 3374 4193 ἀπὺ
3403 4139 3507 4210 τῆς
3528 4134 3684 4195 τοιαὺ-

2126 4254 2229 4308 της
2254 4236 2467 4289 συνόδου
2489 4236 2589 4298 τὰς
2613 4232 2911 4306 εἰρημένας
2937 4239 3001 4297 ν’,
3038 4232 3245 4294 αἵτινες
3276 4230 3587 4303 περιέχουσι
3606 4224 3683 4287 τάς

2127 4344 2188 4380 τε
2242 4326 2349 4398 πρὸ
2398 4326 2494 4379 τοῦ
2541 4323 2870 4394 Ἰανουαρίου
2906 4328 2977 4387 ς’,
3013 4321 3112 4375 καὶ
3157 4320 3259 4383 τὰς
3288 4319 3458 4374 αὑτοῦ
3485 4317 3571 4370 τοῦ
3599 4316 3682 4367 Ἰαο

2129 4419 2536 4501 νουαρίουλαν,
2570 4417 2664 4472 καὶ
2711 4414 2805 4470 τοῦ
2868 4413 3239 4487 Φεϐρουαρίου
3283 4419 3351 4481 ιγ’
3382 4404 3560 4484 (αὗται
3597 4405 3682 4475 γὰρ

2129 4500 2576 4582 συμποσούίμεναι
2626 4515 2670 4563 ν’
2707 4506 3128 4579 άπαρτίζουσι)’
3174 4506 3276 4578 τὴν
3302 4512 3346 4558 ν’
3379 4504 3586 4576 ἡμέραν
3603 4500 3680 4569 λή-

2129 4620 2336 4673 γουσαν
2391 4602 2587 4674 ἕξομεν
2628 4603 2696 4674 τῇ
2755 4598 2848 4654 τοῦ
2878 4598 3248 4670 Φεϐρουαρίου
3282 4605 3351 4667 ιγ’
3372 4614 3387 4629 ·
3429 4597 3525 4667 τήν
3546 4594 3597 4646 δὲ
3626 4596 3681 4657 ιγ’

2124 4695 2222 4750 τοῦ
2249 4694 2614 4767 Φεϐρουαρίου
2650 4696 2707 4748 ὲν
2738 4691 2924 4764 ἡμέρᾳ
2950 4691 3261 4765 εὑρήσομεν
3296 4690 3681 4761 συμπίπτουσαν

2126 4788 2403 4859 κυριακῇ,
2453 4784 2695 4855 δηλονότι
2735 4784 2802 4853 τῇ
2826 4780 2924 4835 τοῦ
2967 4780 3229 4834 Ἀσώτου.
3269 4781 3407 4843 Ταῖς
3443 4777 3509 4847 ιγ’
3536 4771 3679 4830 δὲτοῦ

2125 4877 2488 4951 Φεϐρουαρίου
2534 4875 2788 4947 ἡμέραις,
2819 4874 3025 4936 αἵτινες
3077 4869 3487 4942 σ’δμποσοῦνται
3511 4872 3564 4922 ὲν
3590 4868 3680 4920 Κυ-

2129 4973 2313 5045 ριακῇ,
2356 4969 2431 5033 ὡς
2480 4966 2717 5041 εἴρηται,
2756 4964 3083 5039 προσθέντες
3126 4963 3227 5027 τὰς
3254 4962 3359 5034 τῆς
3398 4958 3680 5031 Τυροφάγου

2126 5062 2416 5133 ἑϐδομάδος
2446 5059 2662 5132 ἡμέρας
2695 5057 2763 5124 ζ’,
2794 5056 2893 5122 τὰς
2905 5056 3203 5127 γενομένας
3243 5062 3293 5108 κ’
3322 5054 3418 5109 τοῦ
3449 5051 3681 5122 Φεϐροναο

2132 5154 2270 5225 ρίου,
2296 5152 2492 5223 ἕξομεν
2517 5151 2615 5223 τὴν
2631 5150 2915 5221 Κυριακὴν
2944 5147 3043 5201 τὴν
3070 5147 3356 5218 άπόκρεω·
3388 5146 3485 5200 καὶ
3515 5141 3679 5215 ἐφεῆς

2126 5244 2187 5307 τὸ
2219 5244 2408 5314 Πάσχα
2433 5243 2758 5314 εἰλημμένον
2793 5241 2966 5295 ἔσται.
3008 5308 3017 5314 .

2385 5355 2588 5425 Ἑτέρα
2619 5355 2871 5426 μέθοδος
2909 5355 3042 5423 περὶ
3082 5354 3189 5409 τοῦ
3224 5353 3468 5424 Πάσχα.

2198 5472 2296 5524 1Δ’.
2349 5470 2502 5523 Ἐπεὶ
2529 5469 2635 5522 ἀπὸ
2664 5468 2765 5536 τῆς
2787 5467 2893 5539 πρὸ
2918 5466 3013 5520 τοῦ
3049 5466 3385 5537 Ἰανουαρίου
3417 5458 3676 5533 γενομένης

2129 5562 2413 5633 συνοδικῆς
2458 5560 2719 5630 συζυγίας
2758 5560 2867 5614 τῶν
2916 5558 3109 5629 φώτων
3152 5558 3282 5629 ἄχρι
3323 5559 3420 5611 καὶ
3453 5555 3541 5610 τοῦ
3576 5549 3674 5604 κατ’

2128 5656 2263 5709 αὐτὸ
2291 5656 2360 5707 τὸ.
2385 5654 2503 5718 ἔτος
2536 5650 2825 5707 Ἰουδαῖκοῦ
2854 5650 3068 5720 Πάσχα,
3102 5652 3161 5704 ἐν
3187 5644 3235 5719 ᾧ
3257 5649 3577 5716 πανσέληνος
3601 5658 3674 5694 συ-

2131 5747 2289 5825 ζυγία
2328 5747 2466 5814 ἐστὶ,
2505 5753 2552 5823 γ’
2590 5745 2654 5802 S"
2692 5744 2997 5822 σεληνιακοὶ
3037 5743 3207 5821 μῆνές
3248 5744 3375 5807 εἰσι,
3416 5740 3506 5800 καὶ
3543 5749 3670 5809 773.5"
