3808 6314
124 338 264 397 i305

1035 339 1256 397 ISAACI
1294 339 1604 398 MONACHJ
1640 340 2012 399 COMPUTUS
2046 343 2481 403 ECCLESIAST.

3221 353 3359 409 1506

123 417 349 525 εχουσιν
384 455 596 528 ἡμέρας
640 454 714 527 ρδ¹
749 454 996 525 ἔγγιστα·
1041 455 1380 527 εὑρίσκονται
1415 457 1473 511 δὲ
1514 459 1573 511 ὲν
1616 457 1695 528 τῷ

1801 460 2060 516 laterculo
2088 461 2373 519 Paschatis
2401 462 2625 519 Judaica
2654 464 2938 522 Paschalia
2992 467 3159 523 biduo
3200 484 3360 522 exec-

124 546 356 617 κανονίῳ
401 546 496 600 τοῦ
542 547 731 618 Πάσχα
782 548 852 602 τά
899 548 1371 619 διαλαμϐανόμενα
1430 549 1695 605 Ἰουδαϊκὰ

124 634 408 704 Πασχάλια
436 635 587 689 δυσὶν
626 636 861 708 ἡμέραις
906 637 1266 701 πλεονάζοντα
1302 639 1399 710 τῆς
1435 639 1694 711 ἀκριϐοῦς

124 724 486 797 πανσελήνου,
526 726 601 789 ὡς
646 727 928 797 προϊόντες
971 729 1038 782 δι’
1072 728 1395 794 ἀποδείξεως
1431 730 1522 783 τὸν
1566 733 1696 803 περὶ

121 813 314 867 τούτου
345 815 683 886 ποιησόμεθα
710 816 886 884 λόγον·
922 817 1018 872 ἐὰν
1046 816 1144 881 τὰς
1172 818 1467 889 γενομένας
1491 818 1695 882 ταύτας

122 905 336 977 ἡμέρας
374 907 467 959 ἐπὶ
504 907 601 968 μὲν
633 906 741 960 τῶν
771 906 945 962 ἄλλων
975 908 1073 979 τῆς
1107 909 1333 981 σελήνης
1359 909 1574 964 κύκλων
1604 918 1693 982 pg’

122 982 357 1067 ἡμέρας,
384 995 418 1066 ἢ
452 996 547 1050 καὶ
579 995 678 1067 ρξ’,
701 998 794 1051 ὲπὶ
812 997 869 1051 δὲ
894 997 987 1051 τοῦ
1014 997 1098 1062 ιζ’,
1134 1001 1228 1054 καὶ
1260 1000 1349 1072 ιη’,
1380 1001 1474 1053 καὶ
1507 1000 1571 1055 ιθ’
1600 1000 1697 1055 κύ-

122 1082 250 1135 κλου
296 1090 373 1154 ρε⁹
398 1084 558 1155 μόνον
583 1085 792 1157 ἡμέρας
820 1087 1279 1160 προσεκσάλωμεν
1312 1087 1421 1142 άπὸ
1453 1090 1552 1162 τῆς
1588 1089 1696 1162 πρὸ

58 1226 61 1231 ,
120 1172 214 1226 τοῦ
261 1175 590 1246 Ἰανουαρίου
621 1178 920 1249 γενομένης
966 1179 1247 1251 συνοδικῆς
1295 1181 1571 1250 συζυγίας,
1614 1182 1692 1235 δι-

119 1262 301 1327 δόντες
331 1265 547 1336 ἑκάστῳ
580 1268 709 1337 μηνὶ
739 1267 839 1332 τάς
866 1269 1073 1333 οἰκείας
1107 1270 1337 1341 ἡμέρας·
1374 1270 1569 1342 ἕξομεν
1595 1272 1693 1343 τὴν

117 1353 438 1410 τελευταίαν
469 1358 681 1429 ἡμέραν
709 1359 1120 1430 καταλήγουσαν
1142 1363 1224 1425 εἰς
1243 1363 1341 1433 τὴν
1363 1363 1694 1434 πανσέληνον

122 1445 382 1515 συζυγίαν
415 1447 510 1501 τοῦ
552 1448 836 1504 Ἱουδαῖκοῦ
868 1451 1078 1522 Πάσχαο
1106 1453 1174 1522 ἢν
1203 1454 1294 1506 καὶ
1319 1454 1406 1508 διὰ
1435 1453 1528 1507 τοῦ
1558 1456 1696 1527 ήμεο

121 1538 434 1609 ροευρεσίου
473 1539 725 1610 εὑρόντες
746 1541 906 1595 ὁποία
934 1542 1019 1606 τίς
1054 1544 1169 1596 ἐστι
1197 1543 1306 1598 τῶν
1333 1545 1432 1616 τῆς
1458 1546 1691 1618 ἑϐδομά-

117 1628 207 1693 δος
226 1630 476 1702 ἡμερῶν,
515 1631 613 1694 τὰς
642 1631 834 1695 λοιπὰς
866 1634 1191 1706 προσθέντες
1220 1636 1346 1707 ἄχρι
1373 1638 1473 1708 τῆς
1490 1639 1693 1711 Κυρια-

118 1722 241 1794 κῆς,
281 1722 478 1793 ἕξομεν
510 1726 605 1778 καὶ⁵
643 1723 705 1778 τὸ
742 1725 1006 1798 ἡμέτερον
1048 1726 1200 1795 ἅγιον
1240 1728 1431 1799 Πάσχα
1461 1730 1519 1782 ὲν
1561 1731 1692 1803 ποίᾳ

118 1811 268 1866 ἔσται
287 1812 398 1866 τῶν
420 1811 514 1867 τοῦ
536 1814 779 1888 Μαρτίου
803 1815 967 1886 μηνὸς
983 1816 1016 1887 ἢ
1033 1816 1125 1870 τοῦ
1155 1817 1427 1889 Ἀπριλίου
1449 1821 1688 1894 ἡμερῶν.
1724 1814 1768 1870 Β

187 1905 308 1977 Χρὴ
336 1905 521 1975 μέντοι
552 1907 644 1960 καὶ
667 1906 826 1961 τοῦτο
858 1907 1074 1973 εἰδέναι,
1097 1908 1172 1973 ὡς
1191 1910 1285 1964 επὶ
1307 1909 1401 1964 τοῦ
1429 1911 1471 1965 ε’
1502 1914 1597 1966 καὶ⁵
1620 1913 1696 1979 ις’

118 1996 316 2051 κύκλου
328 1999 431 2070 τῆς
454 1998 682 2072 σελήνης
701 2001 798 2071 οὐχ
814 2002 843 2054 ὀ
865 2001 1195 2073 προρρηθεὶς
1211 2002 1446 2075 ἀριθμὸς
1467 2004 1576 2058 τῶν
1602 2012 1696 2078 pc,“

119 2089 374 2161 ἡμερῶν,
409 2089 444 2160 ἢ
477 2088 572 2143 καὶ
606 2088 685 2162 ρξ’
713 2092 1003 2159 συνάγεται
1033 2092 1121 2146 διά
1158 2095 1258 2163 τῆς
1292 2092 1401 2147 τῶν
1440 2094 1695 2150 ὲπακτῶν

117 2179 521 2242 ἐπισυνθέσεως
561 2178 698 2249 μετὰ
734 2180 842 2233 τῶν
883 2179 1084 2233 λοιπῶν
1111 2182 1192 2244 είς
1218 2180 1287 2235 τὰ
1313 2181 1553 2252 ἑπόμενα
1587 2201 1694 2256 μη-

117 2270 239 2324 νῶν·
274 2270 395 2324 ἁλλ’
426 2271 521 2324 ὲπὶ
552 2270 650 2341 μὲν
673 2271 768 2325 τοῦ
802 2277 844 2325 ε’
871 2270 1072 2325 κύκλου
1103 2269 1245 2343 ρλς’,
1273 2272 1367 2326 cui.
1400 2272 1460 2326 δὲ
1491 2274 1584 2327 τοῦ
1620 2266 1698 2341 ις’

119 2362 227 2433 ρλζ*
249 2363 345 2417 διὰ
366 2362 462 2416 τὸν
491 2362 732 2433 βίσεξτον
753 2364 985 2436 ἀριθμὸν
1008 2365 1317 2435 συνάγεται*
1342 2358 1420 2421 ὧν
1436 2366 1698 2438 ἀνθυφαι-

119 2456 383 2528 ρουμένου
428 2456 917 2529 τριακονθημέρου,
958 2459 987 2512 ό
1016 2457 1203 2521 λοιπὸς
1230 2457 1463 2529 ἀριθμὸς
1489 2461 1569 2523 είς
1599 2459 1699 2531 τήν

116 2546 282 2617 αὐτὴν
317 2547 594 2617 ποσότητα
620 2550 732 2611 τοῖς
764 2549 822 2601 ὲν
852 2551 964 2613 τοῖς
996 2548 1203 2612 λοιποῖς
1228 2548 1447 2613 κύκλοις
1475 2549 1576 2620 τῆς
1605 2567 1695 2605 σε·

117 2635 282 2709 λήνης
312 2638 654 2709 περαίνεται.

184 2728 304 2782 ἰνα
328 2728 385 2783 δὲ
418 2730 516 2782 καὶ
549 2731 643 2782 ἐπὶ
678 2730 1074 2800 ὑποδείγματος
1117 2731 1327 2804 φανερὰ
1366 2732 1590 2804 γένηται
1625 2733 1698 2788 τὰ

117 2822 403 2893 εἰρημένα,
433 2821 556 2877 ἐπεὶ
597 2822 741 2876 κατὰ
775 2823 874 2895 τὴν
904 2822 1078 2895 ἀρχὴν
1117 2823 1211 2877 τοῦ
1247 2826 1304 2877 ὲν
1338 2824 1416 2897 τῷ
1440 2826 1697 2881 ἐνεστῶτι

117 2914 291 2985 χρόνῳ
331 2914 685 2985 Ἰανουαρίου,
727 2915 912 2987 τρίτου
958 2914 1156 2969 κύκλου
1202 2915 1430 2989 σελήνης
1464 2918 1699 2989 ἀρχομέ-

115 3021 226 3070 νου,
271 3004 512 3059 ὲπακταί
545 3006 681 3058 εἰσιν
714 3012 785 3071 ς’·
827 3005 1082 3077 φανερὸν,
1122 3006 1199 3070 ὡς
1234 3006 1341 3078 πρὸ
1380 3006 1440 3071 ἐξ
1477 3008 1698 3079 ἡμερῶν

114 3094 206 3149 τοῦ
250 3096 585 3168 Ἰανουαρίου
618 3096 840 3165 γέγονεν
869 3099 903 3169 ἡ
938 3098 1168 3167 συζυγία
1201 3098 1469 3170 συνοδικήσ
1508 3099 1601 3169 ἀφ’
1628 3095 1698 3171 ἧς

1796 550 1932 605 dunt
1975 562 2232 607 accurata
2283 555 2603 626 plcnilunia,
2675 561 3129 629 quemadmodum
3173 570 3361 631 postea

1795 651 1947 697 certa
2001 643 2215 701 ratione
2267 647 2818 705 demonstrabimus:
2862 651 2907 704 si
2930 652 3188 707 collectos
3239 651 3362 706 illus

1796 733 1912 791 dies
1973 749 2202 792 numero
2227 753 2315 793 ενι
2364 739 2418 794 in
2475 742 2687 798 caeteris
2743 744 3024 801 lunaribus
3052 746 3241 817 cyclis,
3267 755 3363 802 aut

1794 838 1903 880 cvn
1962 840 2087 879 cum
2127 827 2397 885 bisextilis
2461 844 2639 887 annus
2699 833 2927 899 incidit;
2960 834 3209 905 incyclis
3233 850 3362 890 vero

1795 931 1930 981 xvn,
1959 932 2091 972 xvm
2122 928 2176 974 et
2205 935 2321 985 xu,
2358 923 2736 978 tantummodo
2768 939 2854 988 cv,
2881 941 2909 978 a
2932 927 3140 997 synodo
3182 928 3358 982 lunari

1796 1004 2119 1062 Januarium
2144 1012 2495 1067 antecedente
2523 1015 2912 1083 producamus,
2960 1026 3015 1071 et
3066 1018 3362 1087 unicuique

1794 1096 1971 1152 mensi
2036 1108 2403 1169 competentes
2468 1105 2828 1162 attribuantus
2876 1106 3022 1172 dies,
3086 1117 3359 1178 postrema

1795 1188 1954 1243 nobis
1993 1189 2048 1244 in
2092 1190 2447 1260 plenilunium
2473 1195 2735 1261 incurret,
2758 1198 2902 1268 quod
2930 1208 3012 1254 est
3026 1197 3236 1254 Pascha
3261 1199 3361 1255 Ju-

1793 1278 2047 1347 daicum;
2077 1297 2239 1352 quam
2273 1283 2327 1338 in
2362 1284 2625 1341 laterculo
2656 1287 3112 1359 feriarum,quam
3144 1290 3197 1344 in
3227 1290 3361 1345 heb-

1793 1369 2043 1425 domadis
2080 1370 2239 1425 cadat
2297 1371 2473 1441 diem,
2520 1375 2949 1448 investigantes,
2990 1378 3216 1448 reliquis
3288 1378 3360 1432 ad

1795 1461 2131 1518 Dominicam
2184 1479 2359 1535 usque
2422 1465 2642 1532 additis,
2692 1478 3098 1524 sacrosanctum
3150 1467 3357 1524 Pascha

1795 1558 2063 1618 nostrum,
2092 1569 2201 1625 quo
2232 1553 2410 1610 Martii
2434 1556 2516 1611 vel
2541 1555 2740 1627 Aprilis
2768 1555 2853 1613 die
2870 1559 3167 1630 contingat,
3191 1557 3360 1614 extri-
3406 1574 3419 1585 '

1797 1645 2073 1701 cabimus.

1871 1925 2162 1983 Sciendum
2187 1938 2366 1985 tamen
2388 1937 2473 1987 est
2500 1931 2554 1987 in
2589 1949 2621 1987 v
2642 1933 2727 1988 vel
2755 1949 2843 1989 xv:
2870 1932 3024 2005 cyclo
3062 1933 3225 1999 lunae,
3255 1947 3361 1988 nu-

1798 2032 2006 2072 merum
2035 2019 2186 2074 illum
2215 2035 2325 2086 cvt,
2358 2021 2471 2077 sive
2515 2037 2624 2078 cvu
2661 2023 2873 2080 dierum
2910 2025 3135 2081 minime
3179 2026 3361 2097 colligi

1795 2120 1862 2161 ex
1885 2115 2198 2177 epactarum
2228 2124 2293 2165 ac
2332 2111 2668 2182 reliquorum
2697 2113 2892 2169 ordine
2925 2114 3191 2169 mensium
3217 2114 3365 2169 addi-

1796 2198 1943 2252 tione
1974 2217 1988 2254 :
2016 2198 2111 2254 sed
2143 2200 2197 2254 in
2226 2217 2259 2256 v
2285 2202 2459 2273 cyclo,
2481 2216 2676 2257 cxxxvn
2697 2221 2715 2271 ;
2736 2204 2791 2258 in
2820 2205 2975 2276 cyclo
2998 2220 3112 2268 xvr,
3143 2212 3366 2275 pr0pter

1795 2288 2088 2353 bisextum,
2115 2303 2333 2345 cxxxvn
2357 2290 2474 2347 dies
2508 2292 2733 2348 conﬂari
2765 2312 2781 2349 :
2818 2294 2887 2349 de
2932 2294 3132 2364 quibus
3160 2294 3364 2351 subdu-

1798 2380 1905 2435 ctis
1934 2396 2064 2444 xxx,
2094 2383 2348 2438 residuus
2379 2399 2639 2440 numerus
2681 2385 2749 2440 ad
2785 2386 3053 2452 eamdem,
3091 2394 3253 2456 atque
3304 2387 3361 2441 in

1797 2470 2008 2526 caeteris
2029 2471 2170 2526 lunae
2196 2471 2390 2543 cyclis,
2426 2489 2694 2530 summam
2729 2476 3011 2547 redigitur.

1867 2730 1999 2798 Quae
2036 2741 2097 2785 ut
2142 2732 2394 2803 exemplo
2451 2733 2684 2788 clariora
2744 2733 2895 2799 ﬁant,
2951 2734 3207 2805 quoniam
3258 2732 3365 2788 hoc

1796 2838 1965 2886 anno,
1992 2824 2213 2879 ineunte
2234 2822 2498 2879 Januario
2526 2825 2735 2895 pariter
2763 2840 2827 2880 ac
2844 2826 2998 2897 cyclo
3018 2826 3159 2879 luna:
3178 2823 3361 2888 tertio,

1796 2923 2002 2985 epactaa
2038 2925 2165 2970 sunt
2192 2930 2267 2983 vt,
2304 2916 2529 2971 evidens
2578 2927 2662 2972 est
2684 2917 2928 2971 lunarem
2959 2916 3224 2988 synodum
3253 2914 3363 2968 Kac

1798 3007 1988 3063 lendas
2016 3005 2308 3063 Januarias
2338 3023 2435 3064 sex
2462 3007 2659 3064 diebus
2717 3009 3103 3064 antecessisse.
3167 3006 3251 3061 Ab
3299 3021 3364 3061 ea

1798 3097 2009 3170 synodo
2032 3100 2362 3169 computatis
2391 3099 2585 3155 diebus
2617 3113 2729 3164 cn,
2765 3106 2818 3154 et
2850 3098 3089 3153 indidem
3121 3097 3364 3168 explica-

113 3184 524 3257 ἀριθμήσαντες
547 3185 761 3258 ἡμέρας
792 3192 900 3257 ρς’,
930 3188 1022 3241 καὶ
1050 3186 1541 3258 προσεκὸάλλοντες
1565 3189 1695 3242 ταύ-

1801 3188 1887 3252 tis,
1914 3204 2035 3259 qua:
2094 3190 2314 3260 quidem
2368 3189 2674 3244 conﬂantur
2705 3206 2772 3245 ex
2828 3189 3021 3244 diebus
3048 3203 3102 3241 vn
3123 3197 3248 3242 ante
3267 3185 3364 3241 Ja-

112 3298 212 3346 τας
235 3281 348 3335 ἁπδ
370 3282 472 3352 τῆς
496 3280 750 3353 τοιαύτης
772 3282 1009 3349 συνόδου,
1032 3284 1231 3348 αἵτινες
1257 3284 1566 3356 περιέχουσι
1596 3286 1697 3351 τάς

113 3388 171 3424 τε
215 3371 328 3443 πρὸ
369 3371 463 3426 τοῦ
511 3371 839 3444 Ἰανουαρίου
873 3373 947 3438 ς’,
982 3373 1078 3426 καὶ
1111 3372 1210 3436 τὰς
1250 3372 1414 3426 αὐτοῦ
1448 3372 1542 3427 τοῦ
1588 3375 1697 3429 Ἰαο

113 3463 369 3536 νουαρίου
406 3464 520 3527 λα’,
562 3464 642 3518 ἔτι
678 3482 737 3518 τε
776 3465 1139 3536 Φεϐρουαρίου
1180 3464 1286 3537 κη’,
1323 3465 1416 3519 καὶ
1451 3466 1696 3537 Μαρτίου

113 3556 215 3621 λα’,
271 3557 372 3610 καὶ
432 3555 707 3627 ’Δπριλίου
756 3562 811 3621 ι’,
858 3556 1182 3627 εὑρίσκομεν
1230 3554 1329 3625 τὴν
1383 3554 1696 3609 τελευταίαν

111 3649 331 3722 ἡμέραν
364 3650 447 3712 είς
472 3649 573 3720 τὴν
605 3654 635 3701 ι’
675 3646 768 3701 τοῦ
829 3648 1104 3719 ’Δπριλίου
1152 3647 1551 3718 ἐμπίπτουσαν,
1600 3646 1695 3699 καὶ

114 3742 455 3813 πανσέληνον
486 3736 652 3794 οὖσαν
687 3739 903 3811 ἡμέραν
942 3738 1232 3793 Ἰουδαῖκοῦ
1266 3738 1477 3809 Πάσχα·
1511 3739 1577 3809 ἡν
1602 3739 1698 3791 καὶ

110 3832 201 3889 διὰ
223 3834 322 3888 τοῦ
348 3832 772 3906 ἡμεροευρεσίου
801 3831 1050 3904 εὑρόντες
1081 3830 1291 3903 ἡμέραν
1320 3827 1484 3883 οὖσαν
1514 3847 1697 3901 παρα-

1794 3282 2073 3343 nuarium,
2127 3287 2183 3334 et
2242 3294 2369 3333 χχιιι
2426 3278 2698 3347 Januarii,
2735 3296 2799 3334 ac
2850 3278 3135 3334 Februarii
3166 3293 3361 3343 xxvm,

1794 3371 1972 3427 Martii
2020 3387 2168 3434 χχιι,
2198 3382 2253 3426 et
2275 3370 2479 3442 Aprilis
2512 3388 2567 3438 x,
2606 3371 2853 3426 ultimam
2887 3371 3100 3426 dierum
3134 3370 3364 3426 istarum

1793 3464 1989 3519 cadere
2021 3463 2490 3534 deprehendemus
2545 3463 2602 3517 in
2631 3478 2663 3517 χ
2694 3463 2921 3533 Aprilis,
2956 3477 3078 3532 qua:
3104 3467 3159 3515 et
3188 3460 3366 3530 pleni-

1793 3553 1999 3608 lunium
2037 3555 2161 3619 erit,
2198 3568 2262 3608 ac
2282 3551 2569 3608 Judaicnm
2598 3551 2828 3610 Pascha.
2858 3554 3034 3624 Hujus
3081 3568 3149 3609 ex
3196 3553 3366 3607 later-

1792 3642 1919 3697 culo
1951 3642 2171 3698 inventa
2222 3643 2381 3709 feria,
2442 3659 2564 3715 quae
2601 3653 2686 3700 est
2734 3644 3058 3710 Parasceve,
3101 3649 3365 3713 sequente

1791 3734 2074 3790 Dominica
2106 3744 2524 3791 sacrosanctum
2552 3735 2763 3792 Pascha
2793 3746 3042 3792 nostrum
3088 3733 3365 3791 obtinebi-

1791 3843 1936 3891 mus,
1973 3842 2169 3899 nempe
2194 3828 2400 3898 Aprilis
2423 3842 2523 3883 xu.

114 3921 354 3994 σκευὴν,
392 3918 587 3991 ἕξομεν
614 3920 709 3973 καὶ
752 3918 815 3972 τὸ
852 3917 973 3973 καθ’
1000 3920 1147 3991 ἡμᾶς
1192 3917 1344 3987 ἁγιον
1383 3918 1575 3988 Πάσχα
1610 3919 1676 3989 τῇ
1715 3916 1913 3989 ἑφεξῆς
1937 3918 2189 3989 κυριακῇ
2218 3917 2560 3990 τελούμενον,
2594 3919 2761 3989 ἡγουν
2806 3921 2873 3991 τῇ
2910 3917 2975 3989 ιβ’
3021 3916 3117 3972 τοῦ
3174 3916 3367 3988 Ἀπρι-

111 4013 231 4073 λίου
266 4013 459 4086 μηνός.

207 4132 354 4203 Περὶ
384 4131 496 4202 τῆς
522 4132 810 4201 νηστείας
835 4130 954 4186 τῶν
981 4132 1168 4203 ἁγίων
1188 4134 1592 4192 ’Δποστόλωιπ

182 4246 288 4299 ιε’.
330 4244 457 4297 Ἐπὶ
480 4240 689 4306 τούτοις
710 4242 803 4295 καὶ
823 4243 951 4314 περ)⁵
972 4243 1071 4314 τῆς
1096 4243 1201 4315 πρὸ
1223 4243 1323 4316 τῆς
1348 4245 1567 4317 μνήμης
1585 4244 1693 4299 τῶν

110 4336 289 4405 ἁγίων
327 4333 666 4388 ’Δποστόλων
680 4333 1007 4404 τελουμένης
1032 4333 1281 4405 νηστείας
1299 4335 1516 4407 μέθοδον
1538 4337 1696 4409 ὲκθή-

2038 4126 2117 4182 De
2134 4128 2339 4198 jejunio
2364 4138 2668 4183 sanctorum
2705 4129 3097 4198 Apostolorum.

1868 4240 1984 4297 XV.
2009 4241 2137 4298 Post
2158 4242 2271 4297 hate
2289 4242 2482 4312 jejunii
2510 4258 2748 4313 quoque,
2781 4242 2927 4313 quod
2959 4250 3086 4297 ante
3146 4253 3365 4300 sancto—

1797 4350 1919 4390 rum
1946 4335 2317 4405 apostolorum
2348 4335 2665 4389 memoriam
2697 4335 2896 4405 agitur,
2931 4335 3244 4389 methodum
3272 4352 3368 4391 ex-

110 4443 283 4497 σομεν
314 4425 404 4479 διὰ
432 4424 798 4495 λογικωτέρας
841 4423 1186 4490 ἀποδείξεως,
1230 4425 1457 4497 ἔχουσαν
1499 4426 1692 4493 οὕτως.

1801 4442 2068 4498 ponemus
2122 4427 2319 4480 rationi
2371 4441 2435 4480 ac
2479 4426 2928 4482 demonstrationi
2974 4428 3178 4482 certius
3224 4428 3368 4482 inni-

121 4517 282 4571 Ἐπεὶ
317 4516 413 4570 ἀπ’
444 4514 617 4585 αὐτῆς
664 4516 762 4585 τῆς
808 4514 968 4583 ἁγίας
1009 4516 1103 4569 καὶ
1135 4516 1388 4589 λαμπρᾶς
1410 4519 1696 4591 Κυριακῆς

1801 4535 1944 4575 xam.
1977 4521 2113 4575 Cum
2143 4519 2284 4574 enim
2321 4534 2351 4572 a
2379 4526 2567 4573 sancta
2596 4527 2649 4572 et
2689 4528 2918 4590 augusta
2938 4518 3215 4576 Paschalis
3262 4521 3371 4576 Do-

104 4610 205 4663 τοῦ
240 4610 436 4679 Πάσχα
466 4608 629 4678 μέχρι
654 4608 745 4661 καὶ
768 4609 936 4679 αὐτῆς
962 4609 1061 4680 τῆς
1086 4609 1194 4663 τῶν
1231 4610 1401 4679 ἁγίων
1444 4611 1699 4665 Ἀποστό-

107 4699 220 4754 λων
238 4701 549 4772 Κυριακῆς,
572 4698 637 4770 ἢν
656 4698 749 4751 καὶ
772 4698 1028 4770 ἁπόκρεω
1048 4698 1307 4771 ποιοῦμεν
1328 4700 1416 4755 διὰ
1436 4701 1534 4773 τὴν
1556 4703 1701 4773 εἰρη-

108 4794 283 4863 μένην
307 4792 419 4845 τῶν
464 4790 634 4860 ἁγίων
669 4791 1005 4847 Ἀποστόλων
1041 4793 1313 4865 νηστείαν,
1346 4794 1467 4848 ὅσαι
1492 4796 1697 4865 ἡμέραι

104 4885 250 4937 εἰσὶν
281 4884 412 4952 (εἰσὶ
445 4883 505 4935 δὲ
537 4881 667 4953 νε),
702 4882 956 4937 τοσαῦταί
993 4885 1097 4937 είσι
1123 4883 1215 4938 καὶ
1244 4884 1352 4938 ἀπὸ
1378 4886 1476 4957 τῆς
1506 4886 1697 4957 τρίτης

102 4976 201 5029 τοῦ
231 4978 415 5030 Μαΐου
445 4974 573 5044 ἄχρι
605 4975 703 5044 τῆς
738 4973 826 5045 κη’
866 4974 958 5028 τοῦ
1001 4975 1240 5040 Ἰουνίου,
1270 4974 1391 5029 καθ’
1424 4976 1491 5047 ἢν
1523 4978 1557 5048 ή
1587 4993 1709 5049 τοιοί

104 5065 250 5137 αύτη
285 5064 705 5136 συμπληροῦσθαι
724 5065 963 5141 νηστεία*
989 5063 1083 5118 ἐὰν
1104 5066 1273 5128 αὐτὰς
1298 5068 1392 5120 ἀπ’
1409 5068 1577 5139 αὐτῆς
1597 5069 1696 5139 τῆς

100 5158 302 5228 τρίτης
325 5155 423 5210 τοῦ
439 5156 617 5209 Μαΐου
639 5156 763 5226 ἄχρι
790 5156 891 5225 τῆς
910 5156 1194 5227 Κυριακῆς
1218 5157 1325 5210 τῶν
1338 5158 1532 5228 Ἀγίων
1561 5159 1696 5213 πάν-

102 5265 217 5301 των
247 5249 433 5311 κοινάς
454 5245 620 5310 οὔσας
639 5248 944 5318 ἀφέλωμεν,
974 5248 1072 5312 τὰς
1103 5250 1572 5321 καταλειφθείσας,
1594 5252 1693 5317 τάς

99 5358 156 5393 τε
176 5338 428 5412 δηλονότι
444 5340 538 5393 ἀπ’
561 5337 727 5407 αὐτῆς
741 5339 842 5407 τῆς
853 5338 1108 5411 λαμπρᾶς
1120 5342 1404 5414 Κυριακῆς
1423 5344 1582 5416 μέχρι
1598 5344 1693 5397 καὶ

98 5430 209 5499 τῆς
242 5430 436 5500 τρίτης
463 5428 558 5482 τοῦ
576 5430 769 5489 Μαῖου,
794 5431 1000 5494 καὶτὰς
1021 5431 1117 5484 ἀπ’
1134 5432 1306 5504 ἀρχῆς
1324 5434 1423 5503 τῆς
1442 5436 1693 5507 τοιαύτης

99 5520 366 5590 νηστείας
391 5519 523 5591 ἄχρι
554 5519 649 5590 τῆς
678 5520 756 5572 κθ⁸
778 5519 871 5573 τοῦ
915 5522 1153 5590 Ἰουνίου,
1188 5522 1307 5586 ἴσας
1332 5523 1545 5595 ἕξομεν.

215 5660 302 5704 Ᾱοδ
341 5665 512 5713 λαμπρᾶς
575 5655 655 5704 Id
673 5671 736 5711 τῆς
759 5662 791 5715 τ’
817 5671 882 5706 τοῦ
905 5667 1024 5709 Maian
1088 5660 1165 5707 .le
1252 5674 1315 5717 *ἧς
1380 5674 1564 5719 ιυριιιιὴς

842 5732 1019 5779 κυνικῆς
1044 5734 1070 5769 r
1090 5735 1161 5769 τον
1230 5722 1343 5792 his}.
1423 5734 1564 5792 τεάντονν
1586 5740 1610 5773 ι

1091 5793 1153 5840 lue
1174 5796 1238 5843 τῆς
1256 5787 1314 5844 ιη’
1338 5797 1403 5835 τοῦ
1434 5787 1587 5839 lentim.

153 5730 188 5773 Α
211 5731 398 5773 Mod-ui;
441 5728 506 5773 ῑυς
528 5730 553 5764 Β
568 5725 631 5770 ἴοι
694 5733 758 5772 τῆς

215 5787 343 5836 κείν
370 5788 415 5838 {'v
581 5794 648 5830 τῦν
692 5780 806 5840 λῖἱυν
851 5792 1010 5831 πάντων.

1799 4611 2020 4679 minica,
2049 4612 2117 4665 ad
2143 4621 2454 4667 sanctorum
2472 4611 2862 4681 Apostolorum
2916 4611 3278 4677 Dominicam,
3310 4616 3367 4669 in

1797 4720 1903 4774 qua
1956 4711 2177 4775 propter
2225 4704 2444 4759 illorum
2496 4704 2769 4774 jejunium
2826 4704 2991 4759 etiam
3035 4722 3066 4759 a
3107 4706 3367 4760 carnibus

1796 4796 2160 4860 abstinemus,
2190 4806 2324 4865 quot
2354 4804 2483 4850 sunt
2524 4797 2642 4851 dies
2668 4795 2822 4866 (sunt
2869 4805 3050 4851 autem
3078 4799 3231 4867 LVII),
3264 4806 3366 4851 tot-

1795 4891 1939 4945 idem
1987 4906 2018 4945 a
2047 4906 2108 4945 ιιι
2150 4889 2275 4945 Maii
2318 4891 2387 4946 ad
2440 4907 2611 4947 xxvm
2643 4890 2791 4946 Junii
2827 4899 3107 4963 putantur,
3139 4908 3248 4962 quo
3278 4892 3369 4948 die

1790 4984 2061 5056 jejunium
2098 4983 2247 5040 istud
2272 4984 2558 5041 terminari
2591 4985 2733 5040 solet
2765 5001 2779 5037 :
2813 4985 2860 5041 si
2898 5001 3238 5041 communem
3264 5001 3368 5040 nn-

1795 5093 2001 5133 merum
2031 5078 2237 5132 dierum
2265 5092 2296 5130 a
2334 5092 2392 5131 ιιι
2412 5076 2557 5140 Maii,
2582 5075 2649 5130 ad
2678 5075 3012 5131 Dominicam
3038 5075 3367 5132 Sanctorum

1793 5168 2033 5223 omnium
2061 5168 2467 5232 abstulerimus,
2487 5178 2773 5238 utramque
2787 5169 2998 5225 dierum
3030 5169 3365 5239 reliquorum

1793 5274 2083 5323 summam,
2137 5270 2250 5314 tam
2297 5260 2389 5331 qui
2434 5260 2505 5315 ab
2555 5270 2782 5330 augusta
2833 5261 2923 5314 illa
2964 5259 3247 5316 Dominica
3297 5260 3367 5321 ad

1794 5364 1855 5405 ιιι
1886 5348 2008 5402 Maii
2032 5350 2325 5419 pertinent,
2384 5364 2547 5420 quam
2594 5348 2686 5419 qui
2720 5351 2788 5405 ab
2836 5350 2992 5407 initio
3032 5351 3364 5420 jejuniorunt

1791 5441 1859 5496 ad
1901 5457 2025 5496 xxix
2068 5438 2443 5512 Junii,parem
2478 5451 2532 5499 et
2568 5443 2827 5513 aequalem
2861 5444 3202 5499 habebimus.

1932 5681 1959 5715 ιι
1980 5665 2232 5719 Dominica
2356 5683 2381 5718 a
2406 5670 2436 5717 5
2461 5669 2569 5718 Mali
2594 5669 2653 5719 ad
2678 5668 2778 5717 Do~
2907 5682 2932 5717 ε
2958 5666 3210 5718 Dominica

1851 5726 1891 5779 A
1914 5728 2111 5781 Pascha
2126 5731 2230 5782 ad5
2276 5730 2316 5781 B
2360 5732 2586 5779 mlnlcam
2652 5743 2756 5779 om-
2787 5729 2825 5781 C
2865 5728 3155 5779 Sanctorum
3170 5738 3269 5774 om~
3287 5723 3330 5775 ο

1913 5789 2025 5847 Maii
2344 5794 2477 5844 nium
2494 5793 2780 5844 Sanctorum
2859 5794 2995 5843 nium
3012 5789 3070 5841 ad
3086 5786 3280 5855 281nm.
