3808 6320
463 316 603 372 ιδοπ

1464 316 1806 372 APPENDIX
1841 317 1932 371 AD
1964 314 2227 372 EUSEBII
2262 313 2680 372 CHRONICON.

3563 312 3680 366 l308

538 431 622 486 Sit
672 433 816 487 enim
869 433 922 486 in
971 431 1073 487 hoc
1113 431 1502 503 diagrammate
1535 443 1681 488 recta
1717 433 1807 487 AB
1861 435 2023 489 instar

2209 433 2388 486 Ἔστω
2415 432 2523 504 γὰρ
2552 433 2674 486 ἀντὶ
2710 430 2806 502 μὲν
2836 429 2942 482 τῶν
2971 427 3047 493 νς
3078 425 3302 498 ἡμερῶν
3326 425 3436 479 τῶν
3464 403 3566 479 ἀπὸ
3593 430 3680 498 τῆς

465 537 577 576 Lvtt
631 521 844 577 dierum
896 523 1134 587 illorum,
1185 539 1279 592 qui
1315 537 1345 576 a
1374 521 1622 578 Pascliali
1655 524 1934 580 Dominica
1965 525 2030 579 ad

475 613 814 668 Dominicam
872 622 1185 669 sanctorum
1241 617 1625 686 Apostolorum
1679 625 1733 672 et
1788 618 2030 672 omnium

467 705 797 760 Sanctorum
857 706 1123 774 interiecti
1172 716 1320 770 sunt,
1379 723 1478 778 pro
1510 724 1618 762 Lvii
1654 724 1782 763 vero
1821 709 1966 773 aliis,
2000 724 2031 762 a

469 812 529 850 ιιι
550 795 671 850 Maii
703 795 769 848 ad
800 812 970 849 xxviii
997 795 1167 860 Junii,
1200 797 1270 851 sit
1297 807 1446 851 recta
1473 797 1580 851 BD.
1614 797 1879 863 Quoniam
1903 814 2032 868 ergo

467 903 588 957 quaa
613 887 899 942 intervallo
934 903 963 940 a
995 887 1117 942 Maii
1159 904 1240 954 ιιι,
1270 889 1336 942 ad
1353 889 1690 942 Dominicam
1717 898 2030 943 sanctorum

465 981 709 1036 omnium
747 980 1057 1049 respondet,
1107 979 1212 1046 BC,
1251 980 1558 1035 communis
1587 987 1670 1035 est
1704 996 1717 1031 :
1753 983 1800 1034 si
1831 981 1899 1035 ah
1934 996 2032 1034 ex-

463 1071 652 1126 tremis
679 1070 978 1134 auferatur,
1017 1086 1360 1142 consequens
1405 1079 1489 1126 est
1526 1083 1731 1126 rectam
1780 1071 1890 1135 AB.
1926 1073 2030 1127 hoc

460 1170 546 1218 est
565 1163 906 1217 intervallum
931 1178 959 1214 a
981 1161 1258 1216 Dominica
1287 1163 1508 1217 Pascha:
1524 1163 1687 1235 204
1703 1162 1769 1216 ad
1797 1179 1857 1218 ιιι
1877 1163 2025 1228 Maii,

460 1254 722 1322 aequalem
745 1269 866 1308 esse
896 1262 1058 1307 recta:
1092 1253 1204 1316 CD,
1236 1255 1350 1307 sive
1384 1255 1668 1309 intervallo
1690 1271 1720 1307 a
1748 1254 2030 1309 Dominica

462 1344 792 1398 Sanctorum
815 1345 1057 1398 omnium
1093 1344 1158 1398 ad
1188 1361 1358 1399 xxviii
1386 1343 1582 1409 Junii,.
1607 1347 1660 1399 in
1699 1361 1805 1415 qua
1835 1346 2030 1416 jejunii

462 1437 729 1491 terminus
757 1444 838 1490 est
873 1451 886 1486 :
921 1436 1139 1490 inventa
1171 1437 1258 1491 die
1285 1438 1510 1502 mensis,
1543 1439 1596 1492 in
1625 1453 1788 1507 quam
1823 1440 2028 1496 incidet

463 1527 692 1592 Pascha,
724 1528 769 1582 si
797 1528 916 1582 dies
941 1535 1320 1598 computemus
1347 1530 1414 1582 ab
1435 1531 1622 1584 eadem
1652 1529 1932 1587 Dominica
1960 1531 2028 1586 ad

464 1634 522 1672 ιιι
550 1618 696 1681 Maii,
732 1618 959 1673 totidem
1012 1617 1334 1675 habebimus
1385 1622 1701 1674 sanctorum
1735 1620 2028 1692 Apostolo-

464 1725 582 1763 rum
606 1709 818 1779 jejunio
848 1709 1165 1780 praeﬁnitas.

464 1905 540 1960 De
563 1909 881 1962 correctione
912 1907 1216 1978 Paschalis,
1245 1912 1384 1966 alias
1440 1913 1506 1967 de
1534 1914 1780 1970 laterculi
1800 1916 2024 1986 defectu.

533 2063 553 2094 ⁵
575 2061 710 2118 XVI.
733 2063 799 2116 Et
824 2064 938 2120 haec
955 2067 1170 2136 quidem
1196 2069 1348 2122 satis.
1373 2071 1455 2124 Ab
1483 2071 1567 2127 his
1583 2082 1760 2128 autem
1785 2077 2028 2144 proxime

465 2159 835 2212 necessarium
864 2169 967 2222 est,
1001 2161 1288 2215 ostendere
1309 2177 1554 2229 causam,
1601 2180 1700 2218 cur
1731 2180 1906 2220 canon
1938 2168 2029 2224 ille

464 2246 749 2303 Paschalis
780 2265 887 2304 non
917 2259 1034 2305 tuto
1053 2251 1234 2307 editus
1259 2262 1375 2308 est:
1406 2263 1460 2309 et
1488 2263 1668 2310 utrum
1715 2257 1787 2310 ita
1819 2273 1849 2311 a
1880 2259 2028 2328 prin-

460 2341 604 2410 cipio
631 2343 810 2396 editus
835 2342 1020 2408 fuerit,
1058 2362 1264 2413 necne;
1310 2348 1435 2402 item
1457 2363 1580 2403 cum
1598 2351 1673 2404 ita
1700 2352 1790 2415 sit,
1808 2354 2026 2422 quando

460 2433 736 2503 contingat
757 2433 964 2490 Pascha
1005 2451 1034 2488 a
1070 2438 1226 2492 nobis
1258 2437 1360 2492 rite
1401 2439 1684 2505 celebrari,
1724 2453 1777 2497 et
1807 2445 2025 2513 quando

457 2523 527 2576 ab
555 2532 741 2578 exacta
767 2525 950 2595 regula
980 2524 1179 2581 deficit.
1201 2526 1424 2592 Horum,
1449 2545 1569 2598 qua:
1590 2531 1844 2595 diximus,
1879 2537 2024 2590 nulla

459 2617 564 2669 alia
593 2631 754 2672 causa
791 2625 896 2683 est,
927 2628 1124 2689 printer
1145 2636 1307 2690 quam
1338 2622 1484 2691 quod
1511 2623 1652 2678 luna:
1683 2625 1749 2678 ad
1773 2628 2024 2683 eumdem

457 2709 638 2764 locum
673 2725 770 2779 per
811 2711 998 2766 decem
1031 2721 1084 2767 et
1120 2728 1313 2768 novem
1364 2730 1535 2770 annos
1557 2714 1831 2774 Romanos
1883 2721 2026 2775 redi-

459 2811 550 2857 tus
576 2819 685 2857 non
718 2812 907 2858 exacte
953 2820 982 2857 a
1014 2805 1172 2859 nobis
1202 2814 1514 2875 assumptus
1543 2815 1646 2874 est,
1673 2809 2026 2879 quemadmoo

460 2895 590 2948 dum
623 2896 679 2949 in
702 2911 964 2965 processu
1005 2914 1100 2967 per
1133 2899 1293 2952 aliam
1351 2907 1654 2970 temporum
1711 2906 2025 2960 conversio-

457 3001 581 3040 nem
615 2989 986 3052 ostendemus,
1046 3005 1168 3061 qua:
1209 3005 1304 3060 per
1355 3006 1531 3046 annos
1564 2994 1757 3063 viginti
1783 2997 2024 3066 quinque

456 3075 808 3147 Egyptiacos
871 3079 948 3141 lit,
1013 3087 1067 3134 et
1123 3096 1228 3150 qua
1269 3081 1534 3138 mirabilis
1584 3082 1906 3142 Ptolemzeus
1967 3087 2092 3180 inC

457 3185 622 3238 opere
651 3172 1078 3227 constructionis
1105 3189 1240 3228 usus
1270 3183 1373 3238 est,
1408 3174 1549 3228 facta
1578 3177 1862 3247 utriusque
1887 3193 2022 3233 con-

457 3264 725 3319 versionis
755 3265 897 3320 inter
926 3281 985 3320 se
1031 3267 1461 3336 comparatione.
1503 3267 1896 3338 Comparamus
1925 3286 2024 3326 au-

456 3361 566 3408 tem
589 3361 687 3410 sic.
714 3354 1267 3412 Decemnovennalem
1293 3359 1431 3413 luna:
1456 3363 1864 3418 conversionem
1889 3380 2024 3434 qua-

457 3446 776 3514 druplamus
802 3446 966 3517 (quod
1017 3462 1115 3516 per
1145 3448 1562 3518 quadriennium
1605 3466 1780 3506 annus
1818 3450 2018 3507 [ionia-

457 3554 562 3592 nus
585 3555 650 3594 ex
671 3539 1035 3608 quadrantum
1065 3542 1385 3596 diurnorum
1420 3543 1737 3598 accessione
1765 3547 2022 3600 restitua-

456 3627 587 3696 tur).
628 3626 706 3682 lta
735 3628 866 3682 fiunt
890 3629 1017 3682 anni
1045 3629 1272 3683 Romani
1303 3646 1484 3684 LXXVI.
1517 3631 1826 3702 Triplamus
1855 3635 2020 3689 etiam

457 3720 646 3774 eodem
686 3720 848 3773 modo
878 3719 1068 3789 viginti
1097 3721 1336 3790 quinque
1372 3736 1638 3776 annorum
1668 3722 2020 3793 Egyptiaco-

457 3826 578 3864 rum
620 3812 874 3877 lustrum,
906 3820 959 3864 et
992 3811 1120 3864 facit
1154 3826 1328 3866 annos
1355 3827 1514 3866 Lxxv.
1551 3812 1660 3866 Hos
1685 3829 1825 3867 uxv
1850 3815 2019 3888 Aigy-

459 3901 670 3971 ptiacos
724 3917 898 3957 annos
951 3910 1142 3957 exacta
1204 3903 1346 3956 lunae
1406 3906 1681 3959 restitutio
1747 3909 2022 3963 antevenit

457 3993 730 4062 scrupulis
768 3994 980 4049 diurnis
1045 3996 1412 4065 sexagenariis
1467 3998 1534 4060 8',
1568 3996 1687 4050 ειη.
1723 3998 1858 4064 Quia
1891 4015 2018 4056 vero

461 4100 624 4140 1.xva
655 4088 782 4140 anni
831 4085 1061 4141 Romani
1094 4104 1232 4142 Lxxv
1261 4103 1434 4144 annos
1481 4087 1831 4160 Egyptiacos
1859 4106 2020 4164 supe-

456 4188 580 4235 rant
619 4181 812 4236 diebus
845 4197 1164 4246 cccuxxrv,
1197 4183 1305 4237 illis
1335 4183 1381 4239 si
1411 4183 1775 4253 adjecerimus
1807 4187 2018 4255 portio-

455 4289 578 4327 nem
621 4274 870 4328 diurnam
907 4275 973 4328 de
999 4284 1189 4329 exacta
1246 4277 1387 4330 luna:
1437 4279 1816 4343 conversione,
1865 4297 2020 4336 scru-

455 4365 583 4433 pula
607 4364 676 4428 8',
708 4364 826 4430 ειν,
869 4371 923 4418 et
975 4364 1040 4419 de
1094 4365 1346 4420 conﬂatis
1391 4366 1583 4423 diebus
1641 4368 1766 4433 584,
1799 4370 1867 4438 8’,
1897 4371 2016 4438 ειη,

2131 523 2387 596 λαμπρᾶς
2409 525 2694 596 Κυριακῆς
2730 523 2857 594 ἄχρι
2896 523 2990 575 καὶ
3016 521 3124 574 τῶν
3155 522 3327 590 ἁγίων
3366 521 3679 573 Ἀποστόλων

2131 617 2225 668 καὶ
2264 618 2479 670 πάντων
2509 615 2793 686 Κυριακῆς
2820 618 2852 686 η
2880 614 2980 667 AB’
3019 613 3219 667 εύθεῖα·
3252 613 3373 666 ἀντὶ
3406 613 3462 665 δὲ
3493 613 3594 666 τῶν
3614 614 3679 677 νζ*

2129 709 2352 778 ἡμερῶν
2386 708 2646 771 ὡσαύτως
2675 707 2752 778 τῷ
2785 708 2893 760 ἀπὸ
2921 707 3018 776 τῆς
3040 706 3229 777 τρίτης
3255 705 3350 758 τοῦ
3377 706 3551 758 Μαΐου
3571 707 3679 776 ἀχρι

2131 798 2225 848 καὶ
2254 797 2352 867 τῆς
2384 797 2472 867 κη’
2504 796 2598 848 τού
2644 795 2859 849 Ἰουνίου
2893 797 2926 866 ἡ
2953 795 3064 847 ΓΔ’.
3105 795 3214 847 Καὶ
3249 795 3375 848 ἐπεὶ
3405 797 3439 865 ἡ
3475 796 3576 848 ἀπὸ
3597 796 3678 864 τῆς

2130 888 2319 960 τρίτης
2351 888 2443 940 τοῦ
2470 888 2647 940 Μαΐου
2675 888 2800 958 ἄχρι
2833 889 2925 940 καὶ
2948 888 3045 958 τῆς
3073 888 3365 957 Κυριακῆς
3385 887 3496 939 τῶν
3509 888 3679 955 Ἀγίων

2131 978 2347 1030 πάντων
2370 980 2522 1050 κοινή
2549 980 2715 1031 ἐστιν’
2741 978 3128 1050 ἀφαιρεθείσης
3148 979 3354 1048 ταύτης
3372 979 3482 1032 τῶν
3500 981 3678 1052 ἄκρων,

2129 1069 2374 1123 λείπεται
2403 1072 2436 1141 ἡ
2458 1070 2569 1126 ΔΓ,
2597 1070 2870 1123 τουτέστιν
2904 1070 3065 1140 ήάπὺ
3090 1071 3190 1141 τῆς
3217 1069 3484 1140 λαμπρᾶς
3501 1073 3682 1142 Κυρια-

2129 1161 2230 1229 κῆς
2248 1160 2372 1232 ἄχρι
2397 1162 2488 1212 καὶ
2510 1161 2607 1231 τῆς
2626 1161 2674 1229 γ’
2701 1161 2792 1214 τοῦ
2810 1162 3007 1226 Μαΐου,
3035 1162 3124 1232 ῐση
3148 1157 3288 1214 εἶναι
3315 1165 3382 1232 τῇ
3407 1162 3524 1225 ΒΔ’,
3551 1179 3681 1215 τουτ-

2129 1253 2242 1306 έστι
2272 1257 2338 1324 τῇ
2363 1253 2470 1306 ἀπὸ
2497 1253 2596 1322 τῆς
2622 1253 2901 1323 Κυριακῆς
2928 1252 3034 1304 τῶν
3076 1253 3274 1320 ⁹Δγίων
3306 1253 3546 1316 πάντων,
3576 1254 3679 1323 ἄχρι

2128 1343 2223 1394 καὶ
2259 1343 2356 1411 τῆς
2386 1342 2470 1411 κη’
2497 1341 2590 1393 τοῦ
2636 1341 2873 1405 Ἰουνίου,
2916 1341 3036 1395 καθ’
3072 1342 3140 1411 ἢν
3177 1342 3295 1393 ἐστι
3333 1342 3394 1394 τὸ
3424 1341 3574 1405 τέλος
3599 1343 3680 1410 τῆς

2129 1433 2406 1502 νηστείας⁸
2432 1431 2570 1501 μετὰ
2598 1431 2658 1484 τὸ
2679 1432 2858 1502 εὑρεῖν
2881 1432 2979 1502 τὴν
2999 1431 3214 1501 ἡμέραν
3243 1431 3340 1484 τοῦ
3374 1432 3543 1502 μηνὸς
3580 1433 3679 1487 καθ’

2126 1525 2193 1595 ἢν
2224 1523 2373 1576 ἔσται
2404 1523 2464 1576 τὸ
2502 1521 2714 1592 Πάσχα,
2745 1522 3151 1593 ἀριθμήσαντες
3174 1523 3300 1575 ὅσαι
3333 1524 3536 1594 ἡμέραι
3567 1525 3680 1576 εἰσὶν

2127 1617 2221 1669 ἀπ’
2244 1616 2413 1685 αὐτῆς
2439 1615 2565 1686 ἄχρι
2590 1615 2684 1667 καὶ
2706 1614 2806 1684 τῆς
2833 1614 2926 1667 τοῦ
2952 1615 3130 1666 Μαΐου
3159 1615 3377 1685 τρίτης,
3401 1615 3502 1679 τὰς
3520 1617 3683 1669 τοσαύ-

2126 1724 2224 1770 τας
2251 1707 2444 1777 ἕξομεν
2474 1707 2569 1760 τοῦ
2603 1706 2838 1776 πλήθους
2872 1705 2982 1760 τῶν
3017 1707 3244 1776 ἡμερῶν
3270 1710 3373 1778 τῆς
3404 1707 3512 1760 τῶν
3539 1710 3680 1777 ἀγίων

2056 1779 2099 1834 Β
2145 1798 2479 1851 Ἀποστόλων
2508 1798 2779 1868 νηστείας.

2129 1911 2269 1980 Περὶ
2317 1909 2447 1984 τῆς.
2471 1910 2575 1963 τοῦ
2598 1909 2830 1984 ῌΠὰσχα
2861 1910 3242 1984 ,διορθώσεως
3261 1953 3275 1974 ,
3323 1913 3525 1980 ἄλλως
3567 1915 3677 1984 περὶ

2375 1979 2484 2048 τῆς
2522 1979 2625 2032 τοῦ
2661 1981 2944 2034 κανονίου
2980 1985 3455 2050 σφαλερότητος.

2198 2071 2320 2139 IG’.
2367 2072 2477 2126 Καὶ
2520 2071 2691 2124 ταῦτα
2741 2073 2838 2142 μὲν
2889 2073 3106 2136 ἱκανῶςο
3151 2075 3352 2145 ἐφεξῆς
3397 2077 3455 2129 δὲ
3499 2078 3679 2139 τούτοις

2129 2165 2420 2232 ἀναγκαῖον
2452 2163 2622 2230 δεῖξαι
2644 2165 2744 2234 τήν
2771 2181 2829 2216 τε
2855 2165 3034 2218 αἰτίαν
3066 2165 3161 2218 τοῦ
3199 2169 3490 2239 σφαλερῶς
3522 2171 3677 2222 ἐκκεῖ-

2131 2255 2250 2306 σθαι
2287 2254 2349 2306 τὸ
2390 2254 2675 2325 εἰρημένον
2721 2255 2828 2306 τῶν
2857 2254 3180 2324 Πασχαλίων
3223 2258 3494 2320 κανόνιον,
3533 2258 3617 2310 καὶ
3639 2261 3677 2310 εξ

2127 2345 2220 2398 ἀπ’
2253 2345 2426 2416 ἀρχῆς
2467 2344 2639 2407 οὕτως
2681 2343 2940 2410 ἔκκειται,
2982 2345 3091 2397 εἴτε
3137 2346 3230 2398 καὶ
3264 2347 3365 2417 μή·
3393 2346 3474 2399 ἔτι
3502 2346 3575 2411 δὲ,
3601 2347 3680 2400 καὶ

2125 2438 2296 2500 οὕτως
2330 2437 2572 2507 ἔχοντος,
2619 2436 2747 2488 πότε
2786 2436 3071 2507 συμϐαίνει
3111 2437 3289 2508 ὀρθῶς
3329 2437 3593 2492 τελεῖσθαι
3628 2445 3678 2490 τό

2126 2529 2316 2597 Πάσχα
2356 2529 2445 2596 ὑφ’
2488 2527 2664 2598 ἡμῶν·
2713 2526 2844 2580 πότε
2890 2528 2946 2580 δὲ
2977 2529 3075 2598 τῆς
3112 2527 3374 2600 ἀκριϐοῦς
3417 2530 3678 2582 ἐκπίπτειν

2124 2621 2431 2694 ὀρθότητος.
2476 2620 2539 2672 Ἡ
2580 2619 2677 2690 μὲν
2712 2615 2803 2672 οὖν
2833 2618 2980 2672 αἰτία
3007 2619 3114 2672 τῶν
3143 2621 3406 2674 τοιούτων
3440 2623 3536 2674 οὐκ
3565 2621 3676 2691 ἄλλη

2124 2712 2204 2775 τίς
2235 2715 2407 2776 ἐστιν,
2443 2714 2490 2763 εί
2535 2711 2608 2782 μὴ
2643 2711 2782 2782 ὃτιή
2817 2710 2905 2764 διὰ
2929 2711 3036 2764 τῶν
3072 2712 3136 2764 ιθ’
3180 2712 3508 2783 Ῥωμαϊκῶν
3543 2713 3676 2774 ἑτῶν,

2123 2806 2216 2868 οὒς
2243 2806 2337 2857 καὶ
2365 2803 2712 2874 σεληνιακοὺς
2740 2804 2972 2867 κύκλους
2998 2804 3294 2875 καλοῦμεν,
3320 2806 3576 2876 γινομένη
3598 2806 3678 2874 τῆς

2125 2897 2353 2966 σελήνης
2403 2894 2872 2959 ἀποκατάστασις,
2925 2896 3023 2948 οὐκ
3067 2895 3180 2948 ἐστι
3230 2897 3373 2949 κατὰ
3419 2897 3481 2950 τὸ
3526 2897 3677 2962 πάντη

2122 2986 2346 3058 ἀκριϐὲς
2367 2985 2691 3057 είλημμένη·
2722 2986 2798 3049 ὼς
2825 2987 3103 3057 προϊόντες
3131 2987 3380 3058 δείξομεν
3411 2987 3477 3040 δι’
3513 2987 3679 3055 ἐτέρας

2123 3079 2378 3150 χρονικῆς
2405 3079 2899 3142 ἀποκαταστάσεως
2937 3078 3038 3148 τῆς
3080 3078 3170 3132 διὰ
3211 3087 3291 3132 κε’
3314 3080 3679 3148 Αἰγυπτιακῶν

2128 3171 2263 3224 ὲτῶν
2310 3170 2452 3224 κατά
2495 3171 2554 3224 τὸ
2598 3171 2986 3242 ἀκριϐέστερον
3029 3172 3339 3242 γινομένης,
3379 3168 3522 3246 ᾗτινι
3559 3173 3680 3224 καὶό

2127 3265 2430 3334 θαυμάσιος
2454 3265 2724 3335 ἐχρήσατο
2739 3265 3068 3335 Πτολεμαῖος
3085 3266 3142 3318 έν
3158 3268 3224 3335 τῇ
3242 3266 3341 3335 τῆς
3355 3265 3682 3328 Συντάξεως

2127 3356 2500 3427 πραγματείᾳ,
2540 3356 2926 3426 συγκρίναντες
2957 3355 3160 3418 ταύτας
3195 3355 3477 3426 ἀλλήλαις.
3511 3354 3678 3408 Ποιού-

2130 3464 2226 3518 μεν
2254 3446 2310 3499 δὲ
2347 3447 2444 3518 τὴν
2478 3445 2764 3516 σύγκρισιν
2805 3445 2966 3499 οὕτω·
3007 3446 3563 3518 Τετραπλασιάζομεν
3600 3447 3681 3515 τὴν

2126 3539 2635 3611 ἐννεαδεκαετηρίδα
2657 3540 2754 3608 τῆς
2776 3538 3019 3610 σελήνης,
3043 3540 3136 3592 καὶ
3156 3540 3401 3607 γίνονται
3425 3537 3678 3610 Ῥωμαϊκὰ

2127 3629 2220 3702 ἔτη
2254 3631 2360 3695 ος”
2396 3629 2854 3700 τριπλασιάζομεν
2881 3631 2925 3684 δ’
2952 3630 3212 3694 ὡσαύτως
3245 3633 3341 3684 καὶ
3372 3633 3470 3701 τὴν
3507 3635 3680 3684 εἰκοσι-

2126 3721 2515 3793 πενταετηρίδα
2542 3721 2650 3774 τῶν
2675 3723 3080 3789 Αἰγυπτιακῶν,
3108 3722 3203 3775 καὶ
3231 3725 3379 3776 ποιεῖ
3401 3723 3491 3778 οε’.
3521 3720 3678 3774 Ταῦτα

2124 3812 2180 3865 δὲ
2208 3812 2276 3866 τά
2300 3813 2370 3864 os’
2396 3812 2736 3880 Αἰγυπτιακά
2759 3812 2851 3882 ἔτη
2886 3811 3257 3883 προλαμϐάνει
3280 3814 3314 3882 ἡ
3338 3811 3678 3882 ἀκριϐεστάτη

2123 3905 2222 3974 τῆς
2273 3903 2500 3975 σελήνης
2544 3905 2984 3966 ἀποκατάστασις
3031 3903 3351 3973 έξηκοστοῖς
3395 3905 3598 3975 ἡμέρας
3636 3901 3676 3971 η’

2125 3995 2244 4048 ua".
2291 3996 2443 4048 Ἐπεὶ
2481 3995 2537 4047 δὲ
2571 3995 2665 4048 καὶ
2700 3994 2767 4047 τὰ
2809 3995 2896 4060 ος⁰
2933 3994 3218 4065 Ῥωμαῑκά
3249 3995 3346 4065 ἐτη
3380 3996 3489 4049 τῶν
3515 4003 3579 4048 οε¹
3602 3996 3678 4046 Ai-

2123 4084 2439 4151 γυπτιακῶν
2483 4083 2838 4154 ὑπερέχουσιν
2885 4083 3120 4155 ἡμέραις
3161 4085 3302 4150 τπδ’,
3352 4085 3572 4148 ταύταις
3602 4083 3676 4135 ἐὰν

2125 4172 2450 4243 προσθῶμεν
2487 4173 2555 4226 τά
2594 4173 2700 4226 ἀπὸ
2737 4176 2835 4244 τῆς
2881 4173 3282 4244 ἀκριϐεστάτης
3324 4173 3676 4228 ἀποκαταστά⁹

2126 4279 2262 4326 σεως
2290 4263 2340 4334 η’
2372 4262 2491 4328 κα”,
2517 4263 2611 4315 καὶ
2643 4263 2750 4316 τῶν
2789 4263 3094 4334 γενομένων
3127 4265 3245 4316 τπδ’
3282 4267 3508 4336 ἡμερῶν
3533 4266 3575 4336 η’
3598 4262 3675 4316 ita"

2126 4353 2410 4423 ἀφέλωμεν
2445 4354 2968 4426 τρισκαιδεκάμηνον
2998 4355 3260 4418 ὲπουσίας
3293 4357 3520 4428 ἡμερῶν
3546 4357 3673 4425 σελή-

453 4455 846 4512 deduxerimus
870 4457 1136 4511 mensium
1169 4457 1429 4512 tredecim
1461 4459 1738 4513 lunarium
1783 4461 1897 4516 dies
1931 4478 2020 4532 ap—

2127 4464 2222 4517 νης
2245 4453 2390 4514 τπγ¹,
2416 4447 2518 4515 νγ’,
2536 4447 2648 4517 νβν·
2678 4448 2869 4517 ἕξομεν
2898 4448 2994 4518 τὴν
3022 4448 3226 4519 ἀκριϐῆ
3261 4451 3673 4505 ἀποκατάστασιν

452 4551 712 4621 pendices
735 4550 858 4613 383,
886 4550 990 4614 55',
1023 4550 1161 4605 52":
1204 4551 1526 4606 habebimus
1581 4561 1827 4608 exactam
1878 4555 2021 4610 lunae

450 4642 873 4706 restitutionem,
907 4657 1013 4711 qua
1034 4642 1558 4698 decemnovennales
1593 4653 1829 4712 quatuor
1858 4647 2021 4702 orbes

452 4732 732 4790 Romanos
763 4736 1038 4790 antevenit
1062 4737 1335 4804 scrupulis
1362 4736 1574 4791 diurnis
1606 4738 1708 4802 Μ’,
1746 4737 1867 4801 29",
1899 4755 2021 4809 qua:

449 4825 668 4894 quidem
701 4832 782 4880 est
803 4825 980 4894 portio
1003 4824 1108 4878 diei
1135 4826 1314 4878 minor
1346 4825 1669 4893 quadrante.
1703 4824 1809 4880 Sed
1843 4825 2018 4881 inter-

456 4933 521 4974 ea
581 4925 699 4972 esto
731 4916 1010 4987 quadrans
1043 4916 1177 4970 fere.
1233 4915 1292 4968 In
1348 4925 1584 4984 quatuor
1646 4931 1776 4986 ergo
1832 4917 2022 4975 lustris

454 5009 794 5078 septuaginta
821 5023 914 5061 sex
943 5021 1231 5066 annorum,
1266 5007 1367 5058 hoc
1397 5012 1482 5058 est
1516 5005 1569 5057 in
1602 5009 1860 5061 trecentis
1886 5023 2020 5076 qua-

451 5111 576 5157 tuor
605 5101 758 5154 annis
787 5098 1069 5160 Romanis,
1097 5093 1217 5166 quae
1243 5113 1337 5166 per
1373 5096 1544 5152 denos
1575 5114 1817 5154 novenos
1847 5114 2020 5155 annos

453 5193 514 5248 ﬁt
547 5191 822 5246 restitutio
851 5203 961 5242 non
1011 5197 1221 5252 exacta,
1253 5197 1473 5257 superat
1500 5190 1902 5244 exactissimam
1934 5191 2022 5245 die

453 5290 566 5330 uno
598 5274 830 5342 integro.
864 5272 1041 5340 Atque
1069 5270 1276 5326 idcirco
1307 5272 1464 5327 facile
1480 5272 1810 5343 deprehendi
1840 5284 2020 5344 potest

453 5382 723 5424 canonem
758 5365 1104 5420 deficientem
1139 5364 1302 5418 hodie
1327 5365 1539 5419 duabus
1566 5365 1758 5422 diebus
1789 5381 1821 5420 a
1854 5367 2022 5435 pleni-

454 5462 608 5516 lunio
639 5458 850 5512 Pascha
872 5455 1085 5510 Judaici
1105 5465 1231 5511 ante
1250 5456 1335 5510 bis
1376 5463 1647 5512 trecentos
1668 5465 1907 5527 quatuor
1929 5474 2020 5512 an-

454 5570 556 5608 nos
582 5553 857 5607 Romanos
895 5557 1268 5605 constructum
1324 5549 1511 5605 fuisse.
1540 5549 1746 5616 Quodsi
1776 5550 2015 5605 Pascha-

2121 4539 2222 4608 τῆς
2250 4539 2497 4610 σελήνης,
2535 4539 3021 4610 προλαμϐάνουσαν
3059 4539 3156 4612 τὴν
3194 4540 3282 4593 διά
3319 4543 3431 4595 τῶν
3462 4542 3672 4616 ἐννεαδε·

2121 4629 2458 4700 καετηρίδων
2486 4628 2791 4699 ὲξηκοστοίς
2817 4629 3034 4698 ἡμέρας
3064 4629 3127 4691 o',
3162 4629 3245 4694 ιδ’,
3277 4631 3408 4696 κθ”,
3426 4633 3564 4704 ἅπερ
3589 4629 3673 4683 εἰσὶ

2127 4719 2291 4790 μέρος
2337 4720 2549 4789 ἡμέρας
2588 4719 2808 4772 ἔλασσον
2843 4721 2876 4791 ἢ
2915 4719 2974 4772 δ’.
3013 4721 3164 4785 Τέως
3204 4722 3349 4776 ἔστω
3381 4725 3425 4778 δ’
3457 4726 3670 4793 ἔγγιστα.

2123 4813 2286 4865 Ὥστε
2315 4813 2373 4864 ὲν
2396 4811 2470 4863 τδ¹
2515 4812 2840 4882 Ῥωμαϊκοῖς
2870 4812 3044 4864 ἔτεσιν
3068 4815 3100 4883 ἡ
3134 4813 3224 4866 διά
3246 4815 3358 4868 τῶν
3389 4817 3670 4870 ὲννεαδεκα-

2121 4904 2383 4975 ετηρίδων
2431 4904 2871 4966 ἀποκατάστασις
2930 4904 3004 4976 μὴ
3065 4905 3300 4976 ἀκριϐὴς
3348 4908 3560 4980 ὕστερεί
3595 4905 3672 4973 τῆς

2123 4995 2527 5067 ἀκριϐεστάτης
2553 4995 2733 5067 ἡμέρα
2764 4995 2943 5067 τελείᾳ
2972 4996 3041 5050 α’.
3078 4997 3189 5050 Καὶ
3228 4998 3320 5051 διὰ
3358 5000 3515 5054 τοῦτο
3540 4999 3672 5052 εὐκα-

2122 5090 2382 5160 τανόητον
2409 5089 2582 5149 ἔσται,
2621 5089 2702 5141 ὃτι
2729 5089 2790 5140 τὸ
2817 5090 3062 5142 κανόνιον
3093 5089 3250 5143 δυσὶν
3278 5094 3516 5166 ἡμέραις
3544 5089 3671 5144 ἐκπί-

2124 5200 2256 5235 πτον
2277 5185 2377 5253 τῆς
2405 5181 2543 5234 κατά
2569 5180 2639 5234 τὰ
2673 5180 2932 5234 Ἰουδαῖκὰ
2955 5183 3242 5252 Πασχάλια
3267 5186 3669 5257 πανσεληνιακῆς

2122 5273 2335 5345 ἡμέρας
2355 5277 2411 5327 ἐν
2431 5275 2541 5336 τοῖς
2567 5273 2660 5326 νῦν
2687 5274 2920 5344 χρόνοις.
2950 5274 3053 5344 πρὸ
3075 5275 3149 5327 τδ¹
3167 5277 3187 5306 ⁸
3212 5277 3534 5346 Ῥωμαϊκῶν
3558 5273 3668 5328 ἐτῶν

2131 5366 2378 5435 συνέστη.
2415 5363 2571 5418 Ἀλλά
2599 5365 2690 5417 καὶ
2712 5364 2866 5434 εἴπερ
2892 5365 2922 5433 ἠ
2953 5364 3060 5416 τῶν
3083 5366 3413 5436 Πασχαλίων
3436 5365 3665 5431 πανσέλη-

2125 5456 2286 5526 νιακὴ
2330 5455 2510 5526 ἡμέρα
2557 5456 2652 5526 τὴν
2700 5455 2898 5526 ἀκριϐῆ
2949 5456 3135 5527 ἐδήλου
3189 5459 3300 5512 τῶν
3354 5460 3664 5528 πανσελήνων

2121 5548 2289 5619 ὥραν,
2330 5550 2545 5618 εἴχομεν
2575 5548 2640 5600 ἂν
2674 5547 2895 5600 δυνατὸν
2926 5547 3341 5614 ἐπιλογίσασθαι
3369 5553 3459 5605 καὶ
3485 5551 3556 5603 ἔτι

526 5709 545 5738 ⁸
579 5705 746 5776 Hujus
774 5706 957 5775 capitis
995 5704 1228 5762 Latinam
1261 5707 1540 5762 versionem
1571 5724 1600 5760 a
1622 5704 1888 5777 Scaligero
1919 5705 2112 5761 editam
2135 5705 2424 5776 posuimus.
2497 5707 2514 5732 ⁶
2535 5704 2768 5774 Scaliger
2803 5703 2878 5756 bis
2909 5703 3010 5757 30.4
3044 5704 3186 5773 (egit.
