3808 6310
81 311 216 370 {309
735 321 738 324 ’
992 314 1219 371 ISAACI
1257 314 1564 371 MONACIII

1809 315 1980 373 UTUS
2024 313 2463 371 ECCLESIAST.
3173 317 3313 374 I310

83 426 259 479 πόσων
307 425 446 479 ἐτῶν
479 427 539 479 τὸ
581 426 816 480 τοιοῦτον
857 444 1099 483 κανονιον
1145 430 1395 500 συνέστη.
1432 431 1577 494 Τέως

1816 447 1882 484 im
1915 431 2338 501 pleniluniorum
2368 431 2486 485 dies
2535 429 2943 486 exactissimum
3007 431 3320 491 ostenderet

85 521 166 571 ἵνα
198 518 423 589 γνῶμεν
461 521 602 590 μετά
643 521 783 573 πόσα
817 521 910 592 ἐτη
948 521 1040 574 τοῦ
1077 523 1342 594 παρόντος
1369 523 1570 575 τέλειαι

1812 522 2154 590 »ροείιὶοιιιιιη
2189 530 2422 590 tempus,
2448 535 2732 590 possemus
2757 521 3067 576 accuratius
3095 522 3316 576 ratioci-

85 610 286 682 ήμέραι
316 611 812 684 ἀπαρτισθήσονται
846 617 900 666 αἱ
932 619 1030 686 τῆς
1050 617 1334 686 ἀκριϐείας
1359 618 1589 669 ἐκπίπτο

1810 611 1873 664 tri
1899 618 2024 664 ante
2057 618 2190 680 quot
2211 626 2386 665 annos
2408 611 2533 665 talis
2565 625 2740 666 canon
2767 613 3106 682 compositus
3133 611 3314 667 fuerit.

88 720 190 764 σαι,
217 703 553 773 ἐποιήσαμεν
572 704 912 776 ψηφοφορίαν
935 708 1367 778 πανσεληνιακῆς
1395 708 1592 776 συζυγῇ

1817 709 1962 756 terea
1993 712 2172 756 tamen
2204 709 2262 754 ut
2311 716 2708 771 cognoscamus
2734 711 2856 772 post
2906 711 3038 772 quot
3070 718 3244 758 annos
3286 719 3315 756 a

96 795 388 848 Ἰουδαϊκοῦ
425 798 616 868 Πάσχα
650 799 1055 870 παρακειμένου
1085 799 1163 870 τῷ
1200 800 1454 854 ἐνεστῶτι
1485 802 1600 872 τρίτ

1814 795 2009 849 ’περιιιὶ
2038 794 2262 864 integra:
2283 793 2400 848 dies
2426 794 2568 859 duae,
2608 811 2730 865 qua:
2758 795 3072 850 desciscunt
3097 796 3166 850 ab
3188 811 3318 849 exa-

84 884 266 954 κύκλῳ
291 886 391 955 τῆς
421 884 664 956 σελήνης,
700 887 728 938 ι’
755 887 848 940 τοῦ
891 887 1164 958 Ἀπριλίου
1196 905 1588 958 καταγεγραμμ

1815 889 1920 952 ine,
1959 887 2402 943 consummandte
2449 888 2582 947 sint,
2639 888 2924 957 plenilunii
2983 885 3192 943 Pascha
3226 887 3319 941 Ju-

85 995 180 1047 νην
210 977 445 1046 ἔχοντος.
482 977 724 1050 Εὖρομεν
757 979 812 1032 δέ
842 979 1045 1051 ταύτην
1074 979 1440 1032 ἐκπίπτουσαν
1479 978 1566 1032 διὰ

1814 978 1897 1031 uici
1926 979 2179 1047 praesenti
2204 979 2357 1048 cyclo
2383 977 2639 1048 appositi,
2670 977 2817 1047 quod
2847 979 3115 1033 decimam
3156 979 3318 1047 Apri-

87 1067 162 1140 μὴ
191 1067 442 1138 ἀκριϐὲς,
471 1069 544 1132 ὼς
574 1070 806 1141 εἴρηται,
850 1085 952 1140 της
985 1071 1500 1134 ἀποκαταστάσεως,

1815 1069 1987 1123 sdiem
2019 1069 2308 1140 ascriptam
2344 1069 2525 1136 habet,
2581 1069 2846 1124 rationem
2905 1069 3182 1125 iuivimus.
3215 1068 3319 1124 De-

84 1157 331 1211 κανόνιον
357 1157 578 1228 χρῆται,
623 1160 704 1222 είς
738 1163 835 1231 τὴν
868 1154 917 1232 η’
958 1161 1050 1212 τοῦ
1093 1160 1254 1212 αὐτοῦ
1304 1161 1470 1232 μηνὸς
1517 1178 1584 1231 με

1813 1161 2145 1216 'ehendimus
2175 1170 2378 1224 autem,
2407 1168 2629 1230 propter
2685 1175 2792 1214 non
2863 1168 3196 1228 accuratam,
3244 1167 3317 1216 .ut

82 1250 230 1321 ὧρας
255 1267 405 1321 τρεις
447 1251 762 1322 ἰσημερινάς
794 1253 892 1322 τῆς
923 1253 1042 1306 κατ’
1075 1253 1242 1324 αὐτὴν
1273 1253 1534 1324 ἀνατολῆς
1559 1271 1586 1306 τ

1813 1263 1962 1308 ctum
2005 1260 2110 1318 cst,
2161 1252 2544 1307 conversionis
2598 1252 2808 1306 lunaris
2870 1251 3158 1314 rationem,
3208 1266 3317 1319 qua

83 1342 258 1411 ἡλίου.
301 1343 454 1395 Ἐπεὶ
488 1339 578 1397 οῦν
609 1345 664 1396 αἱ
702 1345 850 1414 τρεῖς
883 1337 1020 1414 ὧραι
1061 1346 1374 1415 ίσημεριναὶ
1405 1344 1454 1415 η’
1492 1344 1587 1416 μέρ

1815 1361 1933 1400 ιηοη
1956 1346 2148 1409 utitur,
2173 1343 2481 1399 desciscere
2506 1344 2558 1396 in
2577 1340 2823 1398 octavam
2846 1343 3045 1412 Aprilis
3071 1350 3194 1413 post
3219 1342 3319 1398 ho-

83 1434 189 1486 εἱσὶ
226 1433 321 1486 τοῦ
367 1435 789 1504 ήμερονυκτίου,
833 1434 928 1488 ἐάν
970 1435 1032 1488 τὸ
1067 1435 1176 1488 τῶν
1224 1434 1546 1505 Ῥωμαϊκῶν
1582 1455 1587 1469 ι

1813 1452 1846 1491 ιε
1875 1445 1988 1491 tres
2016 1435 2420 1506 aequinoctiales
2460 1435 2530 1489 ab
2561 1442 2685 1488 ortu
2723 1435 2878 1498 solis,
2914 1433 3006 1503 qui
3044 1434 3098 1486 in
3128 1433 3317 1488 eadem

83 1525 217 1577 ἐτῶν
267 1525 361 1595 (ἐν
403 1521 485 1588 οἷς
523 1525 910 1597 ήμερονύκτιον
957 1527 1156 1581 τέλειον
1209 1527 1578 1598 προλαμϐάνει

1816 1528 2118 1599 econtigit.
2177 1527 2318 1592 Quia
2348 1541 2479 1580 vero
2536 1534 2649 1582 tres
2704 1526 2852 1580 hora:
2909 1524 3320 1595 aequinoctiales

81 1617 318 1688 ἀκριϐὴς
348 1619 787 1682 ἀποκατάστασις
812 1617 908 1690 τὴν
940 1619 1028 1672 διὰ
1061 1620 1152 1672 τὸν
1185 1620 1585 1691 ἐννεαδεκαετηε

1816 1629 1886 1676 int
1906 1628 2094 1676 octava
2113 1635 2239 1690 pars
2267 1621 2526 1689 temporis
2554 1621 2807 1674 nocturni
2829 1629 2882 1673 et
2914 1618 3117 1682 diurni,
3148 1619 3192 1674 si
3221 1633 3320 1672 an-

80 1707 185 1760 δων
211 1710 286 1778 μὴ
308 1709 540 1780 ἀκριϐῆ)
583 1709 643 1761 τὸ
667 1709 715 1780 η’
737 1710 1011 1780 λάϐωμεν,
1036 1712 1064 1764 ὃ
1085 1714 1231 1763 ἐστιν
1254 1711 1348 1780 ἐτη
1377 1713 1582 1783 Ῥωμαῖ

1817 1729 1952 1768 trum
1979 1728 2132 1766 cccnv
2163 1711 2555 1774 Romanorum,
2591 1711 2646 1765 in
2677 1711 2876 1781 quibus
2924 1711 3188 1782 integram
3221 1725 3321 1764 no-

81 1798 183 1869 λη’·
215 1799 412 1870 ἕξομεν
451 1799 570 1870 μεθ’
602 1802 702 1853 ὅσα
747 1801 845 1871 μὲν
878 1801 970 1872 ἐτη
1004 1801 1097 1854 τοῦ
1129 1802 1422 1865 ἐνεστῶτος
1454 1803 1585 1854 τέλει

1986 1763 2123 1766 η--.
2543 1763 2555 1774 ,
2617 1763 2644 1765 η
3016 1763 3087 1782 -ον

1818 1820 1897 1861 em
1930 1811 1986 1858 et
2015 1803 2159 1858 diem
2197 1810 2390 1857 exacta
2411 1801 2701 1855 Conversio
2734 1817 2844 1855 non
2896 1811 3160 1868 exactam,
3199 1815 3322 1869 quae

83 1891 294 1945 ἔσονται
323 1890 524 1962 ἡμέραι
551 1890 596 1961 β’
620 1893 675 1944 αἱ
699 1893 796 1960 τῆς
823 1892 1104 1962 ἀκριϐείας
1129 1891 1509 1945 ἐκπίπτουσαιο
1540 1911 1587 1963 με

1839 1897 1892 1950 in
1911 1911 2003 1950 xtx
2026 1894 2206 1957 annis,
2249 1893 2532 1962 anticipat,
2585 1900 2830 1946 octavam
2863 1901 3068 1961 partem
3109 1907 3325 1947 assum-

85 1983 298 2053 ἐκείνην
323 1982 380 2036 δὲ
406 1985 504 2054 τὴν
535 1984 978 2038 ἀποκατάστασιν
1006 1984 1166 2038 πάλιν
1187 1985 1406 2054 ἄρξεται
1429 1985 1522 2038 καὶ
1545 1985 1589 2036 ἐι

1820 1988 2050 2049 erimus,
2083 1985 2136 2040 id
2193 1992 2297 2049 est,
2333 1999 2506 2039 annos
2546 1983 2819 2038 Romanos
2863 2000 3074 2038 xxxvm
3107 2001 3121 2037 :
3156 1984 3324 2038 hahe-

88 2092 181 2144 ρας
219 2076 436 2146 ἡμέρας
480 2075 644 2147 μόρια
681 2077 1081 2148 προλαμϐάνειν
1109 2080 1142 2148 ἡ
1177 2077 1408 2148 ἀκριϐὴς
1447 2078 1543 2148 τὴν
1583 2094 1592 2146 ι

1820 2096 1938 2134 mus
1962 2086 2085 2148 post
2110 2084 2244 2147 quot
2283 2092 2457 2132 annos
2507 2093 2537 2130 a
2582 2076 2838 2148 praesenti
2891 2077 3115 2146 integrae
3163 2085 3324 2132 erunt

86 2166 306 2237 ἀκριϐῆ.
344 2166 419 2217 Τὸ
450 2167 590 2236 μετά
620 2166 702 2238 λη’
730 2169 786 2220 δέ
831 2168 924 2238 ἐτη
965 2167 1058 2220 τοῦ
1101 2159 1366 2239 παρόντος
1403 2167 1554 2220 ἔσται

1819 2185 1878 2224 es
1909 2168 2030 2222 dua:
2069 2168 2136 2221 ab
2159 2167 2413 2221 examine
2437 2165 2776 2222 deﬁcientes.
2808 2165 2940 2222 Post
2962 2167 3111 2220 illam
3140 2174 3321 2221 autem

87 2256 258 2322 εὖθ’
289 2255 433 2318 ἔτος.
460 2259 571 2311 Καὶ
599 2260 647 2310 εἰ
679 2257 777 2329 μὲν
811 2258 950 2312 κατά
980 2257 1081 2328 τὴν
1119 2257 1270 2330 παρὰ
1295 2259 1409 2319 τοῖς
1447 2256 1591 2309 πολλι

1819 2259 2195 2321 inversionem,
2231 2271 2452 2312 rursum
2479 2256 2602 2311 aliis
2631 2256 2740 2310 diei
2781 2258 3056 2327 scrupulis
3102 2257 3323 2326 incipiet

87 2348 488 2418 ἐπικρατοῦσαν
527 2348 684 2412 δόξαν
725 2348 1112 2420 συμπλήρωσις
1140 2348 1292 2400 ἔσται
1328 2346 1421 2400 τοῦ
1459 2363 1591 2399 παντ

1820 2359 1950 2404 .acta
1981 2348 2256 2404 restitutio
2289 2361 2398 2401 non
2433 2354 2682 2401 exactam
2721 2348 3039 2416 anticipare.
3073 2346 3202 2401 Post
3222 2362 3324 2400 an-

88 2440 224 2492 κατά
286 2438 388 2510 τὴν
438 2438 532 2490 τοῦ
583 2439 630 2503 ,ζ
678 2437 830 2502 ἔτους
886 2438 1314 2508 συμπλήρωσιν,
1371 2436 1592 2507 περίεργ

1815 2458 1861 2496 )s
1883 2448 2062 2494 autem
2098 2439 2318 2508 triginta
2348 2444 2472 2491 octo
2500 2451 2532 2490 a
2557 2439 2810 2506 praesenti
2834 2439 3136 2494 eritannus
3160 2437 3319 2494 6919.

88 2529 233 2584 ἔσται
265 2531 451 2602 ζητεῖν
480 2530 724 2602 διορθοῦν
747 2532 844 2601 τὴν
864 2532 961 2601 τῆς
984 2531 1210 2601 σελήνης
1251 2530 1470 2599 μέθοδον
1499 2528 1592 2582 ἐτιῖ

1823 2528 1902 2582 Ac
1946 2528 2015 2588 si.
2039 2533 2099 2580 ut
2137 2525 2376 2595 vulgaris
2406 2532 2490 2579 est
2522 2525 2724 2594 Opinio,
2760 2527 2989 2597 septimo
3033 2528 3324 2582 millesimo

91 2625 245 2694 μόνον
285 2623 377 2677 πα¹
414 2623 1012 2695 καταλειφθησομένων,
1048 2625 1106 2677 ἐν
1140 2618 1220 2686 οἷς
1247 2623 1326 2675 δεῖ
1351 2625 1416 2693 τῇ
1457 2622 1595 2693 μεθόὲ

1828 2625 2004 2673 rtente
2028 2617 2194 2671 totius
2217 2614 2402 2669 mundi
2433 2613 2612 2669 futura
2634 2617 3032 2671 consummatio
3065 2623 3147 2671 est
3164 2634 3196 2682 ;›
3220 2615 3327 2670 l‘ru-

87 2717 255 2790 ταύτῃ
277 2717 420 2788 μετὰ
441 2716 778 2789 διορθώσεως
800 2717 1056 2789 χρῆσθαι,
1087 2716 1355 2787 μηδεμιᾶς
1381 2715 1591 2784 ἀξιολόγ

1822 2725 1873 2765 ra
1904 2710 1961 2764 in
1991 2707 2308 2779 castiganda
2328 2707 2506 2760 lunari
2545 2707 2801 2763 melhodo
2854 2708 3010 2763 labor
3041 2708 3326 2764 adhibebi-

89 2809 462 2879 γενησομένης
487 2809 746 2878 διαφορᾶς
779 2811 836 2861 ἐν
868 2811 978 2871 τοῖς
1009 2808 1316 2878 εἰρημένοις
1349 2806 1438 2860 πα¹
1463 2806 1593 2858 ἔτεσι

1824 2817 1882 2866 r;
1912 2817 2038 2855 cum
2072 2801 2202 2855 anni
2228 2799 2602 2854 tantummodo
2626 2799 2693 2854 de
2721 2815 2932 2854 summa
2959 2801 3151 2870 reliqui
3210 2802 3324 2856 sint

91 2902 134 2953 εί
165 2903 229 2971 τῇ
270 2898 586 2971 ἀδιορθώτῳ
626 2899 863 2971 ἐχρῶντο
894 2899 1103 2970 μεθόδῳ
1128 2901 1177 2952 οἱ
1205 2899 1324 2951 τότε
1359 2899 1595 2970 περιόντι

1817 2910 1947 2958 :xxr,
1962 2908 2059 2963 per
2078 2907 2216 2962 quos
2236 2891 2520 2947 emendata
2545 2891 2637 2944 illa
2659 2891 2949 2947 methodus
2973 2893 3028 2946 in
3051 2908 3153 2947 usu
3174 2893 3274 2948 erit
3309 2913 3321 2947 :

89 2992 133 3042 εί
161 2990 235 3056 δὲ,
265 2990 414 3046 καθά
435 2991 584 3044 δοκεῖ
605 3008 747 3044 τισιν
775 2989 975 3054 ἄλλοις,
1007 2990 1257 3062 ἀόριστον
1283 2985 1422 3043 εἶναι
1446 2989 1534 3041 τὸν
1561 3008 1588 3041 τ

1819 3003 1883 3040 ιιι]
1907 2987 1961 3040 in
1995 2987 2115 3042 istis
2145 3001 2328 3050 Lxxxl,
2349 2984 2508 3038 annis
2525 2998 2633 3038 non
2661 2985 2893 3038 multum
2928 2985 3162 3048 intersit,
3188 2986 3234 3039 si
3263 2985 3323 3049 ii,

93 3080 399 3143 συντελείας
429 3080 639 3150 καιρὸν,
671 3074 749 3143 οἷς
783 3080 874 3134 καὶ
907 3080 1066 3142 αὐτὸς
1094 3080 1426 3150 συντίθεμαι·
1455 3079 1597 3149 πρέπ

1825 3080 1857 3132 ti
1886 3087 2004 3133 tum
2039 3077 2361 3149 superstites
2383 3085 2565 3141 erunt,
2631 3085 2867 3133 veterem
2919 3093 3020 3133 nec
3081 3078 3329 3134 emenda-

91 3169 152 3224 ἂν
174 3171 260 3242 εἴη
287 3170 540 3240 διορθοῦν
561 3171 657 3242 τὴν
682 3171 928 3242 περὶτῆς
950 3170 1175 3242 σελήνης
1201 3170 1442 3241 μέθοδον,
1461 3171 1481 3201 ⁸
1503 3186 1595 3239 πρε

1825 3185 1876 3224 m
1948 3169 2368 3240 assumpserint.
2426 3167 2545 3231 Sin,
2590 3175 2648 3222 ut
2685 3169 2958 3241 plerisque
3012 3169 3192 3225 visum
3243 3177 3328 3225 est

90 3277 117 3314 τ
139 3259 291 3317 θέναι
321 3264 446 3324 ταῖς
471 3261 572 3331 τῆς
603 3260 828 3333 σελήνης
851 3262 1131 3327 ἐπακταῖς,
1161 3261 1225 3325 ἃς
1251 3262 1284 3332 ή
1315 3260 1409 3314 νῦν
1441 3260 1594 3330 μέθοδ

1819 3258 1907 3323 iis,
1957 3259 2160 3328 quibus
2211 3267 2265 3313 et
2306 3258 2594 3323 assentior,
2647 3257 2823 3312 ultimi
2871 3273 3100 3314 occasus
3138 3259 3323 3312 mundi

92 3353 440 3424 ὑπαγορεύει,
471 3353 566 3407 καὶ
605 3354 890 3425 ἐπερευνᾷ,
925 3354 1019 3407 καὶ
1055 3351 1196 3407 οὕτω
1228 3353 1301 3426 μὴ
1337 3351 1596 3424 σφάλλεσθ

1823 3365 1978 3422 mpus
1996 3351 2262 3408 incertum
2283 3361 2395 3406 est:
2423 3366 2724 3421 congruum
2750 3349 2913 3404 fuerit
2974 3350 3116 3404 lunae
3159 3349 3327 3403 casti~

93 3446 187 3516 τῆς
218 3446 535 3518 ὀρθότητος.
560 3447 632 3499 Τὸ
659 3447 839 3516 μέντοι
862 3447 1162 3516 Πασχάλιον
1182 3448 1441 3511 κανόνιον,
1460 3448 1597 3517 ἀμετ

1821 3458 1892 3498 ire
1921 3443 2258 3508 methodum,
2295 3449 2352 3497 et
2387 3441 2456 3496 ad
2500 3448 2718 3511 epactas
2765 3439 2986 3504 addere,
3033 3455 3172 3510 quas
3207 3441 3325 3494 vui-

93 3539 314 3610 ποίητον
339 3539 521 3609 μένον,
547 3539 638 3591 καὶ
670 3538 748 3591 ἔτι
783 3539 1191 3611 σφαλερώτερον
1219 3538 1388 3593 ἔσται’
1427 3539 1597 3610 παρόσ

1823 3543 1886 3588 ita
1909 3537 2049 3589 ratio
2078 3534 2404 3604 praescribit,
2457 3541 2512 3588 et
2537 3533 2804 3601 explorat,
2852 3546 2916 3585 ac
2970 3531 3051 3586 sic
3081 3532 3150 3587 ab
3179 3539 3327 3586 recto

93 3630 181 3682 νῦν
201 3631 298 3700 μὲν
315 3630 376 3683 δυ
386 3629 468 3682 σὶν
488 3629 721 3700 ήμέραις
736 3630 987 3682 ἐκπίπτει
1000 3630 1097 3700 τῆς
1115 3629 1388 3700 ἀληθείας,
1407 3630 1498 3683 ἀπ’
1523 3631 1597 3682 ἐκε

1826 3642 1874 3680 ιιι
1907 3626 2216 3682 deﬂectere.
2244 3626 2382 3679 Nam
2429 3625 2476 3680 si
2509 3624 2835 3679 laterculum
2892 3622 3160 3679 Paschale
3209 3625 3330 3679 sine

93 3738 177 3773 νου
203 3721 258 3773 δὲ
277 3719 372 3772 τοῦ
390 3720 564 3784 ἔτους,
580 3720 779 3792 δηλαδὴ
793 3722 886 3775 τοῦ
906 3722 1094 3789 ,ggte',
1111 3723 1302 3795 τρισίν.
1323 3725 1441 3776 Ἐπὶ
1458 3723 1597 3776 τούτι

1825 3719 2147 3774 nendatione
2188 3724 2426 3782 maneat,
2452 3717 2631 3786 majus
2666 3716 2816 3771 illius
2833 3715 3024 3770 vitium
3057 3715 3168 3772 ﬁet.
3192 3715 3329 3770 Cum

95 3810 442 3882 σκεψώμεθα,
465 3811 560 3864 καῖ⁸
583 3813 630 3864 εἰ
660 3811 780 3865 καθ’
801 3813 1029 3866 ἕκαστον
1055 3813 1172 3878 ἔτος
1201 3814 1490 3884 σφάλλεται
1512 3817 1543 3884 ἡ
1569 3831 1597 3866 τ

1826 3801 2142 3865 iim'biduaa
2192 3809 2454 3864 duntaxat
2508 3822 2540 3862 a
2600 3807 2827 3861 veritate
2849 3805 3168 3876 [abhorreat
3227 3805 3330 3858 hoc

47 3895 54 3905 ’
95 3905 260 3974 μηνὸς
286 3903 491 3975 ἡμέρα,
517 3902 636 3957 καθ’
660 3904 725 3974 ἣν
744 3905 902 3975 ἡμεῖς
927 3905 987 3958 τὸ
1010 3905 1161 3974 ἅγιον
1182 3907 1372 3975 Πάσχα
1387 3904 1551 3974 τελοῦι

1826 3919 2029 3972 mpore,
2074 3903 2288 3972 expleto
2313 3915 2456 3954 anno
2489 3898 2648 3963 6919,
2700 3898 2867 3953 tridui
2903 3913 3058 3953 error
3083 3895 3330 3966 incidet.]

91 3991 121 4060 ἢ
155 3991 285 4045 ποτε
329 3990 450 4061 μὲν,
491 3990 620 4044 ποτὲ
659 3991 715 4044 δέ
745 3992 827 4046 οῦ.
875 3993 1152 4065 Γνώριμον
1183 3994 1239 4046 δέ
1271 3994 1444 4059 ἔσται,
1487 3994 1582 4056 ώς,

1829 4011 1863 4049 ιε
1886 3994 1956 4048 ita
1989 3991 2407 4056 animadversis,
2445 3989 2874 4055 consideremus,
2914 4003 2983 4042 au
3009 3995 3064 4042 et
3105 3986 3333 4056 singulis

95 4083 226 4154 μόνη
285 4085 352 4152 τῇ
399 4080 495 4135 τοῦ
542 4083 706 4154 μηνὸς
750 4085 931 4156 ήμέρα
976 4086 1038 4138 τὸ
1095 4085 1362 4157 ἡμέτερον
1426 4089 1599 4140 ἐκανοι

1831 4084 1925 4138 mis
1947 4090 2136 4153 peccat
2169 4081 2306 4143 dies,
2337 4081 2392 4132 in
2424 4094 2528 4148 qua
2555 4093 2656 4132 nos
2675 4083 3088 4132 sacrosanctum
3121 4072 3335 4127 Pascha

91 4172 228 4237 ζετο,
291 4173 386 4226 καὶ
434 4173 509 4244 μὴ
543 4173 788 4244 ἀνάγκην
831 4175 1050 4246 εἴχομεν
1092 4177 1185 4229 καὶ
1219 4175 1359 4230 κατά
1385 4176 1595 4246 Κυριακ

1826 4173 2130 4233 :lebramus,
2198 4177 2292 4223 aut
2331 4169 2467 4222 alias
2498 4167 2716 4236 quidem
2772 4171 2984 4235 peccat,
3015 4164 3148 4218 alias
3200 4178 3330 4216 non.

90 4266 303 4336 ἡμέραν
321 4263 478 4318 τοῦτο
497 4265 668 4320 τελεῖν
686 4284 698 4296 ·
730 4267 851 4320 καθ’
875 4269 1100 4321 ἕκαστον
1123 4268 1186 4322 ἂν
1211 4267 1328 4332 ἔτος
1353 4267 1594 4337 ἐσφάλλε·

1830 4265 1981 4320 ttebit
2018 4277 2170 4325 vero,
2205 4261 2253 4315 si
2306 4259 2374 4313 ad
2404 4274 2570 4314 unum
2618 4257 2760 4312 diem
2807 4255 3014 4311 mensis
3072 4254 3334 4308 duntaxat

90 4357 342 4429 καθάπερ
377 4360 470 4412 καὶ
508 4359 569 4412 τὸ
615 4358 920 4427 Ἰουδαϊκὸν,
978 4361 1073 4414 καὶ
1118 4364 1238 4424 ταῖς
1288 4361 1438 4414 δυσὶν
1480 4362 1594 4414 αὐτ(

1829 4359 1976 4415 tscba
2028 4364 2277 4410 nostrum
2344 4350 2671 4420 exigeretur,
2729 4348 2888 4418 205
2940 4353 3006 4404 et'
3045 4362 3153 4401 non
3195 4361 3333 4416 opus

89 4451 351 4521 ἡμέραις,
387 4450 638 4523 καθάπερ
675 4453 868 4505 ἐκεῖνο.
899 4453 995 4505 Διά
1023 4453 1078 4506 δέ
1117 4454 1177 4506 τὸ
1215 4453 1354 4506 κατά
1381 4455 1593 4524 Κυριακ

1831 4463 1907 4510 set
1954 4447 2088 4504 illud
2149 4443 2430 4499 Dominica
2469 4441 2556 4496 die
2601 4439 2898 4505 celebrare,
2953 4436 3182 4506 singulis
3240 4449 3335 4494 an-

90 4542 384 4606 τελεῖσθαι,
423 4544 709 4613 συμϐαίνει
761 4544 860 4597 οὐκ
897 4544 960 4598 ἂν
1005 4545 1349 4616 σφάλλεσθαι.
1381 4545 1470 4598 Διὸ
1497 4562 1594 4617 προ

1831 4564 1854 4602 s
1892 4548 2241 4615 peccaturum
2297 4533 2468 4597 illud,
2524 4529 2979 4602 quemadmodum
3031 4535 3086 4582 et
3150 4525 3335 4581 Judai-

91 4636 276 4688 εκτέον
331 4636 392 4688 τὸ
425 4636 670 4707 ἀκριϐές.
724 4636 828 4689 Τοῦ
873 4637 1157 4689 Ἰουδαϊκοῦ
1202 4638 1390 4708 Πάσχα
1431 4638 1566 4710 μόνῃ

1833 4652 1894 4691 im
1939 4631 2182 4694 Pascha,
2228 4634 2282 4681 et
2326 4625 2545 4694 quidem
2590 4621 2807 4710 duabus
2861 4620 3053 4710 diebus
3081 4659 3097 4682 ,
3132 4633 3337 4710 quem-

91 4725 178 4778 τοῦ
217 4725 393 4796 μηνὸς
425 4723 609 4795 ἡμέρᾳ
636 4724 1018 4794 ὑποκειμένου,
1055 4723 1440 4795 συμϐαίνοντος
1474 4724 1572 4794 μὲν

1833 4724 2062 4780 lmodum
2117 4727 2170 4774 et
2228 4715 2381 4770 illud.
2451 4711 2559 4767 Sed
2605 4711 2733 4782 quia
2784 4709 3063 4764 Dominica
3115 4706 3202 4762 die
3247 4723 3337 4762 ce-

93 4817 433 4888 Κυριακῇ,ἢ
468 4816 533 4886 β’,
562 4816 594 4887 ἢ
623 4816 747 4886 γ’,ἢ
779 4816 840 4880 δ’,
869 4817 902 4887 ἦ
932 4823 994 4881 ε’,
1029 4817 1090 4869 τὸ
1137 4817 1265 4887 παρ’
1309 4819 1438 4888 ήμῖν
1478 4816 1596 4870 Πάσ

1834 4821 2036 4880 bratur,
2073 4816 2362 4882 propterea
2392 4820 2504 4860 non
2531 4817 2746 4872 semper
2778 4809 2988 4872 peccat.
3023 4798 3126 4854 Sed
3162 4799 3338 4854 subti-

92 4907 147 4958 οὐ
189 4908 516 4977 σφάλλεται,
544 4911 609 4978 τῇ
653 4907 849 4978 ἐφεξῆς
876 4910 1123 4979 Κυριακῇ
1163 4909 1480 4978 τελούμενον
1507 4925 1518 4937 ·
1544 4909 1596 4961 ὅτ

1831 4926 1882 4966 ιε
1913 4924 2002 4964 res
2039 4912 2280 4976 putetur.
2317 4897 2765 4966 Quotiescunque
2785 4892 3074 4948 Judaicum
3103 4890 3335 4955 Pascha,

94 4998 133 5049 δ’
151 5001 207 5051 ἐν
234 5001 567 5071 παρασκευῇ
601 4999 634 5068 ἢ
667 4999 948 5070 Σαϐϐάτῳ,
969 5001 1264 5072 τηνικαῦτα
1286 5002 1380 5054 καὶ
1409 5000 1553 5071 μάλα
1573 5018 1598 5052 τ

1832 5003 1922 5057 tod
1953 4998 2046 5056 uni
2076 4996 2182 5052 diei
2213 4992 2416 5048 mensis
2441 4987 2750 5056 subjectum
2777 4995 2880 5048 est,
2909 4982 3182 5054 contingit
3224 4982 3336 5037 Do-

96 5093 388 5166 ὀρθὸτητος
419 5093 692 5146 ἐκπίπτει.
736 5095 1140 5164 Συμπίπτοντος
1185 5096 1281 5165 μέν
1323 5096 1430 5168 γάρ
1475 5099 1531 5149 ἐν
1575 5115 1600 5148 τ

1837 5093 2004 5155 inica,
2045 5095 2139 5144 aut
2179 5085 2312 5140 feria
2347 5079 2611 5142 secunda,
2642 5084 2738 5132 aut
2772 5076 2956 5140 tertia,
2993 5083 3086 5130 aut
3119 5083 3337 5145 quarta,

100 5191 369 5259 ρασκευῇ,
405 5186 713 5256 ὀφείλοντες
739 5189 898 5258 ἡμεῖς
933 5189 1094 5252 εὐθὺς
1121 5193 1187 5260 τῇ
1219 5189 1414 5260 ἐφεξῆς
1429 5190 1604 5260 Κυρια

1835 5194 1875 5240 It
1902 5185 2115 5255 quinta,
2146 5187 2280 5233 tunc
2313 5183 2560 5230 nostrum
2589 5170 2800 5225 Pascha
2829 5183 2940 5224 non
2973 5175 3182 5240 peccat,
3214 5184 3339 5222 cum

96 5281 154 5332 τὸ
182 5281 383 5350 Πάσχα
417 5280 614 5344 τελεῖν,
643 5281 724 5340 εἰς
758 5281 857 5350 τὴν
894 5283 1008 5350 μετ’
1036 5259 1251 5351 ἐκείνην
1292 5259 1600 5353 μεταϐαίνοι

1837 5275 2027 5348 :quenti
2075 5269 2358 5327 Dominica
2407 5265 2736 5321 celebretur.
2772 5259 3004 5327 Quando
3029 5274 3160 5314 vero
3205 5259 3341 5314 feria

99 5375 384 5445 Κυριακήν
404 5391 417 5404 ο
458 5375 556 5426 ἐπε
567 5374 645 5442 ιδὴ
680 5375 738 5426 τὸ
769 5376 825 5427 ἐν
844 5374 918 5444 τῷ
944 5377 1173 5446 κανονίῳ
1195 5374 1603 5445 διαλαμϐανόμεε

1838 5377 1958 5437 :xta,
1991 5375 2084 5421 aut
2123 5364 2393 5428 Sabbato;
2436 5368 2565 5413 tunc
2620 5371 2749 5410 vero
2801 5353 2887 5410 vel
2919 5353 3146 5409 nimium
3169 5366 3342 5421 quan-

111 5465 400 5521 Ἰουδαῖκδν
425 5467 620 5536 Πάσχα
648 5465 794 5518 δυσὶν
817 5467 1049 5539 ἡμέραις
1078 5466 1508 5538 ἀποδειχθείσαις
1533 5465 1615 5517 πλε

1836 5477 1898 5516 ιω
1939 5477 1969 5515 a
2003 5466 2154 5515 recto
2202 5451 2497 5518 desciscit;
2545 5447 2819 5503 incidente
2856 5445 3000 5501 enim
3043 5445 3100 5500 in
3152 5441 3340 5499 feriam

166 5645 186 5672 "
205 5645 342 5701 [hac
366 5665 394 5700 a
422 5646 694 5716 Scaligero
731 5650 1082 5716 ργιῑνέεηηὶδδα
1106 5648 1471 5718 supplevimus,
1498 5663 1612 5717 (μιαν
1636 5654 1755 5700 sunt
1773 5645 1906 5701 notis
1932 5643 2054 5698 iisce
2085 5639 2340 5695 distracta
2360 5632 2426 5706 [1.
2493 5632 2512 5664 ⁸
2543 5629 2582 5701 f.
2610 5629 2702 5683 καὶ
2730 5644 2918 5702 προστ.
