3808 6334
452 349 584 404 1311

1474 341 1568 396 ΔΙ)
1601 340 1868 397 EUSEBII
1907 337 2306 395 CHBONICON
2335 340 2700 396 APPENDIX.

451 473 685 524 sextam,
716 476 840 516 cum
868 461 1190 515 deberemus
1229 458 1473 528 proxime
1523 467 1784 526 sequente
1832 457 2016 512 Domi-

2128 458 2266 520 ιέζει
2305 459 2398 512 τοῦ
2440 461 2642 530 κυρίως
2699 459 3027 529 παράίντῶν
3075 457 3432 528 τελουμένην
3492 461 3579 511 καὶ
3609 463 3656 512 ἐν

453 555 578 608 nica
626 552 832 607 Pascha
889 551 1184 613 celebrare,
1218 552 1273 603 in
1305 565 1425 604 eam
1481 547 1846 611 Dominicam,
1897 567 2018 620 quae

455 653 580 714 post
607 645 753 698 illam
786 645 1049 712 sequitur,
1078 641 1539 706 transcendimus,
1569 642 2014 712 quandoquidem

457 734 665 790 Pascha
709 733 1014 796 Iudaicum,
1065 733 1207 802 quod
1249 734 1304 786 in
1330 748 1542 788 canone
1570 734 1892 795 assumitur,
1935 733 2019 786 bi-

456 828 587 892 duo,
643 826 786 896 quod
838 842 868 879 a
918 826 1076 880 nobis
1107 826 1538 879 demonstratum
1591 837 1697 888 est,
1747 824 1955 878 Pascha
1988 839 2020 878 a

452 917 656 972 Judmis
704 917 969 972 celebrari
1028 918 1250 971 solitum
1306 918 1603 985 praevertit.
1662 917 1720 971 ln
1777 917 2021 972 Sabhato

455 1025 670 1080 quoque
725 1010 866 1064 idem
897 1010 1167 1079 contingit
1218 1018 1438 1078 propter
1466 1010 1712 1063 eamdem
1769 1025 2018 1064 causam.

453 1100 589 1154 Cum
610 1100 754 1154 enim
781 1100 1127 1164 deberemus,
1168 1101 1562 1154 interveniente
1591 1101 1859 1170 postridie
1911 1100 2021 1154 Do-

456 1194 678 1255 minira,
706 1191 918 1246 Pascha
961 1194 1262 1255 celebrare,
1308 1193 1363 1246 in
1394 1194 1564 1256 illam,
1595 1209 1718 1263 qua
1753 1202 1876 1263 post
1900 1209 2020 1248 eam

455 1282 722 1350 sequitur,
755 1281 1048 1335 transitum
1076 1281 1329 1336 facimus.
1367 1281 1485 1337 Uno
1512 1284 1731 1353 quidem
1756 1285 1860 1338 hoc
1889 1299 2021 1338 casu

453 1381 733 1442 peccatur,
768 1384 991 1443 propter
1014 1390 1263 1437 causam,
1282 1390 1445 1445 quam
1470 1375 1730 1441 diximus,
1759 1391 1869 1431 non
1894 1391 2025 1431 exa—

453 1470 558 1517 cta
583 1465 944 1518 restitutionis
977 1465 1208 1520 lunaris.
1241 1464 1339 1520 Est
1360 1474 1416 1521 et
1448 1467 1591 1522 alius
1622 1482 1787 1522 casus
1832 1468 2026 1536 (quan-

454 1567 618 1622 quam
643 1554 746 1609 boc
767 1556 984 1624 quidem
1016 1571 1143 1611 raro
1164 1558 1398 1625 accidat)
1431 1567 1654 1629 propter
1676 1559 1829 1613 verni
1853 1557 2025 1628 aequi-

455 1646 624 1701 noctii
685 1647 1039 1703 luxationem.
1109 1646 1278 1703 Retro
1343 1651 1490 1704 enim
1548 1649 1894 1720 progreditur
1971 1660 2027 1704 ct

455 1736 631 1806 ipsum
665 1753 882 1810 quoque
915 1747 1038 1809 post
1069 1741 1453 1796 conversiones
1476 1756 1774 1806 annorum,
1805 1749 2026 1810 propter

454 1845 575 1884 eam
608 1845 854 1893 causam,
895 1846 1058 1900 quam
1091 1832 1376 1896 dicemus;
1413 1848 1534 1902 qua:
1578 1833 1652 1886 ita
1694 1832 1896 1887 habet:
1929 1848 2022 1887 so-

457 1923 562 1976 lem
597 1922 886 1977 intervallo
913 1923 1022 1977 565
1061 1923 1274 1978 dierum
1304 1931 1358 1978 et
1386 1924 1710 1994 quadrantis
1733 1927 1803 1978 ab
1831 1925 2020 1980 eodem

457 2024 662 2083 puncto
707 2014 776 2068 ad
830 2014 972 2069 idem
1005 2015 1228 2080 reverti,
1275 2017 1533 2086 pinguius
1568 2027 1849 2087 acceptum
1895 2027 2020 2074 est:

457 2105 758 2160 secundum
786 2121 916 2161 vero
951 2107 1201 2163 subtilem
1236 2109 1524 2173 rationem,
1559 2110 1740 2178 aliqua
1769 2110 1875 2165 diei
1905 2125 2028 2180 por-

455 2198 607 2252 tione
628 2197 831 2263 minus,
855 2207 914 2252 ut
934 2199 1152 2270 quidem
1184 2198 1509 2256 Ptolemaeus
1545 2201 1600 2255 in
1637 2201 2027 2271 Compositione

459 2288 558 2351 ait,
596 2290 1020 2354 trecentesima;
1059 2297 1118 2343 ut
1172 2298 1351 2344 autem
1385 2289 1678 2345 Persarum
1721 2293 2026 2346 mathema-

458 2379 575 2443 tici,
604 2391 657 2435 et
688 2395 788 2435 nos
822 2381 1116 2436 solstitium
1148 2398 1244 2452 per
1271 2384 1456 2452 plures
1485 2383 1604 2440 dies
1639 2383 2022 2449 observantes,

459 2469 915 2540 deprehendimus
943 2473 1247 2542 portionem
1279 2474 1428 2528 illam
1473 2475 1730 2542 majorem
1761 2475 2023 2531 ducente-

457 2563 594 2615 sima
653 2571 828 2634 parte,
893 2579 1054 2635 quam
1106 2565 1324 2635 quidem
1375 2580 1407 2620 a
1442 2566 1635 2621 diebus
1662 2565 1768 2621 565
1790 2577 1844 2622 et
1889 2583 2027 2638 qua-

456 2653 651 2710 drante
683 2655 899 2712 auferre
931 2666 1200 2728 Oporteat.
1252 2656 1663 2729 Equinoctium
1703 2661 1849 2715 enim
1900 2676 2027 2716 ver-

461 2761 590 2799 num
619 2747 697 2800 ait
725 2745 1052 2803 Ptolemaeus
1099 2749 1301 2804 saeculo
1335 2765 1437 2804 suo
1473 2750 1666 2805 conﬁci
1697 2767 1786 2805 xxi
1825 2750 2023 2806 Martii.

461 2835 571 2893 Nos
598 2847 777 2893 autem
801 2840 980 2909 ipsum
1008 2839 1467 2911 deprehendimus
1495 2855 1620 2898 ante
1642 2860 1710 2897 xv
1737 2843 1938 2909 Martii,
1960 2860 2026 2899 ex

460 2933 683 2986 solstitii
711 2933 1187 2988 observationibus
1221 2934 1399 3003 ipsum
1428 2943 1700 3004 putantes.
1734 2935 1874 3002 Quia
1897 2953 2027 2991 vero

461 3023 546 3076 lex
599 3021 836 3078 Mosaiea
885 3024 1137 3092 proximo
1190 3032 1316 3094 post
1363 3041 1590 3080 vernum
1638 3026 2023 3096 aequinoctium

2117 549 2379 620 Σαϐϐάτῳ
2395 551 2453 603 δὲ
2472 553 2533 603 τὸ
2552 553 2735 620 ὅμοιον
2759 550 3045 619 συμϐαίνει
3064 549 3152 601 διὰ
3171 550 3270 619 τὴν
3295 549 3464 618 αὐτὴν

2131 642 2461 710 Ὀφείλοντες
2487 645 2597 713 γὰρ
2624 644 2718 695 καὶ
2746 643 2918 705 οὓτως
3045 640 3308 711 ἐπαύριον
3321 641 3567 710 κυριακῇ
3586 658 3660 694 τε·

2117 731 2229 784 λεῖν
2265 734 2328 785 τὸ
2358 735 2566 804 Πασχα,
2601 736 2681 796 είς
2709 734 2808 803 τὴν
2831 734 2945 802 μετ’
2969 733 3139 802 αὐτὴν
3165 730 3556 802 μεταϐαίνομεν
3580 734 3662 784 οὐκ

2118 825 2313 895 δρθῶς.
2343 827 2438 878 Ἔν
2460 828 2556 895 μὲν
2589 825 2653 895 δὴ
2691 825 2870 887 τοῦτο,
2905 826 2998 876 καὶ
3034 825 3110 886 ὡς
3149 825 3246 876 ἐπὶ
3277 824 3342 876 τὸ
3385 823 3521 877 πολὸ
3546 841 3661 892 συμ-

2120 914 2302 967 ϐαῖνον
2332 916 2597 986 στραλερὺν
2629 914 2780 984 παρὰ
2801 913 2900 984 τὴν
2931 913 3225 983 εἰρημένην
3250 912 3454 975 αἰτίαν,
3485 913 3579 981 τὴν
3604 914 3666 982 μη

2120 1008 2228 1060 ἀπὸ
2257 1007 2355 1076 τῆς
2379 1007 2640 1077 ἀκριϐοῦς
2665 1008 3158 1069 ἀποκαταστάσεως
3180 1023 3195 1036 ’
3223 1006 3343 1058 ἔστι
3367 1006 3427 1059 δὲ
3459 1008 3552 1058 καὶ
3568 1008 3664 1058 Ξα-

2126 1115 2214 1168 ρον
2240 1098 2402 1167 (πλὴν
2446 1097 2686 1160 σπανίως
2726 1097 3048 1166 γινόμενον),
3096 1096 3186 1148 διὰ
3226 1095 3326 1165 τὴν
3357 1097 3459 1166 τῆς
3500 1098 3667 1164 iaqu-

2124 1186 2245 1257 ρίας
2282 1188 2646 1257 μετάπτωσιν.
2692 1187 3104 1256 Ὀπισθοδρομεῖ
3133 1189 3244 1256 γὰρ
3266 1188 3365 1240 καὶ
3387 1187 3528 1255 uim,
3549 1189 3670 1239 κατα

2123 1281 2404 1349 περιόδους
2422 1279 2579 1346 ὲτῶν,
2607 1279 2672 1332 δι’
2698 1280 2763 1349 ἣν
2780 1281 2954 1332 αἰτίαν
2972 1280 3100 1350 ὲροῦ
3108 1297 3229 1349 μεν,
3253 1280 3481 1350 ἔχουσαν
3501 1279 3668 1340 om

2123 1371 2197 1426 Τὸ
2222 1373 2310 1424 διὰ
2341 1372 2444 1436 τξε¹
2469 1373 2692 1442 ἡμερῶν
2712 1373 2806 1425 καὶ
2842 1373 2884 1424 δ’
2923 1372 3103 1440 λέγειν
3146 1373 3238 1425 τὸν
3279 1374 3432 1441 ἣλιον
3461 1372 3566 1424 ἀπὸ
3594 1371 3672 1423 τοῦ

2124 1463 2288 1516 αὐτοῦ
2323 1464 2546 1534 σημείου
2579 1465 2658 1526 εἰς
2691 1465 2752 1516 τὸ
2791 1464 2924 1518 αὐτὸ
2959 1463 3342 1528 καθίστασθαι,
3381 1465 3672 1534 παχυμερέο

2126 1570 2317 1623 στερον
2357 1556 2604 1623 εἴρηται·
2648 1554 2788 1607 κατὰ
2833 1553 2893 1606 δὲ
2932 1554 2995 1606 τὸ
3042 1553 3435 1625 ἀκριϐέστερον
3467 1555 3674 1624 παρατι

2129 1648 2314 1717 μόριον
2338 1663 2352 1676 ·
2382 1648 2458 1709 ὡς
2492 1648 2590 1717 μὲν
2619 1649 2648 1700 ό
2672 1647 2999 1717 Πτολεμαῖος
3022 1651 3091 1701 ’ὲν
3125 1650 3194 1718 τῇ
3225 1647 3516 1711 Συντάξει
3543 1649 3672 1716 φησὶ,

2127 1739 2465 1811 τριακοστὸν,
2499 1741 2577 1803 ὡς
2599 1740 2657 1793 δὲ
2682 1741 2739 1792 οἴ
2756 1758 2815 1794 τε
2841 1741 2989 1810 παρὰ
3015 1742 3256 1812 Πέρσαις
3283 1741 3347 1793 τὸ
3376 1741 3480 1810 τῆς
3507 1742 3675 1809 ἀστβ-

2129 1830 2319 1900 νομίας
2373 1831 2773 1903 μετερχόμενοι,
2807 1832 2902 1885 καὶ
2939 1834 3121 1902 ἡμεῖς,
3172 1831 3273 1902 τὴν
3325 1831 3547 1901 θερινὴν
3577 1847 3677 1882 σκο-

2124 1923 2354 1986 ποῦντες
2385 1925 2592 1995 τροπὴν
2623 1924 2997 1988 ἀνατέλλοντος
3026 1925 3122 1978 τοῦ
3162 1925 3342 1995 ηλίου,
3377 1925 3448 1977 δι’
3482 1925 3673 1994 ἡμερῶν

2124 2016 2382 2068 πλειόνων
2411 2016 2840 2086 έστοχασάμεθα,
2866 2017 3238 2070 διακοσιοστοῦ
3268 2017 3476 2087 μεῖζον,
3504 2016 3675 2087 μᾶλλον

2123 2101 2179 2158 δὲ
2207 2105 2229 2137 ⁹
2262 2107 2453 2178 βραχεῖ
2495 2125 2598 2160 τινι
2647 2107 2865 2161 ἔλαττον
2918 2107 3237 2172 ἑκατοστοῦ,
3271 2109 3596 2179 εὑρίσκομεν
3628 2108 3676 2159 τὸ

2128 2195 2314 2267 μόριον
2343 2196 2519 2263 τοῦτο,
2548 2197 2578 2249 δ
2602 2197 2709 2250 τῶν
2733 2197 2838 2262 τξε’
2861 2199 2954 2250 καὶ
2972 2198 3011 2250 δ
3043 2200 3298 2270 ἀεραιρεῖν
3327 2199 3429 2252 δεῖ.
3458 2199 3566 2269 Τὴν
3588 2198 3675 2266 γὰρ

2126 2288 2346 2359 ἐαρινὴν
2382 2290 2671 2360 ἰσημερίαν
2696 2292 2762 2360 τῇ
2797 2298 2882 2344 κα¹
2913 2290 3008 2343 τοῦ
3038 2292 3284 2362 Μαρτίου
3313 2293 3480 2362 φησὶν
3502 2294 3532 2343 ὁ
3561 2291 3674 2342 Πτο-

2125 2381 2344 2453 λεμαῖος
2375 2384 2435 2436 ὲν
2456 2385 2568 2446 τοῖς
2612 2385 2730 2436 κατ’
2755 2384 2917 2438 αὐτὸν
2954 2385 3166 2455 χρόνοις
3196 2385 3468 2453 τίνεσθαι.
3513 2385 3677 2454 Ἦμεξ

2125 2473 2184 2526 δὲ
2218 2475 2324 2545 πρὸ
2353 2479 2453 2547 τῆς
2490 2483 2551 2528 ιε’
2577 2475 2672 2528 τοῦ
2709 2475 2874 2529 αὑτοῦ
2907 2476 3076 2548 μηνὸς
3114 2478 3172 2529 ὲν
3217 2477 3333 2540 τοῖς
3383 2475 3508 2528 καθ’
3550 2476 3675 2545 ἡμᾶς

2126 2565 2339 2636 χρόνοις
2382 2567 2584 2637 ταύτην
2631 2567 3000 2638 λαμϐάνομεν,
3035 2567 3144 2620 ἀπὸ
3173 2567 3276 2637 τῆς
3323 2569 3466 2620 κατὰ
3492 2565 3674 2636 717:8:-

2128 2660 2282 2731 ρινὴν
2309 2660 2515 2731 τροπὴν
2546 2661 2830 2730 τηρήσεως
2873 2661 3078 2730 ταύτην
3120 2659 3296 2722 οὕτως
3326 2658 3678 2727 ἐπιλογιζόμεο

2128 2769 2228 2806 νοι.
2281 2753 2391 2806 Καὶ
2440 2751 2623 2822 ἐπειδὴ
2676 2754 2705 2805 ό
2749 2751 3041 2814 Μωσαῖκὺς
3090 2751 3254 2822 νόμος
3306 2755 3376 2823 τῇ
3426 2750 3558 2822 μετὰ
3594 2749 3675 2818 τὴν

2129 2843 2346 2916 ἐαρινὴν
2389 2844 2673 2917 ἰσημερίαν
2720 2851 2768 2897 α’
2814 2844 3133 2914 πανσελήνῳ
3180 2842 3346 2906 εὐθὺς
3404 2845 3529 2906 τοὺς
3570 2843 3678 2894 Ἰουο

2128 2937 2308 2999 δαίους
2340 2935 2511 2988 τελεῖν
2548 2936 2609 2988 τὸ
2641 2937 2835 3005 Πάσχα
2868 2934 3271 3006 προτρέπεται·
3304 2934 3429 2988 καθ’
3471 2933 3560 2996 οὓς
3596 2933 3678 3001 μὲν

2129 3028 2349 3097 χρόνους
2382 3028 2607 3098 συνέστη
2637 3026 2697 3079 τὸ
2724 3026 3012 3098 εἰρημένον
3055 3025 3322 3088 κανόνιον,
3350 3025 3453 3095 τῆς
3485 3026 3679 3095 ἐαρινῆς

459 3115 757 3186 plenilunio
778 3115 960 3170 statim
985 3114 1191 3170 Pascha
1236 3116 1509 3172 celebrare
1533 3115 1736 3172 Judzeis
1759 3118 2023 3189 praecipit:

2135 3120 2422 3192 ἰσημερίας
2448 3124 2513 3192 τῇ
2549 3127 2630 3173 κα¹
2656 3119 2921 3190 Μαρτίου,
2952 3119 2986 3189 ἢ
3012 3119 3103 3171 καὶ
3142 3119 3248 3189 πρὸ
3280 3117 3453 3188 αὐτῆς
3479 3117 3678 3184 ἔγγιστα

459 3223 570 3279 quo
595 3219 836 3278 tempore
864 3224 1041 3263 canon
1071 3207 1355 3264 Paschalis
1390 3218 1744 3266 constructus
1775 3220 1878 3277 est,
1902 3226 2027 3265 cum

459 3303 669 3357 scilicet
689 3316 914 3356 vernum
951 3301 1340 3372 aequinoctium
1385 3303 1438 3356 in
1471 3319 1562 3358 xxt
1613 3313 1706 3358 aut
1738 3320 1810 3359 xx
1849 3304 2026 3359 Martii

460 3393 850 3464 propemodum
904 3394 1305 3459 conﬁceretur;
1353 3395 1774 3463 pleniluniorum
1809 3397 1926 3452 dies
1970 3398 2028 3452 in

459 3500 668 3540 canone
696 3486 867 3539 notati
892 3494 945 3540 et
963 3483 1251 3540 Judaicum
1279 3484 1490 3541 Pascha
1512 3488 2027 3560 indicantes,prima

458 3577 676 3648 quidem
707 3585 836 3634 sunt
866 3578 971 3634 rite
998 3590 1121 3648 post
1142 3581 1529 3650 arquinoctium
1561 3583 1886 3653 plenilunia.
1909 3581 2030 3638 Non

459 3669 605 3723 enim
623 3669 863 3739 reperies
890 3683 1154 3725 canonem
1179 3671 1488 3741 transgredi
1508 3673 1863 3742 plenilunium
1887 3675 2032 3731 vice-

461 3757 614 3812 simae
635 3759 823 3826 prima:
847 3757 1047 3825 Martii,
1079 3759 1222 3828 quod
1252 3760 1470 3830 quidem
1500 3770 1630 3817 tunc
1658 3772 1776 3818 erat
1797 3765 2029 3834 primum

465 3855 590 3917 post
621 3849 1031 3917 aequinoctium,
1074 3849 1222 3904 aliud
1255 3859 1438 3906 autem
1478 3853 1652 3908 vicem
1677 3855 1796 3924 ejus
1828 3856 2030 3911 substi:

467 3947 641 3994 tuere.
677 3937 831 3993 Nunc
849 3955 979 3995 vero
1005 3955 1130 3994 cum
1154 3956 1380 3996 vernum
1406 3942 1791 4012 aequinoctium
1819 3960 1911 3999 sex
1937 3953 2032 4000 aut

466 4031 716 4100 pluribus
758 4031 952 4089 diebus
1001 4042 1150 4088 retro
1187 4049 1537 4105 progressum
1578 4034 1762 4103 luerit,
1805 4049 2030 4108 possent

466 4138 589 4179 esse
619 4125 722 4178 alia
753 4125 925 4196 prima
965 4126 1259 4196 plenilunia
1291 4137 1416 4182 ante
1445 4144 1535 4182 xxi
1563 4127 1760 4194 Martii,
1804 4131 1860 4185 in
1905 4131 2029 4202 qui-

463 4215 568 4271 bus
596 4214 766 4270 Judmi
801 4215 1018 4286 quidem
1050 4215 1261 4272 Pascha
1305 4218 1601 4284 celebrent,
1628 4236 1730 4275 nos
1759 4237 1889 4277 vero
1919 4223 2032 4294 ple-

463 4307 670 4362 nilunia
694 4308 922 4380 canonis
944 4320 1234 4379 sequentes
1261 4312 1530 4382 integrum
1563 4330 1805 4370 mensem
1838 4331 1869 4369 a
1904 4331 2031 4371 con-

461 4416 599 4471 gruo
631 4408 871 4472 tempore
900 4402 1292 4460 desciscamus.
1323 4404 1466 4460 Ante
1498 4421 1673 4462 annos
1697 4408 1842 4462 enim
1874 4409 2029 4478 quin-

2130 3212 2491 3282 τελουμένης·
2529 3213 2583 3264 αἱ
2632 3213 2690 3263 ὲν
2734 3210 2813 3280 τῷ
2859 3210 3088 3280 κανονίῳ
3121 3209 3524 3280 παρακείμεναι
3565 3222 3678 3259 παν-

2132 3300 2445 3372 σεληνιακαὶ
2485 3302 2709 3372 ἡμέραι,
2757 3303 2848 3355 καὶ
2883 3301 2944 3354 τό
2974 3301 3262 3354 Ἰουδαϊκὸν
3295 3300 3549 3372 δηλοῦσαι
3585 3299 3680 3353 [ιά-

2132 3409 2262 3462 σχα,
2313 3393 2525 3464 πρῶταί
2571 3396 2708 3445 εἰσιν
2762 3393 3019 3462 ἀσφαλῶς
3074 3393 3214 3463 μετὰ
3261 3393 3362 3462 τὴν
3418 3391 3678 3463 ἰσημερίαν

2129 3483 2470 3554 πανσέληνοι.
2505 3484 2638 3537 Οὐδὲ
2662 3483 2771 3555 γὰρ
2809 3484 2990 3556 εὕροις
3025 3485 3091 3538 ἂν
3135 3484 3195 3537 τὺ
3241 3484 3489 3538 κανόνιον
3521 3499 3679 3553 παρα-

2127 3575 2319 3645 τρέχον
2352 3574 2449 3644 μὲν
2481 3574 2579 3644 τὴν
2601 3576 2660 3628 ὲν
2687 3577 2752 3646 τῇ
2785 3582 2869 3628 κα¹
2901 3575 2992 3628 τοῦ
3017 3575 3282 3646 ,Μαρτίου
3333 3574 3644 3644 πανσέληνον
3665 3588 3677 3600 ·

2128 3664 2248 3734 ἥτις
2276 3670 2322 3716 α’
2347 3659 2416 3734 ἦν
2445 3663 2583 3734 μετὰ
2621 3665 2721 3736 τὴν
2763 3664 3052 3735 ἰσημερίαν
3081 3665 3227 3728 τότε,
3260 3666 3377 3718 ἀντ’
3406 3665 3606 3732 ἐκείνης
3633 3662 3680 3712 δὲ

2129 3755 2320 3825 ἑτέραν
2348 3755 2448 3825 τὴν
2479 3757 2597 3825 μετ’
2626 3756 2840 3827 ἐκείνην
2867 3756 3101 3826 ἔκρινον.
3127 3755 3243 3809 Νῦν
3271 3755 3329 3810 δὲ
3359 3757 3458 3826 τῆς
3483 3753 3680 3826 ἐαρινῆς

2134 3847 2420 3918 ἰσημερίας
2458 3847 2516 3913 ἒξ
2554 3847 2810 3920 ⁴ἡμέραις,
2844 3847 2877 3918 ἢ
2909 3848 3003 3901 καὶ
3037 3847 3279 3900 πλείοσιν
3311 3848 3682 3917 όπισΘοδρομη-

2131 3937 2323 4007 σάσης,
2347 3937 2576 3991 δύναιντ’
2599 3939 2666 3993 ἂν
2693 3939 2848 3993 ἄλλαι
2878 3939 3091 4012 πρῶται
3119 3939 3448 4011 πανσέληνοι
3477 3937 3574 4008 πρὸ
3594 3937 3681 4002 τῆς

2130 4036 2214 4082 κα⁸
2234 4028 2328 4083 τοῦ
2362 4030 2607 4102 Μαρτίου
2646 4031 2908 4100 γίνεσθαι,
2942 4031 3064 4084 καθ’
3093 4030 3162 4094 ἃς
3204 4031 3316 4084 τῶν
3355 4031 3605 4084 Ἰουδαίων
3630 4025 3684 4078 τὸ

2131 4125 2321 4193 Πάσχα
2345 4124 2661 4190 τελούντων,
2686 4126 2846 4195 ἡμεῖς
2877 4126 2997 4187 ταῖς
3029 4125 3087 4176 ὲν
3132 4123 3212 4194 τῷ
3256 4124 3443 4176 κανόνι
3487 4121 3684 4176 ἀκολου-

2132 4213 2367 4279 θοῦντες,
2402 4213 2689 4285 ὁλόκληρον
2728 4217 2872 4285 μῆνα
2913 4213 3007 4266 τοῦ
3049 4214 3419 4286 προσήκοντος
3453 4209 3684 4280 ὕστεροῦ-

2134 4325 2232 4378 μεν
2271 4306 2484 4378 καιροῦ.
2524 4305 2640 4378 Πρὸ
2677 4306 2884 4376 χρόνων
2921 4303 3030 4376 γὰρ
3075 4305 3438 4374 πεντήκοντα,
3482 4303 3591 4364 νέος
3615 4299 3684 4351 ὢν

2132 4401 2212 4454 ἔτι
2236 4401 2332 4472 τὴν
2363 4400 2599 4472 ἠλικίαν,
2635 4399 2744 4470 ἐγὼ
2775 4399 2894 4471 μὲν,
2930 4399 3084 4470 παρά
3118 4416 3226 4451 τινι
3258 4398 3369 4452 τῶν
3417 4393 3682 4468 Θρᾳκικῶν

463 4493 744 4564 quaginta,
798 4508 923 4547 cum
972 4493 1151 4548 adhuc
1187 4503 1345 4551 aetate
1379 4496 1597 4566 juvenis
1648 4514 1847 4563 essem,
1884 4509 1938 4555 et
1970 4501 2025 4555 in

2133 4492 2339 4547 πόλεων
2372 4491 2681 4562 διατρίϐων,
2713 4492 2856 4562 Αἴνῳ
2889 4490 3219 4562 καλουμένῃ,
3256 4484 3397 4542 εἶδον
3433 4491 3544 4542 τότε
3567 4485 3683 4545 τοὺς

462 4587 695 4655 quadam
728 4585 972 4642 Thracia:
996 4589 1150 4652 urbe,
1172 4590 1258 4642 cui
1297 4605 1491 4645 nomen
1522 4589 1718 4655 Alnos,
1749 4593 2022 4663 degerem,

462 4679 571 4733 vidi
605 4681 706 4734 loci
737 4681 1032 4751 inquilinos
1061 4680 1279 4739 Iudaeos
1310 4685 1571 4740 vicesima
1603 4685 1782 4742 Martii
1815 4687 2025 4743 Pascha

465 4788 623 4826 suum
657 4773 894 4828 obivisse
925 4792 938 4828 :
975 4789 1074 4830 nos
1102 4790 1232 4829 vero
1256 4784 1506 4832 nostrum
1541 4787 1790 4834 sanctum
1819 4779 2027 4837 Pascha

464 4864 723 4919 vicesima
755 4865 914 4920 tertia
951 4865 1154 4936 Aprilis
1188 4869 1606 4935 celebravimus,
1657 4873 1833 4927 secuti
1882 4873 2026 4930 diem

463 4954 744 5023 plenilunii
772 4959 997 5012 canonis
1019 4961 1074 5012 in
1103 4975 1234 5013 xvm
1253 4961 1456 5031 Aprilis
1485 4968 1746 5017 notatam.
1767 4963 1879 5034 Ego
1905 4966 2029 5035 qui-

465 5045 586 5100 dem
616 5053 746 5102 tunc
773 5063 886 5101 rem
920 5048 1220 5107 admiratus
1255 5067 1376 5108 sum
1403 5053 1582 5108 adhuc
1616 5055 1770 5111 rudis
1818 5059 2029 5114 mathe-

467 5139 787 5193 maticarum
819 5155 1019 5194 rerum.
1051 5143 1248 5198 Postea
1268 5161 1398 5200 vero
1419 5161 1617 5202 causas
1651 5148 1728 5203 rei
1757 5163 1825 5203 ex
1851 5157 2030 5204 astro-

467 5230 699 5285 nomicis
732 5230 1036 5299 disciplinis
1063 5235 1286 5291 edoctus
1324 5241 1538 5308 percepi
1573 5239 1679 5294 hoc
1710 5241 1812 5296 rite
1850 5247 2030 5298 conti-

468 5321 632 5391 gisse.
669 5319 744 5374 Ex
773 5321 859 5377 his
917 5323 1079 5393 igitur
1107 5333 1344 5392 constat,
1394 5331 1606 5398 quoties
1634 5331 1880 5400 proxime
1932 5350 2030 5389 ex-

468 5419 648 5469 actum
680 5427 900 5466 vernum
924 5416 1326 5484 aequinoctium,
1370 5419 1472 5472 hoc
1501 5428 1585 5475 est
1613 5439 1681 5476 xv
1711 5422 1908 5487 Martii,
1930 5442 2026 5482 us-

468 5518 574 5571 que
606 5503 670 5556 ad
702 5518 770 5556 xx
798 5503 1062 5571 ejusdem,
1091 5509 1357 5579 contingit
1387 5511 1744 5579 plenilunium
1769 5514 1907 5581 ﬁeri,
1928 5533 2029 5573 nos

472 5606 502 5652 α
533 5593 714 5666 regula
743 5593 1006 5650 deiicere:
1037 5599 1180 5668 quod
1207 5601 1271 5655 ad
1295 5601 1586 5669 plenilunia
1621 5605 1819 5677 Aprilis
1852 5616 2031 5666 trans-

549 5748 569 5784 ‘
597 5747 724 5805 Ηαῑε
757 5767 859 5804 non
890 5749 1038 5805 habet
1074 5751 1330 5823 Scaliger.

2131 4587 2307 4638 ἐκεῖσε
2345 4586 2444 4654 τὴν
2473 4585 2684 4655 οἴκησιν
2727 4582 3081 4654 ποιουμένους
3119 4581 3412 4644 Ἰουδαίους
3439 4583 3500 4651 τῇ
3531 4586 3576 4631 κ’
3599 4575 3682 4629 τοῦ

2130 4677 2374 4749 Μαρτίου
2413 4677 2474 4730 τὸ
2499 4679 2693 4729 οἰκεῖον
2745 4676 2934 4745 Πάσχα
2974 4674 3338 4738 τελέσαντας·
3382 4673 3442 4726 τὸ
3478 4672 3528 4724 δὲ
3569 4667 3683 4722 καθ’

2131 4770 2278 4840 ἡμᾶς
2305 4768 2458 4836 ᾶγιον
2492 4767 2681 4837 Πάσχα
2713 4769 2873 4837 ἡμεῖς
2897 4767 2961 4835 τῇ
3000 4771 3049 4817 κ’
3073 4763 3168 4817 τοῦ
3211 4764 3485 4835 Ἀπριλίου
3520 4759 3684 4813 ὲτεὶέο

2134 4880 2326 4933 σαμεν,
2358 4860 2819 4931 ἀκολουθήσαντες
2858 4861 2921 4929 τῇ
2971 4858 3032 4910 ὲν
3069 4856 3148 4927 τῷ
3174 4856 3405 4927 κανονίῳ
3444 4853 3528 4907 τοῦ
3560 4855 3680 4905 Ἰου-

2128 4956 2314 5012 δαῖκοῦ
2344 4956 2535 5026 Πάσχα.
2578 4949 3051 5022 διαλαμϐανομένῃ
3089 4949 3488 5019 πανσεληνιακῇ

2141 5047 2416 5122 Ἀπριλίου
2447 5054 2536 5120 ιη’.
2566 5047 2676 5099 Καὶ
2708 5044 2829 5097 τότε
2861 5043 2957 5113 μὲν
3004 5039 3117 5109 ἐγὼ
3150 5043 3207 5093 ἐν
3241 5040 3466 5113 ἀπόροις
3495 5036 3685 5104 ἐθέμην

2126 5144 2188 5198 τὸ
2227 5144 2479 5214 πρᾶγμα,
2518 5142 2683 5210 μήπω
2735 5133 3128 5208 μαθηματικῶν
3171 5134 3450 5205 ἁψάμενος
3483 5130 3682 5198 λόγων·

2131 5235 2354 5306 ὕστερον
2379 5233 2455 5297 δὲ,
2490 5231 2588 5294 τὰς
2627 5229 2804 5292 αἰτίας
2837 5226 2946 5278 τῶν
2986 5225 3244 5278 τοιούτων
3286 5227 3351 5277 ὲκ
3381 5224 3476 5292 τῆς
3499 5223 3689 5290 ἀστροι

2131 5328 2358 5398 νομικῆς
2391 5323 2575 5396 μαθὼν
2606 5323 2798 5392 ὲτιιστή
2809 5337 2934 5391 μης,
2956 5318 3128 5384 ἔγνων
3154 5315 3425 5370 καὶτοῦτο
3451 5312 3584 5366 κατὰ
3605 5311 3686 5364 τὸν

2133 5421 2318 5474 εἰκότα
2341 5417 2498 5486 λόγον
2529 5413 2762 5485 συμϐάν.
2807 5410 3039 5480 Φανερὸν
3085 5409 3194 5478 ἄρα
3239 5408 3455 5476 γέγονεν
3481 5406 3544 5456 ἐκ
3576 5402 3702 5499 τούοι

2134 5533 2262 5577 των,
2292 5515 2396 5579 ὅτι,
2429 5509 2658 5581 ὁπηνίκα
2681 5507 2941 5573 σύνεγγυς
2967 5503 3067 5572 τῆς
3106 5501 3384 5597 ἀκριϐοῦς
3397 5494 3702 5597 imp-aptas."

2135 5606 2412 5664 τουτέστιν
2439 5600 2548 5659 ἀπὸ
2572 5599 2674 5670 τῆς
2697 5593 2790 5654 τοῦ
2813 5593 3056 5664 Μαρτίου
3087 5598 3170 5658 ιε’,
3192 5591 3298 5656 ἕως
3325 5591 3421 5662 τῆς
3440 5592 3482 5638 κ’
3505 5582 3702 5650 at}wa
