3808 6330
471 345 612 400 1515
1497 343 1589 397 AD
1627 343 1895 399 EUSEBII
1930 343 2335 402 CHRONICON
2376 343 2742 400 APPENDIX.
3562 344 3670 399 1316

1101 457 1161 513 F.
1306 458 1341 510 5
1517 456 1579 512 Ρ.
1653 457 1686 510 9
1864 457 1923 511 F.
2003 460 2032 513 8

2215 457 2386 512 F.7
2565 457 2736 512 F.6
2911 453 3086 513 F.5
3262 453 3429 506 [7.4

473 528 542 580 12
687 528 754 581 Μ.
861 530 930 584 50
1209 527 1239 578 7
1592 529 1616 578 1
1936 528 1972 581 2
2291 529 2326 582 5
2642 529 2678 580 4
2990 527 3024 579 5
3341 523 3374 576 6
3623 526 3671 578 15

1095 595 1166 651 Μ.
1276 596 1339 651 51
1512 597 1580 652 Α.
1656 598 1689 650 6
1863 597 1929 652 A.
2006 597 2032 653 5

2217 597 2395 652 A.4
2569 597 2744 654 A.5
2919 594 3092 649 A.2
3267 594 3432 650 A.1

1117 689 1344 764 1.-27
1533 689 1693 764 1.26
1872 692 2048 764 p.25
2241 691 2402 764 1.,24
2580 690 2741 764 πέλε
2917 687 3088 764 F._29
3277 687 3432 764 J._28

474 762 539 814 15
685 758 751 813 Μ.
865 759 931 814 19
1210 760 1244 813 5
1594 762 1627 813 4
1874 758 1882 764 ’
1946 763 1979 818 5

2295 763 2330 815 6
2648 759 2680 813 7
2998 760 3020 812 1
3343 761 3378 813 2
3616 760 3671 814 26

1097 827 1168 883 Μ.
1276 829 1347 882 24
1524 829 1596 884 Μ.
1637 832 1708 886 25
1862 832 1934 887 Μ.
1973 833 2044 886 22
2225 831 2295 884 Μ.
2324 832 2388 886 21
2564 831 2632 884 Μ.
2663 830 2734 885 20
2909 829 2980 884 Μ.
3014 830 3081 884 26
3260 829 3332 886 Μ.
3360 830 3430 884 25

1093 920 1152 975 F.
1267 922 1336 975 17
1527 921 1590 977 F.
1632 925 1699 978 16
1871 925 1930 980 F.
1974 928 2042 983 15
2220 924 2284 978 F.
2319 925 2386 979 14
2563 921 2623 977 F.
2669 923 2736 976 15
2910 923 2971 976 F.
3013 924 3080 976 12
3259 927 3320 978 I‘.
3363 923 3424 976 11

472 993 538 1046 14
678 994 742 1046 A.
889 992 920 1044 7
1201 993 1227 1045 1
1585 996 1621 1048 2
1933 997 1968 1050 5

2287 996 2321 1048 4
2637 993 2671 1046 5
2985 993 3018 1046 6
3334 993 3366 1045 7
3648 991 3672 1043 7

1095 1063 1161 1116 A.
1273 1063 1340 1118 14
1516 1065 1582 1117 Α.
1621 1066 1688 1120 15
1864 1068 1930 1121 Α.
1971 1065 2040 1120 12
2215 1067 2277 1119 Α.
2322 1064 2383 1117 11
2564 1063 2629 1117 Α.
2668 1062 2735 1117 10
2906 1064 2969 1116 Α.
3043 1063 3076 1117 9
3256 1063 3321 1116 Α.
3396 1062 3430 1117 8

1093 1153 1154 1210 F.
1301 1156 1335 1208 5
1514 1154 1578 1212 F.
1651 1156 1688 1210 2
1861 1157 1922 1211 ι’.
2002 1159 2028 1211 1
2222 1156 2271 1210 Ι.
2314 1156 2376 1211 51
2562 1153 2624 1208 Γ.
2698 1152 2732 1206 6
2910 1153 2974 1210 F.
3049 1155 3084 1208 5
3259 1152 3319 1207 Ρ.
3393 1153 3429 1207 4

467 1225 536 1279 15
681 1224 751 1278 Μ.
855 1223 925 1278 27
1206 1225 1240 1278 4
1595 1227 1628 1281 5
1942 1227 1975 1282 6
2288 1227 2320 1280 7
2638 1223 2663 1276 1
2982 1224 3016 1277 2
3333 1223 3369 1278 5
3612 1222 3672 1290 18

1095 1295 1163 1349 Μ.
1265 1297 1328 1352 51
1505 1295 1575 1350 Μ.
1607 1297 1676 1351 50
1850 1296 2026 1379 29
2199 1297 2272 1352 Μ.
2303 1296 2373 1350 28
2550 1295 2616 1350 Α.
2691 1295 2725 1348 5
2899 1295 2965 1347 Α.
3037 1294 3073 1347 2
3256 1295 3322 1347 A.
3399 1296 3425 1348 1

1096 1388 1159 1444 F.
1268 1389 1339 1444 24
1505 1386 1567 1442 F.
1606 1389 1678 1443 25
1851 1389 1912 1442 F.
1953 1389 2025 1442 22

2196 1387 2258 1445 F.
2297 1389 2362 1441 21
2543 1385 2604 1440 F.
2646 1385 2716 1439 20
2895 1385 2953 1441 F.
3004 1387 3069 1441 19
3261 1386 3322 1441 F.
3358 1386 3430 1441 25

467 1455 536 1511 16
676 1457 739 1509 A.
853 1459 918 1512 15
1198 1460 1233 1513 2
1583 1460 1618 1512 5
1901 1459 1935 1512 4

2262 1460 2297 1510 5
2614 1457 2647 1510 6
2966 1459 2996 1510 7
3329 1458 3354 1510 1
3620 1456 3673 1511 29

663 1562 670 1567 -
1089 1528 1155 1582 A.
1264 1530 1327 1584 21
1504 1529 1570 1582 Α.
1609 1528 1680 1584 20
1855 1530 1922 1584 Δ.
1964 1530 2030 1584 19
2206 1531 2271 1583 Α.
2311 1529 2381 1582 18
2555 1528 2617 1583 Α.
2661 1528 2729 1581 17
2899 1528 2966 1582 Α.
3007 1528 3074 1581 16
3252 1529 3319 1583 Α.
3361 1526 3431 1581 22

1096 1618 1158 1674 F.
1270 1619 1336 1673 10
1514 1618 1573 1672 F.
1650 1617 1684 1672 9
1860 1617 1922 1672 F.
1999 1619 2032 1674 8

2211 1619 2272 1675 F.
2352 1619 2382 1670 7
2560 1617 2621 1672 Γ.
2667 1616 2734 1669 15
2910 1615 2971 1669 F.
3014 1617 3082 1670 12
3258 1618 3322 1672 F.
3365 1619 3425 1672 11

466 1686 534 1740 17
673 1688 740 1744 A.
847 1689 917 1742 25
1195 1689 1230 1743 4
1587 1690 1619 1743 5
1936 1690 1970 1743 6
2288 1691 2323 1743 7
2637 1688 2657 1740 1
2973 1689 3008 1742 2
3319 1691 3361 1744 -5
3625 1688 3676 1741 10

1097 1758 1167 1812 Α.
1311 1761 1343 1811 7
1517 1760 1582 1814 A.
1656 1757 1689 1811 6
1853 1759 1918 1812 Α.
1995 1758 2031 1813 5
2204 1759 2270 1812 Δ.
2343 1760 2378 1813 4
2554 1759 2620 1815 Δ.
2664 1761 2730 1815 10
2903 1759 2968 1812 Α.
3043 1758 3078 1812 9
3255 1759 3320 1814 Δ.
3396 1761 3430 1815 8

1115 1850 1165 1904 J.
1275 1852 1344 1905 27
1528 1852 1591 1907 F.
1664 1852 1701 1905 2
1874 1851 1935 1904 F.
2014 1853 2032 1905 1

2238 1851 2286 1906 J.
2329 1855 2392 1908 51
2570 1851 2619 1906 J.
2661 1854 2730 1908 50
2915 1852 2966 1907 «1.
3012 1851 3083 1906 29
3269 1849 3319 1907 J.
3358 1851 3428 1906 28

467 1919 750 1987 18,11.
859 1920 931 1973 25
1211 1922 1242 1974 7
1599 1925 1621 1976 1
1943 1921 1978 1974 2
2283 1923 2318 1977 5
2632 1925 2667 1977 4
2981 1923 3013 1976 5
3326 1921 3360 1974 6
3581 1919 3674 1975 '22

1100 1991 1171 2046 M.
1279 1991 1350 2045 24
1519 1991 1591 2046 Μ.
1631 1993 1700 2046 50
1870 1992 1941 2048 Μ.
1975 1992 2046 2047 29
2216 1993 2286 2048 Μ.
2322 1994 2392 2049 28
2564 1993 2634 2046 Μ.
2663 1994 2732 2048 27
2907 1991 2979 2046 Μ.
3009 1991 3080 2044 26
3249 1991 3319 2045 Μ.
3351 1991 3422 2045 25

1099 2085 1162 2142 F.
1275 2086 1343 2140 17
1516 2084 1578 2139 Ρ.
1621 2087 1687 2140 16
1865 2085 1927 2142 F.
1974 2087 2041 2141 15
2218 2087 2280 2143 F.
2317 2089 2382 2143 21
2566 2087 2626 2142 F.
2669 2089 2736 2142 15
2911 2085 2973 2140 F.
3016 2086 3083 2141 19
3262 2084 3324 2138 F.
3369 2085 3435 2138 18

475 2153 545 2210 19
683 2155 749 2208 Δ.
852 2155 912 2210 11
1196 2157 1233 2210 5
1581 2156 1615 2210 6
1933 2158 1962 2210 7
2281 2159 2307 2212 1
2624 2158 2659 2211 2
2974 2157 3008 2210 5
3323 2156 3358 2210 4
3645 2146 3676 2202 2

1096 2227 1162 2279 Δ.
1272 2226 1340 2281 14
1513 2227 1580 2282 Α.
1623 2229 1690 2282 15
1849 2227 1914 2280 Δ.
1960 2227 2026 2280 12
2208 2227 2272 2283 Α.
2317 2229 2383 2284 18
2559 2231 2622 2284 Α.
2659 2229 2724 2282 12
2901 2228 2966 2282 Α.
3006 2225 3072 2280 16
3247 2227 3312 2280 Δ.
3357 2225 3424 2278 15

1611 2539 2146 2632 ΜΕΘΟΔΟΣ
2218 2542 2559 2626 ΕΤΕΡΑ

613 2727 1010 2800 ’Δνεπίγραφος
1034 2726 1309 2799 φερομένη
1335 2727 1394 2780 ὲν
1426 2723 1641 2796 παλαιῷ
1668 2742 1773 2778 τινι
1803 2722 2014 2794 βιϐλίῳ,
2065 2721 2186 2792 ἥτις
2228 2722 2322 2774 καὶ
2351 2720 2444 2775 τοῦ
2477 2720 2642 2775 αὐτοῦ
2676 2717 2813 2776 εἶναι
2842 2720 2993 2778 δοκεῖ
3025 2722 3276 2778 Ἰσαάκου
3313 2723 3561 2796 μοναχοῧ-

932 2965 1594 3060 METHODUS
1662 2969 2167 3094 ALTERA,
2243 2970 2510 3062 SIVE
2600 2969 3242 3063 COMPUTUS

1664 3175 1889 3217 NULLIUS
1940 3177 2141 3217 TITULO
2190 3177 2498 3217 INSCRIPTUS

957 3313 1048 3368 Ita
1078 3322 1250 3369 tamen
1281 3323 1337 3368 ut
1365 3314 1598 3384 ejusdem
1646 3314 1827 3370 Isaaci
1857 3317 2097 3370 monachi
2124 3317 2362 3371 videatur
2393 3333 2524 3380 esse,
2553 3317 2644 3387 qui
2682 3318 2873 3387 prioris
2899 3327 2976 3372 est
3003 3327 3208 3374 auctor.

535 3545 694 3617 207
732 3542 868 3598 Cum
905 3552 983 3608 tu,
1016 3543 1418 3600 monachorum
1459 3543 1927 3614 praestantissime,
1972 3553 2026 3600 et
2054 3558 2102 3613 Α

473 3637 704 3692 fratrum
732 3635 787 3688 in
816 3633 1035 3688 Christo
1065 3633 1197 3686 mihi
1226 3631 1596 3701 optatissime,
1643 3631 1785 3686 scire
1833 3631 1899 3685 de
1948 3647 2035 3686 me

465 3728 706 3784 volueris
735 3724 1050 3779 methodum
1084 3725 1344 3792 aliquam,
1370 3738 1477 3792 qua
1523 3722 1838 3793 investigari
1874 3721 2035 3780 facile

466 3820 643 3889 possit
671 3825 779 3870 tam
807 3813 1128 3870 lndictionis
1159 3815 1367 3884 cyclus,
1397 3829 1560 3883 quam
1595 3813 1728 3868 solis
1753 3820 1806 3867 et
1840 3814 1982 3868 luna:
2016 3835 2030 3870 :

467 3920 584 3966 tum
617 3909 779 3978 hujus
805 3918 1065 3979 praeterea
1099 3905 1512 3960 fundamentum
1552 3925 1565 3960 :
1608 3905 1734 3961 item
1758 3915 1892 3976 quot
1917 3907 2033 3962 hzec

466 4003 680 4058 dierum
727 4001 798 4056 sit
839 4014 1094 4055 crescens
1141 4013 1205 4052 ac
1253 3997 1622 4064 decrescens;
1662 4007 1903 4068 quotque
1945 4001 2031 4055 lu-

466 4099 587 4149 ceat
632 4094 795 4147 horas
849 4107 880 4144 a
921 4106 1148 4161 vespera
1211 4089 1488 4158 qualibet;
1556 4105 1767 4144 necnon
1818 4090 2030 4145 initium

466 4187 612 4241 sacri
654 4185 901 4255 jejunii;
960 4183 1131 4253 legale
1186 4180 1431 4245 Pascha,
1505 4180 2028 4252 Cbristianumque,

465 4291 590 4332 cum
615 4277 808 4331 diebus
838 4275 1033 4344 jejunii
1072 4282 1384 4328 sanctorum
1409 4272 1797 4342 Apostolorum
1846 4293 1859 4328 :
1904 4273 2032 4326 huic

465 4385 565 4440 ego
590 4367 940 4438 postulationi
966 4365 1314 4421 satisfaciens
1349 4375 1474 4427 tum,
1507 4365 1829 4435 singillatim
1853 4365 2030 4434 expli-

467 4461 639 4525 cabo,
697 4458 1155 4531 quemadmodum
1235 4457 1511 4526 quodlibet
1575 4473 1637 4511 ex
1715 4457 1836 4510 istis
1893 4456 2031 4510 citra

465 4568 705 4609 errorem
762 4566 826 4606 ac
897 4551 1172 4621 negotium
1225 4549 1395 4603 ullum
1454 4547 1684 4604 inveniri
1731 4556 1914 4618 queat.
1965 4546 2032 4601 Et

463 4646 721 4717 quoniam
762 4643 903 4715 cycli
955 4642 1274 4696 lndictionis
1309 4640 1522 4694 initium
1582 4641 1744 4707 lunae,
1794 4655 1857 4694 ac
1899 4639 2030 4694 solis

465 4737 647 4809 cyctos
675 4733 947 4791 antecedit
979 4751 994 4800 ;
1026 4731 1096 4787 ab
1135 4733 1230 4788 illo
1277 4731 1594 4786 disoutandi
1633 4747 1846 4787 sumam
1870 4747 2030 4786 exor-

464 4831 632 4886 dium.

883 4942 959 4995 De
988 4939 1282 4994 Indictione
1311 4937 1638 5005 reperienda.

529 5034 570 5088 Ι.
590 5034 837 5098 lndictio,
859 5047 980 5102 quae
999 5031 1233 5085 etFusio
1265 5028 1597 5092 nominatur,
1623 5027 1837 5098 cyclum
1863 5041 2024 5082 suum

462 5127 682 5180 inchoat
710 5140 740 5178 a
768 5123 996 5178 Kalend.
1035 5119 1391 5191 Septembris,
1426 5118 1571 5189 quod
1605 5127 1689 5172 est
1721 5118 1847 5171 anni
1875 5117 2028 5186 prin-

462 5217 688 5286 cupium.
733 5215 880 5269 Idem
913 5227 1076 5283 porro
1109 5211 1295 5282 cyclus
1337 5211 1405 5264 ad
1446 5225 1617 5264 annos
1649 5225 1822 5278 usque
1864 5208 2027 5278 quin-

462 5307 636 5362 decim
681 5305 972 5370 ascendit;
1029 5304 1260 5373 indeque
1317 5317 1519 5355 novum
1565 5302 1825 5370 deinceps
1874 5301 2023 5370 capit

460 5397 762 5451 exordium.
809 5394 965 5449 llunc
1009 5395 1174 5465 igitur
1211 5393 1541 5461 investigare
1583 5395 1628 5449 si
1663 5394 1818 5458 velis,
1867 5408 2023 5448 sume

461 5503 636 5542 annos
680 5489 748 5542 ab
789 5488 922 5543 orbe
960 5487 1178 5541 condito
1211 5505 1224 5539 :
1258 5487 1351 5556 qui
1393 5487 1498 5539 hoc
1545 5493 1786 5555 tempore
1830 5501 2022 5540 mune-

461 5589 653 5636 rantur
699 5580 858 5642 6585,
883 5579 951 5633 de
982 5579 1180 5647 quibus
1221 5577 1506 5642 subtrahe,
1543 5578 1720 5647 quoad
1753 5579 1894 5645 licet,
1930 5577 2018 5631 in-

535 5733 582 5767 “
607 5733 761 5790 Deest
793 5733 1015 5796 ἐθέλεις.
1095 5734 1161 5764 ¹⁰⁹
1196 5732 1235 5800 f.
1271 5732 1368 5803 τῆς
1402 5731 1525 5785 τῶν.

2212 3547 2570 3617 Ἐπειδήπερ,
2634 3546 2884 3616 μοναχῶν
2935 3544 3266 3615 τιμιώτατε,
3322 3546 3420 3598 καὶ
3465 3545 3676 3614 ἀδελφῶν

2139 3657 2226 3709 μοι
2256 3639 2398 3692 κατὰ
2430 3637 2661 3708 Χριστὸν
2707 3637 3073 3700 ποθεινότατε,
3123 3635 3326 3688 εἰδέναι
3372 3635 3584 3705 μέθοδον
3623 3635 3675 3696 ⁵⁸,

2133 3729 2200 3782 δι’
2249 3725 2315 3800 ἦς
2368 3747 2449 3782 σοι
2495 3729 2799 3799 βουλομένῳ
2844 3728 3039 3799 ῥᾳδίως
3072 3727 3430 3798 εὑρεθήσεται
3461 3729 3487 3780 ὃ
3517 3745 3570 3780 τε
3600 3726 3677 3778 κὺ-

2135 3823 2260 3884 κλος
2290 3823 2389 3893 τῆς
2433 3821 2704 3884 Ἰνδίκτου,
2737 3822 2765 3874 ὁ
2796 3820 2892 3874 τοῦ
2938 3820 3111 3890 ἡλίου,
3153 3818 3290 3872 ἀλλὰ
3322 3819 3389 3891 δὴ
3427 3819 3517 3872 καὶ
3544 3820 3571 3869 ὁ
3596 3818 3676 3884 τῆς

2136 3913 2397 3984 σελήνης’
2432 3912 2510 3964 ἔτι
2544 3929 2601 3964 τε
2626 3915 2654 3965 ὁ
2693 3911 2894 3982 ταύτης
2939 3910 3217 3981 θεμέλιος
3263 3911 3359 3962 καὶ
3390 3912 3524 3962 ὅσων
3558 3912 3673 3978 ἠμε-

2137 4005 2245 4076 ρῶν
2273 4005 2412 4076 αὕτη
2436 4006 2692 4073 τυγχάνει
2725 4003 2992 4073 αὐξομένη
3033 4019 3093 4055 τε
3127 4004 3222 4055 καὶ
3260 4003 3572 4072 μειουμένη,
3600 4000 3677 4052 καὶ

2133 4095 2305 4158 πόσας
2346 4094 2494 4165 ὥρας
2545 4094 2720 4163 φαίνει
2774 4095 2893 4146 καθ’
2939 4093 3177 4165 ἑκάστην
3238 4093 3510 4164 ἑσπέραν·
3563 4091 3675 4162 πρὸς

2132 4187 2340 4250 τούτοις
2374 4188 2408 4258 ἦ
2440 4203 2498 4239 τε
2536 4187 2838 4257 ἀπόκρεως,
2889 4185 2950 4238 τὸ
2981 4183 3205 4254 νομικὸν
3241 4185 3459 4254 Πάσχα,
3494 4184 3581 4237 καὶ
3627 4181 3677 4232 τὸ

2130 4281 2238 4332 τῶν
2289 4277 2624 4348 Χριστιανῶν
2680 4278 2832 4345 ἅγιον
2879 4276 3094 4346 Πάσχα,
3131 4277 3228 4329 σὺν
3291 4281 3419 4340 ταῖς
3473 4276 3676 4346 ἡμέραις

2135 4370 2211 4400 ’θ’
2255 4369 2363 4422 τῶν
2415 4369 2583 4436 ἁγίων
2620 4366 2954 4420 Ἀποστόλων
2981 4365 3273 4436 νηστείας·
3311 4367 3422 4418 ἰδοὺ
3463 4367 3557 4435 τὴν
3596 4363 3676 4431 σὴν

2132 4459 2420 4531 ἐκπληρῶν
2459 4460 2672 4530 αἴτησιν
2711 4457 2976 4523 ὑποδείξω
3014 4474 3095 4509 σοι
3144 4457 3287 4510 κατὰ
3337 4458 3521 4528 μέρος,
3553 4458 3675 4514 ὅπως

2131 4552 2358 4604 ἕκαστον
2410 4551 2610 4604 τούτων
2656 4550 2970 4613 ἀπταίστως
3007 4566 3087 4602 σοι
3119 4550 3212 4601 καὶ
3248 4551 3448 4621 ῥαδίως
3477 4549 3675 4619 εὑρεθή-

2135 4661 2304 4698 σεται.
2348 4643 2498 4696 Ἐπεὶ
2537 4643 2592 4695 δὲ
2627 4643 2731 4714 πρὸ
2765 4641 2874 4693 τῶν
2909 4641 3126 4695 κύκλων
3155 4641 3308 4711 ἡλίου
3352 4643 3449 4696 καὶ
3481 4642 3675 4710 σελήνης

2130 4739 2159 4790 ὁ
2209 4739 2305 4808 τῆς
2355 4737 2606 4789 Ἰνδίκτου
2656 4733 2922 4805 λαμϐάνει
2969 4736 3072 4805 τὴν
3116 4735 3314 4806 ἀρχὴν,
3368 4736 3477 4789 ἀπὸ
3516 4735 3674 4788 τούτου

2131 4826 2286 4895 κάγὼ
2309 4826 2406 4898 τὴν
2438 4826 2611 4898 ἀρχὴν
2645 4826 2958 4897 ποιήσομαι.

2438 4939 2578 5006 Περὶ
2617 4936 2908 5005 εὑρέσεως
2934 4935 3046 5005 τῆς
3086 4936 3405 4992 Ἰνδίκτου.

2198 5034 2276 5084 Λ’.
2332 5031 2395 5083 Ἦ
2429 5030 2706 5093 Ἰνδικτος,
2738 5029 2861 5100 ἥτις
2890 5030 2985 5082 καὶ
3031 5029 3327 5081 Ἰνδικτιὼν
3364 5032 3456 5082 καὶ
3491 5025 3676 5081 Ἐπινὲ-

2132 5139 2296 5193 μησις
2335 5121 2571 5189 λέγεται,
2618 5121 2732 5190 ἔχει
2777 5122 3079 5192 ἀρχόμενον
3111 5120 3205 5174 τὸν
3254 5122 3459 5191 ἑαυτῆς
3504 5119 3676 5174 κύκλον

2127 5213 2235 5266 ἀπὸ
2269 5213 2368 5282 τῆς
2399 5210 2446 5263 α’
2476 5212 2567 5264 τοῦ
2599 5212 2993 5282 Σεπτεμϐρίου,
3029 5213 3198 5282 ἤγουν
3241 5213 3344 5282 τῆς
3375 5210 3467 5264 τοῦ
3509 5209 3675 5280 χρόνον

2129 5303 2333 5373 ἀρχῆςο
2392 5302 2538 5364 ὅστις
2587 5302 2681 5354 καὶ
2733 5302 3017 5372 ἀνέρχεται
3071 5303 3153 5365 εἰς
3212 5302 3440 5372 χρόνους
3488 5298 3562 5365 ιε’,
3600 5296 3676 5348 καὶ

2128 5394 2288 5448 πάλιν
2322 5393 2588 5464 λαμϐάνει
2633 5393 2823 5463 ἀρχήν.
2873 5393 2936 5445 Εἰ
2968 5387 3061 5445 οὖν
3111 5392 3294 5462 βούλει
3327 5391 3510 5446 τοῦτον
3546 5385 3674 5456 εὐρε-

2130 5503 2300 5548 σκειν,
2350 5486 2542 5557 κράτει
2587 5485 2657 5539 τὰ
2685 5486 2791 5539 ἀπὸ
2839 5485 3068 5548 κτίσεως
3129 5486 3341 5555 κόσμου
3394 5485 3508 5554 ἐτη,
3542 5477 3676 5534 ἅτινά

2128 5577 2239 5650 εἰσι,
2262 5577 2319 5628 τὸ
2357 5577 2527 5646 παρὸν
2557 5575 2774 5645 ,ςωπέ⁹
2811 5576 2904 5630 καὶ
2951 5575 3118 5645 ἄφελε
3158 5575 3269 5629 ἀπὸ
3318 5573 3537 5637 τούτων,
3565 5569 3656 5624 ὀσὰ
