3808 6308
127 331 255 386 1517

1009 331 1230 388 ISAACI
1268 327 1570 388 nomen:
1603 320 1978 382 coururus
2033 287 2468 378 ECCLESIAST.

3212 320 3352 377 1518

124 465 205 510 κις
251 444 318 501 ἂν
362 445 612 519 δυνηθῇς,
646 447 736 500 τὸν
789 446 884 500 τοῦ
932 449 1130 503 κύκλου
1177 451 1274 522 τῆς
1336 448 1683 510 Ἰνδικτιῶνος

1787 441 2039 496 dictionis
2083 441 2481 511 cyclumysive
2514 453 2690 493 annos
2736 455 2807 492 xv
2857 457 2870 492 :
2919 436 3186 508 quidquid
3222 439 3352 490 reli-

124 537 372 610 ἀριθμὸν,
405 538 572 609 ἤγουν
602 538 692 590 τὸν
736 545 794 590 ιε’
814 556 828 569 ·
861 541 955 593 καὶ
987 540 1056 594 τὰ
1103 541 1540 612 καταλειπόμενα
1581 539 1681 594 κά-

122 625 303 691 τωθεν,
335 625 369 696 ἦ
405 626 500 678 καὶ
533 626 722 697 μέχρις
747 627 927 682 αὐτῶν
957 628 1065 684 τῶν
1102 627 1184 692 ιε’,
1219 627 1365 684 ἔστιν
1405 631 1434 683 6
1469 627 1683 682 ἐνιστά-

124 718 275 788 μένος
306 717 508 781 κύκλος
541 719 727 788 αὐτῆς.
1639 710 1667 718 ”

702 850 704 854 '
719 833 1092 908 ’Υπόδειγμω

180 943 307 1001 Οἷον
340 947 739 1018 ὖποδείγματος
769 949 959 1022 χάρινο
1009 952 1162 1006 Ἐπεὶ
1204 955 1273 1008 τὰ
1314 954 1422 1009 άπὸ
1453 954 1681 1018 κτίσεως

119 1039 320 1110 κόσμου
377 1040 535 1106 εἰσὶν,
587 1040 662 1105 ὡς
699 1041 1010 1112 δεδήλωται,
1054 1043 1147 1117 ἔτη
1196 1053 1401 1116 ,ςωπε’,
1426 1047 1676 1118 λέγομεν,

117 1132 194 1184 δτι
229 1132 712 1197 πεντεκαιδεκάκις
735 1135 804 1188 τὰ
849 1141 892 1188 ν’
926 1138 1031 1206 ψνν,
1076 1138 1170 1191 καὶ
1203 1139 1679 1202 πεντεκαιδεκάκις

117 1222 181 1276 τά
204 1228 254 1294 η’
284 1230 396 1294 ρκ’,
447 1224 707 1295 γινόμενα
751 1227 884 1297 ὁμοῦ
920 1227 1082 1300 ,ςωο’.
1114 1229 1553 1300 Κατελείφθησαν
1585 1228 1680 1282 καὶ

119 1313 274 1386 μέχρι
299 1315 411 1370 τῶν
441 1323 629 1380 ,ςωπε’
670 1316 765 1388 ἔτη
791 1325 882 1371 ts"
920 1318 956 1372 ἃ
995 1320 1088 1374 καί
1117 1322 1251 1374 εἰσιν
1282 1322 1310 1373 6
1333 1319 1679 1390 ἐνιστάμενος

118 1405 311 1470 κύκλος
338 1406 528 1477 αὐτῆς.
559 1408 697 1461 Ἀλλ’
713 1409 833 1462 ἐπεὶ
853 1410 1114 1483 δυσχερὴς
1130 1407 1265 1465 εἶναι
1290 1411 1436 1464 δοκεῖ
1457 1414 1568 1475 τοῖς
1601 1409 1677 1482 μὴ

117 1498 304 1553 εἰδόσιν
336 1500 597 1570 ἐντέχνως
632 1501 887 1571 ψηφίζειν
916 1505 948 1572 ή
977 1503 1196 1574 τοιαύτη
1223 1503 1461 1574 μέθοδος,
1488 1504 1687 1556 ἐπενο-,

116 1590 212 1662 ήθη
235 1607 322 1654 τις
354 1590 488 1663 ἄλλη
524 1594 850 1665 σαφεστέρα,
884 1594 978 1648 καὶ
1007 1596 1178 1667 ῥᾴστη
1209 1598 1318 1660 τοῖς
1342 1595 1514 1669 ταύτῃ
1534 1612 1675 1668 χρω-

118 1682 314 1752 μένοις,
349 1682 546 1753 ἔχουσα
578 1682 750 1748 οὕτως
761 1701 775 1717 ⁸

1781 549 1950 603 quum
1990 533 2095 587 erit
2133 531 2273 586 infra
2300 531 2551 586 eumdem
2582 546 2897 595 numerum,
2929 539 3026 585 aut
3052 531 3098 586 si
3136 532 3350 600 integer

1780 638 2043 678 numerus
2071 623 2189 694 ipse
2220 620 2474 677 residuus
2505 621 2719 688 sit,erit
2741 637 2983 693 praesens
3016 603 3346 678 lndictionis

1783 714 1990 785 cyclus.

2397 823 2729 894 Exemplum.

1847 935 2092 1006 Exempli
2145 936 2317 1008 gratia
2383 955 2397 990 :
2461 935 2729 1002 Quoniam
2785 935 2854 990 ab
2925 936 3056 991 orbe
3123 937 3347 993 condito

1778 1035 2158 1094 numerantur,
2187 1037 2246 1082 ut
2285 1029 2397 1099 jam
2438 1029 2697 1091 diximus,
2746 1028 2872 1082 anni
2916 1028 3083 1093 6885,
3117 1031 3348 1099 quinde-

1779 1121 1892 1176 cies
1947 1123 2340 1191 quinquaginta
2390 1119 2599 1174 faciunt
2648 1120 2801 1187 750;
2849 1122 3164 1191 quindecies
3216 1123 3344 1178 item

1779 1221 1904 1269 octo
1934 1214 2066 1268 dant
2102 1213 2241 1279 12ος
2275 1213 2410 1267 ﬁunt
2442 1213 2569 1267 anni
2614 1214 2777 1268 simul
2827 1214 2987 1268 6870.
3036 1214 3242 1271 Desunt
3275 1215 3344 1270 ad

1778 1304 2133 1375 complendos
2183 1304 2325 1359 6885
2355 1305 2482 1358 anni
2529 1305 2616 1369 15,
2669 1307 2762 1374 qui
2796 1315 2880 1360 est
2919 1321 3157 1376 praesens
3199 1309 3345 1362 Indi-

1778 1397 1980 1452 ctionis
2021 1398 2228 1469 cyclus.
2259 1395 2461 1452 Verum
2504 1397 2631 1466 quia
2664 1413 2880 1453 morosa
2918 1410 3001 1453 cst
3038 1400 3344 1454 calculandi

1773 1489 1998 1544 minime
2036 1491 2225 1560 peritis
2274 1490 2376 1544 ista
2419 1491 2728 1554 methodus,
2768 1493 3074 1562 excogitata
3118 1501 3201 1547 est
3236 1493 3343 1546 alia

1776 1582 2021 1651 quaedam
2053 1585 2311 1651 apertior,
2359 1592 2415 1636 et
2452 1583 2700 1652 expedita
2735 1598 2858 1637 cum
2908 1584 3097 1653 primis
3139 1585 3206 1640 iis
3247 1585 3340 1656 qui

1776 1675 1856 1728 uti
1885 1691 1947 1730 ea
1975 1676 2248 1730 voluerint
2275 1693 2289 1743 ;
2323 1691 2444 1746 qua:
2471 1675 2550 1731 sic
2585 1676 2747 1731 habet
2788 1695 2802 1730 :

180 1774 471 1846 Κράτησον
499 1774 568 1828 τὰ
597 1775 750 1844 ὀλίγα
777 1775 869 1849 ἐτη
893 1794 906 1808 ·
942 1777 1096 1846 ὀλίγα
1122 1777 1180 1831 δὲ
1213 1776 1441 1848 λέγομεν
1474 1776 1544 1830 τά
1575 1776 1674 1830 κά-

1847 1767 2044 1836 Accipe
2089 1767 2357 1822 minorem
2407 1784 2692 1824 numerum
2736 1783 3040 1833 annorum,
3087 1768 3341 1826 videlicet

115 1866 276 1920 τωθεν
305 1866 417 1921 τῶν
455 1884 514 1919 τε
553 1867 801 1937 χιλιάδων
835 1870 929 1922 καὶ
976 1869 1372 1923 ἐκατοντάδων·
1401 1869 1568 1939 ἤγουν
1605 1867 1673 1921 τὰ

115 1958 173 2010 ἐκ
206 1957 452 2027 μονάδων
501 1958 594 2010 καὶ
625 1959 882 2025 δεκάδων,
917 1959 952 2030 ἢ
984 1959 1078 2013 καὶ
1117 1959 1175 2026 ἐξ
1207 1958 1530 2030 ἀμφοτέρων
1552 1975 1674 2012 συν-

116 2048 414 2118 ιστάμενα,
471 2047 630 2102 ἅτινά
679 2050 785 2102 είσι
843 2050 943 2121 τὴν
996 2051 1234 2122 σήμερον
1290 2057 1392 2104 πεν.
1455 2050 1675 2114 Τούτοις

116 2138 346 2210 πρόσθες
371 2144 435 2203 ε’,
480 2139 574 2191 καὶ
624 2139 859 2207 γίνονται
889 2143 958 2206 ιιο.
992 2139 1191 2207 Ἀφελε
1219 2137 1328 2192 ἀπὸ
1357 2138 1561 2192 τούτων
1605 2138 1675 2192 τὰ

118 2234 204 2293 ιε’,
234 2229 427 2292 ὁσάκις
461 2229 717 2299 ἐγχωρεῖ,
763 2227 962 2283 εἰπών·
1012 2229 1494 2294 Πεντεκαιδεκάκις
1523 2231 1591 2284 τὰ
1633 2236 1673 2283 ε’

115 2326 178 2372 οε¹
198 2338 211 2350 ·
241 2318 676 2391 κατελείφθησαν
703 2319 861 2392 μέχρι
883 2320 990 2374 τῶν
1020 2324 1069 2387 ιιι
1097 2321 1190 2375 καὶ
1218 2328 1278 2375 ιε’
1297 2339 1310 2352 ·
1337 2322 1492 2376 ἆτινά
1517 2324 1671 2388 εἰσιν,

114 2413 184 2476 ὡς
214 2412 478 2484 ἀνωτέρω
507 2412 818 2484 δεδήλωται,
871 2413 899 2465 6
935 2414 1281 2483 ἐνιστάμενος
1331 2414 1526 2479 κύκλος
1573 2415 1675 2485 τῆς

127 2505 374 2559 Ἰνδίκτου
395 2522 410 2536 ⁸
447 2505 629 2558 ὅντινα
669 2505 762 2559 καὶ
798 2506 1047 2577 εὑρήσεις
1085 2505 1340 2574 ἀσφαλῶς
1373 2509 1489 2570 ταῖς
1521 2507 1673 2579 εἰρη-

118 2598 299 2668 μέναις
326 2597 612 2670 χρώμενος
635 2596 861 2665 ἐφόδοις,
890 2595 1122 2668 ὁποτέρα
1156 2594 1338 2668 βούλῃ.

212 2731 356 2800 Περὶ
387 2729 501 2798 τῆς
527 2727 817 2797 εὑρέσεως
845 2727 950 2783 τοῦ
982 2727 1210 2782 κύκλου
1238 2725 1343 2780 τοῦ
1370 2727 1568 2795 ἡλίου.

180 2849 251 2902 B'.
286 2848 350 2900 '0
367 2847 426 2901 δέ
468 2864 531 2916 γε
559 2845 650 2900 τοῦ
680 2844 827 2916 ἡλίου
852 2843 1047 2908 κύκλος
1072 2842 1294 2914 ἄρχεται
1326 2841 1424 2914 μὲν
1452 2840 1558 2894 ἀπὺ
1575 2840 1676 2910 τῆς

115 2947 157 2991 α’
179 2941 270 2994 τοῦ
319 2937 649 3011 Ὀκτωϐρίου
692 2937 879 3008 μηνὸς,
921 2935 1203 3008 ἀνέρχεται
1231 2935 1287 2988 δὲ
1323 2935 1427 2999 ἓως
1455 2934 1676 3007 χρόνους
1719 2970 1727 2979 .

113 3029 214 3102 κη’,
246 3030 344 3083 καὶ
392 3025 552 3090 αὖθις
593 3027 855 3098 λαμϐάνει
896 3027 994 3099 τὴν
1027 3027 1218 3098 ἀρχήν.
1266 3026 1328 3080 Ei
1370 3021 1462 3079 οὖν
1505 3025 1678 3087 Θέλεις

1774 1873 1897 1912 eum
1939 1856 2033 1928 qui
2072 1858 2214 1912 infra
2249 1859 2586 1915 millenarios
2608 1868 2663 1914 et
2699 1861 3038 1915 ccutenarios
3061 1863 3338 1929 excurrit;

1774 1944 1877 1998 hoc
1901 1952 1982 2000 est
2015 1946 2108 2015 qui
2143 1962 2211 2001 ex
2250 1948 2551 2004 unitatibus
2583 1957 2636 2004 et
2663 1949 2976 2010 decadibus,
3015 1952 3099 2004 vel
3127 1967 3191 2006 ex
3219 1968 3338 2006 am-

1773 2033 1948 2088 bobus
1994 2042 2232 2100 constat,
2273 2037 2583 2106 cujusmodi
2623 2037 2783 2094 hodie
2816 2047 2899 2096 est
2927 2040 3015 2095 85.
3063 2040 3146 2094 Ad
3194 2041 3340 2096 hunc

1774 2126 1909 2181 adde
1951 2125 1985 2180 5
2024 2142 2037 2177 :
2087 2126 2220 2181 ﬁunt
2261 2127 2347 2182 90.
2382 2127 2614 2184 Detrahe
2659 2131 2743 2193 15,
2789 2133 2968 2202 quoad
3019 2142 3192 2204 potes,
3234 2134 3340 2187 hoc

1772 2217 1934 2272 modo
1986 2235 2000 2270 :
2047 2217 2364 2285 quindecies
2419 2222 2662 2291 quinque
2711 2222 2843 2276 dant
2893 2224 2980 2289 75,
3026 2233 3233 2278 restant
3275 2224 3341 2280 15

1774 2308 1840 2362 ad
1878 2309 2228 2378 complendus
2269 2308 2357 2364 90.
2406 2310 2507 2366 Hic
2535 2314 2637 2368 erit
2683 2315 2868 2385 cyclus
2902 2330 3147 2384 prmsens
3190 2315 3337 2369 Indi-

1772 2401 1969 2457 ctionis
2012 2418 2026 2455 :
2062 2417 2222 2471 quem
2261 2411 2494 2474 utraque
2526 2406 2798 2474 methodo,
2836 2415 3000 2476 prout
3022 2407 3200 2462 visum
3233 2409 3339 2462 erit

1772 2499 1979 2557 exacte,
2017 2495 2278 2564 reperies.

1995 2717 2266 2784 Quomodo
2291 2717 2626 2774 inveniendus
2654 2718 2723 2772 sit
2755 2717 2882 2771 solis
2911 2717 3106 2786 cyclus.

1844 2833 1909 2889 ll.
1949 2835 2149 2906 Cyclus
2198 2833 2331 2889 solis
2383 2849 2412 2886 a
2439 2831 2694 2888 Kalendis
2737 2831 2990 2887 Octobris
3027 2829 3340 2895 inchoatur,

1778 2933 1833 2980 et
1885 2925 1952 2980 ad
1995 2939 2169 2980 annos
2208 2938 2380 2978 xxvm
2430 2923 2791 2993 progreditur,
2830 2920 2976 2976 unde
3017 2935 3211 2976 rursus
3239 2936 3338 2975 no-

1774 3033 1903 3072 vum
1952 3017 2098 3088 capit
2154 3017 2396 3070 initium.
2441 3014 2596 3068 Hunc
2625 3030 2756 3084 ergo
2792 3013 3038 3084 reperire
3072 3013 3118 3069 si
3151 3013 3334 3068 volue-

114 3123 202 3175 καὶ
225 3121 416 3174 τοῦτον
441 3120 638 3190 εὑρεῖν,
667 3117 796 3170 λάϐε
825 3117 894 3171 τὰ
930 3117 1037 3171 ἀπὸ
1069 3117 1297 3180 κτίσεως
1320 3116 1523 3186 κόσμου
1557 3115 1673 3186 ἔτη,

1787 3109 1887 3177 ris,
1920 3109 2106 3179 accipe
2134 3123 2306 3162 annos
2345 3107 2414 3162 ab
2452 3108 2583 3162 orbe
2618 3105 2860 3169 condito,
2901 3114 2954 3160 et
2991 3120 3084 3161 eos
3134 3105 3341 3174 partire

114 3217 203 3268 καὶ
232 3215 460 3286 μέρισον
504 3211 641 3266 αὐτὰ
675 3210 825 3282 παρὰ
851 3211 943 3264 τὸν
969 3209 1198 3282 ἀριθμὸν
1221 3209 1329 3263 τῶν
1357 3207 1546 3262 τούτου
1576 3207 1676 3261 κύο

112 3308 272 3372 κλων,
327 3307 494 3377 ἤγουν
537 3304 641 3356 τῶν
683 3309 802 3374 κη’·
854 3302 925 3356 τὰ
967 3301 1398 3372 καταλειπόμενα
1436 3297 1677 3354 κάτωθεν

112 3400 215 3452 τῶν
282 3405 394 3468 κη’,
443 3396 478 3464 ἢ
535 3396 630 3450 καὶ
675 3395 780 3459 ἓως
840 3393 1052 3460 αὐτῶν,
1109 3392 1252 3446 ἐστιν
1301 3391 1330 3443 6
1376 3389 1470 3444 τοῦ
1525 3388 1674 3460 ἡλίου

112 3490 332 3554 κύκλος.

732 3599 1078 3669 Υπόδειγμα.

207 3736 308 3772 ινα
363 3717 419 3770 δὲ
472 3713 749 3770 κάνταῦθα
797 3713 1126 3783 σαφέστερον
1171 3711 1200 3764 ὃ
1241 3710 1385 3780 λέγω
1427 3707 1672 3780 γένηται,

110 3809 376 3878 λαμϐάνω
410 3807 482 3862 τὰ
511 3806 774 3876 εἰρημένα
822 3804 916 3875 ἐτη
968 3801 1283 3876 sanguine“
1333 3801 1426 3856 καὶ
1475 3796 1678 3872 μερίζω

108 3902 282 3955 ταῦτα
334 3899 486 3970 παρὰ
516 3898 623 3951 τῶν
676 3903 759 3967 κη’
785 3894 954 3958 οὕτως
978 3911 994 3926 ·
1041 3893 1487 3956 Ὀκτωεικοσάκις
1533 3891 1601 3945 τὰ
1633 3897 1677 3943 σ¹

111 4002 197 4066 ,εχ¹
221 4011 234 4022 ·
274 3989 704 4053 ὀκτωεικοσάκις
732 3989 799 4042 τὰ
836 3995 887 4058 μ’
933 3993 1065 4059 ,αρκ’
1084 4002 1098 4015 ·
1144 3987 1237 4040 καὶ
1261 3983 1678 4046 ὀκτωεικοσάκις

109 4088 176 4141 τά
223 4094 265 4141 ε’
322 4091 448 4158 pp."
497 4083 754 4153 γινόμενα
799 4077 931 4151 ὁμοῦ
963 4077 1130 4150 ,ςωξκ
1179 4074 1519 4143 Κατελείφθη
1573 4073 1679 4135 ἓως

108 4177 216 4229 τῶν
254 4181 340 4230 πε¹
373 4173 469 4228 καλ¹
505 4171 598 4243 ἐτη
637 4177 746 4224 xc“
785 4168 944 4223 ἅτινά
975 4169 1110 4221 εἰσιν
1141 4168 1169 4220 6
1212 4164 1355 4219 κατά
1398 4164 1458 4217 τὸ
1507 4162 1678 4234 παρὸν

108 4266 226 4331 ἔτος
256 4264 611 4336 ἐνιστάμενος
640 4260 835 4324 κύκλος
860 4258 957 4313 τοῦ
985 4259 1137 4331 ἡλίου
1167 4255 1406 4320 εἰκοστὸς
1434 4254 1679 4326 πέμπτος

105 4359 420 4428 τυγχάνων.

1776 3216 1872 3270 per
1919 3201 2022 3266 28,
2074 3200 2166 3270 qui
2228 3207 2313 3254 est
2361 3213 2622 3252 numerus
2675 3197 2950 3267 cyclorum
3033 3196 3336 3261 solarium;

1775 3291 2036 3362 quidquid
2064 3291 2334 3345 relicuum
2357 3291 2461 3346 erit
2484 3304 2592 3344 non
2622 3289 2798 3358 majus
2827 3303 2989 3358 quam
3012 3286 3103 3352 28,
3125 3287 3216 3342 hic
3233 3287 3339 3342 erit

1776 3385 1908 3440 solis
1934 3383 2140 3453 cyclus.

2385 3577 2732 3660 Exemplum,

1843 3689 1915 3746 Ut
1956 3699 2137 3745 autem
2187 3689 2391 3747 clarius
2446 3692 2518 3745 sit
2567 3691 2712 3761 quod
2761 3690 2905 3755 dico,
2959 3706 3116 3747 sumo
3164 3705 3338 3745 annos

1774 3782 1981 3848 mundi,
2012 3797 2150 3853 quos
2176 3780 2312 3850 dixi,
2351 3781 2513 3848 6885,
2557 3799 2762 3852 eosque
2799 3782 2980 3838 divido
3016 3798 3112 3851 per
3132 3782 3201 3836 28
3235 3783 3340 3837 hoc

1775 3874 1936 3929 modo
1994 3893 2007 3928 :
2069 3873 2254 3929 Vicics
2313 3875 2484 3929 octies
2532 3874 2638 3929 200
2693 3873 2901 3928 faciunt
2948 3872 3128 3940 5600;
3170 3873 3339 3929 vicies

1775 3966 1946 4022 octies
1990 3966 2080 4031 40,
2132 3967 2265 4021 dant
2316 3965 2494 4033 H20;
2541 3965 2710 4021 vicies
2753 3967 2924 4021 octies
2964 3967 2997 4019 5
3039 3975 3164 4021 sunt
3212 3965 3338 4020 MO.

1778 4056 1999 4113 Summa
2037 4057 2213 4123 6860,
2246 4057 2439 4127 reliqui
2475 4065 2604 4112 sunt
2651 4057 2718 4110 ad
2769 4057 3062 4126 explendos
3095 4057 3164 4110 85
3199 4055 3333 4109 anni

1775 4151 1864 4218 25,
1899 4153 1992 4222 qui
2019 4157 2102 4206 est
2127 4151 2253 4205 anni
2283 4149 2568 4221 praascntis
2598 4149 2792 4204 solaris
2822 4149 3008 4202 cvclus
3035 4147 3123 4200 25.

189 4411 351 4503 ξέπέι
392 4447 450 4500 δὲ
487 4446 547 4498 οὐ
582 4443 738 4514 μόνον
768 4443 880 4505 τοῖς
916 4441 1039 4513 ἄρτι
1074 4437 1408 4510 μαθημάτων
1440 4430 1678 4504 ἁπτομέ-

1846 4411 1914 4476 Et
1945 4417 2203 4489 quoniam
2249 4431 2359 4470 non
2407 4416 2581 4470 solum
2616 4413 2901 4484 tyronibus
2931 4411 3067 4466 artis
3107 4411 3338 4481 cujusli-

99 4561 241 4608 νοις,
274 4538 418 4595 ἀλλὰ
452 4538 546 4591 καὶ
573 4535 782 4599 πολλοῖς
807 4533 913 4587 τῶν
945 4529 1326 4601 ἐντελεστέρων
1349 4523 1682 4598 αἱρετώτερά

103 4639 211 4689 εἱσι
251 4635 326 4688 τὰ
381 4630 722 4700 σαφέστερα,
761 4627 838 4690 ὼς
883 4623 1286 4695 εὐληπτότερα-
1333 4615 1682 4685 ὑποδείξομεν

96 4722 397 4780 κάνταῦθα
430 4720 527 4791 τὴν
557 4716 890 4787 σαφεστέραν
917 4713 1034 4767 ὁδὸν
1063 4711 1286 4782 ἔχουσαν
1321 4708 1512 4770 οὕτως’
1557 4706 1683 4768 Τοῖς

101 4818 314 4886 ὀλίγοις
359 4813 560 4874 ἐτεσιν,
606 4807 761 4862 ἅτινά
797 4807 934 4858 εἰσιν
980 4803 1101 4875 ἄρτι
1143 4808 1246 4864 πεν,
1285 4797 1683 4872 προστιθέαμεν

103 4911 215 4964 κδνο
251 4909 356 4962 καὶ
399 4904 638 4972 γίνονται
690 4899 797 4971 ρθ¹·
829 4897 1000 4950 ταῦτα
1048 4893 1334 4964 ὑφείλομεν
1379 4888 1530 4961 παρὰ
1576 4886 1683 4940 τῶν

98 5010 188 5075 κη’
213 5045 230 5068 ,
287 5001 579 5068 λέγοντες·
644 4988 1091 5051 Ὀκτωεικοσάκις
1148 4985 1218 5039 τὰ
1267 4991 1314 5053 γ’
1372 4982 1486 5075 7:6'"
1554 4997 1684 5075 κατ-

102 5068 446 5164 ελείφθησαν
499 5087 658 5157 μέχρι
706 5083 814 5136 τῶν
863 5081 938 5153 ρθ⁹
987 5080 1079 5132 καὶ
1137 5083 1243 5131 κε’·
1277 5076 1352 5139 ὡς
1414 5068 1550 5126 εἶναι
1594 5071 1683 5124 τὸν

100 5187 469 5257 ἐνιστάμενον
497 5179 693 5233 κύκλον
725 5181 824 5240 κε’,
850 5175 925 5237 ὡς
954 5168 1370 5243 προδεδήλωται.

101 5408 315 5471 Ὅπως
347 5400 448 5456 δεῖ
485 5397 791 5471 cupiemus:
833 5390 1118 5471 εέιζιᾴιριτοι)⁸
1137 5384 1329 5455 μηνὸς
1360 5381 1586 5471 ἡμέραν·
1616 5379 1685 5433 ἑν

283 5458 440 5539 Errata.
480 5458 600 5523 τιῖὶν
632 5463 674 5525 ζ’
715 5465 825 5532 τῆς
864 5458 1185 5529 ἑϐδομάδος
1213 5458 1508 5524 τυγχάνει.

168 5655 248 5708 Γν.
294 5645 527 5704 Κείσθω
555 5659 635 5695 σοι
663 5638 720 5693 δέ
759 5637 852 5692 καὶ
877 5635 1033 5689 τοῦτο
1061 5635 1118 5685 ἐν
1157 5628 1372 5698 γνώσει,
1400 5626 1497 5688 ὡς,
1527 5624 1592 5694 ἥν
1621 5621 1687 5675 ἂν

96 5745 326 5820 ἡμέραν
366 5737 478 5795 τῶν
525 5732 619 5789 τοῦ
647 5733 768 5788 ὅλου
812 5726 1061 5785 ἐνιαυτοῦ
1115 5723 1181 5794 ιβ’
1227 5720 1411 5792 μηνῶν
1458 5716 1688 5786 ἐθελήσῃ

1782 4514 1891 4579 bet,
1926 4510 2021 4567 sed
2065 4524 2259 4564 eorum
2302 4509 2576 4579 plerisque
2628 4507 2721 4576 qui
2775 4506 2830 4558 in
2872 4519 2935 4560 ea
2984 4502 3340 4574 perfectiores

1783 4614 1929 4668 sunt,
1977 4602 2305 4673 iucundiora
2363 4601 2541 4656 solent
2582 4613 2705 4654 esse
2753 4613 2873 4667 quas
2922 4603 3051 4652 sunt
3084 4596 3337 4660 clariora,

1783 4699 1927 4770 quod
1960 4696 2179 4752 facilius
2211 4695 2494 4764 capiantur
2527 4711 2541 4747 :
2580 4707 2680 4746 nos
2724 4690 3116 4760 expeditiorem
3148 4703 3342 4758 quam-

1783 4793 1906 4846 dam
1947 4789 2093 4844 viam
2133 4788 2224 4841 hic
2270 4786 2599 4856 aperiemus,
2635 4799 2757 4852 qua:
2789 4789 2874 4837 est
2902 4780 3192 4850 ejusmodi.
3243 4779 3344 4832 Mi-

1782 4881 1902 4936 nori
1941 4891 2207 4933 annorum
2255 4890 2506 4940 numero,
2553 4873 2649 4942 qui
2695 4880 2779 4926 est
2823 4871 2912 4932 85,
2960 4869 3217 4924 addimus
3249 4871 3340 4934 24,

1784 4970 1917 5023 ﬁunt
1947 4967 2047 5022 109
2078 4986 2092 5021 :
2126 4967 2238 5021 haec
2265 4981 2360 5036 per
2379 4964 2449 5018 28
2481 4962 2800 5023 dividimus,
2832 4960 3018 5028 itaque
3046 4958 3345 5013 ratiocina-

1783 5077 1904 5115 mur
1959 5077 1972 5112 :
2020 5059 2185 5114 vicies
2243 5059 2412 5112 octies
2451 5057 2484 5110 5
2534 5063 2662 5110 sunt
2712 5053 2801 5107 84.
2854 5052 3080 5106 Restant
3121 5050 3188 5104 ad
3240 5051 3344 5106 109

1783 5153 2159 5224 complendas,
2212 5151 2305 5216 25,
2349 5151 2442 5221 qui
2491 5156 2576 5204 est
2632 5149 2820 5218 cyclus
2859 5159 3102 5216 praesens
3146 5143 3239 5208 25,
3285 5151 3345 5199 ιιι

1780 5248 1894 5317 jam
1924 5242 2286 5300 ostendimus.

1786 5361 1951 5434 208
1978 5359 2096 5426 Qua
2132 5357 2338 5411 ratione
2375 5350 2645 5422 proposita
2659 5347 2850 5434 .quapis
2878 5343 3344 5434 rmensis‘altifglff

1857 5414 2018 5496 7152',"
2042 5414 2387 5499 cognoscatur
2440 5414 2596 5493 quam
2652 5414 2706 5473 in
2769 5414 3105 5471 hebdomadis
3159 5414 3346 5481 feriam

1861 5505 2116 5556 incurrat.

1857 5616 1944 5669 111.
1981 5613 2205 5670 Noveris
2226 5619 2604 5681 quamcunque
2632 5603 2773 5658 diem
2806 5601 2863 5655 in
2890 5594 3178 5654 duodecim
3216 5589 3346 5644 anni

1791 5698 2070 5765 mensibus
2110 5711 2365 5762 accurate
2394 5701 2516 5772 quis
2549 5709 2882 5767 cognoscere
2908 5690 3059 5754 velit,
3102 5687 3157 5742 in
3183 5695 3350 5758 quam
