3808 6340
492 329 634 386 1519
1516 328 1608 401 AD
1645 327 1915 385 EUSEBII
1932 368 1937 377 .
1956 328 2353 385 CHBONICON
2399 327 2764 385 APPENDIX.
3594 328 3702 387 i330

493 445 852 503 hebdomadis
898 445 1088 503 feriam
1140 445 1364 507 incidat,
1409 445 1478 502 ad
1525 447 1629 503 hoc
1675 448 2060 503 extricandttm

2173 466 2246 513 τις
2281 449 2526 521 ἀκριϐῶς
2569 449 2769 504 εἰδέναι
2809 448 2868 502 ὲν
2898 446 3029 519 ποίᾳ
3068 445 3178 501 τῶν
3230 448 3275 512 ζ’
3306 448 3408 520 τῆς
3451 447 3701 521 ἑϐδομάδος

494 539 760 594 utendum
795 539 872 593 illi
911 554 1034 595 esse
1078 539 1236 610 cyclo
1280 539 1435 603 solis,
1468 548 1524 595 et
1559 542 1992 612 congruentibus
2017 544 2066 599 ei

2173 540 2393 612 ἡμερῶν
2444 540 2723 611 τυγχάνει,
2778 538 2858 612 τῷ
2906 536 3002 591 τοῦ
3047 536 3198 609 ἡλίου
3252 537 3439 610 κύκλῳ
3493 540 3582 593 καί⁵
3620 545 3703 603 τοῖς

492 618 743 697 δίεθὶιίε,
800 647 1010 687 necnon
1054 633 1262 702 epactis
1311 634 1601 689 mensium.
1648 634 1944 691 Sciendum
1984 644 2066 692 est

2173 632 2455 703 ἑπομένοις
2489 631 2958 707 αὑτῷιβισέξτοις,
2991 631 3073 685 ἔτι
3107 631 3166 685 δὲ
3203 632 3297 684 καὶ
3328 634 3448 695 ταῖς
3481 633 3703 696 ἐπακτοῖς

472 715 664 791 ’igitnr
697 721 977 778 bisextiles
1010 724 1065 777 in
1109 739 1219 779 uno
1264 725 1419 795 cyclo
1467 726 1601 782 solis
1646 742 1769 783 esse
1813 735 2066 799 septem;

2173 724 2279 778 τῶν
2315 725 2500 795 μηνῶν
2530 724 2665 797 πρὸς
2696 723 2795 795 τήν
2825 723 3028 795 ταύτης
3074 721 3289 794 εὕρεσιν
3333 724 3609 795 χρήσεται.
3639 722 3704 775 Διὸ

496 826 622 865 nam
661 821 852 881 quater
891 821 1116 884 septena
1143 813 1351 869 faciunt
1377 815 1467 869 28.
1502 815 1716 871 Etenim
1756 818 1812 872 in
1839 833 1983 872 anno
2016 834 2066 872 tv

2173 813 2461 885 γινώσκειν
2493 831 2551 867 σε
2586 815 2714 887 χρὴ,
2761 814 2836 879 ῶς
2883 814 3102 886 βίσεξτα
3135 815 3233 886 μὲν
3266 814 3307 845 ¹¹
3338 813 3429 867 τὸν
3451 812 3541 866 τοῦ
3585 814 3701 884 ἡλίου

493 900 610 954 dies
658 918 801 957 unus
847 904 1125 973 colligitur
1167 922 1179 958 :
1215 920 1379 974 porro
1415 906 1690 960 mensium
1736 916 1962 976 epactar,
2021 908 2066 965 si

2173 910 2369 964 κύκλον
2415 910 2551 963 είσὶν
2583 910 2626 974 ζ’
2647 926 2661 941 ·
2706 909 2958 981 τετράκις
3004 908 3112 980 γάρ
3156 907 3226 961 τά
3257 908 3300 972 ζ’
3330 912 3418 975 κη’
3437 924 3451 937 ·
3482 906 3613 960 κατά
3642 924 3705 958 τε·

494 992 688 1049 dicbus
728 1003 985 1050 constent
1033 1011 1184 1059 xxxx,
1241 1007 1368 1051 sunt
1417 997 1498 1063 ὃς
1558 996 1641 1052 sin
1704 1014 1810 1052 xxx
1858 1006 2066 1054 tantum

2173 999 2368 1070 τάρτου
2409 997 2520 1069 γὰρ
2548 997 2742 1069 χρόνου
2778 997 3067 1066 συνάγεται
3097 997 3187 1049 ἒν·
3228 998 3285 1048 αί
3334 995 3392 1048 δὲ
3425 995 3532 1048 τῶν
3558 995 3705 1065 μηνᾱν

495 1086 751 1150 habeant,
781 1096 911 1141 sunt
931 1086 987 1140 2.
1017 1086 1294 1157 Incipiunt
1323 1096 1507 1144 autem
1550 1089 1618 1144 ab
1642 1087 1891 1156 Octobri,
1926 1090 2066 1146 unde

2173 1089 2406 1143 έπακταὶ
2445 1088 2552 1141 τῶν
2604 1087 2700 1158 μὲν
2736 1087 2967 1158 ἐχόντων
3019 1087 3123 1142 ἀνά
3170 1086 3248 1140 λα’
3278 1086 3494 1158 ἡμέρας
3538 1087 3633 1139 εἰσὶ
3654 1094 3702 1153 γ’,

492 1187 550 1232 et
605 1179 793 1249 cyclus
852 1180 985 1235 solis
1039 1181 1353 1257 inchoatur.
1404 1178 1574 1251 Igitur
1624 1193 1847 1253 epactas
1906 1183 2066 1238 habet

2173 1181 2279 1235 τῶν
2324 1181 2380 1234 δὲ
2426 1179 2532 1235 ἀνὰ
2564 1179 2606 1233 λ’
2657 1178 2721 1250 β’.
2760 1182 3052 1252 Ἀρχονται
3088 1179 3218 1248 γοῦν
3252 1179 3363 1233 ἀπὸ
3403 1178 3499 1232 τοῦ
3541 1178 3703 1231 Ὀκτω·

496 1268 733 1324 October
757 1271 812 1335 5,
843 1269 1152 1326 November
1181 1271 1237 1337 2,
1274 1272 1577 1328 December
1597 1273 1653 1338 5,
1686 1272 1979 1330 Januarius
2013 1276 2066 1337 ὅ.

2173 1272 2324 1343 ϐρίου
2367 1271 2555 1344 μηνὸς,
2584 1272 2676 1341 ἀφ’
2708 1266 2768 1327 οὗ
2812 1273 2905 1326 καὶ
2953 1272 2983 1324 ό
3025 1270 3118 1326 τοῦ
3164 1271 3317 1342 ἡλίου
3350 1268 3546 1332 κύκλος
3579 1270 3706 1339 ἀρχε-

492 1360 726 1417 Martius
752 1363 808 1426 '5,
840 1362 1042 1433 Aprilis
1071 1363 1129 1424 2,
1172 1363 1347 1420 Maius
1395 1364 1449 1429 5,
1495 1363 1692 1420 Junius
1722 1364 1776 1427 2,
1809 1364 1987 1421 Julius
2014 1367 2066 1430 3,

2173 1383 2281 1419 ται.
2310 1366 2419 1421 Καί
2450 1368 2555 1419 είσι
2592 1365 2687 1420 τοῦ
2729 1364 3061 1438 Ὀκτωϐρίου
3095 1370 3165 1434 τ’,
3196 1363 3289 1417 τοῦ
3340 1362 3634 1433 Νοεμϐρίου
3659 1362 3704 1430 β’,

489 1452 775 1524 Augustus
821 1454 947 1509 item
996 1454 1051 1516 5,
1091 1452 1410 1525 September
1449 1455 1506 1509 2.
1549 1455 1837 1527 Proposita
1888 1458 2066 1528 itaque

2173 1458 2265 1513 τοῦ
2294 1458 2629 1530 Δεκεμϐρίου
2657 1465 2726 1528 γ’,
2755 1457 2849 1512 τοῦ
2894 1456 3223 1530 Ἰανουαρίου
3253 1464 3325 1525 γ’,
3361 1455 3457 1508 τοῦ
3503 1454 3705 1525 Μαρτίου

498 1545 743 1616 qualibet
794 1546 999 1599 mensis
1051 1544 1174 1608 die,
1233 1562 1394 1615 quam
1446 1546 1693 1602 invenire
1744 1548 1920 1618 placet
1970 1547 2065 1621 (sit

2173 1556 2245 1620 γ’,
2272 1550 2366 1605 τοῦ
2411 1551 2687 1625 Ἀπριλίου
2720 1548 2785 1622 β’,
2813 1548 2906 1605 τοῦ
2951 1550 3129 1606 Μαΐου
3163 1556 3233 1619 γ’,
3266 1547 3362 1602 τοῦ
3421 1547 3622 1601 Ἰουνίου
3658 1546 3705 1616 β’,

492 1643 675 1692 autem
703 1636 934 1706 exempli
959 1636 1133 1707 gratia
1152 1653 1279 1691 χχιχ
1309 1636 1489 1692 Martii
1515 1638 1632 1695 dies
1652 1639 1818 1709 hujus
1841 1640 1992 1705 anni,
2016 1641 2066 1696 in

2173 1642 2265 1696 τοῦ
2310 1641 2531 1697 Ἰουλίου
2565 1649 2637 1711 γ’,
2667 1642 2762 1695 καὶ
2791 1640 2883 1693 τοῦ
2927 1639 3238 1708 Αὐγούστου
3276 1646 3349 1708 γ’,
3385 1639 3481 1693 καὶ
3514 1638 3601 1692 τοῦ
3641 1638 3709 1690 Σε-

495 1742 658 1798 quam
684 1726 1125 1781 Christianorum
1154 1728 1561 1783 sanctissimum
1582 1728 1793 1784 Pascha
1823 1730 2066 1804 incidet),

2173 1733 2472 1806 πτεμϐρίου
2490 1731 2554 1804 β’.
2573 1734 2636 1787 Ei
2663 1730 2757 1788 οὖν
2795 1732 2969 1805 βούλει
2994 1732 3387 1805 όποιανδήποτε
3418 1729 3581 1803 μηνὸς
3603 1730 3710 1800 ἠμέ-

496 1817 565 1872 ad
596 1817 743 1872 hunc
765 1817 986 1871 modum
1010 1817 1315 1873 invenietur
1339 1836 1352 1872 :
1850 1871 1860 1884 ,

2178 1842 2277 1895 ραν
2305 1826 2486 1897 εὑρεῖν
2538 1825 2758 1895 (κείσθω
2802 1825 2858 1878 δὲ
2905 1823 3066 1895 χάριν
3093 1823 3491 1894 ὑποδείγματος
3526 1824 3558 1893 ἡ
3599 1820 3709 1875 κατὰ

495 1914 558 1967 τὸ
600 1912 950 1985 ἐνιστάμενον
985 1911 1080 1966 νῦν
1110 1913 1230 1977 ἔτος
1270 1912 1351 1968 κθ⁹
1382 1912 1477 1968 τοῦ
1516 1914 1762 1988 Μαρτίου
1793 1917 1979 1988 μηνὸς,
2012 1919 2070 1974 έν
2106 1913 2262 1994 ᾗκαὶ
2288 1921 2349 1975 τὸ
2387 1921 2539 1993 ἅγιον
2581 1921 2736 1994 ἡμῶν
2788 1920 2894 1974 τῶν
2937 1918 3277 1993 Χριστιανῶν
3320 1918 3514 1988 Πάσχα
3559 1916 3709 1984 ἔσται)

497 2006 852 2081 εὑρεθήσεται
883 2005 1075 2070 οὕτως’
3182 1996 3189 2003 ’

565 2098 732 2155 Sume
762 2099 1029 2153 labentem
1057 2098 1193 2154 solis
1218 2099 1454 2170 cyclum,
1495 2100 1587 2171 qui
1615 2109 1699 2157 est
1717 2104 1809 2167 25,
1844 2119 2073 2175 ejusque

496 2191 782 2248 bisextiles
811 2190 845 2245 6
874 2208 889 2258 ;
920 2205 1048 2244 nam
1074 2199 1269 2260 quater
1310 2206 1407 2247 sex
1436 2191 1677 2247 eﬂiciunt
1703 2194 1794 2249 24.
1833 2192 2070 2251 Summa:

498 2282 743 2339 omnium
793 2282 855 2337 3i
912 2280 1053 2337 adde
1098 2281 1369 2337 mensium
1407 2292 1651 2353 epactas,
1690 2300 1882 2356 nempe
1910 2283 2075 2342 Octo-

495 2374 633 2436 bris,
674 2372 1018 2440 Novembris,
1050 2372 1362 2429 Decembris
1405 2381 1459 2428 et
1487 2373 1738 2430 Januarii
1770 2395 1784 2444 ;
1819 2376 1938 2434 dies
1966 2395 2074 2434 un-

497 2467 697 2528 decim,
741 2464 878 2520 [lunt
910 2464 1003 2520 42.
1064 2465 1314 2536 Adjunge
1362 2464 1544 2519 Martii
1586 2466 1657 2522 9.9
1726 2468 1863 2536 dies,
1916 2470 2078 2541 cujus

495 2556 687 2613 feriam
712 2556 964 2627 inquiris,
996 2556 1292 2611 conﬁciunt
1327 2555 1415 2623 7i,
1445 2571 1567 2628 quae
1588 2573 1685 2628 per
1723 2558 1755 2611 7
1783 2559 2077 2615 hebdoma-

494 2654 585 2710 dis
631 2654 833 2724 partire
872 2653 991 2708 dies
1032 2652 1087 2707 in
1141 2652 1286 2708 hunc
1331 2654 1554 2709 modum
1593 2670 1606 2705 :
1642 2652 1832 2708 Decies
1878 2653 1909 2706 7
1949 2660 2078 2709 sunt

496 2745 567 2801 70
591 2764 607 2814 ;
642 2752 814 2801 restat
843 2744 895 2807 1,
919 2758 1040 2814 qua:
1063 2751 1148 2799 est
1180 2742 1542 2799 hebdomadis
1574 2744 1750 2813 prima
1781 2743 1934 2805 feria,
1963 2742 2077 2796 sive

495 2837 820 2902 Dominica,
866 2836 919 2891 in
962 2851 1128 2906 quam
1181 2834 1360 2890 Martii
1406 2835 1497 2898 29,
1548 2849 1711 2904 quam
1755 2836 2075 2905 quaerimus,

496 2929 714 2986 incidit.
745 2927 906 2993 Quod
941 2927 985 2981 si
1020 2927 1077 2981 in
1130 2927 1236 2981 alia
1279 2926 1580 2996 quaestione
1620 2927 2089 2996 collectioneque,

2243 2107 2390 2162 Λάϐε
2442 2126 2531 2181 μοι
2580 2107 2672 2162 τὸν
2702 2107 3048 2178 ἐνιστάμενον
3097 2104 3299 2160 κύκλον
3346 2103 3442 2158 τοῦ
3479 2103 3622 2175 ἡλίου
3655 2101 3709 2155 κε’

2175 2197 2530 2267 τυγχάνοντα,
2559 2196 2654 2251 καὶ
2684 2195 2753 2249 τά
2796 2195 2983 2249 τούτου
3016 2194 3273 2265 τέταρτα,
3307 2192 3476 2262 ήγουν
3507 2190 3710 2261 βῐσεξτα,

2177 2289 2335 2343 ἅτινά
2367 2290 2505 2343 εἰσιν
2535 2296 2609 2355 ς’.
2654 2287 2921 2360 Τετράκις
2954 2285 3064 2357 γὰρ
3104 2283 3158 2350 ς’
3188 2282 3266 2338 κδ’
3273 2325 3288 2340 .
3335 2282 3557 2345 Τούτοις
3580 2281 3710 2350 γετίνα

2177 2397 2331 2434 νασιν
2355 2383 2398 2413 ι’
2428 2381 2508 2435 λα’
2541 2379 2775 2452 πρόσθες
2806 2379 2905 2442 τάς
2931 2377 3041 2431 τῶν
3066 2376 3252 2449 μηνῶν
3284 2373 3549 2437 ἑπακτάς,
3577 2373 3713 2443 ήγουν

2175 2469 2269 2525 τοῦ
2326 2470 2675 2543 Ὀκτωϐρίου,
2723 2466 3052 2541 Νοεμϐρίου,
3102 2465 3442 2537 Δεκεμϐρίου
3488 2463 3579 2519 καὶ
3635 2464 3714 2515 Ἰα-

2174 2561 2425 2634 νουαρίου
2467 2562 2676 2634 ἡμέρας
2717 2568 2784 2614 ια’
2808 2579 2823 2595 ·
2857 2560 2965 2615 ἰδοὺ
3009 2560 3116 2632 μβ⁹.
3149 2558 3392 2622 Ταύταις
3433 2554 3711 2619 ὲπισύναξον

2177 2654 2271 2708 καὶ
2305 2653 2403 2717 τὰς
2430 2652 2524 2706 τοῦ
2560 2653 2804 2723 Μαρτίου
2839 2651 2921 2705 κθ¹
2941 2668 2955 2679 °
2990 2648 3175 2722 ἐπειδὴ
3214 2647 3315 2721 τὴν
3346 2647 3431 2701 κθ¹
3458 2644 3612 2701 αὑτοῦ
3637 2644 3712 2717 ζη-

2176 2747 2287 2807 τεῖς
2332 2744 2522 2815 μαθεῖν
2550 2747 2609 2799 ὲν
2644 2745 2773 2816 ποίᾳ
2798 2743 2900 2814 τῆς
2923 2742 3213 2815 ἑϐδομάδος
3238 2744 3427 2815 ἡμέρᾳ
3453 2742 3709 2813 τυγχάνει·

2178 2836 2272 2889 καὶ
2307 2834 2415 2888 ίδοὺ
2460 2836 2748 2905 γεγόνασιν
2789 2840 2889 2888 οα’.
2937 2832 3151 2896 Ταύτας
3184 2832 3406 2903 ὕφειλον
3438 2834 3528 2886 ἐπὶ
3553 2832 3649 2885 τῶν
3681 2828 3703 2892 ζ

2174 2927 2271 2999 τῆς
2325 2926 2615 2998 ἑϐδομάδος
2660 2925 2908 2999 ἡμερῶν,
2950 2923 3148 2979 εἰπών·
3200 2925 3438 2988 Δεκάκις
3484 2925 3548 2978 τὰ
3579 2924 3621 2987 ζ’
3655 2930 3709 2976 σ’-

499 3029 627 3093 post
675 3021 1003 3077 divisionem
1036 3034 1134 3090 pcr
1162 3019 1217 3084 7,
1247 3018 1374 3083 duo,
1403 3027 1585 3074 tresve
1627 3018 1767 3081 dies,
1799 3026 1894 3072 aut
1935 3033 2068 3088 qua-

2176 3018 2503 3091 κατελείφθη
2531 3019 2625 3073 καὶ
2662 3018 2779 3090 μία,
2806 3019 2929 3090 ἥτις
2963 3017 3081 3071 ἐστὶ
3109 3015 3304 3089 πρώτη
3331 3017 3434 3087 τῆς
3459 3015 3712 3086 έϐδομάᾶις

497 3122 625 3168 tuor
659 3113 855 3182 reliqui
902 3111 1034 3173 sint,
1072 3125 1135 3165 ac
1166 3110 1422 3180 deinceps
1463 3125 1637 3180 usque
1672 3110 1740 3164 ad
1769 3110 1820 3173 7,
1850 3111 2066 3165 contin-

2174 3110 2359 3184 ἡμέρα
2406 3113 2440 3183 ἠ
2466 3111 2720 3183 Κυρῑακὴ
2765 3111 2800 3182 ἡ
2848 3108 3153 3182 ζητουμένη
3193 3102 3332 3162 οὖσα
3365 3108 3460 3161 τοῦ
3504 3107 3712 3176 Μαρτίου

499 3212 627 3274 gent
649 3205 910 3260 nimirum
936 3211 1145 3259 caetera:
1176 3202 1530 3259 hebdomadis
1561 3219 1626 3259 ex
1657 3198 1850 3258 ordine
1898 3202 2064 3258 ierim.

499 3295 615 3353 Hoc
657 3297 703 3352 si
760 3296 817 3351 in
862 3296 1147 3352 mensibus
1198 3295 1456 3351 omnibus
1517 3294 1744 3357 feceris,
1800 3304 1912 3350 tam
1972 3296 2068 3367 qui

498 3388 755 3445 Martium
803 3390 1155 3451 antecedunt,
1206 3404 1369 3459 quam
1405 3388 1497 3460 qui
1552 3398 1895 3459 sequuntur;
1944 3404 2066 3444 cer-

498 3481 712 3537 tissime
780 3496 845 3535 ac
914 3481 1036 3536 sine
1090 3495 1276 3536 errore
1341 3481 1646 3551 comperies
1694 3480 2070 3552 cujuscunque

499 3574 727 3629 libuerit
767 3574 876 3629 diei
930 3573 1120 3628 feriam
1167 3573 1223 3627 in
1266 3572 1535 3627 duodenis
1587 3572 1716 3626 anni
1764 3571 2066 3631 mensibus.

499 3664 674 3722 Porro
714 3663 1048 3721 Februarius
1089 3664 1225 3718 nihil
1270 3678 1501 3734 prorsus
1556 3664 1613 3718 in
1665 3670 2069 3719 menstruarum

500 3766 815 3830 epactarum
844 3755 1131 3811 ratiocinia
1168 3753 1401 3809 confert.
1433 3753 1532 3809 Est
1558 3752 1703 3808 enim
1732 3753 2067 3821 deminutus,

502 3864 568 3904 ac
595 3849 788 3905 diebus
823 3855 1031 3902 tantum
1064 3852 1279 3901 constat
1307 3853 1433 3900 octo
1463 3852 1518 3900 et
1546 3845 1757 3916 viginti.
1789 3844 1855 3899 Et
1879 3861 2071 3915 quam-

502 3939 588 3993 vis
629 3938 687 3992 in
735 3951 879 3992 anno
930 3936 1170 3992 bisextili
1221 3951 1353 3990 nix
1413 3935 1633 3999 habeat,
1695 3949 1806 3990 uno
1863 3936 2070 3991 scilicet

500 4030 689 4086 addito
730 4029 862 4096 die;
922 4028 1012 4082 hic
1056 4027 1310 4083 videlicet
1369 4026 1459 4083 ille
1505 4027 1624 4082 dies
1659 4034 1764 4092 est,
1807 4027 1899 4097 qui
1946 4034 2070 4098 post

501 4137 679 4178 annos
707 4137 761 4176 tv
796 4121 850 4175 in
881 4122 1035 4192 cyclo
1065 4120 1199 4176 solis
1238 4120 1449 4177 accedit
1479 4133 1621 4174 anno
1647 4119 1909 4176 bisextili.
1942 4120 2070 4175 Ideo

500 4216 588 4271 bis
621 4215 898 4287 numerari
933 4228 1043 4268 non
1070 4212 1252 4269 debet.
1278 4211 1589 4278 Quinetiam
1622 4211 1676 4265 in
1705 4210 2070 4282 computanda

501 4305 635 4361 feria
680 4320 790 4358 non
841 4312 968 4360 ante
1013 4303 1261 4374 procedit
1302 4305 1356 4358 in
1410 4317 1703 4368 summam,
1747 4317 1911 4373 quam
1963 4301 2068 4359 Fe-

497 4395 757 4452 bruarius
806 4393 1052 4459 desierit,
1094 4394 1198 4449 hoc
1236 4400 1321 4449 est
1350 4380 1417 4448 ab
1462 4394 1685 4450 ineunte
1732 4392 1956 4458 Martio,
2005 4407 2070 4448 ac

498 4489 776 4559 deinceps.

2172 3203 2275 3258 κθ’.
2308 3204 2371 3257 Ei
2400 3203 2457 3256 δὲ
2504 3201 2683 3274 συμϐῇ
2722 3203 2782 3255 ὲν
2818 3200 2951 3273 άλλη
2976 3200 3204 3273 τοιαύτῃ
3241 3201 3470 3272 ζητήσει
3504 3200 3595 3254 καὶ
3620 3201 3715 3250 ἑπι-

2171 3296 2459 3366 συναγωγῇ
2506 3292 2643 3366 μετά
2675 3293 2766 3347 τὸν
2806 3290 2849 3357 ζ’
2880 3292 3139 3363 ὑφειλμὸν
3173 3291 3597 3363 καταλειφθῆναι
3624 3290 3713 3349 δύο.

2168 3387 2202 3461 ἢ
2229 3387 2378 3462 τρία,
2408 3388 2441 3460 ἢ
2473 3387 2540 3453 δ’,
2580 3386 2676 3442 καὶ
2717 3384 2952 3457 καθεξῆς
2984 3386 3144 3457 μέχρι
3172 3385 3282 3438 τῶν
3316 3385 3385 3450 ζ’,
3417 3385 3621 3438 ἔσονται
3644 3382 3714 3449 δη.

2167 3479 2340 3534 λονότι
2390 3480 2531 3534 κατὰ
2568 3478 2721 3544 τάξιν
2748 3480 2804 3533 αί
2832 3478 3015 3532 λοιπαὶ
3044 3477 3143 3547 τῆς
3185 3476 3485 3548 ἑϐδομάδος
3521 3472 3713 3547 ἡμέραι.

2168 3572 2273 3626 Τὸν
2297 3573 2481 3643 ὅμοιον
2523 3566 2619 3626 οὖν
2659 3571 2826 3624 ποιῶν
2851 3570 3053 3642 τρόπον
3084 3569 3181 3622 καὶ
3222 3570 3304 3632 είς
3343 3569 3475 3633 τοὺς
3503 3567 3606 3640 πρὸ
3640 3565 3714 3618 τοῦ

2167 3664 2413 3736 Μαρτίου
2457 3663 2652 3736 μῆνας,
2701 3662 2795 3717 καὶ
2836 3663 2918 3727 είς
2961 3662 3088 3727 τοὺς
3132 3663 3252 3733 μετ’
3285 3662 3453 3717 αὑτὸν
3480 3662 3714 3722 ἅπαντας.

2169 3754 2426 3825 ἀσφαλῶς
2451 3755 2546 3808 καὶ
2572 3752 2882 3816 ἀπταίστως
2923 3752 3178 3824 εὑρήσεις
3202 3752 3273 3823 ήν
3310 3751 3381 3805 ἂν
3409 3752 3714 3823 ὲπιζητὴσῃς

2169 3847 2381 3920 ἡμέραν
2428 3845 2538 3900 τῶν
2583 3844 2678 3899 τοῦ
2728 3844 2848 3898 ὅλου
2886 3842 3131 3899 ἐνιαυτοῦ
3181 3842 3395 3915 μηνῶν.
3458 3844 3520 3898 '0
3562 3841 3715 3913 μέντοι

2168 3938 2528 4011 Φεϐρουάριος
2551 3937 2612 3990 οὐ
2642 3935 2983 4008 συνεισφέρει
3007 3953 3060 3988 τι
3092 3935 3231 3999 ὅλως
3255 3937 3315 3990 έν
3360 3938 3485 4000 ταῖς
3512 3932 3715 4006 ἐίρηρὲ-

2169 4033 2285 4095 ναῖς
2312 4030 2577 4093 ἐπακταῖς
2605 4029 2714 4083 τῶν
2748 4028 2953 4100 μηνῶν.
2990 4026 3406 4099 Ἦλαττωμένος
3439 4029 3550 4099 γάρ
3575 4029 3714 4087 ἐστιν,

2170 4130 2255 4195 κη’
2288 4125 2384 4177 καὶ
2414 4122 2578 4194 μόνας
2601 4122 2812 4195 ἡμέρας
2836 4120 2993 4194 ἔχων.
3031 4121 3097 4174 Ei
3123 4119 3183 4175 δὲ
3202 4120 3298 4174 καὶ
3322 4120 3571 4192 βισέξτου
3592 4120 3715 4179 ὄντος

2170 4213 2251 4267 κθ¹
2297 4213 2727 4285 προστιθεμένης
2772 4212 2919 4284 αὑτῷ
2970 4214 3097 4284 μιᾶς
3130 4212 3384 4285 ἡμέρας·
3446 4213 3561 4268 ἀλλ’
3601 4210 3714 4277 αὕτη

2170 4305 2317 4358 ἐστὶν
2351 4306 2384 4376 ή
2412 4303 2555 4358 κατὰ
2583 4304 2627 4357 δ’
2663 4303 2887 4375 χρόνους
2916 4302 3317 4376 προστιθεμένη
3353 4306 3415 4358 έν
3459 4304 3538 4376 τῷ
3563 4300 3714 4367 κύκλῳ

2170 4396 2263 4450 τοῦ
2295 4397 2469 4468 ἡλίου,
2508 4394 2748 4469 βισέξτου
2796 4396 2981 4460 ὄντος·
3020 4398 3116 4450 καὶ
3151 4396 3241 4450 διὰ
3273 4396 3437 4451 τοῦτο
3465 4398 3562 4451 οὑκ
3599 4391 3715 4448 ἑνδέ-

2173 4504 2323 4557 χεται
2371 4488 2747 4559 δισσευθῆναι·
2779 4488 2900 4559 ἥτις
2927 4487 3047 4542 οὐδὲ
3091 4488 3297 4558 ὀφείλει
3336 4488 3638 4559 είσάγεσθαι
3667 4487 3715 4537 ἐν

496 4585 577 4657 τῷ
612 4585 655 4618 ¹³
686 4582 870 4655 πούτῳ
905 4580 1331 4653 ἡμεροευρεσίῳ,
1363 4581 1669 4652 ἀρξαμένου
1697 4580 1791 4636 τοῦ
1817 4580 2058 4653 βισέξτου
2092 4583 2307 4655 χρόνου,
2375 4584 2443 4656 ἢν
2490 4584 2565 4658 μὴ
2603 4583 2844 4659 παρέλθῃ
2888 4586 2917 4638 ό
2964 4583 3367 4658 Φεϐρουάριος,
3423 4587 3585 4657 ἡγουν
3635 4574 3714 4634 ἀπ’

495 4681 671 4754 ἀρχῆς
707 4678 799 4735 τοῦ
831 4679 1077 4753 Μαρτίου
1110 4678 1206 4731 καί
1232 4677 1558 4750 ἔμπροσθεν.

709 4799 782 4854 οε
814 4800 1017 4853 ratione
1050 4798 1186 4871 cycli
1221 4797 1424 4852 lunaris
1454 4796 1828 4868 investigandi.

561 4911 653 4967 IV.
718 4911 915 4983 Cyclus
966 4913 1167 4968 lunaza
1211 4909 1468 4966 Kalendis
1521 4909 1797 4965 Januariis
1845 4908 2060 4980 incipit,

496 5012 658 5074 atque
701 5004 771 5058 ad
820 5019 993 5060 annos
1036 5020 1131 5058 ιιι
1179 5001 1480 5073 perductus
1518 5016 1722 5055 novum
1783 4999 1930 5069 capit
1968 5015 2064 5054 ex-

494 5096 731 5150 ordium.
766 5094 921 5150 Hunc
942 5110 1072 5168 ergo
1086 5094 1327 5163 reperire
1346 5092 1394 5150 si
1418 5091 1522 5157 vis,
1547 5106 1816 5147 annorum
1845 5091 1914 5146 ab
1933 5089 2064 5145 orbe

495 5186 716 5242 condito
754 5202 1025 5242 summam
1074 5185 1278 5256 partire
1327 5198 1425 5255 per
1464 5198 1755 5239 numerum
1796 5182 1935 5253 cycli
1981 5182 2065 5237 lu-

494 5280 666 5346 naris,
705 5279 762 5333 id
812 5286 899 5334 est
945 5292 1061 5344 xix,
1102 5277 1393 5346 reliquum,
1430 5276 1576 5347 quod
1628 5282 1714 5332 est
1754 5274 1897 5330 inl‘ra
1940 5290 2056 5338 xu,

495 5378 589 5424 aut
623 5386 713 5424 ιιι
744 5368 871 5438 ipsi,
898 5371 1084 5439 cyclus
1122 5374 1207 5424 est
1234 5368 1411 5423 iniens
1437 5369 1597 5425 lunae.
1638 5367 1926 5434 Quaeratur
1955 5366 2059 5420 hoc

494 5475 636 5515 anno
660 5460 800 5515 6885
818 5460 962 5512 luna:
984 5460 1189 5530 cyclus,
1215 5459 1321 5515 hoc
1358 5460 1520 5515 modo
1554 5460 2004 5516 ratiocinabimur
2036 5475 2049 5512 :

492 5541 689 5599 Novies
735 5559 800 5599 ac
841 5543 1025 5600 decies
1062 5547 1421 5617 multiplicata
1472 5548 1576 5603 300
1628 5547 1837 5604 faciunt
1887 5546 2047 5602 5700.

2094 4802 2140 4857 D
2170 4796 2359 4861 Ὅπως
2403 4793 2500 4849 δεῖ
2537 4795 2840 4863 εὑρίσκειν
2879 4790 2990 4845 τὸν
3034 4792 3267 4846 κύκλον
3308 4790 3424 4861 τῆς
3454 4791 3711 4857 σελήνης.

2232 4911 2304 4962 A'.
2356 4909 2415 4962 '0
2447 4907 2547 4979 τῆς
2583 4906 2811 4977 σελήνης
2848 4903 3045 4968 κύκλος
3072 4904 3302 4975 ἄρχεται
3346 4905 3449 4977 μὲν
3496 4904 3594 4960 ἀπὸ
3631 4903 3714 4972 τῆς

2163 4999 2387 5074 πρώτης
2415 4998 2508 5054 τοῦ
2549 4998 2872 5070 Ἰανουαρίου
2921 4997 3110 5068 μηνὸς,
3152 4997 3450 5070 ἀνέρχεται
3493 4998 3547 5052 δὲ
3577 4996 3714 5068 μέχρι

2163 5093 2369 5164 χρόνων
2399 5092 2485 5155 ιθ¹,
2536 5091 2630 5145 καὶ
2664 5090 2823 5144 πάλιν
2851 5088 3116 5159 λαμϐάνει
3155 5090 3360 5161 ἀρχήν.
3398 5093 3464 5146 Εί
3499 5086 3585 5144 οὖν
3608 5086 3714 5158 βιού-

2163 5183 2244 5237 λει
2291 5183 2384 5238 καὶ
2426 5182 2612 5237 τοῦτον
2660 5183 2855 5253 εὑρεῖν,
2907 5179 3126 5249 ὑφειλον
3178 5182 3338 5253 παρά
3386 5184 3479 5237 τὸν
3512 5179 3713 5252 ἀριθμοί

2164 5273 2325 5327 αὑτοῦ
2360 5273 2560 5328 κύκλου
2581 5273 2768 5343 αὐτῆς,
2797 5272 2961 5343 ἤγουν
2993 5271 3103 5326 τῶν
3140 5272 3228 5336 ιϐ’,
3265 5272 3337 5327 τὰ
3383 5274 3492 5328 ἀπὸ
3512 5272 3711 5329 κτίσεως

2164 5365 2366 5436 κόσμου
2400 5365 2497 5437 ἔτη
2519 5381 2533 5394 °
2563 5365 2657 5419 καὶ
2694 5363 2765 5417 τὰ
2796 5363 3227 5433 καταλειφθέντα
3257 5365 3331 5419 τά
3355 5364 3590 5419 κάτωθεν
3617 5359 3709 5412 τῶν

2162 5455 2247 5518 ιθ’,
2281 5455 2313 5527 ἢ
2348 5457 2441 5511 καὶ
2474 5457 2666 5529 μέχρις
2696 5456 2894 5521 αὑτῶν,
2924 5456 3161 5528 ὑπάρχει
3192 5458 3222 5512 ό
3259 5458 3603 5529 ἐνιστάμενος
3626 5450 3710 5503 κύρ

2158 5546 2285 5611 κλος
2318 5546 2418 5620 τῆς
2466 5549 2715 5622 σελήνης.
2751 5549 2929 5602 Ἔστω
2974 5548 3038 5620 δὴ
3070 5547 3257 5621 ζητεῖν
3312 5551 3464 5622 ἡμᾶς
3505 5545 3630 5603 κατά
3658 5540 3711 5593 τὸ

566 5694 610 5726 ιι
640 5693 793 5750 De“;
822 5693 983 5751 κατνί,
1060 5700 1103 5732 ⁸³
1134 5698 1258 5754 Cor.
1288 5700 1589 5770 γεγονόσιν.
1662 5701 1705 5733 ¹³
1731 5701 1811 5756 At?
1842 5716 1935 5770 Ρνο
1969 5716 2066 5771 κοιλ

2173 5698 2284 5774 ἱτῳ.
