3808 6304
149 320 274 379 1321

1348 321 1562 386 ISAACI
1606 326 1911 390 MONACHI
1947 333 2335 396 COMPUTUS.

3242 350 3380 412 1522

149 441 318 510 παρὸν
348 447 543 512 ,ςωπέ
575 440 691 506 ἔτος
734 440 824 497 τὸν
855 441 1051 499 κύκλον
1085 448 1252 518 αὐτῆς
1272 464 1284 477 ·
1333 449 1427 502 καὶ
1458 448 1715 522 λέγομεν·

1828 457 1955 512 Item
1989 459 2236 529 sexagies
2265 457 2636 515 novemdecim
2682 462 2815 517 dant
2845 462 3015 533 H40;
3040 466 3127 523 bis
3154 482 3379 525 novem-

162 532 668 597 Ἐννεακαιδεκάκις
695 534 765 586 τὰ
799 536 843 589 τ’
875 536 969 606 ,ειν
989 554 1001 566 ο
1055 539 1521 605 ὲννεακαιδεκάκις
1561 542 1631 595 τὰ
1673 543 1714 609 ξ’

151 625 318 689 ,αρμ’·
360 620 459 672 καὶ
485 621 955 688 ὲννεακαιδεκάκις
985 624 1055 678 τά
1081 625 1124 695 β’
1152 626 1231 696 λη’
1252 643 1264 656 ·
1305 630 1560 700 γινόμενα
1582 631 1714 701 ὁμοῦ

149 716 351 781 ,ςωοη’.
394 711 841 783 Κατελείφθησαν
871 714 1029 786 μέχρι
1065 715 1173 769 τῶν
1204 723 1286 769 πε¹
1316 720 1410 771 καὶ
1442 720 1484 784 ζ’
1511 736 1527 750 ο
1562 718 1719 775 ἅτινά

149 800 280 850 εἰσιν
302 800 655 872 ἐνιστάμενος
679 802 778 872 τῆς
810 802 1037 875 σελήνης
1055 804 1252 869 κύκλος
1280 805 1325 871 ζ’
1353 806 1446 863 ὧν,
1486 808 1595 864 Καὶ
1630 810 1718 863 διὰ

147 890 245 959 τῆς
296 890 469 961 ἄλλης
522 892 744 962 μεθόδου
796 895 1048 967 εὑρήσεις
1094 895 1284 949 τοῦτον
1338 899 1712 973 ἀπονωτέρως.

148 982 273 1045 Τοῖς
338 981 652 1055 εἰρημένοις
701 984 900 1054 ὀλίγοις
951 986 1159 1052 ἐτεσιν,
1214 985 1379 1057 ἤγουν
1437 994 1548 1055 τοῖς
1608 1000 1714 1059 πεθ,

1824 549 2021 615 decim,
2053 552 2142 606 38.
2180 550 2522 620 Colliguntur
2555 553 2683 608 anni
2708 553 2869 611 6878.
2906 556 3112 614 Desunt
3134 561 3202 615 ad
3231 577 3380 617 com.

1824 640 2051 709 plcndos
2081 641 2172 705 85,
2215 642 2345 695 anni
2386 641 2436 709 7,
2479 642 2573 713 qui
2615 652 2700 699 est
2728 650 3011 714 praesentis
3059 652 3189 705 anni
3225 652 3382 706 luna-

1822 731 1901 787 ris
1945 733 2152 804 cyclus.
2207 731 2360 789 Licet
2406 735 2509 790 hoc
2545 744 2600 792 et
2643 738 2748 792 alia
2786 741 3040 797 methodo
3082 742 3382 813 periclitari

1821 821 2029 892 majore
2068 826 2409 893 compendio.
2454 826 2733 884 Annorum
2768 830 2961 886 minori
2997 849 3246 899 numero,
3277 835 3383 893 hoc

1820 920 1908 967 est
1956 913 2045 978 85,
2091 913 2268 984 adjice
2302 915 2392 980 l7,
2437 917 2575 972 ﬁunt
2612 918 2736 975 102.
2779 919 2854 977 Ea
2882 923 2927 979 si
2969 938 3066 994 per
3094 924 3161 980 19
3191 925 3381 982 distri-

1820 1001 1978 1068 buas,
2011 1005 2388 1076 relinquentur
2413 1002 2464 1073 7,
2494 1008 2678 1065 itidem
2719 1021 2779 1067 ut
2806 1014 2861 1067 in
2896 1015 3078 1083 priore
3102 1017 3378 1072 methodo.

149 1070 387 1142 πρόσθες
414 1074 510 1126 καὶ
540 1071 625 1138 ιζ’,
660 1074 754 1127 καὶ
780 1074 1016 1142 γίνονται
1048 1074 1149 1147 ρϐ’.
1189 1074 1372 1130 Ταῦτα
1439 1081 1487 1133 εί
1549 1081 1787 1152 ὑφείλεις
1822 1093 1976 1164 παρὰ
2015 1093 2107 1149 τὸν
2162 1070 2248 1162 ἔθ’,
2294 1070 2816 1171 καταλειφθήσονται
2869 1070 2935 1169 ζῖ.
3006 1070 3382 1176 ’Δναφαίνεται

147 1163 275 1231 γοῦν
307 1164 407 1219 καὶ
438 1163 611 1228 οὕτως
639 1164 685 1229 ζ’
710 1167 1010 1237 τυγχάνων.

231 1252 557 1326 Ἀπορήσειε
585 1256 630 1310 δ’
646 1257 711 1311 ἄν
725 1274 809 1321 τις
823 1258 932 1311 τῶν
957 1258 1092 1329 μετά
1118 1260 1358 1331 σκέψεως
1380 1266 1502 1328 ταῖς
1515 1266 1718 1338 παρού-

148 1363 269 1409 σαις
287 1345 534 1416 μεθόδοις
558 1348 1008 1419 ἐντυγχανόντων,
1023 1351 1139 1416 πῶς
1156 1353 1213 1405 ἐν
1227 1356 1291 1423 τῇ
1309 1354 1533 1427 δευτέρα
1548 1356 1718 1430 ταύτῃ

149 1437 360 1509 μεθόδῳ
384 1438 747 1509 προστίθεμεν
775 1441 834 1494 ἐν
856 1440 955 1511 μὲν
986 1441 1064 1513 τῷ
1085 1443 1183 1513 τῆς
1206 1444 1431 1498 ίνδίκτου
1456 1447 1640 1520 κύκλῳ
1653 1455 1714 1515 ε’,

146 1530 204 1580 ἐν
241 1527 300 1580 δὲ
342 1526 424 1599 τῷ
449 1526 542 1581 τοῦ
572 1528 721 1599 ήλίου
765 1530 868 1593 κδ’,
899 1531 991 1585 καὶ
1019 1533 1078 1583 ὲν
1107 1532 1183 1603 τῷ
1213 1534 1312 1605 τῆς
1338 1532 1566 1607 σελήνης
1594 1536 1675 1602 κζ’
1698 1550 1712 1570 δ

144 1617 238 1672 καὶ
262 1621 313 1671 εί
342 1618 581 1688 ἀσφαλές
603 1621 750 1674 ἐστιν
784 1623 871 1675 ἀεὶ
898 1623 1272 1695 προσχρῆσθαι
1299 1629 1420 1690 ταῖς
1442 1627 1717 1694 τοιαύταις

1910 1268 2185 1330 Dubitabit
2226 1275 2456 1333 forsitan
2495 1280 2693 1352 aliquis
2737 1282 2830 1354 qui
2871 1287 3033 1356 paulo
3072 1295 3381 1350 accuratius

1824 1360 1879 1415 in
1927 1362 2028 1419 bas
2065 1365 2350 1424 methodos
2385 1371 2627 1427 animum
2666 1374 2978 1443 intenderit,
3026 1394 3125 1434 cur
3177 1382 3231 1436 in
3280 1384 3385 1441 bac

1822 1455 2145 1523 posteriore,
2206 1471 2331 1512 cum
2384 1461 2596 1531 cyclum
2652 1464 2968 1522 indictionis
3027 1469 3380 1540 inquirimus,

1821 1542 2094 1598 addantur
2120 1545 2187 1612 5;
2226 1546 2281 1600 in
2316 1551 2468 1619 cyclo
2493 1553 2625 1608 solis
2648 1553 2754 1623 24;
2784 1556 2839 1611 in
2871 1557 3044 1613 lunari
3070 1561 3138 1614 97
3170 1580 3185 1629 ;
3220 1573 3383 1634 atque

1822 1642 2004 1688 utrum
2057 1646 2317 1707 perpetuo
2371 1641 2678 1702 additiones
2742 1647 2859 1703 istm
2916 1648 3179 1709 facienda:
3245 1656 3379 1711 sint.

145 1710 507 1782 προσθήκαις.
540 1714 682 1785 Πρὸς
713 1712 806 1777 οὓς
832 1713 1081 1786 ἐροῦμεν,
1111 1717 1186 1781 ὡς
1220 1718 1320 1771 οὑκ
1344 1719 1431 1772 ἀεὶ
1457 1713 1617 1774 αὗται
1652 1722 1715 1775 τὸ

1823 1723 2237 1795 Respondemus
2269 1746 2377 1785 non
2419 1749 2515 1789 eas
2555 1750 2770 1806 semper
2805 1746 2952 1796 tutas
2991 1757 3134 1809 esse,
3162 1730 3276 1800 sed
3311 1748 3382 1802 ad

148 1804 365 1874 βέϐαιον
392 1804 626 1875 ἔχουσιν,
671 1804 806 1860 ἀλλά
844 1806 1034 1877 μέχρις
1074 1807 1195 1861 ὅλου
1241 1808 1334 1862 τοῦ
1377 1811 1715 1880 ὲνενηκοστοῐ

1827 1831 2026 1871 annum
2068 1821 2447 1877 tantummodo
2485 1824 2590 1881 900
2630 1803 2921 1899 eiplelum,
2952 1843 3076 1903 post
3096 1850 3219 1890 eum
3253 1853 3383 1893 vero

145 1896 238 1948 καὶ
271 1896 438 1967 μόνου
480 1895 630 1961 ἔτους
654 1912 667 1926 ⁸
702 1897 839 1966 μετὰ
882 1898 940 1950 δὲ
978 1898 1155 1963 τοῦτο,
1188 1899 1354 1972 ἄλλης
1402 1901 1719 1975 ἀρξαμένης

146 1990 674 2062 ἑκατονταετηρίδος,
710 1991 865 2045 ἄλλαι
894 1992 987 2044 καὶ
1026 1991 1334 2064 προσθῆκαι
1362 1997 1721 2070 παραληφθή-

147 2097 369 2137 mar
431 2084 597 2154 ήγουν
644 2084 701 2137 ὲν
767 2084 866 2154 μὲν
900 2084 979 2155 τῷ
1021 2085 1122 2154 τῆς
1173 2087 1403 2142 ίνδίκτου
1448 2088 1633 2162 κύκλῳ
1684 2090 1718 2162 ἢ

144 2172 318 2237 οὐδὲν,
363 2173 398 2245 ἦ
434 2180 515 2240 ιε’,
554 2174 613 2227 ἐν
651 2172 708 2227 δὲ
740 2173 818 2245 τῷ
861 2172 956 2228 τοῦ
988 2173 1141 2246 ἡλίου
1184 2177 1272 2240 ιϐ’,
1307 2180 1366 2231 ὲν
1408 2178 1465 2232 δὲ
1505 2179 1586 2251 τῷ
1623 2180 1721 2251 τῆς

147 2263 381 2335 σελήνης
408 2270 479 2333 γ’.
507 2262 691 2329 Οὕτως
715 2260 808 2318 οὖν
831 2264 992 2319 πάλιν
1015 2267 1326 2333 ἀπταίστως
1351 2272 1384 2340 ή
1413 2269 1521 2323 τῶν
1547 2271 1723 2324 τοιού-

143 2372 252 2408 των
297 2355 635 2428 προϐήσεται
665 2355 878 2411 κύκλων
921 2356 1155 2429 εὕρεσις.
1189 2359 1440 2424 Πλείονος
1465 2361 1522 2414 δὲ
1558 2362 1721 2416 ἕνεκα

143 2445 404 2515 γνώσεως
428 2447 522 2501 καὶ
550 2446 641 2500 τὸν
662 2447 864 2503 τούτων
895 2448 1051 2520 λόγον
1082 2451 1418 2523 ἀποκαλύψω
1465 2469 1568 2516 σοι,
1599 2453 1720 2517 ταῖς

144 2540 363 2603 πολλοῖς
407 2539 539 2603 ἴσως
585 2540 658 2611 μὴ
702 2541 1119 2612 γινωσκόμενον.
1172 2544 1439 2615 Ἐκάστης
1466 2545 1584 2610 οἵας
1628 2545 1722 2618 δή·

144 2648 276 2686 ποτε
306 2631 693 2703 πληρουμένης
714 2634 1239 2706 ἑκατονταετηρίδος,
1282 2637 1406 2690 ὅσον
1450 2636 1516 2691 ἂν
1552 2636 1721 2710 εὑρῃς

143 2724 206 2776 ὲν
230 2721 313 2793 τῷ
343 2721 660 2793 τελευταίῳ,
694 2724 861 2794 ήγουν
887 2724 964 2796 τῷ
1022 2731 1066 2796 ρ’
1111 2725 1312 2797 ταύτης
1361 2725 1492 2789 ἔτει,
1532 2727 1624 2780 τόν
1661 2744 1720 2781 τε

143 2812 347 2866 κύκλον
396 2811 490 2867 τοῦ
538 2813 688 2885 ήλίου
738 2814 832 2868 καὶ
875 2817 977 2886 τῆς
1022 2816 1269 2888 σελήνης,
1306 2817 1400 2871 καὶ
1443 2817 1544 2887 τῆς
1593 2817 1720 2872 ίνδί-

144 2923 299 2971 κτου,
330 2905 503 2976 αὑτὴν
525 2905 724 2978 ταύτην
746 2907 843 2978 τὴν
875 2907 1104 2960 ἑκάστου
1133 2907 1404 2979 ποσότητα
1434 2908 1522 2978 ἔχε
1552 2924 1723 2979 προσ-

141 2997 325 3071 θήκην
357 3001 439 3063 είς
464 2999 533 3052 τά
567 2998 721 3067 ὀλίγα
751 2999 845 3071 ἔτη
876 3000 975 3070 τῆς
1003 3001 1308 3072 ἀρχομένης
1334 3002 1721 3072 ἑκατονταετη-

143 3087 326 3159 ρίδος·
386 3088 483 3141 καὶ
542 3088 796 3159 εὑρήσεις
855 3087 921 3141 δι’
974 3088 1208 3158 ἑκάστης
1262 3086 1582 3159 προσθήκης
1631 3089 1723 3142 τδν

1818 1908 1959 1963 alius
1990 1924 2253 1969 numerus
2295 1915 2578 1973 addendus
2611 1918 2739 1983 erit,
2778 1923 2925 1977 velut
2961 1926 3030 1979 ad
3072 1928 3382 1986 indictionis

1819 2002 2031 2071 cyclum
2058 2004 2145 2068 15,
2173 2006 2256 2060 vel
2293 2007 2346 2069 0,
2397 2007 2467 2062 ad
2511 2011 2744 2067 solarem
2798 2015 2885 2079 ιε,
2922 2017 2990 2072 ad
3036 2018 3277 2076 lunarem
3325 2024 3378 2086 3,

1818 2104 2051 2160 quorum
2093 2108 2195 2163 ope
2246 2096 2385 2167 cycli
2431 2112 2622 2156 omnes
2679 2102 2773 2157 isti
2809 2105 2927 2161 sine
2956 2122 3145 2163 errore
3188 2126 3384 2182 prove~

1819 2179 1989 2234 nient.
2037 2179 2143 2237 Sed
2178 2183 2449 2240 uberioris
2488 2186 2752 2244 doctrina:
2790 2206 2955 2247 causa
2997 2195 3160 2265 hujus
3184 2179 3382 2260 rei,tibi

1819 2274 2087 2329 rationem
2146 2277 2462 2347 explicabo,
2513 2297 2675 2351 quam
2734 2300 2843 2340 non
2908 2288 3064 2343 mqu
3129 2289 3382 2349 fortassis

1820 2363 2150 2436 intelligunt.
2200 2366 2462 2426 Vertente
2505 2373 2749 2442 quolibet
2818 2381 3169 2447 centenario,
3223 2386 3385 2454 quid-

1819 2455 1950 2531 quid
1984 2456 2039 2511 in
2071 2460 2369 2515 centesimo
2402 2475 2546 2516 anno
2573 2463 2840 2536 reliquum
2869 2476 2952 2523 est
2983 2470 3051 2525 de
3075 2475 3382 2530 ratiuncula

1820 2546 1975 2613 solis,
2019 2548 2160 2604 lunae
2205 2551 2288 2605 vel
2333 2552 2670 2621 indictionis,
2722 2557 2886 2627 hujus
2923 2577 3210 2618 numerum
3241 2566 3383 2622 adde

1820 2651 2036 2708 semper
2087 2643 2398 2697 excurrenti
2462 2659 2627 2715 supra
2680 2646 2954 2704 ineuntem
3006 2656 3381 2711 centenarium

1820 2728 2018 2784 minori
2055 2746 2320 2800 summae;
2370 2741 2431 2788 ut
2470 2750 2568 2805 per
2612 2736 2906 2807 cujuslibet
2960 2744 3176 2812 generis
3227 2746 3382 2816 adje-

1820 2818 2059 2875 ctionem
2103 2832 2493 2893 congruentem
2520 2826 2720 2886 habeas
2749 2832 2981 2901 cyclum,
3030 2842 3090 2889 ut
3129 2838 3382 2906 superius

1820 2910 2160 2967 ostendimus
2192 2931 2205 2967 :
2237 2912 2343 2968 hoc
2368 2923 2454 2970 est
2480 2916 2715 2973 solarem
2746 2921 2932 2977 addito
2963 2924 3095 2979 solis
3121 2931 3381 2997 proprio;

1822 3000 2067 3056 lunarem
2099 3002 2287 3059 addito
2315 3004 2494 3060 lunari
2519 3025 2534 3072 ;
2569 3016 2621 3064 et
2646 3008 3077 3079 indictionalem,
3102 3030 3168 3071 ex
3197 3033 3263 3074 eo
3287 3021 3381 3089 qui

1821 3090 2140 3148 indictionis
2165 3094 2421 3164 proprius
2449 3105 2554 3153 est.

138 3184 343 3251 οἰκεῖον
396 3180 603 3254 ἑκάστῃ
663 3179 893 3247 κύκλον,
946 3181 1022 3245 ὡς
1076 3180 1331 3253 ἀνωτέρω
1388 3182 1678 3254 δεδήλωται
1716 3199 1731 3213 ο
1772 3183 1941 3254 ήγουν
1990 3188 2058 3257 τῇ
2103 3186 2199 3240 τοῦ
2242 3186 2395 3259 ήλίου
2429 3189 2523 3245 τὸν
2547 3189 2641 3245 τοῦ
2685 3192 2858 3264 ήλίου,
2897 3197 2962 3267 τῇ
3008 3197 3112 3269 τῆς
3158 3198 3383 3272 σελήνης

138 3270 236 3325 τὸν
256 3271 359 3342 τῆς
395 3271 646 3343 σελήνης,
685 3273 781 3326 καὶ
816 3274 881 3344 τῇ
919 3273 1020 3342 τῆς
1074 3273 1305 3327 Ξνδίκτου
1357 3274 1449 3327 τὸν
1492 3276 1591 3346 τῆς
1639 3273 1888 3328 ίνδίκτου.

175 3382 390 3452 ’Ὅπως
446 3383 542 3438 δεῖ
582 3384 894 3455 εὑρίσκειν,
935 3384 1044 3438 τὸν
1091 3384 1364 3455 θεμέλιον
1408 3383 1518 3453 τῆς
1576 3399 1679 3439 σε·
1740 3390 1784 3449 C

817 3453 1036 3523 λήνηςη

208 3566 296 3620 Ε⁸.
332 3563 436 3617 Τὸν
458 3562 517 3617 δέ
543 3581 607 3633 γε
634 3564 877 3635 θεμέλιον
907 3566 1005 3636 τῆς
1031 3564 1257 3637 σελήνης
1280 3563 1389 3618 ίσθι
1417 3563 1714 3636 ἀρχόμενον

138 3656 252 3711 ἀπὸ
291 3655 394 3725 τῆς
428 3661 475 3707 α’
505 3655 601 3708 τοῦ
641 3655 965 3727 Ἰανουαρίου
987 3674 1001 3687 ο
1053 3656 1145 3725 ἀφ’
1173 3651 1234 3711 οὗ
1278 3656 1520 3727 δηλονότι
1566 3657 1661 3711 καὶ
1686 3658 1716 3709 6

136 3749 352 3820 ταύτης
388 3747 590 3811 κύκλος
620 3748 717 3819 τὴν
762 3748 938 3820 ἀρχὴν
976 3748 1267 3818 λαμϐάνει.
1301 3748 1364 3800 El
1396 3742 1490 3800 οὖν
1536 3745 1713 3818 βούλει

138 3842 235 3896 καὶ
287 3838 478 3893 τοῦτον
525 3840 828 3911 εὑρίσκειν,
863 3838 1320 3902 ένδεκαπλασίαζε
1369 3838 1461 3891 τὸν
1503 3840 1715 3894 ἐνιστά-

140 3948 311 4003 μενον
357 3930 556 3987 κύκλον
602 3933 697 3984 καὶ
740 3930 818 4002 τῷ
869 3930 976 3983 ἀπὸ
1022 3930 1116 3984 τοῦ
1171 3928 1712 4001 ὲνδεκαπλασιασμοῦ

135 4024 415 4094 γινομένῳ
437 4022 656 4094 ἀριθμῷ
685 4021 962 4094 προστίθει
984 4027 1034 4090 γ’
1052 4037 1066 4052 ·
1093 4020 1298 4074 καὶτὸν
1328 4020 1711 4091 συναγόμενον,

134 4117 184 4169 εἰ
217 4116 324 4187 μὲν
354 4101 600 4167 τίάτωθέν
633 4115 751 4167 ὲστι
780 4111 891 4165 τῶν
930 4110 996 4174 λ’,
1021 4110 1183 4164 αὐτὸν
1225 4112 1430 4164 ἐκεῖνον
1458 4108 1596 4165 εἶναι
1624 4112 1710 4180 γί-

132 4220 321 4260 νωσκε
359 4203 453 4256 τὸν
492 4200 736 4273 θεμέλιον
758 4217 773 4233 ⁸
806 4203 856 4254 εἰ
899 4201 945 4255 δ’
970 4198 1216 4271 ὑπερϐῇ,
1254 4199 1444 4263 ὁσάκις
1480 4200 1714 4271 ἐγχωρεῖ

131 4297 225 4351 τὸν
276 4294 324 4348 λ’
356 4294 562 4348 τούτων
590 4292 837 4362 ἀφελὼν,
885 4292 949 4346 τὸ
996 4291 1456 4361 καταλειπόμενόν
1500 4293 1648 4344 ἐστιν
1681 4293 1711 4344 6

130 4386 413 4460 θεμέλιος.
455 4384 567 4448 Τάς
602 4384 782 4456 μέντοι
817 4386 987 4455 τρεῖς,
1017 4381 1085 4446 ἃς
1115 4381 1325 4453 ἔφημεν
1363 4381 1710 4453 προστιθέναι

127 4477 211 4550 τῷ
236 4476 338 4530 τοῦ
380 4472 915 4544 ένδεκαπλασιασμοῦ
946 4472 1190 4545 ἀριθμῷ,
1228 4470 1557 4542 προσθήσεις
1583 4472 1705 4526 καθ’

126 4566 370 4621 ἓκαστσν
416 4562 658 4619 ἐνιαυτὸν
700 4564 891 4636 μέχρις
929 4562 1053 4617 ὅλου
1108 4560 1204 4616 τοῦ
1251 4568 1326 4627 ις’
1371 4560 1569 4615 κύκλου
1611 4564 1710 4634 τῆς

129 4657 374 4728 σελήνης
391 4672 406 4687 ·
437 4656 496 4710 ὲν
523 4654 579 4708 δέ
607 4671 671 4724 γε
696 4657 809 4717 τοῖς
829 4653 1034 4717 λοιποῖς
1050 4652 1218 4724 τρισὶ,
1245 4650 1323 4722 τῷ
1356 4652 1418 4715 ιζ’
1447 4650 1707 4722 δηλονότι,

2063 3388 2338 3458 Quomodo
2382 3392 2521 3449 Iunce
2555 3396 2716 3451 radix
2745 3399 3126 3473 investiganda.

1886 3561 1951 3617 ν.
1973 3564 2263 3623 Sciendum
2292 3578 2376 3627 est
2406 3573 2647 3630 radicem
2679 3576 2822 3633 lunae
2849 3594 2879 3633 a
2910 3576 3165 3639 Kalendis
3187 3579 3386 3641 Janua-

1815 3653 1914 3711 riis
1930 3657 2223 3727 auspicari,
2248 3662 2491 3732 aquibus
2508 3665 2656 3722 illius
2681 3669 2873 3739 cyclus
2902 3671 3112 3742 incipit.
3127 3672 3300 3740 Quam
3325 3684 3384 3730 ut

1815 3744 2095 3814 invenias,
2134 3749 2242 3807 duc
2274 3753 2548 3812 ineuntem
2585 3758 2728 3814 lunae.
2775 3762 2987 3833 cyclum
3030 3764 3085 3818 in
3144 3781 3221 3830 χι,
3270 3766 3386 3822 col-

1814 3836 2011 3894 lectam
2037 3854 2306 3898 summam
2333 3859 2470 3916 auge
2490 3846 2525 3900 5
2556 3848 2793 3915 additis;
2842 3851 3105 3921 quidquid
3133 3856 3382 3921 exsistet,

1814 3928 1870 3982 id
1908 3929 1955 3985 si
1985 3930 2167 3988 minus
2207 3942 2291 3989 est
2314 3935 2404 4001 30,
2433 3938 2591 3993 radix
2624 3947 2709 3995 est
2752 3941 2895 3996 lunae
2933 3943 3018 3998 :si
3049 3946 3227 4016 majus
3266 3957 3383 4012 est,

1813 4017 1882 4073 de
1915 4034 1981 4075 eo
2008 4022 2190 4090 quoad
2221 4023 2407 4080 licebit
2434 4026 2661 4083 detrahe
2689 4028 2780 4096 30,
2802 4032 3082 4087 residuum
3117 4045 3201 4091 es:
3232 4037 3386 4092 radix

1814 4110 1976 4166 lunae.
2013 4111 2190 4169 Porro
2219 4117 2522 4172 ternarium
2574 4118 2763 4184 illum,
2818 4138 2981 4191 quem
3025 4126 3386 4197 multiplicato

1812 4215 1910 4270 per
1942 4218 1998 4257 χι
2042 4220 2273 4261 numero
2312 4207 2619 4264 addendum
2661 4225 2784 4267 esse
2813 4212 3124 4279 docuimus,
3161 4216 3384 4287 adjicie-

1813 4306 1936 4349 mus
1976 4294 2032 4349 in
2059 4310 2205 4351 anno
2246 4299 2443 4367 quovis
2481 4315 2654 4369 usque
2691 4301 2757 4356 ad
2801 4310 3100 4359 vertentem
3140 4305 3207 4360 16
3241 4307 3385 4362 lunae

1812 4384 2066 4455 cyclum;
2110 4387 2166 4442 in
2217 4389 2445 4459 reliquis
2476 4390 2675 4457 tribus,
2708 4400 2768 4446 ut
2802 4393 2857 4448 in
2890 4394 2979 4459 17,
3015 4395 3104 4463 18,
3151 4397 3241 4461 19,
3282 4414 3385 4468 pro

1813 4474 1991 4531 tribus
2031 4477 2201 4535 addes
2227 4479 2284 4534 4.
2329 4479 2421 4534 Sic
2471 4482 2616 4536 enim
2663 4483 2872 4553 absque
2905 4500 3092 4542 errore
3137 4487 3382 4544 lunarem

1812 4565 2054 4622 radicem
2093 4569 2364 4627 invenies.
2394 4570 2560 4628 Potes
2595 4575 2931 4644 expeditiore
2953 4578 3207 4633 metltodo
3233 4594 3382 4635 eam-
3485 4591 3500 4620 ι

1811 4655 1935 4712 dem
1971 4658 2053 4713 sic
2087 4659 2432 4731 investigare.
2466 4664 2547 4717 Ad
2583 4680 2870 4720 numerum
2916 4667 3384 4735 radiciscurreu-

127 4748 208 4820 τῷ
239 4753 341 4819 ιη’,
373 4746 470 4801 καὶ
498 4745 578 4817 τῷ
601 4745 686 4809 ιθ’,
711 4746 834 4801 ἀντὶ
862 4744 971 4799 τῶν
1007 4751 1057 4814 γ’
1102 4743 1434 4815 προσθήσεις
1462 4742 1505 4795 δ’
1526 4760 1539 4775 ο
1571 4742 1712 4797 οὕτω

1823 4746 1888 4800 tis
1917 4747 2056 4803 adde
2084 4764 2162 4804 XI.
2182 4749 2237 4804 Si
2271 4767 2483 4808 summa
2506 4762 2725 4824 superet
2746 4771 2878 4820 xxx,
2900 4756 3135 4828 demptis
3163 4758 3381 4823 iisdem,

126 4840 240 4911 γάρ
280 4854 364 4892 σοι
385 4837 697 4901 ἀπταίστως
717 4839 751 4909 ή
779 4835 870 4890 τοῦ
899 4835 1150 4907 θεμελίου
1172 4837 1343 4907 αὐτῆς
1373 4835 1708 4907 προϐήσεται

124 4929 375 5001 εὕρεσις.
417 4927 528 4981 Καὶ
575 4925 747 4990 οὕτως
777 4924 1135 4996 ἀπονωτέρως
1179 4924 1432 4996 εὑρήσεις
1478 4923 1570 4978 τὸν
1608 4924 1710 4994 τῆς

126 5020 372 5091 σελήνης
428 5016 698 5088 θεμέλιον.
773 5014 864 5086 Τῷ
938 5013 1033 5068 τοῦ
1092 5013 1383 5077 ἐνεστῶτος
1452 5012 1705 5083 θεμελίου

1817 4837 2087 4909 reliquum
2142 4844 2370 4900 sumito.
2427 4843 2485 4899 Si
2535 4845 2718 4900 minor
2766 4853 2850 4902 est
2897 4863 3179 4916 numerus,
3236 4848 3384 4905 hunc

1815 4928 1996 4998 ipsum
2038 4948 2141 5003 pro
2170 4935 2358 4992 radice
2399 4938 2613 5008 capies.
2633 4938 2772 4995 Cum
2806 4948 2989 4996 autem
3023 4958 3158 5008 xm;
3190 4958 3387 5000 occuro

1812 5020 1904 5083 rit,
1937 5021 2183 5078 addenda
2219 5036 2348 5082 sunt
2383 5043 2483 5083 xu.
3069 5051 3081 5060 '

125 5108 356 5181 ἀριθμῷ
385 5106 662 5180 προστίθει
681 5114 768 5160 ια’.
795 5107 905 5160 Καὶ
934 5107 982 5160 εἰ
1010 5105 1108 5177 μιν
1131 5104 1298 5158 πλείω
1324 5105 1433 5158 τῶν
1454 5104 1498 5157 λ’
1521 5104 1696 5197 ἀναϐῇ
1735 5108 1764 5159 ὁ
1795 5109 2048 5182 ἀριθμὸς,
2068 5116 2137 5170 τά
2165 5116 2208 5169 λ’
2265 5119 2516 5189 ἐμϐαλὼν
2541 5120 2606 5187 ⁸⁵,
2656 5122 2725 5176 τά
2757 5122 3193 5196 καταλειπόμενα
3251 5122 3362 5197 κρά

122 5220 244 5257 τει·
282 5204 336 5256 εί
362 5201 422 5254 δὲ
450 5200 692 5257 κάτωθεν
718 5199 909 5254 τούτου
942 5200 1108 5263 ἐστὶν,
1140 5196 1302 5251 αὑτὸν
1348 5196 1553 5250 ἐκεῖνον
1580 5192 1719 5251 εἶναι
1780 5203 2015 5270 γίνωσκε
2083 5209 2174 5264 τὸν
2215 5209 2483 5282 θεμέλιον.
2524 5213 2612 5267 Ἐν
2641 5213 2820 5285 μέντοι
2856 5214 2934 5287 τῷ
2966 5218 3070 5281 κθ’,
3104 5217 3171 5271 ιϐ’
3212 5216 3293 5270 δεῖ
3325 5232 3384 5269 σε

124 5298 476 5372 προσθεῖναι.

120 5409 324 5477 Ὅπως
356 5409 664 5478 εὑρίσκειν
701 5407 797 5463 δεῖ
823 5409 1031 5543 Ξιῖσων
1055 5400 1288 5477 ἡμερῶν
1327 5404 1500 5459 ἐστιν
1529 5406 1568 5474 ἠ
1595 5421 1706 5460 σε·

876 5494 893 5528 ι
914 5494 1014 5545 νη.
1291 5535 1297 5542 ,

194 5578 293 5644 ς’.
320 5573 436 5637 Τὰς
455 5570 664 5643 ἡμέρας
692 5569 748 5623 δὲ
773 5569 873 5634 τὰς
1032 5535 1334 5639 γεννήσεως
1362 5565 1533 5641 αὐτῆς
1565 5565 1708 5621 οὕτω

192 5731 241 5761 ³⁸
265 5728 309 5798 Ῑ.
347 5723 615 5781 ἐκϐαλών.

446 5819 716 5882 ΡΑτιιοι..
748 5819 866 5880 Gn.
887 5812 1067 5878 XIX.

2059 5411 2333 5478 Quomodo
2367 5417 2589 5474 inveniri
2618 5419 2787 5489 possit
2810 5427 2951 5479 mtas
2974 5419 3134 5476 (una.
3222 5458 3227 5467 ι

1885 5558 1972 5619 γι.
2003 5548 2238 5622 Aitatem
2269 5567 2412 5624 lunae
2455 5567 2522 5624 ad
2567 5559 2712 5625 hunc
2744 5570 2970 5627 modum
3002 5548 3378 5643 investigabl‘s.

2984 5813 3061 5873 1ιὲ
