3808 6322
472 325 614 384 1323
1532 327 1622 384 AD
1664 327 1931 385 EUSEBII
1965 326 2361 385 CHRONICON
2396 328 2762 387 APPENDIX.
3554 330 3680 386 1326

468 447 670 518 Accipe
689 455 998 504 currentem
1037 444 1184 501 illius
1214 445 1476 511 radicem,
1511 453 1564 500 et
1597 445 1755 500 initio
1783 445 1928 500 Iacto
1962 461 1989 498 ι

2100 493 2106 505 ,
2136 443 2351 516 μαθήσῃ
2373 464 2387 478 ·
2422 447 2629 519 Κράτει
2661 449 2752 500 τὸν
2783 446 3132 518 ἐνιστάμενον
3179 446 3382 516 ταύτης
3413 447 3676 517 θεμέλιον·

462 536 750 602 Januario,
800 537 868 592 de
901 535 1133 606 singulis
1175 532 1456 590 mensibus
1503 547 1677 599 sume,
1718 536 1764 589 si
1811 534 1989 604 quidel

2134 539 2228 589 καὶ
2269 537 2568 608 ἀρχόμενος
2594 539 2701 592 ἀπὸ
2752 538 2846 592 τοῦ
2901 538 3266 609 ’ἰανουαρίου,
3313 535 3553 609 λάμϐανε
3597 540 3679 609 ἀφ’

467 625 665 684 diebus
683 643 811 681 xxxi
834 633 1106 689 constent,
1131 625 1152 678 1
1181 623 1285 695 1/2
1303 665 1318 689 ,
1346 623 1431 679 sin
1450 623 1726 679 tricenarii
1754 624 1884 690 sint,
1905 623 1989 694 l/i

2132 630 2364 684 ἑκάστου
2393 631 2581 702 μηνὸς,
2632 631 2739 685 ἀπὸ
2791 631 2889 702 μὲν
2929 631 3039 684 τῶν
3079 631 3311 702 ἐχόντων
3344 630 3426 684 λα’
3466 631 3679 703 ἡμέρας.

468 716 640 773 Porro
665 717 866 772 mensis
900 717 1070 780 illius,
1101 717 1155 770 in
1190 730 1300 785 quo
1326 718 1583 779 versaris,
1605 714 1724 771 dies
1754 715 1929 785 adiice
1963 731 1989 769 a

2131 727 2178 775 α’
2203 723 2295 776 καὶ
2316 721 2401 788 S",
2428 723 2536 776 ἀπὸ
2568 722 2625 776 δὲ
2645 723 2752 775 τῶν
2785 723 2851 784 λ’,
2884 723 2969 777 S".
2991 722 3096 776 Τοῦ
3132 722 3314 794 μέντοι
3344 723 3531 794 μηνὸς,
3564 724 3616 775 ὲν
3641 718 3681 792 ᾧ

467 809 588 878 ejus
608 807 865 863 Kalendis
903 807 972 862 ad
1023 808 1360 877 propositum
1404 805 1566 861 diem.
1613 806 1697 861 Ad
1744 807 1989 862 collecta:

2129 813 2228 884 τὴν
2259 811 2488 884 ζήτησιν
2517 815 2640 884 ποιῇ
2671 813 2778 866 τῶν
2806 812 3027 884 ἡμερῶν
3058 814 3157 884 τῆς
3190 813 3441 884 σελήνης,
3466 814 3681 880 εἰσάξεις

465 913 735 956 summam
781 897 1020 954 radicem
1073 898 1279 953 addito.
1339 895 1537 952 Totum
1593 896 1790 954 deinde
1827 897 1989 967 partit

2128 903 2297 968 αὐτὰς
2315 905 2551 968 ὲκείνας,
2577 905 2706 968 ὅσας
2726 904 2856 975 ἔχει,
2880 904 3181 977 ἀρξάμενος
3205 903 3367 975 μέχρι
3387 905 3485 974 τῆς
3506 905 3680 974 ζητου-

465 1005 562 1062 per
587 990 655 1045 29
688 989 812 1061 1/2,
831 989 1136 1046 residuum.
1169 989 1283 1044 sive
1305 989 1375 1043 29
1410 989 1533 1061 1/2,
1560 1005 1657 1045 seu
1688 990 1870 1045 minus
1905 987 1989 1044 fue

2131 996 2297 1068 μένης
2330 996 2564 1068 ἡμέρας.
2603 997 2701 1060 Ἀς
2724 998 2903 1060 πάσας
2934 997 3175 1065 συνάψας
3214 996 3291 1067 τῷ
3319 995 3574 1066 θεμελίῳ,
3601 996 3680 1049 τὸν

462 1083 562 1144 rit,
603 1089 817 1138 aetatem
869 1081 1088 1136 exhibet
1129 1079 1291 1136 lunas.
1325 1079 1494 1150 Igitur
1550 1081 1596 1136 si
1656 1080 1725 1134 ab
1765 1079 1989 1135 Ianuari

2128 1086 2390 1155 γεγονότα
2456 1085 2686 1157 ἀριθμὸν
2738 1085 2901 1156 ὓφελε
2946 1087 3039 1139 ἐπὶ
3087 1088 3195 1140 τῶν
3243 1085 3325 1140 κθ¹
3365 1084 3452 1150 S",
3495 1088 3584 1140 καὶ
3622 1087 3681 1140 τὰ

459 1175 732 1229 calculum
769 1173 986 1245 incipis,
1019 1181 1073 1228 et
1112 1173 1408 1230 bissextilis
1453 1173 1774 1236 intercedat,
1813 1172 1989 1243 sesqui

2131 1175 2359 1247 μένοντα
2389 1175 2594 1230 τούτων
2617 1175 2882 1240 κάτωθεν,
2916 1177 2948 1247 ἡ
2979 1175 3074 1230 καὶ
3105 1176 3303 1249 μέχρις
3331 1177 3534 1245 αὐτῶν,
3559 1177 3679 1232 εἰσίν

458 1265 601 1321 diem
629 1282 696 1321 ex
721 1266 813 1320 illo
833 1272 1110 1336 sumptum
1137 1264 1363 1334 adjicies
1385 1280 1481 1336 per
1507 1279 1708 1318 annum
1731 1263 1989 1334 integrum

2124 1268 2183 1321 αἰ
2200 1266 2309 1321 ἀπὸ
2323 1266 2424 1337 τῆς
2455 1269 2756 1339 γεννήσεως
2773 1268 2944 1338 αὐτῆς
2973 1269 3196 1340 ἡμέραι.
3232 1269 3556 1341 Ἀρχόμενος
3580 1267 3677 1335 οὖν,

459 1359 563 1416 hoc
591 1367 676 1415 est
703 1374 876 1428 usque
910 1357 978 1412 ad
1017 1358 1393 1427 insequentem
1432 1355 1770 1412 Ianuarium.
1795 1355 1853 1410 ln
1879 1372 1987 1411 ann

2124 1353 2201 1417 ὡς
2227 1355 2463 1425 εἴρηται,
2495 1355 2603 1408 ἀπὸ
2629 1355 2722 1408 τοῦ
2762 1357 3108 1429 Ἰανουαρίου,
3135 1358 3184 1410 εἰ
3216 1359 3315 1428 μὶν
3347 1358 3424 1413 ἔνι
3452 1360 3480 1412 6
3509 1360 3680 1431 χρόνος

455 1449 730 1506 communi
761 1449 1010 1505 eumdem
1050 1464 1225 1519 usque
1264 1447 1332 1503 ad
1375 1446 1658 1503 Februarii
1693 1448 1853 1504 linem
1877 1447 1988 1502 dun

2125 1443 2387 1515 βίσεξτος,
2424 1446 2612 1514 είσαγε
2642 1446 2740 1518 τήν
2766 1447 2824 1513 ἐξ
2889 1444 3052 1500 αὐτοῦ
3087 1447 3514 1522 λαμϐανομένην¹
3554 1453 3668 1523 μίαν

453 1549 606 1596 taxat
653 1555 924 1604 assumes,
970 1554 1146 1611 eoque
1195 1545 1474 1594 transacto
1528 1539 1718 1592 ambos
1777 1537 1989 1594 omitlea

2121 1539 2291 1609 ἥμισυ
2321 1539 2535 1610 ἡμέραν
2568 1538 2690 1593 καθ’
2716 1539 2837 1594 ὅλον
2867 1540 2956 1594 τὸν
2991 1542 3257 1604 ἐνιαυτὸν,
3286 1545 3454 1614 ήγουν
3505 1545 3679 1616 μέχρις

453 1634 663 1703 Quippe
691 1631 960 1687 defectum
991 1633 1158 1688 unius
1197 1631 1426 1688 alterius
1469 1629 1830 1686 redundantia
1866 1643 1986 1684 com

2122 1631 2190 1685 ἃν
2215 1631 2426 1702 φθάσῃς
2449 1632 2545 1702 τὴν
2576 1631 2748 1704 ἀρχὴν
2781 1631 2873 1685 τοῦ
2905 1634 2986 1697 είς
3013 1634 3074 1687 τὸ
3117 1635 3269 1688 ἐπιὸν
3302 1635 3424 1698 ἔτος
3465 1637 3679 1689 Ἰανουα-

453 1733 664 1796 pensat.
696 1723 966 1795 Deinceps
989 1739 1120 1795 ergo
1150 1723 1220 1779 ab
1252 1724 1346 1779 illa
1373 1722 1781 1778 contributione
1801 1736 1989 1776 manen

2122 1720 2259 1792 ρίου·
2289 1723 2338 1774 εἰ
2374 1721 2419 1774 δ’
2459 1722 2559 1774 οὐκ
2582 1720 2694 1775 ἔστι
2717 1721 2975 1792 βίσεξτος,
3003 1723 3247 1794 λάμϐανε
3271 1723 3481 1795 ταύτην
3504 1726 3681 1797 μέχρις

449 1817 720 1872 immunes
743 1817 819 1870 illi
847 1815 956 1870 duo
985 1830 1206 1871 menses
1233 1830 1408 1885 usque
1429 1813 1497 1869 ad
1522 1828 1696 1869 annos
1723 1821 1832 1868 tre
1858 1813 1989 1868 abso

2121 1791 2187 1866 ἀν
2209 1810 2469 1884 πληρώσῃ
2495 1813 2537 1844 ¹⁸
2570 1814 2600 1866 6
2635 1791 2995 1885 Φεϐρουάριος
3024 1791 3116 1867 καὶ
3145 1815 3328 1884 μόνον,
3361 1791 3455 1868 καί.
3479 1791 3679 1884 μετ-ἀπὸ

451 1910 615 1973 lutos,
640 1909 744 1964 hoc
768 1915 851 1963 est
883 1922 1056 1976 usque
1086 1908 1153 1962 ad
1185 1906 1522 1962 bissextilem
1543 1905 1793 1960 alterum.
1819 1903 1989 1970 Quam

2121 1900 2478 1973 πληρωθῆναι
2522 1901 2680 1954 αὐτὸν
2720 1901 3098 1972 καταλίμπανε
3136 1903 3503 1974 ἀμφοτέρους.
3540 1905 3678 1973 Δαμ-

449 1999 636 2055 obrem
678 1997 1016 2054 transcensis
1053 1997 1196 2061 istis,
1240 1996 1318 2052 uti
1367 1995 1574 2050 dictum
1612 2000 1716 2058 est,
1751 1994 1942 2064 incipit
1984 2012 1989 2045 ε

2123 1993 2275 2069 ϐἀνει
2298 1991 2406 2062 γάρ
2427 1992 2527 2062 τὴν
2555 1991 2648 2046 τοῦ
2691 1992 2807 2057 ἑνὸς
2846 1994 3162 2064 περισσείαν
3202 1996 3236 2064 ή
3274 1995 3506 2067 θατέρου
3537 1993 3678 2048 ὑστέ-

449 2089 665 2155 ὶίπιίο,
703 2097 779 2157 et,
827 2097 885 2145 ut
923 2089 1382 2160 praeseripsimus,
1413 2086 1530 2142 dies
1575 2086 1698 2141 illos
1731 2086 1918 2154 accipe
1949 2099 1989 2138 al

2126 2099 2301 2155 ρησις.
2332 2080 2640 2135 Κάντεῦθεν
2677 2082 2898 2153 μένουσι
2943 2084 3035 2136 καί
3068 2086 3116 2138 οἰ
3149 2085 3246 2138 δύο
3291 2087 3602 2148 ἀσυντελείς
3629 2088 3679 2139 ὲν

447 2197 575 2237 eum
600 2197 775 2252 usque
795 2181 888 2250 qui
913 2182 1259 2252 proponitur.

2123 2178 2188 2247 τῇ
2217 2172 2442 2245 τοιαύτῃ
2473 2175 2802 2245 συνεισφορᾷ
2841 2175 2999 2246 μέχρι
3039 2177 3491 2248 συμπληρώσεως
3519 2179 3681 2232 ἐνιαυ-

445 2271 558 2327 τῶν
581 2272 776 2343 τριῶν·
810 2273 976 2344 ἡγουν
1001 2271 1191 2343 μέχρις
1228 2270 1293 2324 ἂν
1315 2269 1540 2341 γένηται
1574 2269 1738 2324 πάλιν
1768 2270 1796 2323 6
1825 2269 2016 2340 χρόνος
2052 2269 2314 2341 βίσεξτος.
2357 2267 2590 2332 Τούτους
2637 2264 2729 2322 οὖν
2753 2269 3118 2340 ὑπερϐαίνων,
3142 2271 3217 2336 ὡς
3248 2272 3487 2344 εἴρηται,
3525 2273 3678 2343 ἄρχου

443 2364 553 2418 ἀπὸ
597 2362 692 2418 τοῦ
759 2363 1034 2436 Μαρτίου,
1066 2361 1356 2434 λαμϐάνων
1398 2362 1498 2427 τὰς
1557 2361 1943 2433 διαληφθείσας
2006 2363 2220 2434 ἡμέρας
2267 2361 2356 2415 τὸν
2405 2363 2693 2432 εἰρημένον
2743 2361 2979 2434 τρόπον,
3032 2362 3192 2434 ἄχρις
3234 2364 3301 2419 ἂν
3342 2365 3554 2436 φθάσῃς
3591 2363 3680 2432 τὴν

443 2458 782 2530 ζητουμένην
807 2457 1040 2531 ἡμέραν.

513 2551 690 2622 Atque
730 2562 788 2607 ut
820 2567 910 2608 res
945 2559 1060 2607 tota
1105 2551 1199 2607 Iiat
1249 2551 1502 2623 exemplo
1544 2551 1729 2623 aliquo
1778 2551 1981 2607 clarior

2188 2549 2306 2602 Ἵνα
2331 2547 2388 2602 δὲ
2417 2547 2512 2602 καὶ
2546 2547 2613 2602 δι’
2648 2546 3040 2618 ὐποδείγματος
3073 2551 3409 2622 σαφέστερον
3445 2554 3506 2606 τὸ
3536 2554 3678 2622 λεγό-

441 2653 719 2712 quaeratur
751 2644 853 2700 hoc
885 2658 1051 2711 anno,
1075 2643 1169 2714 qui
1197 2651 1281 2699 est
1303 2643 1464 2712 6885,
1493 2652 1624 2716 quot
1645 2645 1857 2699 dierum
1886 2645 1989 2697 Iun:

2117 2658 2276 2713 μενον
2300 2640 2546 2712 γένηται,
2579 2638 2780 2694 κείσθω
2810 2638 2990 2710 ζητεῖν
3035 2641 3182 2710 ἡμᾶς
3215 2642 3358 2695 κατά
3388 2644 3450 2697 τὸ
3478 2647 3673 2698 ἐνιστά-

440 2736 513 2789 sit
534 2733 660 2790 Maii
688 2735 970 2792 vicesimo.
1010 2733 1252 2790 Primum
1295 2735 1534 2792 radicem
1581 2737 1751 2798 illius,
1785 2737 1889 2791 hoc
1928 2750 1989 2790 es

2116 2749 2275 2803 μενον
2297 2738 2485 2798 ,ςωπέ
2505 2731 2622 2795 ἔτος
2646 2731 2827 2784 πόσων
2843 2731 3066 2802 ἡμερῶν
3095 2735 3243 2786 ἐστιν
3271 2734 3299 2804 ή
3329 2735 3527 2806 σελήνη
3547 2737 3676 2789 κατά

441 2841 534 2890 xx,
584 2827 903 2884 sumimus:
955 2843 1019 2884 ac
1068 2827 1456 2899 praetermissis
1505 2827 1772 2884 Januario
1814 2836 1868 2884 et
1919 2825 1989 2883 Fc

2111 2825 2208 2896 τήν
2236 2830 2285 2878 κ’
2317 2823 2410 2877 τοῦ
2443 2823 2640 2878 Μαΐου.
2685 2822 3027 2893 Κρατοῦντες
3054 2817 3146 2877 οὖν
3175 2824 3270 2879 τὸν
3312 2825 3557 2896 θεμέλιον
3587 2828 3675 2881 αὐ-

441 2920 681 2985 bruario,
723 2927 783 2974 ut
824 2919 918 2990 qui
951 2919 1088 2976 nihil
1122 2921 1346 2976 omnino
1373 2921 1682 2987 conferant,
1715 2919 1989 2992 incipimm

2115 2913 2237 2984 τῆς,
2273 2919 2322 2967 κ’
2374 2912 2720 2983 ὑπάρχοντα,
2753 2911 3164 2984 παρατρέχομεν
3216 2913 3311 2965 τόν
3352 2931 3412 2966 τε
3458 2915 3674 2969 Ἰανουά-

440 3009 708 3076 aﬂartio,
741 3011 810 3067 de
853 3025 963 3084 quo
1010 3010 1154 3068 diem
1207 3011 1235 3067 1
1277 3011 1384 3083 1/2
1441 3013 1804 3084 capimus,ex
1839 3011 1988 3082 April

2119 3023 2232 3078 ριον
2269 3005 2363 3058 καὶ
2393 3005 2486 3060 τὸν
2514 3003 2894 3076 Φεϐρουάριον,
2918 3005 2994 3069 ὡς
3026 3006 3100 3077 μὴ
3131 3006 3359 3076 ἔχοντας
3385 3008 3674 3078 εἰσενέγκαι

441 3102 563 3173 1/2,
587 3103 679 3172 qui
715 3101 833 3157 dies
865 3117 989 3157 cum
1024 3102 1175 3158 boris
1205 3104 1274 3158 ad
1303 3118 1372 3158 xx
1403 3104 1645 3160 radicem
1679 3103 1870 3165 additi,
1900 3117 1989 3155 un:

2113 3113 2187 3150 τι.
2237 3095 2552 3167 ’Δρχόμενοι
2609 3094 2667 3147 δὲ
2718 3095 2826 3148 ἀπὸ
2882 3094 2972 3148 τοῦ
3026 3097 3276 3169 Μαρτίου
3339 3098 3673 3171 λαμϐάνομεν

437 3207 561 3247 cum
595 3208 667 3248 xx
713 3191 908 3248 diebus
940 3189 1088 3258 Maii,
1120 3193 1422 3248 coniiciunt
1475 3194 1617 3249 duos
1654 3200 1709 3248 et
1766 3191 1989 3262 quadra-

2107 3185 2299 3240 τούτου
2356 3185 2481 3257 μίαν
2509 3185 2714 3255 ἥμισυ,
2769 3183 2980 3238 καὶτοῦ
3016 3186 3295 3257 ’Δπριλίου
3339 3189 3545 3259 ἥμισυ,
3589 3190 3668 3246 αἶ.

436 3284 605 3356 ginta.
639 3283 899 3341 Deductis
929 3301 1060 3358 ergo
1083 3302 1211 3341 xxix
1241 3285 1365 3358 1/2,
1387 3287 1774 3358 relinquuntur
1798 3299 1873 3340 xu
1898 3283 1989 3354 1/3

2112 3277 2251 3349 μετὰ
2272 3276 2378 3330 τῶν
2401 3283 2450 3330 κ’
2481 3274 2574 3329 τοῦ
2598 3275 2847 3346 θεμελίου
2875 3275 3321 3348 προστιθέμεναι,
3367 3281 3546 3334 καὶ-αι
3586 3279 3669 3334 τοῦ

435 3375 571 3432 dies.
604 3373 773 3447 Igitur
794 3376 1055 3432 vicesimo
1084 3376 1172 3433 die
1190 3376 1314 3432 Maii
1346 3385 1562 3434 aetatem
1590 3378 1735 3433 lunae
1763 3375 1989 3432 dicimus

2108 3371 2284 3424 Μαΐου
2314 3375 2386 3432 κ’,
2426 3368 2663 3436 γίνονται
2709 3366 2817 3438 με’.
2850 3367 3300 3439 Ἑκϐεϐλημένων
3331 3367 3427 3425 οὗν
3459 3373 3566 3427 τῶν
3600 3374 3670 3426 κθ¹

431 3481 555 3524 esse
583 3466 793 3522 dierum
831 3483 908 3524 xu
933 3468 1054 3539 1/2.

2108 3460 2174 3516 S"
2205 3459 2460 3531 ἡμερῶν,
2507 3457 2940 3530 κατελείφθησαν
2975 3460 3068 3514 καὶ
3110 3461 3175 3513 ιϐ’
3213 3460 3281 3516 S"
3316 3464 3544 3535 ἡμέραι,
3582 3465 3669 3519 Ag.

429 3579 598 3634 γομεν
654 3558 746 3618 οὖν
788 3560 927 3618 εἶναι
971 3566 1071 3636 τὴν
1119 3563 1348 3636 σελήνην
1372 3563 1515 3618 κατά
1556 3563 1656 3636 τὴν
1710 3563 2007 3636 εἰρημένην
2035 3556 2082 3614 κ’
2111 3555 2205 3612 τοῦ
2239 3555 2414 3608 Μαΐου
2455 3554 2624 3624 μηνὸς
2657 3553 2725 3606 ιϐ’
2751 3555 2922 3624 ἥμισυ
2950 3554 3192 3627 ἡμερῶν.

433 3691 573 3756 Quot
612 3688 770 3744 horas
803 3693 930 3744 luna
977 3691 1212 3774 singulis.
1244 3692 1483 3774 ηυειίίειη
1514 3692 1713 3756 luceat,
1741 3691 1998 3762 quomodo

996 3773 1162 3828 passu
1194 3773 1434 3814 inveniri.

501 3848 617 3904 VII.
649 3847 805 3905 Scire
847 3847 1076 3905 forsitan
1107 3850 1346 3920 cupienti
1373 3850 1471 3906 tibi
1501 3861 1636 3922 quot
1661 3850 1826 3907 boras
1865 3851 1993 3908 luna

433 3947 556 4010 post
582 3955 840 4010 vesperas
877 3939 1124 4010 singulas
1167 3955 1446 4004 crescens,
1485 3941 1878 3998 decrescensve
1911 3945 1991 3998 Iu-

430 4037 574 4096 ceat,
607 4029 711 4086 hoc
732 4028 978 4101 impigre,
1009 4045 1111 4085 nec
1135 4030 1444 4102 importune
1477 4032 1572 4086 tibi
1599 4039 1749 4086 certa
1784 4033 1996 4089 ratione

2106 3689 2296 3750 Ὅπως
2327 3685 2420 3740 δεῖ
2446 3686 2925 3758 εὑρίσκειν,κιιί-
2948 3687 3145 3758 πόσας
3178 3685 3342 3754 ὧρας
3374 3690 3412 3757 ἡ
3447 3691 3663 3758 σελήνη

2368 3758 2639 3825 φαίνεται
2665 3757 2793 3809 καθ’
2819 3753 3086 3823 ἑκάστην
3117 3753 3413 3826 ἑσπέραν-ζ

2172 3847 2244 3902 Ζ’.
2290 3846 2548 3902 Ποθοῦντί
2614 3864 2694 3899 σοι
2767 3846 2813 3899 δ’
2879 3845 3009 3909 ἴσως
3077 3846 3278 3902 εἰδέναι
3333 3852 3430 3904 καὶ
3513 3852 3664 3912 πόσας

2099 3939 2250 4011 ὥρας
2286 3941 2320 4010 ἡ
2356 3939 2549 4010 σελήνη
2579 3939 2758 4008 φαίνει
2799 3937 2921 3993 καθ’
2961 3939 3201 4012 ἑκάστην
3252 3942 3496 4014 ἑσπέραν
3524 3945 3659 4011 αὐξο-

2103 4033 2242 4103 μένη
2272 4049 2332 4084 τε
2358 4030 2450 4084 καὶ
2477 4030 2794 4102 μειουμένη,
2824 4032 2923 4086 οὐκ
2955 4031 3142 4102 ἀργῶς
3178 4033 3290 4086 οὐδ’
3319 4035 3564 4107 ἀκαίρως
3591 4053 3656 4088 σοι

427 4121 948 4177 demonstrabimus.
986 4119 1162 4188 Luna,
1192 4132 1480 4194 postquam
1516 4131 1642 4177 nata
1665 4137 1772 4190 est,
1796 4125 1989 4180 crescil

2100 4122 2188 4176 καὶ
2207 4123 2297 4176 τὸν
2323 4123 2449 4194 περὶ
2471 4121 2662 4176 τούτου
2687 4121 2845 4190 λόγον
2877 4122 3204 4194 ὲκθήσομεν.
3224 4125 3286 4176 Ἠ
3312 4125 3512 4198 σελήνη
3541 4126 3659 4204 μετά

429 4213 496 4268 nd
542 4228 614 4268 xv
663 4212 818 4280 dies;
868 4227 935 4268 ac
977 4212 1203 4269 totidem
1243 4215 1370 4284 plus
1433 4215 1616 4272 minus
1658 4215 1822 4286 pleno
1862 4216 1989 4271 orbe

2100 4214 2153 4267 εδ
2180 4213 2506 4286 γεννηθῆναι
2537 4213 2755 4280 αὐξάνει
2793 4213 2890 4284 μὲν
2925 4213 3085 4284 μέχρι
3112 4217 3214 4285 τῆς
3238 4215 3301 4268 ιε’
3333 4209 3544 4289 ἡμέρας
3562 4235 3574 4246 ’
3603 4212 3658 4288 ἧς

427 4307 591 4361 lucet.
627 4301 755 4361 Inde
797 4307 1058 4377 paulatim
1100 4306 1169 4362 ad
1211 4306 1551 4363 tricesimum
1585 4324 1760 4379 usque
1805 4307 1997 4364 decre-

426 4397 550 4461 scit,
581 4411 694 4468 quo
723 4397 812 4452 die
841 4398 1058 4468 penitus
1087 4399 1210 4454 luce
1236 4398 1450 4455 defecta
1477 4415 1672 4456 rursus
1711 4399 1864 4454 nasci
1894 4413 1992 4453 no-

2092 4305 2244 4369 ὲντδς
2263 4306 2354 4360 ὲπί
2371 4322 2429 4360 τε
2454 4305 2515 4358 1:6
2530 4305 2690 4361 πλέον
2713 4309 2806 4359 καί
2821 4304 2882 4358 τὸ
2895 4304 3115 4358 ἔλαττον
3137 4306 3354 4372 γίνεται
3382 4311 3480 4362 καὶ
3501 4312 3534 4379 ἡ
3552 4309 3654 4362 ταύ-

2092 4413 2192 4466 της
2209 4396 2491 4467 ἀπόχυσις.
2510 4395 2641 4450 ’Λπὺ
2662 4395 2863 4466 ταύτης
2883 4395 2925 4448 δ’
2945 4395 3174 4468 ἄρχεται
3203 4398 3496 4468 μειοῦσθαι
3519 4400 3656 4470 μέχρι

347 4494 362 4510 ’
425 4502 490 4541 va
531 4489 744 4560 incipit.
779 4487 948 4561 Igitur
1002 4489 1312 4560 quindecim
1377 4491 1487 4546 illis
1539 4489 1860 4545 incrementi
1904 4489 1987 4545 sui

2100 4487 2198 4558 τῆς
2229 4487 2293 4551 λ’,
2323 4487 2444 4540 καθ’
2472 4487 2539 4558 ἡν
2569 4486 2895 4539 ἐκλείπουσα
2924 4484 3166 4551 τελείως,
3205 4488 3495 4560 ἀρχομένη
3519 4489 3652 4544 πάλιν

425 4580 640 4645 diebus,
687 4580 791 4635 sub
829 4580 1061 4651 primam
1096 4595 1377 4651 vesperam
1429 4578 1707 4651 scrupulis
1752 4587 1993 4650 quatuor

426 4671 570 4726 lucet
631 4687 646 4726 :
702 4671 807 4726 sub
863 4671 1180 4736 secundam,
1237 4687 1371 4736 vm;
1423 4670 1530 4726 sub
1574 4671 1817 4735 tertiam,
1853 4686 1986 4725 xu:

423 4770 588 4836 atque
615 4763 691 4817 ita
719 4763 978 4834 deinceps
1001 4779 1177 4834 usque
1204 4763 1274 4819 ad
1306 4762 1451 4820 diem
1479 4779 1573 4829 xv,
1603 4762 1678 4817 ita
1709 4771 1767 4818 ut
1795 4763 1987 4834 singu-

425 4853 488 4908 lae
520 4861 711 4908 noctes
737 4869 790 4908 Iv
819 4852 1020 4908 addant
1048 4854 1329 4924 scrupula,
1359 4853 1670 4924 cuiusmodi
1712 4855 1766 4909 in
1793 4855 1986 4910 horam

422 4941 720 5012 quamlibet
744 4942 1085 5014 imputantur
1112 4959 1165 4998 ν.
1196 4943 1384 5014 Itaque
1409 4957 1534 4998 cum
1581 4943 1649 5000 ad
1692 4961 1760 4997 xv
1790 4959 1989 5014 vespe-

422 5049 536 5092 ram
569 5036 908 5105 pervenerit,
941 5043 999 5090 ut
1041 5034 1199 5106 plena
1231 5035 1464 5101 dicatur,
1492 5035 1639 5106 quod
1673 5046 1805 5090 tunc
1854 5036 1990 5092 solis

420 5126 588 5182 radiis
634 5133 746 5182 tota
795 5126 1181 5189 collustretur,
1215 5126 1472 5196 scrupula
1514 5142 1580 5180 1.x
1614 5143 1680 5183 ea
1712 5133 1874 5182 nocte
1905 5126 1990 5180 lu-

420 5223 524 5280 cet,
561 5233 682 5288 quae
735 5225 865 5273 sunt
901 5217 1048 5272 horae
1091 5233 1190 5273 xu.
1247 5215 1382 5272 Nam
1424 5227 1619 5292 quater
1669 5217 1984 5289 quindecim

419 5314 548 5360 sunt
569 5322 658 5375 1.x,
704 5314 758 5364 et
794 5305 1088 5376 quinquies
1137 5306 1424 5363 duodecim
1455 5308 1641 5365 itidem
1676 5323 1768 5364 ιι.
1806 5307 1988 5374 Quare

417 5397 468 5452 si
528 5413 694 5456 nosse
743 5400 900 5468 cupis
947 5405 1079 5468 quot
1121 5399 1286 5454 horas
1322 5399 1553 5472 singulis
1581 5401 1839 5458 noctibus
1863 5414 1986 5454 cre-

417 5503 576 5546 scena
590 5491 720 5544 luna
745 5489 944 5556 luceat,
959 5489 1080 5547 vide
1105 5500 1237 5562 quot
1264 5492 1382 5550 dies
1410 5501 1542 5551 aetas
1563 5493 1710 5550 illius
1744 5492 1982 5562 habeat;

494 5708 536 5742 ι·
562 5709 604 5779 r.
633 5705 918 5782 πληρωθῇ.

2099 4581 2354 4648 γεννᾶται
2398 4579 2514 4632 νέα.
2569 4579 2658 4632 Ἐν
2697 4579 2814 4640 ταῖς
2841 4577 3164 4648 εἰρημέναις
3207 4574 3305 4632 οὖν
3335 4581 3398 4633 ιε’
3443 4581 3652 4652 ἡμέραις

2097 4672 2196 4742 τῆς
2223 4670 2500 4741 αὐξήσεως
2534 4669 2704 4740 αὐτῆς
2736 4668 2938 4739 λάμπει
2977 4670 3078 4740 τήν
3107 4671 3207 4740 μὲν
3256 4671 3489 4744 πρώτην
3516 4671 3650 4726 ἑσπέ-

2099 4779 2200 4835 ραν
2228 4761 2400 4814 λεπτά
2427 4760 2491 4827 δ’,
2521 4760 2619 4832 τὴν
2650 4761 2706 4814 δὲ
2736 4760 2993 4832 δευτέραν
3025 4761 3098 4831 η’,
3122 4762 3225 4833 τὴν
3262 4763 3323 4817 δὲ
3352 4766 3544 4837 τρίτην
3564 4763 3647 4816 ιϐ’·

2095 4856 2189 4910 καί
2205 4855 2434 4927 καθεξῆς
2451 4857 2650 4927 ὁμοίως
2666 4855 2824 4925 μέχρι
2841 4854 2948 4907 τῶν
2973 4853 3053 4918 ιε’,
3069 4856 3520 4928 προστιθεμένων
3534 4857 3647 4922 αὐτῇ

2096 4947 2219 5003 καθ’
2269 4947 2508 5016 ἑκάστην
2538 4947 2774 5016 ἑσπέραν
2817 4945 3029 4999 λεπτῶν
3059 4945 3124 5009 δ’,
3165 4946 3202 5000 6
3242 4947 3310 5019 δὴ
3339 4949 3514 5003 λεπτά
3557 4951 3650 5002 εἰε-

2097 5039 2316 5107 άγονται
2349 5039 2406 5090 ἐν
2437 5039 2538 5107 μιᾷ
2566 5037 2766 5107 ἑκάστῃ
2789 5036 2908 5108 ὥρα
2935 5036 2997 5092 ε’.
3025 5036 3289 5091 Φθάσασα
3319 5039 3454 5108 γοῦν
3486 5040 3574 5111 τήν
3599 5037 3648 5089 ιε’

2095 5128 2352 5198 ἑσπέραν.
2369 5127 2489 5196 ἡτις
2520 5127 2615 5179 καί¹
2645 5125 2974 5195 πανσέληνος
3000 5127 3271 5192 καλεῖται,
3292 5129 3384 5183 διὰ
3412 5132 3472 5184 τὸ
3497 5131 3649 5182 πᾶσαν

2096 5219 2224 5290 παρ’
2251 5220 2420 5289 αὐτῆς
2452 5217 2801 5286 φωτίζεσθαι,
2831 5217 3036 5288 λάμπει
3085 5221 3229 5274 κατά
3260 5222 3472 5294 ταύτην
3503 5218 3645 5274 λεπτὰ

2090 5309 2156 5377 ξ’,
2184 5311 2351 5381 ἦγουν
2387 5307 2539 5380 ὥρας
2569 5308 2657 5364 ιϐ’.
2690 5309 2956 5380 Τετράκις
2979 5309 3088 5380 γὰρ
3133 5311 3204 5364 τά
3244 5312 3306 5364 ιε’
3335 5313 3381 5378 ξ’
3412 5314 3643 5382 γίνονται.

2089 5399 2185 5454 καὶ
2210 5399 2476 5463 πεντάκις
2497 5400 2566 5454 τὰ
2595 5400 2663 5454 ιϐ’
2694 5400 2853 5453 πάλιν
2871 5399 2936 5467 ξ’.
2963 5401 3024 5454 Εἰ
3050 5397 3145 5454 οὖν
3171 5401 3357 5471 βούλει
3384 5405 3642 5474 γινώσκειν

2087 5491 2261 5556 πόσας
2277 5491 2424 5563 ὥρας
2451 5492 2633 5562 φαίνει
2651 5491 2770 5545 καθ’
2795 5491 3028 5546 ἑκάστην
3046 5492 3290 5564 ἑσπέραν
3310 5494 3642 5565 αὐξανομένη,
