3808 6300
151 333 282 389 1525

1281 338 1502 401 lSAACl
1541 341 1844 405 MONACHI
1882 343 2278 410 COMPUTUS.

3241 346 3374 406 meo

143 449 366 523 εὕρισκε
407 448 586 508 πόσων
611 457 830 528 ἡμερῶν
869 459 1143 530 τυγχάνει,
1168 463 1260 517 καὶ
1286 465 1508 530 ταύταις
1535 467 1696 531 διδοὺς

1811 484 1909 539 pro
1929 486 2257 543 unoquoque
2283 469 2370 526 die
2385 469 2639 541 scrupula
2669 476 2722 522 tv‘
2747 466 2933 539 accipe
2969 477 2983 521 ι
3017 480 3282 523 summam
3313 485 3376 522 rx

143 543 244 597 ἀνὰ
284 543 460 598 λεπτὰ
507 546 569 610 δ’,
613 548 681 600 τὰ
720 547 1058 620 συναγόμενα
1107 554 1280 608 λεπτὰ
1332 555 1519 628 μέριζε
1560 558 1711 630 παρὰ

143 633 231 686 τὸν
282 633 346 698 ε’,
379 636 700 706 μεταϐαλὼν
743 639 824 702 εἰς
859 639 1043 713 ὥρας’
1085 645 1181 698 καὶ
1227 646 1366 712 ἕξεις
1414 649 1472 700 τὸ
1516 649 1708 720 ζητού-

146 742 324 794 μενον.
360 726 630 792 Ὡσαύτως
664 731 756 782 καὶ
791 730 927 800 μετὰ
950 733 1046 804 τὴν
1072 735 1355 806 ἀπόχυσιν,
1377 739 1541 810 ἤγουν
1570 740 1707 811 μετὰ

143 816 236 884 τὴν
264 815 328 868 ιε’
351 817 525 888 αὑτῆς
561 818 792 890 ἡμέραν,
830 823 876 874 εί
905 822 1084 892 βούλει
1117 827 1390 898 εὑρίσκειν
1427 831 1524 894 τὰς
1559 831 1708 904 ὥρας

141 908 234 978 τῆς
259 907 478 976 φάσεως
499 911 687 980 αὑτῆς,
714 913 877 981 ἄφελε
910 916 1017 968 ἀπὸ
1041 917 1151 972 τῶν
1183 919 1247 972 ιϐ’
1272 919 1428 993 ὡρῶν
1458 924 1556 994 τῆς
1580 925 1708 996 ὅλης

141 1005 332 1062 νυκτὸς
397 999 520 1053 καθ’
569 1003 803 1074 ἑκάστην
863 1008 1104 1082 ἑσπέραν
1147 1013 1254 1066 τῶν
1322 1015 1706 1086 παρελθουσῶν

141 1089 309 1142 λεπτὰ
341 1089 404 1154 δ’,
436 1093 526 1145 καὶ
567 1095 622 1146 αἱ
657 1098 1112 1172 καταλειπόμεναι
1149 1097 1310 1178 ὧραι,
1341 1108 1373 1178 ἦ
1407 1111 1497 1162 καὶ
1535 1110 1708 1166 λεπτὰ

143 1182 258 1250 μετ’
283 1182 486 1249 αὑτῶν,
520 1186 672 1240 ἔσται
705 1191 737 1259 ἡ
767 1190 964 1258 φαῦσις
995 1195 1183 1266 αὑτῆς.
1212 1199 1281 1251 Ἢ
1313 1201 1405 1252 καὶ
1440 1202 1630 1266 ἄλλως.

207 1269 446 1342 Εὖρισκε
500 1269 680 1330 πόσων
723 1281 943 1352 ἡμερῶν
982 1284 1213 1358 ὑπάρχει
1251 1288 1357 1343 ἀπὸ
1388 1293 1485 1362 τῆς
1517 1296 1704 1366 γεννή-

141 1365 484 1457 Άαύτῆς
519 1367 679 1437 μέχρι
704 1369 800 1440 τῆς
850 1373 991 1442 μετὰ
1031 1377 1130 1448 τὴν
1177 1380 1439 1450 ἀπὸχυσιν
1466 1365 1702 1457 ἡμέρας,

139 1450 257 1557 κξιθ
285 1453 352 1524 ἧν
381 1455 563 1557 ςητεῖς
591 1459 688 1522 τὰς
733 1460 880 1533 ὥρας
911 1466 1003 1518 τοῦ
1049 1472 1326 1541 φωτισμοῦ
1368 1450 1557 1545 αὑτῆς.

136 1544 227 1639 οὑν
257 1544 517 1609 τοιαύτας
565 1549 774 1622 ἡμέρας
827 1555 1076 1628 ἀφαιρῶν
1119 1559 1226 1614 ἀπὸ
1266 1563 1372 1617 τῶν
1413 1544 1702 1639 λ’,ίκράτει

135 1635 718 1728 ταςνκαταλειφθείσας
766 1647 958 1718 μέχρις
1007 1650 1172 1722 αὐτῆς
1214 1654 1341 1724 ὅλης
1387 1658 1484 1728 τῆς
1511 1635 1577 1725 λί,
1615 1659 1705 1728 αἶς

133 1723 307 1819 ὑιδοῦς
342 1729 444 1782 ἀνὰ
476 1730 646 1785 λεπτὰ
675 1733 736 1800 δ’,
767 1738 833 1790 τὰ
864 1740 968 1794 ἀπὸ
999 1742 1201 1797 τούτων
1229 1723 1488 1819 γινόμενα
1522 1723 1700 1809 πάντά

1816 564 2069 620 omnibus
2099 564 2384 620 collectam
2424 564 2626 636 partire
2657 575 2751 633 per
2788 575 2840 626 v,
2881 571 2936 616 et
2968 576 3064 633 pro
3096 560 3162 615 iis
3188 560 3379 629 singu-

1815 654 1897 710 las
1924 655 2088 711 horas
2116 672 2342 711 numera
2377 675 2390 712 :
2421 657 2646 712 habebis
2681 656 2784 710 hoc
2817 654 2979 709 modo
3011 646 3155 723 quod
3181 652 3379 722 quatri-

1815 756 1923 801 tur.
1968 746 2232 803 Similiter
2269 757 2390 818 post
2431 747 2812 819 plenilunium,
2862 745 2966 799 hoc
3007 751 3093 798 est
3138 749 3264 813 post
3313 751 3379 794 xv

1813 837 1957 893 diem
1995 839 2157 902 inme,
2186 847 2243 893 ut
2273 840 2458 907 horas,
2508 838 2710 910 quibus
2743 838 2907 900 lucet,
2938 848 3252 905 assequare,
3285 833 3374 887 deo

1814 930 1970 984 trahe
2025 930 2092 985 de
2133 929 2286 986 horis
2341 939 2417 984 xu
2473 930 2696 998 integra:
2750 928 2945 993 noctis,
2988 941 3088 996 pro
3139 923 3380 995 qualibet

1812 1027 2004 1074 exacta
2049 1033 2208 1076 nocte
2238 1022 2496 1091 scrupula
2530 1037 2582 1075 tv
2622 1039 2635 1075 :
2673 1020 2819 1090 quod
2860 1019 3131 1089 reliquum
3165 1012 3247 1071 esi
3279 1015 3378 1068 ho-

1811 1124 2020 1174 rarum,
2071 1112 2153 1166 vel
2203 1112 2619 1182 scrupulorum,
2675 1119 2889 1180 tempus
2931 1117 3015 1165 est
3054 1121 3163 1178 quo
3211 1105 3374 1158 lucet.

1811 1197 1941 1255 Item
1969 1201 2075 1256 alio
2097 1203 2280 1257 modo.

1884 1290 2034 1347 Scito
2064 1305 2197 1365 quot
2250 1296 2368 1350 dies
2407 1293 2680 1363 interjecti
2731 1293 2841 1347 sint
2896 1305 2924 1344 a
2979 1303 3114 1345 nova
3151 1288 3275 1340 luna
3307 1284 3376 1340 ad

1810 1388 2148 1454 propositum
2184 1388 2326 1442 diem
2383 1387 2680 1457 plenilunio
2723 1383 3111 1456 posteriorem,
3149 1392 3257 1448 quo
3289 1378 3376 1432 die

1810 1479 2074 1552 quieritur
2093 1487 2227 1548 quot
2258 1478 2407 1532 horis
2442 1477 2640 1532 luceat.
2675 1474 2955 1530 Summam
2980 1475 3190 1530 dierum
3223 1472 3377 1528 aufer

1813 1572 1882 1626 de
1914 1587 2058 1625 xxx:
2091 1570 2235 1640 quod
2252 1575 2500 1640 superest
2528 1568 2596 1622 ad
2626 1567 2958 1623 tricesimam
2991 1581 3163 1636 usque
3189 1565 3374 1619 lunam

1812 1664 2024 1734 accipe;
2076 1679 2174 1734 pro
2216 1663 2447 1732 singulis
2497 1660 2688 1716 diebus
2732 1659 2966 1714 residuis
3026 1657 3283 1728 scrupula
3321 1665 3375 1708 tv

1810 1762 2062 1826 computa
2087 1773 2100 1809 :
2121 1753 2404 1809 collectam
2428 1768 2492 1807 ex
2522 1752 2776 1807 omnibus
2800 1765 3066 1806 summam
3089 1748 3374 1820 scrupulo:-

135 1815 305 1916 λεπτὰ
343 1821 534 1916 μέριζε
579 1828 727 1900 παρὰ
778 1831 884 1884 τῶν
927 1832 1000 1885 ε’·
1047 1832 1140 1889 καὶ
1191 1815 1414 1914 μαθήσῃ
1460 1842 1696 1916 ἀκριϐῶς

1807 1863 1924 1900 rum
1972 1847 2175 1916 partire
2213 1861 2310 1916 per
2340 1861 2370 1897 v
2398 1857 2410 1898 ι
2438 1845 2509 1898 ita
2544 1852 2694 1899 certo
2722 1841 3023 1913 comperies
3052 1850 3184 1912 quot
3208 1839 3374 1894 horas

135 1909 307 1974 πόσας
337 1913 486 1984 ὥρας
518 1919 610 1970 καὶ
636 1919 806 1975 λεπτὰ
840 1925 1022 1994 μέλλει
1050 1927 1278 1998 λάμψαι.

195 2001 356 2102 :A-ilk'
385 2006 686 2102 snafnspmﬁ
728 2010 950 2102 τοιαύτη
991 2017 1212 2086 μέθοδος
1245 2023 1301 2073 ὲν
1343 2023 1546 2089 πάσαις
1585 2031 1705 2093 ταῖς

132 2095 230 2185 τού
261 2095 510 2185 ἐνιαυτοῦ
546 2097 666 2162 νυξὶ
695 2101 772 2170 τῷ
797 2103 1014 2176 ἀριθμῴ
1046 2107 1153 2160 τῶν
1182 2108 1249 2161 ιϐ’
1277 2111 1473 2181 χρῆται
1510 2113 1699 2185 ὡρῶν·

132 2183 262 2251 ἡμῖν
288 2182 335 2236 δ’
365 2186 420 2237 αί
462 2186 654 2252 νύκτες
691 2190 831 2244 κατὰ
884 2195 980 2265 μὲν
1027 2196 1124 2268 τὴν
1175 2199 1396 2272 ἐαρινὴν
1438 2204 1531 2257 καὶ
1559 2182 1702 2276 ’φθι-

133 2276 439 2366 νοπωρινην
464 2278 549 2348 ίση
559 2296 622 2349 με
632 2279 770 2351 ρίαν,
789 2282 953 2354 ἤγουν
970 2287 1108 2341 κατὰ
1125 2289 1214 2342 τὸν
1228 2291 1292 2344 Σε
1300 2293 1596 2366 πτέμϐριον
1612 2299 1705 2352 καὶ

132 2364 275 2456 πατὰ
295 2365 388 2418 τὸν
426 2369 664 2440 Μάρτιον
697 2373 856 2442 μόνον
893 2375 1104 2446 ἔχουσιν
1139 2380 1242 2433 ἀνὰ
1270 2382 1335 2435 ιϐ’
1365 2364 1545 2456 ὼρῶν,
1584 2389 1704 2442 καθ’

130 2451 188 2505 ὃν
217 2456 411 2545 καιρὸν
442 2459 536 2510 καὶ
572 2462 604 2532 ἡ
636 2462 861 2532 ρηθεῖσα
899 2467 1118 2536 μέθοδος
1148 2471 1393 2545 ἀσφαλής
1413 2451 1532 2528 ἔστι
1565 2479 1704 2532 κατὰ

130 2556 157 2596 τ
181 2561 227 2643 ὲἐς
260 2543 750 2643 ιἰὑροιςιίσάζουσα·Δ
774 2555 910 2643 μετὰ
948 2555 1006 2609 δὲ
1046 2559 1133 2611 τὸν
1165 2543 1553 2637 Σεπτέμϐριον,
1590 2587 1704 2639 χει-

133 2633 310 2728 μῶνος
341 2633 655 2728 φθάνοντος,
695 2639 794 2703 τὰς
832 2642 897 2694 ιϐ’
931 2643 1077 2715 ὥρας
1111 2633 1507 2720 ὑπερϐαίνουσα
1541 2633 1703 2728 fari/b5

131 2725 270 2778 κατὰ
309 2727 506 2799 μικρὸν
546 2731 825 2802 προϐαίνει
866 2737 992 2808 ἄχρι
1026 2738 1136 2792 τῶν
1171 2748 1258 2794 ιε”
1305 2725 1571 2813 ὡσαύτως
1609 2753 1701 2805 καὶ

131 2817 268 2884 mea
303 2818 394 2869 τὸν
423 2819 664 2911 ὶγίάρτιον
695 2822 822 2895 ἄχρι
859 2827 952 2879 τοῦ
980 2827 1169 2901 θέρους
1200 2836 1460 2904 προϊοῦσα
1500 2841 1698 2911 κατέρε-

126 2924 281 2978 χεται
327 2911 408 2973 είς
435 2909 583 2981 ὥρας
612 2913 657 2966 θ’
676 2929 689 2945 °
744 2918 852 2972 κάκ
899 2919 1087 2974 τούτου
1129 2925 1504 2996 ἀναφαίνεται,
1534 2931 1608 2994 ὡς
1639 2909 1698 2986 αἱ

125 3001 276 3070 παρὰ
301 3001 404 3072 τῆς
431 3005 722 3077 εἰρημένης
750 3009 930 3081 ψήφου
960 3013 1366 3087 λαμϐανόμεναι
1395 3013 1531 3092 ὧραι
1562 3024 1698 3079 κατὰ

127 3094 226 3163 μὲν
268 3094 372 3158 τὰς
425 3095 807 3167 διαληφθείσας
863 3104 1148 3177 ἰσημερίας
1190 3111 1327 3164 εἰσιν
1373 3114 1557 3184 ὅμοιαι
1605 3117 1695 3170 καὶ

126 3186 260 3278 ἶσαι,
293 3188 435 3242 κατὰ
467 3189 524 3242 δὲ
558 3189 717 3246 λοιπὰ
751 3193 843 3248 τοῦ
877 3197 1070 3266 χρόνου
1098 3201 1237 3272 μέρη
1270 3205 1398 3257 ποτὲ
1437 3203 1537 3276 μὲν
1579 3209 1694 3278 μεί-

122 3277 280 3342 ζονές
332 3281 474 3345 εἱσι,
535 3285 664 3336 ποτὲ
715 3285 769 3339 δὲ
809 3287 1120 3354 ἐλάττονες,
1169 3293 1226 3346 αἳ
1275 3297 1368 3348 καὶ
1411 3277 1697 3355 καλοῦνται

121 3371 376 3440 καιρικαί
400 3388 415 3403 ο
441 3373 573 3443 ἡμῖν
597 3374 653 3428 δὲ
674 3378 702 3429 ὁ
727 3379 924 3443 σκοπός
953 3382 1067 3434 ἐστι
1094 3381 1180 3437 διὰ
1202 3385 1309 3437 τῶν
1331 3388 1450 3441 καθ’
1468 3389 1696 3444 ἕκαστον

122 3462 270 3532 μῆνα
323 3463 690 3534 ἐνισταμένων
745 3468 872 3524 ἴσων
900 3469 1100 3543 ὠρῶνν,
1149 3474 1451 3550 αὐξομένης
1491 3497 1550 3533 τε
1601 3483 1695 3535 καὶ

122 3555 462 3626 μειουμένης
490 3557 592 3628 τῆς
621 3560 842 3627 νυκτὸς,
873 3563 1147 3636 εὑρίσκειν
1174 3565 1273 3631 τὰς
1305 3569 1425 3622 καθ’
1459 3570 1694 3642 ἑκάστην

118 3643 367 3716 ἑσπέραν
397 3644 544 3716 ὧρας
577 3647 671 3700 τοῦ
694 3651 974 3722 φωτισμοῦ
1006 3655 1174 3726 αὑτῆς
1194 3673 1208 3685 ’
1247 3659 1691 3732 ὑποδειχθήσεται

117 3737 324 3806 τρόπον
347 3737 410 3801 ¹⁶,
446 3739 594 3803 ὅπως
626 3742 880 3812 ἀσφαλῶς
922 3746 1014 3798 καὶ
1050 3747 1208 3802 τοῦτο
1239 3752 1547 3821 γενήσεται,
1600 3771 1693 3824 με⁶

116 3827 504 3899 ταϐαλομένων
532 3831 639 3885 τῶν
675 3835 976 3906 εἰρημένων
1001 3839 1199 3892 ἀνίσων
1232 3842 1496 3911 καιρικῶν
1535 3843 1692 3917 ὡρῶν

115 3925 202 3984 είς
230 3922 331 3985 τὰς
364 3924 492 3994 παρ’
521 3926 650 3996 ἡμῖν
686 3927 824 3991 ἴσας,
855 3930 954 3993 τὰς
982 3931 1318 4003 καλουμένας
1347 3937 1687 4006 ίσημερινάς.

118 4013 282 4065 Ἐστι
313 4012 360 4066 δ’
389 4013 581 4078 οὑτως.

183 4103 429 4175 Εὖρισκε
453 4107 666 4178 πρῶτον
689 4107 868 4164 πόσων
895 4113 1116 4185 ἡμερῶν
1143 4115 1376 4188 ὑπάρχει
1409 4117 1441 4188 ἡ
1471 4119 1688 4190 σελήνη,

114 4197 210 4250 καὶ
251 4197 430 4262 πόσας
461 4198 609 4270 ὥρας
654 4206 910 4274 καιρικὰς
961 4207 1139 4277 μέλλει
1177 4207 1408 4279 λάμψαι,
1451 4210 1527 4274 ὠς
1552 4212 1692 4264 ἀνω-

108 4287 262 4358 τέρω
311 4290 577 4360 ἀκήκοας.
641 4291 855 4358 Ταύτας
894 4292 986 4350 οὖν
1034 4298 1500 4354 πολλαπλασίασον
1551 4307 1690 4373 μετᾶι

109 4380 222 4432 τῶν
268 4380 454 4452 ὡρῶν,
489 4382 556 4446 ἃς
582 4384 690 4455 ἔχει
719 4388 848 4458 παρ’
886 4390 1014 4460 ἡμῖν
1038 4393 1070 4462 η
1095 4391 1189 4459 νὺξ
1212 4393 1306 4446 τοῦ
1336 4395 1690 4464 ἐνισταμένου

1806 1949 1860 1994 et
1888 1938 2144 2010 scrupulo
2174 1938 2356 1992 lucere
2380 1936 2596 1991 debeat.

1879 2029 1987 2085 Sed
2032 2030 2288 2100 quoniam
2338 2027 2622 2084 methodus
2655 2026 2758 2082 ista
2795 2033 2984 2080 noctes
3033 2037 3221 2078 omnes
3275 2027 3373 2094 per

1807 2137 2008 2178 annum
2059 2129 2231 2176 totum
2283 2121 2452 2177 sumit
2504 2121 2759 2175 horarum
2805 2135 2903 2182 xu,
2942 2116 3082 2187 apud
3129 2131 3230 2172 nos
3283 2131 3374 2168 au‘

1806 2220 1914 2267 tem
1957 2212 2060 2268 sub
2100 2227 2328 2267 vernum
2377 2219 2430 2266 et
2485 2210 2798 2264 autumnale
2840 2209 3103 2264 duntaxat
3129 2207 3373 2277 arquiuo‘

1805 2303 1998 2366 ctium,
2024 2303 2127 2357 hoc
2142 2311 2224 2357 est
2249 2299 2556 2372 Septembri
2585 2309 2638 2356 et
2665 2299 2876 2364 Martio,
2911 2307 3096 2354 noctes
3112 2300 3369 2352 horarum

1805 2405 1931 2451 sunt
1952 2409 2060 2460 xu;
2088 2409 2196 2464 quo
2230 2403 2470 2463 tempore
2509 2391 2796 2447 methodus
2826 2402 3174 2460 nostra,qu:e
3207 2389 3370 2442 horas

1806 2501 1924 2540 rum
1965 2486 2325 2557 atqualitatem
2348 2485 2616 2555 postulat,
2646 2499 2832 2538 errore
2865 2491 3051 2536 vacat:
3084 2489 3205 2552 post
3236 2477 3370 2550 Sep-

1812 2579 2074 2634 lembi-em
2097 2612 2113 2642 ,
2165 2577 2493 2633 succedente
2536 2574 2733 2641 hieme,
2762 2591 2868 2629 nox
2905 2590 2981 2629 xu
3017 2575 3179 2628 horas
3208 2589 3370 2628 excea-

1807 2668 1943 2724 dens
1976 2667 2238 2739 paulatim
2271 2667 2337 2721 ad
2371 2683 2439 2720 xv
2474 2680 2648 2735 usque
2679 2664 3058 2735 progreditur;
3085 2670 3206 2733 post
3228 2662 3369 2716 Mur-

1802 2760 1936 2812 tium
1965 2775 2182 2830 quoque
2207 2773 2380 2828 usque
2411 2755 2476 2810 ad
2513 2757 2756 2811 aestivum
2785 2755 3077 2811 solstitium
3108 2768 3366 2824 progres‘

1803 2868 1922 2908 sum
1977 2851 2202 2916 faciens,
2244 2849 2309 2904 ad
2361 2850 2525 2904 horas
2576 2865 2628 2902 ιχ
2660 2847 2959 2913 decrescit;
2999 2858 3062 2900 ex
3094 2860 3203 2915 quo
3232 2845 3364 2898 illud

1803 2951 2046 3015 apparet,
2088 2944 2250 2999 horas
2274 2941 2484 2996 calculo
2506 2942 2610 2996 isto
2637 2948 2876 3010 putatas,
2901 2939 2979 2992 uti
3015 2940 3070 2992 in
3099 2938 3366 2992 ainbobus

1800 3033 2142 3102 aaquinoctiis
2189 3031 2396 3087 similes
2444 3029 2787 3099 aequalesque
2825 3036 2977 3091 sunt,
3030 3028 3107 3082 sic
3151 3027 3205 3082 in
3243 3028 3368 3082 reli-

1723 3161 1766 3219 c
1805 3125 1926 3195 quis
1961 3122 2300 3194 temporibus
2331 3123 2464 3175 alias
2490 3121 2746 3188 majores,
2793 3121 2929 3175 alias
2955 3119 3195 3173 minores
3222 3133 3364 3182 esse.

1799 3230 1919 3285 qum
1942 3224 1996 3270 et
2028 3213 2296 3287 καιρικαί,
2326 3212 2378 3266 id
2407 3221 2488 3267 est
2512 3211 2842 3279 temporaria:
2873 3211 3150 3266 dicuntur.
3179 3209 3248 3262 At
3280 3209 3366 3262 hic

1799 3310 1958 3363 nobis
1995 3307 2310 3376 propositus
2344 3311 2426 3359 est
2456 3318 2678 3372 scopus,
2701 3311 2758 3355 ut
2783 3317 2876 3372 per
2909 3303 3148 3370 aequales
3179 3315 3367 3355 mense

1798 3397 1994 3467 quovis
2046 3395 2236 3452 horas.
2281 3398 2562 3448 crescente
2593 3393 2676 3446 vel
2707 3392 3054 3446 decrescente
3095 3389 3244 3452 luna,
3276 3405 3363 3442 re-

1797 3485 2072 3555 periamus
2096 3492 2301 3554 quanto
2330 3490 2453 3553 post
2500 3498 2781 3553 vesperam
2813 3497 3084 3552 quamque
3122 3491 3363 3550 tempore

1795 3577 1971 3632 luceat
2000 3596 2012 3631 :
2049 3577 2168 3632 Ideo
2198 3578 2337 3632 ratio
2365 3578 2612 3647 quaedam
2637 3576 2882 3631 tradetur
2910 3591 2939 3630 ιι
2963 3574 3141 3640 nobis,
3173 3591 3278 3646 qua
3309 3573 3367 3628 id

1795 3679 1944 3724 certo
1999 3669 2259 3740 consequi
2309 3669 2602 3739 possimus,
2647 3669 2726 3722 uti
2766 3669 3022 3723 nimirum
3070 3667 3364 3737 inatquales'

1794 3755 1942 3814 hora:
1995 3760 2101 3816 illa:
2144 3775 2209 3815 ac
2254 3760 2598 3832 temporariae
2643 3760 2698 3814 in
2749 3773 2864 3825 eas,
2919 3775 3056 3832 quas
3106 3773 3364 3815 vocamus

1793 3854 2220 3924 aequinoctiales,
2253 3861 2554 3910 mutentur.
2583 3851 2676 3908 Est
2706 3859 2886 3910 autem
2930 3849 3220 3923 ejusmodi.

1862 4122 2133 4195 imprimis
2175 4130 2308 4194 quot
2337 4119 2548 4177 dierum
2596 4131 2731 4178 aetas
2775 4122 2920 4178 lunae
2961 4123 3030 4178 sit
3072 4123 3357 4194 investiga,

1791 4224 2030 4286 quotque
2076 4214 2434 4285 temporarias
2460 4213 2624 4268 horas
2648 4213 2830 4268 lucere
2852 4228 2972 4268 eam
3003 4223 3268 4285 oporteat,
3300 4198 3361 4269 ut

1792 4309 1846 4364 in
1880 4307 2257 4378 superioribus
2280 4305 2620 4362 intellexisti.
2645 4303 2754 4362 Has
2781 4322 2904 4361 cum
2929 4306 3078 4363 boris
3100 4307 3360 4378 multiplia

1792 4416 1878 4465 ca,
1912 4415 2049 4470 quas
2086 4398 2226 4470 apud
2259 4413 2361 4452 nos
2392 4398 2656 4468 propositi
2687 4397 2894 4454 mensis
2924 4415 3030 4452 nox
3063 4397 3246 4462 habet,
3292 4400 3360 4452 de

112 4468 315 4562 μηνὸς,
337 4473 462 4526 καθ’
489 4473 548 4526 ὃν
575 4476 814 4562 δηλονότι
846 4482 878 4552 ἠ
915 4481 1140 4555 ζήτησις
1181 4485 1410 4555 γίνεται.
1444 4489 1552 4543 Καὶ
1592 4492 1682 4544 τὸν

1805 4508 1904 4562 τιυο
1929 4468 2180 4544 videlicet
2209 4487 2493 4556 quieritur.
2537 4484 2816 4539 Summam
2835 4485 3118 4541 collectam
3149 4501 3216 4539 ex
3239 4503 3360 4556 per-

109 4561 485 4655 συναγόμενον
513 4560 621 4619 ἀπὸ
657 4567 845 4622 τούτου
880 4571 1110 4643 ἀριθμὸν
1163 4575 1352 4648 μέριζε
1396 4579 1486 4632 ἀεὶ
1535 4581 1686 4655 παρὰ

107 4651 202 4705 τὸν
234 4653 328 4715 ιϐ’,
359 4655 525 4724 ἤγουν
553 4657 644 4711 τὸν
681 4659 910 4732 ἀριθμὸν
936 4664 1043 4719 τῶν
1072 4668 1334 4740 καιρικῶν
1360 4669 1546 4740 ὠρῶνο
1583 4651 1680 4724 καὶ

106 4741 288 4808 οὑτως
319 4744 461 4810 ἕξεις
492 4746 589 4819 τὴν
613 4749 723 4804 τῶν
744 4753 998 4809 τοιούτων
1027 4757 1184 4827 ὡρῶν
1211 4761 1530 4834 μεταϐολήν.
1561 4761 1685 4818 Οἷον

105 4835 253 4889 ἔστω
292 4837 525 4927 δοκιμῆς
551 4840 742 4912 χάριν,
803 4845 1060 4921 πέμπτης
1092 4849 1260 4923 οὔσης
1308 4854 1407 4924 τῆς
1453 4855 1682 4927 σελήνης

104 4928 254 4980 κατὰ
281 4926 378 4980 τὸν
419 4929 765 5003 Ἰανουάριον,
799 4935 920 4988 καθ’
948 4937 1007 4991 ὃν
1041 4938 1151 5011 ἔχει
1201 4943 1329 5014 παρ’
1359 4945 1491 5015 ἡμῖν
1521 4926 1682 5016 ὴννὺξ

101 5019 263 5091 ὥρας
298 5021 384 5079 ιδ’.
419 5018 600 5092 ζητεῖν
643 5025 794 5094 ἡμᾶς
824 5025 996 5091 πόσας
1023 5023 1172 5102 ὥρας
1216 5031 1398 5103 μέλλει
1446 5033 1679 5105 λάμψαι,

100 5116 198 5167 καὶ
261 5114 597 5185 εὑρίσκομεν
639 5117 780 5172 κατὰ
817 5119 914 5190 τὴν
962 5123 1453 5199 ἀναγεγραμμένην
1498 5127 1683 5196 ἔφοδον

100 5203 281 5259 λεπτὰ
310 5205 382 5268 κ’,
408 5206 572 5275 ἤγουν
596 5206 745 5278 ὥρας
769 5210 1025 5281 καιρικὰς
1049 5213 1091 5265 δ’
1109 5229 1124 5244 ο
1148 5214 1216 5278 ας
1243 5216 1486 5280 θέλοντες
1517 5235 1682 5288 μεταο

100 5299 294 5354 ϐαλεῖν
325 5299 408 5363 είς
445 5300 780 5373 ίοημερινὰς,
818 5304 1357 5381 πολλαπλασιάζομεν
1393 5313 1596 5378 ταύτας
1617 5315 1681 5386 δὴ

96 5390 200 5456 τὰς
229 5390 277 5444 δ’
307 5390 465 5462 ὥρας
492 5393 630 5461 μετὰ
661 5394 770 5446 τῶν
814 5391 874 5448 ιδ’
893 5395 1072 5468 ὡρῶν,
1115 5399 1181 5463 ἃς
1221 5400 1334 5471 ἔχει
1373 5405 1407 5473 ἡ
1442 5405 1566 5470 νὺξ,
1607 5405 1683 5469 ὡς

92 5483 347 5554 εἴρηται,
394 5480 537 5536 κατὰ
592 5482 680 5536 τὸν
730 5486 1057 5560 Ἰανουάριον
1079 5507 1092 5521 ο
1125 5491 1384 5562 λέγομεν·
1416 5493 1683 5567 Τετρακις

93 5576 163 5628 τὰ
202 5575 289 5639 ιδ’,
313 5573 427 5640 νς’.
459 5573 645 5635 Ταῦτα
671 5577 728 5632 δὲ
748 5577 815 5633 τὰ
841 5581 927 5646 νς·’
955 5583 1251 5656 μερίςομεν
1277 5587 1426 5657 παρὰ
1461 5587 1552 5642 τὸν
1592 5588 1680 5657 ιϐ’,

172 5764 222 5796 κ
247 5761 290 5830 [.
323 5756 551 5830 τρότωςι

1792 4589 1950 4652 petua
1985 4580 2168 4649 regula
2200 4579 2402 4649 partire
2433 4592 2528 4647 per
2560 4593 2657 4642 su,
2688 4578 2884 4646 quiest
2905 4578 3354 4646 temporariarum

1793 4687 2053 4726 numerus
2095 4669 2375 4724 horarum.
2401 4666 2516 4723 Hoc
2545 4667 2706 4722 modo
2731 4669 3145 4724 conversionem
3187 4668 3352 4723 hor-ad

1790 4778 1911 4818 rum
1945 4760 2274 4832 assequeris.
2314 4757 2557 4830 Exempli
2595 4773 2783 4823 causa,
2820 4766 2878 4813 ut
2909 4757 3222 4814 methodum
3262 4775 3356 4828 pes

1790 4856 2132 4912 riclitemur:
2175 4852 2336 4908 Sexta
2384 4852 2453 4908 sit
2494 4851 2624 4905 luna
2674 4866 2860 4905 mense
2904 4847 3186 4914 Januario,
3246 4867 3356 4920 quo

1790 4947 1968 5004 noctis
2025 4947 2176 5001 hora:
2245 4951 2373 5000 sunt
2424 4940 2837 5012 quatuordecim
2888 4959 2903 4994 :
2949 4948 3002 4995 et
3049 4940 3359 5012 inquiratur

1789 5048 1922 5112 quot
1979 5040 2140 5093 horas
2190 5037 2316 5090 luna
2373 5041 2534 5090 nocte
2594 5033 2795 5088 luceat.
2851 5031 2926 5086 Ex
2971 5032 3062 5088 illa
3119 5033 3352 5096 ratione.

1788 5146 1949 5202 quant
1988 5129 2239 5200 superius
2283 5127 2670 5199 exposuimus,
2721 5127 2858 5180 ﬁunt
2900 5124 3109 5180 minuta
3163 5126 3356 5196 viginti

1789 5239 1908 5296 que
1940 5229 2069 5278 sunt
2117 5221 2266 5276 horae
2301 5219 2644 5291 temporariae
2689 5227 2958 5290 quatuor;
3008 5233 3147 5288 quas
3192 5226 3254 5273 ut
3299 5219 3355 5273 in

1787 5313 2080 5386 aequabiles
2127 5318 2547 5377 convertamus,
2589 5309 2688 5366 has
2731 5310 2880 5381 ipsas
2918 5317 3156 5381 quatuor
3191 5311 3357 5366 horas

1789 5408 1843 5462 in
1874 5403 2319 5476 quatuordecim,
2356 5416 2495 5473 quas
2537 5415 2642 5456 nox
2695 5399 2880 5465 habet,
2910 5407 2972 5456 ut
3009 5401 3218 5456 dictum
3247 5408 3354 5464 est,

1786 5497 2048 5554 Januario
2089 5512 2314 5559 mense,
2352 5496 2653 5555 ducentes:
2700 5493 2776 5549 ita
2816 5492 3052 5548 dicimus
3094 5511 3107 5547 :
3152 5490 3359 5558 Quater

1789 5588 2198 5662 quatuordecim
2225 5586 2464 5644 cilicium
2493 5600 2590 5643 sex
2620 5593 2674 5643 et
2713 5586 3123 5657 quinquaginta.
3154 5583 3229 5639 Ea
3261 5589 3358 5655 pet
