3808 6322
1628 214 1778 327 1/3

431 356 569 441 ποετ

1409 344 1496 399 AD
1533 302 1803 401 nusée’n
1841 336 2239 397 cnnomcon
2278 336 2503 394 APPEN
2518 337 2651 395 nix.

3518 338 3639 393 5338

430 469 717 526 duodecmt
762 465 1055 538 partimur,
1094 462 1308 534 quoties
1352 468 1437 517 est
1475 460 1510 513 4
1538 459 1681 531 -εηιι,
1731 456 1981 513 Totidem
2015 501 2020 515 ι

2125 455 2182 508 αὶ
2214 455 2406 527 ἀνήκει
2453 456 2638 519 αὐτοῖς
2680 455 2722 509 δ’
2766 455 2857 509 καὶ
2912 454 3188 526 δίμοιρον·
3235 454 3381 525 άπερ
3428 456 3556 509 είσὶν
3592 460 3640 510 al

432 564 569 619 ﬁunt
622 561 769 617 horai
812 565 1045 630 quatuor
1092 567 1394 611 conversae.
1452 549 1561 607 Sed
1603 550 1671 606 de
1726 548 1813 605 his
1867 549 1998 603 hac-

433 666 616 714 tenus.

602 766 876 834 Quomodo
908 761 1270 819 inveniendum
1300 762 1370 816 sit
1397 760 1560 832 legale
1584 757 1815 814 Pascha.

510 877 641 932 Vlll.
709 873 1180 945 Carnisprivium,
1234 873 1409 943 legale
1458 870 1709 934 Pascha,
1750 875 1999 924 sanctum

436 970 642 1026 Pascha
683 967 1146 1033 Christianorum,
1179 964 1388 1036 jejunia
1421 972 1736 1020 sanctorum
1778 968 1999 1032 aposto-

367 1064 378 1077 ‘
436 1064 612 1117 lorum
648 1061 751 1115 hoc
794 1059 955 1113 modo
986 1058 1246 1130 reperies.
1272 1057 1439 1111 Lunae
1471 1054 1742 1121 radicem,
1778 1053 1883 1108 hoc
1920 1061 2004 1108 est

437 1161 706 1226 epactam,
726 1167 846 1224 quae
869 1153 924 1207 in
949 1166 1115 1206 cursu
1143 1157 1250 1216 est,
1273 1165 1368 1219 per
1390 1147 1645 1203 undecim
1666 1144 2000 1214 multiplica;

437 1261 662 1303 summa:
680 1244 819 1299 adde
853 1259 948 1300 sex
979 1243 1118 1306 dies,
1152 1242 1410 1298 nimirum
1441 1248 1574 1305 tres,
1592 1253 1713 1310 qua:
1728 1253 1794 1294 ex
1813 1244 2004 1307 postea

438 1347 737 1395 memorato
803 1336 1278 1407 sesquiscrupuli.
1349 1350 1413 1389 ac
1473 1335 1673 1389 triente
1724 1331 2003 1396 conﬁunt,

439 1447 559 1503 qua:
590 1445 753 1501 supra
784 1430 901 1486 dies
929 1428 999 1483 29
1033 1429 1135 1500 1/2
1166 1436 1506 1483 menstruum
1542 1426 1685 1481 lunae
1714 1424 2004 1480 circuitum

439 1523 639 1579 habere
680 1520 1212 1589 demonstravimus;
1249 1527 1363 1575 tres
1393 1520 1520 1575 item
1555 1519 1692 1573 alias
1735 1517 1801 1571 ad
1847 1516 2008 1587 quin-

439 1614 832 1685 quagenarium
890 1611 1216 1683 explendum
1271 1623 1583 1665 numerum.
1636 1608 1682 1661 A
1734 1622 1885 1671 xvu,
1944 1618 2008 1659 ac

441 1705 698 1776 deinceps
735 1720 833 1775 pro
880 1704 1059 1760 tribus
1110 1702 1249 1757 adde
1298 1708 1569 1772 quatuor;
1627 1697 1773 1769 quod
1830 1695 2008 1765 major

2100 546 2520 618 μεταδληθείσαι
2556 541 2696 620 ὧραι
2743 546 2808 613 δ’,
2856 549 3131 616 γεγονυῖαι
3179 546 3223 599 δ’
3259 548 3353 601 καί
3395 546 3640 618 δίμοιρον.

2098 638 2208 691 Καὶ
2230 639 2360 711 περί⁵
2393 641 2489 711 μὲν
2517 638 2720 693 τούτων
2741 639 2836 693 ἐπὶ
2857 637 3131 693 τοσοῦτον.

2228 751 2429 817 Ὅπως
2462 751 2558 807 δεῖ
2578 753 2884 822 εὑρίσκειν
2913 751 2977 807 τὸ
3009 751 3261 821 νομικὸν
3287 750 3521 820 Πάσχα.

2170 866 2253 921 H'.
2269 864 2378 938 Τὴν
2402 866 2459 920 δέ
2483 883 2545 935 γε
2574 865 2873 939 Ἀπόκρεω,
2895 866 2955 920 τὸ
2978 866 3203 937 νομικὸν
3232 866 3446 938 Πάσχα,
3468 864 3528 919 τὸ
3553 864 3648 919 τῶν

2100 957 2441 1031 Χριστιανῶν
2466 958 2621 1027 ἀγιον
2650 958 2864 1028 Πάσχα,
2900 959 2995 1012 καὶ
3026 958 3125 1023 τὰς
3157 958 3255 1029 τῆς
3280 958 3529 1029 νηστείας
3556 959 3649 1012 τῶν

2103 1050 2271 1119 ἀγίων
2306 1050 2618 1103 ἀποστόλων
2648 1049 2859 1123 ἡμέρας
2887 1051 3142 1122 εὑρήσεις
3169 1050 3342 1115 οὕτως
3364 1068 3377 1080 ο
3420 1050 3650 1105 Ἕνδεκα·

2103 1145 2366 1210 πλασίαζε
2401 1144 2493 1198 τὸν
2527 1143 2797 1198 ἐνεστῶτα
2839 1143 2934 1214 τῆς
2975 1143 3209 1214 σελήνης
3256 1143 3505 1214 θεμέλιον
3526 1162 3541 1175 ο
3572 1144 3653 1197 καὶ

2103 1237 2180 1309 τῷ
2209 1235 2454 1307 γεγονότι
2486 1234 2702 1308 ἀριθμῷ
2747 1233 3024 1307 προστίθει
3072 1235 3289 1307 ἡμέρας
3321 1234 3396 1300 ς’,
3429 1236 3527 1299 τὰς
3571 1236 3655 1306 μὲν

2104 1330 2153 1399 γ’
2178 1328 2276 1393 τὰς
2302 1328 2695 1398 συνισταμένας
2721 1329 2784 1381 ὲκ
2804 1326 2897 1380 τοῦ
2921 1326 3143 1380 ὄπισθεν
3166 1327 3457 1398 εἰρημένου
3476 1326 3656 1381 λεπτοῦ

2106 1421 2225 1485 ἑνὸς
2250 1421 2341 1474 καὶ
2372 1420 2617 1491 ἡμίσεος,
2645 1420 2739 1474 καὶ
2770 1420 2975 1491 τρίτου,
3015 1419 3159 1491 άπερ
3185 1419 3544 1473 κατεπέκεινα
3564 1418 3658 1472 τῶν

2106 1510 2190 1566 κθ⁶
2213 1510 2280 1565 S”
2303 1509 2527 1583 ἡμερῶν
2558 1509 2695 1581 ἔχων
2723 1509 2987 1563 δέδεικται
3006 1510 3035 1561 ό
3054 1509 3157 1580 τῆς
3178 1509 3408 1579 σελήνης
3432 1513 3660 1581 μηνιαῖος

2108 1602 2306 1667 κύκλος
2328 1620 2342 1633 ·
2377 1600 2476 1665 τὰς
2511 1601 2569 1656 δὲ
2595 1601 2787 1672 ἐτέρας
2814 1602 2864 1672 γ’
2895 1603 2975 1666 είς
3007 1601 3396 1674 ἀναπλήρωσιν
3427 1602 3518 1655 τοῦ
3546 1619 3659 1655 πενο

2107 1694 2373 1768 τηκοστοῦ
2396 1694 2651 1767 ἀριθμοῦ.
2684 1694 2815 1748 Ἀπὸ
2830 1694 2886 1748 δὲ
2902 1693 2995 1748 τοῦ
3013 1693 3081 1759 ιζ’
3103 1695 3198 1748 καὶ
3217 1694 3346 1766 ἑξῆς
3363 1695 3485 1748 ἀντὶ
3502 1694 3603 1747 τῶν
3619 1694 3661 1764 γ’

442 1797 657 1852 illorum
689 1796 884 1853 modus
908 1796 962 1850 in
993 1796 1062 1849 iis
1089 1795 1343 1849 exsistat.
1393 1790 1505 1847 llas
1534 1790 1653 1847 dies
1683 1788 1946 1859 adiunges
1976 1802 2006 1840 a

2125 1788 2489 1861 προστίθενται
2518 1787 2561 1841 δ’
2573 1805 2586 1819 ·
2622 1785 2809 1858 ἐπειδὴ
2833 1786 3030 1841 πλείων
3057 1790 3091 1858 ἡ
3116 1787 3341 1842 ἐκείνων
3366 1788 3593 1858 ποσότης
3611 1788 3661 1840 ὲν

441 1891 617 1961 primo
637 1890 791 1960 cyclo
812 1888 877 1943 ad
901 1889 1169 1958 integrum
1196 1885 1467 1941 decimum
1487 1891 1720 1939 sextum.
1751 1882 1808 1936 ln
1831 1880 2009 1937 tribus

2125 1881 2316 1945 τούτοις
2360 1879 2665 1949 συνάγεται.
2716 1878 2927 1943 Ταύτας
2963 1878 3019 1932 δὲ
3056 1878 3387 1952 προσθήσεις
3432 1880 3538 1934 ἀπὸ
3581 1879 3662 1933 τοῦ

442 1981 670 2051 reliquis
708 1995 805 2051 pro
828 1980 1008 2035 tribus
1035 1978 1203 2033 addes
1232 1986 1460 2047 septem.
1484 1974 1560 2030 De
1588 1990 1801 2030 summa
1832 1972 2007 2036 aufer,

443 2071 624 2144 quoad
659 2080 834 2143 potes,
865 2070 1113 2141 triginta.
1150 2068 1413 2132 Residuo,
1456 2066 1602 2137 quod
1630 2072 1715 2121 est
1744 2064 1886 2119 infra
1914 2064 2012 2118 tri-

446 2166 619 2236 ginta,
660 2163 826 2218 ducto
855 2162 1013 2217 initio
1042 2161 1110 2216 ab
1151 2158 1380 2221 Martio,
1428 2158 1563 2213 adde
1594 2164 1725 2228 quot
1762 2156 1866 2210 erit
1918 2169 2003 2209 ne-

446 2271 603 2312 cesse
625 2253 765 2319 dies,
805 2253 979 2310 donec
1006 2251 1403 2323 quinquaginta
1437 2249 1734 2319 compleas.
1779 2244 1836 2301 Si
1871 2243 2013 2299 Mar-

447 2348 557 2402 tiu‘s
589 2360 698 2400 non
747 2344 1011 2410 sulliciat,
1055 2343 1295 2413 reliquas
1331 2340 1448 2397 dies
1492 2356 1556 2394 ex
1588 2337 1759 2409 Aprili
1794 2336 2011 2401 sullice;

446 2437 618 2492 donec
661 2449 963 2499 summam,
996 2448 1160 2505 quam
1192 2430 1342 2493 dixi,
1375 2429 1770 2500 quinquaginta
1801 2426 2013 2509 dierum

446 2528 668 2586 ellicias.
715 2526 792 2581 Ea
830 2526 1141 2596 ubicunque
1194 2524 1450 2591 desierit;
1491 2531 1618 2593 puta
1660 2522 1715 2575 in
1748 2520 1890 2574 hanc
1924 2525 2017 2572 aut

447 2619 597 2675 illam
638 2618 839 2691 Martii,
873 2618 959 2671 vel
1003 2615 1209 2687 Aprilis
1254 2613 1423 2678 diem,
1460 2613 1515 2667 in
1548 2609 2015 2671 eamJudaicum,

448 2711 618 2782 legale
654 2710 795 2767 scito
837 2708 1049 2765 Pascha
1078 2709 1393 2764 convenire.
1424 2705 1596 2778 Cujus
1625 2704 1814 2762 feriam
1844 2722 1913 2762 ex
1955 2718 2018 2761 ea

448 2802 726 2870 methodo,
754 2817 917 2872 quam
964 2815 1131 2872 supra
1175 2800 1584 2871 preposuimus,
1616 2799 1707 2854 ubi
1756 2799 2016 2869 reperies,

449 2894 700 2965 proxime
746 2899 1005 2963 sequente
1051 2890 1332 2947 Dominica
1373 2890 1618 2961 ejusdem
1668 2889 2021 2946 hebdomadas

451 2989 670 3043 noveris
704 2994 951 3041 sanctum
997 2982 1439 3039 Christianorum
1481 2981 1691 3039 Pascha
1732 2982 2017 3038 celebrari.

452 3079 570 3146 Qua
611 3094 670 3135 re
727 3086 1034 3150 comperta,
1093 3077 1198 3131 tria
1250 3077 1545 3147 quotannis
1585 3076 1791 3132 addens
1842 3084 2022 3147 quota:

2114 1972 2331 2043 πρώτου
2365 1971 2565 2024 κύκλου
2603 1970 2793 2043 μέχρις
2823 1971 2945 2025 ὅλου
2992 1971 3088 2025 τοῦ
3125 1971 3229 2037 ις’·
3267 1972 3326 2026 ὲν
3352 1973 3410 2026 δὲ
3439 1975 3548 2037 τοῖς
3572 1974 3665 2025 λοι-

2113 2066 2234 2127 ποῖς
2265 2064 2443 2135 τρισὶν
2469 2064 2588 2117 ἀντὶ
2611 2064 2718 2116 τῶν
2744 2063 2908 2136 τριῶν
2938 2064 3270 2136 προσθήσεις
3290 2065 3336 2130 ζ’
3360 2067 3423 2119 ⁸⁷.
3459 2068 3567 2121 Καὶ
3585 2067 3665 2121 τὸν

2116 2144 2476 2227 συναγόμενον
2506 2154 2668 2225 ὕφελε
2701 2156 2850 2228 παρά
2882 2155 2971 2210 τὸν
2999 2155 3065 2223 λ’,
3091 2158 3283 2222 ὁσάκις
3327 2160 3580 2230 ἐγχωρεῖ·
3605 2158 3666 2211 τὰ

2113 2247 2169 2301 δὲ
2216 2247 2654 2318 καταλειπόμενα
2708 2247 2949 2302 κάτωθεν
2997 2247 3107 2303 τῶν
3137 2248 3183 2302 λ’
3232 2250 3483 2322 κρατῶν,
3516 2252 3664 2321 ἄρχου

2115 2338 2223 2392 ἀπὸ
2253 2338 2348 2392 τοῦ
2404 2339 2682 2411 Μαρτίου,
2729 2340 3031 2394 ἐπιϐάλλων
3066 2340 3249 2405 αὐτοῖς
3301 2342 3511 2414 ἡμέρας
3553 2344 3667 2405 ὅσας

2115 2429 2302 2501 δεήσῃ,
2339 2429 2424 2483 ἵνα
2487 2419 2666 2505 σῴσῃς
2691 2430 2755 2485 ν’.
2803 2430 2911 2484 Καὶ
2958 2431 3059 2486 οὐκ
3103 2432 3145 2464 ⁸⁸
3199 2433 3427 2504 ἀρκέσει
3465 2434 3613 2505 μόνος
3644 2436 3669 2486 ὁ

2117 2522 2381 2592 Μάρτιος,
2409 2522 2653 2593 λάμϐανε
2687 2522 2785 2586 τὰς
2830 2523 3159 2595 λειπομένας
3194 2527 3274 2589 είς
3320 2526 3669 2597 ίκανοποίησιν

2122 2612 2231 2666 τῶν
2266 2614 2571 2686 εἰρημένων
2598 2612 2640 2668 ν’
2672 2615 2780 2668 ἀπὸ
2816 2615 2911 2669 τοῦ
2960 2616 3260 2690 Ἀπριλίου.
3309 2617 3479 2671 Ἔνθα
3513 2619 3670 2671 τοίνυν

2119 2707 2398 2782 καταλήξῃ
2436 2710 2469 2780 ἡ
2511 2708 2732 2780 τοιαύτη
2771 2709 2990 2781 ἡμέρα,
3036 2711 3202 2782 ήγουν
3232 2712 3266 2782 ή
3311 2714 3668 2784 πειινιιςηιιοσϊή⁹

2119 2804 2286 2877 ήγουν
2320 2801 2430 2856 εἴτε
2461 2802 2546 2866 είς
2575 2802 2673 2865 τὰς
2703 2802 2867 2867 τόσας
2896 2802 2988 2856 τοῦ
3038 2804 3309 2876 Μαρτίου,
3335 2804 3450 2859 εἴτε
3485 2806 3561 2868 είς
3587 2805 3672 2868 τὰς

2119 2897 2282 2961 τόσας
2326 2895 2422 2949 τοῦ
2461 2894 2739 2969 Ἀπριλίου
2760 2912 2774 2929 ο
2825 2894 2947 2950 κατ’
2980 2894 3146 2968 αὐτὴν
3189 2895 3410 2969 ἐκείνην
3442 2891 3576 2951 εἶναι
3604 2894 3674 2965 vi.

2122 3006 2299 3047 νωσκε
2332 2989 2393 3043 τὸ
2427 2988 2716 3043 Ἰουδαϊκὸν
2753 2989 2967 3060 Πάσχα,
3001 2991 3167 3061 ἤγουν
3197 2990 3259 3043 τὸ
3292 2993 3532 3061 νομικόν.
3553 2991 3671 3044 Ἦν-

2122 3099 2246 3137 τινσ.
2280 3082 2375 3136 καὶ
2426 3082 2695 3155 εὑρίσκων
2736 3083 2796 3135 ὲν
2847 3082 2977 3154 ποίᾳ
3021 3082 3121 3151 τῆς
3170 3081 3467 3153 ἑϐδομάδος
3512 3084 3673 3153 ήμέρᾳ

451 3172 683 3238 mensis,
733 3172 789 3226 in
823 3186 929 3242 qua
979 3169 1191 3225 Pascha
1228 3167 1665 3240 deprehendisti,
1709 3166 2020 3237 Carnispri»

2125 3175 2381 3246 τυγχάνει
2407 3173 2495 3229 διὰ
2530 3175 2628 3245 τῆς
2658 3173 3147 3245 ἀναγεγραμμένης
3182 3174 3408 3246 μεθόδου
3440 3174 3530 3228 τοῦ
3555 3176 3673 3244 ήμε-

452 3263 603 3319 vium
633 3261 882 3316 habebis.
920 3259 978 3315 Si
1016 3261 1089 3315 sit
1134 3276 1312 3315 annus
1354 3259 1674 3323 bissextilis,
1709 3272 1809 3329 pro
1850 3258 2028 3314 tribus

442 3353 593 3409 adde
643 3360 898 3426 quatuor.
946 3351 1119 3406 Porro
1170 3351 1214 3407 si
1260 3351 1399 3405 citra
1433 3366 1604 3406 xxvut
1648 3350 1788 3407 diem
1826 3349 2025 3416 Martii,

449 3442 895 3498 Christianorum
925 3453 1175 3497 sanctum
1205 3441 1417 3499 Pascha
1450 3441 1676 3504 incidat,
1706 3441 2028 3498 Ianuarium

455 3532 811 3607 Carnisprivii
843 3533 963 3589 dies
1000 3533 1288 3595 obtinebit.
1348 3532 1444 3588 Sin
1495 3533 1637 3587 ultra
1681 3550 1851 3589 xxvm
1886 3534 2030 3590 diem

458 3629 1069 3697 iucurrat,.Februario
1109 3628 1397 3699 contingit.
1430 3627 1487 3683 Si
1524 3626 1731 3683 Pascha
1763 3629 1818 3684 in
1850 3630 2028 3700 ipsum

458 3720 619 3775 cadat
662 3735 833 3775 xxvm
885 3719 1066 3786 diem;
1119 3718 1166 3773 si
1204 3719 1424 3788 quidem
1457 3718 1756 3774 bissextilis
1782 3735 1890 3773 non
1928 3722 2032 3775 erit

459 3823 663 3874 annus,
701 3806 956 3864 Januarii
993 3822 1122 3861 xxxi
1166 3806 1253 3862 die
1293 3804 1728 3879 Carnisprivium
1770 3811 1893 3866 erit.
1934 3810 2031 3867 Et-

459 3900 606 3956 enim
653 3908 781 3955 octo
818 3908 873 3954 et
911 3899 1105 3970 viginti
1140 3915 1264 3954 cum
1312 3900 1485 3957 tribus
1529 3901 1737 3958 faciunt
1766 3920 1932 3959 unum
1981 3917 2034 3961 et

460 3992 707 4063 triginta.
745 3989 841 4047 Sin
882 3992 1184 4049 bissextilis
1222 3993 1406 4059 fuerit,
1441 3993 1698 4051 Kalendis
1723 3994 2034 4053 Februariis

462 4083 707 4150 incidet;
746 4099 871 4144 nam
917 4084 1107 4155 viginti
1146 4094 1272 4139 octo
1326 4099 1449 4140 cum
1511 4094 1750 4157 quatuor
1795 4086 1935 4144 duos
1980 4098 2035 4145 et

462 4174 684 4245 triginta
710 4174 1010 4230 coniiciunt
1040 4193 1054 4229 :
1090 4174 1158 4232 de
1185 4177 1385 4247 quibus
1414 4178 1620 4249 relictis
1635 4176 1899 4235 Januario
1926 4197 2034 4235 uno

461 4275 517 4320 et
555 4267 801 4338 triginta,
838 4267 1083 4339 reliquus
1130 4278 1214 4324 est
1258 4286 1431 4336 unus,
1466 4269 1559 4341 qui
1589 4280 1674 4327 est
1716 4271 1891 4343 prima
1934 4270 2035 4328 Fe-

462 4359 667 4416 bruarii
699 4359 838 4418 dies.
868 4359 1015 4414 ldem
1046 4358 1214 4416 facies
1248 4372 1301 4417 et
1332 4361 1392 4417 in
1428 4362 1607 4418 Martii
1640 4379 1872 4428 xxnx,ac
1900 4381 2032 4431 xxx,

2130 3264 2439 3338 ροευρεσίου
2461 3303 2477 3329 ,
2512 3265 2610 3336 τὴν
2644 3264 2903 3319 ἐπιοῦσαν
2943 3264 3253 3335 ἔμπροσθεν
3300 3264 3565 3338 κυριακὴν
3589 3264 3673 3332 τῆς

2127 3358 2295 3428 αὐτῆς
2329 3356 2620 3429 ἑϐδομάδος
2658 3356 2767 3410 ῐσθι
2796 3356 3084 3428 τυγχάνειν
3109 3356 3171 3410 τὺ
3207 3358 3318 3411 τῶν
3356 3357 3675 3431 Χριστιανῶν

2128 3450 2282 3520 ἆγιον
2327 3451 2539 3521 Πάσχα.
2589 3449 2791 3504 Τούτου
2841 3449 2900 3502 δέ
2943 3466 3024 3503 σοι
3071 3450 3354 3521 γνωρίμου
3397 3450 3674 3519 γεγονότος,

2128 3536 2177 3605 γ’
2208 3536 2328 3590 κατ’
2376 3535 2494 3600 ἔτος
2523 3535 2836 3608 προστιθεὶς
2883 3538 2950 3608 τῇ
2997 3538 3169 3609 πόστῃ
3202 3538 3296 3592 τοῦ
3335 3539 3534 3610 μηνὸς,
3567 3531 3674 3610 ὲνῇ

2128 3628 2326 3699 εὑρέθη
2349 3627 2408 3680 τὸ
2434 3628 2644 3699 Πάσχα,
2664 3626 2807 3691 ἕξεις
2830 3627 2927 3699 τὴν
2951 3627 3250 3699 Ἀπόκρεω.
3272 3630 3336 3682 Et
3366 3630 3426 3683 δὲ
3450 3630 3677 3699 τυγχάνει

2128 3720 2157 3772 ό
2186 3719 2374 3792 χρόνος
2405 3718 2666 3790 βίσεξτος,
2696 3721 2816 3774 ἀντὶ
2867 3718 2977 3772 τῶν
3002 3725 3049 3787 γ’
3085 3718 3375 3794 προσθήσῃ
3401 3720 3445 3773 δ’
3451 3761 3467 3774 .
3496 3720 3674 3772 mm

2134 3813 2232 3884 μὲν
2261 3812 2367 3866 ἀπὸ
2398 3812 2497 3883 τῆς
2525 3811 2612 3884 κη’
2642 3812 2735 3866 τοῦ
2771 3810 3017 3883 Μαρτίου
3051 3812 3146 3865 καὶ
3181 3811 3434 3867 κάτωθεν
3464 3812 3605 3883 τύχοι
3631 3811 3679 3862 τὸ

2133 3901 2244 3955 τῶν
2274 3903 2614 3974 Χριστιανῶν
2640 3902 2794 3971 ἅγιον
2824 3903 3036 3972 Πάσχα.
3072 3902 3216 3956 κατὰ
3253 3901 3349 3957 τὸν
3384 3904 3678 3975 Ἰανουάριον

2133 3994 2285 4047 ἔσται
2312 3996 2344 4065 ή
2390 3995 2730 4066 Ἀπόκρεωςο
2766 3996 2815 4048 εί
2844 3994 2901 4047 δὲ
2950 3992 3058 4047 ἀπὸ
3085 3994 3187 4064 τῆς
3230 3996 3320 4066 κη’
3354 3997 3450 4051 καὶ
3480 3994 3676 4053 ἀνωθεν,

2134 4085 2274 4140 κατὰ
2317 4086 2409 4140 τὸν
2444 4087 2825 4160 Φεϐρουάριον.
2863 4088 2951 4141 Ἐν
2991 4087 3130 4157 αὐτῇ
3174 4086 3356 4159 μέντοι
3394 4090 3461 4158 τῇ
3491 4086 3573 4158 κη’
3604 4082 3678 4138 τοῦ

2133 4177 2400 4249 Μαρτίου,
2432 4181 2481 4231 εἰ
2505 4179 2602 4249 μὲν
2618 4180 2718 4234 οὐκ
2741 4179 2885 4233 ἔστιν
2915 4181 2944 4233 ὁ
2970 4180 3160 4251 χρόνος
3188 4177 3455 4248 βίσεξτος,
3496 4178 3572 4240 είς
3602 4174 3679 4244 τὴν

2134 4264 2215 4317 λα’
2243 4264 2395 4317 ἔσται
2434 4265 2527 4319 τοῦ
2567 4267 2924 4339 Ἰανουαρίου·
2957 4266 3042 4338 κη’
3065 4267 3175 4338 γάρ
3207 4268 3303 4321 καὶ
3333 4268 3386 4336 γ’
3410 4267 3490 4322 id
3511 4286 3527 4301 ·
3560 4268 3604 4319 εί
3636 4264 3681 4316 δὲ

2134 4351 2214 4406 ἔνι
2244 4351 2516 4423 βίσεξτος,
2546 4357 2626 4418 είς
2662 4354 2761 4426 τὴν
2803 4355 2854 4409 α’
2894 4354 2984 4409 τοῦ
3048 4354 3423 4427 Φεϐρουάριον
3446 4371 3460 4381 ⁶
3493 4353 3573 4425 κη’
3596 4352 3681 4421 γὰρ

464 4451 547 4505 vel
579 4465 731 4513 xxxi,
764 4455 821 4503 ut
844 4450 899 4503 in
927 4449 1160 4522 reliquis
1189 4451 1349 4506 annis
1378 4451 1548 4507 addas
1575 4452 1681 4507 tria
1720 4472 1733 4507 :
1764 4454 2020 4509 bissextili

2136 4447 2231 4500 καὶ
2258 4446 2301 4499 δ’
2345 4446 2459 4499 λ6’·
2512 4448 2606 4517 ἀφ’
2635 4442 2711 4501 ῶν
2744 4449 2912 4513 ἐάσας
2947 4447 3026 4519 τῷ
3063 4449 3382 4518 Ἰανουαρίῳ
3423 4447 3525 4512 λα’,
3574 4461 3680 4498 κατ-

373 4607 379 4613 ,
464 4532 602 4604 εὖιο,
635 4548 889 4608 quatuor,
928 4548 1041 4595 tum
1090 4539 1362 4608 deductis,
1415 4549 1475 4596 ιιι
1528 4542 1735 4597 dictum
1765 4551 1851 4599 est
1879 4560 2031 4609 xxxi,

466 4646 529 4683 ac
569 4629 831 4685 Januario
873 4631 1115 4695 tributis,
1148 4631 1290 4703 quod
1332 4633 1612 4703 reliquum
1654 4641 1761 4698 est,
1786 4636 2033 4707 assignes

464 4717 795 4787 Februario;
825 4736 1057 4792 quorum
1094 4723 1306 4778 dierum
1346 4724 1571 4780 ultimus
1603 4732 1689 4780 est
1715 4725 2033 4798 Carnispri-

382 4880 383 4883 η
464 4813 634 4867 vium.
679 4812 749 4866 At
789 4824 1103 4869 sanctorum
1130 4815 1502 4887 apostolorum
1531 4816 1751 4889 jejunio
1782 4820 2032 4875 attributi

467 4904 585 4961 dies
611 4905 685 4960 ita
715 4908 1076 4977 reperientur.

2138 4538 2358 4610 ελείφθη
2392 4540 2517 4611 μία·
2558 4542 2654 4595 καὶ
2684 4541 2763 4594 ἔνι
2782 4540 2877 4594 τοῦ
2918 4540 3287 4612 Φεϐρουαρίου
3322 4541 3393 4593 α’.
3429 4540 3530 4593 Τὸν
3552 4535 3682 4590 αὐτὸν

2139 4630 2196 4684 δὲ
2227 4631 2428 4701 τρόπον
2456 4633 2700 4703 ποιήσεις
2731 4631 2827 4685 καὶ
2857 4632 3000 4684 κατά
3031 4631 3131 4704 τὴν
3157 4629 3263 4693 κθ⁰,
3294 4630 3393 4683 καὶ
3419 4630 3485 4693 λ’,
3507 4629 3591 4682 καὶ
3619 4623 3681 4676 λα’

2139 4720 2234 4773 τοῦ
2282 4721 2552 4793 Μαρτίου,
2583 4721 2896 4794 προστιθεὶς
2934 4721 3039 4775 ἁνά
3082 4720 3284 4793 τριῶν
3319 4721 3363 4775 δ’
3389 4721 3447 4775 δὲ
3475 4720 3604 4791 μόνῳ
3624 4713 3684 4783 τῷ

2143 4812 2370 4886 βισέξτῳ
2388 4830 2401 4843 ⁸
2426 4811 2546 4868 εἶτα
2586 4812 2853 4879 ἐκϐαλὼν,
2878 4813 2951 4877 ῶς
2977 4813 3217 4887 εἴρηται,
3249 4812 3334 4865 λα’
3362 4812 3456 4866 τοῦ
3493 4814 3686 4865 Ἰανουα-

2145 4912 2283 4988 ρίου,
2309 4911 2410 4976 τὰς
2448 4908 2921 4979 καταλειπομένας
2951 4898 3096 4959 δίδου
3134 4905 3212 4976 τῷ
3239 4904 3607 4977 Φεϐρουαρίῳ·
3628 4892 3688 4951 ὧν

465 4999 499 5069 ή
530 4999 806 5055 τελευταία
830 5003 976 5057 ἐστὶν
1009 5004 1042 5074 ή
1090 5002 1388 5075 Ἀπόκρεω.
1421 5004 1485 5059 Ἡ
1518 5003 1575 5059 δὲ
1614 5005 1722 5061 τῶν
1757 5010 1979 5083 ήμερῶν
2033 5013 2268 5083 ποσότης
2321 5010 2423 5082 τῆς
2467 5008 2720 5080 νηστείας
2754 5005 2864 5059 τῶν
2900 5004 3073 5073 ἁγίων
3119 5002 3437 5057 ἀποστόλων
3474 4999 3602 5055 οὕτω
3625 5011 3688 5047 σοι
3762 5024 3763 5079 γ

470 5089 605 5162 δήλη
631 5093 943 5164 γενήσεται.

468 5208 585 5273 Qua
614 5209 818 5266 ratione
847 5210 1042 5280 jejunii
1087 5223 1391 5268 sanctorum
1427 5217 1790 5276 apostolorum
1820 5219 1931 5275 dies
1961 5222 2043 5276 in.

1024 5283 1187 5337 veniri
1234 5284 1473 5339 debeant.

536 5387 626 5447 1X.
661 5390 744 5447 Ab
785 5390 907 5460 ipso
936 5392 1288 5449 sanctissimo
1332 5394 1618 5453 Paschatis
1647 5397 1757 5462 die,
1807 5400 2039 5470 ipsomet

466 5480 715 5544 excluso,
745 5496 920 5550 usque
941 5480 1009 5535 ad
1041 5482 1259 5537 tertium
1288 5483 1410 5539 Maii
1438 5494 1571 5555 quot
1596 5487 1706 5542 sint
1740 5489 1859 5544 dies
1888 5504 2040 5545 como

468 5579 635 5643 puta;
683 5571 884 5644 quibus
921 5572 1201 5641 collectis,
1248 5575 1366 5641 sive
1414 5575 1646 5646 Martio,
1688 5579 1805 5635 sive
1863 5582 2036 5652 Aprili

2147 5220 2341 5284 Ὅπως
2370 5218 2463 5273 δεῖ
2503 5218 2809 5284 εὑρίσκειν
2846 5213 2954 5280 τὰς
2978 5210 3208 5281 ἡμέρας
3247 5210 3363 5280 τῆς
3391 5207 3509 5264 τῶν
3539 5205 3689 5274 ἁγίων

2569 5287 2931 5342 ἀποστόλων
2952 5284 3265 5350 νηστείας.

2217 5399 2293 5453 θ’.
2326 5398 2563 5472 Εὓρισκε
2598 5398 2708 5452 ἀπὸ
2733 5397 2833 5468 τῆς
2856 5396 3071 5468 ἡμέρας
3102 5394 3198 5449 τοῦ
3235 5395 3396 5463 ἁγίου
3430 5391 3579 5465 ἡμῶν
3602 5382 3689 5487 ¹¹⁶ῗ
3758 5478 3759 5481 χ

2149 5509 2255 5564 σχα
2280 5531 2295 5554 .
2329 5492 2451 5564 δίχα
2493 5491 2743 5562 ταύτης,
2778 5489 2943 5542 πόσαι
2987 5487 3129 5540 είσὶν
3178 5486 3392 5557 ἡμέραι
3423 5484 3575 5556 μέχρι
3613 5484 3687 5529 nat

2148 5585 2321 5656 αὐτῆς
2346 5584 2448 5655 τῆς
2471 5582 2636 5653 γἰτοῦ
2665 5580 2840 5655 Μαΐου
2860 5597 2874 5617 ν
2907 5579 3001 5634 καὶ
3016 5578 3226 5643 ταύτας
3254 5575 3584 5647 συναγαγὼν,
3603 5568 3686 5622 εἶτε

544 5747 587 5778 "
615 5747 1127 5819 Postulabsuper-ior
1159 5754 1296 5810 ratio
1326 5753 1368 5809 δ’
1404 5770 1504 5809 non
1546 5754 1612 5820 ζ’.
1666 5756 1736 5829 ,⁸⁸
1769 5754 1892 5827 ch.
1924 5758 2016 5812 καὶ
2045 5760 2091 5813 el
2118 5760 2235 5815 οὐκ.
