3808 6316
183 323 322 377 13:29
843 319 900 374 S.
943 319 1252 376 ANDREA‘I
1287 317 1672 376 CRETENSIS

1927 315 2065 372 CLO
2097 312 2347 372 SOLAlll
2375 311 2464 367 ΕΤ
2499 307 2781 368 LUNARI.
3293 313 3429 367 1359

179 448 256 508 εἰς
276 446 372 499 τὸν
397 443 661 516 Μάρτιον,
692 445 799 498 εἴτε
827 446 907 509 εἰς
931 444 1020 499 τὸν
1047 442 1324 517 Ἀπρίλιον
1344 445 1541 517 εὑρεθῇ
1565 445 1627 498 τὸ
1647 446 1683 498 Ι]

1921 443 2076 500 ascha
2120 443 2430 514 contingat,
2464 440 2687 496 totidem
2736 439 2876 494 scito
2903 436 3020 494 dies
3049 453 3170 496 esse
3209 447 3425 494 sant-tc-

182 555 282 609 οχα
304 579 318 602 ,
357 537 629 602 τοσαύτας
661 533 800 592 εἶναι
828 538 1060 607 γίνωσκε
1095 539 1189 592 καὶ
1230 539 1328 602 τὰς
1368 540 1466 610 τῆς
1500 537 1686 610 νηστεί

1368 540 1466 610 τῆς
1500 537 1752 610 νηστείας
1858 553 1979 592 rum
2003 535 2370 608 apostolorum
2398 533 2606 605 jejunio
2634 531 2866 589 dicatos.

181 630 286 682 τῶν
321 629 497 699 ἁγίων
530 630 844 684 ἀποστόλων
878 631 1109 702 ἡμέρας.

748 942 974 1028 ΤΟΥ
1010 943 1877 1031 ΜΑΚΑΡΙΩΤΑΤΟΥ
1931 939 2434 1031 ΑΝΔΡΕΟΥ
2496 942 2934 1028 ΚΡΗΤΗΣ

1442 1122 1578 1179 ΤΟΥ
1609 1125 2203 1196 ΙΕΡΟΣΟΛΥΜΙΤΟΥΙ

189 1279 556 1346 ΜΕΘΟΔΟΣ,
597 1284 742 1338 ΠΩΣ
778 1282 897 1337 ΔΕΙ
929 1285 1212 1339 ΕΥΡΕῙΝ
1253 1285 1392 1339 ΤΟΝ
1424 1285 2188 1410 ιςγῖιὲιὶεὶέιῖἕῶἔόιῇογ,
2229 1288 2820 1341 ΦΙΛΟΠΟΝΗΘΕΙΣΑ
2855 1287 3171 1342 ΑΚΡΙΒΩΣ
3201 1284 3428 1343 ΧΑΡΙΝ

682 1597 1098 1689 SANCTI
1175 1597 1691 1690 ANDREIE
1761 1598 2947 1730 HIEROSOLYMITANI,

1417 1787 1728 1846 EPISCOPI
1762 1789 2162 1859 CRETENSIS,

182 1931 527 1994 Methodus
570 1929 998 2015 investigandi
1029 1932 1192 2015 cycli
1227 1932 1482 2009 solaris,
1518 1942 1580 1998 et
1633 1934 2186 2076 ltintaris,tnecnon
2221 1940 2562 2016 Paschalis,
2598 1940 2662 2003 in
2697 1942 3128 2006 studiosorum
3161 1943 3426 2022 gratiam

1641 2031 1674 2075 e
1703 2031 1734 2074 a
1785 2031 1892 2076 ora
1924 2019 2020 2076 a.‘

1641 2019 1979 2078 elaborata.
1999 2019 2020 2042 ‘

246 2251 459 2324 Κράτει
492 2253 560 2306 τὰ
594 2253 744 2308 κάτω
769 2254 878 2308 τῶν
902 2253 1246 2325 χιλιοντάδων
1273 2257 1365 2310 καὶ
1392 2258 1750 2314 ἑκατοντάδωκ

1944 2263 2110 2318 Sume
2138 2277 2314 2318 annos
2357 2261 2499 2316 infra
2537 2259 2871 2316 millenarios
2899 2267 2952 2315 et
2985 2261 3329 2315 centenarios
3362 2259 3429 2313 ab

174 2346 286 2398 τῶν
310 2345 422 2400 ἀπὸ
441 2346 671 2411 κτίσεως
692 2346 896 2418 κόσμου
918 2363 930 2375 ·
955 2347 1050 2400 καὶ
1082 2346 1375 2429 πρόσθεττε
1409 2350 1450 2380 ¹⁹
1474 2351 1568 2404 καὶ
1598 2351 1678 2404 ἓτε

1924 2355 1998 2410 ἰω
2051 2354 2325 2420 condito;
2370 2353 2547 2422 iisque
2576 2353 2713 2406 alios
2764 2351 2901 2406 addc
2933 2367 3081 2410 xxrv.
3120 2367 3186 2406 ex
3231 2352 3428 2422 quibus

178 2437 253 2489 κδ’
280 2453 293 2466 ·
353 2437 450 2490 καὶ
508 2438 734 2508 ποίηηον
779 2437 1049 2508 σταθμόν·
1107 2438 1202 2491 καὶ
1241 2438 1401 2509 ὖφελε
1460 2442 1597 2494 αὐτὰ
1658 2443 1682 2497 tl

1924 2444 2109 2499 nfecta
2157 2459 2368 2496 summa
2402 2458 2499 2512 per
2532 2458 2700 2496 xxvm
2746 2443 2940 2503 divisa.
2976 2444 3121 2512 quod
3161 2444 3428 2497 relicuum

174 2528 285 2581 τῶν
325 2537 412 2600 κη’
443 2547 456 2560 ο
505 2529 600 2583 καὶ
647 2529 717 2583 τὰ
761 2529 1194 2600 ὲναπομείναντα
1242 2533 1300 2584 ἑν
1347 2535 1412 2603 τῇ
1466 2534 1610 2605 χειρί
1666 2551 1678 2586 ‹

1666 2550 1760 2588 σου
1863 2545 1968 2600 est.
1991 2537 2096 2592 erit
2124 2535 2311 2608 cyelus
2344 2535 2497 2592 solis.
2528 2532 2608 2590 Ita
2632 2534 2926 2606 quotannis
2960 2534 3146 2590 facies.

176 2621 344 2686 αὑτός
390 2625 541 2676 ἐστιν
577 2624 606 2677 ό
655 2622 856 2687 κύκλος
897 2621 992 2676 τοῦ
1034 2622 1207 2694 ἡλίου.
1249 2624 1360 2678 Καὶ
1400 2625 1573 2690 οὕτως
1618 2627 1760 2681 ποίει

179 2715 301 2768 κατ’
330 2713 477 2778 [τος.

478 2825 716 2896 Ὁμοίως
755 2827 852 2881 καὶ
883 2827 1013 2896 περὶ
1056 2827 1160 2896 τῆς
1189 2827 1478 2897 σελήνης.

2122 2819 2323 2876 Eodem
2359 2820 2510 2875 modo
2539 2831 2587 2875 et
2614 2822 2666 2874 in
2699 2820 2826 2874 luna
2859 2820 3174 2890 proceditur.

251 2940 463 3012 Κράτει
495 2941 564 2994 τὰ
596 2941 736 2996 αὐτὰ
771 2941 1069 3014 κούντουρα
1119 2943 1229 2997 τῶν
1280 2944 1623 3015 χιλιοντάδων
1668 2947 1755 3001 καὶ

1935 2936 2135 3007 Accipe
2198 2937 2450 2992 similiter
2491 2944 2844 2993 excurrentes
2885 2951 3047 3006 supra
3099 2935 3429 2989 millenarios

181 3033 573 3097 ἐκατοντὰδων,
607 3033 717 3087 τῶν
745 3034 852 3087 ἀπὸ
883 3035 1114 3098 κτίσεως
1145 3036 1378 3105 κόσμου’
1414 3037 1685 3109 πρόσθες)

1951 3030 2296 3086 centenarias
2343 3030 2412 3086 ab
2450 3030 2582 3085 orbe
2615 3030 2865 3086 condito:
2899 3029 3098 3098 quibus
3131 3026 3266 3081 adde
3295 3043 3427 3089 xvn,

179 3125 345 3199 ἕτερα
389 3125 490 3191 ιζό
543 3126 636 3180 καὶ
678 3127 901 3198 ποίησον
947 3127 1086 3180 αὐτὰ
1134 3127 1405 3198 σταθμόν·
1457 3130 1550 3182 καὶ
1597 3129 1683 3199 ὖφε

1963 3125 2192 3179 collecta
2229 3141 2441 3180 summa
2483 3140 2578 3197 per
2635 3140 2726 3178 xxx
2769 3123 3000 3194 partita,
3030 3120 3303 3176 residuum
3349 3128 3431 3174 est

182 3216 287 3269 ὑπὸ
314 3217 425 3270 τῶν
461 3216 524 3270 ιϐ’
552 3233 564 3244 ·
598 3217 694 3271 καὶ
725 3217 794 3271 τὰ
827 3217 1277 3288 ὲναπολειφθέντα
1307 3221 1364 3273 ὲν
1402 3222 1467 3292 τῇ
1503 3221 1642 3292 χειρὶ
1669 3240 1686 3276 c

741 3217 794 3271 τὰ
827 3217 1277 3288 ὲναπολειφθέντα
1307 3221 1364 3273 ὲν
1402 3222 1467 3292 τῇ
1503 3221 1642 3292 χειρὶ
1669 3240 1760 3277 σου
1867 3219 2054 3289 cyclus
2089 3219 2245 3273 lunae.

181 3305 343 3369 αὑτός
365 3308 517 3359 ἐστιν
540 3307 569 3360 ὁ
601 3305 797 3369 κύκλος
828 3307 928 3380 τῆς
956 3309 1202 3380 σελήνης.

193 3421 431 3490 Ὁμοίως
482 3419 584 3476 καὶ
622 3421 660 3490 ἡ
701 3419 964 3544 nam?
1009 3421 1410 3482 ἀναϐιϐάζεται
1458 3422 1588 3492 ἦτοι
1634 3443 1697 3479 κο

937 3509 1057 3544 τος.

1925 3423 2070 3480 adem
2114 3423 2354 3480 metltodo
2387 3436 2437 3482 et
2469 3443 2560 3497 per
2593 3443 2757 3508 annos
2789 3426 3020 3496 singulos
3050 3424 3267 3478 indictio
3303 3439 3429 3476 con:

2557 3507 2744 3544 surmt.

937 3509 1057 3558 τος.
2557 3507 2744 3567 surgit.

253 3601 464 3672 Κράτει
495 3603 564 3654 τὰ
585 3603 692 3656 ἀπὸ
721 3603 950 3668 κτίσεως
979 3604 1184 3675 κόσμου
1203 3622 1218 3636 ο
1257 3605 1472 3661 ἅπαντα
1498 3608 1757 3681 πρόσθες,

1943 3605 2149 3677 Collige
2199 3621 2372 3662 annos
2424 3608 2492 3662 ab
2549 3606 2681 3662 orbe
2750 3605 3004 3671 condito,
3060 3613 3115 3660 et
3165 3617 3432 3659 summam

185 3693 278 3746 καὶ
311 3693 477 3762 ὖφελε
506 3693 645 3747 αὐτὰ
679 3695 782 3748 ὑπὸ
810 3695 918 3749 τῶν
960 3702 1049 3748 ιε’⁶
1084 3699 1179 3752 καὶ
1203 3697 1274 3751 τὰ
1313 3699 1689 3770 ὲναπολειφθὲν

1547 3699 1764 3770 ιφθὲντα
1869 3697 2076 3770 partire
2108 3711 2202 3767 per
2233 3713 2301 3751 xv
2327 3715 2342 3752 :
2374 3697 2640 3769 reliquum
2667 3699 2771 3752 erit
2807 3696 3050 3751 indictio.

184 3784 240 3834 ὲν
271 3786 337 3854 τῇ
372 3784 516 3856 χειρί
542 3801 635 3838 σου
663 3782 798 3857 αὕτη
830 3787 976 3840 ἐστὶν
999 3789 1249 3852 ῖνδικτος.

256 3875 498 3928 Γίνωσκε
525 3877 582 3928 δὲ
630 3879 720 3930 καὶ
754 3878 933 3943 10510,
979 3881 1060 3934 ὅτι
1091 3882 1238 3951 ἥλιος
1273 3883 1496 3955 ἄρχεται
1535 3884 1644 3939 ἀπὸ
1668 3887 1760 3958 τῆς

1948 3887 2241 3943 Sciendum
2290 3893 2373 3943 est
2415 3894 2596 3940 autem
2641 3885 2808 3940 solem
2864 3883 3100 3953 incipere
3126 3899 3154 3937 a
3179 3878 3435 3936 Kalendis

185 3974 233 4019 α’
270 3968 364 4021 105
396 3969 771 4041 ὐκτωμόρίου
815 3972 982 4042 μηνός
1005 3989 1019 4002 ο
1047 3975 1080 4044 ή
1111 3974 1168 4026 δὲ
1196 3973 1390 4046 σελήνη
1424 3973 1531 4028 ἀπὸ
1576 3980 1675 4049 τῆς

1933 3975 2126 4030 :tobris
2166 3991 2179 4026 :
2235 3976 2417 4029 lunam
2450 3991 2478 4028 a
2523 3973 2644 4027 Kal.
2684 3971 2980 4037 Januariis,
3026 3971 3372 4026 intlictioneni
3408 3984 3437 4022 a

188 4060 277 4113 105
318 4061 649 4131 Ἰανουαρίου
692 4064 886 4133 μηνόςο
932 4065 1025 4118 καὶ
1075 4067 1109 4136 ὴ
1155 4065 1381 4130 ῐνδικτος
1425 4066 1532 4120 ἀπὸ
1572 4069 1672 4140 τῆς

1007 4065 1025 4118 l
1075 4067 1109 4136 ὴ
1155 4065 1381 4130 ῐνδικτος
1425 4066 1532 4120 ἀπὸ
1572 4069 1672 4140 τῆς
1717 4071 1769 4128 α’
1874 4067 2128 4124 Kalendis
2159 4066 2511 4138 Septembris.

189 4155 277 4208 τοῦ
308 4155 683 4226 Σεπτεμϐρίου
712 4156 896 4228 μηνός.

258 4247 351 4310 Εἰς
384 4247 448 4299 τὸ
481 4247 660 4317 εὑρεῖν
700 4265 756 4299 σε
790 4248 849 4301 τὸ
878 4250 1096 4320 νομικὸν
1126 4251 1334 4322 Πάσχα,
1367 4251 1639 4325 κράτησον
1673 4255 1762 4310 τοῦ

1939 4245 2020 4300 Ad
2051 4245 2432 4302 inveniendum
2464 4247 2633 4317 legale
2689 4243 2917 4309 Pascha,
2962 4245 3144 4314 accipe
3195 4245 3437 4298 lunarem

191 4339 618 4410 ὲπιζητουμένου
647 4339 798 4404 ἔτους
826 4341 914 4395 τὸν
943 4343 1140 4396 κύκλον
1168 4345 1268 4414 τῆς
1301 4345 1550 4418 σελήνης,
1576 4349 1695 4402 ὀπός

1933 4339 2084 4392 clum
2135 4339 2264 4393 anni
2305 4338 2593 4408 propositi,
2622 4352 2855 4406 eumque
2893 4352 2984 4407 per
3015 4335 3264 4390 undecim
3299 4335 3437 4388 mul-

189 4430 325 4494 ἐστὶ,
361 4433 456 4484 καὶ
510 4433 1004 4488 ὲνδεκαπλασίασον
1046 4436 1242 4490 αὐτόν’
1292 4438 1525 4510 πρόσθες
1567 4440 1624 4493 δὲ
1678 4458 1693 4494 ι

1935 4433 2082 4502 alica,
2136 4432 2203 4487 ad
2246 4447 2514 4486 summam
2560 4430 2737 4500 adjice
2784 4445 2912 4493 sex,
2962 4444 3084 4499 quae
3145 4446 3178 4482 α
3232 4428 3439 4482 seculis

191 4522 386 4593 ἐτέρας
430 4529 483 4586 ς’
520 4521 628 4576 τῶν
663 4523 763 4577 ἀπ’
789 4523 1048 4578 αἰώνωνο
1096 4527 1270 4582 ίστέον
1310 4528 1389 4591 δὲ,
1437 4529 1519 4582 ὅτι
1561 4530 1640 4592 είς
1681 4548 1695 4581 ιι

1935 4525 2180 4595 ςιβοιιωιι.
2217 4524 2416 4578 Verum
2465 4525 2518 4577 in
2567 4523 2720 4595 cyelo
2768 4537 2901 4586 xvn,
2945 4530 2998 4575 et
3031 4535 3182 4583 xvm,
3234 4527 3288 4573 et
3325 4535 3439 4582 xu.

194 4614 256 4678 ιζ’
282 4613 504 4677 κύκλον,
538 4615 630 4667 καὶ
671 4621 758 4686 ιη’,
789 4617 882 4668 καὶ
927 4615 990 4669 ιθ¹
1025 4617 1085 4670 οὐ
1125 4618 1425 4690 προστίθης
1453 4625 1506 4684 ς’
1531 4619 1641 4672 τῶν
1677 4621 1698 4673 ὀ

1937 4635 1986 4672 ιιι
2024 4633 2142 4681 sex,
2189 4617 2284 4672 sed
2324 4623 2531 4687 septem
2579 4614 2825 4669 addenda
2864 4622 3029 4677 sunt;
3060 4615 3112 4666 in
3147 4612 3270 4666 aliis
3292 4626 3441 4674 vero,

191 4706 424 4770 αἰώνων,
456 4707 591 4762 ἄλλα
629 4709 703 4772 ζνο
738 4711 796 4762 ὲν
836 4710 892 4762 δὲ
923 4713 1035 4772 τοῖς
1072 4711 1251 4775 ἄλλοις
1295 4712 1438 4776 ὅλοις
1467 4711 1685 4778 κύκλοις

1937 4730 1996 4768 x.
2035 4711 2228 4768 Postea
2277 4711 2564 4766 collectam
2607 4703 2874 4764 summam
2927 4706 3130 4777 partire
3175 4720 3270 4775 per
3312 4720 3441 4766 xxx,

193 4800 285 4854 καὶ
331 4801 523 4870 μόνας,
563 4800 638 4864 ὡς
681 4800 910 4872 ἔφημεν.
955 4801 1070 4854 Εἶθ’
1117 4801 1291 4866 οὕτως
1332 4802 1593 4857 ἀνάλυσον
1635 4803 1697 4858 αύ

1940 4806 2030 4861 ιοὰ
2063 4805 2332 4875 reliquum
2364 4802 2490 4866 erit,
2523 4817 2552 4855 a
2579 4799 2844 4854 Kalendis
2879 4799 3086 4853 Martiis
3127 4805 3320 4868 putare
3361 4796 3443 4850 in-

191 4893 278 4948 διὰ
304 4893 415 4946 τῶν
447 4892 490 4945 λ’
511 4909 525 4922 ·
555 4894 647 4946 καὶ
682 4893 750 4947 τὰ
779 4894 1022 4948 κάτωθεν
1050 4895 1158 4949 τῶν
1195 4894 1237 4948 λ’
1269 4895 1540 4967 κράτησον
1560 4913 1573 4926 ·
1607 4895 1695 4968 ἀρε

1937 4911 2033 4966 pe,
2076 4894 2250 4950 donec
2299 4892 2694 4964 quinquaginta
2736 4891 2852 4944 dies
2894 4889 3246 4959 expleveriS':
3282 4902 3441 4957 quem

195 5004 355 5056 μενος
381 4985 491 5041 ἀπὸ
512 4985 606 5039 τοῦ
634 4986 876 5058 Μαρτίου
903 4987 1091 5058 μηνὸς,
1117 4987 1242 5059 ἀρίο
1252 5005 1341 5058 μει
1366 4988 1550 5042 ἐπάνω
1574 4988 1699 5042 αύτᾱ

1941 5001 2166 5042 umerum
2219 4987 2264 5041 si
2311 4985 2453 5040 intra
2497 4983 2749 5036 Martium
2793 4979 3001 5035 elliccre
3057 4979 3256 5049 possis,
3309 4979 3445 5032 bene

192 5079 295 5142 ἕως
329 5081 452 5132 ὅτου
485 5076 754 5148 ἱκανώσῃς
781 5084 822 5130 ν’
861 5078 1074 5148 ἡμέρας
1097 5093 1110 5108 ·
1153 5077 1247 5130 καὶ
1279 5078 1327 5130 εί
1364 5076 1464 5147 μὲν
1498 5077 1695 5131 ίκανωθ

1937 5080 2064 5134 ibet.
2095 5077 2191 5132 Sin
2217 5078 2418 5141 minus,
2457 5090 2613 5129 sume
2634 5071 2912 5127 residuum
2941 5085 2972 5124 e
2997 5069 3189 5124 diebus
3221 5069 3441 5140 Aprilis,

197 5190 279 5226 σιν
306 5174 363 5226 αἱ
397 5180 440 5223 ν’
469 5172 672 5243 ἡμέραι
696 5171 846 5235 ἐντὸς
881 5170 988 5224 τῶν
1017 5170 1284 5242 Μαρτίου,
1310 5169 1469 5242 χάρις
1487 5187 1498 5198 ο
1538 5171 1586 5223 εί
1613 5170 1658 5224 δ’
1683 5187 1701 5222 c

1939 5186 2051 5226 inec
2075 5170 2490 5241 quinquagenos
2515 5165 2786 5220 absolvas.
2821 5163 3154 5233 Quocunque
3181 5161 3269 5216 die
3290 5160 3443 5232 quin«

195 5267 439 5336 λάμϐανε
467 5265 560 5318 καὶ
593 5265 699 5318 ἀπὸ
723 5264 817 5317 105
850 5263 1123 5334 Ἀπριλίου
1151 5261 1340 5334 μηνὸς,
1369 5261 1473 5324 ἓως
1504 5263 1626 5316 ὅτου
1655 5263 1699 5316 lx

1939 5267 2140 5336 iaginta
2187 5263 2438 5334 completi
2493 5260 2714 5319 fuerint.
2767 5259 2821 5315 in
2869 5274 2991 5314 eum
3023 5255 3232 5315 Pascha
3276 5253 3443 5326 legale

197 5359 374 5430 νὼσῃς
415 5357 607 5421 αὐτάς.
653 5359 740 5411 Ἐν
865 5357 908 5410 δ’
940 5357 1006 5410 ἂν
1045 5355 1228 5426 ἡμέρᾳ
1276 5353 1608 5407 ἱκανωθῶσιν
1640 5356 1696 5407 αἱ

1136 5355 1228 5425 έρὲι
1276 5353 1608 5407 ἱκανωθῶσιν
1640 5356 1696 5407 αἱ
1731 5362 1771 5408 ν’
1883 5362 2008 5416 anni
2046 5359 2310 5430 propositi
2336 5357 2640 5414 conveniet.

196 5453 426 5524 ἡμέραι,
470 5454 528 5504 ὲν
568 5451 702 5520 αὐτῇ
743 5453 809 5520 τῇ
853 5448 1035 5520 ἡμέρᾳ
1067 5447 1206 5502 κατὰ
1255 5447 1314 5500 τὸ
1354 5445 1772 5520 ἐπιζητούμενον

197 5547 311 5613 ἔτος
343 5547 553 5617 γίνεται
585 5545 644 5598 τὸ
673 5545 894 5616 νομικὸν
925 5544 1131 5614 Πάσχα.

247 5703 288 5734 ¹’
395 5701 626 5774 πρόσθες
649 5719 722 5755 τε.
