  <div class='ocr_page' id='page_1' title='image "/cluster/home/n/w/nwhite01/storage/ocr_20150623/19/hvd.32044011362951/673.png"; bbox 0 0 3808 6322; ppageno 0'>
   <div class='ocr_carea' id='block_1_1' title="bbox 475 16 1010 30">
    <p class='ocr_par' dir='ltr' id='par_1_1' title="bbox 475 16 1010 30">
     <span class='ocr_line' id='line_1_1' title="bbox 475 16 1010 30; baseline 0 -2"><span class='ocrx_word' id='word_1_1' title='bbox 475 25 610 30; x_wconf 86' lang='lat'><strong>..__.__</strong></span> <span class='ocrx_word' id='word_1_2' title='bbox 631 16 948 30; x_wconf 61' lang='lat'><strong>_—_—_—.;‘.;=&#39;__</strong></span> <span class='ocrx_word' id='word_1_3' title='bbox 977 25 982 27; x_wconf 95' lang='lat'><strong>.</strong></span> <span class='ocrx_word' id='word_1_4' title='bbox 1007 25 1010 28; x_wconf 91' lang='lat'><strong>.</strong></span> 
     </span>
    </p>
   </div>
   <div class='ocr_carea' id='block_1_2' title="bbox 430 335 560 390">
    <p class='ocr_par' dir='ltr' id='par_1_2' title="bbox 430 335 560 390">
     <span class='ocr_line' id='line_1_2' title="bbox 430 335 560 390; baseline 0.023 -3"><span class='ocrx_word' id='word_1_5' title='bbox 430 335 560 390; x_wconf 72' lang='grc'><strong>1331</strong></span> 
     </span>
    </p>
   </div>
   <div class='ocr_carea' id='block_1_3' title="bbox 1423 331 1983 395">
    <p class='ocr_par' dir='ltr' id='par_1_3' title="bbox 1423 332 1983 391">
     <span class='ocr_line' id='line_1_3' title="bbox 1423 332 1983 391; baseline 0.007 -4"><span class='ocrx_word' id='word_1_6' title='bbox 1423 332 1518 388; x_wconf 78' lang='grc' dir='ltr'><strong>ΔΙ)</strong></span> <span class='ocrx_word' id='word_1_7' title='bbox 1559 332 1824 390; x_wconf 69' lang='grc' dir='ltr'>ευδειιιι</span> <span class='ocrx_word' id='word_1_8' title='bbox 1865 334 1983 391; x_wconf 84' lang='lat' dir='ltr'><strong>CHI</strong></span> 
     </span>
    </p>
   </div>
   <div class='ocr_carea' id='block_1_4' title="bbox 2090 331 3636 395">
    <p class='ocr_par' dir='ltr' id='par_1_4' title="bbox 2090 331 3636 395">
     <span class='ocr_line' id='line_1_4' title="bbox 2090 331 3636 395; baseline -0.001 -8"><span class='ocrx_word' id='word_1_9' title='bbox 2090 335 2260 392; x_wconf 79' lang='lat' dir='ltr'><strong>llCON</strong></span> <span class='ocrx_word' id='word_1_10' title='bbox 2297 336 2660 395; x_wconf 76' lang='lat' dir='ltr'><strong>APPENDIX.</strong></span> <span class='ocrx_word' id='word_1_11' title='bbox 3525 331 3636 387; x_wconf 64' lang='grc' dir='ltr'><strong>ηδε</strong></span> 
     </span>
    </p>
   </div>
   <div class='ocr_carea' id='block_1_5' title="bbox 430 447 1983 526">
    <p class='ocr_par' dir='ltr' id='par_1_5' title="bbox 430 451 1983 526">
     <span class='ocr_line' id='line_1_5' title="bbox 430 451 1983 526; baseline -0.001 -16"><span class='ocrx_word' id='word_1_12' title='bbox 430 453 550 524; x_wconf 78' lang='lat' dir='ltr'><strong>Qua</strong></span> <span class='ocrx_word' id='word_1_13' title='bbox 584 457 793 512; x_wconf 74' lang='lat' dir='ltr'><strong>ratione</strong></span> <span class='ocrx_word' id='word_1_14' title='bbox 821 455 954 526; x_wconf 78' lang='lat' dir='ltr'><strong>feria</strong></span> <span class='ocrx_word' id='word_1_15' title='bbox 997 455 1182 526; x_wconf 79' lang='lat' dir='ltr'><strong>legalis</strong></span> <span class='ocrx_word' id='word_1_16' title='bbox 1230 452 1513 507; x_wconf 72' lang='lat' dir='ltr'><strong>Parthum</strong></span> <span class='ocrx_word' id='word_1_17' title='bbox 1558 451 1861 524; x_wconf 73' lang='lat' dir='ltr'><strong>indaganda</strong></span> <span class='ocrx_word' id='word_1_18' title='bbox 1897 453 1983 509; x_wconf 79' lang='lat' dir='ltr'><strong>sit.</strong></span> 
     </span>
    </p>
   </div>
   <div class='ocr_carea' id='block_1_6' title="bbox 2090 447 3640 526">
    <p class='ocr_par' dir='ltr' id='par_1_6' title="bbox 2096 447 3640 526">
     <span class='ocr_line' id='line_1_6' title="bbox 2096 447 3640 526; baseline -0.004 -17"><span class='ocrx_word' id='word_1_19' title='bbox 2096 458 2201 522; x_wconf 73' lang='grc' dir='ltr'><strong>Εἰς</strong></span> <span class='ocrx_word' id='word_1_20' title='bbox 2233 455 2298 508; x_wconf 79' lang='grc' dir='ltr'>τὸ</span> <span class='ocrx_word' id='word_1_21' title='bbox 2341 455 2539 524; x_wconf 81' lang='grc' dir='ltr'>εὑρεῖν</span> <span class='ocrx_word' id='word_1_22' title='bbox 2578 473 2651 510; x_wconf 81' lang='grc' dir='ltr'><strong>σε</strong></span> <span class='ocrx_word' id='word_1_23' title='bbox 2688 454 2760 509; x_wconf 76' lang='grc' dir='ltr'>ἐν</span> <span class='ocrx_word' id='word_1_24' title='bbox 2797 454 2936 526; x_wconf 73' lang='grc' dir='ltr'>ποίᾳ</span> <span class='ocrx_word' id='word_1_25' title='bbox 2969 450 3155 522; x_wconf 72' lang='grc' dir='ltr'><strong>ἡμέρᾳ</strong></span> <span class='ocrx_word' id='word_1_26' title='bbox 3197 450 3278 519; x_wconf 79' lang='grc' dir='ltr'>ἦν</span> <span class='ocrx_word' id='word_1_27' title='bbox 3308 447 3378 502; x_wconf 77' lang='grc' dir='ltr'>τὸ</span> <span class='ocrx_word' id='word_1_28' title='bbox 3423 449 3640 515; x_wconf 72' lang='grc' dir='ltr'>νομικὸν</span> 
     </span>
    </p>
   </div>
   <div class='ocr_carea' id='block_1_7' title="bbox 499 604 1988 676">
    <p class='ocr_par' dir='ltr' id='par_1_7' title="bbox 499 604 1988 676">
     <span class='ocr_line' id='line_1_7' title="bbox 499 604 1988 676; baseline 0.001 -16"><span class='ocrx_word' id='word_1_29' title='bbox 499 604 696 676; x_wconf 83' lang='lat' dir='ltr'><strong>Accipe</strong></span> <span class='ocrx_word' id='word_1_30' title='bbox 725 606 954 661; x_wconf 90' lang='lat' dir='ltr'><strong>solarem</strong></span> <span class='ocrx_word' id='word_1_31' title='bbox 987 605 1220 676; x_wconf 84' lang='lat' dir='ltr'><strong>cyclum,</strong></span> <span class='ocrx_word' id='word_1_32' title='bbox 1253 613 1306 662; x_wconf 89' lang='lat' dir='ltr'><strong>et</strong></span> <span class='ocrx_word' id='word_1_33' title='bbox 1329 605 1642 662; x_wconf 79' lang='lat' dir='ltr'><strong>bissextiles</strong></span> <span class='ocrx_word' id='word_1_34' title='bbox 1664 606 1780 662; x_wconf 85' lang='lat' dir='ltr'><strong>dies</strong></span> <span class='ocrx_word' id='word_1_35' title='bbox 1816 622 1988 662; x_wconf 85' lang='lat' dir='ltr'><strong>anno-</strong></span> 
     </span>
    </p>
   </div>
   <div class='ocr_carea' id='block_1_8' title="bbox 430 697 1986 768">
    <p class='ocr_par' dir='ltr' id='par_1_8' title="bbox 430 697 1986 768">
     <span class='ocr_line' id='line_1_8' title="bbox 430 697 1986 768; baseline 0.003 -20"><span class='ocrx_word' id='word_1_36' title='bbox 430 710 550 748; x_wconf 84' lang='lat' dir='ltr'><strong>rum</strong></span> <span class='ocrx_word' id='word_1_37' title='bbox 603 698 930 767; x_wconf 88' lang='lat' dir='ltr'><strong>elapsorum.</strong></span> <span class='ocrx_word' id='word_1_38' title='bbox 978 698 1127 752; x_wconf 85' lang='lat' dir='ltr'><strong>Adde</strong></span> <span class='ocrx_word' id='word_1_39' title='bbox 1179 697 1296 753; x_wconf 90' lang='lat' dir='ltr'><strong>dies</strong></span> <span class='ocrx_word' id='word_1_40' title='bbox 1334 699 1540 755; x_wconf 89' lang='lat' dir='ltr'><strong>mensis</strong></span> <span class='ocrx_word' id='word_1_41' title='bbox 1586 699 1640 754; x_wconf 93' lang='lat' dir='ltr'><strong>in</strong></span> <span class='ocrx_word' id='word_1_42' title='bbox 1689 715 1849 768; x_wconf 82' lang='lat' dir='ltr'><strong>quem</strong></span> <span class='ocrx_word' id='word_1_43' title='bbox 1880 698 1986 752; x_wconf 84' lang='lat' dir='ltr'><strong>Pa-</strong></span> 
     </span>
    </p>
   </div>
   <div class='ocr_carea' id='block_1_9' title="bbox 431 788 1988 861">
    <p class='ocr_par' dir='ltr' id='par_1_9' title="bbox 431 788 1988 861">
     <span class='ocr_line' id='line_1_9' title="bbox 431 788 1988 861; baseline 0.001 -19"><span class='ocrx_word' id='word_1_44' title='bbox 431 790 561 842; x_wconf 90' lang='lat' dir='ltr'><strong>scha</strong></span> <span class='ocrx_word' id='word_1_45' title='bbox 617 788 786 859; x_wconf 80' lang='lat' dir='ltr'><strong>legale</strong></span> <span class='ocrx_word' id='word_1_46' title='bbox 829 789 1039 856; x_wconf 89' lang='lat' dir='ltr'><strong>incidit,</strong></span> <span class='ocrx_word' id='word_1_47' title='bbox 1079 789 1147 844; x_wconf 88' lang='lat' dir='ltr'><strong>ad</strong></span> <span class='ocrx_word' id='word_1_48' title='bbox 1196 791 1373 860; x_wconf 89' lang='lat' dir='ltr'><strong>ipsum</strong></span> <span class='ocrx_word' id='word_1_49' title='bbox 1433 806 1608 861; x_wconf 82' lang='lat' dir='ltr'><strong>usque</strong></span> <span class='ocrx_word' id='word_1_50' title='bbox 1654 789 1880 846; x_wconf 85' lang='lat' dir='ltr'><strong>Pascha.</strong></span> <span class='ocrx_word' id='word_1_51' title='bbox 1929 788 1988 844; x_wconf 90' lang='lat' dir='ltr'><strong>Sl</strong></span> 
     </span>
    </p>
   </div>
   <div class='ocr_carea' id='block_1_10' title="bbox 432 879 1992 952">
    <p class='ocr_par' dir='ltr' id='par_1_10' title="bbox 432 879 1992 952">
     <span class='ocr_line' id='line_1_10' title="bbox 432 879 1992 952; baseline -0.001 -16"><span class='ocrx_word' id='word_1_52' title='bbox 432 879 623 936; x_wconf 73' lang='lat' dir='ltr'><strong>Martio</strong></span> <span class='ocrx_word' id='word_1_53' title='bbox 668 895 854 936; x_wconf 84' lang='lat' dir='ltr'><strong>mense</strong></span> <span class='ocrx_word' id='word_1_54' title='bbox 905 881 1073 950; x_wconf 79' lang='lat' dir='ltr'><strong>legale</strong></span> <span class='ocrx_word' id='word_1_55' title='bbox 1118 879 1325 937; x_wconf 83' lang='lat' dir='ltr'><strong>Pascha</strong></span> <span class='ocrx_word' id='word_1_56' title='bbox 1374 885 1675 952; x_wconf 87' lang='lat' dir='ltr'><strong>contingat,</strong></span> <span class='ocrx_word' id='word_1_57' title='bbox 1728 881 1794 936; x_wconf 88' lang='lat' dir='ltr'><strong>ad</strong></span> <span class='ocrx_word' id='word_1_58' title='bbox 1839 895 1992 935; x_wconf 81' lang='lat' dir='ltr'><strong>sum-</strong></span> 
     </span>
    </p>
   </div>
   <div class='ocr_carea' id='block_1_11' title="bbox 433 973 1986 1045">
    <p class='ocr_par' dir='ltr' id='par_1_11' title="bbox 433 973 1986 1045">
     <span class='ocr_line' id='line_1_11' title="bbox 433 973 1986 1045; baseline 0.002 -20"><span class='ocrx_word' id='word_1_59' title='bbox 433 988 572 1026; x_wconf 88' lang='lat' dir='ltr'><strong>mam</strong></span> <span class='ocrx_word' id='word_1_60' title='bbox 606 973 779 1042; x_wconf 85' lang='lat' dir='ltr'><strong>adjice</strong></span> <span class='ocrx_word' id='word_1_61' title='bbox 815 974 1087 1038; x_wconf 86' lang='lat' dir='ltr'><strong>undecim,</strong></span> <span class='ocrx_word' id='word_1_62' title='bbox 1121 983 1342 1045; x_wconf 90' lang='lat' dir='ltr'><strong>propter</strong></span> <span class='ocrx_word' id='word_1_63' title='bbox 1388 989 1604 1029; x_wconf 89' lang='lat' dir='ltr'><strong>menses</strong></span> <span class='ocrx_word' id='word_1_64' title='bbox 1635 981 1890 1044; x_wconf 79' lang='lat' dir='ltr'><strong>quatuor,</strong></span> <span class='ocrx_word' id='word_1_65' title='bbox 1915 973 1986 1028; x_wconf 86' lang='lat' dir='ltr'><strong>ab</strong></span> 
     </span>
    </p>
   </div>
   <div class='ocr_carea' id='block_1_12' title="bbox 429 1062 1987 1131">
    <p class='ocr_par' dir='ltr' id='par_1_12' title="bbox 429 1062 1987 1131">
     <span class='ocr_line' id='line_1_12' title="bbox 429 1062 1987 1131; baseline -0.001 -16"><span class='ocrx_word' id='word_1_66' title='bbox 429 1062 648 1117; x_wconf 74' lang='lat' dir='ltr'><strong>Octobri</strong></span> <span class='ocrx_word' id='word_1_67' title='bbox 733 1063 940 1118; x_wconf 88' lang='lat' dir='ltr'><strong>scilicet</strong></span> <span class='ocrx_word' id='word_1_68' title='bbox 1017 1065 1083 1119; x_wconf 85' lang='lat' dir='ltr'><strong>ad</strong></span> <span class='ocrx_word' id='word_1_69' title='bbox 1161 1062 1478 1118; x_wconf 71' lang='lat' dir='ltr'><strong>Ianuarium</strong></span> <span class='ocrx_word' id='word_1_70' title='bbox 1547 1081 1561 1118; x_wconf 90' lang='lat'><strong>:</strong></span> <span class='ocrx_word' id='word_1_71' title='bbox 1624 1063 1696 1116; x_wconf 91' lang='lat' dir='ltr'><strong>ita</strong></span> <span class='ocrx_word' id='word_1_72' title='bbox 1758 1071 1815 1116; x_wconf 89' lang='lat' dir='ltr'><strong>nt</strong></span> <span class='ocrx_word' id='word_1_73' title='bbox 1889 1076 1987 1131; x_wconf 88' lang='lat' dir='ltr'><strong>pro</strong></span> 
     </span>
    </p>
   </div>
   <div class='ocr_carea' id='block_1_13' title="bbox 427 1152 1990 1224">
    <p class='ocr_par' dir='ltr' id='par_1_13' title="bbox 427 1152 1990 1224">
     <span class='ocr_line' id='line_1_13' title="bbox 427 1152 1990 1224; baseline -0.003 -16"><span class='ocrx_word' id='word_1_74' title='bbox 427 1168 493 1208; x_wconf 91' lang='lat' dir='ltr'><strong>eo</strong></span> <span class='ocrx_word' id='word_1_75' title='bbox 531 1169 716 1209; x_wconf 86' lang='lat' dir='ltr'><strong>mense</strong></span> <span class='ocrx_word' id='word_1_76' title='bbox 753 1154 844 1224; x_wconf 85' lang='lat' dir='ltr'><strong>qui</strong></span> <span class='ocrx_word' id='word_1_77' title='bbox 899 1170 1004 1208; x_wconf 78' lang='lat' dir='ltr'><strong>xxx</strong></span> <span class='ocrx_word' id='word_1_78' title='bbox 1043 1154 1161 1209; x_wconf 88' lang='lat' dir='ltr'><strong>dies</strong></span> <span class='ocrx_word' id='word_1_79' title='bbox 1208 1154 1387 1209; x_wconf 77' lang='lat' dir='ltr'><strong>habet.</strong></span> <span class='ocrx_word' id='word_1_80' title='bbox 1439 1152 1547 1207; x_wconf 91' lang='lat' dir='ltr'><strong>duo</strong></span> <span class='ocrx_word' id='word_1_81' title='bbox 1593 1152 1777 1222; x_wconf 87' lang='lat' dir='ltr'><strong>capias</strong></span> <span class='ocrx_word' id='word_1_82' title='bbox 1822 1165 1836 1202; x_wconf 89' lang='lat'><strong>:</strong></span> <span class='ocrx_word' id='word_1_83' title='bbox 1891 1165 1990 1219; x_wconf 91' lang='lat' dir='ltr'><strong>pro</strong></span> 
     </span>
    </p>
   </div>
   <div class='ocr_carea' id='block_1_14' title="bbox 427 1241 1988 1314">
    <p class='ocr_par' dir='ltr' id='par_1_14' title="bbox 427 1241 1988 1314">
     <span class='ocr_line' id='line_1_14' title="bbox 427 1241 1988 1314; baseline -0.004 -13"><span class='ocrx_word' id='word_1_84' title='bbox 427 1260 492 1301; x_wconf 86' lang='lat' dir='ltr'><strong>co</strong></span> <span class='ocrx_word' id='word_1_85' title='bbox 545 1259 694 1308; x_wconf 82' lang='lat' dir='ltr'><strong>vero,</strong></span> <span class='ocrx_word' id='word_1_86' title='bbox 737 1243 830 1314; x_wconf 90' lang='lat' dir='ltr'><strong>qui</strong></span> <span class='ocrx_word' id='word_1_87' title='bbox 882 1259 1007 1299; x_wconf 70' lang='lat' dir='ltr'><strong>xxx:</strong></span> <span class='ocrx_word' id='word_1_88' title='bbox 1064 1252 1310 1307; x_wconf 87' lang='lat' dir='ltr'><strong>constat,</strong></span> <span class='ocrx_word' id='word_1_89' title='bbox 1349 1243 1490 1305; x_wconf 46' lang='lat' dir='ltr'><strong>.tria.</strong></span> <span class='ocrx_word' id='word_1_90' title='bbox 1531 1242 1686 1309; x_wconf 86' lang='lat' dir='ltr'><strong>Quod</strong></span> <span class='ocrx_word' id='word_1_91' title='bbox 1734 1241 1778 1298; x_wconf 89' lang='lat' dir='ltr'><strong>si</strong></span> <span class='ocrx_word' id='word_1_92' title='bbox 1829 1241 1988 1311; x_wconf 80' lang='lat' dir='ltr'><strong>Apri-</strong></span> 
     </span>
    </p>
   </div>
   <div class='ocr_carea' id='block_1_15' title="bbox 426 1333 1990 1406">
    <p class='ocr_par' dir='ltr' id='par_1_15' title="bbox 426 1333 1990 1406">
     <span class='ocr_line' id='line_1_15' title="bbox 426 1333 1990 1406; baseline 0 -18"><span class='ocrx_word' id='word_1_93' title='bbox 426 1335 530 1388; x_wconf 92' lang='lat' dir='ltr'><strong>lem</strong></span> <span class='ocrx_word' id='word_1_94' title='bbox 595 1335 648 1389; x_wconf 88' lang='lat' dir='ltr'><strong>in</strong></span> <span class='ocrx_word' id='word_1_95' title='bbox 716 1351 956 1390; x_wconf 85' lang='lat' dir='ltr'><strong>mensem</strong></span> <span class='ocrx_word' id='word_1_96' title='bbox 1011 1335 1179 1406; x_wconf 85' lang='lat' dir='ltr'><strong>legale</strong></span> <span class='ocrx_word' id='word_1_97' title='bbox 1242 1333 1448 1389; x_wconf 83' lang='lat' dir='ltr'><strong>Pascha</strong></span> <span class='ocrx_word' id='word_1_98' title='bbox 1497 1342 1785 1404; x_wconf 88' lang='lat' dir='ltr'><strong>competat,</strong></span> <span class='ocrx_word' id='word_1_99' title='bbox 1850 1333 1990 1390; x_wconf 82' lang='lat' dir='ltr'><strong>adde</strong></span> 
     </span>
    </p>
   </div>
   <div class='ocr_carea' id='block_1_16' title="bbox 427 1423 1989 1495">
    <p class='ocr_par' dir='ltr' id='par_1_16' title="bbox 427 1423 1989 1495">
     <span class='ocr_line' id='line_1_16' title="bbox 427 1423 1989 1495; baseline 0.001 -18"><span class='ocrx_word' id='word_1_100' title='bbox 427 1432 649 1495; x_wconf 80' lang='lat' dir='ltr'><strong>propter</strong></span> <span class='ocrx_word' id='word_1_101' title='bbox 705 1423 955 1479; x_wconf 79' lang='lat' dir='ltr'><strong>Martium</strong></span> <span class='ocrx_word' id='word_1_102' title='bbox 1004 1426 1128 1480; x_wconf 91' lang='lat' dir='ltr'><strong>tria.</strong></span> <span class='ocrx_word' id='word_1_103' title='bbox 1188 1424 1525 1495; x_wconf 84' lang='lat' dir='ltr'><strong>Colligentur</strong></span> <span class='ocrx_word' id='word_1_104' title='bbox 1595 1440 1706 1479; x_wconf 76' lang='lat' dir='ltr'><strong>xw.</strong></span> <span class='ocrx_word' id='word_1_105' title='bbox 1779 1423 1989 1489; x_wconf 86' lang='lat' dir='ltr'><strong>Quibus</strong></span> 
     </span>
    </p>
   </div>
   <div class='ocr_carea' id='block_1_17' title="bbox 427 1515 1990 1584">
    <p class='ocr_par' dir='ltr' id='par_1_17' title="bbox 427 1515 1990 1584">
     <span class='ocr_line' id='line_1_17' title="bbox 427 1515 1990 1584; baseline 0 -15"><span class='ocrx_word' id='word_1_106' title='bbox 427 1516 681 1572; x_wconf 89' lang='lat' dir='ltr'><strong>omnibus</strong></span> <span class='ocrx_word' id='word_1_107' title='bbox 721 1516 776 1571; x_wconf 90' lang='lat' dir='ltr'><strong>in</strong></span> <span class='ocrx_word' id='word_1_108' title='bbox 822 1531 986 1571; x_wconf 90' lang='lat' dir='ltr'><strong>unam</strong></span> <span class='ocrx_word' id='word_1_109' title='bbox 1032 1531 1298 1572; x_wconf 86' lang='lat' dir='ltr'><strong>summam</strong></span> <span class='ocrx_word' id='word_1_110' title='bbox 1337 1515 1596 1575; x_wconf 81' lang='lat' dir='ltr'><strong>redactis.</strong></span> <span class='ocrx_word' id='word_1_111' title='bbox 1633 1530 1751 1570; x_wconf 90' lang='lat' dir='ltr'><strong>eam</strong></span> <span class='ocrx_word' id='word_1_112' title='bbox 1787 1515 1990 1584; x_wconf 87' lang='lat' dir='ltr'><strong>partire</strong></span> 
     </span>
    </p>
   </div>
   <div class='ocr_carea' id='block_1_18' title="bbox 427 1605 1989 1678">
    <p class='ocr_par' dir='ltr' id='par_1_18' title="bbox 427 1605 1989 1678">
     <span class='ocr_line' id='line_1_18' title="bbox 427 1605 1989 1678; baseline -0.001 -18"><span class='ocrx_word' id='word_1_113' title='bbox 427 1621 526 1677; x_wconf 86' lang='lat' dir='ltr'><strong>por</strong></span> <span class='ocrx_word' id='word_1_114' title='bbox 584 1614 786 1678; x_wconf 78' lang='lat' dir='ltr'><strong>septem</strong></span> <span class='ocrx_word' id='word_1_115' title='bbox 825 1625 840 1674; x_wconf 89' lang='lat'><strong>;</strong></span> <span class='ocrx_word' id='word_1_116' title='bbox 892 1607 1171 1662; x_wconf 88' lang='lat' dir='ltr'><strong>residuum</strong></span> <span class='ocrx_word' id='word_1_117' title='bbox 1213 1608 1362 1663; x_wconf 88' lang='lat' dir='ltr'><strong>dabit</strong></span> <span class='ocrx_word' id='word_1_118' title='bbox 1419 1607 1608 1662; x_wconf 71' lang='lat' dir='ltr'><strong>teriam</strong></span> <span class='ocrx_word' id='word_1_119' title='bbox 1657 1606 1845 1677; x_wconf 75' lang='lat' dir='ltr'><strong>legalis</strong></span> <span class='ocrx_word' id='word_1_120' title='bbox 1886 1605 1989 1660; x_wconf 88' lang='lat' dir='ltr'><strong>Pa-</strong></span> 
     </span>
    </p>
   </div>
   <div class='ocr_carea' id='block_1_19' title="bbox 427 1695 1990 1770">
    <p class='ocr_par' dir='ltr' id='par_1_19' title="bbox 427 1695 1990 1770">
     <span class='ocr_line' id='line_1_19' title="bbox 427 1695 1990 1770; baseline -0.001 -16"><span class='ocrx_word' id='word_1_121' title='bbox 427 1699 652 1754; x_wconf 85' lang='lat' dir='ltr'><strong>schalis.</strong></span> <span class='ocrx_word' id='word_1_122' title='bbox 710 1699 825 1766; x_wconf 81' lang='lat' dir='ltr'><strong>Qua</strong></span> <span class='ocrx_word' id='word_1_123' title='bbox 885 1710 1094 1770; x_wconf 84' lang='lat' dir='ltr'><strong>reperta</strong></span> <span class='ocrx_word' id='word_1_124' title='bbox 1144 1699 1470 1770; x_wconf 83' lang='lat' dir='ltr'><strong>progredere</strong></span> <span class='ocrx_word' id='word_1_125' title='bbox 1539 1714 1714 1767; x_wconf 86' lang='lat' dir='ltr'><strong>usque</strong></span> <span class='ocrx_word' id='word_1_126' title='bbox 1769 1696 1834 1751; x_wconf 89' lang='lat' dir='ltr'><strong>ad</strong></span> <span class='ocrx_word' id='word_1_127' title='bbox 1896 1695 1990 1752; x_wconf 84' lang='lat' dir='ltr'><strong>Do-</strong></span> 
     </span>
    </p>
   </div>
   <div class='ocr_carea' id='block_1_20' title="bbox 2762 523 2995 592">
    <p class='ocr_par' dir='ltr' id='par_1_20' title="bbox 2762 523 2995 592">
     <span class='ocr_line' id='line_1_20' title="bbox 2762 523 2995 592; baseline -0.013 -14"><span class='ocrx_word' id='word_1_128' title='bbox 2762 523 2995 592; x_wconf 85' lang='grc' dir='ltr'><strong>Πάσχα.</strong></span> 
     </span>
    </p>
   </div>
   <div class='ocr_carea' id='block_1_21' title="bbox 2166 610 3639 690">
    <p class='ocr_par' dir='ltr' id='par_1_21' title="bbox 2166 610 3639 690">
     <span class='ocr_line' id='line_1_21' title="bbox 2166 610 3639 690; baseline -0.005 -19"><span class='ocrx_word' id='word_1_129' title='bbox 2166 617 2458 690; x_wconf 81' lang='grc' dir='ltr'>Κράτησον</span> <span class='ocrx_word' id='word_1_130' title='bbox 2485 617 2578 670; x_wconf 73' lang='grc' dir='ltr'><strong>τόν</strong></span> <span class='ocrx_word' id='word_1_131' title='bbox 2611 616 2806 671; x_wconf 77' lang='grc' dir='ltr'><strong>κύκλον</strong></span> <span class='ocrx_word' id='word_1_132' title='bbox 2841 615 2936 670; x_wconf 83' lang='grc' dir='ltr'>τοῦ</span> <span class='ocrx_word' id='word_1_133' title='bbox 2965 615 3137 686; x_wconf 76' lang='grc' dir='ltr'>ἡλίου,</span> <span class='ocrx_word' id='word_1_134' title='bbox 3201 615 3296 668; x_wconf 69' lang='grc' dir='ltr'>καὶ</span> <span class='ocrx_word' id='word_1_135' title='bbox 3327 613 3395 668; x_wconf 85' lang='grc' dir='ltr'>τὰ</span> <span class='ocrx_word' id='word_1_136' title='bbox 3431 610 3639 684; x_wconf 78' lang='grc' dir='ltr'>βίσεξτα,</span> 
     </span>
    </p>
   </div>
   <div class='ocr_carea' id='block_1_22' title="bbox 2095 702 3640 781">
    <p class='ocr_par' dir='ltr' id='par_1_22' title="bbox 2095 702 3640 781">
     <span class='ocr_line' id='line_1_22' title="bbox 2095 702 3640 781; baseline -0.005 -17"><span class='ocrx_word' id='word_1_137' title='bbox 2095 712 2268 764; x_wconf 83' lang='grc' dir='ltr'>όπόσα</span> <span class='ocrx_word' id='word_1_138' title='bbox 2301 711 2428 765; x_wconf 80' lang='grc' dir='ltr'>εἰσί.</span> <span class='ocrx_word' id='word_1_139' title='bbox 2470 709 2715 781; x_wconf 80' lang='grc' dir='ltr'><strong>Πρόσθες</strong></span> <span class='ocrx_word' id='word_1_140' title='bbox 2747 708 2802 762; x_wconf 83' lang='grc' dir='ltr'><strong>δὲ</strong></span> <span class='ocrx_word' id='word_1_141' title='bbox 2829 709 2921 762; x_wconf 78' lang='grc' dir='ltr'>καὶ</span> <span class='ocrx_word' id='word_1_142' title='bbox 2949 707 3046 770; x_wconf 78' lang='grc' dir='ltr'>τὰς</span> <span class='ocrx_word' id='word_1_143' title='bbox 3084 707 3296 778; x_wconf 62' lang='grc' dir='ltr'><strong>⁴ἡμέρας</strong></span> <span class='ocrx_word' id='word_1_144' title='bbox 3320 704 3412 758; x_wconf 78' lang='grc' dir='ltr'><strong>τού</strong></span> <span class='ocrx_word' id='word_1_145' title='bbox 3443 702 3640 775; x_wconf 70' lang='grc' dir='ltr'>νομικοῦ</span> 
     </span>
    </p>
   </div>
   <div class='ocr_carea' id='block_1_23' title="bbox 2091 793 3642 871">
    <p class='ocr_par' dir='ltr' id='par_1_23' title="bbox 2091 793 3642 871">
     <span class='ocr_line' id='line_1_23' title="bbox 2091 793 3642 871; baseline -0.005 -15"><span class='ocrx_word' id='word_1_146' title='bbox 2091 800 2304 871; x_wconf 82' lang='grc' dir='ltr'><strong>Πάσχα,</strong></span> <span class='ocrx_word' id='word_1_147' title='bbox 2339 801 2452 853; x_wconf 79' lang='grc' dir='ltr'>οἵου</span> <span class='ocrx_word' id='word_1_148' title='bbox 2495 800 2660 870; x_wconf 79' lang='grc' dir='ltr'>μηνὸς</span> <span class='ocrx_word' id='word_1_149' title='bbox 2696 793 2785 869; x_wconf 78' lang='grc' dir='ltr'><strong>ἦν,</strong></span> <span class='ocrx_word' id='word_1_150' title='bbox 2822 799 2914 856; x_wconf 72' lang='grc' dir='ltr'>καὶ</span> <span class='ocrx_word' id='word_1_151' title='bbox 2944 798 3136 851; x_wconf 82' lang='grc' dir='ltr'><strong>ὁπόσαι</strong></span> <span class='ocrx_word' id='word_1_152' title='bbox 3174 798 3300 849; x_wconf 87' lang='grc' dir='ltr'>είσί.</span> <span class='ocrx_word' id='word_1_153' title='bbox 3333 796 3443 849; x_wconf 75' lang='grc' dir='ltr'><strong>Καὶ</strong></span> <span class='ocrx_word' id='word_1_154' title='bbox 3477 797 3523 847; x_wconf 84' lang='grc' dir='ltr'><strong>εί</strong></span> <span class='ocrx_word' id='word_1_155' title='bbox 3560 796 3642 864; x_wconf 69' lang='grc' dir='ltr'><strong>μὲν</strong></span> 
     </span>
    </p>
   </div>
   <div class='ocr_carea' id='block_1_24' title="bbox 2092 887 3642 963">
    <p class='ocr_par' dir='ltr' id='par_1_24' title="bbox 2092 887 3642 963">
     <span class='ocr_line' id='line_1_24' title="bbox 2092 887 3642 963; baseline -0.005 -17"><span class='ocrx_word' id='word_1_156' title='bbox 2092 893 2206 946; x_wconf 78' lang='grc' dir='ltr'>ἐστι</span> <span class='ocrx_word' id='word_1_157' title='bbox 2238 893 2298 946; x_wconf 86' lang='grc' dir='ltr'><strong>τὺ</strong></span> <span class='ocrx_word' id='word_1_158' title='bbox 2329 892 2550 963; x_wconf 81' lang='grc' dir='ltr'>νομικὸν</span> <span class='ocrx_word' id='word_1_159' title='bbox 2573 891 2762 961; x_wconf 87' lang='grc' dir='ltr'>Πάσχα</span> <span class='ocrx_word' id='word_1_160' title='bbox 2794 891 2874 958; x_wconf 85' lang='grc' dir='ltr'><strong>είς</strong></span> <span class='ocrx_word' id='word_1_161' title='bbox 2896 889 2986 943; x_wconf 82' lang='grc' dir='ltr'><strong>τὸν</strong></span> <span class='ocrx_word' id='word_1_162' title='bbox 3025 890 3266 961; x_wconf 83' lang='grc' dir='ltr'><strong>Μάρτιον</strong></span> <span class='ocrx_word' id='word_1_163' title='bbox 3296 887 3462 959; x_wconf 83' lang='grc' dir='ltr'>μῆνα,</span> <span class='ocrx_word' id='word_1_164' title='bbox 3497 888 3642 958; x_wconf 84' lang='grc' dir='ltr'>πρόσ-</span> 
     </span>
    </p>
   </div>
   <div class='ocr_carea' id='block_1_25' title="bbox 2093 977 3640 1056">
    <p class='ocr_par' dir='ltr' id='par_1_25' title="bbox 2093 977 3640 1056">
     <span class='ocr_line' id='line_1_25' title="bbox 2093 977 3640 1056; baseline -0.006 -16"><span class='ocrx_word' id='word_1_165' title='bbox 2093 985 2185 1050; x_wconf 87' lang='grc' dir='ltr'><strong>θες</strong></span> <span class='ocrx_word' id='word_1_166' title='bbox 2209 986 2302 1040; x_wconf 79' lang='grc' dir='ltr'><strong>καὶ</strong></span> <span class='ocrx_word' id='word_1_167' title='bbox 2350 992 2428 1039; x_wconf 83' lang='grc' dir='ltr'>ια’.</span> <span class='ocrx_word' id='word_1_168' title='bbox 2446 985 2584 1056; x_wconf 76' lang='grc' dir='ltr'>ὑπὲρ</span> <span class='ocrx_word' id='word_1_169' title='bbox 2613 984 2719 1038; x_wconf 82' lang='grc' dir='ltr'><strong>τῶν</strong></span> <span class='ocrx_word' id='word_1_170' title='bbox 2755 983 2972 1054; x_wconf 79' lang='grc' dir='ltr'>μηνῶνο</span> <span class='ocrx_word' id='word_1_171' title='bbox 3012 981 3207 1044; x_wconf 75' lang='grc' dir='ltr'>οἵτινές</span> <span class='ocrx_word' id='word_1_172' title='bbox 3239 982 3378 1033; x_wconf 76' lang='grc' dir='ltr'>εἰσιν</span> <span class='ocrx_word' id='word_1_173' title='bbox 3420 977 3525 1032; x_wconf 78' lang='grc' dir='ltr'><strong>ἀπὸ</strong></span> <span class='ocrx_word' id='word_1_174' title='bbox 3563 977 3640 1031; x_wconf 76' lang='grc' dir='ltr'>τοῦ</span> 
     </span>
    </p>
   </div>
   <div class='ocr_carea' id='block_1_26' title="bbox 2104 1070 3638 1151">
    <p class='ocr_par' dir='ltr' id='par_1_26' title="bbox 2104 1070 3638 1151">
     <span class='ocr_line' id='line_1_26' title="bbox 2104 1070 3638 1151; baseline -0.008 -17"><span class='ocrx_word' id='word_1_175' title='bbox 2104 1079 2475 1151; x_wconf 83' lang='grc' dir='ltr'>Ὀκτωμϐρίου</span> <span class='ocrx_word' id='word_1_176' title='bbox 2508 1077 2675 1149; x_wconf 78' lang='grc' dir='ltr'>μηνὸς</span> <span class='ocrx_word' id='word_1_177' title='bbox 2702 1077 2826 1146; x_wconf 75' lang='grc' dir='ltr'>ἄχρι</span> <span class='ocrx_word' id='word_1_178' title='bbox 2863 1074 2956 1128; x_wconf 74' lang='grc' dir='ltr'><strong>τοῦ</strong></span> <span class='ocrx_word' id='word_1_179' title='bbox 2991 1073 3318 1144; x_wconf 81' lang='grc' dir='ltr'>Ἰανουαρίου</span> <span class='ocrx_word' id='word_1_180' title='bbox 3350 1073 3446 1126; x_wconf 64' lang='grc' dir='ltr'><strong>καὶ⁵</strong></span> <span class='ocrx_word' id='word_1_181' title='bbox 3467 1070 3638 1124; x_wconf 74' lang='grc' dir='ltr'>αὑτοῦ·</span> 
     </span>
    </p>
   </div>
   <div class='ocr_carea' id='block_1_27' title="bbox 2090 1160 3644 1238">
    <p class='ocr_par' dir='ltr' id='par_1_27' title="bbox 2090 1160 3644 1238">
     <span class='ocr_line' id='line_1_27' title="bbox 2090 1160 3644 1238; baseline -0.005 -18"><span class='ocrx_word' id='word_1_182' title='bbox 2090 1167 2197 1220; x_wconf 82' lang='grc' dir='ltr'><strong>ἀπὸ</strong></span> <span class='ocrx_word' id='word_1_183' title='bbox 2227 1168 2324 1238; x_wconf 82' lang='grc' dir='ltr'><strong>μὲν</strong></span> <span class='ocrx_word' id='word_1_184' title='bbox 2359 1167 2452 1220; x_wconf 75' lang='grc' dir='ltr'>τοῦ</span> <span class='ocrx_word' id='word_1_185' title='bbox 2491 1166 2656 1236; x_wconf 78' lang='grc' dir='ltr'>μηνὸς</span> <span class='ocrx_word' id='word_1_186' title='bbox 2690 1163 2784 1218; x_wconf 83' lang='grc' dir='ltr'>τοῦ</span> <span class='ocrx_word' id='word_1_187' title='bbox 2826 1163 3037 1233; x_wconf 73' lang='grc' dir='ltr'>ἔχοντος</span> <span class='ocrx_word' id='word_1_188' title='bbox 3066 1162 3278 1233; x_wconf 66' lang='grc' dir='ltr'>ἡμέρας</span> <span class='ocrx_word' id='word_1_189' title='bbox 3298 1160 3342 1213; x_wconf 86' lang='grc' dir='ltr'>λ’</span> <span class='ocrx_word' id='word_1_190' title='bbox 3370 1160 3644 1230; x_wconf 86' lang='grc' dir='ltr'>λαμϐάνεις</span> 
     </span>
    </p>
   </div>
   <div class='ocr_carea' id='block_1_28' title="bbox 2091 1250 3642 1329">
    <p class='ocr_par' dir='ltr' id='par_1_28' title="bbox 2091 1250 3642 1329">
     <span class='ocr_line' id='line_1_28' title="bbox 2091 1250 3642 1329; baseline -0.008 -14"><span class='ocrx_word' id='word_1_191' title='bbox 2091 1257 2300 1329; x_wconf 77' lang='grc' dir='ltr'>ἡμέρας</span> <span class='ocrx_word' id='word_1_192' title='bbox 2332 1256 2424 1310; x_wconf 81' lang='grc' dir='ltr'><strong>δύο</strong></span> <span class='ocrx_word' id='word_1_193' title='bbox 2443 1273 2457 1287; x_wconf 94' lang='grc'><strong>·</strong></span> <span class='ocrx_word' id='word_1_194' title='bbox 2507 1255 2615 1311; x_wconf 83' lang='grc' dir='ltr'>άπὸ</span> <span class='ocrx_word' id='word_1_195' title='bbox 2639 1255 2694 1308; x_wconf 76' lang='grc' dir='ltr'><strong>δὲ</strong></span> <span class='ocrx_word' id='word_1_196' title='bbox 2731 1253 2824 1307; x_wconf 79' lang='grc' dir='ltr'>τοῦ</span> <span class='ocrx_word' id='word_1_197' title='bbox 2851 1253 3063 1324; x_wconf 78' lang='grc' dir='ltr'>ἔχοντος</span> <span class='ocrx_word' id='word_1_198' title='bbox 3092 1253 3171 1305; x_wconf 85' lang='grc' dir='ltr'>λα’</span> <span class='ocrx_word' id='word_1_199' title='bbox 3201 1252 3414 1325; x_wconf 70' lang='grc' dir='ltr'>ἡμέρας</span> <span class='ocrx_word' id='word_1_200' title='bbox 3449 1250 3642 1320; x_wconf 83' lang='grc' dir='ltr'>λαμϐά-</span> 
     </span>
    </p>
   </div>
   <div class='ocr_carea' id='block_1_29' title="bbox 2089 1340 3643 1416">
    <p class='ocr_par' dir='ltr' id='par_1_29' title="bbox 2089 1340 3643 1416">
     <span class='ocr_line' id='line_1_29' title="bbox 2089 1340 3643 1416; baseline -0.005 -15"><span class='ocrx_word' id='word_1_201' title='bbox 2089 1365 2200 1412; x_wconf 83' lang='grc' dir='ltr'>νεις</span> <span class='ocrx_word' id='word_1_202' title='bbox 2233 1353 2280 1416; x_wconf 86' lang='grc' dir='ltr'><strong>γ’</strong></span> <span class='ocrx_word' id='word_1_203' title='bbox 2306 1363 2319 1377; x_wconf 84' lang='lat'><strong><em>°</em></strong></span> <span class='ocrx_word' id='word_1_204' title='bbox 2373 1350 2421 1401; x_wconf 88' lang='grc' dir='ltr'><strong>εί</strong></span> <span class='ocrx_word' id='word_1_205' title='bbox 2464 1347 2507 1398; x_wconf 75' lang='grc' dir='ltr'><strong>δ’</strong></span> <span class='ocrx_word' id='word_1_206' title='bbox 2556 1347 2704 1399; x_wconf 72' lang='grc' dir='ltr'>ἐστὶν</span> <span class='ocrx_word' id='word_1_207' title='bbox 2750 1346 2828 1407; x_wconf 86' lang='grc' dir='ltr'><strong>είς</strong></span> <span class='ocrx_word' id='word_1_208' title='bbox 2875 1344 2967 1396; x_wconf 77' lang='grc' dir='ltr'><strong>τὸν</strong></span> <span class='ocrx_word' id='word_1_209' title='bbox 3018 1343 3292 1414; x_wconf 78' lang='grc' dir='ltr'>’Δπρίλιον</span> <span class='ocrx_word' id='word_1_210' title='bbox 3341 1343 3402 1396; x_wconf 81' lang='grc' dir='ltr'>τὸ</span> <span class='ocrx_word' id='word_1_211' title='bbox 3446 1340 3643 1412; x_wconf 67' lang='grc' dir='ltr'>νομικὸν</span> 
     </span>
    </p>
   </div>
   <div class='ocr_carea' id='block_1_30' title="bbox 2091 1437 3641 1512">
    <p class='ocr_par' dir='ltr' id='par_1_30' title="bbox 2091 1437 3641 1512">
     <span class='ocr_line' id='line_1_30' title="bbox 2091 1437 3641 1512; baseline -0.003 -19"><span class='ocrx_word' id='word_1_212' title='bbox 2091 1441 2305 1511; x_wconf 87' lang='grc' dir='ltr'>Πάσχα,</span> <span class='ocrx_word' id='word_1_213' title='bbox 2353 1439 2588 1510; x_wconf 81' lang='grc' dir='ltr'><strong>πρόσθες</strong></span> <span class='ocrx_word' id='word_1_214' title='bbox 2627 1439 2721 1494; x_wconf 75' lang='grc' dir='ltr'>καὶ</span> <span class='ocrx_word' id='word_1_215' title='bbox 2763 1439 2903 1512; x_wconf 82' lang='grc' dir='ltr'>ὑπὲρ</span> <span class='ocrx_word' id='word_1_216' title='bbox 2935 1437 3027 1492; x_wconf 80' lang='grc' dir='ltr'><strong>τοῦ</strong></span> <span class='ocrx_word' id='word_1_217' title='bbox 3069 1437 3314 1508; x_wconf 76' lang='grc' dir='ltr'><strong>Μαρτίου</strong></span> <span class='ocrx_word' id='word_1_218' title='bbox 3346 1437 3549 1507; x_wconf 70' lang='grc' dir='ltr'>ἡμέρας</span> <span class='ocrx_word' id='word_1_219' title='bbox 3582 1441 3641 1502; x_wconf 76' lang='grc' dir='ltr'><strong>γ’.</strong></span> 
     </span>
    </p>
   </div>
   <div class='ocr_carea' id='block_1_31' title="bbox 2090 1527 3643 1599">
    <p class='ocr_par' dir='ltr' id='par_1_31' title="bbox 2090 1527 3643 1599">
     <span class='ocr_line' id='line_1_31' title="bbox 2090 1527 3643 1599; baseline -0.004 -15"><span class='ocrx_word' id='word_1_220' title='bbox 2090 1531 2200 1588; x_wconf 69' lang='grc' dir='ltr'><strong>Καὶ</strong></span> <span class='ocrx_word' id='word_1_221' title='bbox 2235 1532 2343 1585; x_wconf 74' lang='grc' dir='ltr'>ίδου</span> <span class='ocrx_word' id='word_1_222' title='bbox 2371 1531 2608 1599; x_wconf 83' lang='grc' dir='ltr'>γίνονται</span> <span class='ocrx_word' id='word_1_223' title='bbox 2642 1529 2719 1584; x_wconf 82' lang='grc' dir='ltr'>ιδ’.</span> <span class='ocrx_word' id='word_1_224' title='bbox 2740 1531 2848 1582; x_wconf 75' lang='grc' dir='ltr'><strong>Καὶ</strong></span> <span class='ocrx_word' id='word_1_225' title='bbox 2874 1531 3044 1592; x_wconf 74' lang='grc' dir='ltr'>οὕτως</span> <span class='ocrx_word' id='word_1_226' title='bbox 3067 1527 3275 1591; x_wconf 82' lang='grc' dir='ltr'>ὲνώσας</span> <span class='ocrx_word' id='word_1_227' title='bbox 3304 1529 3499 1589; x_wconf 86' lang='grc' dir='ltr'>πάντα,</span> <span class='ocrx_word' id='word_1_228' title='bbox 3528 1527 3643 1579; x_wconf 77' lang='grc' dir='ltr'>ἀνά·</span> 
     </span>
    </p>
   </div>
   <div class='ocr_carea' id='block_1_32' title="bbox 2091 1617 3646 1686">
    <p class='ocr_par' dir='ltr' id='par_1_32' title="bbox 2091 1617 3646 1686">
     <span class='ocr_line' id='line_1_32' title="bbox 2091 1617 3646 1686; baseline -0.003 -11"><span class='ocrx_word' id='word_1_229' title='bbox 2091 1623 2248 1676; x_wconf 85' lang='grc' dir='ltr'>λυσον</span> <span class='ocrx_word' id='word_1_230' title='bbox 2286 1622 2376 1677; x_wconf 74' lang='grc' dir='ltr'><strong>διὰ</strong></span> <span class='ocrx_word' id='word_1_231' title='bbox 2427 1621 2536 1676; x_wconf 83' lang='grc' dir='ltr'><strong>τῶν</strong></span> <span class='ocrx_word' id='word_1_232' title='bbox 2568 1620 2643 1686; x_wconf 65' lang='grc' dir='ltr'><strong>ζ’·</strong></span> <span class='ocrx_word' id='word_1_233' title='bbox 2677 1623 2770 1675; x_wconf 77' lang='grc' dir='ltr'>καὶ</span> <span class='ocrx_word' id='word_1_234' title='bbox 2819 1623 2919 1676; x_wconf 78' lang='grc' dir='ltr'>ὅσα</span> <span class='ocrx_word' id='word_1_235' title='bbox 2950 1620 3194 1677; x_wconf 79' lang='grc' dir='ltr'><strong>κάτωθεν</strong></span> <span class='ocrx_word' id='word_1_236' title='bbox 3221 1619 3331 1673; x_wconf 85' lang='grc' dir='ltr'><strong>τῶν</strong></span> <span class='ocrx_word' id='word_1_237' title='bbox 3361 1617 3405 1684; x_wconf 77' lang='grc' dir='ltr'><strong>ζ’</strong></span> <span class='ocrx_word' id='word_1_238' title='bbox 3458 1619 3646 1674; x_wconf 67' lang='grc' dir='ltr'>ὲναπου</span> 
     </span>
    </p>
   </div>
   <div class='ocr_carea' id='block_1_33' title="bbox 2094 1710 3641 1786">
    <p class='ocr_par' dir='ltr' id='par_1_33' title="bbox 2094 1710 3641 1786">
     <span class='ocr_line' id='line_1_33' title="bbox 2094 1710 3641 1786; baseline -0.001 -20"><span class='ocrx_word' id='word_1_239' title='bbox 2094 1714 2358 1785; x_wconf 85' lang='grc' dir='ltr'>μείνουσι.</span> <span class='ocrx_word' id='word_1_240' title='bbox 2402 1713 2622 1786; x_wconf 78' lang='grc' dir='ltr'>δηλοῦσι</span> <span class='ocrx_word' id='word_1_241' title='bbox 2659 1714 2760 1785; x_wconf 76' lang='grc' dir='ltr'>τὴν</span> <span class='ocrx_word' id='word_1_242' title='bbox 2800 1715 3012 1785; x_wconf 74' lang='grc' dir='ltr'>ἡμέραν</span> <span class='ocrx_word' id='word_1_243' title='bbox 3058 1711 3151 1766; x_wconf 72' lang='grc' dir='ltr'>τοῦ</span> <span class='ocrx_word' id='word_1_244' title='bbox 3181 1711 3409 1782; x_wconf 80' lang='grc' dir='ltr'>νομικοῦ</span> <span class='ocrx_word' id='word_1_245' title='bbox 3451 1710 3641 1780; x_wconf 80' lang='grc' dir='ltr'><strong>Πάσχα.</strong></span> 
     </span>
    </p>
   </div>
   <div class='ocr_carea' id='block_1_34' title="bbox 425 1787 1983 1879">
    <p class='ocr_par' dir='ltr' id='par_1_34' title="bbox 425 1787 1983 1861">
     <span class='ocr_line' id='line_1_34' title="bbox 425 1787 1983 1861; baseline 0 -17"><span class='ocrx_word' id='word_1_246' title='bbox 425 1790 721 1856; x_wconf 86' lang='lat' dir='ltr'><strong>minicam,</strong></span> <span class='ocrx_word' id='word_1_247' title='bbox 783 1790 1240 1861; x_wconf 85' lang='lat' dir='ltr'><strong>quemadmodum</strong></span> <span class='ocrx_word' id='word_1_248' title='bbox 1301 1789 1564 1846; x_wconf 86' lang='lat' dir='ltr'><strong>didicisti.</strong></span> <span class='ocrx_word' id='word_1_249' title='bbox 1635 1787 1712 1848; x_wconf 83' lang='lat' dir='ltr'><strong>lta</strong></span> <span class='ocrx_word' id='word_1_250' title='bbox 1779 1787 1983 1844; x_wconf 84' lang='lat' dir='ltr'><strong>Pascha</strong></span> 
     </span>
    </p>
   </div>
   <div class='ocr_carea' id='block_1_35' title="bbox 2090 1787 3641 1879">
    <p class='ocr_par' dir='ltr' id='par_1_35' title="bbox 2102 1803 3641 1879">
     <span class='ocr_line' id='line_1_35' title="bbox 2102 1803 3641 1879; baseline 0.003 -20"><span class='ocrx_word' id='word_1_251' title='bbox 2102 1807 2270 1860; x_wconf 79' lang='grc' dir='ltr'>Ἑπὰν</span> <span class='ocrx_word' id='word_1_252' title='bbox 2297 1805 2354 1859; x_wconf 69' lang='grc' dir='ltr'><strong>δὲ</strong></span> <span class='ocrx_word' id='word_1_253' title='bbox 2385 1805 2549 1879; x_wconf 77' lang='grc' dir='ltr'>εὕρῃς</span> <span class='ocrx_word' id='word_1_254' title='bbox 2587 1805 2776 1876; x_wconf 78' lang='grc' dir='ltr'>αὐτὴν,</span> <span class='ocrx_word' id='word_1_255' title='bbox 2807 1805 2994 1860; x_wconf 79' lang='grc' dir='ltr'>ἄνελθε</span> <span class='ocrx_word' id='word_1_256' title='bbox 3039 1806 3200 1876; x_wconf 81' lang='grc' dir='ltr'>ἄχρις</span> <span class='ocrx_word' id='word_1_257' title='bbox 3227 1805 3328 1875; x_wconf 85' lang='grc' dir='ltr'>τῆς</span> <span class='ocrx_word' id='word_1_258' title='bbox 3358 1803 3641 1874; x_wconf 73' lang='grc' dir='ltr'>Κυριακῆς.</span> 
     </span>
    </p>
   </div>
   <div class='ocr_carea' id='block_1_36' title="bbox 424 1881 1092 1941">
    <p class='ocr_par' dir='ltr' id='par_1_36' title="bbox 424 1881 1092 1941">
     <span class='ocr_line' id='line_1_36' title="bbox 424 1881 1092 1941; baseline -0.007 0"><span class='ocrx_word' id='word_1_259' title='bbox 424 1881 795 1941; x_wconf 86' lang='lat' dir='ltr'><strong>Christianum</strong></span> <span class='ocrx_word' id='word_1_260' title='bbox 827 1882 1092 1938; x_wconf 78' lang='lat' dir='ltr'><strong>invenies.</strong></span> 
     </span>
    </p>
   </div>
   <div class='ocr_carea' id='block_1_37' title="bbox 580 2081 1823 2140">
    <p class='ocr_par' dir='ltr' id='par_1_37' title="bbox 580 2081 1823 2140">
     <span class='ocr_line' id='line_1_37' title="bbox 580 2081 1823 2140; baseline -0.002 -3"><span class='ocrx_word' id='word_1_261' title='bbox 580 2081 858 2138; x_wconf 73' lang='lat' dir='ltr'><strong>Hrthadus</strong></span> <span class='ocrx_word' id='word_1_262' title='bbox 885 2083 1177 2139; x_wconf 75' lang='lat' dir='ltr'><strong>Christiani</strong></span> <span class='ocrx_word' id='word_1_263' title='bbox 1204 2083 1481 2139; x_wconf 67' lang='lat' dir='ltr'><strong>Paxehatis</strong></span> <span class='ocrx_word' id='word_1_264' title='bbox 1514 2083 1823 2140; x_wconf 74' lang='lat' dir='ltr'><strong>inveniendi.</strong></span> 
     </span>
    </p>
   </div>
   <div class='ocr_carea' id='block_1_38' title="bbox 499 2173 1989 2247">
    <p class='ocr_par' dir='ltr' id='par_1_38' title="bbox 499 2173 1989 2247">
     <span class='ocr_line' id='line_1_38' title="bbox 499 2173 1989 2247; baseline 0.001 -19"><span class='ocrx_word' id='word_1_265' title='bbox 499 2173 664 2229; x_wconf 85' lang='lat' dir='ltr'><strong>Sume</strong></span> <span class='ocrx_word' id='word_1_266' title='bbox 710 2177 920 2247; x_wconf 87' lang='lat' dir='ltr'><strong>cyclum</strong></span> <span class='ocrx_word' id='word_1_267' title='bbox 969 2176 1101 2230; x_wconf 87' lang='lat' dir='ltr'><strong>solis</strong></span> <span class='ocrx_word' id='word_1_268' title='bbox 1141 2175 1267 2229; x_wconf 90' lang='lat' dir='ltr'><strong>anni</strong></span> <span class='ocrx_word' id='word_1_269' title='bbox 1311 2175 1574 2246; x_wconf 83' lang='lat' dir='ltr'><strong>propositi</strong></span> <span class='ocrx_word' id='word_1_270' title='bbox 1607 2191 1620 2228; x_wconf 91' lang='lat'><strong>:</strong></span> <span class='ocrx_word' id='word_1_271' title='bbox 1657 2174 1782 2229; x_wconf 92' lang='lat' dir='ltr'><strong>huic</strong></span> <span class='ocrx_word' id='word_1_272' title='bbox 1813 2173 1989 2242; x_wconf 86' lang='lat' dir='ltr'><strong>adjice</strong></span> 
     </span>
    </p>
   </div>
   <div class='ocr_carea' id='block_1_39' title="bbox 425 2265 1988 2337">
    <p class='ocr_par' dir='ltr' id='par_1_39' title="bbox 425 2265 1988 2337">
     <span class='ocr_line' id='line_1_39' title="bbox 425 2265 1988 2337; baseline -0.001 -15"><span class='ocrx_word' id='word_1_273' title='bbox 425 2265 737 2322; x_wconf 75' lang='lat' dir='ltr'><strong>bissextiles</strong></span> <span class='ocrx_word' id='word_1_274' title='bbox 759 2267 1094 2337; x_wconf 73' lang='lat' dir='ltr'><strong>praeteritas;</strong></span> <span class='ocrx_word' id='word_1_275' title='bbox 1128 2267 1209 2322; x_wconf 86' lang='lat' dir='ltr'><strong>sic</strong></span> <span class='ocrx_word' id='word_1_276' title='bbox 1236 2275 1293 2320; x_wconf 91' lang='lat' dir='ltr'><strong>ut</strong></span> <span class='ocrx_word' id='word_1_277' title='bbox 1321 2267 1464 2321; x_wconf 91' lang='lat' dir='ltr'><strong>diem</strong></span> <span class='ocrx_word' id='word_1_278' title='bbox 1501 2282 1666 2320; x_wconf 89' lang='lat' dir='ltr'><strong>unum</strong></span> <span class='ocrx_word' id='word_1_279' title='bbox 1704 2283 1802 2335; x_wconf 87' lang='lat' dir='ltr'><strong>pro</strong></span> <span class='ocrx_word' id='word_1_280' title='bbox 1827 2265 1988 2321; x_wconf 83' lang='lat' dir='ltr'><strong>annis</strong></span> 
     </span>
    </p>
   </div>
   <div class='ocr_carea' id='block_1_40' title="bbox 425 2354 1989 2426">
    <p class='ocr_par' dir='ltr' id='par_1_40' title="bbox 425 2354 1989 2426">
     <span class='ocr_line' id='line_1_40' title="bbox 425 2354 1989 2426; baseline 0.001 -18"><span class='ocrx_word' id='word_1_281' title='bbox 425 2364 661 2424; x_wconf 85' lang='lat' dir='ltr'><strong>quatuor</strong></span> <span class='ocrx_word' id='word_1_282' title='bbox 721 2355 985 2426; x_wconf 81' lang='lat' dir='ltr'><strong>accipias.</strong></span> <span class='ocrx_word' id='word_1_283' title='bbox 1047 2354 1184 2409; x_wconf 88' lang='lat' dir='ltr'><strong>&#39;l&#39;um</strong></span> <span class='ocrx_word' id='word_1_284' title='bbox 1236 2356 1282 2412; x_wconf 89' lang='lat' dir='ltr'><strong>si</strong></span> <span class='ocrx_word' id='word_1_285' title='bbox 1338 2355 1530 2410; x_wconf 81' lang='lat' dir='ltr'><strong>Martio</strong></span> <span class='ocrx_word' id='word_1_286' title='bbox 1578 2371 1766 2411; x_wconf 85' lang='lat' dir='ltr'><strong>mense</strong></span> <span class='ocrx_word' id='word_1_287' title='bbox 1818 2355 1989 2426; x_wconf 87' lang='lat' dir='ltr'><strong>legale</strong></span> 
     </span>
    </p>
   </div>
   <div class='ocr_carea' id='block_1_41' title="bbox 424 2445 1987 2519">
    <p class='ocr_par' dir='ltr' id='par_1_41' title="bbox 424 2445 1987 2519">
     <span class='ocr_line' id='line_1_41' title="bbox 424 2445 1987 2519; baseline -0.002 -17"><span class='ocrx_word' id='word_1_288' title='bbox 424 2445 632 2502; x_wconf 81' lang='lat' dir='ltr'><strong>Pascha</strong></span> <span class='ocrx_word' id='word_1_289' title='bbox 665 2448 964 2519; x_wconf 77' lang='lat' dir='ltr'><strong>contingat,</strong></span> <span class='ocrx_word' id='word_1_290' title='bbox 1000 2447 1138 2503; x_wconf 87' lang='lat' dir='ltr'><strong>adde</strong></span> <span class='ocrx_word' id='word_1_291' title='bbox 1176 2455 1397 2518; x_wconf 84' lang='lat' dir='ltr'><strong>epactas</strong></span> <span class='ocrx_word' id='word_1_292' title='bbox 1426 2448 1545 2517; x_wconf 84' lang='lat' dir='ltr'><strong>ejus</strong></span> <span class='ocrx_word' id='word_1_293' title='bbox 1583 2449 1843 2518; x_wconf 89' lang='lat' dir='ltr'><strong>quinque.</strong></span> <span class='ocrx_word' id='word_1_294' title='bbox 1889 2445 1987 2518; x_wconf 80' lang='lat' dir='ltr'><strong>Sin</strong></span> 
     </span>
    </p>
   </div>
   <div class='ocr_carea' id='block_1_42' title="bbox 424 2538 1986 2610">
    <p class='ocr_par' dir='ltr' id='par_1_42' title="bbox 424 2538 1986 2610">
     <span class='ocr_line' id='line_1_42' title="bbox 424 2538 1986 2610; baseline 0 -15"><span class='ocrx_word' id='word_1_295' title='bbox 424 2539 583 2595; x_wconf 86' lang='lat' dir='ltr'><strong>cadat</strong></span> <span class='ocrx_word' id='word_1_296' title='bbox 622 2540 676 2595; x_wconf 92' lang='lat' dir='ltr'><strong>in</strong></span> <span class='ocrx_word' id='word_1_297' title='bbox 709 2539 974 2610; x_wconf 80' lang='lat' dir='ltr'><strong>Aprilem,</strong></span> <span class='ocrx_word' id='word_1_298' title='bbox 1013 2541 1133 2610; x_wconf 88' lang='lat' dir='ltr'><strong>ejus</strong></span> <span class='ocrx_word' id='word_1_299' title='bbox 1179 2549 1425 2610; x_wconf 87' lang='lat' dir='ltr'><strong>epactan</strong></span> <span class='ocrx_word' id='word_1_300' title='bbox 1484 2555 1499 2594; x_wconf 95' lang='lat' dir='ltr'><strong>l</strong></span> <span class='ocrx_word' id='word_1_301' title='bbox 1549 2540 1743 2608; x_wconf 86' lang='lat' dir='ltr'><strong>adjice.</strong></span> <span class='ocrx_word' id='word_1_302' title='bbox 1788 2538 1986 2595; x_wconf 81' lang='lat' dir='ltr'><strong>Confe-</strong></span> 
     </span>
    </p>
   </div>
   <div class='ocr_carea' id='block_1_43' title="bbox 424 2634 1984 2707">
    <p class='ocr_par' dir='ltr' id='par_1_43' title="bbox 424 2634 1984 2707">
     <span class='ocr_line' id='line_1_43' title="bbox 424 2634 1984 2707; baseline -0.001 -19"><span class='ocrx_word' id='word_1_303' title='bbox 424 2643 566 2688; x_wconf 91' lang='lat' dir='ltr'><strong>ctam</strong></span> <span class='ocrx_word' id='word_1_304' title='bbox 616 2651 884 2690; x_wconf 87' lang='lat' dir='ltr'><strong>summam</strong></span> <span class='ocrx_word' id='word_1_305' title='bbox 922 2634 1103 2690; x_wconf 80' lang='lat' dir='ltr'><strong>divide</strong></span> <span class='ocrx_word' id='word_1_306' title='bbox 1143 2651 1238 2707; x_wconf 88' lang='lat' dir='ltr'><strong>per</strong></span> <span class='ocrx_word' id='word_1_307' title='bbox 1284 2636 1336 2700; x_wconf 86' lang='lat'><strong>7,</strong></span> <span class='ocrx_word' id='word_1_308' title='bbox 1368 2635 1512 2705; x_wconf 84' lang='lat' dir='ltr'><strong>quod</strong></span> <span class='ocrx_word' id='word_1_309' title='bbox 1569 2635 1839 2703; x_wconf 91' lang='lat' dir='ltr'><strong>reliquum</strong></span> <span class='ocrx_word' id='word_1_310' title='bbox 1879 2638 1984 2697; x_wconf 84' lang='lat' dir='ltr'><strong>est,</strong></span> 
     </span>
    </p>
   </div>
   <div class='ocr_carea' id='block_1_44' title="bbox 424 2724 1986 2793">
    <p class='ocr_par' dir='ltr' id='par_1_44' title="bbox 424 2724 1986 2793">
     <span class='ocr_line' id='line_1_44' title="bbox 424 2724 1986 2793; baseline -0.004 -10"><span class='ocrx_word' id='word_1_311' title='bbox 424 2725 681 2783; x_wconf 75' lang='lat' dir='ltr'><strong>Kalendis</strong></span> <span class='ocrx_word' id='word_1_312' title='bbox 738 2729 944 2782; x_wconf 90' lang='lat' dir='ltr'><strong>mensis</strong></span> <span class='ocrx_word' id='word_1_313' title='bbox 985 2727 1134 2782; x_wconf 90' lang='lat' dir='ltr'><strong>illius</strong></span> <span class='ocrx_word' id='word_1_314' title='bbox 1191 2725 1384 2782; x_wconf 81' lang='lat' dir='ltr'><strong>feriam</strong></span> <span class='ocrx_word' id='word_1_315' title='bbox 1443 2725 1684 2790; x_wconf 80' lang='lat' dir='ltr'><strong>exhibet,</strong></span> <span class='ocrx_word' id='word_1_316' title='bbox 1729 2724 1784 2778; x_wconf 89' lang='lat' dir='ltr'><strong>in</strong></span> <span class='ocrx_word' id='word_1_317' title='bbox 1823 2738 1986 2793; x_wconf 91' lang='lat' dir='ltr'><strong>quem</strong></span> 
     </span>
    </p>
   </div>
   <div class='ocr_carea' id='block_1_45' title="bbox 425 2816 1982 2889">
    <p class='ocr_par' dir='ltr' id='par_1_45' title="bbox 425 2816 1982 2889">
     <span class='ocr_line' id='line_1_45' title="bbox 425 2816 1982 2889; baseline -0.001 -17"><span class='ocrx_word' id='word_1_318' title='bbox 425 2819 592 2888; x_wconf 78' lang='lat' dir='ltr'><strong>legale</strong></span> <span class='ocrx_word' id='word_1_319' title='bbox 629 2818 837 2874; x_wconf 88' lang='lat' dir='ltr'><strong>Pascha</strong></span> <span class='ocrx_word' id='word_1_320' title='bbox 872 2821 1152 2889; x_wconf 84' lang='lat' dir='ltr'><strong>competit.</strong></span> <span class='ocrx_word' id='word_1_321' title='bbox 1201 2819 1470 2888; x_wconf 85' lang='lat' dir='ltr'><strong>Deinceps</strong></span> <span class='ocrx_word' id='word_1_322' title='bbox 1502 2833 1633 2889; x_wconf 85' lang='lat' dir='ltr'><strong>ergo</strong></span> <span class='ocrx_word' id='word_1_323' title='bbox 1667 2816 1982 2873; x_wconf 85' lang='lat' dir='ltr'><strong>numerabis</strong></span> 
     </span>
    </p>
   </div>
   <div class='ocr_carea' id='block_1_46' title="bbox 421 2906 1986 2980">
    <p class='ocr_par' dir='ltr' id='par_1_46' title="bbox 421 2906 1986 2980">
     <span class='ocr_line' id='line_1_46' title="bbox 421 2906 1986 2980; baseline -0.002 -19"><span class='ocrx_word' id='word_1_324' title='bbox 421 2923 453 2967; x_wconf 70' lang='grc' dir='ltr'><strong>α</strong></span> <span class='ocrx_word' id='word_1_325' title='bbox 482 2907 737 2968; x_wconf 80' lang='lat' dir='ltr'><strong>Kalendis</strong></span> <span class='ocrx_word' id='word_1_326' title='bbox 757 2908 912 2980; x_wconf 86' lang='lat' dir='ltr'><strong>ipsis,</strong></span> <span class='ocrx_word' id='word_1_327' title='bbox 943 2917 1004 2964; x_wconf 90' lang='lat' dir='ltr'><strong>ut</strong></span> <span class='ocrx_word' id='word_1_328' title='bbox 1034 2909 1278 2963; x_wconf 83' lang='lat' dir='ltr'><strong>invenias</strong></span> <span class='ocrx_word' id='word_1_329' title='bbox 1303 2922 1464 2977; x_wconf 86' lang='lat' dir='ltr'><strong>quam</strong></span> <span class='ocrx_word' id='word_1_330' title='bbox 1498 2907 1552 2963; x_wconf 91' lang='lat' dir='ltr'><strong>in</strong></span> <span class='ocrx_word' id='word_1_331' title='bbox 1579 2906 1769 2961; x_wconf 83' lang='lat' dir='ltr'><strong>feriam</strong></span> <span class='ocrx_word' id='word_1_332' title='bbox 1801 2907 1986 2961; x_wconf 87' lang='lat' dir='ltr'><strong>incur-</strong></span> 
     </span>
    </p>
   </div>
   <div class='ocr_carea' id='block_1_47' title="bbox 422 2997 1984 3071">
    <p class='ocr_par' dir='ltr' id='par_1_47' title="bbox 422 2997 1984 3071">
     <span class='ocr_line' id='line_1_47' title="bbox 422 2997 1984 3071; baseline -0.003 -15"><span class='ocrx_word' id='word_1_333' title='bbox 422 3007 509 3056; x_wconf 89' lang='lat' dir='ltr'><strong>rat</strong></span> <span class='ocrx_word' id='word_1_334' title='bbox 536 3000 699 3071; x_wconf 84' lang='lat' dir='ltr'><strong>legale</strong></span> <span class='ocrx_word' id='word_1_335' title='bbox 732 2999 963 3056; x_wconf 85' lang='lat' dir='ltr'><strong>Pascha.</strong></span> <span class='ocrx_word' id='word_1_336' title='bbox 996 2997 1049 3052; x_wconf 93' lang='lat' dir='ltr'><strong>ld</strong></span> <span class='ocrx_word' id='word_1_337' title='bbox 1087 3000 1177 3056; x_wconf 89' lang='lat' dir='ltr'><strong>ubi</strong></span> <span class='ocrx_word' id='word_1_338' title='bbox 1205 3001 1315 3056; x_wconf 87' lang='lat' dir='ltr'><strong>eris</strong></span> <span class='ocrx_word' id='word_1_339' title='bbox 1345 3008 1652 3061; x_wconf 86' lang='lat' dir='ltr'><strong>assecutus,</strong></span> <span class='ocrx_word' id='word_1_340' title='bbox 1688 2997 1733 3054; x_wconf 91' lang='lat' dir='ltr'><strong>si</strong></span> <span class='ocrx_word' id='word_1_341' title='bbox 1765 2998 1984 3068; x_wconf 87' lang='lat' dir='ltr'><strong>quidem</strong></span> 
     </span>
    </p>
   </div>
   <div class='ocr_carea' id='block_1_48' title="bbox 423 3089 1984 3161">
    <p class='ocr_par' dir='ltr' id='par_1_48' title="bbox 423 3089 1984 3161">
     <span class='ocr_line' id='line_1_48' title="bbox 423 3089 1984 3161; baseline -0.003 -15"><span class='ocrx_word' id='word_1_342' title='bbox 423 3089 704 3148; x_wconf 84' lang='lat' dir='ltr'><strong>Dominica</strong></span> <span class='ocrx_word' id='word_1_343' title='bbox 748 3091 840 3156; x_wconf 90' lang='lat' dir='ltr'><strong>sit,</strong></span> <span class='ocrx_word' id='word_1_344' title='bbox 890 3091 1218 3161; x_wconf 70' lang='lat' dir='ltr'><strong>progredere</strong></span> <span class='ocrx_word' id='word_1_345' title='bbox 1264 3105 1438 3160; x_wconf 84' lang='lat' dir='ltr'><strong>usque</strong></span> <span class='ocrx_word' id='word_1_346' title='bbox 1479 3089 1545 3145; x_wconf 88' lang='lat' dir='ltr'><strong>ad</strong></span> <span class='ocrx_word' id='word_1_347' title='bbox 1605 3089 1984 3161; x_wconf 87' lang='lat' dir='ltr'><strong>insequentem</strong></span> 
     </span>
    </p>
   </div>
   <div class='ocr_carea' id='block_1_49' title="bbox 422 3179 1985 3242">
    <p class='ocr_par' dir='ltr' id='par_1_49' title="bbox 422 3179 1985 3242">
     <span class='ocr_line' id='line_1_49' title="bbox 422 3179 1985 3242; baseline -0.004 0"><span class='ocrx_word' id='word_1_348' title='bbox 422 3186 650 3242; x_wconf 79' lang='lat' dir='ltr'><strong>alteram</strong></span> <span class='ocrx_word' id='word_1_349' title='bbox 697 3182 1055 3241; x_wconf 88' lang='lat' dir='ltr'><strong>Dominicam.</strong></span> <span class='ocrx_word' id='word_1_350' title='bbox 1103 3180 1160 3239; x_wconf 89' lang='lat' dir='ltr'><strong>ln</strong></span> <span class='ocrx_word' id='word_1_351' title='bbox 1227 3198 1292 3238; x_wconf 89' lang='lat' dir='ltr'><strong>ea</strong></span> <span class='ocrx_word' id='word_1_352' title='bbox 1345 3180 1719 3236; x_wconf 86' lang='lat' dir='ltr'><strong>Christianum</strong></span> <span class='ocrx_word' id='word_1_353' title='bbox 1773 3179 1985 3235; x_wconf 87' lang='lat' dir='ltr'><strong>accidet</strong></span> 
     </span>
    </p>
   </div>
   <div class='ocr_carea' id='block_1_50' title="bbox 421 3275 1987 3342">
    <p class='ocr_par' dir='ltr' id='par_1_50' title="bbox 421 3275 1987 3342">
     <span class='ocr_line' id='line_1_50' title="bbox 421 3275 1987 3342; baseline -0.004 -8"><span class='ocrx_word' id='word_1_354' title='bbox 421 3275 630 3334; x_wconf 78' lang='lat' dir='ltr'><strong>Pascha</strong></span> <span class='ocrx_word' id='word_1_355' title='bbox 703 3275 760 3331; x_wconf 91' lang='lat' dir='ltr'><strong>Si</strong></span> <span class='ocrx_word' id='word_1_356' title='bbox 813 3277 947 3333; x_wconf 82' lang='lat' dir='ltr'><strong>feria</strong></span> <span class='ocrx_word' id='word_1_357' title='bbox 1001 3293 1039 3332; x_wconf 86' lang='grc' dir='ltr'><strong>ιι</strong></span> <span class='ocrx_word' id='word_1_358' title='bbox 1085 3278 1198 3342; x_wconf 88' lang='lat' dir='ltr'><strong>sit,</strong></span> <span class='ocrx_word' id='word_1_359' title='bbox 1249 3292 1360 3331; x_wconf 89' lang='lat' dir='ltr'><strong>non</strong></span> <span class='ocrx_word' id='word_1_360' title='bbox 1409 3276 1588 3332; x_wconf 90' lang='lat' dir='ltr'><strong>minus</strong></span> <span class='ocrx_word' id='word_1_361' title='bbox 1629 3277 1735 3332; x_wconf 89' lang='lat' dir='ltr'><strong>erit</strong></span> <span class='ocrx_word' id='word_1_362' title='bbox 1776 3275 1987 3332; x_wconf 84' lang='lat' dir='ltr'><strong>Pascha</strong></span> 
     </span>
    </p>
   </div>
   <div class='ocr_carea' id='block_1_51' title="bbox 420 3363 1984 3438">
    <p class='ocr_par' dir='ltr' id='par_1_51' title="bbox 420 3363 1984 3438">
     <span class='ocr_line' id='line_1_51' title="bbox 420 3363 1984 3438; baseline -0.002 -16"><span class='ocrx_word' id='word_1_363' title='bbox 420 3369 665 3438; x_wconf 77' lang='lat' dir='ltr'><strong>proxima</strong></span> <span class='ocrx_word' id='word_1_364' title='bbox 695 3365 998 3432; x_wconf 86' lang='lat' dir='ltr'><strong>Dominica,</strong></span> <span class='ocrx_word' id='word_1_365' title='bbox 1041 3377 1206 3438; x_wconf 89' lang='lat' dir='ltr'><strong>atque</strong></span> <span class='ocrx_word' id='word_1_366' title='bbox 1241 3368 1315 3421; x_wconf 90' lang='lat' dir='ltr'><strong>ita</strong></span> <span class='ocrx_word' id='word_1_367' title='bbox 1350 3381 1514 3436; x_wconf 87' lang='lat' dir='ltr'><strong>porro</strong></span> <span class='ocrx_word' id='word_1_368' title='bbox 1541 3381 1712 3436; x_wconf 87' lang='lat' dir='ltr'><strong>usque</strong></span> <span class='ocrx_word' id='word_1_369' title='bbox 1743 3365 1810 3419; x_wconf 85' lang='lat' dir='ltr'><strong>ad</strong></span> <span class='ocrx_word' id='word_1_370' title='bbox 1843 3363 1984 3419; x_wconf 86' lang='lat' dir='ltr'><strong>Sab-</strong></span> 
     </span>
    </p>
   </div>
   <div class='ocr_carea' id='block_1_52' title="bbox 419 3449 1985 3518">
    <p class='ocr_par' dir='ltr' id='par_1_52' title="bbox 419 3449 1985 3518">
     <span class='ocr_line' id='line_1_52' title="bbox 419 3449 1985 3518; baseline -0.003 -6"><span class='ocrx_word' id='word_1_371' title='bbox 419 3459 625 3514; x_wconf 84' lang='lat' dir='ltr'><strong>halum.</strong></span> <span class='ocrx_word' id='word_1_372' title='bbox 655 3459 866 3518; x_wconf 84' lang='lat' dir='ltr'><strong>Etenim</strong></span> <span class='ocrx_word' id='word_1_373' title='bbox 897 3460 950 3516; x_wconf 92' lang='lat' dir='ltr'><strong>in</strong></span> <span class='ocrx_word' id='word_1_374' title='bbox 977 3458 1221 3514; x_wconf 88' lang='lat' dir='ltr'><strong>eamdem</strong></span> <span class='ocrx_word' id='word_1_375' title='bbox 1251 3456 1647 3513; x_wconf 89' lang='lat' dir='ltr'><strong>hebdomadem</strong></span> <span class='ocrx_word' id='word_1_376' title='bbox 1679 3455 1840 3510; x_wconf 87' lang='lat' dir='ltr'><strong>ambo</strong></span> <span class='ocrx_word' id='word_1_377' title='bbox 1877 3449 1985 3510; x_wconf 53' lang='lat' dir='ltr'><strong>Pa-&#39;</strong></span> 
     </span>
    </p>
   </div>
   <div class='ocr_carea' id='block_1_53' title="bbox 421 3547 1838 3612">
    <p class='ocr_par' dir='ltr' id='par_1_53' title="bbox 421 3547 1838 3612">
     <span class='ocr_line' id='line_1_53' title="bbox 421 3547 1838 3612; baseline -0.006 -4"><span class='ocrx_word' id='word_1_378' title='bbox 421 3551 611 3608; x_wconf 85' lang='lat' dir='ltr'><strong>schata</strong></span> <span class='ocrx_word' id='word_1_379' title='bbox 649 3559 1009 3612; x_wconf 87' lang='lat' dir='ltr'><strong>concurrunt,</strong></span> <span class='ocrx_word' id='word_1_380' title='bbox 1047 3565 1153 3605; x_wconf 91' lang='lat' dir='ltr'><strong>non</strong></span> <span class='ocrx_word' id='word_1_381' title='bbox 1182 3559 1364 3604; x_wconf 88' lang='lat' dir='ltr'><strong>tamen</strong></span> <span class='ocrx_word' id='word_1_382' title='bbox 1393 3551 1643 3604; x_wconf 89' lang='lat' dir='ltr'><strong>eumdem</strong></span> <span class='ocrx_word' id='word_1_383' title='bbox 1674 3547 1838 3602; x_wconf 88' lang='lat' dir='ltr'><strong>diem.</strong></span> 
     </span>
    </p>
   </div>
   <div class='ocr_carea' id='block_1_54' title="bbox 489 3639 1986 3710">
    <p class='ocr_par' dir='ltr' id='par_1_54' title="bbox 489 3639 1986 3710">
     <span class='ocr_line' id='line_1_54' title="bbox 489 3639 1986 3710; baseline -0.004 -12"><span class='ocrx_word' id='word_1_384' title='bbox 489 3643 598 3699; x_wconf 88' lang='lat' dir='ltr'><strong>Sed</strong></span> <span class='ocrx_word' id='word_1_385' title='bbox 646 3643 780 3698; x_wconf 86' lang='lat' dir='ltr'><strong>illud</strong></span> <span class='ocrx_word' id='word_1_386' title='bbox 827 3641 1108 3699; x_wconf 85' lang='lat' dir='ltr'><strong>sciendum</strong></span> <span class='ocrx_word' id='word_1_387' title='bbox 1147 3651 1250 3705; x_wconf 87' lang='lat' dir='ltr'><strong>est,</strong></span> <span class='ocrx_word' id='word_1_388' title='bbox 1292 3639 1749 3710; x_wconf 88' lang='lat' dir='ltr'><strong>quemadmodum</strong></span> <span class='ocrx_word' id='word_1_389' title='bbox 1781 3645 1986 3708; x_wconf 62' lang='lat' dir='ltr'><strong>epactae</strong></span> 
     </span>
    </p>
   </div>
   <div class='ocr_carea' id='block_1_55' title="bbox 420 3730 1981 3790">
    <p class='ocr_par' dir='ltr' id='par_1_55' title="bbox 420 3730 1981 3790">
     <span class='ocr_line' id='line_1_55' title="bbox 420 3730 1981 3790; baseline -0.003 -3"><span class='ocrx_word' id='word_1_390' title='bbox 420 3741 714 3790; x_wconf 73' lang='lat' dir='ltr'><strong>menstrua:</strong></span> <span class='ocrx_word' id='word_1_391' title='bbox 758 3733 1016 3787; x_wconf 78' lang='lat' dir='ltr'><strong>conﬂant.</strong></span> <span class='ocrx_word' id='word_1_392' title='bbox 1065 3731 1256 3786; x_wconf 85' lang='lat' dir='ltr'><strong>Annus</strong></span> <span class='ocrx_word' id='word_1_393' title='bbox 1285 3730 1479 3785; x_wconf 91' lang='lat' dir='ltr'><strong>diebus</strong></span> <span class='ocrx_word' id='word_1_394' title='bbox 1519 3735 1734 3784; x_wconf 81' lang='lat' dir='ltr'><strong>constat</strong></span> <span class='ocrx_word' id='word_1_395' title='bbox 1760 3742 1981 3785; x_wconf 76' lang='lat' dir='ltr'><strong>cccuv.</strong></span> 
     </span>
    </p>
   </div>
   <div class='ocr_carea' id='block_1_56' title="bbox 419 3818 1985 3897">
    <p class='ocr_par' dir='ltr' id='par_1_56' title="bbox 419 3818 1985 3897">
     <span class='ocr_line' id='line_1_56' title="bbox 419 3818 1985 3897; baseline -0.003 -16"><span class='ocrx_word' id='word_1_396' title='bbox 419 3825 528 3892; x_wconf 68' lang='lat' dir='ltr'><strong>Eae,</strong></span> <span class='ocrx_word' id='word_1_397' title='bbox 563 3841 661 3897; x_wconf 89' lang='lat' dir='ltr'><strong>per</strong></span> <span class='ocrx_word' id='word_1_398' title='bbox 698 3841 774 3879; x_wconf 83' lang='lat' dir='ltr'><strong>vu</strong></span> <span class='ocrx_word' id='word_1_399' title='bbox 815 3824 1024 3888; x_wconf 70' lang='lat' dir='ltr'><strong>divisas,</strong></span> <span class='ocrx_word' id='word_1_400' title='bbox 1058 3839 1221 3877; x_wconf 88' lang='lat' dir='ltr'><strong>unam</strong></span> <span class='ocrx_word' id='word_1_401' title='bbox 1267 3822 1408 3876; x_wconf 91' lang='lat' dir='ltr'><strong>diem</strong></span> <span class='ocrx_word' id='word_1_402' title='bbox 1449 3821 1786 3890; x_wconf 88' lang='lat' dir='ltr'><strong>relinquunt.</strong></span> <span class='ocrx_word' id='word_1_403' title='bbox 1831 3818 1985 3877; x_wconf 86' lang='lat' dir='ltr'><strong>llanc</strong></span> 
     </span>
    </p>
   </div>
   <div class='ocr_carea' id='block_1_57' title="bbox 419 3915 1981 3991">
    <p class='ocr_par' dir='ltr' id='par_1_57' title="bbox 419 3915 1981 3991">
     <span class='ocr_line' id='line_1_57' title="bbox 419 3915 1981 3991; baseline -0.001 -16"><span class='ocrx_word' id='word_1_404' title='bbox 419 3922 587 3991; x_wconf 79' lang='lat' dir='ltr'><strong>igitur</strong></span> <span class='ocrx_word' id='word_1_405' title='bbox 633 3919 838 3987; x_wconf 87' lang='lat' dir='ltr'><strong>addito,</strong></span> <span class='ocrx_word' id='word_1_406' title='bbox 887 3933 1096 3973; x_wconf 90' lang='lat' dir='ltr'><strong>necnon</strong></span> <span class='ocrx_word' id='word_1_407' title='bbox 1139 3934 1207 3973; x_wconf 78' lang='lat' dir='ltr'><strong>ex</strong></span> <span class='ocrx_word' id='word_1_408' title='bbox 1253 3916 1475 3972; x_wconf 86' lang='lat' dir='ltr'><strong>Octobri</strong></span> <span class='ocrx_word' id='word_1_409' title='bbox 1513 3923 1644 3980; x_wconf 84' lang='lat' dir='ltr'><strong>tres,</strong></span> <span class='ocrx_word' id='word_1_410' title='bbox 1711 3915 1848 3972; x_wconf 78' lang='lat' dir='ltr'><strong>ﬁunt</strong></span> <span class='ocrx_word' id='word_1_411' title='bbox 1908 3932 1981 3973; x_wconf 82' lang='lat' dir='ltr'><strong>tv.</strong></span> 
     </span>
    </p>
   </div>
   <div class='ocr_carea' id='block_1_58' title="bbox 423 4007 1983 4080">
    <p class='ocr_par' dir='ltr' id='par_1_58' title="bbox 423 4007 1983 4080">
     <span class='ocr_line' id='line_1_58' title="bbox 423 4007 1983 4080; baseline 0 -15"><span class='ocrx_word' id='word_1_412' title='bbox 423 4011 533 4068; x_wconf 87' lang='lat' dir='ltr'><strong>llas</strong></span> <span class='ocrx_word' id='word_1_413' title='bbox 577 4011 864 4069; x_wconf 74' lang='lat' dir='ltr'><strong>Novembri</strong></span> <span class='ocrx_word' id='word_1_414' title='bbox 893 4011 1085 4080; x_wconf 76' lang='lat' dir='ltr'><strong>adiice.</strong></span> <span class='ocrx_word' id='word_1_415' title='bbox 1121 4009 1348 4066; x_wconf 86' lang='lat' dir='ltr'><strong>Easdem</strong></span> <span class='ocrx_word' id='word_1_416' title='bbox 1379 4025 1571 4066; x_wconf 86' lang='lat' dir='ltr'><strong>rursus</strong></span> <span class='ocrx_word' id='word_1_417' title='bbox 1599 4025 1733 4080; x_wconf 87' lang='lat' dir='ltr'><strong>auge</strong></span> <span class='ocrx_word' id='word_1_418' title='bbox 1771 4007 1983 4065; x_wconf 90' lang='lat' dir='ltr'><strong>duabus</strong></span> 
     </span>
    </p>
   </div>
   <div class='ocr_carea' id='block_1_59' title="bbox 417 4098 1979 4171">
    <p class='ocr_par' dir='ltr' id='par_1_59' title="bbox 417 4098 1979 4171">
     <span class='ocr_line' id='line_1_59' title="bbox 417 4098 1979 4171; baseline -0.001 -15"><span class='ocrx_word' id='word_1_419' title='bbox 417 4119 448 4156; x_wconf 89' lang='lat' dir='ltr'><strong>e</strong></span> <span class='ocrx_word' id='word_1_420' title='bbox 494 4101 785 4159; x_wconf 83' lang='lat' dir='ltr'><strong>Novembri</strong></span> <span class='ocrx_word' id='word_1_421' title='bbox 841 4102 1038 4171; x_wconf 89' lang='lat' dir='ltr'><strong>captis,</strong></span> <span class='ocrx_word' id='word_1_422' title='bbox 1114 4100 1243 4155; x_wconf 85' lang='lat' dir='ltr'><strong>ﬁent</strong></span> <span class='ocrx_word' id='word_1_423' title='bbox 1291 4115 1344 4154; x_wconf 73' lang='lat' dir='ltr'><strong>ri</strong></span> <span class='ocrx_word' id='word_1_424' title='bbox 1390 4107 1594 4171; x_wconf 67' lang='lat' dir='ltr'><strong>epactc</strong></span> <span class='ocrx_word' id='word_1_425' title='bbox 1647 4098 1979 4156; x_wconf 84' lang='lat' dir='ltr'><strong>Decembris.</strong></span> 
     </span>
    </p>
   </div>
   <div class='ocr_carea' id='block_1_60' title="bbox 416 4189 1979 4260">
    <p class='ocr_par' dir='ltr' id='par_1_60' title="bbox 416 4189 1979 4260">
     <span class='ocr_line' id='line_1_60' title="bbox 416 4189 1979 4260; baseline -0.001 -14"><span class='ocrx_word' id='word_1_426' title='bbox 416 4191 629 4260; x_wconf 77' lang='lat' dir='ltr'><strong>Quibus</strong></span> <span class='ocrx_word' id='word_1_427' title='bbox 666 4191 929 4248; x_wconf 87' lang='lat' dir='ltr'><strong>accedant</strong></span> <span class='ocrx_word' id='word_1_428' title='bbox 961 4198 1121 4246; x_wconf 91' lang='lat' dir='ltr'><strong>trese</strong></span> <span class='ocrx_word' id='word_1_429' title='bbox 1144 4189 1450 4255; x_wconf 86' lang='lat' dir='ltr'><strong>Decembri,</strong></span> <span class='ocrx_word' id='word_1_430' title='bbox 1479 4200 1533 4244; x_wconf 89' lang='lat' dir='ltr'><strong>et</strong></span> <span class='ocrx_word' id='word_1_431' title='bbox 1567 4207 1630 4246; x_wconf 80' lang='lat' dir='ltr'><strong>ex</strong></span> <span class='ocrx_word' id='word_1_432' title='bbox 1664 4205 1874 4248; x_wconf 84' lang='lat' dir='ltr'><strong>summa</strong></span> <span class='ocrx_word' id='word_1_433' title='bbox 1905 4207 1979 4254; x_wconf 77' lang='lat' dir='ltr'><strong>ix,</strong></span> 
     </span>
    </p>
   </div>
   <div class='ocr_carea' id='block_1_61' title="bbox 418 4279 1980 4353">
    <p class='ocr_par' dir='ltr' id='par_1_61' title="bbox 418 4279 1980 4353">
     <span class='ocr_line' id='line_1_61' title="bbox 418 4279 1980 4353; baseline -0.001 -15"><span class='ocrx_word' id='word_1_434' title='bbox 418 4283 593 4353; x_wconf 83' lang='lat' dir='ltr'><strong>ahjice</strong></span> <span class='ocrx_word' id='word_1_435' title='bbox 625 4300 720 4346; x_wconf 79' lang='lat' dir='ltr'><strong>vn,</strong></span> <span class='ocrx_word' id='word_1_436' title='bbox 762 4291 968 4337; x_wconf 87' lang='lat' dir='ltr'><strong>restant</strong></span> <span class='ocrx_word' id='word_1_437' title='bbox 998 4282 1128 4345; x_wconf 90' lang='lat' dir='ltr'><strong>duo,</strong></span> <span class='ocrx_word' id='word_1_438' title='bbox 1162 4292 1368 4353; x_wconf 67' lang='lat' dir='ltr'><strong>epactaa</strong></span> <span class='ocrx_word' id='word_1_439' title='bbox 1395 4279 1660 4336; x_wconf 81' lang='lat' dir='ltr'><strong>Januarii.</strong></span> <span class='ocrx_word' id='word_1_440' title='bbox 1695 4281 1848 4338; x_wconf 88' lang='lat' dir='ltr'><strong>Adde</strong></span> <span class='ocrx_word' id='word_1_441' title='bbox 1876 4281 1980 4336; x_wconf 81' lang='lat' dir='ltr'><strong>tria</strong></span> 
     </span>
    </p>
   </div>
   <div class='ocr_carea' id='block_1_62' title="bbox 416 4371 1979 4443">
    <p class='ocr_par' dir='ltr' id='par_1_62' title="bbox 416 4371 1979 4443">
     <span class='ocr_line' id='line_1_62' title="bbox 416 4371 1979 4443; baseline 0 -15"><span class='ocrx_word' id='word_1_442' title='bbox 416 4375 485 4428; x_wconf 89' lang='lat' dir='ltr'><strong>ob</strong></span> <span class='ocrx_word' id='word_1_443' title='bbox 527 4373 868 4437; x_wconf 77' lang='lat' dir='ltr'><strong>Ianuarium,</strong></span> <span class='ocrx_word' id='word_1_444' title='bbox 915 4373 1179 4429; x_wconf 77' lang='lat' dir='ltr'><strong>exsistent</strong></span> <span class='ocrx_word' id='word_1_445' title='bbox 1223 4390 1256 4428; x_wconf 81' lang='grc' dir='ltr'><strong>ν</strong></span> <span class='ocrx_word' id='word_1_446' title='bbox 1287 4381 1488 4441; x_wconf 77' lang='lat' dir='ltr'><strong>epacta:</strong></span> <span class='ocrx_word' id='word_1_447' title='bbox 1515 4371 1818 4436; x_wconf 86' lang='lat' dir='ltr'><strong>Februarii,</strong></span> <span class='ocrx_word' id='word_1_448' title='bbox 1858 4388 1979 4443; x_wconf 62' lang='lat' dir='ltr'><strong>qua</strong></span> 
     </span>
    </p>
   </div>
   <div class='ocr_carea' id='block_1_63' title="bbox 413 4463 1978 4536">
    <p class='ocr_par' dir='ltr' id='par_1_63' title="bbox 413 4463 1978 4536">
     <span class='ocr_line' id='line_1_63' title="bbox 413 4463 1978 4536; baseline 0.002 -19"><span class='ocrx_word' id='word_1_449' title='bbox 413 4475 467 4519; x_wconf 78' lang='grc' dir='ltr'>οιι</span> <span class='ocrx_word' id='word_1_450' title='bbox 494 4466 687 4521; x_wconf 71' lang='lat' dir='ltr'><strong>Martio</strong></span> <span class='ocrx_word' id='word_1_451' title='bbox 731 4474 1059 4536; x_wconf 78' lang='lat' dir='ltr'><strong>congruunt.</strong></span> <span class='ocrx_word' id='word_1_452' title='bbox 1107 4464 1222 4520; x_wconf 87' lang='lat' dir='ltr'><strong>Jam</strong></span> <span class='ocrx_word' id='word_1_453' title='bbox 1265 4463 1332 4520; x_wconf 87' lang='lat' dir='ltr'><strong>ad</strong></span> <span class='ocrx_word' id='word_1_454' title='bbox 1367 4481 1400 4518; x_wconf 80' lang='grc' dir='ltr'><strong>ν</strong></span> <span class='ocrx_word' id='word_1_455' title='bbox 1439 4466 1572 4520; x_wconf 86' lang='lat' dir='ltr'><strong>istas</strong></span> <span class='ocrx_word' id='word_1_456' title='bbox 1617 4465 1792 4520; x_wconf 81' lang='lat' dir='ltr'><strong>Martii</strong></span> <span class='ocrx_word' id='word_1_457' title='bbox 1842 4465 1978 4520; x_wconf 86' lang='lat' dir='ltr'><strong>adde</strong></span> 
     </span>
    </p>
   </div>
   <div class='ocr_carea' id='block_1_64' title="bbox 417 4554 1979 4625">
    <p class='ocr_par' dir='ltr' id='par_1_64' title="bbox 417 4554 1979 4625">
     <span class='ocr_line' id='line_1_64' title="bbox 417 4554 1979 4625; baseline -0.001 -18"><span class='ocrx_word' id='word_1_458' title='bbox 417 4564 546 4610; x_wconf 84' lang='lat' dir='ltr'><strong>tres.</strong></span> <span class='ocrx_word' id='word_1_459' title='bbox 571 4555 911 4624; x_wconf 83' lang='lat' dir='ltr'><strong>Colliguntur</strong></span> <span class='ocrx_word' id='word_1_460' title='bbox 938 4570 1056 4617; x_wconf 77' lang='lat' dir='ltr'><strong>vnn,</strong></span> <span class='ocrx_word' id='word_1_461' title='bbox 1089 4571 1119 4610; x_wconf 93' lang='lat' dir='ltr'><strong>e</strong></span> <span class='ocrx_word' id='word_1_462' title='bbox 1152 4556 1352 4625; x_wconf 85' lang='lat' dir='ltr'><strong>quibus</strong></span> <span class='ocrx_word' id='word_1_463' title='bbox 1393 4556 1652 4610; x_wconf 80' lang='lat' dir='ltr'><strong>detractis</strong></span> <span class='ocrx_word' id='word_1_464' title='bbox 1679 4571 1778 4616; x_wconf 81' lang='lat' dir='ltr'><strong>vn,</strong></span> <span class='ocrx_word' id='word_1_465' title='bbox 1815 4554 1979 4608; x_wconf 88' lang='lat' dir='ltr'><strong>relin-</strong></span> 
     </span>
    </p>
   </div>
   <div class='ocr_carea' id='block_1_65' title="bbox 418 4645 1976 4721">
    <p class='ocr_par' dir='ltr' id='par_1_65' title="bbox 418 4645 1976 4721">
     <span class='ocr_line' id='line_1_65' title="bbox 418 4645 1976 4721; baseline 0.001 -26"><span class='ocrx_word' id='word_1_466' title='bbox 418 4645 605 4710; x_wconf 82' lang='lat' dir='ltr'><strong>quitur</strong></span> <span class='ocrx_word' id='word_1_467' title='bbox 653 4661 666 4698; x_wconf 95' lang='lat' dir='ltr'><strong>l</strong></span> <span class='ocrx_word' id='word_1_468' title='bbox 715 4645 919 4713; x_wconf 87' lang='lat' dir='ltr'><strong>Aprilis</strong></span> <span class='ocrx_word' id='word_1_469' title='bbox 965 4653 1169 4721; x_wconf 87' lang='lat' dir='ltr'><strong>epacta.</strong></span> <span class='ocrx_word' id='word_1_470' title='bbox 1221 4646 1304 4702; x_wconf 88' lang='lat' dir='ltr'><strong>0h</strong></span> <span class='ocrx_word' id='word_1_471' title='bbox 1354 4645 1593 4716; x_wconf 85' lang='lat' dir='ltr'><strong>Aprilem</strong></span> <span class='ocrx_word' id='word_1_472' title='bbox 1650 4645 1787 4700; x_wconf 86' lang='lat' dir='ltr'><strong>addc</strong></span> <span class='ocrx_word' id='word_1_473' title='bbox 1824 4645 1976 4708; x_wconf 88' lang='lat' dir='ltr'><strong>duo,</strong></span> 
     </span>
    </p>
   </div>
   <div class='ocr_carea' id='block_1_66' title="bbox 420 4735 1976 4806">
    <p class='ocr_par' dir='ltr' id='par_1_66' title="bbox 420 4735 1976 4806">
     <span class='ocr_line' id='line_1_66' title="bbox 420 4735 1976 4806; baseline 0.003 -18"><span class='ocrx_word' id='word_1_474' title='bbox 420 4738 544 4789; x_wconf 85' lang='lat' dir='ltr'><strong>tient</strong></span> <span class='ocrx_word' id='word_1_475' title='bbox 570 4736 694 4797; x_wconf 90' lang='lat' dir='ltr'><strong>tria,</strong></span> <span class='ocrx_word' id='word_1_476' title='bbox 721 4744 926 4806; x_wconf 73' lang='lat' dir='ltr'><strong>epactae</strong></span> <span class='ocrx_word' id='word_1_477' title='bbox 962 4735 1084 4795; x_wconf 71' lang='lat' dir='ltr'><strong>Maii</strong></span> <span class='ocrx_word' id='word_1_478' title='bbox 1123 4755 1137 4792; x_wconf 88' lang='lat'><strong>:</strong></span> <span class='ocrx_word' id='word_1_479' title='bbox 1180 4738 1270 4806; x_wconf 86' lang='lat' dir='ltr'><strong>qui</strong></span> <span class='ocrx_word' id='word_1_480' title='bbox 1301 4738 1501 4792; x_wconf 87' lang='lat' dir='ltr'><strong>additis</strong></span> <span class='ocrx_word' id='word_1_481' title='bbox 1530 4738 1727 4799; x_wconf 89' lang='lat' dir='ltr'><strong>tribus,</strong></span> <span class='ocrx_word' id='word_1_482' title='bbox 1755 4745 1976 4806; x_wconf 86' lang='lat' dir='ltr'><strong>epactas</strong></span> 
     </span>
    </p>
   </div>
   <div class='ocr_carea' id='block_1_67' title="bbox 416 4825 1976 4912">
    <p class='ocr_par' dir='ltr' id='par_1_67' title="bbox 416 4825 1976 4912">
     <span class='ocr_line' id='line_1_67' title="bbox 416 4825 1976 4912; baseline 0.003 -32"><span class='ocrx_word' id='word_1_483' title='bbox 416 4825 544 4880; x_wconf 80' lang='lat' dir='ltr'><strong>facit</strong></span> <span class='ocrx_word' id='word_1_484' title='bbox 566 4825 712 4912; x_wconf 58' lang='grc' dir='ltr'>ξιιηῆ</span> <span class='ocrx_word' id='word_1_485' title='bbox 755 4844 830 4882; x_wconf 83' lang='grc' dir='ltr'><strong>νι.</strong></span> <span class='ocrx_word' id='word_1_486' title='bbox 857 4828 1083 4884; x_wconf 80' lang='lat' dir='ltr'><strong>Accedit</strong></span> <span class='ocrx_word' id='word_1_487' title='bbox 1116 4829 1338 4885; x_wconf 86' lang='lat' dir='ltr'><strong>biduum</strong></span> <span class='ocrx_word' id='word_1_488' title='bbox 1371 4839 1590 4899; x_wconf 83' lang='lat' dir='ltr'><strong>propter</strong></span> <span class='ocrx_word' id='word_1_489' title='bbox 1626 4828 1874 4891; x_wconf 81' lang='lat' dir='ltr'><strong>Junium,</strong></span> <span class='ocrx_word' id='word_1_490' title='bbox 1922 4838 1976 4884; x_wconf 89' lang='lat' dir='ltr'><strong>et</strong></span> 
     </span>
    </p>
   </div>
   <div class='ocr_carea' id='block_1_68' title="bbox 411 4919 1971 4990">
    <p class='ocr_par' dir='ltr' id='par_1_68' title="bbox 411 4919 1971 4990">
     <span class='ocr_line' id='line_1_68' title="bbox 411 4919 1971 4990; baseline 0.003 -20"><span class='ocrx_word' id='word_1_491' title='bbox 411 4935 476 4970; x_wconf 74' lang='lat' dir='ltr'><strong>ex</strong></span> <span class='ocrx_word' id='word_1_492' title='bbox 533 4933 744 4973; x_wconf 82' lang='lat' dir='ltr'><strong>summa</strong></span> <span class='ocrx_word' id='word_1_493' title='bbox 788 4936 880 4974; x_wconf 82' lang='lat' dir='ltr'><strong>vm</strong></span> <span class='ocrx_word' id='word_1_494' title='bbox 923 4919 1158 4989; x_wconf 91' lang='lat' dir='ltr'><strong>demptis</strong></span> <span class='ocrx_word' id='word_1_495' title='bbox 1192 4937 1288 4985; x_wconf 81' lang='lat' dir='ltr'><strong>vn,</strong></span> <span class='ocrx_word' id='word_1_496' title='bbox 1322 4929 1492 4976; x_wconf 88' lang='lat' dir='ltr'><strong>restat</strong></span> <span class='ocrx_word' id='word_1_497' title='bbox 1533 4937 1548 4974; x_wconf 92' lang='lat' dir='ltr'><strong>I</strong></span> <span class='ocrx_word' id='word_1_498' title='bbox 1582 4919 1711 4974; x_wconf 77' lang='lat' dir='ltr'><strong>Julii</strong></span> <span class='ocrx_word' id='word_1_499' title='bbox 1759 4929 1971 4990; x_wconf 90' lang='lat' dir='ltr'><strong>epacta.</strong></span> 
     </span>
    </p>
   </div>
   <div class='ocr_carea' id='block_1_69' title="bbox 413 5007 1976 5082">
    <p class='ocr_par' dir='ltr' id='par_1_69' title="bbox 413 5007 1976 5082">
     <span class='ocr_line' id='line_1_69' title="bbox 413 5007 1976 5082; baseline 0.003 -21"><span class='ocrx_word' id='word_1_500' title='bbox 413 5007 550 5062; x_wconf 80' lang='lat' dir='ltr'><strong>Tum</strong></span> <span class='ocrx_word' id='word_1_501' title='bbox 611 5017 832 5079; x_wconf 87' lang='lat' dir='ltr'><strong>propter</strong></span> <span class='ocrx_word' id='word_1_502' title='bbox 890 5009 1090 5065; x_wconf 80' lang='lat' dir='ltr'><strong>Julium</strong></span> <span class='ocrx_word' id='word_1_503' title='bbox 1159 5011 1439 5079; x_wconf 87' lang='lat' dir='ltr'><strong>adjunctis</strong></span> <span class='ocrx_word' id='word_1_504' title='bbox 1489 5012 1708 5072; x_wconf 89' lang='lat' dir='ltr'><strong>tribus,</strong></span> <span class='ocrx_word' id='word_1_505' title='bbox 1771 5021 1976 5082; x_wconf 72' lang='lat' dir='ltr'><strong>epactae</strong></span> 
     </span>
    </p>
   </div>
   <div class='ocr_carea' id='block_1_70' title="bbox 415 5099 1978 5174">
    <p class='ocr_par' dir='ltr' id='par_1_70' title="bbox 415 5099 1978 5174">
     <span class='ocr_line' id='line_1_70' title="bbox 415 5099 1978 5174; baseline 0.003 -20"><span class='ocrx_word' id='word_1_506' title='bbox 415 5099 549 5154; x_wconf 80' lang='lat' dir='ltr'><strong>ﬁunt</strong></span> <span class='ocrx_word' id='word_1_507' title='bbox 572 5100 798 5172; x_wconf 76' lang='lat' dir='ltr'><strong>Augusti</strong></span> <span class='ocrx_word' id='word_1_508' title='bbox 832 5119 902 5156; x_wconf 84' lang='grc' dir='ltr'><strong>ιν.</strong></span> <span class='ocrx_word' id='word_1_509' title='bbox 935 5103 1213 5173; x_wconf 84' lang='lat' dir='ltr'><strong>Augustus</strong></span> <span class='ocrx_word' id='word_1_510' title='bbox 1241 5103 1427 5172; x_wconf 87' lang='lat' dir='ltr'><strong>adjicit</strong></span> <span class='ocrx_word' id='word_1_511' title='bbox 1453 5105 1576 5166; x_wconf 90' lang='lat' dir='ltr'><strong>tria,</strong></span> <span class='ocrx_word' id='word_1_512' title='bbox 1611 5120 1785 5174; x_wconf 88' lang='lat' dir='ltr'><strong>coque</strong></span> <span class='ocrx_word' id='word_1_513' title='bbox 1816 5103 1978 5158; x_wconf 91' lang='lat' dir='ltr'><strong>modo</strong></span> 
     </span>
    </p>
   </div>
   <div class='ocr_carea' id='block_1_71' title="bbox 411 5195 1976 5266">
    <p class='ocr_par' dir='ltr' id='par_1_71' title="bbox 411 5195 1976 5266">
     <span class='ocr_line' id='line_1_71' title="bbox 411 5195 1976 5266; baseline 0.005 -24"><span class='ocrx_word' id='word_1_514' title='bbox 411 5207 486 5245; x_wconf 75' lang='grc' dir='ltr'><strong>νιι</strong></span> <span class='ocrx_word' id='word_1_515' title='bbox 508 5204 848 5262; x_wconf 86' lang='lat' dir='ltr'><strong>consurgunt</strong></span> <span class='ocrx_word' id='word_1_516' title='bbox 869 5204 1072 5264; x_wconf 70' lang='lat' dir='ltr'><strong>epactae</strong></span> <span class='ocrx_word' id='word_1_517' title='bbox 1101 5195 1454 5266; x_wconf 74' lang='lat' dir='ltr'><strong>Septembris.</strong></span> <span class='ocrx_word' id='word_1_518' title='bbox 1489 5195 1645 5252; x_wconf 83' lang='lat' dir='ltr'><strong>Hunc</strong></span> <span class='ocrx_word' id='word_1_519' title='bbox 1675 5197 1729 5251; x_wconf 87' lang='lat' dir='ltr'><strong>in</strong></span> <span class='ocrx_word' id='word_1_520' title='bbox 1757 5198 1976 5251; x_wconf 86' lang='lat' dir='ltr'><strong>modum</strong></span> 
     </span>
    </p>
   </div>
   <div class='ocr_carea' id='block_1_72' title="bbox 411 5281 1977 5358">
    <p class='ocr_par' dir='ltr' id='par_1_72' title="bbox 411 5281 1977 5358">
     <span class='ocr_line' id='line_1_72' title="bbox 411 5281 1977 5358; baseline 0.006 -26"><span class='ocrx_word' id='word_1_521' title='bbox 411 5281 714 5350; x_wconf 77' lang='lat' dir='ltr'><strong>explicatur</strong></span> <span class='ocrx_word' id='word_1_522' title='bbox 756 5293 1070 5354; x_wconf 87' lang='lat' dir='ltr'><strong>epactarum</strong></span> <span class='ocrx_word' id='word_1_523' title='bbox 1113 5285 1468 5356; x_wconf 85' lang='lat' dir='ltr'><strong>propagatio;</strong></span> <span class='ocrx_word' id='word_1_524' title='bbox 1501 5303 1623 5358; x_wconf 80' lang='lat' dir='ltr'><strong>qua:</strong></span> <span class='ocrx_word' id='word_1_525' title='bbox 1654 5287 1977 5357; x_wconf 87' lang='lat' dir='ltr'><strong>compendio</strong></span> 
     </span>
    </p>
   </div>
   <div class='ocr_carea' id='block_1_73' title="bbox 412 5374 859 5442">
    <p class='ocr_par' dir='ltr' id='par_1_73' title="bbox 412 5374 859 5442">
     <span class='ocr_line' id='line_1_73' title="bbox 412 5374 859 5442; baseline 0.002 -16"><span class='ocrx_word' id='word_1_526' title='bbox 412 5374 486 5426; x_wconf 89' lang='lat' dir='ltr'><strong>ita</strong></span> <span class='ocrx_word' id='word_1_527' title='bbox 516 5374 859 5442; x_wconf 86' lang='lat' dir='ltr'><strong>proponitur.</strong></span> 
     </span>
    </p>
   </div>
   <div class='ocr_carea' id='block_1_74' title="bbox 2088 1893 3643 1971">
    <p class='ocr_par' dir='ltr' id='par_1_74' title="bbox 2088 1893 3643 1971">
     <span class='ocr_line' id='line_1_74' title="bbox 2088 1893 3643 1971; baseline -0.004 -19"><span class='ocrx_word' id='word_1_528' title='bbox 2088 1898 2232 1954; x_wconf 81' lang='grc' dir='ltr'>καθὰ</span> <span class='ocrx_word' id='word_1_529' title='bbox 2278 1898 2581 1971; x_wconf 74' lang='grc' dir='ltr'>ἐδιδάχθης,</span> <span class='ocrx_word' id='word_1_530' title='bbox 2633 1899 2728 1953; x_wconf 79' lang='grc' dir='ltr'>καὶ</span> <span class='ocrx_word' id='word_1_531' title='bbox 2773 1899 3024 1970; x_wconf 78' lang='grc' dir='ltr'>εὑρήσεις</span> <span class='ocrx_word' id='word_1_532' title='bbox 3064 1897 3126 1951; x_wconf 82' lang='grc' dir='ltr'>τὸ</span> <span class='ocrx_word' id='word_1_533' title='bbox 3173 1896 3284 1951; x_wconf 83' lang='grc' dir='ltr'><strong>τῶν</strong></span> <span class='ocrx_word' id='word_1_534' title='bbox 3325 1893 3643 1968; x_wconf 80' lang='grc' dir='ltr'><strong>Χριστιανῶν</strong></span> 
     </span>
    </p>
   </div>
   <div class='ocr_carea' id='block_1_75' title="bbox 2088 1990 2304 2062">
    <p class='ocr_par' dir='ltr' id='par_1_75' title="bbox 2088 1990 2304 2062">
     <span class='ocr_line' id='line_1_75' title="bbox 2088 1990 2304 2062; baseline -0.009 -19"><span class='ocrx_word' id='word_1_535' title='bbox 2088 1990 2279 2062; x_wconf 88' lang='grc' dir='ltr'>Πάσχα</span> <span class='ocrx_word' id='word_1_536' title='bbox 2291 2029 2304 2042; x_wconf 92' lang='grc'><strong>.</strong></span> 
     </span>
    </p>
   </div>
   <div class='ocr_carea' id='block_1_76' title="bbox 2264 2077 3486 2150">
    <p class='ocr_par' dir='ltr' id='par_1_76' title="bbox 2264 2077 3486 2150">
     <span class='ocr_line' id='line_1_76' title="bbox 2264 2077 3486 2150; baseline -0.003 -13"><span class='ocrx_word' id='word_1_537' title='bbox 2264 2084 2370 2146; x_wconf 83' lang='grc' dir='ltr'>Είς</span> <span class='ocrx_word' id='word_1_538' title='bbox 2413 2081 2480 2135; x_wconf 85' lang='grc' dir='ltr'>τὸ</span> <span class='ocrx_word' id='word_1_539' title='bbox 2518 2080 2718 2150; x_wconf 78' lang='grc' dir='ltr'>εὑρεῖν</span> <span class='ocrx_word' id='word_1_540' title='bbox 2756 2081 2822 2134; x_wconf 84' lang='grc' dir='ltr'>τὸ</span> <span class='ocrx_word' id='word_1_541' title='bbox 2857 2077 3215 2148; x_wconf 79' lang='grc' dir='ltr'>Χριστιανὸν</span> <span class='ocrx_word' id='word_1_542' title='bbox 3249 2077 3486 2147; x_wconf 83' lang='grc' dir='ltr'>Πάσχα.</span> 
     </span>
    </p>
   </div>
   <div class='ocr_carea' id='block_1_77' title="bbox 2155 2168 3640 2248">
    <p class='ocr_par' dir='ltr' id='par_1_77' title="bbox 2155 2168 3640 2248">
     <span class='ocr_line' id='line_1_77' title="bbox 2155 2168 3640 2248; baseline -0.004 -21"><span class='ocrx_word' id='word_1_543' title='bbox 2155 2173 2446 2248; x_wconf 82' lang='grc' dir='ltr'>Κράτησον</span> <span class='ocrx_word' id='word_1_544' title='bbox 2470 2174 2563 2232; x_wconf 80' lang='grc' dir='ltr'><strong>τοῦ</strong></span> <span class='ocrx_word' id='word_1_545' title='bbox 2593 2173 3016 2244; x_wconf 79' lang='grc' dir='ltr'>ὲπιζῃτουμένου</span> <span class='ocrx_word' id='word_1_546' title='bbox 3048 2171 3201 2235; x_wconf 80' lang='grc' dir='ltr'>ἔτους</span> <span class='ocrx_word' id='word_1_547' title='bbox 3227 2170 3320 2224; x_wconf 80' lang='grc' dir='ltr'><strong>τὸν</strong></span> <span class='ocrx_word' id='word_1_548' title='bbox 3351 2169 3541 2224; x_wconf 87' lang='grc' dir='ltr'>κύκλον</span> <span class='ocrx_word' id='word_1_549' title='bbox 3560 2168 3640 2222; x_wconf 80' lang='grc' dir='ltr'>τοῦ</span> 
     </span>
    </p>
   </div>
   <div class='ocr_carea' id='block_1_78' title="bbox 2087 2263 3638 2341">
    <p class='ocr_par' dir='ltr' id='par_1_78' title="bbox 2087 2263 3638 2341">
     <span class='ocr_line' id='line_1_78' title="bbox 2087 2263 3638 2341; baseline -0.005 -20"><span class='ocrx_word' id='word_1_550' title='bbox 2087 2268 2239 2341; x_wconf 72' lang='grc' dir='ltr'>ἡλίου</span> <span class='ocrx_word' id='word_1_551' title='bbox 2259 2283 2276 2300; x_wconf 79' lang='grc'><strong><em>⁸</em></strong></span> <span class='ocrx_word' id='word_1_552' title='bbox 2311 2267 2547 2338; x_wconf 80' lang='grc' dir='ltr'>πρόσθες</span> <span class='ocrx_word' id='word_1_553' title='bbox 2575 2265 2633 2320; x_wconf 79' lang='grc' dir='ltr'><strong>δὲ</strong></span> <span class='ocrx_word' id='word_1_554' title='bbox 2659 2266 2753 2321; x_wconf 75' lang='grc' dir='ltr'>καὶ</span> <span class='ocrx_word' id='word_1_555' title='bbox 2783 2265 2850 2318; x_wconf 80' lang='grc' dir='ltr'><strong>τά</strong></span> <span class='ocrx_word' id='word_1_556' title='bbox 2877 2264 3214 2337; x_wconf 80' lang='grc' dir='ltr'>παρελθόντα</span> <span class='ocrx_word' id='word_1_557' title='bbox 3236 2263 3481 2335; x_wconf 82' lang='grc' dir='ltr'>βίσεξτα·</span> <span class='ocrx_word' id='word_1_558' title='bbox 3504 2279 3638 2316; x_wconf 85' lang='grc' dir='ltr'>τουτ-</span> 
     </span>
    </p>
   </div>
   <div class='ocr_carea' id='block_1_79' title="bbox 2087 2353 3641 2432">
    <p class='ocr_par' dir='ltr' id='par_1_79' title="bbox 2087 2353 3641 2432">
     <span class='ocr_line' id='line_1_79' title="bbox 2087 2353 3641 2432; baseline -0.006 -18"><span class='ocrx_word' id='word_1_559' title='bbox 2087 2363 2202 2414; x_wconf 81' lang='grc' dir='ltr'>ὲστι</span> <span class='ocrx_word' id='word_1_560' title='bbox 2243 2361 2380 2414; x_wconf 83' lang='grc' dir='ltr'>κατὰ</span> <span class='ocrx_word' id='word_1_561' title='bbox 2421 2361 2462 2412; x_wconf 84' lang='grc' dir='ltr'><strong>δ’</strong></span> <span class='ocrx_word' id='word_1_562' title='bbox 2501 2361 2732 2423; x_wconf 79' lang='grc' dir='ltr'>κύκλους</span> <span class='ocrx_word' id='word_1_563' title='bbox 2763 2359 2976 2432; x_wconf 69' lang='grc' dir='ltr'>ἡμέραν</span> <span class='ocrx_word' id='word_1_564' title='bbox 3017 2365 3085 2412; x_wconf 83' lang='grc' dir='ltr'>α’.</span> <span class='ocrx_word' id='word_1_565' title='bbox 3111 2353 3226 2411; x_wconf 76' lang='grc' dir='ltr'>Εἶθ’</span> <span class='ocrx_word' id='word_1_566' title='bbox 3253 2357 3447 2418; x_wconf 75' lang='grc' dir='ltr'>οὕτως,</span> <span class='ocrx_word' id='word_1_567' title='bbox 3478 2357 3524 2408; x_wconf 88' lang='grc' dir='ltr'>εἰ</span> <span class='ocrx_word' id='word_1_568' title='bbox 3555 2356 3641 2424; x_wconf 80' lang='grc' dir='ltr'><strong>μέν</strong></span> 
     </span>
    </p>
   </div>
   <div class='ocr_carea' id='block_1_80' title="bbox 2088 2447 3640 2521">
    <p class='ocr_par' dir='ltr' id='par_1_80' title="bbox 2088 2447 3640 2521">
     <span class='ocr_line' id='line_1_80' title="bbox 2088 2447 3640 2521; baseline -0.001 -18"><span class='ocrx_word' id='word_1_569' title='bbox 2088 2452 2204 2504; x_wconf 74' lang='grc' dir='ltr'>ἐστι</span> <span class='ocrx_word' id='word_1_570' title='bbox 2227 2451 2289 2505; x_wconf 78' lang='grc' dir='ltr'>τὸ</span> <span class='ocrx_word' id='word_1_571' title='bbox 2309 2449 2528 2521; x_wconf 80' lang='grc' dir='ltr'>νομικὸν</span> <span class='ocrx_word' id='word_1_572' title='bbox 2561 2451 2751 2520; x_wconf 82' lang='grc' dir='ltr'>Πάσχα</span> <span class='ocrx_word' id='word_1_573' title='bbox 2787 2452 2867 2513; x_wconf 83' lang='grc' dir='ltr'><strong>είς</strong></span> <span class='ocrx_word' id='word_1_574' title='bbox 2895 2450 2988 2503; x_wconf 79' lang='grc' dir='ltr'>τὸν</span> <span class='ocrx_word' id='word_1_575' title='bbox 3017 2449 3264 2519; x_wconf 77' lang='grc' dir='ltr'>Μάρτιον</span> <span class='ocrx_word' id='word_1_576' title='bbox 3297 2449 3462 2518; x_wconf 78' lang='grc' dir='ltr'>μῆνα,</span> <span class='ocrx_word' id='word_1_577' title='bbox 3489 2447 3640 2516; x_wconf 81' lang='grc' dir='ltr'>πρόσ-</span> 
     </span>
    </p>
   </div>
   <div class='ocr_carea' id='block_1_81' title="bbox 2088 2537 3637 2609">
    <p class='ocr_par' dir='ltr' id='par_1_81' title="bbox 2088 2537 3637 2609">
     <span class='ocr_line' id='line_1_81' title="bbox 2088 2537 3637 2609; baseline -0.005 -13"><span class='ocrx_word' id='word_1_578' title='bbox 2088 2543 2177 2608; x_wconf 87' lang='grc' dir='ltr'><strong>θες</strong></span> <span class='ocrx_word' id='word_1_579' title='bbox 2209 2544 2306 2608; x_wconf 78' lang='grc' dir='ltr'><strong>τὰς</strong></span> <span class='ocrx_word' id='word_1_580' title='bbox 2340 2544 2583 2609; x_wconf 72' lang='grc' dir='ltr'>ἐπακτὸς</span> <span class='ocrx_word' id='word_1_581' title='bbox 2615 2542 2777 2597; x_wconf 76' lang='grc' dir='ltr'>αὑτοῦ</span> <span class='ocrx_word' id='word_1_582' title='bbox 2802 2549 2841 2596; x_wconf 84' lang='grc' dir='ltr'>ε’</span> <span class='ocrx_word' id='word_1_583' title='bbox 2861 2560 2874 2573; x_wconf 89' lang='grc'><strong>·</strong></span> <span class='ocrx_word' id='word_1_584' title='bbox 2903 2544 2951 2596; x_wconf 85' lang='grc' dir='ltr'><strong>εί</strong></span> <span class='ocrx_word' id='word_1_585' title='bbox 2982 2541 3041 2595; x_wconf 82' lang='grc' dir='ltr'><strong>δέ</strong></span> <span class='ocrx_word' id='word_1_586' title='bbox 3073 2543 3219 2595; x_wconf 75' lang='grc' dir='ltr'>ἐστιν</span> <span class='ocrx_word' id='word_1_587' title='bbox 3247 2543 3327 2604; x_wconf 88' lang='grc' dir='ltr'><strong>είς</strong></span> <span class='ocrx_word' id='word_1_588' title='bbox 3360 2540 3452 2592; x_wconf 78' lang='grc' dir='ltr'>τὸν</span> <span class='ocrx_word' id='word_1_589' title='bbox 3484 2537 3637 2608; x_wconf 81' lang='grc' dir='ltr'>Ἀπρί-</span> 
     </span>
    </p>
   </div>
   <div class='ocr_carea' id='block_1_82' title="bbox 2087 2626 3636 2706">
    <p class='ocr_par' dir='ltr' id='par_1_82' title="bbox 2087 2626 3636 2706">
     <span class='ocr_line' id='line_1_82' title="bbox 2087 2626 3636 2706; baseline -0.005 -18"><span class='ocrx_word' id='word_1_590' title='bbox 2087 2636 2220 2698; x_wconf 83' lang='grc' dir='ltr'>λιον,</span> <span class='ocrx_word' id='word_1_591' title='bbox 2271 2635 2506 2706; x_wconf 85' lang='grc' dir='ltr'>πρόσθες</span> <span class='ocrx_word' id='word_1_592' title='bbox 2553 2641 2601 2688; x_wconf 85' lang='grc' dir='ltr'>α’</span> <span class='ocrx_word' id='word_1_593' title='bbox 2648 2632 2745 2704; x_wconf 74' lang='grc' dir='ltr'><strong>τὴν</strong></span> <span class='ocrx_word' id='word_1_594' title='bbox 2800 2631 2965 2686; x_wconf 81' lang='grc' dir='ltr'>αὑτοῦ</span> <span class='ocrx_word' id='word_1_595' title='bbox 3016 2632 3282 2701; x_wconf 83' lang='grc' dir='ltr'>ὲπακτήν.</span> <span class='ocrx_word' id='word_1_596' title='bbox 3324 2629 3553 2690; x_wconf 83' lang='grc' dir='ltr'>Ἐνώσας</span> <span class='ocrx_word' id='word_1_597' title='bbox 3591 2626 3636 2680; x_wconf 61' lang='grc' dir='ltr'><strong>δὲ</strong></span> 
     </span>
    </p>
   </div>
   <div class='ocr_carea' id='block_1_83' title="bbox 2088 2720 3636 2790">
    <p class='ocr_par' dir='ltr' id='par_1_83' title="bbox 2088 2720 3636 2790">
     <span class='ocr_line' id='line_1_83' title="bbox 2088 2720 3636 2790; baseline -0.005 -10"><span class='ocrx_word' id='word_1_598' title='bbox 2088 2728 2287 2790; x_wconf 83' lang='grc' dir='ltr'>πάντα,</span> <span class='ocrx_word' id='word_1_599' title='bbox 2323 2727 2588 2784; x_wconf 83' lang='grc' dir='ltr'>ἀνάλυσον</span> <span class='ocrx_word' id='word_1_600' title='bbox 2622 2725 2710 2780; x_wconf 81' lang='grc' dir='ltr'><strong>διὰ</strong></span> <span class='ocrx_word' id='word_1_601' title='bbox 2742 2723 2848 2778; x_wconf 84' lang='grc' dir='ltr'>τῶν</span> <span class='ocrx_word' id='word_1_602' title='bbox 2882 2723 2927 2788; x_wconf 78' lang='grc' dir='ltr'><strong>ζ’</strong></span> <span class='ocrx_word' id='word_1_603' title='bbox 2947 2739 2960 2753; x_wconf 77' lang='grc'><strong><em>³</em></strong></span> <span class='ocrx_word' id='word_1_604' title='bbox 2994 2723 3088 2777; x_wconf 74' lang='grc' dir='ltr'>καὶ</span> <span class='ocrx_word' id='word_1_605' title='bbox 3131 2722 3200 2776; x_wconf 85' lang='grc' dir='ltr'><strong>τά</strong></span> <span class='ocrx_word' id='word_1_606' title='bbox 3225 2722 3471 2776; x_wconf 87' lang='grc' dir='ltr'>κάτωθεν</span> <span class='ocrx_word' id='word_1_607' title='bbox 3493 2721 3588 2774; x_wconf 82' lang='grc' dir='ltr'>τῶν</span> <span class='ocrx_word' id='word_1_608' title='bbox 3601 2720 3636 2782; x_wconf 79' lang='grc' dir='ltr'><strong>ζ’</strong></span> 
     </span>
    </p>
   </div>
   <div class='ocr_carea' id='block_1_84' title="bbox 2085 2807 3638 2890">
    <p class='ocr_par' dir='ltr' id='par_1_84' title="bbox 2085 2807 3638 2890">
     <span class='ocr_line' id='line_1_84' title="bbox 2085 2807 3638 2890; baseline -0.006 -19"><span class='ocrx_word' id='word_1_609' title='bbox 2085 2817 2302 2890; x_wconf 79' lang='grc' dir='ltr'>δηλοῦσι</span> <span class='ocrx_word' id='word_1_610' title='bbox 2333 2818 2431 2887; x_wconf 82' lang='grc' dir='ltr'>τὴν</span> <span class='ocrx_word' id='word_1_611' title='bbox 2477 2815 2804 2887; x_wconf 84' lang='grc' dir='ltr'>άρχιμηνίαν</span> <span class='ocrx_word' id='word_1_612' title='bbox 2831 2813 2924 2868; x_wconf 81' lang='grc' dir='ltr'>τοῦ</span> <span class='ocrx_word' id='word_1_613' title='bbox 2975 2813 3160 2884; x_wconf 77' lang='grc' dir='ltr'>μηνὸς,</span> <span class='ocrx_word' id='word_1_614' title='bbox 3192 2813 3248 2864; x_wconf 81' lang='grc' dir='ltr'>ὲν</span> <span class='ocrx_word' id='word_1_615' title='bbox 3293 2807 3338 2880; x_wconf 81' lang='grc' dir='ltr'>ᾧ</span> <span class='ocrx_word' id='word_1_616' title='bbox 3371 2813 3569 2881; x_wconf 84' lang='grc' dir='ltr'>γίνεται</span> <span class='ocrx_word' id='word_1_617' title='bbox 3588 2808 3638 2863; x_wconf 80' lang='grc' dir='ltr'>τὸ</span> 
     </span>
    </p>
   </div>
   <div class='ocr_carea' id='block_1_85' title="bbox 2087 2902 3636 2980">
    <p class='ocr_par' dir='ltr' id='par_1_85' title="bbox 2087 2902 3636 2980">
     <span class='ocr_line' id='line_1_85' title="bbox 2087 2902 3636 2980; baseline -0.003 -18"><span class='ocrx_word' id='word_1_618' title='bbox 2087 2908 2308 2980; x_wconf 82' lang='grc' dir='ltr'>νομικὸν</span> <span class='ocrx_word' id='word_1_619' title='bbox 2336 2909 2548 2979; x_wconf 85' lang='grc' dir='ltr'>Πάσχα.</span> <span class='ocrx_word' id='word_1_620' title='bbox 2575 2903 2687 2961; x_wconf 79' lang='grc' dir='ltr'><strong>Εἶθ’</strong></span> <span class='ocrx_word' id='word_1_621' title='bbox 2715 2906 2886 2970; x_wconf 77' lang='grc' dir='ltr'>οὕτως</span> <span class='ocrx_word' id='word_1_622' title='bbox 2918 2903 3222 2976; x_wconf 80' lang='grc' dir='ltr'>άρίθμησον</span> <span class='ocrx_word' id='word_1_623' title='bbox 3247 2905 3342 2957; x_wconf 83' lang='grc' dir='ltr'><strong>ἀπ’</strong></span> <span class='ocrx_word' id='word_1_624' title='bbox 3365 2905 3530 2972; x_wconf 74' lang='grc' dir='ltr'>αὐτῆς</span> <span class='ocrx_word' id='word_1_625' title='bbox 3557 2902 3636 2970; x_wconf 77' lang='grc' dir='ltr'>τῆς</span> 
     </span>
    </p>
   </div>
   <div class='ocr_carea' id='block_1_86' title="bbox 2085 2994 3638 3072">
    <p class='ocr_par' dir='ltr' id='par_1_86' title="bbox 2085 2994 3638 3072">
     <span class='ocr_line' id='line_1_86' title="bbox 2085 2994 3638 3072; baseline -0.006 -17"><span class='ocrx_word' id='word_1_626' title='bbox 2085 2999 2430 3072; x_wconf 82' lang='grc' dir='ltr'>ἀρχιμηνίας,</span> <span class='ocrx_word' id='word_1_627' title='bbox 2476 3001 2622 3064; x_wconf 83' lang='grc' dir='ltr'>ὅπως</span> <span class='ocrx_word' id='word_1_628' title='bbox 2666 2998 2831 3072; x_wconf 73' lang='grc' dir='ltr'>εὕρῃς</span> <span class='ocrx_word' id='word_1_629' title='bbox 2875 3000 2934 3051; x_wconf 85' lang='grc' dir='ltr'><strong>ὲν</strong></span> <span class='ocrx_word' id='word_1_630' title='bbox 2969 2997 3099 3071; x_wconf 80' lang='grc' dir='ltr'>ποίᾳ</span> <span class='ocrx_word' id='word_1_631' title='bbox 3135 2999 3318 3068; x_wconf 71' lang='grc' dir='ltr'>ἡμέρᾳ</span> <span class='ocrx_word' id='word_1_632' title='bbox 3356 2999 3557 3065; x_wconf 84' lang='grc' dir='ltr'>γίνεται</span> <span class='ocrx_word' id='word_1_633' title='bbox 3587 2994 3638 3047; x_wconf 75' lang='grc' dir='ltr'>τὸ</span> 
     </span>
    </p>
   </div>
   <div class='ocr_carea' id='block_1_87' title="bbox 2085 3087 3638 3164">
    <p class='ocr_par' dir='ltr' id='par_1_87' title="bbox 2085 3087 3638 3164">
     <span class='ocr_line' id='line_1_87' title="bbox 2085 3087 3638 3164; baseline -0.004 -21"><span class='ocrx_word' id='word_1_634' title='bbox 2085 3091 2303 3161; x_wconf 83' lang='grc' dir='ltr'>νομικὸν</span> <span class='ocrx_word' id='word_1_635' title='bbox 2343 3090 2551 3164; x_wconf 84' lang='grc' dir='ltr'>Πάσχα.</span> <span class='ocrx_word' id='word_1_636' title='bbox 2592 3089 2757 3142; x_wconf 82' lang='grc' dir='ltr'><strong>Ἐπὰν</strong></span> <span class='ocrx_word' id='word_1_637' title='bbox 2797 3088 2852 3142; x_wconf 80' lang='grc' dir='ltr'><strong>δὲ</strong></span> <span class='ocrx_word' id='word_1_638' title='bbox 2878 3088 3042 3158; x_wconf 73' lang='grc' dir='ltr'>εὕρῃς</span> <span class='ocrx_word' id='word_1_639' title='bbox 3080 3088 3267 3157; x_wconf 78' lang='grc' dir='ltr'>αὐτὴν,</span> <span class='ocrx_word' id='word_1_640' title='bbox 3313 3089 3364 3140; x_wconf 88' lang='grc' dir='ltr'><strong>εί</strong></span> <span class='ocrx_word' id='word_1_641' title='bbox 3415 3088 3511 3158; x_wconf 82' lang='grc' dir='ltr'>μὲν</span> <span class='ocrx_word' id='word_1_642' title='bbox 3543 3087 3638 3140; x_wconf 77' lang='lat' dir='ltr'><strong>Ku-</strong></span> 
     </span>
    </p>
   </div>
   <div class='ocr_carea' id='block_1_88' title="bbox 2093 3179 3632 3256">
    <p class='ocr_par' dir='ltr' id='par_1_88' title="bbox 2093 3179 3632 3256">
     <span class='ocr_line' id='line_1_88' title="bbox 2093 3179 3632 3256; baseline -0.005 -20"><span class='ocrx_word' id='word_1_643' title='bbox 2093 3183 2252 3255; x_wconf 80' lang='grc' dir='ltr'>ριακὴ</span> <span class='ocrx_word' id='word_1_644' title='bbox 2299 3183 2407 3252; x_wconf 76' lang='grc' dir='ltr'>εἴη,</span> <span class='ocrx_word' id='word_1_645' title='bbox 2437 3182 2623 3237; x_wconf 82' lang='grc' dir='ltr'>ἄνελθε</span> <span class='ocrx_word' id='word_1_646' title='bbox 2667 3184 2746 3245; x_wconf 87' lang='grc' dir='ltr'><strong>είς</strong></span> <span class='ocrx_word' id='word_1_647' title='bbox 2789 3181 2886 3252; x_wconf 80' lang='grc' dir='ltr'>τὴν</span> <span class='ocrx_word' id='word_1_648' title='bbox 2933 3180 3309 3256; x_wconf 75' lang='grc' dir='ltr'>ἐπερχομένην</span> <span class='ocrx_word' id='word_1_649' title='bbox 3337 3179 3632 3250; x_wconf 78' lang='grc' dir='ltr'>Κυριακήν·</span> 
     </span>
    </p>
   </div>
   <div class='ocr_carea' id='block_1_89' title="bbox 2087 3269 3639 3345">
    <p class='ocr_par' dir='ltr' id='par_1_89' title="bbox 2087 3269 3639 3345">
     <span class='ocr_line' id='line_1_89' title="bbox 2087 3269 3639 3345; baseline -0.004 -17"><span class='ocrx_word' id='word_1_650' title='bbox 2087 3276 2308 3328; x_wconf 76' lang='grc' dir='ltr'>κάκεῖσε</span> <span class='ocrx_word' id='word_1_651' title='bbox 2355 3269 2422 3345; x_wconf 76' lang='grc' dir='ltr'><strong>ἦν</strong></span> <span class='ocrx_word' id='word_1_652' title='bbox 2459 3275 2520 3329; x_wconf 77' lang='grc' dir='ltr'>τὸ</span> <span class='ocrx_word' id='word_1_653' title='bbox 2581 3273 2920 3345; x_wconf 83' lang='grc' dir='ltr'>Χριστιανῶν</span> <span class='ocrx_word' id='word_1_654' title='bbox 2974 3275 3200 3344; x_wconf 72' lang='grc' dir='ltr'>Πάσχα*</span> <span class='ocrx_word' id='word_1_655' title='bbox 3248 3274 3298 3325; x_wconf 77' lang='grc' dir='ltr'>εἰ</span> <span class='ocrx_word' id='word_1_656' title='bbox 3338 3271 3397 3324; x_wconf 83' lang='grc' dir='ltr'><strong>δὲ</strong></span> <span class='ocrx_word' id='word_1_657' title='bbox 3435 3270 3639 3338; x_wconf 79' lang='grc' dir='ltr'>δευτέρα</span> 
     </span>
    </p>
   </div>
   <div class='ocr_carea' id='block_1_90' title="bbox 2085 3360 3639 3437">
    <p class='ocr_par' dir='ltr' id='par_1_90' title="bbox 2085 3360 3639 3437">
     <span class='ocr_line' id='line_1_90' title="bbox 2085 3360 3639 3437; baseline -0.004 -17"><span class='ocrx_word' id='word_1_658' title='bbox 2085 3369 2252 3429; x_wconf 81' lang='grc' dir='ltr'>ἐστὶν,</span> <span class='ocrx_word' id='word_1_659' title='bbox 2279 3366 2538 3429; x_wconf 79' lang='grc' dir='ltr'>ὡσαύτως</span> <span class='ocrx_word' id='word_1_660' title='bbox 2568 3369 2633 3436; x_wconf 81' lang='grc' dir='ltr'>τῇ</span> <span class='ocrx_word' id='word_1_661' title='bbox 2670 3365 2938 3437; x_wconf 78' lang='grc' dir='ltr'>ἐρχομένῃ</span> <span class='ocrx_word' id='word_1_662' title='bbox 2985 3365 3260 3435; x_wconf 79' lang='grc' dir='ltr'>Κυριακῇ,</span> <span class='ocrx_word' id='word_1_663' title='bbox 3293 3362 3390 3419; x_wconf 77' lang='grc' dir='ltr'>καὶ</span> <span class='ocrx_word' id='word_1_664' title='bbox 3429 3360 3639 3428; x_wconf 77' lang='grc' dir='ltr'>καθεξῆς</span> 
     </span>
    </p>
   </div>
   <div class='ocr_carea' id='block_1_91' title="bbox 2083 3452 3639 3530">
    <p class='ocr_par' dir='ltr' id='par_1_91' title="bbox 2083 3452 3639 3530">
     <span class='ocr_line' id='line_1_91' title="bbox 2083 3452 3639 3530; baseline -0.006 -16"><span class='ocrx_word' id='word_1_665' title='bbox 2083 3461 2212 3530; x_wconf 79' lang='grc' dir='ltr'>ἄχρι</span> <span class='ocrx_word' id='word_1_666' title='bbox 2242 3458 2336 3512; x_wconf 80' lang='grc' dir='ltr'><strong>τοῦ</strong></span> <span class='ocrx_word' id='word_1_667' title='bbox 2387 3457 2687 3511; x_wconf 87' lang='grc' dir='ltr'>σαϐϐάτου·</span> <span class='ocrx_word' id='word_1_668' title='bbox 2736 3458 2794 3509; x_wconf 82' lang='grc' dir='ltr'><strong>ὲν</strong></span> <span class='ocrx_word' id='word_1_669' title='bbox 2833 3455 3084 3528; x_wconf 42' lang='grc' dir='ltr'>γὰρομιᾷ</span> <span class='ocrx_word' id='word_1_670' title='bbox 3127 3453 3383 3524; x_wconf 83' lang='grc' dir='ltr'>ὲϐδομάδι</span> <span class='ocrx_word' id='word_1_671' title='bbox 3419 3452 3639 3521; x_wconf 83' lang='grc' dir='ltr'>γίνονται</span> 
     </span>
    </p>
   </div>
   <div class='ocr_carea' id='block_1_92' title="bbox 2083 3546 3415 3622">
    <p class='ocr_par' dir='ltr' id='par_1_92' title="bbox 2083 3546 3415 3622">
     <span class='ocr_line' id='line_1_92' title="bbox 2083 3546 3415 3622; baseline -0.005 -16"><span class='ocrx_word' id='word_1_672' title='bbox 2083 3553 2249 3622; x_wconf 79' lang='grc' dir='ltr'>ἄμφω</span> <span class='ocrx_word' id='word_1_673' title='bbox 2279 3550 2350 3603; x_wconf 82' lang='grc' dir='ltr'>τὰ</span> <span class='ocrx_word' id='word_1_674' title='bbox 2378 3550 2586 3620; x_wconf 86' lang='grc' dir='ltr'>Πάσχα,</span> <span class='ocrx_word' id='word_1_675' title='bbox 2622 3550 2680 3605; x_wconf 78' lang='grc' dir='ltr'>ὲν</span> <span class='ocrx_word' id='word_1_676' title='bbox 2723 3549 2821 3619; x_wconf 84' lang='grc' dir='ltr'><strong>μιᾷ</strong></span> <span class='ocrx_word' id='word_1_677' title='bbox 2847 3547 2903 3600; x_wconf 80' lang='grc' dir='ltr'><strong>δὲ</strong></span> <span class='ocrx_word' id='word_1_678' title='bbox 2929 3548 3112 3619; x_wconf 76' lang='grc' dir='ltr'>ἡμέρᾳ</span> <span class='ocrx_word' id='word_1_679' title='bbox 3139 3546 3415 3616; x_wconf 80' lang='grc' dir='ltr'>οὐδαμῶς.</span> 
     </span>
    </p>
   </div>
   <div class='ocr_carea' id='block_1_93' title="bbox 2155 3636 3638 3708">
    <p class='ocr_par' dir='ltr' id='par_1_93' title="bbox 2155 3636 3638 3708">
     <span class='ocr_line' id='line_1_93' title="bbox 2155 3636 3638 3708; baseline -0.005 -14"><span class='ocrx_word' id='word_1_680' title='bbox 2155 3644 2246 3694; x_wconf 77' lang='grc' dir='ltr'><strong>Δεῖ</strong></span> <span class='ocrx_word' id='word_1_681' title='bbox 2272 3639 2559 3708; x_wconf 82' lang='grc' dir='ltr'>γινώσκειν</span> <span class='ocrx_word' id='word_1_682' title='bbox 2592 3638 2708 3703; x_wconf 84' lang='grc' dir='ltr'><strong>πῶς</strong></span> <span class='ocrx_word' id='word_1_683' title='bbox 2753 3639 2994 3706; x_wconf 88' lang='grc' dir='ltr'>γίνονται</span> <span class='ocrx_word' id='word_1_684' title='bbox 3027 3639 3081 3689; x_wconf 79' lang='lat' dir='ltr'><strong>al</strong></span> <span class='ocrx_word' id='word_1_685' title='bbox 3119 3637 3356 3690; x_wconf 78' lang='grc' dir='ltr'>ὲπακταὶ</span> <span class='ocrx_word' id='word_1_686' title='bbox 3398 3636 3507 3689; x_wconf 78' lang='grc' dir='ltr'>τῶν</span> <span class='ocrx_word' id='word_1_687' title='bbox 3547 3651 3638 3701; x_wconf 80' lang='grc' dir='ltr'><strong>μη-</strong></span> 
     </span>
    </p>
   </div>
   <div class='ocr_carea' id='block_1_94' title="bbox 2081 3726 3642 3802">
    <p class='ocr_par' dir='ltr' id='par_1_94' title="bbox 2081 3726 3642 3802">
     <span class='ocr_line' id='line_1_94' title="bbox 2081 3726 3642 3802; baseline -0.004 -16"><span class='ocrx_word' id='word_1_688' title='bbox 2081 3733 2208 3788; x_wconf 81' lang='grc' dir='ltr'>νῶν.</span> <span class='ocrx_word' id='word_1_689' title='bbox 2254 3733 2312 3786; x_wconf 89' lang='lat'><strong>&#39;0</strong></span> <span class='ocrx_word' id='word_1_690' title='bbox 2341 3733 2583 3796; x_wconf 64' lang='grc' dir='ltr'>ἐνιαυτὸς</span> <span class='ocrx_word' id='word_1_691' title='bbox 2608 3733 2718 3802; x_wconf 81' lang='grc' dir='ltr'>ἔχει</span> <span class='ocrx_word' id='word_1_692' title='bbox 2751 3731 2961 3802; x_wconf 78' lang='grc' dir='ltr'>ἡμέρας</span> <span class='ocrx_word' id='word_1_693' title='bbox 2990 3730 3114 3797; x_wconf 67' lang='grc' dir='ltr'>τξέ.</span> <span class='ocrx_word' id='word_1_694' title='bbox 3140 3729 3361 3792; x_wconf 85' lang='grc' dir='ltr'>Ταύτας</span> <span class='ocrx_word' id='word_1_695' title='bbox 3388 3726 3642 3788; x_wconf 80' lang='grc' dir='ltr'>ἀναλύσας</span> 
     </span>
    </p>
   </div>
   <div class='ocr_carea' id='block_1_95' title="bbox 2082 3817 3641 3896">
    <p class='ocr_par' dir='ltr' id='par_1_95' title="bbox 2082 3817 3641 3896">
     <span class='ocr_line' id='line_1_95' title="bbox 2082 3817 3641 3896; baseline -0.006 -15"><span class='ocrx_word' id='word_1_696' title='bbox 2082 3827 2169 3881; x_wconf 76' lang='grc' dir='ltr'><strong>διὰ</strong></span> <span class='ocrx_word' id='word_1_697' title='bbox 2193 3825 2302 3878; x_wconf 83' lang='grc' dir='ltr'>τῶν</span> <span class='ocrx_word' id='word_1_698' title='bbox 2333 3826 2398 3890; x_wconf 78' lang='grc' dir='ltr'><strong>ζ’.</strong></span> <span class='ocrx_word' id='word_1_699' title='bbox 2429 3825 2689 3896; x_wconf 83' lang='grc' dir='ltr'>ἀπομένει</span> <span class='ocrx_word' id='word_1_700' title='bbox 2721 3826 2838 3896; x_wconf 90' lang='grc' dir='ltr'>μία.</span> <span class='ocrx_word' id='word_1_701' title='bbox 2883 3823 3103 3895; x_wconf 84' lang='grc' dir='ltr'>Ταύτην</span> <span class='ocrx_word' id='word_1_702' title='bbox 3147 3823 3248 3894; x_wconf 84' lang='grc' dir='ltr'>τὴν</span> <span class='ocrx_word' id='word_1_703' title='bbox 3279 3823 3408 3894; x_wconf 86' lang='grc' dir='ltr'>μίαν</span> <span class='ocrx_word' id='word_1_704' title='bbox 3441 3817 3641 3893; x_wconf 81' lang='grc' dir='ltr'>προστί-</span> 
     </span>
    </p>
   </div>
   <div class='ocr_carea' id='block_1_96' title="bbox 2083 3905 3639 3990">
    <p class='ocr_par' dir='ltr' id='par_1_96' title="bbox 2083 3905 3639 3990">
     <span class='ocr_line' id='line_1_96' title="bbox 2083 3905 3639 3990; baseline -0.006 -18"><span class='ocrx_word' id='word_1_705' title='bbox 2083 3918 2226 3990; x_wconf 87' lang='grc' dir='ltr'>θητι,</span> <span class='ocrx_word' id='word_1_706' title='bbox 2261 3919 2354 3971; x_wconf 75' lang='grc' dir='ltr'>καὶ</span> <span class='ocrx_word' id='word_1_707' title='bbox 2384 3918 2493 3973; x_wconf 81' lang='grc' dir='ltr'><strong>ἀπὸ</strong></span> <span class='ocrx_word' id='word_1_708' title='bbox 2527 3917 2622 3972; x_wconf 83' lang='grc' dir='ltr'><strong>τοῦ</strong></span> <span class='ocrx_word' id='word_1_709' title='bbox 2665 3905 3039 3988; x_wconf 57' lang='grc' dir='ltr'><strong>ἰΟκτωμϐρίου</strong></span> <span class='ocrx_word' id='word_1_710' title='bbox 3069 3921 3149 3984; x_wconf 83' lang='grc' dir='ltr'><strong>γ”</strong></span> <span class='ocrx_word' id='word_1_711' title='bbox 3181 3915 3279 3969; x_wconf 77' lang='grc' dir='ltr'>καὶ</span> <span class='ocrx_word' id='word_1_712' title='bbox 3315 3913 3552 3982; x_wconf 88' lang='grc' dir='ltr'>γίνονται</span> <span class='ocrx_word' id='word_1_713' title='bbox 3586 3910 3639 3964; x_wconf 75' lang='grc' dir='ltr'><strong>δ’.</strong></span> 
     </span>
    </p>
   </div>
   <div class='ocr_carea' id='block_1_97' title="bbox 2081 4003 3642 4082">
    <p class='ocr_par' dir='ltr' id='par_1_97' title="bbox 2081 4003 3642 4082">
     <span class='ocr_line' id='line_1_97' title="bbox 2081 4003 3642 4082; baseline -0.004 -18"><span class='ocrx_word' id='word_1_714' title='bbox 2081 4010 2297 4075; x_wconf 84' lang='grc' dir='ltr'>Ταύτας</span> <span class='ocrx_word' id='word_1_715' title='bbox 2356 4011 2588 4082; x_wconf 81' lang='grc' dir='ltr'>πρόσθες</span> <span class='ocrx_word' id='word_1_716' title='bbox 2628 4009 2704 4078; x_wconf 80' lang='grc' dir='ltr'><strong>τῷ</strong></span> <span class='ocrx_word' id='word_1_717' title='bbox 2755 4007 3065 4079; x_wconf 83' lang='grc' dir='ltr'>Νοεμϐρίῳ.</span> <span class='ocrx_word' id='word_1_718' title='bbox 3113 4007 3320 4078; x_wconf 84' lang='grc' dir='ltr'>Κράτει</span> <span class='ocrx_word' id='word_1_719' title='bbox 3365 4006 3528 4063; x_wconf 84' lang='grc' dir='ltr'>πάλιν</span> <span class='ocrx_word' id='word_1_720' title='bbox 3556 4003 3642 4065; x_wconf 69' lang='grc' dir='ltr'><strong>τὰς</strong></span> 
     </span>
    </p>
   </div>
   <div class='ocr_carea' id='block_1_98' title="bbox 2080 4099 3642 4174">
    <p class='ocr_par' dir='ltr' id='par_1_98' title="bbox 2080 4099 3642 4174">
     <span class='ocr_line' id='line_1_98' title="bbox 2080 4099 3642 4174; baseline -0.004 -18"><span class='ocrx_word' id='word_1_721' title='bbox 2080 4103 2144 4165; x_wconf 85' lang='grc' dir='ltr'><strong>δ’,</strong></span> <span class='ocrx_word' id='word_1_722' title='bbox 2177 4103 2408 4174; x_wconf 85' lang='grc' dir='ltr'>πρόσθες</span> <span class='ocrx_word' id='word_1_723' title='bbox 2436 4103 2529 4156; x_wconf 79' lang='grc' dir='ltr'>καὶ</span> <span class='ocrx_word' id='word_1_724' title='bbox 2573 4101 2681 4156; x_wconf 71' lang='grc' dir='ltr'>ἀπὸ</span> <span class='ocrx_word' id='word_1_725' title='bbox 2715 4100 2809 4157; x_wconf 74' lang='grc' dir='ltr'><strong>τοῦ</strong></span> <span class='ocrx_word' id='word_1_726' title='bbox 2851 4099 3154 4172; x_wconf 82' lang='grc' dir='ltr'>Νοεμϐρίου</span> <span class='ocrx_word' id='word_1_727' title='bbox 3187 4099 3250 4169; x_wconf 59' lang='grc' dir='ltr'><strong>βυ</strong></span> <span class='ocrx_word' id='word_1_728' title='bbox 3289 4099 3384 4153; x_wconf 77' lang='grc' dir='ltr'>καὶ</span> <span class='ocrx_word' id='word_1_729' title='bbox 3417 4099 3642 4167; x_wconf 80' lang='grc' dir='ltr'>γίνονται</span> 
     </span>
    </p>
   </div>
   <div class='ocr_carea' id='block_1_99' title="bbox 2085 4188 3640 4264">
    <p class='ocr_par' dir='ltr' id='par_1_99' title="bbox 2085 4188 3640 4264">
     <span class='ocr_line' id='line_1_99' title="bbox 2085 4188 3640 4264; baseline -0.003 -20"><span class='ocrx_word' id='word_1_730' title='bbox 2085 4199 2136 4258; x_wconf 79' lang='grc' dir='ltr'>ς’</span> <span class='ocrx_word' id='word_1_731' title='bbox 2182 4195 2261 4256; x_wconf 85' lang='grc' dir='ltr'><strong>είς</strong></span> <span class='ocrx_word' id='word_1_732' title='bbox 2288 4193 2378 4246; x_wconf 84' lang='grc' dir='ltr'><strong>τὸν</strong></span> <span class='ocrx_word' id='word_1_733' title='bbox 2421 4194 2771 4264; x_wconf 77' lang='grc' dir='ltr'>Δεκέμϐριον.</span> <span class='ocrx_word' id='word_1_734' title='bbox 2817 4191 2981 4248; x_wconf 78' lang='grc' dir='ltr'>Πάλιν</span> <span class='ocrx_word' id='word_1_735' title='bbox 3022 4191 3297 4262; x_wconf 80' lang='grc' dir='ltr'>κράτῃσον</span> <span class='ocrx_word' id='word_1_736' title='bbox 3339 4190 3440 4254; x_wconf 71' lang='grc' dir='ltr'><strong>τὰς</strong></span> <span class='ocrx_word' id='word_1_737' title='bbox 3488 4188 3640 4249; x_wconf 75' lang='grc' dir='ltr'>αὐτὰς</span> 
     </span>
    </p>
   </div>
   <div class='ocr_carea' id='block_1_100' title="bbox 2083 4280 3642 4356">
    <p class='ocr_par' dir='ltr' id='par_1_100' title="bbox 2083 4280 3642 4356">
     <span class='ocr_line' id='line_1_100' title="bbox 2083 4280 3642 4356; baseline -0.014 -15"><span class='ocrx_word' id='word_1_738' title='bbox 2083 4292 2158 4351; x_wconf 84' lang='grc' dir='ltr'>ς’,</span> <span class='ocrx_word' id='word_1_739' title='bbox 2186 4285 2280 4339; x_wconf 75' lang='grc' dir='ltr'><strong>καὶ</strong></span> <span class='ocrx_word' id='word_1_740' title='bbox 2314 4283 2546 4356; x_wconf 86' lang='grc' dir='ltr'>πρόσθες</span> <span class='ocrx_word' id='word_1_741' title='bbox 2571 4285 2663 4338; x_wconf 76' lang='grc' dir='ltr'>καὶ</span> <span class='ocrx_word' id='word_1_742' title='bbox 2695 4285 2801 4341; x_wconf 81' lang='grc' dir='ltr'><strong>ἀπὸ</strong></span> <span class='ocrx_word' id='word_1_743' title='bbox 2825 4283 2917 4338; x_wconf 77' lang='grc' dir='ltr'>τοῦ</span> <span class='ocrx_word' id='word_1_744' title='bbox 2946 4283 3278 4354; x_wconf 86' lang='grc' dir='ltr'>Δεκεμϐρίου</span> <span class='ocrx_word' id='word_1_745' title='bbox 3311 4290 3361 4351; x_wconf 80' lang='grc' dir='ltr'><strong>γ’</strong></span> <span class='ocrx_word' id='word_1_746' title='bbox 3386 4298 3400 4312; x_wconf 82' lang='grc' dir='ltr'><strong>ο</strong></span> <span class='ocrx_word' id='word_1_747' title='bbox 3443 4283 3534 4334; x_wconf 70' lang='grc' dir='ltr'><strong>καὶ</strong></span> <span class='ocrx_word' id='word_1_748' title='bbox 3569 4280 3642 4348; x_wconf 71' lang='grc' dir='ltr'><strong>γέ-</strong></span> 
     </span>
    </p>
   </div>
   <div class='ocr_carea' id='block_1_101' title="bbox 2081 4373 3642 4448">
    <p class='ocr_par' dir='ltr' id='par_1_101' title="bbox 2081 4373 3642 4448">
     <span class='ocr_line' id='line_1_101' title="bbox 2081 4373 3642 4448; baseline -0.004 -18"><span class='ocrx_word' id='word_1_749' title='bbox 2081 4395 2262 4431; x_wconf 88' lang='grc' dir='ltr'>νονται</span> <span class='ocrx_word' id='word_1_750' title='bbox 2296 4376 2361 4430; x_wconf 78' lang='grc' dir='ltr'>θ’.</span> <span class='ocrx_word' id='word_1_751' title='bbox 2397 4376 2723 4448; x_wconf 77' lang='grc' dir='ltr'>Ἀπόρριψον</span> <span class='ocrx_word' id='word_1_752' title='bbox 2747 4377 2844 4440; x_wconf 75' lang='grc' dir='ltr'><strong>τὰς</strong></span> <span class='ocrx_word' id='word_1_753' title='bbox 2875 4376 2918 4441; x_wconf 84' lang='grc' dir='ltr'><strong>ζ’</strong></span> <span class='ocrx_word' id='word_1_754' title='bbox 2937 4394 2951 4408; x_wconf 73' lang='grc' dir='ltr'><strong>ο</strong></span> <span class='ocrx_word' id='word_1_755' title='bbox 2988 4376 3080 4428; x_wconf 74' lang='grc' dir='ltr'>καὶ</span> <span class='ocrx_word' id='word_1_756' title='bbox 3107 4375 3443 4446; x_wconf 84' lang='grc' dir='ltr'>ἀπομένουσι</span> <span class='ocrx_word' id='word_1_757' title='bbox 3466 4373 3554 4428; x_wconf 73' lang='grc' dir='ltr'><strong>δύο</strong></span> <span class='ocrx_word' id='word_1_758' title='bbox 3575 4375 3642 4434; x_wconf 82' lang='grc' dir='ltr'><strong>είς</strong></span> 
     </span>
    </p>
   </div>
   <div class='ocr_carea' id='block_1_102' title="bbox 2081 4468 3640 4542">
    <p class='ocr_par' dir='ltr' id='par_1_102' title="bbox 2081 4468 3640 4542">
     <span class='ocr_line' id='line_1_102' title="bbox 2081 4468 3640 4542; baseline -0.004 -19"><span class='ocrx_word' id='word_1_759' title='bbox 2081 4469 2173 4523; x_wconf 84' lang='grc' dir='ltr'>τὸν</span> <span class='ocrx_word' id='word_1_760' title='bbox 2215 4471 2558 4542; x_wconf 87' lang='grc' dir='ltr'>Ἰανουάριον.</span> <span class='ocrx_word' id='word_1_761' title='bbox 2612 4469 2852 4541; x_wconf 86' lang='grc' dir='ltr'>Πρόσθες</span> <span class='ocrx_word' id='word_1_762' title='bbox 2893 4469 2986 4523; x_wconf 74' lang='grc' dir='ltr'><strong>καὶ</strong></span> <span class='ocrx_word' id='word_1_763' title='bbox 3023 4475 3072 4536; x_wconf 84' lang='grc' dir='ltr'><strong>γ’</strong></span> <span class='ocrx_word' id='word_1_764' title='bbox 3117 4469 3226 4522; x_wconf 80' lang='grc' dir='ltr'><strong>ἀπὸ</strong></span> <span class='ocrx_word' id='word_1_765' title='bbox 3272 4468 3370 4521; x_wconf 80' lang='grc' dir='ltr'>τοῦ</span> <span class='ocrx_word' id='word_1_766' title='bbox 3423 4469 3640 4520; x_wconf 81' lang='grc' dir='ltr'>Ἰανουα-</span> 
     </span>
    </p>
   </div>
   <div class='ocr_carea' id='block_1_103' title="bbox 2091 4556 3639 4633">
    <p class='ocr_par' dir='ltr' id='par_1_103' title="bbox 2091 4556 3639 4633">
     <span class='ocr_line' id='line_1_103' title="bbox 2091 4556 3639 4633; baseline -0.005 -18"><span class='ocrx_word' id='word_1_767' title='bbox 2091 4562 2228 4633; x_wconf 85' lang='grc' dir='ltr'>ρίου,</span> <span class='ocrx_word' id='word_1_768' title='bbox 2263 4562 2356 4615; x_wconf 73' lang='grc' dir='ltr'>καὶ</span> <span class='ocrx_word' id='word_1_769' title='bbox 2395 4562 2634 4629; x_wconf 87' lang='grc' dir='ltr'>γίνονται</span> <span class='ocrx_word' id='word_1_770' title='bbox 2664 4569 2702 4613; x_wconf 84' lang='grc' dir='ltr'>ε’</span> <span class='ocrx_word' id='word_1_771' title='bbox 2733 4564 2812 4624; x_wconf 79' lang='grc' dir='ltr'><strong>εἰς</strong></span> <span class='ocrx_word' id='word_1_772' title='bbox 2842 4561 2932 4614; x_wconf 69' lang='grc' dir='ltr'>τὸν</span> <span class='ocrx_word' id='word_1_773' title='bbox 2959 4560 3342 4631; x_wconf 77' lang='grc' dir='ltr'>Φεϐρουάριον.</span> <span class='ocrx_word' id='word_1_774' title='bbox 3376 4561 3441 4612; x_wconf 84' lang='lat' dir='ltr'><strong>Al</strong></span> <span class='ocrx_word' id='word_1_775' title='bbox 3474 4559 3518 4612; x_wconf 83' lang='grc' dir='ltr'><strong>δ’</strong></span> <span class='ocrx_word' id='word_1_776' title='bbox 3555 4556 3639 4610; x_wconf 77' lang='grc' dir='ltr'><strong>αὑ-</strong></span> 
     </span>
    </p>
   </div>
   <div class='ocr_carea' id='block_1_104' title="bbox 2082 4647 3638 4720">
    <p class='ocr_par' dir='ltr' id='par_1_104' title="bbox 2082 4647 3638 4720">
     <span class='ocr_line' id='line_1_104' title="bbox 2082 4647 3638 4720; baseline 0 -20"><span class='ocrx_word' id='word_1_777' title='bbox 2082 4647 2170 4701; x_wconf 88' lang='grc' dir='ltr'><strong>ταί</strong></span> <span class='ocrx_word' id='word_1_778' title='bbox 2202 4651 2308 4704; x_wconf 88' lang='grc' dir='ltr'>είσι</span> <span class='ocrx_word' id='word_1_779' title='bbox 2351 4649 2446 4702; x_wconf 84' lang='grc' dir='ltr'>καὶ</span> <span class='ocrx_word' id='word_1_780' title='bbox 2490 4651 2571 4713; x_wconf 89' lang='grc' dir='ltr'><strong>είς</strong></span> <span class='ocrx_word' id='word_1_781' title='bbox 2605 4649 2694 4703; x_wconf 84' lang='grc' dir='ltr'>τὸν</span> <span class='ocrx_word' id='word_1_782' title='bbox 2737 4649 2998 4719; x_wconf 85' lang='grc' dir='ltr'>Μάρτιον.</span> <span class='ocrx_word' id='word_1_783' title='bbox 3035 4649 3205 4702; x_wconf 89' lang='grc' dir='ltr'>Πάλιν</span> <span class='ocrx_word' id='word_1_784' title='bbox 3252 4649 3524 4720; x_wconf 75' lang='grc' dir='ltr'>κράτῃσον</span> <span class='ocrx_word' id='word_1_785' title='bbox 3556 4647 3638 4706; x_wconf 84' lang='grc' dir='ltr'><strong>τάς</strong></span> 
     </span>
    </p>
   </div>
   <div class='ocr_carea' id='block_1_105' title="bbox 2081 4735 3637 4813">
    <p class='ocr_par' dir='ltr' id='par_1_105' title="bbox 2081 4735 3637 4813">
     <span class='ocr_line' id='line_1_105' title="bbox 2081 4735 3637 4813; baseline -0.002 -19"><span class='ocrx_word' id='word_1_786' title='bbox 2081 4740 2264 4802; x_wconf 66' lang='grc' dir='ltr'>πέντε,</span> <span class='ocrx_word' id='word_1_787' title='bbox 2297 4742 2390 4795; x_wconf 75' lang='grc' dir='ltr'>καὶ</span> <span class='ocrx_word' id='word_1_788' title='bbox 2418 4740 2651 4813; x_wconf 86' lang='grc' dir='ltr'>πρόσθες</span> <span class='ocrx_word' id='word_1_789' title='bbox 2678 4741 2772 4795; x_wconf 71' lang='grc' dir='ltr'>καὶ</span> <span class='ocrx_word' id='word_1_790' title='bbox 2808 4741 2914 4793; x_wconf 81' lang='grc' dir='ltr'>άπὸ</span> <span class='ocrx_word' id='word_1_791' title='bbox 2949 4739 3042 4793; x_wconf 85' lang='grc' dir='ltr'>τοῦ</span> <span class='ocrx_word' id='word_1_792' title='bbox 3067 4739 3313 4812; x_wconf 83' lang='grc' dir='ltr'>Μαρτίου</span> <span class='ocrx_word' id='word_1_793' title='bbox 3345 4747 3415 4809; x_wconf 78' lang='grc' dir='ltr'><strong>γ’·</strong></span> <span class='ocrx_word' id='word_1_794' title='bbox 3442 4738 3530 4792; x_wconf 79' lang='grc' dir='ltr'>καὶ</span> <span class='ocrx_word' id='word_1_795' title='bbox 3564 4735 3637 4804; x_wconf 75' lang='grc' dir='ltr'><strong>τί·</strong></span> 
     </span>
    </p>
   </div>
   <div class='ocr_carea' id='block_1_106' title="bbox 2080 4829 3635 4905">
    <p class='ocr_par' dir='ltr' id='par_1_106' title="bbox 2080 4829 3635 4905">
     <span class='ocr_line' id='line_1_106' title="bbox 2080 4829 3635 4905; baseline -0.004 -21"><span class='ocrx_word' id='word_1_796' title='bbox 2080 4849 2258 4886; x_wconf 75' lang='grc' dir='ltr'><strong>νονται⁹</strong></span> <span class='ocrx_word' id='word_1_797' title='bbox 2300 4839 2374 4902; x_wconf 85' lang='grc' dir='ltr'><strong>η’.</strong></span> <span class='ocrx_word' id='word_1_798' title='bbox 2415 4832 2741 4905; x_wconf 70' lang='grc' dir='ltr'>Ἀπόρριψον</span> <span class='ocrx_word' id='word_1_799' title='bbox 2784 4833 2883 4896; x_wconf 84' lang='grc' dir='ltr'><strong>τὰς</strong></span> <span class='ocrx_word' id='word_1_800' title='bbox 2915 4833 2979 4897; x_wconf 82' lang='grc' dir='ltr'><strong>ζ’,</strong></span> <span class='ocrx_word' id='word_1_801' title='bbox 3007 4833 3330 4903; x_wconf 84' lang='grc' dir='ltr'>ὲναπομένει</span> <span class='ocrx_word' id='word_1_802' title='bbox 3380 4832 3476 4886; x_wconf 74' lang='grc' dir='ltr'>καὶ</span> <span class='ocrx_word' id='word_1_803' title='bbox 3503 4836 3550 4882; x_wconf 82' lang='grc' dir='ltr'>α’</span> <span class='ocrx_word' id='word_1_804' title='bbox 3571 4829 3635 4889; x_wconf 81' lang='grc' dir='ltr'><strong>είς</strong></span> 
     </span>
    </p>
   </div>
   <div class='ocr_carea' id='block_1_107' title="bbox 2080 4918 3634 4995">
    <p class='ocr_par' dir='ltr' id='par_1_107' title="bbox 2080 4918 3634 4995">
     <span class='ocr_line' id='line_1_107' title="bbox 2080 4918 3634 4995; baseline 0.001 -18"><span class='ocrx_word' id='word_1_805' title='bbox 2080 4924 2170 4977; x_wconf 80' lang='grc' dir='ltr'><strong>τὸν</strong></span> <span class='ocrx_word' id='word_1_806' title='bbox 2197 4924 2488 4995; x_wconf 81' lang='grc' dir='ltr'>Ἀπρίλιον.</span> <span class='ocrx_word' id='word_1_807' title='bbox 2514 4925 2801 4995; x_wconf 80' lang='grc' dir='ltr'>Κράτησον</span> <span class='ocrx_word' id='word_1_808' title='bbox 2818 4923 2976 4976; x_wconf 86' lang='grc' dir='ltr'>πάλιν</span> <span class='ocrx_word' id='word_1_809' title='bbox 3002 4923 3170 4994; x_wconf 73' lang='grc' dir='ltr'>αὐτὴν</span> <span class='ocrx_word' id='word_1_810' title='bbox 3192 4922 3290 4994; x_wconf 67' lang='grc' dir='ltr'>τὴν</span> <span class='ocrx_word' id='word_1_811' title='bbox 3312 4929 3362 4975; x_wconf 91' lang='grc' dir='ltr'>α’</span> <span class='ocrx_word' id='word_1_812' title='bbox 3382 4939 3396 4951; x_wconf 87' lang='grc'><strong>·</strong></span> <span class='ocrx_word' id='word_1_813' title='bbox 3425 4918 3634 4992; x_wconf 75' lang='grc' dir='ltr'>πρόσθες</span> 
     </span>
    </p>
   </div>
   <div class='ocr_carea' id='block_1_108' title="bbox 2081 5009 3634 5089">
    <p class='ocr_par' dir='ltr' id='par_1_108' title="bbox 2081 5009 3634 5089">
     <span class='ocr_line' id='line_1_108' title="bbox 2081 5009 3634 5089; baseline -0.005 -20"><span class='ocrx_word' id='word_1_814' title='bbox 2081 5016 2177 5070; x_wconf 81' lang='grc' dir='ltr'>καὶ</span> <span class='ocrx_word' id='word_1_815' title='bbox 2217 5015 2310 5069; x_wconf 86' lang='grc' dir='ltr'>δύο</span> <span class='ocrx_word' id='word_1_816' title='bbox 2351 5017 2461 5070; x_wconf 76' lang='grc' dir='ltr'><strong>ἀπὸ</strong></span> <span class='ocrx_word' id='word_1_817' title='bbox 2492 5015 2586 5070; x_wconf 80' lang='grc' dir='ltr'>τοῦ</span> <span class='ocrx_word' id='word_1_818' title='bbox 2619 5017 2914 5089; x_wconf 77' lang='grc' dir='ltr'>Ἀπριλίου,</span> <span class='ocrx_word' id='word_1_819' title='bbox 2948 5016 3040 5069; x_wconf 69' lang='grc' dir='ltr'>καὶ</span> <span class='ocrx_word' id='word_1_820' title='bbox 3084 5016 3324 5079; x_wconf 86' lang='grc' dir='ltr'>γίνονται</span> <span class='ocrx_word' id='word_1_821' title='bbox 3360 5021 3410 5083; x_wconf 84' lang='grc' dir='ltr'><strong>γ’</strong></span> <span class='ocrx_word' id='word_1_822' title='bbox 3451 5016 3528 5076; x_wconf 86' lang='grc' dir='ltr'><strong>είς</strong></span> <span class='ocrx_word' id='word_1_823' title='bbox 3557 5009 3634 5062; x_wconf 80' lang='grc' dir='ltr'>τὸν</span> 
     </span>
    </p>
   </div>
   <div class='ocr_carea' id='block_1_109' title="bbox 2078 5099 3635 5181">
    <p class='ocr_par' dir='ltr' id='par_1_109' title="bbox 2078 5099 3635 5181">
     <span class='ocr_line' id='line_1_109' title="bbox 2078 5099 3635 5181; baseline 0.003 -19"><span class='ocrx_word' id='word_1_824' title='bbox 2078 5107 2271 5162; x_wconf 87' lang='grc' dir='ltr'>Μάῖον.</span> <span class='ocrx_word' id='word_1_825' title='bbox 2307 5108 2475 5161; x_wconf 86' lang='grc' dir='ltr'>Πάλιν</span> <span class='ocrx_word' id='word_1_826' title='bbox 2511 5109 2782 5181; x_wconf 81' lang='grc' dir='ltr'>κράτησον</span> <span class='ocrx_word' id='word_1_827' title='bbox 2814 5107 2981 5172; x_wconf 79' lang='grc' dir='ltr'>αὑτὰς</span> <span class='ocrx_word' id='word_1_828' title='bbox 3013 5108 3112 5170; x_wconf 74' lang='grc' dir='ltr'>τὰς</span> <span class='ocrx_word' id='word_1_829' title='bbox 3153 5113 3202 5176; x_wconf 81' lang='grc' dir='ltr'><strong>γ’</strong></span> <span class='ocrx_word' id='word_1_830' title='bbox 3227 5125 3239 5137; x_wconf 90' lang='grc'><strong>·</strong></span> <span class='ocrx_word' id='word_1_831' title='bbox 3292 5105 3525 5177; x_wconf 77' lang='grc' dir='ltr'>πρόσθες</span> <span class='ocrx_word' id='word_1_832' title='bbox 3553 5099 3635 5152; x_wconf 61' lang='grc' dir='ltr'><strong>καὶ</strong></span> 
     </span>
    </p>
   </div>
   <div class='ocr_carea' id='block_1_110' title="bbox 2077 5194 3630 5269">
    <p class='ocr_par' dir='ltr' id='par_1_110' title="bbox 2077 5194 3630 5269">
     <span class='ocr_line' id='line_1_110' title="bbox 2077 5194 3630 5269; baseline -0.006 -18"><span class='ocrx_word' id='word_1_833' title='bbox 2077 5199 2186 5252; x_wconf 78' lang='grc' dir='ltr'><strong>ἀπὸ</strong></span> <span class='ocrx_word' id='word_1_834' title='bbox 2228 5199 2322 5253; x_wconf 83' lang='grc' dir='ltr'><strong>τοῦ</strong></span> <span class='ocrx_word' id='word_1_835' title='bbox 2356 5201 2533 5254; x_wconf 77' lang='grc' dir='ltr'>Μαΐου</span> <span class='ocrx_word' id='word_1_836' title='bbox 2565 5208 2634 5268; x_wconf 71' lang='grc' dir='ltr'><strong>γ’,</strong></span> <span class='ocrx_word' id='word_1_837' title='bbox 2676 5201 2769 5254; x_wconf 74' lang='grc' dir='ltr'>καὶ</span> <span class='ocrx_word' id='word_1_838' title='bbox 2797 5201 3037 5269; x_wconf 82' lang='grc' dir='ltr'>γίνονται</span> <span class='ocrx_word' id='word_1_839' title='bbox 3080 5205 3134 5264; x_wconf 80' lang='grc' dir='ltr'>ς’</span> <span class='ocrx_word' id='word_1_840' title='bbox 3161 5199 3242 5262; x_wconf 84' lang='grc' dir='ltr'><strong>είς</strong></span> <span class='ocrx_word' id='word_1_841' title='bbox 3281 5199 3372 5252; x_wconf 72' lang='grc' dir='ltr'>τὸν</span> <span class='ocrx_word' id='word_1_842' title='bbox 3415 5194 3630 5250; x_wconf 83' lang='grc' dir='ltr'>Ἰούνιον.</span> 
     </span>
    </p>
   </div>
   <div class='ocr_carea' id='block_1_111' title="bbox 2078 5279 3631 5364">
    <p class='ocr_par' dir='ltr' id='par_1_111' title="bbox 2078 5279 3631 5364">
     <span class='ocr_line' id='line_1_111' title="bbox 2078 5279 3631 5364; baseline -0.004 -21"><span class='ocrx_word' id='word_1_843' title='bbox 2078 5290 2245 5344; x_wconf 86' lang='grc' dir='ltr'>Πάλιν</span> <span class='ocrx_word' id='word_1_844' title='bbox 2276 5291 2551 5364; x_wconf 82' lang='grc' dir='ltr'>κράτησον</span> <span class='ocrx_word' id='word_1_845' title='bbox 2581 5293 2747 5355; x_wconf 73' lang='grc' dir='ltr'>αὑτὰς</span> <span class='ocrx_word' id='word_1_846' title='bbox 2793 5292 2890 5354; x_wconf 85' lang='grc' dir='ltr'><strong>τὰς</strong></span> <span class='ocrx_word' id='word_1_847' title='bbox 2919 5297 2989 5356; x_wconf 81' lang='grc' dir='ltr'>ς’.</span> <span class='ocrx_word' id='word_1_848' title='bbox 3023 5293 3116 5344; x_wconf 74' lang='grc' dir='ltr'>καὶ</span> <span class='ocrx_word' id='word_1_849' title='bbox 3149 5290 3388 5360; x_wconf 81' lang='grc' dir='ltr'>πρόσθες</span> <span class='ocrx_word' id='word_1_850' title='bbox 3420 5287 3523 5342; x_wconf 72' lang='grc' dir='ltr'>ἀπὸ</span> <span class='ocrx_word' id='word_1_851' title='bbox 3551 5279 3631 5336; x_wconf 73' lang='grc' dir='ltr'>τοῦ</span> 
     </span>
    </p>
   </div>
   <div class='ocr_carea' id='block_1_112' title="bbox 2089 5378 3632 5455">
    <p class='ocr_par' dir='ltr' id='par_1_112' title="bbox 2089 5378 3632 5455">
     <span class='ocr_line' id='line_1_112' title="bbox 2089 5378 3632 5455; baseline 0.001 -23"><span class='ocrx_word' id='word_1_852' title='bbox 2089 5381 2307 5435; x_wconf 60' lang='grc' dir='ltr'>Ἰουνίου</span> <span class='ocrx_word' id='word_1_853' title='bbox 2342 5382 2406 5452; x_wconf 87' lang='grc' dir='ltr'><strong>β’,</strong></span> <span class='ocrx_word' id='word_1_854' title='bbox 2443 5383 2683 5451; x_wconf 85' lang='grc' dir='ltr'>γίνονται</span> <span class='ocrx_word' id='word_1_855' title='bbox 2719 5389 2788 5452; x_wconf 74' lang='grc' dir='ltr'><strong>η’.</strong></span> <span class='ocrx_word' id='word_1_856' title='bbox 2835 5383 3158 5455; x_wconf 72' lang='grc' dir='ltr'>Ἀπόρριψον</span> <span class='ocrx_word' id='word_1_857' title='bbox 3182 5381 3280 5444; x_wconf 81' lang='grc' dir='ltr'><strong>τὰς</strong></span> <span class='ocrx_word' id='word_1_858' title='bbox 3298 5381 3364 5446; x_wconf 75' lang='grc' dir='ltr'><strong>ζ’,</strong></span> <span class='ocrx_word' id='word_1_859' title='bbox 3390 5378 3632 5448; x_wconf 75' lang='grc' dir='ltr'>ἀπομένιι</span> 
     </span>
    </p>
   </div>
   <div class='ocr_carea' id='block_1_113' title="bbox 411 5465 3631 5550">
    <p class='ocr_par' dir='ltr' id='par_1_113' title="bbox 411 5465 3631 5550">
     <span class='ocr_line' id='line_1_113' title="bbox 411 5465 3631 5550; baseline 0.003 -34"><span class='ocrx_word' id='word_1_860' title='bbox 411 5471 462 5516; x_wconf 85' lang='grc' dir='ltr'>α·</span> <span class='ocrx_word' id='word_1_861' title='bbox 497 5466 578 5528; x_wconf 81' lang='grc' dir='ltr'><strong>είς</strong></span> <span class='ocrx_word' id='word_1_862' title='bbox 612 5465 704 5518; x_wconf 76' lang='grc' dir='ltr'>τὸν</span> <span class='ocrx_word' id='word_1_863' title='bbox 739 5465 976 5519; x_wconf 84' lang='grc' dir='ltr'>Ἰούλιον.</span> <span class='ocrx_word' id='word_1_864' title='bbox 1008 5467 1176 5522; x_wconf 87' lang='grc' dir='ltr'>Πάλιν</span> <span class='ocrx_word' id='word_1_865' title='bbox 1208 5467 1482 5538; x_wconf 77' lang='grc' dir='ltr'>κράτησον</span> <span class='ocrx_word' id='word_1_866' title='bbox 1509 5469 1607 5542; x_wconf 79' lang='grc' dir='ltr'><strong>τὴν</strong></span> <span class='ocrx_word' id='word_1_867' title='bbox 1629 5476 1677 5523; x_wconf 90' lang='grc' dir='ltr'>α’</span> <span class='ocrx_word' id='word_1_868' title='bbox 1697 5488 1710 5500; x_wconf 90' lang='grc'><strong>·</strong></span> <span class='ocrx_word' id='word_1_869' title='bbox 1743 5471 1977 5542; x_wconf 84' lang='grc' dir='ltr'>πρόσθες</span> <span class='ocrx_word' id='word_1_870' title='bbox 2008 5472 2104 5525; x_wconf 75' lang='grc' dir='ltr'>καὶ</span> <span class='ocrx_word' id='word_1_871' title='bbox 2131 5474 2238 5527; x_wconf 81' lang='grc' dir='ltr'><strong>ἀπὸ</strong></span> <span class='ocrx_word' id='word_1_872' title='bbox 2259 5475 2351 5528; x_wconf 82' lang='grc' dir='ltr'>τοῦ</span> <span class='ocrx_word' id='word_1_873' title='bbox 2390 5477 2606 5531; x_wconf 86' lang='grc' dir='ltr'>Ἰουλίου</span> <span class='ocrx_word' id='word_1_874' title='bbox 2635 5480 2802 5550; x_wconf 86' lang='grc' dir='ltr'>τρεῖς,</span> <span class='ocrx_word' id='word_1_875' title='bbox 2833 5478 3070 5546; x_wconf 85' lang='grc' dir='ltr'>γίνονται</span> <span class='ocrx_word' id='word_1_876' title='bbox 3114 5476 3158 5530; x_wconf 82' lang='grc' dir='ltr'><strong>δ’</strong></span> <span class='ocrx_word' id='word_1_877' title='bbox 3187 5477 3268 5540; x_wconf 86' lang='grc' dir='ltr'><strong>είς</strong></span> <span class='ocrx_word' id='word_1_878' title='bbox 3309 5475 3398 5529; x_wconf 84' lang='grc' dir='ltr'>τὸν</span> <span class='ocrx_word' id='word_1_879' title='bbox 3450 5471 3631 5539; x_wconf 77' lang='grc' dir='ltr'><strong>Αὔγου-</strong></span> 
     </span>
    </p>
   </div>
   <div class='ocr_carea' id='block_1_114' title="bbox 414 5560 3627 5644">
    <p class='ocr_par' dir='ltr' id='par_1_114' title="bbox 414 5560 3627 5644">
     <span class='ocr_line' id='line_1_114' title="bbox 414 5560 3627 5644; baseline 0.003 -29"><span class='ocrx_word' id='word_1_880' title='bbox 414 5573 554 5615; x_wconf 79' lang='grc' dir='ltr'>στον.</span> <span class='ocrx_word' id='word_1_881' title='bbox 601 5560 768 5614; x_wconf 87' lang='grc' dir='ltr'>Πάλιν</span> <span class='ocrx_word' id='word_1_882' title='bbox 805 5561 1076 5632; x_wconf 75' lang='grc' dir='ltr'>κράτησαν</span> <span class='ocrx_word' id='word_1_883' title='bbox 1115 5563 1285 5628; x_wconf 80' lang='grc' dir='ltr'>αὐτὰς</span> <span class='ocrx_word' id='word_1_884' title='bbox 1327 5563 1427 5630; x_wconf 79' lang='grc' dir='ltr'><strong>τὰς</strong></span> <span class='ocrx_word' id='word_1_885' title='bbox 1470 5565 1512 5618; x_wconf 87' lang='grc' dir='ltr'><strong>δ’</strong></span> <span class='ocrx_word' id='word_1_886' title='bbox 1535 5580 1548 5595; x_wconf 92' lang='grc'><strong>·</strong></span> <span class='ocrx_word' id='word_1_887' title='bbox 1596 5567 1830 5637; x_wconf 85' lang='grc' dir='ltr'>πρόσθες</span> <span class='ocrx_word' id='word_1_888' title='bbox 1871 5569 1978 5622; x_wconf 84' lang='grc' dir='ltr'><strong>ἀπὸ</strong></span> <span class='ocrx_word' id='word_1_889' title='bbox 2004 5570 2100 5623; x_wconf 77' lang='grc' dir='ltr'><strong>τοῦ</strong></span> <span class='ocrx_word' id='word_1_890' title='bbox 2131 5572 2440 5641; x_wconf 76' lang='grc' dir='ltr'>Αὐγούστου</span> <span class='ocrx_word' id='word_1_891' title='bbox 2481 5581 2550 5644; x_wconf 83' lang='grc' dir='ltr'><strong>γ’,</strong></span> <span class='ocrx_word' id='word_1_892' title='bbox 2615 5578 2708 5630; x_wconf 77' lang='grc' dir='ltr'>καὶ</span> <span class='ocrx_word' id='word_1_893' title='bbox 2753 5576 2989 5644; x_wconf 86' lang='grc' dir='ltr'>γίνονται</span> <span class='ocrx_word' id='word_1_894' title='bbox 3047 5573 3093 5638; x_wconf 77' lang='grc' dir='ltr'><strong>ζ’</strong></span> <span class='ocrx_word' id='word_1_895' title='bbox 3128 5575 3210 5637; x_wconf 88' lang='grc' dir='ltr'><strong>είς</strong></span> <span class='ocrx_word' id='word_1_896' title='bbox 3251 5572 3344 5627; x_wconf 79' lang='grc' dir='ltr'>τὸν</span> <span class='ocrx_word' id='word_1_897' title='bbox 3400 5567 3627 5636; x_wconf 80' lang='grc' dir='ltr'>Σεπτέμ-</span> 
     </span>
    </p>
   </div>
   <div class='ocr_carea' id='block_1_115' title="bbox 410 5646 3623 5741">
    <p class='ocr_par' dir='ltr' id='par_1_115' title="bbox 410 5646 3623 5741">
     <span class='ocr_line' id='line_1_115' title="bbox 410 5646 3623 5741; baseline 0.005 -43"><span class='ocrx_word' id='word_1_898' title='bbox 410 5646 582 5718; x_wconf 79' lang='grc' dir='ltr'>ϐριον.</span> <span class='ocrx_word' id='word_1_899' title='bbox 624 5651 737 5708; x_wconf 75' lang='grc' dir='ltr'><strong>Καὶ</strong></span> <span class='ocrx_word' id='word_1_900' title='bbox 767 5651 941 5706; x_wconf 79' lang='grc' dir='ltr'>ταῦτα</span> <span class='ocrx_word' id='word_1_901' title='bbox 984 5655 1080 5726; x_wconf 74' lang='grc' dir='ltr'><strong>μὲν</strong></span> <span class='ocrx_word' id='word_1_902' title='bbox 1118 5656 1381 5732; x_wconf 69' lang='grc' dir='ltr'>ἐντέχνως</span> <span class='ocrx_word' id='word_1_903' title='bbox 1427 5659 1795 5734; x_wconf 80' lang='grc' dir='ltr'>κατέστρωται</span> <span class='ocrx_word' id='word_1_904' title='bbox 1833 5664 1960 5738; x_wconf 79' lang='grc' dir='ltr'>περὶ</span> <span class='ocrx_word' id='word_1_905' title='bbox 1999 5665 2243 5722; x_wconf 81' lang='grc' dir='ltr'>πάντων·</span> <span class='ocrx_word' id='word_1_906' title='bbox 2274 5668 2413 5724; x_wconf 82' lang='grc' dir='ltr'>ἔστω</span> <span class='ocrx_word' id='word_1_907' title='bbox 2435 5671 2591 5726; x_wconf 82' lang='grc' dir='ltr'>σοιδὲ</span> <span class='ocrx_word' id='word_1_908' title='bbox 2617 5669 2785 5727; x_wconf 74' lang='grc' dir='ltr'>ταῦτα</span> <span class='ocrx_word' id='word_1_909' title='bbox 2844 5671 2910 5726; x_wconf 81' lang='grc' dir='ltr'>τὰ</span> <span class='ocrx_word' id='word_1_910' title='bbox 2955 5669 3264 5741; x_wconf 72' lang='grc' dir='ltr'>δηλωθέντα</span> <span class='ocrx_word' id='word_1_911' title='bbox 3314 5667 3388 5731; x_wconf 82' lang='grc' dir='ltr'>ὡς</span> <span class='ocrx_word' id='word_1_912' title='bbox 3439 5669 3493 5718; x_wconf 64' lang='grc' dir='ltr'><strong>ἐν</strong></span> <span class='ocrx_word' id='word_1_913' title='bbox 3525 5665 3623 5716; x_wconf 75' lang='grc' dir='ltr'>ἐπι·</span> 
     </span>
    </p>
   </div>
   <div class='ocr_carea' id='block_1_116' title="bbox 412 5743 571 5818">
    <p class='ocr_par' dir='ltr' id='par_1_116' title="bbox 412 5743 571 5818">
     <span class='ocr_line' id='line_1_116' title="bbox 412 5743 571 5818; baseline -0.006 -23"><span class='ocrx_word' id='word_1_914' title='bbox 412 5743 571 5818; x_wconf 72' lang='grc' dir='ltr'>τομῇ.</span> 
     </span>
    </p>
   </div>
  </div>
