3808 6354
197 327 342 384 ιετε

549 439 618 493 Δί
644 435 896 498 exural
917 435 1176 492 ἑκάστου
1199 439 1414 508 μηνός.

193 569 315 640 Μὴν
360 567 730 639 Ὀκτώμσριος
863 575 911 623 α’
1051 570 1176 641 Μὴν
1210 572 1265 622 Ἀ
1274 570 1484 642 πρίλιος
1714 580 1762 626 α’

192 657 318 729 Μὴν
356 658 662 730 Νοέμόριος
869 659 912 713 δ’
1054 659 1178 732 Μὴν
1209 661 1382 725 Μάῑος
1714 669 1761 732 γ’

191 749 314 818 Μὴν
345 750 412 800 Δε
421 748 561 818 κέμὸ
569 765 678 820 ριος
865 757 906 803 ι’
1050 749 1172 822 Μὴν
1209 751 1426 816 Ἰούνιος
1707 760 1760 817 ς’

193 842 318 911 Μὴν
363 839 684 911 Ἰανουάριος
861 841 907 913 β’
1049 844 1173 913 Μὴν
1210 843 1426 907 ’ῐούλιος
1711 851 1761 896 α’

193 933 320 1002 Μὴν
349 931 714 1003 Φεϐρουάριος
864 939 907 986 ε’
1050 933 1172 1005 Μὴν
1201 931 1508 1004 Αὔγουστος
1716 935 1761 988 δ’

193 1022 314 1094 Μὴν
345 1024 591 1095 Μάρτιος
865 1033 905 1078 ε’
1046 1025 1168 1097 Μὴν
1207 1025 1575 1099 Σεπτέμϐριος
1714 1028 1759 1092 ζ’

260 1138 324 1191 Ei
381 1137 544 1210 βούλῃ
599 1139 779 1210 εὑρεῖν
814 1156 874 1193 σε
919 1148 980 1193 τό
1029 1139 1274 1212 θεμέλιον
1317 1141 1410 1195 τοῦ
1440 1142 1757 1213 φεγγαρίου,

188 1228 352 1282 ὁπότε
403 1229 540 1301 λὴθη
583 1229 825 1298 γίνεται·
870 1229 1281 1304 κράτησοντοῦ
1334 1233 1758 1305 ὲπιζητουμένου

187 1317 346 1382 ἔτους
370 1319 464 1373 τὸν
497 1320 692 1375 κύκλον
711 1323 812 1392 τῆς
840 1323 1067 1396 σελήνης
1089 1325 1283 1388 ὁπόσος
1315 1325 1407 1379 καὶ
1434 1321 1500 1398 ἦν
1519 1341 1531 1354 ·
1567 1325 1656 1379 καὶ
1682 1328 1762 1380 έν-

187 1409 622 1465 δεχαπλασίασον
671 1415 872 1468 αὐτόν’
929 1415 1022 1468 καὶ
1075 1416 1308 1487 πρόσθες
1355 1417 1542 1470 ἐπάνω
1592 1417 1756 1472 αὑτοῦ

186 1499 348 1572 ἔτερα
385 1508 454 1570 γ’.
505 1500 616 1558 Εἶθ’
641 1505 811 1570 οὕτως
839 1506 1104 1561 ἀνάλυσόν
1129 1508 1270 1562 αύτά
1298 1507 1386 1562 διὰ
1419 1510 1528 1562 τῶν
1556 1509 1599 1562 λ’
1619 1527 1633 1542 ·
1663 1510 1757 1564 καὶ

183 1588 252 1641 τά
293 1593 540 1648 κάτωθεν
580 1596 687 1649 τῶν
720 1597 763 1650 λ’
795 1596 1011 1669 δηλοῦσι
1041 1599 1102 1652 τὺ
1137 1599 1382 1670 θεμέλιον
1414 1600 1508 1654 τοῦ
1553 1618 1757 1671 φεγγα-

188 1681 305 1753 ρίου

196 1831 518 1851 “ut

1085 325 1270 392 AETII
1301 325 1392 382 DE
1419 324 2078 386 SIGNIFICATIONIBUS
2115 326 2552 387 STELLARUM.

1787 442 1838 500 Δ

3291 329 3429 390 ιδδι

2257 439 2476 514 Epacue
2507 456 2762 497 mensium
2791 437 3044 495 omnium.

1866 573 2098 632 October
2539 592 2554 631 l
2735 577 2939 648 Aprilis
3013 570 3020 578 ’
3406 595 3425 632 ι

1862 669 2162 724 November
2507 686 2560 724 tv
2744 669 2920 724 Maius
3362 684 3427 725 nt

1863 761 2156 817 December
2527 779 2559 816 v
2737 759 2933 817 Junius
3369 778 3425 817 vr

1859 851 2152 906 Ianuarius
2523 866 2558 904 ll
2736 850 2914 908 Julius
3405 870 3418 908 ι

1860 941 2191 999 Februarius
2530 959 2563 996 v
2736 942 3016 1010 Augustus
3368 960 3422 997 tv

1860 1033 2085 1090 Martius
2530 1050 2564 1088 v
2743 1033 3059 1104 September
3344 1050 3421 1089 vn

1935 1145 1990 1200 Si
2051 1146 2191 1201 lunae
2241 1145 2654 1202 fundamentum
2696 1146 3001 1216 cujusmodi
3051 1155 3152 1213 sit,
3195 1146 3419 1210 oblitus,

1861 1239 2187 1310 investigare
2215 1239 2387 1294 velis:
2423 1238 2608 1307 accipe
2637 1239 2880 1294 lunarem
2919 1238 3130 1310 cyclum
3165 1237 3290 1293 anni
3325 1255 3421 1295 cna

1859 1330 2102 1401 juslibet,
2134 1346 2370 1401 eumque
2400 1346 2496 1401 per
2531 1329 2788 1385 undecim
2816 1329 3113 1401 multiplica
3145 1347 3161 1385 :
3195 1345 3419 1386 summae

1857 1422 1996 1477 adde
2022 1423 2150 1477 tria.
2186 1422 2459 1494 Quidquid
2490 1421 2594 1477 erit
2622 1422 2908 1478 collectum
2943 1437 3038 1492 per
3061 1438 3165 1476 xxx
3195 1422 3372 1477 divide
3398 1439 3412 1476 :

1856 1511 2135 1568 residuum
2186 1512 2230 1567 si
2283 1512 2354 1566 sit
2392 1509 2534 1565 infra
2575 1511 3012 1582 xxx,qu:esitum
3042 1510 3182 1565 lunae
3221 1508 3417 1564 funda-

1856 1611 2096 1658 mentum
2123 1602 2357 1658 exhibet.

1260 1978 1520 2064 ΠΕΡΙ
1573 1980 2339 2069 ΕΠΙΣΗΜΑΣΙΩΝ

1630 2159 1637 2215 ἕ
1651 2156 1963 2212 ΔΣΤΕΡΩΝ

993 2301 1090 2355 Ἐκ
1123 2299 1214 2355 τοῦ
1248 2301 1432 2374 τρίτου
1462 2302 1750 2373 τμήματος
1779 2300 1986 2354 ’Ᾱετίου
2013 2299 2466 2372 ’Δμιδηνοῦ,κεφ.
2507 2299 2632 2372 ρξδ’.

697 2548 848 2640 DE
921 2548 2117 2642 SIGNIFICATIONIBUS
2186 2545 2888 2639 STELLABUM

1019 2739 1104 2796 Ex
1130 2738 1378 2797 Sermone
1407 2739 1506 2796 ΙΙΙ
1538 2740 1834 2798 Tetrabibli
1854 2741 1994 2797 Aetii
2018 2739 2282 2808 Amidem‘,
2306 2753 2456 2811 caput
2491 2740 2614 2796 164.

1447 2886 1744 2957 interprete
1770 2882 2055 2944 Cornario.

261 3101 481 3173 Ἐπειδὴ
497 3100 553 3155 δὲ
571 3102 662 3156 καί⁵
683 3104 730 3155 οξ
753 3105 874 3157 κατ’
888 3103 1112 3177 οὐρανὸν
1128 3106 1356 3180 ἀστέρες
1372 3108 1749 3175 ἀνατέλλοντες
1782 3123 1783 3130 ‘

1922 3102 2372 3175 Quandoquidem
2427 3103 2589 3158 etiam
2655 3101 2826 3157 stellae
2884 3102 2937 3158 in
2997 3102 3138 3158 caelo
3176 3103 3418 3162 oriente:

181 3192 321 3245 κατὰ
337 3193 468 3255 τοὺς
497 3193 861 3263 τεταγμένους
887 3194 1068 3259 αὐτοῖς
1091 3195 1198 3249 ὑπὸ
1221 3189 1318 3250 τοῦ
1347 3197 1481 3252 Θεοῦ
1505 3201 1747 3270 καιροὺς,

1883 3203 2006 3251 uxta
2035 3203 2279 3264 tempora
2334 3209 2364 3248 a
2422 3191 2533 3248 Deo
2581 3192 2718 3261 ipsis
2748 3192 3025 3258 ordinata,
3076 3199 3133 3249 et
3161 3193 3415 3251 similiter

178 3285 272 3338 καὶ
303 3285 557 3348 δύνοντες
599 3285 801 3355 ὁμοίως
841 3287 932 3340 τὸν
961 3286 1097 3359 ἀέρα
1143 3287 1465 3353 ἀλλοιοῦσιν,
1507 3291 1581 3355 ὡς
1615 3309 1752 3356 συμ-

178 3374 384 3428 ϐαίνειν
410 3377 474 3428 ὲκ
503 3374 691 3428 τούτου
732 3376 825 3429 καὶ
858 3377 1090 3448 ἀνέμους
1125 3378 1311 3433 ἄλλοτε
1355 3380 1529 3444 ἄλλως
1562 3387 1712 3436 πνεῖν
1733 3401 1747 3414 ο

177 3467 479 3534 ἀναγκαῖον
507 3465 734 3536 ἐνόμισα
765 3465 998 3519 ἐνταῦθα
1033 3467 1269 3537 δηλῶσαι
1303 3472 1546 3540 καιροὺς,
1587 3471 1643 3524 ὲν
1670 3467 1754 3535 οἷς

179 3557 378 3622 αὐτῶν,
421 3557 608 3627 σαφῶς
649 3557 1000 3612 ἀλλοιούντων
1036 3559 1127 3613 τὸν
1175 3561 1330 3632 ἀέρα,
1373 3562 1626 3617 ἀνατολαὶ
1658 3565 1753 3617 καὶ

175 3646 358 3710 δύσεις
406 3647 663 3716 γίνονται.
697 3650 807 3702 Καὶ
861 3649 970 3719 γὰρ
1015 3650 1121 3703 τῶν
1159 3651 1509 3718 ὑγιαινόντων
1539 3651 1607 3706 τά
1645 3651 1750 3704 σώ-

182 3754 346 3807 ματα,
379 3737 478 3791 καὶ
506 3737 688 3809 πολλῷ
722 3740 919 3810 μᾶλλον
957 3741 1064 3794 τῶν
1101 3742 1420 3807 νοσούντων,
1453 3743 1751 3798 ἀλλοιοῦται

179 3830 315 3902 πρὸς
343 3831 444 3902 τὴν
472 3829 566 3884 τοῦ
593 3831 753 3902 ἀέρος
778 3832 1122 3886 κατάστασιν.

249 3923 398 3993 Μηνὶ
430 3921 673 3993 Δύστρῳ,
723 3924 752 3976 ὅ
809 3926 925 3977 ἐστι
967 3923 1193 3995 Μαρτίῳ
1242 3923 1328 3987 ιθ’,
1379 3925 1407 3978 ὁ
1466 3923 1752 3997 λεγόμενος

183 4013 378 4076 Ἵππος
405 4013 702 4066 ἀνατέλλει.

249 4103 397 4173 Μηνὶ
428 4102 508 4173 τῷ
541 4103 690 4174 αὐτῷ
727 4109 811 4172 κγ’
843 4104 1098 4176 ἰσημερία
1127 4105 1346 4177 ὲαρινή·
1379 4107 1472 4160 καί
1510 4108 1626 4161 ἐστι
1657 4125 1754 4179 με·

181 4193 340 4266 γίστη
365 4194 579 4266 ταραχὴ
608 4194 703 4248 τοῦ
730 4195 908 4266 ἀέρος.

251 4285 402 4356 Μηνὶ
449 4284 717 4355 Ξανθικῷ,
761 4286 1039 4340 τουτέστιν
1080 4286 1337 4359 ’Δπριλίῳ
1375 4294 1445 4351 α’,
1490 4287 1752 4358 Πληῖἀδες

178 4373 472 4444 ἀκρόνυχοι
504 4374 804 4441 φαίνονται.

1853 3287 2169 3346 occidentes
2191 3301 2315 3341 aera
2354 3291 2592 3348 mutant,
2630 3293 2692 3339 ut
2715 3285 2998 3355 contingat
3023 3301 3090 3340 ex
3123 3285 3225 3341 hoc
3251 3288 3414 3342 etiam

1852 3385 2050 3433 ventos
2077 3377 2216 3432 alias
2244 3376 2401 3430 aliter
2440 3375 2671 3446 spirare,
2721 3375 3093 3431 necessarium
3146 3375 3274 3431 duxi
3329 3377 3416 3433 hic

1846 3461 2095 3540 tempora
2128 3467 2391 3531 indicare,
2419 3467 2473 3522 in
2505 3467 2703 3539 quibus
2726 3481 2936 3530 earum,
2972 3482 3092 3537 quae
3119 3468 3296 3538 palam
3327 3483 3417 3524 ae-

1851 3576 1966 3618 rem
1989 3560 2242 3624 alterant,
2267 3567 2419 3616 ortus
2453 3565 2510 3614 et
2547 3573 2778 3614 occasus
2804 3558 2956 3614 ﬁunt.
2982 3557 3118 3614 Nam
3156 3574 3415 3615 sanorum

1851 3666 2108 3722 corpora,
2150 3659 2205 3706 et
2255 3650 2424 3705 multo
2467 3649 2641 3721 magis
2685 3657 3032 3721 aegrotorum,
3063 3650 3220 3720 juxta
3272 3650 3416 3707 aeris

1853 3749 2058 3798 statum
2094 3742 2418 3797 alterantur.

1925 3923 2109 3980 Mense
2145 3923 2365 3995 Dystro,
2401 3923 2496 3992 qui
2527 3921 2752 3979 Martius
2779 3930 2884 3988 est,
2911 3921 3096 3993 Equus
3118 3937 3278 3980 mane
3307 3922 3410 3978 orl-

1853 4020 1944 4068 tur
1969 4013 2179 4068 decima
2203 4028 2345 4067 nona
2381 4010 2492 4066 die.

1922 4103 2108 4159 Mense
2154 4104 2365 4169 eodem,
2419 4103 2508 4158 die
2553 4119 2709 4167 χχιιι,
2750 4103 3138 4174 aequinoctium
3190 4119 3419 4162 vernum

1852 4203 1958 4258 est,
1990 4202 2045 4248 et
2063 4194 2298 4247 maxima
2321 4194 2466 4249 aeris
2492 4194 2752 4250 turbatio.

1925 4283 2105 4338 Mense
2121 4281 2417 4348 Xanthico,
2441 4283 2536 4354 qui
2557 4291 2643 4338 est
2659 4282 3076 4354 Aprilis,prima
3097 4280 3420 4340 dieineunta

1855 4385 2012 4430 nocte
2039 4374 2084 4405 ὀ
2114 4372 2361 4428 Pleiades
2386 4381 2667 4443 apparent.

249 4462 396 4535 Μηνὶ
417 4462 500 4533 τῷ
527 4462 684 4533 αὐτῷ.
706 4463 768 4516 ιθ¹
792 4465 1055 4536 Πληϊάδες
1085 4465 1326 4538 ἑσπέριοι
1347 4465 1700 4537 κρύπτονται.
1780 4467 1783 4496 ⁴

1924 4463 2108 4520 Mense
2149 4462 2362 4526 eodem,
2407 4463 2494 4517 die
2527 4479 2641 4530 XIX,
2693 4461 2942 4518 Pleiades
2983 4467 3194 4533 vesperi
3230 4464 3416 4519 occul-

250 4554 508 4625 Μηνὶτῷ
551 4555 700 4626 αὐτῷ
729 4563 813 4610 κα⁹
855 4557 1118 4626 Πληῖάδες
1160 4559 1276 4629 ἅμα
1325 4557 1475 4628 ἡλίου
1519 4559 1747 4630 ἀνατολῇ

178 4646 521 4702 ἀπιτέλλουσι
541 4664 554 4680 ·
585 4649 676 4704 καί
707 4650 820 4702 ἐστι
857 4649 1087 4722 μεγίστη
1113 4653 1146 4721 ὴ
1191 4650 1318 4722 περὶ
1350 4650 1442 4704 τὸν
1486 4651 1626 4722 ἀέρα
1657 4668 1750 4704 τα-

179 4741 342 4812 Paxa-

247 4831 397 4903 Μηνὶ
421 4829 501 4902 τῷ
528 4829 675 4901 αὐτῷ
698 4831 778 4895 κζ’
811 4830 1000 4902 Ὠρίων
1027 4833 1275 4904 ἑσπέριος
1297 4833 1615 4905 κρύπτεται.

246 4925 396 4996 Μηνὶ
447 4922 795 4994 Ἀρτεμισίῳ,
845 4925 873 4977 ὅ
915 4926 1030 4978 ἐστι
1069 4927 1230 4996 Μαΐῳ
1275 4932 1344 4988 α’,
1395 4926 1583 4991 Ὑάδες
1633 4926 1750 4997 ἅμα

176 5013 331 5085 ὴλίου
362 5013 600 5083 ἀνατολῇ
632 5013 986 5068 έπιτέλλουσι.

248 5103 496 5176 Μηνὶτῷ
517 5102 665 5174 αὐτῷ
695 5104 758 5167 δ’,
792 5103 944 5175 Λύρα
963 5105 1216 5176 ἑσπέριος
1239 5104 1524 5169 ἐπιτέλλει,
1554 5107 1645 5159 καὶ
1665 5107 1752 5158 ἀλ-

178 5195 416 5249 λοιοῦται
440 5194 546 5264 ἀὴρ
581 5195 797 5256 ἱκανῶς.
1259 5251 1268 5258 ι

247 5287 397 5358 Μηνὶ
428 5285 506 5357 τῷ
542 5284 690 5356 αὐτῷ
717 5291 770 5350 ς’
802 5284 900 5350 Αἲξ
940 5286 1048 5356 ἑῴα
1094 5286 1379 5353 ἐπιτέλλει,
1422 5287 1514 5339 καὶ
1547 5285 1749 5357 σφόδρα

179 5379 484 5432 ἀλλοιοῦται
509 5378 538 5430 ό
561 5376 672 5448 ἀὴρ
705 5375 808 5447 πρὸ
850 5379 976 5448 μιᾶς
1007 5378 1039 5448 ἢ
1069 5377 1180 5432 δύο.

247 5470 397 5540 Μηνὶ
420 5468 584 5538 Μαΐῳ
610 5466 652 5530 ζ’
680 5467 940 5537 Πληῖάδες
959 5469 1090 5538 ὲῴαι
1121 5469 1418 5538 φαίνονται,
1459 5468 1553 5522 καὶ
1591 5470 1748 5543 ἆρχε-

184 5573 268 5613 nt
296 5559 327 5612 ό
351 5558 463 5629 ἀὴρ
495 5548 872 5610 καθίστασθαι.

254 5712 298 5744 ’θ
325 5709 622 5770 Carnarius
660 5709 814 5778 male,
846 5712 1165 5782 intempesta
1207 5718 1384 5768 nocte.

1858 4565 2058 4625 tantur.

1925 4646 2109 4705 Mense
2135 4648 2345 4714 eodem,
2376 4665 2489 4715 xxi,
2508 4647 2753 4704 Pleiades
2774 4661 2896 4701 cum
2925 4625 3210 4702 solis'ortu
3240 4649 3419 4703 oriuno

1856 4748 1982 4795 tur:
2019 4753 2074 4796 et
2104 4748 2189 4796 est
2213 4740 2452 4795 maxima
2477 4740 2626 4795 circa
2661 4752 2840 4793 aerem
2875 4735 3133 4790 turbatio.

1925 4831 2110 4887 Mense
2132 4830 2345 4894 eodem,
2373 4847 2546 4896 xxvii,
2575 4828 2742 4884 Orion
2777 4826 2988 4897 vesperi
3020 4827 3346 4882 occultatur.

1926 4921 2108 4978 Mense
2127 4920 2442 4988 Artemisio,
2475 4921 2576 4975 hoc
2597 4931 2680 4977 est
2710 4919 2869 4982 Maio,
2897 4919 3071 4989 prima
3095 4917 3184 4972 die
3203 4915 3418 4988 Hyadrs

1855 5029 1980 5069 cum
2015 5013 2145 5070 solis
2171 5025 2292 5070 ortu
2318 5013 2588 5068 oriuntur.

1927 5102 2111 5158 Mense
2137 5103 2348 5165 eodem,
2387 5119 2438 5157 iv
2471 5102 2582 5166 die,
2603 5099 2741 5172 Lyra
2772 5097 2982 5170 vesperi
3017 5098 3213 5166 oritur,
3247 5107 3302 5154 et
3327 5115 3420 5153 aer

1855 5195 2089 5250 multum
2123 5195 2403 5250 alteratur.

1925 5283 2109 5340 Mense
2128 5283 2340 5349 eodem,
2368 5301 2443 5351 vr,
2467 5285 2638 5354 Capra
2662 5297 2821 5339 mane
2841 5282 3036 5346 oritur,
3058 5291 3103 5337 el
3120 5281 3275 5336 valde
3296 5282 3420 5335 alte-

1856 5384 2010 5431 ratur
2041 5391 2150 5431 aer.

1926 5466 2052 5523 Maii
2081 5483 2154 5522 vn
2176 5465 2419 5524 Pleiades
2447 5484 2605 5524 mane
2634 5473 2915 5538 apparent.
2937 5474 2990 5520 et
3013 5478 3108 5519 aer
3128 5460 3304 5519 sedari
3332 5461 3418 5514 in-

1851 5557 2004 5629 cipit.
