3808 6320
430 310 576 380 ηδε
1332 316 1340 324 ‘
1485 327 1576 382 AD
1617 324 1888 384 susse"
1924 323 2319 385 cunouncou
2357 314 2751 394 Aprmoixf
3532 336 3654 394 assa

503 437 631 493 Maii
661 455 774 504 xix,
814 440 1028 514 Hyades
1078 458 1238 500 mane
1288 456 1571 517 apparent.
1618 456 1674 503 et
1709 464 1805 503 aer
1852 448 2007 503 valde

2175 452 2322 521 Μηνὶ
2347 454 2507 526 Μαΐῳ
2532 454 2597 509 ιθ¹
2629 452 2817 521 Ὑάδες
2838 454 2969 527 ἑῷαι
3003 455 3302 525 φαίνονται,
3331 454 3424 509 καὶ
3443 455 3656 510 ἀλλοιοῦ-

432 529 698 585 alteratur
723 532 913 602 pridie.
943 543 1037 589 aut
1068 537 1484 594 nudiustertius
1518 539 1639 609 eius
1661 540 1789 596 diei.

1780 582 1789 596 .
2105 559 2195 597 ται
2226 543 2364 598 πάνυ
2391 546 2420 598 ὁ
2452 545 2562 619 ἀὴρ
2585 545 2690 618 πρὸ
2719 546 2899 617 μιᾶςῆ
2921 546 3014 600 δύο
3039 544 3284 618 ἡμερῶν.

506 620 630 676 Maii
677 639 803 677 xxxv
835 624 1010 695 Capra
1043 628 1255 699 vesperi
1309 631 1661 696 occultatur;
1691 638 1746 688 et
1795 632 1999 689 nudius

2171 636 2317 707 Μηνὶ
2355 637 2433 709 τῷ
2473 639 2622 710 αύτῷ
2654 638 2731 693 κδ’
2759 638 2858 704 Αἲξ
2894 640 3146 711 ἑσπέριος
3198 639 3537 711 κρύπτεται·
3575 638 3657 698 καὶ

435 710 630 767 tertius
654 712 775 781 ejus
807 713 911 769 diei
944 730 1039 771 aer
1067 725 1339 774 movetur.

2103 729 2332 782 κινεῖται
2360 730 2389 779 ὁ
2414 729 2522 800 ἀὴρ
2553 728 2659 800 πρὸ
2685 729 2778 783 δύο
2800 710 3039 801 ἡμερῶν.

438 868 439 873 η
503 801 703 860 Mensis
730 803 878 860 Junii
919 808 1185 874 secunda,
1212 809 1407 881 Aquila
1436 813 1647 885 vesperi
1677 814 1875 870 oritur.

2173 818 2319 891 Μηνὶ
2356 818 2558 891 Ἰουνίῳ
2586 820 2630 890 β’
2672 820 2853 883 Ἀετὸς
2877 821 3128 893 ἑσπέριος
3158 820 3448 877 ἐπιτέλλει.

501 887 703 946 Mensis
731 892 974 961 ejusdem
1000 911 1056 950 vt
1093 895 1359 954 Arcturus
1387 916 1550 957 mane
1586 904 1808 961 occidit.

2173 887 2320 980 Μηνὶ
2349 909 2432 980 τῷ
2462 887 2611 981 αὐτῷ
2641 916 2695 975 ς’
2740 887 3061 984 Ἀρκτοῦρος
3088 911 3223 980 ἑῷος
3246 911 3414 967 δύνει.

498 978 701 1036 Mensis
727 983 972 1053 ejusdem
1002 1002 1061 1041 Ix
1093 988 1319 1060 Delphin
1350 1007 1579 1062 vespere
1607 996 1802 1050 oritur.

2172 978 2319 1071 Μηνὶ
2346 978 2426 1072 τῷ
2455 978 2602 1072 αὐτῷ
2638 1001 2682 1055 θ’
2706 978 2900 1071 Διλιρὶς
2928 978 3179 1073 ἑσπέριος
3205 1003 3495 1061 ἐπιτέλλει.

500 1069 770 1129 Vicesima
798 1077 991 1146 quinta
1026 1078 1193 1135 Orion
1230 1098 1390 1139 mane
1436 1084 1570 1140 oriri
1614 1086 1826 1158 incipit.
1861 1088 2001 1145 Sunt

2171 1069 2317 1160 Μηνὶ
2344 1069 2422 1162 τῷ
2475 1069 2623 1161 αὐτῷ
2656 1096 2733 1145 κε’
2781 1069 2973 1164 Ὦρίων
3022 1069 3156 1162 ἑῷος
3194 1092 3423 1164 ἄρχεται
3460 1094 3651 1149 ἐπιτέλ-

430 1171 609 1219 autem
645 1166 882 1223 solstitia
927 1171 1138 1241 aestiva,
1165 1181 1222 1228 et
1260 1190 1355 1230 aer
1389 1176 1568 1234 tribus
1612 1177 1805 1258 diebus
1839 1188 1931 1235 ant

2148 1198 2233 1236 ειν.
2265 1182 2385 1235 Εἰσὶ
2414 1183 2472 1239 δὲ
2495 1185 2693 1255 τροπαὶ
2717 1183 2922 1254 Θεριναί
2941 1198 2957 1213 '
3002 1184 3099 1243 καὶ
3132 1184 3438 1241 ἀλλοιοῦται
3469 1187 3652 1260 σφόδρα

427 1255 581 1312 valde
605 1257 889 1317 alteratur.
1616 1255 1624 1258 ﬁ

1616 1255 1624 1258 -
2099 1275 2128 1331 ὁ
2154 1273 2262 1345 ἀὴρ
2288 1274 2393 1345 πρὸ
2421 1274 2588 1347 τριῶν
2616 1275 2857 1347 ἡμερῶν.

496 1347 699 1406 Mensis
731 1350 860 1407 Julii
890 1357 1052 1411 tertio
1079 1355 1249 1414 Orion
1273 1368 1420 1418 totus
1452 1363 1649 1420 oritur.

2169 1364 2317 1435 Μηνὶ
2361 1365 2562 1435 Ἰουλίῳ
2587 1373 2635 1435 γ’
2676 1367 2865 1440 Ὠρίων
2893 1369 3017 1434 ὅλος
3045 1369 3335 1427 ἐπιτέλλει.

500 1437 721 1495 Decima
750 1451 945 1514 quarta
979 1446 1223 1520 Prorvmi
1257 1466 1415 1507 mane
1437 1453 1634 1511 oritur.

2162 1456 2311 1527 Μηνὶ
2342 1455 2418 1526 τῷ
2447 1457 2595 1528 αύτῷ
2628 1457 2686 1511 ιδ’
2714 1437 2973 1531 Προκύων
2995 1460 3131 1533 ἑῷος
3163 1462 3454 1520 ἐπιτέλλει.

498 1528 716 1588 Decima
765 1549 908 1589 nona
949 1536 1116 1595 Canis
1171 1557 1332 1597 mane
1380 1546 1594 1608 oritur;
1644 1556 1697 1602 et
1731 1549 1998 1620 contingit

2168 1548 2315 1619 Μηνὶ
2341 1547 2419 1621 τῷ
2451 1548 2597 1621 αὐτῷ
2629 1550 2692 1605 ιϐ’
2720 1528 2881 1611 Κύων
2914 1528 3053 1625 ἑῷος
3067 1556 3366 1611 ἐπιτέλλει·
3405 1558 3499 1614 καὶ
3525 1558 3653 1627 γίνεο

423 1624 659 1680 maxima
706 1628 849 1683 aeris
898 1630 1176 1701 turbatio;
1235 1634 1534 1705 aliquando
1568 1639 1733 1695 etiam
1789 1643 1921 1698 nudi

2149 1654 2186 1690 ιι
2232 1639 2463 1711 μεγίστη
2494 1639 2586 1695 τοῦ
2612 1641 2770 1713 ἀέρος
2822 1643 3055 1716 ταραχὴ,
3089 1645 3261 1699 ἐνίοτε
3299 1648 3394 1700 καὶ
3436 1624 3545 1719 πρὸ⁷
3570 1648 3653 1705 δύο

423 1718 618 1773 tertius
641 1718 763 1788 ejus
793 1720 923 1777 diei.

832 1720 923 1777 iei.
2023 1787 2068 1801 ﬁ
2094 1730 2336 1801 ἡμερῶν.

496 1787 770 1865 Vicesima
802 1812 995 1881 quinta
1022 1813 1223 1885 Aquila
1267 1831 1427 1875 mane
1463 1820 1697 1891 occidit;
1745 1834 1996 1882 movetur

2164 1787 2312 1894 Μηνὶ
2336 1821 2413 1894 τῷ
2432 1824 2579 1895 αύτῷ
2607 1831 2685 1879 κε’
2719 1826 2898 1892 ’Δετδς
2928 1827 3060 1900 ἑῷος
3088 1829 3266 1884 δύνει·
3297 1832 3521 1885 κινεῖται
3552 1830 3654 1888 δὲὁ

424 1907 604 1954 autem
637 1916 732 1956 aer
762 1913 887 1959 ante
924 1905 1190 1961 triduum.

2097 1910 2205 1983 ἀὴρ
2243 1914 2349 1984 πρὸ
2379 1914 2544 1985 τριῶν
2568 1917 2810 1988 ἡμερῶν.

498 1990 703 2049 Mensis
730 1993 962 2065 Augusti
1000 2012 1069 2051 xv
1103 1996 1243 2071 Lyra
1276 2015 1435 2057 mane
1459 2004 1678 2060 occidit.

2167 2003 2631 2076 Μηνὶ-Αὐγούστῳ
2667 2015 2728 2061 ιε’
2756 2008 2909 2081 Λύρα
2935 2010 3069 2083 ἑῷος
3089 2012 3256 2067 δύνει.

498 2082 718 2141 Decima
754 2102 899 2142 nona
948 2087 1178 2159 Delphin
1214 2106 1376 2149 mane
1406 2096 1651 2166 occidit;
1682 2106 1737 2154 et
1766 2110 1849 2157 est
1877 2117 1997 2160 mu-

2165 2095 2311 2167 Μηνὶ
2338 2097 2420 2167 τῷ
2461 2097 2610 2169 αὐτῷ
2660 2099 2726 2153 ιϐ’
2766 2082 2989 2171 Δελφὶςγ
3016 2102 3149 2174 ἑιξόος
3197 2104 3377 2160 δύνει·
3413 2106 3504 2161 καὶ
3549 2108 3651 2162 ἔστι

425 2174 561 2228 ιςιιίο
587 2176 796 2233 aestatis
818 2179 882 2233 ad
911 2179 1286 2251 frigiditatem.

2094 2187 2271 2259 τροπὴ
2305 2188 2399 2242 τοῦ
2430 2189 2621 2261 Θέρονς
2648 2191 2741 2245 ἐπὶ
2774 2192 2834 2247 τὸ
2853 2192 3060 2267 ψυχρόν
3083 2198 3149 2252 ²¹.

496 2267 767 2326 Vicesima
817 2281 1009 2329 octava
1057 2274 1428 2334 Vindemlator
1474 2297 1635 2339 mane
1693 2287 1893 2352 oritur,
1942 2300 1996 2346 et

2166 2280 2314 2351 Μηνὶ
2343 2280 2423 2353 τῷ
2450 2283 2599 2355 αὐτῷ
2643 2291 2731 2355 κη’
2762 2287 3156 2360 Προτρυγητὴς
3200 2290 3335 2363 ἑῷος
3383 2292 3650 2359 ἑπιτέλλει,

426 2360 601 2415 malus
630 2360 794 2419 Navis
826 2365 1029 2421 occidit
1060 2386 1072 2421 :
1106 2377 1160 2423 et
1190 2375 1275 2424 est
1298 2368 1421 2428 ﬁnis
1454 2374 1664 2432 dierum
1690 2388 1813 2451 post
1835 2398 1930 2439 exc

2148 2374 2191 2427 ιὶ
2220 2375 2250 2428 ὁ
2284 2374 2452 2440 Ἰστδς
2482 2375 2647 2431 δύνει.
2680 2379 2835 2433 Ἔστι
2872 2380 2994 2434 τότε
3015 2381 3168 2446 τέλος
3200 2360 3339 2455 μετά
3365 2385 3464 2458 τὴν
3490 2388 3652 2441 ἐπιτο-

423 2455 536 2506 tum
563 2450 729 2508 Canis
758 2452 967 2509 dierum
1001 2474 1089 2511 τι..
1700 2450 1703 2451 ν

1700 2450 1703 2451 ⁷
2096 2464 2192 2538 λὴν
2214 2466 2310 2520 τοῦ
2341 2467 2519 2532 Κυνὸς
2550 2469 2768 2544 ἡμερῶν
2803 2478 2893 2543 pl.‘

493 2539 698 2598 Mensis
730 2541 1067 2616 Septembris
1092 2555 1322 2623 septima
1350 2557 1530 2628 Capra
1560 2561 1773 2629 vesperi
1796 2563 1991 2618 oritur.

2164 2558 2311 2630 Μηνὶ
2342 2539 2697 2633 Σεπτεμδνρίῷ
2732 2562 2776 2628 ζ’
2805 2539 2910 2630 Ᾰῖξ
2943 2565 3197 2639 ἑσπέριος
3222 2569 3504 2625 ἐπιτέλλει.

496 2631 714 2690 Decima
748 2639 980 2708 septima
1018 2640 1286 2705 Arcturus
1324 2650 1521 2718 oritur,
1551 2658 1606 2707 et
1634 2652 1830 2711 alterat
1866 2672 1994 2713 vero

2163 2650 2312 2721 Μηνὶ
2351 2650 2428 2722 τῷ
2475 2631 2625 2724 αύτῷ
2670 2631 2734 2718 ιζ’
2757 2655 2801 2687 "
2843 2631 3169 2729 Ἀρκτοῦρος
3212 2660 3512 2715 ἐπιτέλλει·
3569 2662 3651 2717 καὶ

421 2726 671 2783 scauenti
693 2727 801 2783 die.

2092 2740 2297 2795 ἀλλοιοῖ
2321 2744 2387 2814 τῇ
2416 2743 2544 2816 ἑξῆς
2569 2744 2753 2819 ἡμέρᾳ
2778 2748 2841 2802 ’³.

493 2815 713 2873 Decima
746 2836 892 2877 nona
928 2822 1090 2895 Spica
1141 2844 1303 2887 mane
1343 2832 1540 2899 oritur,
1591 2836 1856 2893 alteratur
1899 2854 1994 2896 aer

2162 2833 2309 2904 Μηνὶ
2333 2833 2410 2905 τῷ
2433 2815 2697 2906 aereis
2712 2815 2924 2908 ὲτάχυς
2956 2836 3090 2911 ἑῷος
3108 2840 3379 2896 ἐπιτέλλει
3398 2860 3413 2875 ο
3439 2843 3652 2898 ἀλλοιοῦ-

421 2906 636 2964 duobus
667 2912 862 2971 diebus
894 2926 1075 2974 antea.

2091 2940 2182 2979 ται
2206 2925 2265 2979 δὲ
2288 2929 2317 2980 δ
2343 2927 2450 2999 ἀὴρ
2482 2928 2588 3001 πρὸ
2609 2929 2702 2983 δύο
2727 2906 2967 3002 ἡμέρων.

491 3000 761 3059 Vicesima
785 3006 973 3078 quinta
996 3011 1383 3081 aequinoctium
1410 3015 1467 3070 ﬁt
1483 3019 1885 3082 autumnale.et
1907 3027 1992 3076 est

2160 3016 2308 3088 Μηνὶ
2344 3016 2423 3088 τῷ
2443 3017 2590 3084 αὐτῷ
2621 3025 2700 3073 κε’
2726 3000 2983 3092 ἰσημερία
3012 3018 3381 3096 φθινοπωρινή
3404 3041 3418 3058 ·
3448 3024 3541 3082 καὶ
3582 3025 3651 3093 γε·

420 3094 657 3149 maxlma
688 3098 834 3153 aeris
870 3101 1109 3157 turbatio
1148 3104 1326 3161 tribus
1350 3116 1509 3163 antea
1540 3108 1735 3165 diebus
1768 3129 1782 3165 :
1817 3126 1924 3181 qua

2147 3124 2240 3160 ςται
2258 3108 2486 3180 μεγίστη
2497 3108 2709 3182 ταραχὴ
2722 3110 2815 3163 τοῦ
2831 3110 2993 3183 ἀέρος
3021 3112 3127 3184 πρὸ
3146 3113 3316 3185 τριῶν
3331 3094 3570 3186 ἡμερῶν·
3584 3115 3651 3168 διὸ

415 3190 504 3237 est
541 3186 844 3244 cavendum
886 3206 954 3247 ne
993 3208 1187 3249 venam
1236 3208 1522 3261 secemus,
1569 3214 1748 3270 neque
1790 3216 1919 3274 pura

2146 3201 2607 3272 ιραφυλάττεσθαι
2632 3204 2737 3275 χρὴ
2771 3202 2904 3275 μηδὲ
2920 3203 3294 3276 φλεδοτομεῖν,
3315 3206 3450 3277 μηδὲ
3477 3205 3650 3260 καθαί-

417 3289 577 3341 mus,
608 3292 786 3348 neque
825 3280 963 3336 alias
997 3298 1201 3356 corpus
1236 3278 1542 3344 vehementi
1588 3296 1740 3345 motu
1774 3306 1921 3348 move

2147 3311 2230 3358 ειν,
2269 3294 2391 3365 μηδ’
2430 3294 2603 3359 ἄλλως
2630 3295 2692 3348 τὸ
2718 3296 2875 3367 σῶμα
2900 3299 3068 3351 κινεῖν
3091 3297 3296 3370 σφοδρᾷ
3325 3300 3537 3373 κινήσει
3561 3298 3651 3355 ἀπὺ

420 3379 541 3422 mus
569 3382 598 3420 a
634 3367 846 3425 decima
895 3373 1087 3443 quinta
1125 3375 1462 3448 Septembris
1489 3397 1665 3454 usque
1698 3385 1765 3440 ad
1796 3384 1924 3441 vice:

1496 3397 1665 3454 usque
1698 3385 1765 3440 ad
1796 3384 1993 3442 vicesi-
2096 3393 2157 3444 ιε’
2185 3385 2278 3441 τοῦ
2306 3387 2682 3461 Σεπτεμϐρίου
2711 3387 2873 3460 μέχρι
2903 3388 3000 3443 κδ’.

418 3472 561 3512 mam
591 3471 840 3530 quartam
871 3466 1115 3534 ejusdem
1140 3470 1366 3530 mensis.

490 3546 687 3606 Mensis
711 3549 963 3610 Octobris
989 3565 1141 3611 sexta
1176 3556 1391 3615 Corona
1417 3577 1575 3621 mane
1603 3566 1797 3633 oritur,
1826 3575 1880 3624 et
1905 3577 1990 3626 est

2159 3567 2309 3639 Μηνὶ
2346 3566 2662 3639 Ὅκτωϐρίῳ
2690 3572 2743 3632 ς’
2775 3565 3047 3637 Στέφανος
3082 3565 3217 3638 ἑῷος
3250 3565 3553 3624 ἑπιτέλλει’
3573 3571 3652 3625 καί

413 3640 710 3698 vehemens
741 3645 886 3701 aeris
915 3651 1162 3705 mutatio.

2090 3658 2207 3711 ἑστι
2237 3656 2441 3729 σφοδρά
2471 3657 2739 3730 μεταϐολὴ
2767 3657 2862 3711 τοῦ
2898 3658 3077 3728 ἀέρος.

486 3731 730 3803 Septima
765 3736 922 3792 Hmdi
948 3743 1160 3810 vesperi
1183 3743 1456 3801 oriuntur.

2158 3751 2305 3822 Μηνὶ
2329 3749 2406 3819 τῷ
2436 3748 2583 3820 αὐτῷ
2611 3748 2655 3814 ζ’
2692 3751 2910 3822 Ἔριφοι
2936 3750 3183 3821 ἑσπέριοι
3210 3751 3568 3807 ἑπιτέλλουσι.

488 3823 710 3880 Decima
770 3830 1000 3897 septima
1046 3830 1263 3904 Hyades
1311 3853 1536 3913 vespere
1590 3841 1890 3904 oriuntur:
1935 3852 1987 3902 et

2160 3841 2307 3916 Μηνὶ
2328 3840 2405 3911 τῷ
2430 3840 2577 3917 αύτῷ
2606 3840 2671 3906 ιζ’
2706 3841 2895 3904 Ὑάδες
2909 3841 3151 3912 ἑσπέριοι
3172 3841 3518 3897 ὲπιτέλλονσι
3534 3862 3548 3875 ’
3574 3844 3651 3897 καὶ

415 3928 613 3985 magna
639 3918 695 3970 ﬁt
724 3921 867 3975 aeris
896 3923 1159 3979 turbatio.

2092 3934 2249 4005 ἱκανὴ
2271 3931 2485 4005 ταραχὴ
2507 3928 2601 3984 τοῦ
2628 3930 2791 4003 ἀέρος
2812 3932 3040 4000 γίνεται.

491 4004 764 4063 Vicesima
794 4014 975 4079 tertia,
1007 4031 1115 4070 una
1145 4034 1267 4073 cum
1299 4022 1433 4078 solis
1473 4033 1594 4080 ortu
1619 4024 1865 4084 Pleiades
1888 4043 1987 4084 oc-

2157 4026 2304 4096 Μηνὶ
2328 4004 2408 4096 τῷ
2429 4021 2577 4093 αύτῷ
2598 4029 2682 4092 κγ’
2705 4022 2820 4094 ἅμα
2847 4024 2997 4096 ἡλίου
3022 4025 3257 4096 ἀνατολῇ
3283 4025 3554 4095 Πληϊάδες
3576 4022 3652 4078 δύ-

414 4097 608 4155 cldunt
641 4120 657 4158 :
689 4110 741 4159 et
772 4106 1040 4179 contingit
1070 4110 1245 4181 pridie
1276 4117 1513 4172 maxima
1549 4120 1694 4175 aeris
1722 4121 1918 4177 turbati

2148 4133 2236 4171 υσι
2257 4135 2270 4149 ’
2303 4117 2397 4171 καί
2429 4118 2543 4171 ἐστι
2574 4115 2802 4189 μεγίστη
2827 4114 3041 4188 ταραχὴ
3072 4116 3166 4170 τοῦ
3202 4117 3368 4190 ἀέρος
3394 4118 3502 4189 πρὸ
3541 4117 3652 4188 ptis

2088 4209 2321 4283 ἡμέρας·

486 4280 687 4339 Mensis
713 4283 1038 4347 Novembris
1068 4300 1220 4348 sexta
1241 4293 1490 4354 Pleiades
1511 4314 1670 4356 mane
1695 4300 1983 4371 occidunt;

2156 4280 2306 4374 Μηνὶ
2332 4301 2625 4374 Νοεμϐρίῳ
2651 4309 2704 4366 ς’
2733 4299 2998 4369 Πληῖἀδες
3023 4298 3154 4370 ἑῷαι
3186 4299 3405 4354 δύνουσι
3423 4316 3438 4330 ’
3467 4299 3556 4353 καὶ
3572 4297 3653 4370 ἀρ-

411 4382 466 4432 et
493 4375 685 4443 incipit
717 4393 811 4434 aer
832 4382 1036 4438 sedari.

2021 4467 2037 4469 Α
2088 4414 2241 4469 χεται
2273 4393 2633 4449 καθίστασθαι
2669 4395 2696 4446 ὁ
2735 4394 2862 4466 ἀήρ.

481 4463 778 4524 Undecima
805 4470 944 4542 Lyra
973 4489 1136 4532 mane
1164 4482 1356 4534 oritur.

2016 4467 2061 4523 Ι)
2089 4463 2121 4469 ﬂ
2157 4489 2306 4557 Μηνὶ
2336 4486 2414 4558 τῷ
2442 4485 2588 4556 αὐτῷ
2621 4482 2690 4545 ια’
2732 4483 2779 4515 ’⁸
2806 4463 2959 4554 Ᾱύρα
2981 4480 3115 4552 ἑῷος
3141 4481 3437 4539 ἐπιτέλλει.

480 4555 763 4616 Vicesima.
788 4565 984 4633 prima,
1026 4566 1242 4640 Hyades
1290 4588 1451 4629 mane
1492 4575 1790 4643 occidunt;
1820 4584 1871 4633 et
1898 4594 1984 4634 se-

2159 4555 2307 4653 Μηνὶ
2332 4555 2410 4651 τῷ
2453 4555 2601 4650 αὐτῷ
2637 4584 2722 4630 κα¹
2760 4575 2949 4639 Ὑάδες
2995 4574 3126 4646 ἑῷαι
3175 4575 3429 4630 δύνουσιθ
3460 4576 3549 4631 καὶ
3573 4591 3650 4627 τα-

409 4651 594 4721 quenti
627 4653 717 4709 die
746 4657 985 4713 turbatio
1009 4660 1066 4714 ﬁt
1097 4662 1247 4718 circa
1282 4681 1485 4724 aerem.

2091 4651 2387 4747 ραχὴτπερὶ
2416 4673 2507 4725 τὸν
2534 4672 2672 4743 ἀέρα
2696 4670 2905 4739 γίνεται
2925 4671 2990 4742 τῇ
3020 4668 3170 4739 ἑξῆς.

482 4740 752 4825 Yicesima
804 4751 1034 4821 septima
1062 4750 1228 4815 Orion
1283 4758 1481 4827 oritur,
1528 4770 1583 4816 et
1620 4760 1837 4817 Corona
1887 4775 1976 4817 oc-

2159 4740 2305 4846 Μηνὶ
2447 4740 2705 4837 αύσιτιῖίκζἸ
2754 4764 2946 4835 Ὠρίων
2989 4761 3284 4828 ἐπιτέλλει,
3322 4762 3420 4817 καὶ
3462 4761 3649 4830 Στέφα-

407 4832 558 4891 cidit.
2085 4876 2176 4922 νος
2208 4832 2373 4913 δύνει.

477 4924 681 4985 Mensis
701 4929 1016 4992 Decembris
1044 4938 1242 5008 prima.
1267 4941 1423 4998 canis
1444 4958 1604 4999 mane
1625 4944 1848 5000 occidit.
1876 4942 1981 5000 Ob-

2156 4951 2304 5021 Μηνὶ
2336 4947 2654 5022 Δεκεμϐρίῳ
2691 4954 2739 5002 α’
2767 4947 2931 5003 Κύων
2975 4947 3111 5019 ἑῷος
3148 4946 3317 5001 δύνει.
3364 4948 3650 5020 Τετήρηται

404 5026 681 5072 servatum
708 5028 795 5076 est
829 5031 1013 5081 autem
1044 5042 1073 5081 a
1106 5031 1315 5094 multis,
1355 5032 1500 5103 quod
1532 5035 1577 5089 si
1611 5043 1908 5109 tempestuc

2190 5044 2305 5105 τοῖς
2360 5041 2594 5104 πολλοῖς,
2634 5041 2729 5104 ὡς,
2783 5041 2837 5094 εἰ
2876 5057 2941 5110 γε
2988 5039 3240 5113 χειμάσει
3284 5040 3345 5091 ἑν
3396 5039 3564 5116 ταύτῃ
3592 5038 3647 5106 τῇ

405 5106 571 5163 fuerit
612 5110 726 5168 hate
754 5114 892 5179 dies,
922 5130 1237 5188 perseverat
1273 5125 1595 5197 plerumque
1641 5106 1901 5184 turbatio

2144 5129 2290 5200 ιέρᾳ,
2317 5128 2568 5200 ἐπιμένει
2593 5128 2668 5192 ὡς
2698 5106 2902 5182 ἐπίπαν
2922 5130 2956 5199 ἡ
2990 5106 3208 5199 ταραχὴ
3248 5128 3346 5181 τοῦ
3380 5106 3648 5200 ἀέρος’-με-

404 5197 524 5255 dies
560 5217 767 5260 χχχιιι.
802 5206 859 5262 Si
889 5225 1020 5265 vero
1054 5227 1247 5269 serena
1278 5214 1463 5284 fuerit,
1502 5233 1599 5289 per
1630 5225 1712 5276 tot
1740 5219 1860 5276 dies
1894 5237 1908 5277 ε

2141 5241 2176 5281 ιι
2204 5197 2432 5295 ημερῷν
2470 5220 2571 5286 λζ’.
2605 5222 2668 5275 Εἰ
2699 5220 2756 5276 δὲ
2788 5197 3042 5284 εύδιάσει,
3070 5197 3298 5272 τδαύτὸ
3327 5197 3645 5292 σημαίνειη.

403 5292 691 5350 renitatem
725 5297 841 5354 fore
879 5301 1170 5372 signiﬁcat.

473 5382 719 5450 Decima,
754 5388 910 5446 Haedi
952 5409 1111 5453 mane
1140 5396 1419 5459 occidunt.

2149 5404 2300 5475 Μηνὶ
2327 5400 2404 5473 τῷ
2440 5402 2591 5479 αύτῷ
2620 5408 2652 5455 ι’
2692 5401 2908 5471 Ἕριιροι
2947 5400 3070 5470 ἑῷοι
3106 5398 3346 5452 δύνουσι.

473 5470 799 5544 Undecima,
842 5481 1019 5552 Capra
1060 5501 1220 5546 mane
1275 5493 1499 5559 occidit,
1551 5500 1605 5549 et
1644 5494 1977 5565 perturbatio

2149 5470 2301 5566 Μηνὶ
2332 5470 2411 5564 τῷ
2466 5470 2614 5564 αὐτῷ
2663 5500 2729 5547 ια’
2757 5470 2804 5526 ί⁶
2849 5492 2948 5557 Αἲξ
2982 5491 3092 5562 ἑῴα
3136 5490 3315 5545 δύνει’
3352 5485 3559 5559 ταραχὴ
3597 5480 3643 5534 δὲ

405 5568 548 5625 aeris
581 5570 641 5625 lit
670 5574 954 5641 postridie.

2080 5587 2291 5659 γίνεται
2320 5582 2458 5657 μετά
2491 5583 2621 5654 μίαν
2652 5583 2882 5656 ἡμέραν.

469 5726 510 5762 ’⁸
540 5724 613 5779 al.
650 5724 857 5798 ζιὲχειν.
936 5730 983 5765 ¹¹
1006 5731 1081 5788 al.
1110 5734 1187 5791 ιδ’.
1276 5739 1319 5770 ’⁸
1350 5738 1422 5794 al.
1456 5737 1603 5793 ἄλλοι
1632 5738 1687 5794 δὲ
1716 5742 1783 5811 τῇ
1806 5739 1973 5810 ἐξῆςι

1954 5741 2156 5813 ἡμέρᾳ.
2239 5738 2283 5771 ³⁵
2310 5736 2383 5793 al.
2425 5741 2511 5805 ιγ’.
2547 5804 2552 5809 _
2591 5737 2634 5769 "
2660 5736 2734 5793 al.
2770 5734 3076 5807 συμϐαίνει.
3150 5736 3196 5767 ’⁸⁸
3230 5734 3305 5791 (Ι.
3341 5740 3443 5791 κε’.
