3808 6312
121 317 248 367 1557

186 427 333 497 Μηνὶ
361 428 440 499 τῷ
477 429 623 501 αὐτῳ
651 438 734 500 κγ’
769 433 812 463 ’⁷
837 434 1038 505 τροπαὶ
1066 436 1390 507 χειμεριναι.

187 520 337 590 Μηνὶ
380 523 692 595 Ἰανουαρίῳ
719 524 759 576 δ
793 524 988 592 Δελφὶς
1023 525 1310 582 ἐπιτέλλει.

187 611 334 683 Μηνὶ
365 612 445 684 τῷ
487 613 638 684 αὐτῷ
669 621 709 668 ε’
737 616 781 646 ’⁸
808 619 836 669 ὁ
878 617 1058 680 Ἀετὸς
1097 619 1352 689 ἑσπέριος
1390 618 1567 672 δύνει·
1605 638 1696 673 τα·-

123 703 258 775 ραχὴ
283 704 342 757 δὲ
366 705 575 778 σφοδρὰ
606 706 814 775 γίνεται
842 708 978 777 μετὰ
999 708 1092 762 δύο
1116 709 1351 780 ἡμέρας.

187 793 334 863 Μηνὶ
371 793 449 865 τῷ
477 794 625 866 αὑτῴ
671 803 748 848 κε’
776 798 804 850 ὁ
830 797 1080 869 λαμπρὸς
1113 797 1286 869 ἀστὴρ
1312 801 1369 851 ὲν
1393 798 1472 870 τῷ
1506 800 1690 855 Λέοντ.

117 883 261 937 δύνει
282 899 295 911 ·
327 887 469 938 κινεί
492 903 551 938 τε
585 887 686 955 πρὸ
711 887 878 958 τριῶν
910 888 1132 961 ἡμερῶν
1154 890 1245 942 τὸν
1274 889 1430 962 ἀέρα.

188 974 335 1043 Μηνὶ
358 973 438 1044 τῷ
468 974 616 1046 αὐτῷ
644 982 728 1046 κη’
751 977 944 1048 Δελφὶς
979 979 1230 1046 ἑσπέριος
1261 979 1425 1035 δύνει.

186 1065 334 1134 Μηνὶ
367 1064 447 1136 τῷ
481 1066 628 1138 αὐτῷ
656 1067 735 1122 κθ⁹
768 1067 920 1140 Λύρα
949 1069 1201 1141 ἑσπέριος
1222 1069 1388 1126 δύνει.

185 1155 333 1225 Μηνὶ
364 1155 713 1228 Φεϐρουαρίῳ
745 1164 797 1222 ς’
825 1159 867 1188 ⁸³
901 1158 1139 1229 Ζέφυρος
1162 1160 1303 1212 πνεῖ.

185 1244 333 1314 Μηνὶ
352 1243 431 1316 τῷ
460 1245 606 1317 αὐτῷ
635 1246 718 1300 κδ’
743 1249 773 1302 ὀ
799 1247 964 1312 Ἰστὸς
983 1248 1126 1303 δύνει
1161 1250 1432 1322 ἑσπέριος,
1462 1268 1551 1304 και
1580 1251 1693 1304 ἐστι

117 1338 327 1407 ταραχὴ
351 1336 450 1390 τοῦ
473 1338 653 1410 ἀέρος.

183 1429 333 1498 Μηνὶ
357 1429 438 1500 τῷ
459 1430 608 1501 αὐτῷ
636 1439 713 1484 κε’
762 1432 1084 1504 Ἀρκτοῦρος
1107 1432 1392 1487 ἐπιτέλλει.

184 1519 428 1592 Μηνὶτῷ
439 1521 587 1592 αὐτῷ
601 1529 691 1588 κς¹
707 1523 975 1594 χελιδόνες
989 1525 1261 1590 πέτονται,
1283 1527 1376 1581 καὶ
1389 1526 1686 1596 φαίνονται.

185 1676 229 1706 ⁸⁷
265 1674 448 1729 αι.κδ’.
527 1677 572 1708 ’⁸
606 1676 680 1732 al.
714 1683 796 1732 ιε’.

897 1680 942 1711 ¹⁹
971 1678 1047 1733 al.
1085 1677 1170 1744 ις’.

993 316 1452 374 DlSSEBTATIO
1491 315 1578 371 DE
1612 315 1798 374 ORTU
1839 314 1926 370 ET
1966 313 2236 373 OCCASU
2279 314 2602 372 SEDERUM.

3229 319 3369 375 1558

1719 443 1767 498 Α
1867 433 2139 491 Vicesima
2160 435 2318 490 tertia
2349 434 2644 491 solstitium
2668 441 2754 490 est
2782 434 3091 490 hibernum.

1870 524 2073 581 Mensis
2104 524 2350 581 Januarii
2383 535 2578 597 quarta
2609 525 2837 595 Delphin
2860 526 3056 579 oritur.

1869 615 2093 681 Quinta,
2124 616 2320 686 Aquila
2348 616 2558 686 vesperi
2588 615 2821 681 occidit;
2845 622 2901 670 et
2927 617 2984 668 fit
3014 614 3252 669 turbatio
3278 629 3369 670 ve-

1797 708 2025 762 hemens
2053 717 2178 778 post
2209 708 2348 763 duos
2379 707 2518 762 dies.

1869 797 2088 868 Quinta,
2118 800 2348 858 illustris
2376 801 2534 857 stella
2573 799 2629 854 in
2669 798 2848 856 Leone
2894 797 3128 865 occidit;
3160 807 3368 853 movet-

1795 909 1901 964 que
1930 900 2055 948 ante
2087 893 2328 947 triduum
2358 908 2564 948 aerem.

1868 983 2138 1040 Vieesima
2165 991 2360 1038 octava
2395 983 2622 1054 Delphin
2657 983 2868 1054 vesperi
2903 984 3120 1039 occidit.

1865 1073 2135 1130 Vicesima
2163 1090 2327 1142 nona,
2364 1075 2504 1147 Lyra
2527 1075 2738 1144 vesperi
2767 1074 2985 1130 occidit.

1867 1165 2073 1221 Mensis
2102 1165 2384 1221 Februarii
2421 1174 2574 1223 sexta
2611 1165 2883 1221 Favonius
2908 1167 3103 1236 spirat.
3355 1221 3358 1224 .

1867 1256 2139 1311 Vicesima
2177 1257 2437 1324 secunda,
2484 1258 2663 1314 malus
2689 1257 2854 1314 Navis
2890 1259 3102 1328 vesperi
3141 1258 3364 1325 occidit,

1797 1356 1852 1401 et
1878 1357 1961 1401 est
1996 1347 2241 1402 turbatio
2265 1349 2409 1404 aeris
2441 1363 2655 1418 magna.

1867 1436 2138 1494 Vicesima
2169 1441 2382 1509 quinta,
2415 1440 2684 1496 Arcturus
2720 1440 2934 1510 vesperi
2957 1440 3148 1495 oritur.

1867 1527 2140 1586 Vieesima
2175 1540 2352 1598 sexta,
2389 1532 2710 1590 hirundines
2745 1534 2928 1590 volant
2991 1542 3046 1590 et
3083 1541 3363 1605 apparent.

131 1833 3330 1858 ww—

495 1943 690 2065 DE
791 1939 1221 2071 ORTU
1297 1946 1498 2069 ET
1599 1946 2205 2078 OCCASU
2286 1905 2984 2077 SIDERUM

1353 2159 2144 2252 DlSSERTATIO

119 2312 184 2369 lu
205 2331 308 2368 tua
323 2315 493 2369 multa
512 2314 845 2369 elucidantur
859 2332 974 2388 qute
991 2315 1054 2370 ab
1072 2316 1374 2370 auctoribus
1399 2333 1560 2384 supra
1582 2313 1735 2369 editis
1752 2313 1966 2369 obscure
1986 2314 2214 2384 allegata
2230 2329 2372 2379 sum,
2397 2315 2474 2368 vel
2497 2315 2831 2386 corriguntur
2848 2332 2965 2386 qua:
2979 2332 3190 2370 erronee
3205 2315 3369 2370 dicta.

999 2434 1167 2494 (Dion.
1193 2437 1450 2496 Panvws,
1486 2437 1553 2486 De
1573 2431 1794 2485 doctrina
1815 2440 2100 2497 temporum,
2136 2438 2170 2484 t.
2199 2431 2284 2494 ΙΙΙ,
2313 2447 2362 2495 p.
2382 2429 2484 2492 59.)

708 2629 1109 2683 ΠΡΟΘΕΩΡΙΑ.

186 2721 262 2776 De
295 2730 422 2775 ortu
464 2721 704 2777 siderum
750 2731 804 2777 et
851 2738 1050 2777 occasu
1101 2723 1302 2778 selecta
1343 2725 1587 2794 quaedam
1629 2741 1697 2782 ex

115 2814 340 2884 optimis
388 2821 445 2868 et
494 2813 735 2882 antiquis
789 2815 1105 2869 auctoribus
1155 2819 1402 2886 exempla
1457 2817 1699 2886 profere-

114 2921 274 2970 mus,
312 2904 368 2957 in
417 2903 620 2974 quibus
671 2910 889 2958 ortuum
937 2913 991 2959 et
1039 2919 1332 2958 occasuum
1383 2907 1697 2962 varietatem

113 3012 332 3052 omnem
365 2995 741 3067 experiemur;
777 3005 836 3050 ut
881 2996 948 3050 ad
999 3005 1318 3051 caeterorum
1352 2997 1443 3066 qui
1494 2999 1698 3066 passim

116 3089 367 3143 incidunt
400 3104 561 3143 usum
598 3099 651 3143 et
684 3086 1062 3143 tractationem
1102 3102 1404 3156 paucorum
1434 3087 1696 3143 observa-

115 3180 190 3232 tio
226 3178 593 3234 similitudine
639 3179 756 3248 ipsa
805 3178 1092 3248 pertineat.
1147 3175 1252 3231 Sed
1285 3178 1386 3231 tria
1429 3185 1556 3233 sunt
1592 3179 1698 3232 im-

113 3270 330 3339 primis,
358 3285 484 3339 qute
510 3268 577 3323 ad
603 3276 755 3324 ortus
783 3279 837 3324 et
867 3284 1100 3325 occasus
1123 3269 1362 3340 speciem
1386 3270 1440 3323 in
1462 3270 1701 3339 scripto-

116 3376 239 3414 rum
278 3361 438 3415 libris
487 3360 783 3414 eruendam
832 3367 1018 3414 notata
1068 3377 1192 3416 esse
1236 3361 1496 3417 doctrina:
1540 3361 1703 3433 hujus

113 3451 358 3507 artifices
377 3451 593 3522 jubeut.
615 3451 853 3506 Primum
873 3461 960 3507 est
981 3461 1215 3522 tempus,
1241 3454 1386 3522 quod
1411 3455 1480 3508 ab
1509 3462 1702 3508 aucto-

114 3561 176 3599 re
209 3544 330 3615 ipso
371 3545 447 3600 sit
482 3559 825 3614 expressum,
854 3552 948 3598 aut
976 3561 1042 3600 ex
1075 3544 1196 3613 ejus
1240 3545 1488 3600 oratione
1524 3545 1703 3616 colligi

116 3639 325 3706 possit;
367 3635 670 3691 secundum
724 3644 808 3691 est
854 3637 1007 3690 locus
1051 3637 1184 3691 solis
1223 3637 1299 3689 illi
1352 3637 1579 3706 tempori
1619 3652 1706 3692 re-

117 3729 436 3798 Spondens;
501 3729 723 3782 tertium
777 3736 863 3783 est
919 3729 1168 3800 signiferi
1217 3729 1368 3784 orbis
1417 3729 1701 3799 particula,

113 3822 237 3878 sive
269 3820 498 3890 gradus,
532 3835 766 3889 quocum
808 3821 960 3875 stella
1003 3821 1180 3874 oritur
1226 3829 1320 3874 aut
1360 3821 1563 3876 occidit
1594 3841 1607 3875 :
1638 3836 1704 3876 ex

114 3929 233 3984 quo
269 3913 493 3967 demum
544 3922 756 3981 tempus
806 3911 1061 3967 idoneum
1120 3914 1175 3967 in
1223 3928 1369 3967 anno
1413 3928 1476 3967 ac
1519 3927 1704 3968 mense

113 4006 398 4075 capiatur.
434 4004 511 4057 Ex
541 4004 608 4064 iis
643 4005 876 4074 prinmm
922 4004 1024 4058 nisi
1067 4018 1097 4057 a
1143 4004 1411 4074 scriptore
1462 4002 1703 4058 declare—
1732 3985 1774 4043 (ί

113 4106 234 4158 tur,
262 4097 436 4150 certis
481 4095 819 4164 eonjecturis
857 4110 920 4148 ac
953 4094 1385 4149 circumstantiis
1429 4095 1706 4149 aestiman-

113 4192 250 4244 dum
287 4205 438 4254 esse,
471 4198 620 4242 recte
662 4187 826 4242 iidem
869 4187 946 4241 illi
996 4187 1196 4242 eruditi
1238 4188 1488 4242 homines
1517 4187 1706 4242 admo-

114 4293 275 4340 nent.
334 4284 390 4336 ιη
422 4282 641 4336 duobus
673 4280 1015 4350 explicandis
1059 4281 1208 4337 soleo
1260 4297 1368 4334 non
1421 4279 1704 4335 scientiam

116 4375 346 4442 quidem
382 4372 436 4424 iu
471 4371 768 4440 plerisque,
794 4369 885 4438 qui
923 4380 1047 4424 ante
1079 4386 1178 4425 nos
1219 4371 1322 4425 ista
1355 4369 1707 4423 commentati

115 4476 275 4530 sunt,
307 4464 407 4518 sed
459 4463 813 4517 attentionem
863 4461 930 4514 ad
991 4462 1041 4516 id
1092 4463 1238 4532 quod
1287 4461 1624 4523 scribebant,
1655 4468 1709 4515 et

114 4558 244 4628 ejus
297 4555 445 4624 quod
499 4553 714 4623 egregie
765 4561 984 4613 norant,
1041 4552 1472 4608 recordationem
1525 4550 1710 4621 requi-

117 4665 267 4704 rere.
319 4645 457 4701 Nam
507 4646 561 4699 in
614 4652 822 4698 tantam
877 4644 1271 4700 absurditatem
1321 4643 1709 4698 nonnullorum

114 4738 349 4796 devenit
393 4735 593 4797 oratio,
627 4744 683 4788 ut
726 4749 903 4804 neque
940 4750 1063 4788 cum
1108 4735 1415 4805 pervagatis
1456 4742 1710 4789 astrono-

116 4832 245 4885 Iniae
287 4826 613 4898 principiis,
660 4841 838 4894 neque
870 4841 996 4880 cum
1023 4827 1308 4880 oculorum
1350 4841 1415 4881 ae
1451 4840 1711 4881 sensuum

114 4919 492 4992 experientia,
515 4933 693 4986 neque
719 4927 1207 4988 secumpostremo
1235 4917 1350 4987 ipsa
1380 4917 1709 4972 consentiat.

192 5014 334 5080 Qua:
374 5024 464 5064 res
495 5016 555 5060 ut
586 5025 693 5062 non
732 5008 890 5078 ipsis,
919 5008 1010 5079 qui
1049 5009 1155 5063 ista
1201 5009 1494 5078 scripsere,
1533 5007 1712 5062 fraudi

117 5107 293 5162 fuerit
326 5101 561 5158 eruditis
590 5101 927 5161 hominibus.
963 5107 1016 5156 et
1059 5100 1251 5155 harum
1295 5100 1714 5170 disciplinarum

117 5197 360 5254 scientia
409 5194 679 5266 praeditis.
710 5204 766 5246 at
795 5193 919 5246 aliis
964 5208 1074 5247 non
1123 5192 1472 5247 mediocriter
1513 5191 1710 5254 obfuit,

117 5291 209 5344 vel
245 5288 430 5341 minus
467 5301 629 5354 quant
665 5285 737 5337 illi
774 5283 945 5347 fuere,
979 5284 1192 5347 doctis,
1228 5283 1313 5338 vel
1355 5299 1581 5353 prorsus
1612 5282 1713 5335 imo

117 5380 352 5450 peritis,
402 5377 500 5446 qui
545 5375 806 5445 impetum
857 5375 923 5430 ad
971 5376 1316 5429 scribendum
1349 5375 1468 5428 sine
1503 5381 1623 5427 arte
1651 5387 1714 5426 ac

111 5473 334 5541 judicio
359 5469 656 5525 conferunt
676 5507 691 5530 ,
721 5475 775 5521 et
802 5483 924 5532 quae
949 5467 1090 5536 apud
1121 5467 1258 5520 alios
1289 5473 1564 5535 utcunque
1592 5481 1717 5535 per-

117 5571 362 5618 tractata
397 5561 652 5631 legerint,
687 5573 922 5628 quorum
955 5559 1118 5612 rudes
1152 5559 1252 5626 ipsi
1295 5564 1446 5615 sunt.
1477 5574 1562 5622 ea,
1594 5565 1716 5612 utut

117 5673 184 5712 se
220 5655 452 5717 habent,
483 5653 538 5705 in
597 5654 1084 5706 commentationes
1129 5665 1259 5703 suas
1308 5649 1714 5714 transfundere,

119 5748 195 5803 ad
233 5759 512 5804 summam
546 5743 646 5798 sibi
678 5741 938 5798 doctrina:
983 5739 1179 5796 famam
1227 5757 1289 5794 ac
1323 5740 1546 5812 gloriam
1592 5755 1716 5812 per-

1735 2643 1779 2699 ι]
1807 2631 1983 2686 tinere
2030 2637 2242 2700 putant.
2293 2628 2352 2682 ln
2402 2627 2596 2682 horum
2636 2642 2800 2700 grege
2844 2627 3000 2683 facile
3033 2627 3236 2698 primas
3269 2627 3373 2684 bac

1797 2731 1954 2778 aatate
1987 2721 2078 2776 ille
2117 2720 2356 2789 scriptor
2399 2720 2631 2784 obtinet,
2665 2721 2755 2790 qui
2797 2718 3072 2776 Plinianas
3122 2720 3189 2775 ad
3235 2719 3374 2774 Soli-

1800 2828 1929 2868 num
1967 2812 2397 2867 exercitationes
2429 2827 2607 2882 nuper
2635 2811 2826 2867 edidit.
2861 2812 2935 2866 lbi
2975 2812 3121 2867 enim
3150 2813 3217 2867 de
3248 2822 3372 2867 ortu

1798 2913 1853 2959 et
1880 2918 2080 2957 occasu
2110 2902 2351 2957 siderum
2383 2916 2506 2955 cum
2544 2902 2820 2969 universe,
2852 2909 2966 2955 tum
3001 2909 3277 2957 certorum
3320 2911 3367 2958 et

1801 2993 2121 3066 insignium,
2155 3001 2264 3046 tam
2324 2993 2494 3047 multa
2548 2993 2786 3062 scripsit,
2833 2999 2890 3046 ut
2949 2993 3142 3046 barum
3191 3009 3374 3049 rerum

1801 3086 2233 3142 scientissimum
2283 3100 2343 3140 se
2381 3100 2504 3140 esse
2547 3086 2709 3155 vulgo
2762 3084 3078 3154 persuaderi
3113 3086 3373 3152 voluerit;

1801 3185 1912 3232 tam
1945 3184 2124 3231 autem
2159 3175 2302 3231 finde
2332 3176 2385 3230 in
2413 3177 2670 3231 omnibus
2700 3175 2942 3240 oﬂ‘endit,
2972 3185 3030 3231 ut
3062 3194 3170 3232 non
3197 3184 3378 3232 tanto-

1802 3281 1932 3335 pere
1986 3263 2284 3328 inscitiam,
2334 3271 2598 3334 quantum
2655 3279 2718 3320 os
2769 3264 3007 3320 hominis
3059 3266 3266 3331 mirari,
3313 3282 3377 3322 ac

1803 3359 2073 3428 castigare
2117 3356 2282 3411 etiam
2327 3357 2464 3411 velle
2518 3357 2743 3421 subeat;
2789 3358 2882 3428 qui
2931 3374 3159 3428 quarum
3195 3374 3376 3414 rerum

1805 3451 2049 3506 itinditus
2081 3456 2227 3505 esset
2263 3463 2478 3520 expers,
2511 3449 2578 3503 de
2609 3449 2676 3505 iis
2707 3451 3059 3520 praescribere
3087 3466 3149 3504 ac
3181 3451 3380 3507 docere

1805 3544 1964 3605 alios,
1992 3542 2110 3596 sine
2133 3541 2246 3594 ullo
2274 3540 2503 3611 pudore,
2526 3541 2835 3596 tentaverit.
2865 3539 2939 3596 De
2963 3541 3120 3611 cujus
3148 3541 3382 3611 scripto»

1805 3639 1882 3694 ris
1916 3638 2117 3693 erratis
2145 3637 2306 3706 paulo
2347 3644 2470 3707 post
2512 3635 2746 3690 dicetur.
2773 3635 2928 3690 Nunc
2963 3637 3051 3690 illa
3095 3646 3383 3706 praevertit»

1805 3745 1950 3792 mus,
1983 3728 2035 3782 in
2066 3728 2265 3798 quibus
2294 3743 2483 3798 parum
2518 3727 2678 3782 nobis
2722 3734 2960 3783 attentos
2990 3743 3113 3783 esse
3149 3729 3384 3782 nonnul-

1806 3822 1890 3876 los
1925 3820 2172 3874 eruditos
2204 3811 2712 3874 animadvertimus.

1877 3910 1960 3965 Ad
1993 3913 2158 3966 situm
2191 3907 2326 3966 solis
2358 3913 2411 3964 in
2445 3910 2690 3975 zodiaca,
2716 3918 2769 3965 et
2792 3910 2846 3964 in
2873 3911 3060 3965 eodem
3093 3911 3382 3966 orientium

1809 4004 2094 4059 stellarum
2141 4011 2195 4057 et
2249 4002 2614 4057 occidentium
2657 4002 2909 4072 regiones
2955 4003 3382 4073 investigandas,

1807 4095 2048 4166 primum
2066 4095 2311 4148 omnium
2349 4095 2627 4149 observari
2657 4095 2868 4156 volunt,
2897 4096 3097 4164 quibus
3115 4098 3383 4152 mensium

1809 4188 2004 4244 diebus
2035 4187 2116 4243 sol
2149 4188 2458 4257 ingressum
2495 4188 2548 4240 in
2582 4187 3022 4242 dodecatemoria
3062 4189 3270 4258 singula
3306 4188 3386 4241 fa-

1809 4286 1956 4334 ceret
1987 4278 2054 4332 iis
2082 4277 2444 4346 temporibus,
2477 4277 2676 4346 quibus
2706 4283 2916 4331 veteres
2943 4277 3018 4330 illi
3052 4276 3384 4341 floruerunt;

1810 4369 1976 4439 idque
2009 4385 2074 4422 ex
2109 4367 2432 4433 Columella,
2467 4366 2662 4430 Plinio,
2698 4364 2912 4430 Ovidio,
2945 4383 3007 4422 ac
3041 4368 3250 4422 caeteris
3275 4369 3389 4422 col-

1813 4463 1928 4533 ligi.
1976 4459 2114 4514 Tum
2165 4459 2496 4529 quibuscum
2533 4457 2740 4511 zodiaci
2777 4457 3038 4528 gradibus
3075 4467 3231 4514 ortus
3268 4459 3387 4512 illa-

1811 4568 1931 4607 rum
1993 4565 2338 4619 occasusque
2393 4557 2795 4618 congruerent,
2847 4549 3134 4619 diligenter
3191 4549 3386 4604 notari.

1811 4645 1953 4699 llinc
1992 4643 2136 4698 enim
2187 4642 2348 4696 facile
2388 4640 2614 4710 conjici,
2649 4655 2788 4710 quos
2843 4641 2896 4693 in
2929 4639 3047 4696 dies
3077 4640 3389 4697 conferendi

1813 4737 1888 4790 illi
1908 4736 2058 4798 sint;
2088 4751 2234 4796 cum,
2263 4733 2465 4802 quibus
2495 4732 2575 4788 sol
2605 4732 2669 4785 ad
2701 4732 3127 4802 unumquodque
3176 4733 3389 4802 signum

1815 4831 2122 4901 perveniret
2178 4829 2381 4884 szeculo
2440 4828 2565 4890 illo,
2622 4827 3060 4897 cognoverimus.
3116 4826 3281 4881 Recte
3338 4826 3390 4880 id

1814 4922 2033 4993 quidem
2079 4920 2363 4976 hactenus.
2398 4917 2600 4973 Verum
2648 4916 2702 4970 in
2749 4917 2869 4972 loco
2904 4917 3037 4972 solis
3080 4915 3394 4970 definiendo

1817 5029 2008 5086 parum
2044 5012 2204 5066 iidem
2243 5019 2556 5066 accuratam
2599 5009 2863 5063 rationem
2895 5017 3098 5065 tenent.
3135 5007 3268 5064 Nam
3311 5009 3395 5063 in-

1816 5119 2038 5173 gressus
2079 5101 2134 5154 in
2181 5097 2623 5155 dodccatrmoria
2654 5113 2761 5152 non
2793 5113 2858 5151 ex
2894 5099 2969 5152 rei
3018 5097 3264 5157 veritate,
3295 5095 3393 5151 sed

1816 5209 1880 5246 ex
1913 5191 2048 5245 falsa
2072 5187 2432 5259 quorumdam
2464 5195 2706 5242 veterum
2734 5186 3094 5256 persuasione
3123 5193 3390 5242 statuunt.

1817 5285 1908 5340 Sic
1948 5284 2002 5337 in
2031 5282 2270 5338 Arietem
2295 5279 2425 5334 Julii
2453 5278 2686 5334 Cmsaris
2717 5290 2959 5349 tempore
2990 5279 3158 5333 solem
3193 5294 3258 5331 xv
3287 5276 3394 5330 Ka-

1821 5374 2009 5431 lendas
2036 5373 2192 5444 Apr.,
2219 5372 2320 5426 hoc
2349 5380 2433 5426 est
2462 5371 2638 5424 Martii
2678 5386 2808 5424 xvui
2854 5371 3132 5426 introiisse
3157 5369 3346 5423 dicunt
3377 5385 3390 5432 ;

1824 5464 2134 5519 inTauruin
2169 5478 2297 5517 vero
2321 5461 2523 5532 Aprilis
2551 5475 2715 5526 xvm;
2749 5460 2802 5514 in
2825 5459 3102 5524 Geminos,
3130 5457 3252 5510 Maii
3277 5470 3394 5509 tux.

1823 5556 1979 5621 Quod
2017 5564 2074 5608 ut
2105 5569 2200 5619 per
2235 5567 2356 5608 sese
2409 5551 2603 5606 falsum
2637 5557 2720 5605 est
2743 5589 2757 5614 ,
2789 5551 2868 5604 sic
2911 5565 2978 5605 co
3024 5551 3202 5620 posito
3248 5545 3396 5601 side-

1823 5664 1942 5703 rum
1977 5655 2131 5702 ortns
2160 5659 2499 5714 occasusque
2535 5657 2838 5713 perperam,
2871 5651 2923 5696 et
2963 5640 3155 5695 alienis
3201 5637 3392 5692 diebus

1823 5741 2019 5813 illigari
2052 5753 2280 5796 necesse
2311 5745 2415 5794 cst.
2451 5736 2519 5791 [ιι
2546 5735 2688 5791 enim
2724 5735 2805 5792 sol
2837 5734 2888 5790 in
2915 5732 3174 5796 Taurum,
3206 5744 3392 5787 exem-
