3808 6318
449 343 586 399 πω

1454 337 1546 392 AD
1580 335 1856 392 EUSEllll
1896 335 2292 394 CHRONICON
2318 333 2679 390 APPENDIX.

3564 330 3686 387 εἴδω

444 460 516 529 pli
549 473 743 522 causa,
775 453 1006 530 subierit
1040 467 1173 508 xvut
1203 451 1292 507 die
1323 452 1524 522 Aprilis
1546 492 1560 515 ,
1600 449 1872 521 Vergiliae,
1902 465 2025 520 qua:

2134 448 2399 520 ρουμένου
2422 465 2436 478 ’
2471 446 2505 517 ἢ
2538 446 2646 501 ἀπό
2676 461 2822 507 τινος
2845 443 2956 496 τῶν
2977 440 3478 496 sumerende
3508 443 3688 516 βορειο·

445 552 500 604 in
547 547 718 621 gradu
761 547 926 601 Tauri
965 560 1132 600 xxvnt
1174 544 1500 597 matutinum
1539 551 1719 596 ortum
1753 556 2026 612 apparen-

446 649 555 695 tem
601 639 871 694 faciebant
913 651 1056 691 anno
1099 635 1275 705 primo
1319 631 1561 695 Iuliano,
1597 633 1676 687 uti
1721 646 1889 702 supra
1929 629 2027 686 de-

449 739 810 786 monstratum
841 736 945 791 est,
967 734 1100 780 orta:
1124 726 1326 780 fuerint
1347 725 1471 779 Maii
1500 740 1588 789 xv,
1623 724 1706 778 vel
1741 739 1874 786 xvn,
1899 737 2025 776 cum

445 838 629 878 tamen
662 837 797 876 mn
843 819 897 874 id
931 817 1213 874 acciderit.
1246 817 1322 871 Ita
1353 817 1548 872 diebus
1579 831 1678 870 vni
1717 815 1938 869 circiter
1970 813 2028 867 in

452 931 516 970 ea
545 914 910 984 descriptione
934 918 1212 982 peccatur.
1242 906 1647 978 Ejusdemmodi
1681 915 1875 962 caetera
1899 909 2029 959 sunt

445 1008 738 1062 orientium
779 1006 1064 1060 intervalla
1114 1003 1354 1058 siderum
1389 1019 1404 1054 :
1443 1001 1495 1053 in
1539 1000 1740 1070 quibus
1787 1013 2029 1069 pronun-

446 1098 649 1152 tiandis
685 1098 753 1152 iis
781 1097 849 1152 de
881 1097 1067 1151 causis
1097 1110 1254 1150 error
1287 1092 1604 1153 intervenit,
1648 1091 1741 1162 qui
1784 1088 2028 1161 profecto

446 1189 807 1260 castigatione
851 1203 989 1259 opus
1035 1187 1217 1241 habet.
1259 1183 1623 1249 Quamobrem
1655 1183 1721 1236 de
1753 1180 1856 1234 hac
1889 1179 2032 1233 anti-

445 1297 680 1353 quorum
720 1280 1080 1348 quorumdam
1113 1277 1391 1346 opinione,
1425 1283 1480 1328 et
1512 1289 1817 1326 annuorum
1849 1271 2030 1326 cardi—

449 1387 578 1428 num
611 1369 975 1426 inteversione
1019 1368 1128 1421 dici
1175 1367 1278 1420 hoc
1323 1366 1444 1421 loco
1479 1380 1702 1419 necesse
1736 1373 1841 1426 est,
1871 1371 1930 1414 ut
1962 1362 2030 1416 iis

449 1462 770 1518 auctoribus
820 1457 1184 1524 illustraudis,
1232 1473 1371 1528 quos
1423 1458 1478 1512 in
1536 1456 1676 1510 hanc
1730 1455 2027 1509 editionem

449 1553 809 1623 conjecimus,
841 1549 1072 1606 Gemino
1106 1550 1430 1620 praesertim,
1468 1545 1800 1618 Hipparcho,
1850 1543 2026 1599 Ptole~

451 1659 606 1710 mare,
635 1643 794 1698 Tatio
827 1657 994 1712 Opera
1029 1641 1133 1694 ista
1165 1641 1388 1696 serviat.

1079 1751 1310 1810 CAPUT
1351 1753 1391 1806 l.

451 1847 530 1904 De
568 1848 950 1920 aequinoctialis
994 1856 1044 1920 et
1093 1846 1301 1920 zodiaci
1339 1843 1632 1920 partitione
1661 1859 1693 1895 a
1735 1839 2022 1904 Chaldwis,

803 1917 1070 1988 .Egyptiis
1095 1933 1156 1970 ac
1179 1914 1377 1971 Graecis
1405 1915 1674 1968 instituta.

525 2009 642 2065 Duo
663 2019 792 2066 sunt
817 2009 1030 2076 circuli,
1067 2008 1134 2062 ad
1157 2022 1296 2077 quos
1317 2006 1595 2061 stellarum
1640 2005 1780 2061 situs
1815 2009 1870 2058 et
1897 2018 2029 2058 con-

454 2102 734 2155 versiones
780 2101 1088 2170 exiguntur,
1143 2099 1537 2169 :equinoctialis
1597 2107 1651 2152 et
1716 2095 2024 2150 zodiacus:

452 2208 520 2247 ex
564 2209 794 2262 quorum
839 2191 1129 2262 partitione
1179 2191 1460 2260 longitudo
1499 2189 1806 2251 stellarum,
1842 2201 1908 2240 ex
1945 2185 2032 2239 di-

456 2285 656 2339 stantia
713 2283 943 2338 latitudo
985 2284 1239 2338 sumitur.
1304 2282 1384 2336 Ac
1443 2282 1694 2336 videntur
1749 2280 1904 2350 prius
1959 2277 2029 2332 ad

452 2378 888 2448 aequinoctialem
955 2383 1186 2447 utroque
1252 2375 1415 2430 modo
1469 2377 1640 2431 stellae
1701 2379 2029 2443 comparata:

453 2484 615 2540 quam
672 2468 739 2522 ad
797 2467 1102 2531 zodiacum,
1154 2481 1263 2521 non
1320 2467 1496 2521 solum
1546 2469 1599 2520 in
1651 2465 1878 2527 Graecia,
1933 2461 2028 2518 sed

455 2562 616 2618 etiam
648 2561 792 2632 apud
826 2559 1111 2632 Egyptios
1141 2566 1195 2615 et
1220 2558 1537 2625 Chaldaeos;
1573 2558 1773 2628 quibus
1816 2555 1897 2610 vel
1946 2555 2029 2608 in-

452 2661 614 2709 venta
660 2653 743 2707 vel
785 2652 1100 2724 diligentius
1141 2652 1356 2706 exculta
1399 2657 1802 2720 propagataque
1834 2647 1888 2702 in
1924 2662 2032 2701 caa-

453 2752 600 2799 teros
628 2745 958 2798 astronomia
993 2742 1252 2798 creditur.
1279 2741 1349 2796 De
1375 2739 1581 2796 Graecis
1612 2741 1886 2795 memoria
1911 2753 2033 2808 pro-

453 2835 627 2891 ditum
658 2842 762 2898 est,
795 2835 1030 2905 primum
1083 2834 1326 2889 omnium
1375 2832 1840 2887 Anaximandrum
1885 2829 2030 2885 Mile-

455 2925 598 2981 sium
648 2924 1024 2994 obliquitatem
1079 2921 1325 2995 signiferi
1382 2921 1809 2992 deprehendisse
1846 2918 2031 2992 Olym-

455 3015 614 3086 piade
647 3014 1100 3084 quinquagesima
1146 3021 1357 3068 octava.
1394 3012 1522 3068 Post
1554 3014 1720 3077 hunc,
1753 3013 2031 3069 Cleostra-

455 3113 570 3159 tuin
601 3103 897 3160 Tenedium
935 3106 1088 3174 signa
1132 3105 1185 3158 in
1222 3105 1353 3160 orbe
1390 3106 1482 3159 illo
1516 3105 1805 3174 reperisse,
1837 3111 1890 3158 et
1919 3103 2030 3173 pri-
2057 3145 2100 3203 Ο

455 3209 543 3248 ma
572 3195 771 3251 Arietis
818 3210 881 3249 ac
914 3193 1217 3266 Sagittarii,
1266 3203 1322 3248 ut
1347 3196 1537 3250 scribit
1575 3194 1784 3251 Plinius
1829 3194 1924 3249 lib.
1959 3192 2026 3258 ll,

455 3301 578 3357 cap.
615 3284 744 3340 Vlll.
769 3286 936 3340 Addit
966 3286 1208 3358 Hyginus
1242 3287 1339 3341 lib.
1381 3286 1424 3340 ll
1454 3287 1530 3342 De
1555 3288 1879 3341 astronomia
1907 3304 2029 3356 poe-

467 3377 582 3442 .ica,
614 3391 736 3446 cap.
768 3376 834 3431 de
869 3375 1166 3441 llenioeho,
1201 3378 1364 3433 etiam
1415 3375 1618 3433 Hcedos
1664 3379 1732 3433 ab
1779 3378 1874 3433 illo
1919 3378 2032 3448 pri-

456 3483 604 3522 mum
634 3475 852 3523 notatos
882 3471 937 3522 in
964 3470 1126 3525 caelo.

526 3559 684 3629 Apud
721 3559 1006 3616 Chaldmos
1041 3569 1220 3616 autem
1277 3559 1670 3632 Egyptiosque
1717 3562 1856 3615 ratio
1905 3576 2031 3631 par-

457 3649 626 3705 tiendi
653 3665 774 3720 qua:
799 3649 984 3713 fuerit,
1016 3651 1259 3704 declarat
1281 3651 1483 3706 Sextus
1509 3650 1816 3722 Empiricus
1837 3651 1933 3706 lib.
1965 3652 2027 3708 V.

456 3739 592 3796 Nam
627 3741 750 3797 illos
780 3743 855 3795 ait
883 3741 1151 3811 insignem
1187 3743 1421 3810 aliquam
1455 3743 1665 3812 stellam
1708 3743 1763 3795 in
1807 3743 2032 3796 zodiacu

457 3835 795 3904 designasse,
820 3834 980 3900 cujus
1007 3849 1075 3888 ex
1106 3836 1487 3900 conversione,
1516 3843 1570 3888 et
1595 3835 2030 3889 ἀποκαταστάσει

458 3925 527 3980 ad
563 3926 813 3980 eumdem
863 3926 1064 3988 locum,
1101 3925 1345 3980 caelestis
1382 3926 1646 3980 circuitus
1688 3925 2030 3980 intervallum

455 4014 818 4082 deﬁnierunt;
854 4017 988 4068 Ἕνα
1026 4015 1146 4069 τινὰ
1171 4016 1279 4069 τῶν
1311 4018 1368 4070 ὲν
1396 4016 1474 4088 τῷ
1508 4017 1755 4089 ζωδιακῷ
1785 4017 2032 4088 λαμπρὸν

457 4105 661 4177 ἀστέρα
683 4108 1168 4180 παρατηρήσαντες
1197 4106 1553 4161 ἀνατέλλοντα
1585 4109 1633 4162 οἱ
1669 4107 1857 4174 πάλαι,
1889 4121 2030 4175 etc.;

461 4196 551 4252 ubi
574 4207 629 4252 et
654 4199 873 4252 modum
895 4198 1127 4268 explicat
1147 4215 1255 4270 quo
1273 4199 1530 4255 zodiacus
1555 4200 1837 4255 duodecim
1863 4200 2034 4255 tribu-

458 4297 549 4345 tus
579 4292 632 4344 in
663 4298 864 4360 partes,
894 4306 958 4344 ac
991 4299 1099 4344 tam
1139 4291 1310 4361 ipsius
1343 4307 1504 4362 quam
1556 4294 1895 4364 singulorum
1942 4309 2031 4347 se-

454 4387 797 4452 gnientorum
821 4389 1085 4452 tempora,
1105 4382 1202 4435 hoc
1222 4390 1304 4436 est
1321 4383 1606 4456 ἀναφοραί,
1634 4384 1746 4439 sive
1765 4386 2036 4439 ascensio-

2125 540 2304 610 τέρων
2354 541 2388 610 ἢ
2439 538 2794 609 νοτιωτέρων.
2859 553 2877 586 ι
2917 536 2990 588 Ex
3044 533 3149 588 hac
3193 535 3521 589 ascensione
3566 536 3686 589 duo-

2129 631 2359 686 decima:
2415 631 2626 701 partis,
2683 629 2931 684 ultimum
2992 627 3286 682 terminum
3350 625 3686 693 designabant

2128 723 2286 778 stella
2312 723 2570 792 quapiam
2604 719 2829 789 insigni,
2858 733 2978 789 quae
3006 720 3058 771 in
3089 733 3156 772 eo
3190 717 3315 788 ipso
3342 718 3574 772 termino
3597 721 3686 774 sita

2125 821 2279 877 erat;
2310 812 2391 866 vel
2417 812 2486 866 ab
2510 812 2616 864 alia
2656 811 3044 874 borealiorum,
3077 809 3557 873 australiorumve,
3585 827 3686 880 qua:

2127 905 2290 960 simul
2317 912 2567 958 exortum
2600 902 2861 957 facerent.
2899 921 2917 953 ι

2199 993 2369 1064 Igitur
2395 1008 2461 1047 ex
2496 992 2695 1046 diurna
2740 993 3102 1048 conversione
3138 992 3312 1050 stellae
3342 992 3470 1046 caeli
3508 992 3686 1046 circui-

2129 1093 2244 1140 tum
2289 1084 2572 1139 dimensos
2603 1098 2727 1138 esse
2755 1085 2945 1147 refert,
2974 1091 3140 1154 atque
3173 1083 3276 1137 hoc
3310 1084 3548 1152 spatium
3574 1082 3690 1137 duo-

2127 1176 2301 1232 decim
2347 1176 2586 1246 azquales
2640 1175 2696 1229 in
2754 1182 2934 1245 partes
2986 1175 3362 1231 distribuisse.
3419 1173 3594 1241 Quare
3636 1191 3690 1229 ex

2128 1268 2563 1330 ascensionibus,
2593 1277 2647 1323 et
2677 1283 2796 1338 qua:
2826 1275 3074 1336 tempora
3104 1276 3303 1322 vocant
3337 1266 3591 1331 artiﬁces,
3621 1276 3690 1318 at-

2129 1375 2236 1430 que
2267 1362 2319 1414 in
2351 1360 2719 1429 aequinoctiali
2754 1359 2984 1420 circulo,
3017 1373 3128 1411 non
3176 1357 3232 1411 in
3280 1357 3508 1426 obliquo
3535 1364 3584 1411 et
3616 1373 3693 1410 zo-

2129 1453 2307 1516 diaco,
2335 1451 2903 1507 dodecatemoriorum
2948 1450 3324 1520 longitudines
3365 1450 3525 1504 initio
3563 1465 3693 1503 com-

2131 1551 2428 1614 putarunt;
2460 1543 2677 1598 tametsi
2711 1551 3118 1612 segmentorum
3153 1543 3362 1598 limites
3390 1543 3562 1597 stellis
3591 1545 3694 1612 qui-

2130 1638 2389 1704 busdam,
2418 1639 2567 1691 velut
2593 1635 2934 1699 cardinibus,
2959 1634 3386 1706 distinguerent.
3415 1634 3528 1689 Hoc
3553 1637 3694 1688 modo

2132 1736 2409 1798 segmenta
2451 1726 2741 1781 duodecim
2774 1727 2828 1780 in
2875 1727 3100 1782 zodiaco
3132 1727 3358 1782 fuerunt
3395 1728 3694 1798 inaequalia;

2127 1821 2181 1875 in
2203 1819 2569 1890 aequinoctiali
2603 1828 2781 1874 autem
2832 1819 3100 1888 mqualia,
3157 1827 3355 1873 contra
3409 1834 3474 1874 ac
3527 1827 3696 1889 postea

2129 1911 2334 1966 factum
2367 1921 2470 1966 est.
2503 1910 2636 1963 Nam
2683 1909 2844 1965 hodie
2889 1909 3332 1965 dodeeatemoria
3386 1910 3444 1964 in
3493 1911 3696 1966 zodiaca

2127 2003 2337 2058 circulo
2369 2009 2500 2058 sunt
2541 2003 2792 2072 aequalia,
2825 2012 2932 2055 tam
2968 2004 3023 2056 in
3047 2009 3224 2065 recto,
3258 2016 3428 2072 quam
3479 2002 3532 2055 in
3577 2003 3698 2055 obli-

2128 2109 2236 2165 quo
2265 2094 2388 2148 cceli
2420 2094 2634 2164 positu;
2667 2093 2722 2147 in
2751 2092 3143 2162 aequinoctiali,
3176 2103 3406 2163 propter
3434 2093 3696 2148 ascensio-

2128 2203 2258 2240 num
2287 2185 2680 2247 diversitatem,
2713 2185 3005 2254 utrobique
3055 2194 3186 2240 sunt
3237 2185 3476 2254 majora,
3506 2187 3587 2238 vel
3614 2188 3697 2238 ηιὶο

2129 2294 2286 2334 nora.
2313 2277 2641 2347 Quanquam
2666 2275 2828 2332 Picus
2853 2276 3273 2330 Mirandulanus
3301 2276 3400 2330 lib.
3430 2276 3493 2329 γι
3519 2275 3697 2332 Contra

2130 2367 2318 2421 astrol.
2360 2381 2482 2436 cap.
2512 2365 2594 2429 \‘l,
2629 2364 2914 2420 Chaldmos
2947 2365 3022 2419 ait
3054 2365 3230 2434 signis
3268 2380 3402 2420 usos
3430 2382 3538 2420 non
3569 2382 3694 2426 esse,

2129 2459 2224 2513 sed
2270 2459 2621 2528 imaginibus.
2673 2456 2779 2513 Sed
2825 2455 3189 2514 nihilominus
3228 2458 3576 2527 inaequalitas
3620 2459 3695 2510 illa

2129 2553 2464 2606 constiterit.
2505 2549 2788 2621 Siquidem
2840 2551 3140 2620 imagines,
3189 2551 3309 2605 sive
3348 2551 3527 2604 octavi
3566 2550 3695 2604 orbis

2131 2651 2409 2713 segmenta
2445 2643 2610 2697 certis
2635 2643 2895 2697 distincta
2926 2643 3204 2697 sideribus
3247 2643 3538 2712 inaequalia
3566 2653 3692 2700 sunt.

2130 2743 2190 2788 ut
2217 2733 2324 2787 alia
2360 2733 2862 2788 dodeeatemorium
2896 2750 3055 2789 suum
3105 2750 3211 2787 non
3257 2735 3540 2805 impleant,
3570 2735 3696 2790 velut

2129 2824 2378 2889 Cancer;
2423 2823 2689 2886 excedant
2717 2825 2844 2888 alia,
2877 2833 2931 2879 ct
2973 2827 3028 2880 in
3075 2826 3258 2880 vicina
3296 2825 3622 2887 redundent,
3648 2834 3697 2879 ut

2133 2914 2260 2980 Leo,
2293 2917 2527 2972 testibus
2556 2916 2867 2988 Hipparcho
2909 2928 2962 2974 et
3001 2917 3252 2975 Gemino.
3288 2918 3398 2974 Sed
3439 2936 3518 2974 ea:
3555 2918 3695 2972 Chai-

2131 3009 2370 3064 daeorum
2408 3016 2463 3064 et
2513 3008 2894 3080 Egyptiorum
2943 3010 3208 3080 imagines
3239 3027 3268 3064 a
3301 3012 3540 3082 vulgatis
3577 3009 3697 3065 Gm-

2133 3115 2344 3164 corum,
2374 3111 2428 3155 et
2457 3101 2727 3172 hodieque
2760 3103 3068 3172 pervagatis
3105 3102 3342 3158 diversa:
3384 3103 3621 3168 fuerunt,
3649 3113 3694 3157 ut

2136 3191 2376 3247 Achilles
2410 3191 2601 3248 Tatius
2625 3195 2678 3247 in
2707 3196 2858 3248 calce
2885 3192 3317 3266 Prolegonienon
3346 3205 3596 3250 testatur.

2211 3279 2334 3335 llaec
2383 3281 2526 3351 apud
2561 3281 2843 3338 Chaldaeos
2883 3292 2937 3338 et
2987 3281 3278 3354 Egyptios
3325 3286 3541 3340 zodiaci
3590 3293 3695 3338 nata

2134 3371 2334 3426 divisio
2363 3374 2564 3437 serius,
2600 3374 2678 3428 uti
2711 3373 2916 3428 dictum
2942 3382 3046 3439 est,
3074 3377 3316 3445 pervasit
3343 3377 3399 3430 in
3430 3375 3695 3431 Graeciam.

2133 3459 2318 3531 Neque
2347 3477 2476 3517 vero
2508 3479 2632 3516 cum
2673 3462 2922 3517 duodena
2959 3464 3060 3518 ista
3092 3465 3397 3534 partitione
3427 3467 3607 3521 statim
3634 3464 3695 3517 al-

2133 3557 2250 3606 tera
2295 3553 2597 3621 processit,
2652 3569 2775 3622 qua:
2825 3564 3102 3624 segmenta
3157 3547 3617 3625 singula’tribnit
3657 3559 3696 3609 in

2135 3649 2321 3712 partes
2351 3642 2596 3712 triginta.
2645 3643 2726 3696 Ac
2772 3643 3007 3697 diversae
3048 3643 3347 3698 admodum
3401 3646 3544 3716 apud
3583 3646 3699 3698 anti-

2133 3749 2294 3803 quos,
2331 3737 2565 3790 maxime
2617 3733 2860 3799 Griecos,
2912 3735 3208 3791 divisiones
3262 3737 3536 3792 instituta:
3573 3749 3694 3793 sunt.

2136 3824 2178 3879 E
2204 3826 2406 3897 quibus
2439 3827 2794 3883 celeberrima
2819 3827 2918 3882 fuit
2947 3842 3033 3892 ea,
3061 3843 3185 3898 quze
3212 3829 3461 3884 circulos
3493 3832 3545 3884 in
3573 3845 3696 3884 sexa-

2133 3933 2301 3988 genas
2345 3927 2530 3990 partes
2589 3918 2872 3974 distribuit
2928 3939 2940 3974 :
2993 3921 3153 3990 cujus
3219 3921 3475 3975 meminit
3525 3920 3694 3976 Strabo

2135 4010 2230 4064 lib.
2278 4009 2344 4076 ll,
2385 4010 2477 4064 ubi
2528 4012 2968 4080 aequinoctialem
3021 4011 3078 4065 in
3134 4012 3367 4066 totidem
3421 4013 3630 4073 dividit,
3654 4019 3694 4064 et

2133 4101 2372 4157 Achilles
2415 4100 2602 4157 Tatius
2651 4103 2704 4156 in
2732 4099 3035 4172 Prolegom.
3063 4119 3184 4174 cap.
3223 4102 3430 4173 XXVI;
3479 4104 3693 4176 Hyginus

2134 4193 2228 4248 lib.
2296 4192 2316 4246 l
2371 4193 2745 4263 [Astronomiw
2823 4204 2960 4262 poet.
3036 4211 3158 4265 cap.
3227 4195 3296 4250 de
3399 4197 3693 4268 ﬁguratione

2134 4285 2472 4340 circulorum
2529 4287 2756 4356 sphmrae
2808 4307 2820 4342 :
2875 4305 2893 4336 ι
2929 4285 2986 4339 In
3052 4288 3279 4355 triginta
3335 4296 3553 4356 partes,
3604 4289 3690 4346 ait,

2137 4379 2570 4448 unumquodque
2615 4378 3050 4448 hemisphzerium
3094 4377 3379 4442 dividitur,
3413 4381 3488 4433 ita
3522 4380 3594 4433 uti
3627 4378 3691 4429 di-

457 4489 557 4530 nes
590 4476 902 4530 constitutae
933 4483 1078 4529 sunt.
1117 4474 1272 4539 Quod
1300 4490 1365 4528 ex
1397 4490 1461 4528 eo
1490 4484 1711 4530 auctore
1742 4476 2034 4546 descripsit
2065 4489 2109 4543 υ
2132 4471 2349 4526 mensio
2395 4471 2697 4541 signiﬁcari
2749 4473 2999 4526 videatur
3029 4471 3085 4525 in
3118 4477 3234 4524 tota
3278 4471 3496 4540 sphaera
3529 4487 3615 4542 per
3636 4484 3686 4522 ιι

459 4565 768 4621 Macrobius
813 4565 909 4621 lib.
952 4564 992 4628 Ι,
1029 4566 1083 4620 in
1127 4564 1309 4620 Somn.
1344 4565 1484 4634 Scip.
1520 4566 1696 4636 Caput
1729 4567 1877 4622 illius
1898 4575 1983 4622 est
2012 4585 2025 4620 :

459 4657 754 4719 Chaldaeis,
810 4658 903 4728 qui
960 4668 1085 4712 ante
1113 4657 1416 4711 duodenam
1449 4659 1792 4727 partitionem
1825 4667 2031 4729 septem

459 4747 513 4802 in
538 4749 678 4804 cmlo
696 4763 883 4818 sparsa
906 4750 1081 4804 sidera
1104 4756 1374 4811 notarent,
1398 4750 1666 4818 placuisse
1689 4758 1874 4820 postea
1890 4751 2030 4806 duo-

457 4841 630 4895 decim
651 4842 704 4895 in
723 4848 907 4911 partes
923 4848 1094 4895 totum
1113 4840 1376 4895 dividere.
1396 4842 1565 4914 Igitur
1583 4841 1918 4912 splendidam
1938 4842 2032 4896 ali-

457 4945 616 5001 quam
632 4932 841 4986 stellam
855 4946 950 4988 eos
962 4933 1471 5002 observasse,cujus
1485 4934 1552 4987 ab
1565 4941 1684 4988 ortu
1701 4934 1766 4988 ad
1779 4933 2028 4989 eumdem

459 5029 638 5076 ortum
665 5023 1074 5078 conversionem
1112 5024 1177 5079 ad
1218 5024 1558 5096 clepsydram
1602 5024 1834 5079 dimensi
1879 5032 2023 5079 sunt.

459 5113 732 5178 Quantum
757 5129 911 5184 aqua:
935 5117 990 5168 in
1017 5117 1320 5186 subjectum
1345 5131 1442 5170 vas
1465 5115 1706 5170 stillatim
1731 5115 2028 5179 deciderat,

458 5203 622 5272 hujus
651 5204 867 5259 unciam
898 5203 964 5258 ad
997 5206 1322 5261 metiendam
1353 5206 1689 5262 duodecima:
1723 5207 1894 5277 partis
1921 5208 2032 5262 cir-

459 5295 566 5350 culi
595 5296 866 5368 ἀναφοράν
896 5308 1276 5367 sumpserunt;
1313 5315 1545 5369 eamque
1586 5309 1794 5368 partem
1830 5300 2029 5355 illustri

459 5387 640 5457 aliqua
685 5389 838 5444 stella
873 5391 1259 5454 terminarunt,
1290 5406 1410 5460 qua:
1453 5399 1546 5444 aut
1580 5391 1634 5444 in
1665 5406 1732 5446 eo
1768 5391 1886 5460 ipso
1918 5392 2028 5446 cir-

461 5479 568 5534 culi
601 5479 719 5534 loco
749 5479 1087 5552 deprehensa
1127 5483 1220 5544 sit,
1252 5489 1346 5536 aut
1385 5481 1524 5536 idem
1559 5490 1771 5554 tempus
1800 5483 2032 5540 habebat

461 5568 705 5624 oriendi:
735 5570 830 5623 Ἐκ
851 5570 1055 5638 ταύτης
1075 5572 1173 5642 τῆς
1196 5572 1475 5641 ἀναφορᾶς
1499 5571 1596 5634 (ait
1626 5570 1868 5641 Sextus),
1887 5573 2030 5643 φημὶ

461 5658 517 5714 δι
563 5659 658 5712 τοῦ
703 5659 1195 5731 δωδεκατημορίου,
1247 5662 1306 5714 τὸ
1347 5660 1647 5715 τελευταῖον
1700 5663 1870 5734 πέρας
1901 5666 2030 5735 ἐση-

465 5749 714 5819 μειοῦντο
747 5751 852 5806 ἀπὺ
868 5752 1099 5824 ἀστέρος
1112 5753 1256 5816 τινδς
1272 5753 1565 5822 ἐπιφανοῦς
1587 5755 1704 5808 κατ’
1736 5754 1866 5808 αὐτὸ
1894 5754 2028 5808 θεω-

2133 4572 2322 4634 partes
2375 4561 2538 4619 facta.
2589 4582 2607 4614 ι
2665 4562 2779 4617 lloc
2829 4561 2992 4616 mo’do
3037 4561 3196 4631 signo
3251 4561 3483 4616 cuilibet
3535 4569 3688 4630 partes

2129 4655 2394 4725 quinque,
2443 4655 2696 4726 partibus
2739 4654 2972 4724 singulis
3014 4669 3108 4708 sex
3138 4653 3345 4724 gradus
3377 4659 3684 4724 competunt.

2130 4744 2309 4800 Aliter
2336 4743 2666 4801 Posidonius
2695 4745 2838 4816 apud
2871 4743 3216 4800 Cleomedem
3260 4744 3358 4798 lib.
3390 4744 3435 4808 l,
3465 4761 3579 4816 cap.
3611 4741 3684 4800 lx.

2132 4837 2459 4909 signiferum
2485 4846 2656 4892 totum
2692 4838 2745 4891 in
2771 4853 2938 4892 XLVIII
2975 4844 3158 4907 partes
3196 4837 3514 4901 dividebat,
3547 4835 3686 4890 dode-

2131 4933 2468 4987 catemorion
2535 4930 2791 5001 quodque
2865 4928 3262 5001 quadrifariam
3333 4947 3550 4986 secans.
3600 4927 3684 4981 Alii

2131 5039 2300 5096 porro
2341 5021 2782 5077 dodeeatemorio
2831 5021 3026 5090 quovis
3081 5022 3134 5075 in
3182 5022 3479 5077 duodecim
3528 5028 3686 5092 partes

2132 5113 2270 5166 alias
2295 5110 2494 5170 diviso,
2528 5119 2701 5164 totum
2735 5111 3017 5164 zodiacum
3051 5111 3104 5165 in
3135 5127 3295 5165 curv
3323 5112 3509 5181 partiti
3537 5117 3681 5168 sunt.

2131 5212 2194 5258 ut
2233 5201 2432 5257 Sextus
2458 5201 2766 5272 Empiricus
2794 5201 2954 5256 docet
2985 5202 3142 5257 initio
3169 5203 3296 5257 libri
3323 5203 3391 5261 ν.

2203 5296 2444 5351 Tandem
2477 5309 2544 5350 eo
2570 5309 2858 5365 progressa
2893 5309 2979 5349 res
3005 5303 3110 5357 est,
3136 5305 3194 5348 ut
3227 5303 3341 5349 tam
3364 5293 3682 5367 aequinoctiv

2132 5388 2221 5451 lis,
2249 5402 2410 5457 quam
2444 5385 2670 5456 signifer
2702 5385 2943 5440 circulus
2975 5387 3028 5439 in
3063 5384 3359 5441 duodecim
3397 5395 3593 5457 partes.
3621 5396 3682 5435 em

2133 5480 2185 5534 in
2231 5479 2451 5547 triginta
2495 5477 2803 5532 minutatim
2846 5485 3186 5541 secarentur,
3215 5485 3274 5531 ut
3307 5479 3362 5532 in
3392 5488 3508 5533 toto
3535 5477 3680 5531 rimi-

2133 5570 2187 5624 lo
2235 5583 2401 5624 cccu
2436 5577 2734 5623 numerata:
2769 5567 2912 5632 sint;
2942 5567 3289 5623 duodecimis
3338 5585 3556 5639 quoque
3581 5580 3678 5636 par-

2133 5663 2274 5718 tibus
2303 5665 2590 5731 utriusque
2615 5660 2805 5716 circuli
2840 5660 3059 5714 nomina
3093 5659 3160 5714 de
3191 5661 3429 5716 stellatis
3461 5657 3678 5730 imagi:.i-

2131 5755 2234 5812 bus
2283 5754 2452 5809 indita
2490 5761 2618 5810 sunt
2651 5772 2661 5806 :
2699 5766 2817 5823 qua:
2855 5759 2967 5804 tum
3007 5750 3259 5806 videlicet
3297 5753 3356 5810 in
3393 5752 3503 5808 illis
3532 5748 3678 5808 canti-
