3808 6358
137 327 274 387 1311
973 326 1429 385 DlSSERTA'l'lO
1467 327 1553 383 DE
1591 325 1776 384 OHTU
1819 326 1906 388 ΕΤ
1937 328 2207 394 OOCASU
2247 329 2570 394 SIDERUM.
3247 330 3386 387 15ἱὲ

140 442 440 508 nebantur,
483 441 698 498 tametsi
745 449 931 513 postea
985 443 1199 515 longius
1252 446 1332 509 εἰς
1375 444 1445 501 τὰ
1479 443 1716 514 ἑπόμενα
1747 446 1786 502 Α
1821 445 1995 514 polos,
2029 457 2084 504 et
2130 448 2470 506 tricesimum
2511 462 2782 520 quemque
2805 447 3030 520 gradum
3061 453 3381 512 transeunt;

143 535 592 608 progressionem
625 532 874 589 fecerint.
906 535 982 590 Ac
1009 537 1282 608 principio
1311 538 1550 608 quidem,
1577 553 1712 592 non-
1817 540 1902 592 vel
1953 543 2011 594 in
2070 541 2332 608 zodiaco,
2400 544 2556 599 initio
2622 541 2808 600 itidem
2875 540 2945 596 ab
3003 541 3386 597 intersectione

141 627 272 682 dum
303 625 461 681 orbis
493 624 738 681 stelliferi
766 627 1124 682 conversione
1153 629 1394 699 cognita,
1417 629 1716 699 simplicior
1817 645 1984 686 verna
2039 643 2291 705 sumpto,
2371 649 2436 690 ac
2496 649 2592 707 per
2639 635 2796 706 polos
2856 633 3096 695 zodiaci.
3157 634 3385 705 ejusque

142 724 263 772 erat
311 717 666 772 astronomiae
720 716 881 771 ratio.
933 717 1088 775 Unus
1144 719 1286 774 enim
1340 719 1715 773 tantummodo
1815 722 2152 778 tricesimum
2229 739 2500 794 quemque
2570 724 2796 795 gradum
2871 720 3178 778 absolutum
3259 737 3384 792 per-

141 822 267 860 cum
324 807 694 877 aquinoctiali
744 808 1002 864 zodiacus
1063 809 1363 866 habebatur
1404 811 1459 866 in
1520 819 1714 867 octavo
1814 813 1995 874 ductis
2031 815 2254 872 circulis
2298 815 2574 872 maximis.
2612 815 2862 869 Lalitudo
2907 828 3122 884 quoque
3172 813 3256 866 vel
3295 819 3382 867 est

139 900 305 963 υωιο,
340 899 487 970 quod
524 908 579 955 et
616 901 886 958 sideribus
933 902 1308 974 distinguitur.
1337 903 1394 957 ld
1427 902 1571 958 enim
1610 905 1714 975 pri-
1815 905 1984 961 stellae
2037 906 2106 961 ab
2157 906 2526 977 aequinoctiali
2587 906 2877 971 distantia;
2935 919 3097 975 quam
3158 904 3382 959 metitur

140 1007 314 1055 mum,
360 993 508 1062 quod
563 1002 782 1056 vocant,
829 994 1026 1050 mobile
1078 994 1220 1066 apud
1281 997 1533 1067 antiquos
1586 996 1708 1052 fuit.
1813 1009 1977 1054 arcus
2027 995 2224 1061 coluri,
2274 998 2388 1053 sive
2435 997 2658 1053 maximi
2705 996 2893 1053 circuli
2936 1011 2966 1051 a
3012 995 3136 1066 polo
3185 993 3372 1048 mundi

140 1080 274 1137 Post
320 1081 668 1154 Hipparchus
715 1086 920 1140 moveri
967 1086 1021 1140 in
1073 1087 1459 1156 consequentia
1509 1087 1709 1141 cmlum
1810 1102 1912 1156 per
1945 1097 2194 1144 centrum
2226 1089 2398 1145 stellae
2420 1090 2487 1144 ad
2512 1088 2942 1158 aequinoctialem
2966 1087 3214 1158 producti
3239 1087 3374 1142 stel-

140 1172 275 1227 illud
300 1174 718 1240 animadvertit;
757 1175 915 1246 idque
937 1175 1260 1233 Ptolemaeus
1283 1176 1478 1232 deinde
1505 1178 1709 1233 certius

141 1267 488 1336 approbavit.
519 1265 722 1323 Exinde
748 1283 878 1337 ergo
905 1267 1098 1338 duplex
1128 1269 1380 1324 zodiacus
1405 1269 1472 1324 ab
1493 1267 1710 1323 artifici-

139 1358 243 1414 bus
271 1359 535 1429 distingui
563 1368 774 1429 cmptus
804 1369 888 1416 est
910 1380 924 1416 :
944 1377 1172 1431 quorum
1202 1363 1336 1417 alter
1363 1377 1470 1416 uno
1498 1361 1708 1431 simpli-

138 1451 298 1519 cique
346 1459 499 1505 niotu
534 1452 769 1520 praedita:
813 1451 1036 1521 sphaerae
1080 1451 1314 1508 tributus
1358 1459 1462 1517 est,
1497 1452 1552 1505 in
1596 1466 1706 1522 quo

136 1540 273 1596 nulli
315 1541 590 1595 asterismi
625 1550 781 1608 sunt;
830 1543 1058 1613 ejusque
1107 1544 1377 1598 sectiones
1413 1540 1605 1596 iisdem
1648 1541 1705 1596 in

135 1629 704 1688 dodecatemoriorum
738 1635 956 1704 punctis
994 1649 1116 1688 cum
1169 1633 1530 1703 aequinoctiali
1582 1647 1705 1702 per-

136 1729 300 1796 petuo
335 1721 504 1789 ﬁunt;
537 1724 674 1777 alter
704 1724 752 1778 ei
781 1725 1098 1794 suppositus
1146 1724 1200 1778 in
1244 1724 1375 1778 orbe
1419 1722 1700 1786 stellifero,

1811 1178 1918 1233 lam
1957 1179 2100 1234 inter
2152 1186 2207 1235 et
2248 1179 2679 1249 aequinoctialem
2732 1177 3078 1246 interjectus;
3109 1175 3194 1230 vel
3233 1174 3377 1244 ejus-

1809 1269 1932 1327 dem
1994 1271 2164 1326 stellae
2211 1279 2296 1327 est
2339 1287 2369 1325 a
2424 1270 2650 1325 zodiaco
2694 1269 2986 1335 distantia;
3042 1268 3156 1322 sive
3211 1281 3372 1322 arcus

1809 1360 2029 1418 maximi
2061 1359 2257 1414 circuli
2292 1375 2389 1430 per
2411 1360 2565 1430 polos
2602 1358 2808 1414 zodiaci
2844 1356 3198 1420 transeuntis,
3229 1356 3372 1409 inter

1808 1452 2020 1506 stellam
2055 1451 2374 1520 interjectus
2397 1458 2452 1507 et
2481 1449 2784 1505 zodiacum.
2828 1447 3070 1517 Utroque
3107 1445 3266 1499 modo
3298 1443 3371 1497 la-

1807 1542 2098 1597 titudinem
2131 1544 2431 1613 prtesertim
2462 1541 2738 1597 definiisse
2771 1550 2978 1596 veteres
3009 1553 3242 1614 sequens
3272 1553 3366 1592 ca-

1811 1644 1908 1705 put
1937 1635 2207 1690 ostendet.
2239 1633 2375 1688 Nam
2419 1634 2486 1689 de
2537 1633 2869 1704 longitudine
2913 1631 3092 1687 minus
3129 1637 3364 1695 constat,

1806 1725 2002 1794 ecquid
2036 1739 2100 1780 ea
2128 1723 2427 1779 secundum
2457 1720 2734 1798 zodiacum
2762 1722 2831 1777 ab
2860 1721 2967 1776 illis
2990 1728 3145 1791 capta
3173 1719 3363 1786 fuerit;

134 1811 297 1882 cujus
333 1812 782 1870 intersectionum
827 1825 1025 1884 puncta
1071 1815 1176 1868 alia
1218 1820 1382 1884 atquc
1423 1814 1528 1866 alia
1569 1819 1697 1868 sunt
1731 1789 1774 1844 Β
1804 1789 1928 1870 cum
1962 1817 2019 1871 in
2047 1815 2408 1886 aequinoctiali
2438 1795 2646 1870 circulo
2678 1789 3265 1884 computatamvfuisse,
3297 1826 3367 1867 ex

129 1905 213 1965 et;
246 1903 318 1957 τὰ
356 1904 763 1977 προηγούμενα,
798 1922 861 1961 ac
885 1903 1068 1972 ζώδια,
1093 1907 1206 1961 sive
1249 1905 1540 1964 asterismi.
1563 1919 1698 1974 pau-

133 1995 285 2050 lat-im
318 1997 403 2060 si;
439 1999 508 2051 τὰ
546 1998 787 2069 ἑπόμενα
832 2001 1102 2062 nituntur,
1145 2005 1308 2068 atque
1347 2012 1378 2050 a
1424 1995 1698 2068 cognomi-

130 2087 295 2143 nibus
318 2088 423 2144 sibi
453 2089 903 2145 dodecatemoriis
941 2091 1152 2161 longius
1179 2091 1501 2146 abscedunt.

201 2176 335 2234 Post
366 2179 482 2235 haec
521 2196 694 2237 novus
734 2181 789 2235 in
826 2182 1126 2237 cmlestium
1161 2183 1374 2238 orbium
1405 2188 1697 2254 systemate

127 2279 312 2327 motus
367 2271 623 2328 inventus
667 2281 771 2339 est,
834 2273 1134 2328 secundum
1186 2291 1348 2346 quem
1413 2275 1691 2338 zodiacus,

126 2363 243 2420 sive
285 2363 545 2434 ecliptica
581 2364 839 2434 majorem
876 2366 1206 2421 minoremve
1235 2366 1395 2420 habet
1427 2366 1495 2419 ab
1515 2381 1694 2435 aequa-

125 2463 245 2513 tore
280 2453 602 2509 distantiam
647 2462 700 2508 et
743 2455 1116 2524 obliquitatem
1154 2473 1168 2510 :
1203 2471 1270 2511 ex
1305 2470 1415 2525 quo
1445 2455 1694 2510 stellatus

124 2548 278 2602 orbis
310 2545 384 2601 ab
418 2555 607 2600 austro
635 2547 690 2601 in
726 2548 1121 2617 septentriones
1164 2549 1426 2614 torqueri,
1458 2554 1513 2600 et
1545 2561 1574 2598 a
1607 2561 1694 2600 se-

125 2639 537 2712 ptentrionibus
567 2640 632 2692 ad
661 2648 905 2693 austrum
932 2638 1134 2694 reﬂecti
1161 2637 1400 2693 creditus
1419 2646 1522 2692 est.
1554 2636 1692 2692 Hinc

123 2729 291 2800 igitur
358 2731 555 2785 tertius
615 2730 832 2784 additus
908 2739 994 2784 est
1058 2730 1316 2784 zodiacus
1397 2728 1693 2797 interjectte

122 2821 373 2890 sphaerae,
405 2819 564 2888 cujus
593 2820 810 2890 propria
853 2828 938 2874 est
980 2820 1071 2874 illa
1107 2819 1343 2883 libratio,
1373 2821 1465 2889 qui
1500 2820 1569 2873 ab
1593 2835 1689 2874 zo~

121 2913 282 2967 diaco
317 2911 478 2981 primi
521 2911 738 2965 mobilis
785 2911 1062 2982 paululum
1109 2911 1344 2965 declinat
1375 2911 1443 2964 ad
1481 2910 1690 2980 aquilo-

121 3018 246 3061 nem
311 3011 408 3056 aut
453 3002 770 3064 meridiem,
816 3017 880 3057 ac
936 3001 1039 3057 sibi
1093 3002 1336 3072 proxime
1383 3002 1687 3070 subjectum

118 3097 312 3150 eadem
345 3095 642 3164 agitatione
673 3102 1014 3164 contorquet.
1061 3093 1166 3150 Sed
1202 3111 1268 3149 eo
1300 3095 1685 3164 praetermisso,

119 3187 385 3258 quoniam
431 3186 638 3241 veteris
672 3186 938 3240 duntaxat
975 3185 1327 3241 astronomia:
1362 3186 1501 3240 ratio
1534 3185 1622 3240 hic
1660 3200 1689 3240 a

119 3281 281 3335 nobis
336 3277 578 3339 ducitur,
613 3277 817 3348 duplici
873 3270 1098 3332 zodiaca
1145 3277 1385 3332 contenti
1432 3277 1686 3332 erimus:

118 3387 360 3443 quorum
389 3372 530 3427 alter
556 3371 714 3440 primi
746 3372 870 3426 cmli
898 3371 1189 3441 peculiaris
1223 3373 1466 3425 eamdem
1501 3385 1692 3440 perpe-

119 3473 211 3518 tuo
267 3461 690 3518 declinationem
774 3463 843 3517 ab
909 3470 1216 3532 aequatorc,
1276 3467 1330 3516 et
1384 3461 1438 3516 in
1499 3461 1688 3516 eodem

118 3567 330 3629 puncto
373 3555 674 3611 sectionem
720 3554 965 3616 obtinet;
1012 3554 1148 3607 alter
1182 3552 1441 3607 continuo
1470 3552 1524 3605 in
1557 3567 1692 3606 con-

118 3647 406 3717 sequentia
458 3659 750 3716 progressu
801 3645 1044 3699 stellatus
1091 3642 1352 3713 imagines
1388 3640 1584 3704 defert,
1626 3655 1691 3696 ac

116 3749 223 3797 tam
270 3740 550 3795 sectiones
595 3754 718 3793 cum
763 3745 1040 3806 aequatore
1078 3735 1202 3792 aliis
1249 3743 1412 3809 atque
1461 3734 1585 3789 aliis
1633 3735 1689 3791 in

117 3835 337 3905 punctis
368 3833 522 3894 facit,
551 3845 714 3900 quam
744 3829 1183 3885 dodecatemoria
1218 3829 1333 3898 ipsa
1366 3835 1686 3886 commutat.

115 3926 388 3981 Caeterum
417 3938 543 3978 cum
579 3921 646 3976 de
689 3921 912 3976 zodiaco
963 3920 1191 3989 ejusque
1221 3918 1535 3990 segmentis,
1566 3932 1689 3988 qua:

115 4019 271 4088 signa
308 4017 594 4076 dicuntur,
622 4013 872 4068 absolute
894 4013 1187 4082 loquimur,
1217 4012 1454 4080 priorem
1487 4010 1689 4064 intelli-

113 4113 296 4182 gimus
325 4115 780 4176 constantemque
806 4101 1024 4160 mobilis
1064 4104 1247 4175 primi,
1269 4103 1355 4157 vel
1382 4104 1431 4158 ei
1462 4117 1690 4171 respon-

112 4203 332 4257 dentem
364 4201 422 4255 in
452 4208 641 4253 octava
681 4198 889 4268 διώξετε
942 4198 1244 4256 zodiacum.
1287 4195 1402 4252 Hoc
1439 4198 1585 4252 enim
1630 4197 1684 4252 in

111 4296 209 4348 ista
243 4293 403 4350 omni
433 4293 685 4348 doctrina
722 4292 850 4347 sciri
903 4295 1156 4346 convenit
1208 4291 1473 4361 quidquid
1505 4291 1559 4344 in
1592 4307 1686 4360 su-

112 4389 424 4458 perioribus
480 4385 708 4455 sphaeris
778 4385 1107 4440 circulorum
1173 4391 1684 4455 segmentorumque

1806 1908 2120 1980 Hipparcho
2145 1909 2393 1980 sequenti
2421 1912 2595 1980 capite
2626 1908 2932 1979 colligatur.

1872 1999 2004 2056 Post
2047 2001 2398 2056 Ptolemamm
2443 2000 2809 2071 longitudines
2853 1997 3132 2053 stellarum
3169 2010 3363 2052 secun-

1801 2091 1932 2146 dum
1969 2092 2252 2146 zodiacum
2290 2099 2492 2160 putata:
2536 2098 2662 2146 sunt
2697 2111 2710 2146 :
2747 2104 2975 2160 quarum
3013 2088 3364 2144 ascensiones

1800 2190 1965 2238 recta:
1994 2183 2194 2253 prioris
2226 2183 2441 2253 generis
2465 2184 2829 2252 longitudines
2856 2182 3142 2237 trahentur.
3167 2179 3243 2236 lta
3272 2195 3364 2234 zo-

1799 2276 1991 2332 diacus
2025 2275 2080 2331 in
2121 2284 2304 2346 partes
2344 2275 2630 2330 duodecim
2669 2275 2926 2346 aequales,
2966 2275 3365 2346 aaqttinoctialis

1801 2368 1854 2424 in
1906 2367 2130 2423 totidem
2187 2367 2480 2437 inaequales
2531 2368 2740 2423 divisus
2788 2375 2891 2422 est.
2936 2365 3187 2421 Latitudo
3230 2381 3363 2421 vero

1798 2448 2058 2515 distantia
2099 2459 2266 2514 stellae
2318 2466 2402 2514 est
2441 2458 2509 2512 ab
2557 2457 2799 2524 zodiaco,
2828 2457 2941 2512 sive
2977 2456 3247 2526 ccliptica.
3279 2454 3363 2510 Ab

1797 2549 2165 2621 aequinoctiali
2204 2565 2333 2604 vero
2366 2548 2648 2614 distantia,
2677 2563 2785 2603 non
2824 2547 3084 2614 latitudo,
3133 2545 3228 2602 sed
3266 2545 3362 2602 de~

1795 2642 2020 2698 cliuatio
2047 2641 2211 2712 vulgo
2242 2643 2573 2696 nominatur.

2407 2751 2635 2807 CAPUT
2673 2751 2736 2806 ll.

1796 2847 1874 2903 De
1891 2843 2214 2915 longitudine
2241 2861 2303 2896 ac
2328 2844 2607 2915 latitudine
2625 2843 2920 2905 stellarum,
2939 2849 3164 2896 ueterum
3185 2847 3360 2894 astro-

1866 2913 2143 2972 nomorum
2197 2915 2457 2969 sententia
2516 2913 2836 2977 declaratur,
2879 2921 3152 2980 utramque
3201 2923 3357 2979 penes

1865 2986 2284 3058 arquinoctialem
2331 2984 2586 3037 circulum
2616 2983 3001 3038 consideratam
3035 2981 3217 3050 fuisse.
3273 3009 3276 3013 σ

1866 3098 2022 3167 Quod
2051 3099 2119 3156 de
2146 3101 2428 3156 stellarum
2476 3099 2811 3170 longitudine
2867 3097 3044 3166 capite
3089 3093 3359 3167 superiori

1793 3193 2051 3260 diximus,
2080 3208 2200 3248 eam
2246 3194 2387 3263 apud
2419 3200 2631 3248 veteres
2669 3190 2969 3248 secundum
2997 3189 3356 3261 aequinoctia-

1793 3285 1897 3340 lem
1924 3285 2119 3354 accipi,
2141 3284 2196 3339 id
2224 3301 2290 3339 ex
2313 3283 2625 3355 Hipparcho
2648 3283 3146 3340 deu‘ionstrabimus
3175 3281 3357 3336 allatis

1791 3376 1997 3446 aliquot
2020 3377 2320 3445 exemplis:
2351 3391 2416 3430 ex
2452 3374 2652 3444 quibus
2687 3374 2865 3444 priora
2898 3374 2987 3428 illa
3028 3374 3248 3427 veniant
3298 3371 3354 3427 in

1791 3468 2026 3523 medium
2061 3477 2318 3536 quatuor,
2346 3478 2468 3536 qua:
2496 3466 2550 3520 in
2580 3466 2718 3520 libro
2757 3465 2798 3528 Ι,
2829 3479 3058 3519 numero
3091 3463 3138 3518 Χ
3169 3464 3356 3536 legun-

1789 3568 1897 3621 tur,
1933 3559 2020 3613 ubi
2051 3565 2216 3627 caput
2246 3556 2395 3612 Ursae
2442 3557 2668 3626 majoris
2723 3555 2990 3625 imprimis
3030 3555 3194 3610 situm
3233 3569 3356 3610 esse

1787 3650 1915 3705 dicit
1944 3650 1996 3704 in
2030 3649 2227 3704 Leonis
2254 3649 2415 3718 paulo
2446 3649 2630 3703 minus
2658 3654 2809 3716 parte
2843 3647 3024 3709 tertia,
3051 3645 3353 3701 secundum

1786 3742 2220 3814 atquidistantcm
2266 3740 2630 3812 aequinoctiali
2676 3739 2963 3796 circulum.
3028 3738 3118 3794 Est
3166 3745 3349 3792 autem

1788 3835 2148 3906 caput‘Ursa:
2201 3835 2475 3892 borcalior
2531 3833 2963 3888 antecedentium
3017 3831 3246 3886 duarum
3297 3830 3353 3886 in

1787 3926 2068 3994 laterculo,
2098 3942 2164 3982 ex
2189 3934 2432 3982 veterum
2474 3924 2774 3985 sententia,
2803 3923 2896 3994 qui
2931 3923 3109 3978 nullas
3160 3929 3357 3993 praeter

1788 4027 1992 4088 septem
2025 4018 2126 4087 τῆς
2167 4017 2430 4088 Ἀράξης,
2461 4017 2515 4070 in
2546 4015 2760 4071 Helices
2805 4016 3094 4070 asterismo
3116 4015 3354 4068 colloca-

1786 4118 1936 4166 runt.
1968 4110 2099 4166 ltem
2133 4121 2464 4181 postremam
2513 4110 2570 4165 in
2621 4110 2793 4164 cauda
2839 4107 3102 4162 Draconis
3153 4121 3350 4162 secun-

1785 4203 1915 4259 dum
1948 4204 2263 4273 parallelum
2295 4203 2564 4258 circulum
2589 4217 2713 4257 esse
2740 4200 2795 4254 in
2823 4208 2976 4270 parte
3007 4197 3206 4252 Leonis
3245 4206 3353 4251 ter-

1785 4297 1879 4351 tia.
1930 4293 1993 4350 Ὀ
2040 4296 2139 4366 μὲν
2188 4295 2296 4366 γὰρ
2340 4297 2398 4348 ὲν
2439 4295 2582 4366 ἄκρᾳ
2610 4296 2676 4364 τῇ
2720 4292 2855 4364 οὐρᾷ
2911 4291 3004 4345 τοῦ
3055 4290 3354 4360 Δράκοντος

1785 4387 1990 4458 ἐπέχει,
2025 4387 2100 4450 ὠς
2150 4386 2290 4440 κατὰ
2335 4384 2675 4456 παράλληλον
2719 4383 2916 4439 κύκλον
2935 4423 2950 4448 ,
2993 4380 3088 4435 τοῦ
3129 4381 3354 4444 Λέοντος

111 4480 353 4536 tnethodi
391 4493 560 4533 causa
607 4476 849 4547 tingitur,
880 4476 1114 4546 idipsnm
1156 4478 1454 4546 eodemque
1499 4476 1680 4540 modo,

1798 4480 1982 4551 μοίρας
2033 4484 2116 4548 γθο
2165 4475 2194 4530 ὁ
2239 4477 2296 4530 δὲ
2344 4475 2631 4548 εἰρημένος
2684 4474 2858 4545 ἀστὴρ
2905 4475 2962 4527 ὲν
3008 4472 3086 4543 τῷ
3125 4470 3352 4542 πλινθίῳ

111 4571 175 4625 ad
234 4569 534 4626 inferiores
588 4575 643 4623 et
691 4567 970 4635 subjectos
1018 4567 1446 4627 accommodari;
1509 4575 1562 4620 et
1618 4567 1683 4619 ad

110 4662 287 4732 ipsum
329 4660 470 4715 adeo
523 4667 682 4714 terrae
729 4657 950 4728 globum
999 4655 1265 4728 quosdam
1310 4658 1589 4728 applicari,
1628 4657 1682 4712 in

111 4769 214 4823 quo
250 4767 394 4809 suus
435 4749 623 4804 itidem
663 4749 1061 4818 aequinoctialis
1101 4747 1382 4804 informari
1428 4749 1588 4812 solet,
1618 4763 1684 4803 ac

109 4845 288 4899 caueri
325 4840 595 4913 paralleli.

176 4933 274 4990 His
327 4929 750 4991 animadversis,
777 4943 901 4984 cum
952 4929 1236 4984 stellarum
1284 4928 1426 4985 situs
1471 4930 1555 4984 vel
1595 4929 1682 4983 di-

108 5033 253 5081 recte
301 5023 393 5079 vel
445 5021 798 5078 transversim
849 5021 1187 5077 considerari
1226 5030 1411 5092 queat,
1449 5022 1552 5076 hoc
1596 5027 1683 5076 est

110 5119 417 5175 secundum
457 5114 877 5184 longitudinem,
909 5129 974 5168 ac
1026 5113 1363 5169 latitudinem
1399 5132 1414 5168 :
1449 5129 1680 5183 quarum

109 5213 253 5279 prior
276 5212 353 5266 ab
383 5208 768 5262 intersectione
799 5221 967 5261 verna
995 5207 1223 5272 zodiaci,
1247 5215 1302 5262 et
1328 5200 1681 5277 aequinoctia-

109 5302 172 5358 lis
205 5301 442 5372 incipit;
475 5299 747 5370 posterior
777 5299 931 5370 polos
962 5313 1155 5354 versus
1183 5297 1360 5352 media
1395 5298 1463 5352 ab
1505 5297 1678 5368 sphae-

107 5409 162 5447 ra
192 5393 438 5452 sumitur
471 5410 484 5446 :
520 5399 811 5460 utrumque
856 5391 1146 5460 dupliciter
1185 5389 1442 5445 aestimari
1479 5397 1676 5461 potest.

105 5482 237 5538 Nam
277 5481 569 5554 longitudo
606 5481 691 5534 vel
739 5482 792 5534 in
841 5481 1210 5550 aequinoctiali
1255 5489 1552 5551 spectatur,
1584 5481 1676 5552 qui

104 5574 396 5631 duodecim
425 5572 687 5628 tribuitur
710 5573 766 5626 in
793 5583 996 5642 partes,
1022 5573 1177 5627 initio
1199 5573 1278 5627 ab
1300 5588 1463 5626 verna
1504 5573 1672 5628 inter-

104 5665 345 5722 sectione
403 5663 574 5728 facto,
610 5662 1016 5734 designatisqne
1065 5665 1122 5718 in
1165 5678 1232 5717 eo
1277 5663 1523 5734 partibus
1581 5679 1677 5733 per

104 5754 372 5810 maximos
403 5751 667 5814 circulos,
699 5752 814 5806 sive
850 5753 1069 5808 coluros
1100 5768 1218 5816 sex,
1247 5753 1337 5822 qui
1367 5769 1461 5822 per
1488 5753 1672 5809 mundi

1787 4571 1974 4641 ἐπέχει
2003 4569 2098 4624 τοῦ
2137 4568 2363 4631 Λέοντος
2409 4566 2587 4638 μικρῷ
2624 4566 2847 4620 ἔλασσον
2879 4564 2987 4618 τῶν
3028 4571 3078 4633 γ’
3121 4562 3345 4633 μοιρῶν.

1791 4662 2091 4730 Utrumque
2125 4658 2326 4714 falsum
2358 4666 2464 4719 est,
2501 4657 2548 4712 si
2590 4657 2645 4710 in
2678 4657 2901 4712 zodiaco
2932 4663 3204 4724 spectetur
3235 4653 3351 4706 illa-

1787 4767 1904 4805 rum
1939 4749 2218 4806 stellarum
2251 4747 2409 4802 situs.
2456 4745 2590 4800 Nam
2623 4745 2793 4816 prior,
2838 4760 2958 4814 qua:
2993 4741 3142 4797 Ursae
3186 4750 3349 4811 caput

1786 4842 2028 4912 antiquis
2054 4848 2192 4904 erat,
2220 4837 2515 4909 Hipparchi
2540 4847 2782 4906 tempore
2809 4836 2862 4890 in
2886 4835 3080 4890 Cancri
3109 4833 3176 4887 15
3197 4841 3349 4903 parte

1786 4938 2153 5002 versabatur;
2193 4943 2464 5005 postrema
2510 4931 2698 4986 caudae
2757 4929 3019 4984 Draconis
3063 4928 3116 4982 in
3151 4926 3346 4981 Cancri

1787 5029 1884 5092 l0,
1930 5029 2035 5084 56'.
2072 5026 2337 5082 Ascensio
2369 5023 2751 5095 recta‘prioris
2789 5023 2892 5077 fuit
2936 5021 3060 5086 529.,
3091 5020 3172 5074 52'
3204 5034 3348 5076 anno

1779 5119 1904 5178 Per.
1943 5120 2052 5176 Jul.
2111 5119 2289 5185 4550;
2333 5116 2656 5188 posterioris
2707 5115 2898 5185 paucis
2929 5113 3088 5167 annis
3119 5118 3303 5182 postea
3328 5152 3344 5176 ,

1783 5214 1882 5270 fuit
1914 5212 2037 5274 125,
2076 5210 2178 5280 57'.
2217 5191 2678 5278 Divisfutraque
2733 5222 2830 5277 per
2861 5205 2930 5261 30
2951 5245 2968 5270 ,
3015 5204 3258 5260 conﬁunt
3291 5203 3344 5258 in

1781 5304 1973 5376 priori,
2016 5303 2171 5373 signa
2200 5303 2256 5364 4,
2285 5301 2342 5365 ‘2,
2372 5302 2486 5365 52';
2516 5300 2574 5353 in
2603 5297 2914 5368 posteriori,
2945 5297 3009 5362 4,
3051 5297 3104 5362 '5,
3130 5295 3232 5350 57'.
3268 5293 3344 5352 lta

1780 5413 1965 5453 verum
2001 5403 2084 5450 est
2113 5395 2256 5465 quod
2287 5395 2364 5448 ait
2393 5391 2733 5462 Hipparchus
2761 5391 2827 5445 de
2867 5391 3148 5447 ambarum
3183 5387 3338 5448 locis,

1779 5491 1828 5551 si
1858 5491 1912 5544 in
1940 5487 2306 5558 aequinoctiali
2329 5487 2534 5542 circulo
2554 5483 2854 5540 secundum
2884 5483 3232 5538 ascensiones
3257 5494 3344 5538 re-

1777 5590 1895 5637 ctas
1919 5619 1935 5643 ,
1973 5581 2093 5644 vel,
2125 5579 2269 5650 quod
2305 5579 2446 5634 idem
2476 5585 2582 5640 est,
2624 5578 2679 5631 in
2713 5591 2779 5631 eo
2806 5574 3064 5647 parallelo
3093 5571 3343 5631 conside,-

1783 5679 1972 5728 rentur
1991 5710 2007 5734 ,
2047 5685 2206 5741 quem
2239 5669 2407 5725 stella:
2434 5667 2630 5721 diurno
2659 5673 2808 5721 motu
2839 5665 3132 5721 detineant.

1860 5763 2071 5815 ttursus
2103 5758 2290 5817 eodem
2329 5756 2449 5813 loco
2499 5755 2689 5810 scribit
2731 5753 3089 5824 Hipparchus.
3123 5760 3337 5804 austra-
