3808 6340
463 327 524 381 13
543 329 600 383 ἳ-ῗ)

1477 322 1568 377 AD
1609 320 1876 378 EUSEBH
1911 317 2304 377 CHHONICON
2344 317 2705 374 APPENDIX.

3562 319 3693 376 ΓΗ

459 449 644 498 lzurezu
685 434 1097 497 succedentium
1130 438 1359 493 duarum
1405 439 1460 493 in
1495 438 1753 493 laterculo
1781 438 2028 492 obtinere
2062 443 2100 494 Α
2130 429 2526 495 describendis,
2561 433 2628 486 ab
2661 432 2730 487 iis
2760 430 3014 500 cmpisse,
3039 430 3129 500 qui
3175 429 3450 486 borealem
3507 430 3693 487 habent

459 535 852 602 propemodum
895 539 1100 600 partem
1145 529 1344 584 Leonis
1402 528 1714 584 vicesimam
1759 530 2028 598 quintam.

459 624 621 694 Atqui
655 624 808 677 locus
829 623 948 691 ejus
977 622 1031 675 in
1069 620 1294 675 zodiaco
1329 620 1430 674 fuit
1458 619 1751 690 Ilipparcbi
1793 628 2032 688 tempore

461 716 516 769 in
555 715 752 769 Lemnis
791 714 824 764 0
847 753 863 778 ,
893 714 996 766 Μ’.
1042 711 1184 782 Ergo
1232 727 1298 766 ex
1334 713 1655 767 ascensione
1706 720 1854 767 recta
1889 713 2032 767 situs

461 805 565 859 iste
597 803 991 874 camputandus
1023 811 1144 870 est;
1174 818 1337 873 quam
1368 803 1580 872 reperio
1610 803 1874 873 graduum
1910 804 2029 867 145,

461 890 563 944 32'.
590 889 683 944 llis
715 905 810 959 per
840 890 1062 960 triginta
1091 891 1304 953 divisis,
1335 893 1470 944 tiunt
1498 892 1651 962 signa
1682 892 1748 957 4,
1783 893 1882 955 25,
1926 893 2030 954 52’,

461 979 565 1032 hoc
592 987 676 1033 est
710 978 907 1033 Leonis
931 980 1104 1048 paulo
1123 981 1244 1049 plus
1272 980 1444 1050 gradu
1484 981 1746 1036 vicesimo
1797 984 1989 1052 quinto
2013 1025 2027 1049 ,

462 1071 516 1124 in
545 1070 935 1139 aequinoctiali,
967 1072 1052 1127 vel
1082 1071 1469 1141 :equidistante
1499 1073 1549 1128 ei
1579 1074 1806 1127 circulo.

533 1163 734 1217 Ibidem
765 1171 1006 1219 extrema
1055 1165 1243 1219 cauda:
1275 1163 1490 1220 Helices
1522 1167 1782 1221 statuitur
1810 1168 1862 1220 in
1893 1167 2031 1222 Che-

463 1255 660 1318 larum,
685 1270 782 1310 seu
810 1253 988 1310 Librae
1014 1265 1209 1326 quarta
1242 1268 1413 1326 parte.
1467 1257 1642 1314 Locus
1667 1268 1783 1314 erat
1815 1260 1868 1313 in
1902 1260 2032 1314 Leo-

463 1349 550 1403 nis
575 1349 686 1412 27,
739 1348 836 1402 10’.
898 1347 1166 1404 Ascensio
1227 1359 1372 1404 recta
1431 1351 1708 1422 signorum
1770 1353 1910 1417 6,4,
1948 1355 2025 1417 ι’,

462 1441 621 1511 plane
652 1448 710 1494 ut
747 1439 1088 1510 Hipparchus
1120 1442 1314 1505 voluit,
1348 1443 1403 1496 in
1438 1442 1616 1498 Librae
1639 1445 1693 1498 4.
1729 1446 1840 1500 Non
1867 1448 2030 1518 igitur

463 1531 529 1585 ad
561 1531 840 1585 zodiacum
867 1570 881 1595 ,
913 1531 1008 1586 sed
1043 1532 1110 1584 ad
1137 1534 1477 1602 parallelum,
1503 1539 2024 1607 aequinoctialeinve,

462 1622 742 1677 stellarum
767 1622 883 1676 loca
914 1621 1290 1692 designantur.

533 1711 769 1767 Numero
821 1709 909 1765 XII
964 1711 1309 1784 Hipparchus
1359 1716 1434 1770 ait
1485 1727 1814 1786 postremam
1843 1722 2030 1776 caudae

463 1801 689 1860 minoris
721 1803 874 1861 Ursae
897 1813 1056 1861 sitam
1093 1821 1214 1861 esse
1246 1807 1300 1860 in
1351 1807 1523 1877 gradu
1557 1809 1794 1866 Piscium
1828 1813 1914 1868 I8.
1959 1813 2015 1868 Si

463 1895 672 1949 zodiaci
711 1897 848 1950 ratio
881 1899 1178 1963 habeatur,
1215 1906 1334 1952 erat
1371 1898 1669 1969 Hipparchi
1703 1911 1947 1973 tempore
1973 1905 2028 1959 in

465 1987 635 2055 gradu
689 1987 855 2042 Tauri
902 1989 992 2043 29.
1045 1990 1306 2044 Aseensio
1353 2002 1497 2046 recta
1531 1993 1668 2053 546.
1704 1995 1802 2058 l6',
1832 1997 2030 2066 quibus

467 2096 564 2151 per
596 2081 664 2135 50
691 2081 904 2143 divisis,
936 2081 1305 2136 conficiuntur
1341 2083 1495 2154 signa
1535 2086 1618 2148 11,
1655 2086 1738 2151 16,
1770 2088 1883 2151 16¹,
1927 2089 2030 2144 hoc

464 2177 550 2224 est
571 2169 770 2239 gradus
797 2168 1033 2224 Piscium
1071 2171 1167 2230 16,
1219 2173 1298 2224 16¹
1321 2213 1336 2238 ,
1369 2174 1665 2228 secundum
1717 2177 2029 2243 parallelum

465 2261 750 2316 circulum.
776 2260 894 2315 Jam
931 2262 1075 2331 quod
1114 2262 1252 2317 idem
1293 2265 1492 2319 asserit
1541 2282 1694 2320 num.
1724 2267 1838 2322 XlV
1869 2279 2030 2340 caput

468 2351 619 2408 Ursa:
647 2355 873 2410 minoris
897 2396 912 2420 ,
951 2356 1064 2410 sive
1096 2356 1447 2412 borealiorem
1499 2361 1935 2416 antecedentium
1975 2365 2029 2419 in

465 2445 726 2500 laterculo
756 2446 1006 2516 plaustri,
1050 2447 1209 2501 sitam
1241 2462 1363 2503 esse
1411 2450 1463 2502 in
1495 2461 1736 2505 extremo
1784 2451 2026 2524 Scorpii,

465 2534 518 2589 id
543 2550 665 2589 cum
701 2537 908 2591 zodiaci
947 2538 1066 2591 loco
1111 2554 1218 2592 non
1273 2541 1566 2594 convenit:
1628 2543 1718 2611 qui
1770 2543 1871 2598 fuit
1901 2544 2031 2616 Hip-

461 2628 646 2698 parchi
684 2637 924 2698 tempore
955 2631 1009 2682 in
1040 2629 1213 2699 gradu
1244 2631 1443 2685 Cancri
1494 2633 1579 2696 15,
1619 2635 1734 2698 15’,
1781 2635 1876 2690 sed
1905 2652 2029 2690 cum

462 2722 783 2776 ascensione
826 2732 972 2776 recta
1000 2761 1014 2785 ,
1048 2738 1168 2791 qua:
1215 2722 1315 2777 fuit
1350 2723 1630 2794 signorum
1665 2725 1719 2783 8.
1755 2728 1806 2788 1,
1830 2727 1937 2793 26',
1972 2736 2031 2782 ut

460 2812 562 2866 hac
586 2813 796 2867 ratione
825 2812 879 2866 in
905 2813 1180 2882 Sagittarii
1219 2816 1238 2868 ι
1268 2817 1549 2870 censenda
1585 2817 1767 2872 fuerit.

531 2902 659 2957 Item
695 2903 750 2956 in
779 2903 883 2957 tinc
915 2903 1035 2958 libri
1065 2903 1102 2962 I.
1156 2921 1308 2958 num.
1346 2905 1559 2970 XXVII,
1591 2908 1780 2962 scribit
1811 2918 2031 2966 antece-

459 2995 528 3050 de
569 3002 651 3049 tes
680 2995 734 3048 in
767 2994 930 3066 llydri
959 2996 1138 3066 capite
1171 2997 1417 3052 obtinere
1456 3010 1660 3067 partem
1693 2998 1890 3056 Caneri
1919 3018 2033 3056 am-

2135 540 2164 577 a
2200 524 2424 577 zodiaco
2450 523 2764 578 distantiam
2792 560 2807 586 ,
2843 522 2947 576 hoc
2980 532 3063 577 est
3099 522 3465 587 latitudinem,
3495 533 3604 576 tum
3634 523 3693 580 de

2135 616 2470 671 australibus
2493 617 2714 687 egisse:
2749 615 2893 685 quod
2915 624 2968 668 et
2995 613 3340 684 Hipparchus
3363 616 3482 684 ipse
3512 617 3689 672 tenuit.

2203 704 2510 772 Quinetiam
2553 704 2814 760 Geminus
2835 744 2850 766 ,
2885 705 2978 775 qui
3008 705 3288 777 octoginta
3329 707 3553 762 circiter
3582 716 3692 777 post

2135 795 2504 867 Hipparchum
2555 797 2714 854 annis
2743 795 2942 861 lloruit,
2969 813 3078 852 non
3130 798 3369 854 obscure
3400 798 3691 868 signiﬁcat,

2132 899 2290 943 aetate
2319 903 2416 944 sua
2459 896 2567 942 tam
2587 887 2950 959 longitudines
2983 888 3287 952 stellarum,
3325 904 3495 959 quam
3528 891 3692 945 latitu-

2131 981 2311 1046 dines,
2333 980 2398 1034 ad
2427 980 2705 1034 zodiacum
2740 979 3175 1036 accommodatas
3219 994 3364 1036 esse.
3395 979 3532 1034 Nam
3553 981 3692 1036 initio

2135 1073 2257 1126 libri
2291 1072 2489 1128 asserit
2515 1071 2795 1126 zodiacum
2827 1072 2880 1126 in
2916 1079 3100 1141 partes
3121 1071 3412 1128 duodecim
3447 1074 3690 1144 aequales,

2132 1177 2250 1232 quae
2274 1171 2398 1216 sunt
2419 1161 2858 1232 signa,distribui
2893 1180 2905 1216 :
2930 1176 3036 1231 qua
3070 1163 3280 1218 ratione
3298 1163 3470 1218 dividi
3487 1180 3694 1220 necesse

2131 1261 2214 1307 est
2240 1254 2680 1323 :equinoctialem
2715 1253 2767 1307 in
2799 1262 2982 1324 partes
3008 1255 3331 1324 inaequales.
3361 1255 3541 1325 Atque
3564 1255 3692 1310 idem

2134 1342 2487 1397 nihilominus
2564 1343 2942 1412 parallelorum
3017 1343 3354 1398 circulorum
3426 1344 3692 1407 meminit,

2131 1450 2268 1505 quos
2320 1435 2732 1505 aequidistantes
2788 1436 2857 1489 ab
2898 1436 3268 1505 aequinoctiali
3319 1437 3481 1490 stella
3515 1436 3694 1490 diurno

2131 1528 2361 1582 circuitu
2396 1527 2668 1598 designat.
2717 1525 2982 1593 Quocirca
3010 1528 3310 1583 verisimile
3339 1536 3426 1584 est
3454 1530 3694 1599 antiquos

2132 1629 2362 1690 utroque
2399 1620 2560 1674 modo
2597 1620 2872 1676 stellarum
2939 1620 3307 1688 longitudines
3352 1636 3420 1676 ac
3460 1623 3683 1676 latitudi-

2133 1727 2230 1766 nes
2255 1719 2507 1781 putasse;
2560 1727 2659 1781 pro
2687 1727 2752 1767 eo
2786 1720 2948 1784 atque
2992 1715 3058 1767 ad
3101 1713 3418 1769 institutam
3453 1731 3696 1784 πραγμα-

2065 1778 2102 1830 B
2129 1778 2278 1857 τείαο
2308 1778 2606 1874 expediret.
2643 1801 2756 1859 Nisi
2813 1778 2956 1860 enim
3003 1804 3355 1859 latitudinem
3392 1778 3615 1859 illarum
3635 1806 3696 1859 ab

2131 1896 2355 1949 zodiaco
2389 1893 2663 1950 interdum
2695 1894 3108 1960 adhibuissent,
3157 1911 3265 1950 non
3303 1896 3696 1966 distinguerent

2131 1989 2378 2043 boreales
2401 2003 2590 2044 earum
2625 1988 2765 2043 situs
2793 1987 2860 2042 ab
2896 1987 3233 2042 australibus
3270 1987 3579 2042 secundum
3608 2003 3694 2040 zo-

2130 2080 2342 2135 diacum
2365 2119 2379 2144 ,
2441 2079 2535 2134 sed
2574 2080 3004 2148 mquinoctialem
3033 2080 3308 2133 duntaxat
3337 2097 3348 2132 :
3391 2093 3421 2132 a
3455 2095 3566 2150 quo
3592 2081 3696 2134 solo

2131 2171 2446 2228 latitudines
2474 2169 2788 2226 earumdem
2829 2177 3157 2240 repeterent.
3189 2168 3332 2224 Hinc
3373 2169 3571 2225 falsum
3590 2185 3694 2226 esse

2130 2270 2368 2324 constat,
2393 2261 2537 2330 quod
2589 2259 2860 2330 Iosephus
2889 2259 3133 2331 Scaliger
3158 2261 3343 2330 capite
3373 2262 3552 2330 primo
3588 2263 3694 2315 libri

2134 2356 2208 2409 De
2231 2355 2447 2423 anticip.
2489 2355 2678 2422 requiri.
2723 2352 2984 2414 allirmat,
3045 2359 3172 2408 ante
3203 2353 3559 2411 Ptolemaeum
3591 2355 3696 2408 nul-

2133 2449 2237 2501 lam
2266 2447 2426 2500 aliam
2458 2447 2735 2500 stellarum
2773 2445 3162 2514 longitudinem
3215 2446 3304 2500 vel
3370 2447 3695 2501 latitudinem

2133 2539 2185 2592 in
2211 2555 2311 2593 usu
2347 2537 2548 2602 fuisse,
2582 2553 2746 2608 quam
2777 2552 2898 2606 quae
2931 2552 3096 2605 penes
3122 2537 3570 2607 aequinoctialem
3613 2555 3694 2593 su-

2132 2633 2334 2698 mitur;
2394 2631 2625 2701 primum
2687 2637 2865 2684 autem
2909 2627 3258 2684 Ptolemaeum
3313 2631 3382 2684 ad
3435 2631 3694 2685 zodiacum

2132 2733 2415 2792 utramque
2445 2722 2808 2776 transtulisse.
2850 2721 3015 2791 Atqui
3045 2719 3333 2782 Geminus,
3362 2721 3462 2790 qui
3509 2724 3694 2775 ducen-

2132 2817 2201 2868 tis
2230 2815 2463 2884 amplius
2487 2814 2644 2868 annis
2675 2812 3026 2868 Ptolemzeum
3053 2813 3362 2882 praacessit,
3397 2822 3510 2866 tam
3545 2813 3697 2882 longi-

2131 2909 2350 2962 tudines
2379 2908 2686 2970 stellarum,
2710 2922 2873 2976 quam
2906 2905 3225 2960 latitudines
3273 2906 3330 2960 in
3365 2906 3590 2960 zodiaco
3612 2907 3694 2959 de-

2133 3001 2366 3069 scriptas
2393 3015 2515 3054 esse
2536 3000 2735 3056 saeculo
2762 3013 2862 3052 suo
2881 3038 2895 3058 ,
2948 2998 3272 3068 planissime
3323 2997 3572 3052 declarat
3593 3038 3609 3062 ,
3650 3007 3697 3050 ut

461 3086 605 3155 ptius
641 3085 728 3150 I0,
757 3087 898 3155 quod
943 3089 1156 3157 egregie
1205 3089 1515 3146 ascensioni
1550 3100 1710 3146 rectae
1735 3094 2025 3164 congruit:
2060 3117 2102 3176 ε
2135 3093 2297 3162 paulo
2323 3100 2449 3145 ante
2491 3091 3002 3146 demonstravimus.
3041 3088 3422 3158 Hipparchum
3455 3101 3630 3143 autem
3655 3097 3698 3143 et

461 3193 623 3247 quam
673 3178 888 3232 invenio
938 3177 1234 3247 Hipparchi
1269 3187 1510 3249 tempore
1543 3182 1822 3251 signorum
1861 3185 1915 3247 3,
1942 3186 2028 3250 l0,

462 3269 563 3322 12'.
605 3265 680 3320 Ita
719 3269 926 3329 stellas,
952 3284 1074 3338 qua:
1103 3276 1233 3323 sunt
1262 3269 1314 3322 in
1343 3270 1543 3340 Cephei
1575 3273 1772 3340 capite,
1798 3276 2030 3330 collocat

462 3363 603 3417 idem
639 3366 691 3415 in
723 3363 892 3432 gradu
927 3363 1161 3430 amplius
1193 3362 1278 3416 10.
1317 3362 1380 3415 Ει
1408 3379 1508 3418 nos
1540 3367 1914 3422 ascensionem
1944 3385 2029 3422 re-

459 3461 603 3508 ctam
656 3454 911 3508 australis
960 3453 1417 3522 deprehendimus
1465 3455 1742 3524 signorum
1787 3458 1885 3522 10,
1941 3460 2027 3522 10,

461 3547 563 3600 53'.
600 3547 821 3600 Stellam
847 3546 1091 3614 ejusdem
1129 3547 1426 3610 asterismi,
1457 3562 1577 3616 quze
1612 3549 1663 3602 iu
1697 3551 1922 3606 sinistro
1946 3561 2031 3606 est

463 3637 691 3692 humero
717 3675 731 3698 ,
791 3638 874 3690 vel
914 3637 1138 3691 brachio
1161 3676 1176 3699 ,
1212 3638 1376 3691 refert
1411 3637 1751 3707 Hipparchus
1799 3641 2029 3709 positam

461 3745 584 3784 esse
611 3729 664 3782 in
699 3728 866 3797 gradu
897 3728 968 3782 25
1000 3729 1245 3796 Aquarii.
1283 3729 1545 3784 Ascensio
1578 3738 1725 3784 recta
1755 3733 2027 3802 congruit,

462 3835 584 3888 quze
621 3828 704 3872 est
729 3819 1008 3888 signorum
1045 3819 1132 3880 10,
1170 3819 1261 3883 26,
1285 3820 1389 3874 20¹.
1418 3825 1484 3874 At
1515 3822 1568 3875 in
1600 3822 1826 3877 zodiaco
1881 3825 2030 3880 locus

463 3920 582 3965 erat
621 3909 674 3962 in
720 3909 920 3964 Arietis
959 3910 1013 3972 5,
1042 3910 1144 3964 ι18¹⁸
1195 3910 1272 3963 Ad
1310 3911 1423 3967 haec
1484 3913 1538 3966 in
1571 3913 1811 3968 .sinistra
1867 3933 2028 3970 manu

466 4001 648 4055 Bootae
676 4000 1082 4054 antecedentem
1114 4002 1326 4055 stellam
1350 4003 1490 4056 locat
1518 4003 1716 4058 ibidem
1753 4005 1806 4058 in
1840 4005 2032 4062 Chela-

467 4108 586 4145 rnm
625 4101 776 4162 parte
799 4092 1033 4160 amplius
1073 4094 1154 4147 15.
1181 4093 1446 4148 Ascensio
1467 4102 1616 4149 recta
1646 4104 1730 4150 est
1752 4097 2029 4168 signorum

464 4181 519 4243 6,
555 4181 609 4235 l-l
637 4221 652 4248 ,
703 4179 818 4246 47';
851 4181 1002 4236 locus
1037 4179 1090 4234 in
1121 4181 1375 4243 zodiaco,
1426 4182 1481 4235 in
1534 4180 1732 4238 Leonis
1787 4184 1892 4247 28,
1925 4185 2028 4238 58'.

463 4272 731 4328 Pneterea
762 4273 856 4327 lib.
893 4271 933 4324 II
981 4273 1140 4326 docet
1190 4271 1535 4343 Hipparchus
1577 4275 2030 4330 australissimam

465 4366 521 4419 in
575 4365 800 4420 sinistro
855 4364 991 4434 pede
1029 4364 1210 4420 Bootae
1251 4366 1499 4420 oblinere
1547 4374 1752 4434 partem
1784 4365 1959 4420 Libra»
1992 4366 2028 4419 I.

2137 3183 2418 3238 Eudoxum
2451 3184 2684 3254 idipsum
2716 3196 3007 3251 usurpasse
3054 3197 3454 3251 nonnunquam
3479 3222 3493 3243 ,
3525 3182 3697 3251 impri-

2138 3276 2240 3331 mis
2267 3274 2412 3345 quod
2454 3274 2766 3328 latitudines
2800 3273 3012 3336 attinet,
3036 3271 3227 3327 eodem
3261 3273 3600 3342 eonjeeturaa
3625 3288 3697 3343 ge-

2137 3385 2265 3423 nere
2299 3369 2422 3423 licet
2462 3366 2699 3436 assequi.
2749 3364 2895 3419 Nihil
2943 3372 3026 3419 est
3072 3364 3219 3419 enim
3270 3363 3422 3417 aliud
3473 3363 3700 3418 boreales

2137 3459 2341 3523 stellas,
2371 3458 2706 3513 australesve
2738 3457 2867 3521 dici,
2887 3470 3005 3526 qua:
3026 3469 3055 3508 a
3091 3453 3320 3510 zodiaco
3347 3470 3541 3510 versus
3565 3454 3700 3523 aqui-

2137 3551 2312 3605 lonem
2343 3558 2437 3604 aut
2465 3549 2744 3604 meridiem
2771 3547 3054 3611 recedunt,
3084 3562 3251 3617 quam
3278 3545 3349 3600 ab
3382 3547 3574 3602 eodem
3621 3559 3701 3600 zo-

2138 3643 2296 3696 diaeo
2327 3641 2667 3694 latitudinem
2702 3639 2901 3694 habere
2931 3638 3210 3693 borealem
3236 3638 3624 3693 australemve.
3646 3637 3703 3688 At

2137 3732 2290 3803 prius
2317 3731 2385 3785 ab
2420 3729 2642 3785 Eudoxo
2697 3729 3019 3798 ueterisque
3044 3768 3059 3792 ,
3090 3727 3238 3798 quod
3278 3727 3398 3797 jam
3445 3731 3697 3788 diximus,

2138 3829 2460 3890 usurpatum
2486 3836 2608 3875 esse
2640 3819 2831 3890 liquet.
2864 3819 3030 3889 Igitur
3057 3827 3112 3872 et
3140 3821 3246 3872 hoc
3276 3835 3502 3888 quoque
3548 3835 3701 3888 genus

2138 3911 2448 3967 latitudinis
2491 3918 2851 3981 agnoverunt,
2875 3910 3021 3980 quod
3050 3909 3122 3963 ab
3169 3908 3407 3964 zodiaco
3464 3910 3696 3966 sumitur.

2138 4003 2378 4066 Nullum,
2401 4003 2546 4073 quod
2585 4001 3273 4070 meminerim,exemplum
3307 4002 3381 4056 ab
3411 4000 3699 4072 Hipparcho

2139 4102 2472 4150 memoratur
2492 4109 2555 4149 ex
2591 4093 2838 4156 Eudoxo,
2865 4092 2921 4146 in
2949 4107 3059 4162 quo
3089 4093 3232 4148 situs
3266 4094 3448 4148 stella:
3477 4095 3700 4149 nomina-

2139 4189 2235 4239 tim
2257 4185 2634 4256 exprimaturj;
2669 4199 2794 4239 nam
2824 4182 2968 4253 quod
3002 4181 3200 4247 librol,
3233 4201 3392 4238 num.
3414 4185 3532 4251 XII,
3559 4190 3700 4253 caput

2143 4274 2295 4330 Ursa:
2321 4274 2546 4344 majoris
2584 4290 2650 4330 ex
2700 4273 2910 4327 Eudoxi
2945 4273 3221 4329 sententia
3255 4275 3538 4330 collocare
3569 4275 3697 4328 vide—

2140 4375 2228 4421 tur
2259 4368 2311 4420 in
2338 4375 2488 4436 parte
2521 4365 2719 4422 Leonis
2746 4366 3090 4430 duodecima,
3117 4367 3280 4422 aliter
3315 4384 3445 4423 sese
3495 4385 3580 4422 res
3620 4367 3698 4418 hac

467 4456 641 4523 Hujus
693 4456 942 4512 ascensio
990 4466 1137 4512 recta
1198 4458 1424 4513 miriﬁce
1485 4459 1854 4512 observationi
1902 4473 2032 4512 con-
2067 4475 2108 4528 ι)
2139 4459 2246 4513 bet.
2271 4456 2497 4511 Utenim
2526 4459 2732 4528 integer
2754 4459 3015 4529 sitjloeus,
3038 4461 3352 4530 nonipsum
3378 4470 3546 4530 caput
3567 4458 3695 4514 Ursae

465 4548 645 4617 gruit;
686 4562 810 4600 nam
845 4555 931 4602 est
960 4549 1238 4618 signorum
1269 4549 1323 4612 6,
1353 4551 1402 4615 I,
1433 4549 1548 4625 27'.
1565 4549 1632 4604 At
1664 4553 1814 4604 locus
1851 4550 1905 4604 in
1943 4565 2033 4604 zo-

465 4638 622 4693 diaco
649 4635 942 4707 Hipparchi
972 4649 1214 4706 tempore
1240 4638 1292 4692 in
1332 4637 1574 4708 Virginis
1606 4638 1692 4699 I9,
1720 4639 1824 4693 ὅδ’.

535 4729 696 4783 Plura
713 4729 797 4784 his
818 4728 1016 4784 addere
1033 4736 1346 4798 poteramus
1362 4730 1607 4799 exempla
1627 4749 1639 4783 :
1656 4729 1751 4784 sed
1771 4730 1882 4783 luec
1898 4730 2033 4798 ipsa,

465 4837 587 4891 qua:
618 4821 930 4891 selegimus,
966 4822 1102 4876 satis
1137 4822 1186 4874 id
1236 4821 1380 4892 quod
1429 4822 1681 4876 volumus
1723 4822 2034 4886 ostendunt,

467 4915 745 4969 stellarum
784 4913 1173 4982 longitudinem
1201 4914 1270 4968 ab
1303 4913 1612 4984 Hipparcho
1645 4913 1807 4968 statui
1843 4929 2038 4969 secun-

467 5006 595 5058 dum
628 5015 804 5058 rectas
831 5005 1182 5059 ascensiones
1213 5005 1266 5058 in
1298 5005 1688 5074 aequinoctiali,
1717 5007 1832 5061 sive
1860 5007 2036 5076 paral-

469 5097 572 5150 lelo
595 5097 820 5159 circulo,
842 5111 972 5160 non,
999 5105 1058 5148 ut
1086 5096 1244 5149 hodie
1270 5097 1348 5161 Iit,
1367 5097 1422 5150 in
1439 5098 1682 5152 zodiaco.

542 5185 684 5239 Idem
731 5196 922 5240 auctor
969 5187 1394 5242 declinationum
1432 5187 1501 5240 ab
1528 5189 1893 5257 a‘quinoctiali
1926 5190 2034 5242 cir-

468 5278 593 5331 culo
618 5293 855 5347 persmpe
885 5279 1128 5333 meminit
1161 5296 1175 5332 :
1219 5293 1490 5347 nusquam
1517 5288 1696 5334 autem
1733 5281 2037 5335 latitu-linis

474 5369 542 5423 ab
573 5368 817 5422 zodiaco.
852 5368 1092 5424 Tametsi
1125 5384 1230 5423 non
1257 5369 1448 5424 dubito
1491 5369 1655 5439 hujus
1698 5373 1862 5425 etiam
1909 5371 2037 5441 Hip-

472 5460 732 5530 parchum
772 5461 1039 5514 rationem
1094 5462 1384 5528 habuisse;
1443 5473 1728 5532 postquam
1770 5464 2035 5517 circulum

475 5553 637 5606 istum
670 5554 908 5606 artiﬁces
939 5553 993 5606 in
1020 5555 1160 5608 emlo
1187 5556 1370 5608 metati
1396 5563 1546 5618 sunt,
1573 5565 1626 5610 et
1655 5557 1774 5626 ejus
1803 5557 2036 5627 obliqui-

480 5644 646 5696 latem
681 5643 1196 5698 animadverterunt.
1227 5645 1368 5700 Sane
1397 5643 1739 5715 Hipparchus
1765 5648 2035 5711 observat,

479 5731 785 5801 Eudoxum,
819 5742 872 5788 et
898 5733 1122 5791 Aratum
1151 5737 1297 5792 illius
1337 5738 1600 5808 exemplo,
1636 5739 1688 5793 in
1737 5739 2036 5796 asterismis

2143 4548 2377 4604 conferri
2410 4548 2545 4602 dicit
2573 4551 2641 4604 ah
2681 4549 2901 4604 Eudoxo
2952 4551 3006 4604 in
3059 4560 3273 4620 partem
3331 4551 3694 4606 duodecimam

2140 4639 2360 4704 Leonis.
2397 4641 2493 4698 sed
2521 4658 2642 4697 eam
2674 4644 2907 4706 stellam,
2932 4659 3054 4712 qum
3081 4643 3395 4698 secundum
3436 4644 3695 4698 Eudoxum

2144 4730 2291 4786 Ursa:
2324 4740 2488 4801 caput
2510 4739 2647 4796 erat,
2678 4733 3021 4803 Hipparchus
3051 4733 3166 4804 ipse
3212 4750 3281 4788 ex
3327 4735 3590 4790 sententia
3613 4746 3694 4786 sua

2138 4823 2191 4878 in
2224 4840 2289 4879 eo
2320 4825 2490 4895 gradu
2523 4825 2790 4880 collocare
2822 4824 3064 4879 videtur:
3091 4826 3126 4896 ἡ
3143 4824 3198 4878 δὲ
3221 4824 3366 4878 κατὰ
3389 4826 3480 4879 τὸν
3499 4825 3696 4888 mea»

2139 4915 2370 4986 κεφαλή,
2406 4936 2424 4968 ι
2479 4931 2641 4986 quam
2685 4931 2811 4972 vero
2843 4916 3052 4971 stellam
3083 4915 3352 4971 Eudoxus
3382 4914 3698 4987 caputlI-rsm

2138 5007 2442 5062 constituit.
2485 5027 2503 5058 ι
2540 5006 2750 5062 Etenim
2778 5005 2930 5061 Ursae
2949 5014 3114 5076 caput
3142 5006 3442 5077 utriusque
3471 5005 3590 5060 alibi
3612 5003 3699 5056 Eu-

2136 5099 2364 5161 doxum,
2394 5107 2448 5154 et
2495 5099 2832 5167 antiquiores
2870 5114 3061 5154 omnes
3096 5101 3390 5163 statuisse,
3423 5114 3578 5171 quam
3618 5096 3695 5150 ubi

2140 5189 2302 5245 hodie
2329 5192 2570 5260 ponitur,
2599 5190 2938 5260 Hipparchus
2961 5192 3262 5256 existimat,
3289 5194 3548 5248 nimirum
3570 5199 3697 5244 utro-

2144 5281 2302 5350 bique
2341 5282 2697 5336 borealiorem
2731 5282 2962 5335 duarum
3007 5282 3060 5335 in
3108 5283 3380 5338 laterculo
3411 5280 3695 5353 prtecedeo-

2141 5375 2275 5427 tium
2298 5383 2462 5443 caput
2511 5375 2846 5443 appellasse;
2887 5375 2955 5427 de
2991 5388 3102 5442 quo
3149 5375 3318 5442 paulo
3353 5382 3479 5444 post
3505 5380 3692 5442 agetur.

2138 5463 2290 5518 Adde
2310 5463 2551 5518 nondum
2586 5461 2754 5516 videri
2789 5461 2997 5516 Eudoxi
3051 5463 3256 5518 saeculo
3298 5462 3597 5518 institutam
3631 5457 3696 5511 si-

2141 5571 2370 5624 gnorum
2406 5555 2460 5607 iu
2493 5563 2678 5622 partes
2711 5554 2929 5625 triginta
2959 5552 3284 5609 divisionem
3313 5596 3327 5620 ,
3383 5555 3466 5608 vel
3523 5546 3696 5606 circuli

2141 5647 2304 5702 totius
2333 5647 2384 5700 in
2419 5647 2544 5700 560.

2211 5740 2287 5793 Ac
2317 5755 2383 5794 ne
2408 5739 2496 5794 ille
2517 5735 2730 5806 quidem
2755 5736 3004 5793 sincerus
3035 5748 3114 5793 est
3145 5739 3337 5804 locus;
3371 5739 3462 5794 sed
3485 5739 3533 5793 ei
3557 5747 3696 5790 meno
