3808 6310
130 333 259 389 1315

918 326 1370 385 DISSERTATIO
1406 325 1492 382 DE
1530 323 1714 381 ORTU
1750 322 1836 378 ET
1875 321 2143 378 OCCASU
2186 321 2510 379 SIDERUM.

3219 322 3356 378 1546

127 449 249 502 dum
303 447 529 511 subest,
583 453 642 498 ut
697 444 919 498 omnino
973 443 1254 512 scripserit
1310 439 1685 510 Hipparchus:
1719 440 1764 497 Α
1793 434 2001 490 fuisse:
2043 434 2186 504 quod
2236 433 2518 504 przefracte
2568 438 2726 504 negat
2757 430 3038 502 Scaliger,
3095 432 3254 502 cujus
3303 441 3356 486 et

138 539 198 594 ἸΙ
227 540 284 594 δὲ
304 539 450 593 κατὰ
477 539 568 592 τὸν
601 535 824 600 Εὔδοξον
845 535 1053 605 κεφαλὴ
1069 536 1166 604 τῆς
1189 532 1427 605 μεγάλης
1451 533 1686 602 Ἄρκτον

129 631 260 685 κατὰ
306 631 372 685 τὺ
418 627 885 701 δωδεκατημόριον
931 627 1024 681 τοῦ
1069 627 1314 689 Λέοντος.
1349 625 1486 679 Cum
1521 633 1686 688 esset,

130 723 272 777 τδιθ
331 723 457 794 μόρ.
516 721 722 792 putavit
779 721 1063 790 legendum
1122 719 1187 772 ιϐ’
1235 735 1380 790 μοιρ.
1437 718 1692 787 Adeoque

132 815 223 884 τὴν
260 813 328 868 ιϐ’
371 831 546 884 μοιρ.,
579 813 732 883 quasi
765 813 820 866 in
851 811 1168 866 duodecima
1201 818 1352 880 parte
1377 817 1686 878 poneretur,

131 904 362 958 maxime
383 919 508 957 cum
546 903 788 973 proxime
816 911 938 955 ante
959 940 974 964 ,
1016 899 1234 970 ’ἰχθύων
1267 917 1412 971 μοιρ.
1452 900 1520 952 ιϐ’
1553 899 1685 954 scri-

131 1004 272 1064 ptum
313 1003 481 1049 esset.
516 995 714 1049 Verum
746 991 1093 1062 Hipparchus
1137 992 1260 1060 plus
1303 992 1466 1046 semel
1507 991 1692 1045 docuit

129 1087 180 1141 in
211 1085 372 1139 tertia
402 1084 603 1140 Leonis
629 1092 802 1154 parte,
852 1099 958 1137 non
1011 1082 1330 1137 duodecima
1381 1084 1541 1136 situm
1571 1098 1694 1138 esse

128 1181 286 1243 caput
313 1173 466 1229 Ursae
491 1174 736 1244 majoris.
768 1172 953 1242 Neque
987 1188 1016 1225 a
1047 1173 1228 1242 seipso
1250 1212 1266 1235 ,
1314 1181 1475 1242 atque
1518 1173 1586 1228 ab
1616 1173 1692 1226 rei

128 1267 351 1320 veritate
384 1273 668 1335 tantopere
719 1265 1050 1320 dissensisse
1093 1267 1197 1319 hoc
1244 1267 1360 1320 loco
1390 1266 1693 1322 credendus

125 1365 225 1417 est.
255 1366 317 1411 ut
357 1357 413 1410 in
447 1356 770 1411 duodecima
805 1364 958 1427 parte
991 1365 1273 1411 sratueret.

191 1447 565 1518 Hipparchum
604 1463 750 1510 vero,
791 1464 897 1502 non
936 1447 988 1502 in
1025 1448 1142 1502 solo
1172 1448 1536 1516 aequinoctiali
1563 1449 1694 1504 stel-

127 1538 300 1591 larum
347 1537 734 1606 longitudines,
767 1539 860 1592 sed
889 1537 1136 1590 etiamin
1185 1537 1407 1592 zodiaco
1447 1539 1551 1592 alia
1607 1553 1695 1592 ra-

126 1630 266 1684 tione
295 1644 512 1698 usuque
539 1630 958 1698 contemplatum
988 1644 1129 1693 esse,
1153 1643 1218 1682 ex
1256 1629 1395 1684 libro
1438 1631 1557 1696 ejus
1611 1645 1698 1685 se-

126 1721 304 1776 cando
361 1735 427 1775 ac
474 1721 636 1774 tertio
688 1719 904 1790 probari
960 1727 1168 1788 potest;
1211 1720 1304 1772 ubi
1361 1720 1428 1774 de
1471 1737 1698 1773 cuvava-

124 1813 302 1877 στολαῖς
332 1823 390 1868 et
421 1811 846 1880 σνγκαταδύσεσι
884 1813 1119 1867 siderum
1179 1812 1484 1882 diSpntans,
1512 1823 1696 1882 aperte

1789 526 1891 579 alia
1908 527 2064 596 longe
2078 526 2394 595 capitaliora
2423 527 2475 579 in
2502 527 2639 581 libro
2671 525 2742 580 De
2758 526 3132 602 anticipatione
3158 529 3353 598 requiri.

1790 616 1953 684 paulo
1972 625 2089 684 post
2109 614 2468 669 excutiemus.

1861 705 2015 760 Hane
2084 705 2376 776 Hipparchi
2448 705 2930 760 hallucinationem
2993 706 3353 770 asterismos,

1790 797 1904 852 sive
1921 797 2132 858 stellata
2149 795 2316 861 ζῴδια
2330 812 2453 853 cum
2472 797 2924 851 dodecatemoriis
2943 799 3359 867 cognominibus

1792 889 2096 957 promiscue
2153 888 2419 959 capientis
2477 889 2568 942 alii
2625 889 2879 943 similiter
2945 901 3357 958 expresserunt.

1795 978 1994 1034 Scribit
2027 980 2173 1035 enim
2198 981 2349 1034 Arati
2379 980 2702 1036 scholiastcs
2728 979 2796 1033 ad
2827 981 2916 1034 illa
2951 981 3110 1047 verba
3142 1021 3156 1045 ,

1793 1091 1970 1157 Κρατὶ
1996 1090 2064 1142 δὲ
2087 1093 2140 1143 οἱ
2155 1092 2390 1159 Δι’δυμοι
2410 1108 2424 1122 ο
2447 1091 2654 1159 μέσρνῃ
2680 1090 2732 1142 δ’
2755 1091 2874 1144 ὑπὸ
2891 1091 3186 1158 Καρκίνος
3205 1089 3361 1143 ἐστί’.

1792 1160 1987 1214 Ποσσὶ
2015 1160 2065 1212 δ’
2081 1161 2182 1214 ὑπ’
2206 1159 2588 1229 ἀμφοτέροισι
2609 1161 2773 1214 Λέων
2794 1163 2909 1214 ὑπὸ
2934 1161 3088 1213 καλὰ
3109 1176 3356 1228 φαεινει·

1793 1274 1848 1328 in
1869 1274 2067 1343 quibus
2098 1272 2251 1328 Ursa:
2279 1273 2470 1344 majori
2503 1274 2730 1329 subesse
2761 1274 2894 1328 dicit
2920 1275 3176 1329 Geminos
3213 1274 3359 1328 illius

1795 1363 1955 1433 capiti
1987 1363 2395 1432 respondentes,
2425 1364 2599 1418 ventri
2629 1363 2899 1417 Cancrum
2925 1403 2939 1427 ,
2971 1363 3196 1434 pedibus
3225 1362 3361 1418 Leo-

1797 1469 1938 1508 nem.
1968 1454 2048 1508 Ad
2093 1455 2204 1509 lucc
2239 1454 2483 1509 scholion
2515 1455 2768 1508 observat
2811 1455 3076 1524 quosdam
3135 1456 3358 1507 Aratum

1798 1544 2212 1614 reprehendere,
2232 1545 2376 1614 quod
2409 1543 2581 1608 Urste,
2615 1560 2735 1614 quae
2761 1546 2961 1614 gradus
2987 1562 3092 1598 non
3128 1545 3360 1614 amplius

1799 1635 2020 1704 triginta
2053 1635 2366 1704 porrigitur,
2399 1635 2652 1689 subtendi
2684 1635 2977 1703 nonaginta
3007 1637 3231 1703 gradus,
3258 1640 3361 1687 hoc

1799 1735 1884 1779 est
1913 1725 2013 1780 tria
2054 1725 2488 1780 dodecatemoria
2519 1726 2784 1795 signiﬁcet
2821 1745 2833 1780 :
2874 1743 3035 1796 quam
3091 1727 3157 1779 ad
3210 1727 3363 1794 obje-

1797 1817 2033 1870 ctionem
2068 1832 2330 1886 nugarum
2357 1818 2542 1872 nescio
2566 1817 2694 1886 quid
2719 1818 3008 1886 expromit.
3038 1815 3182 1870 Nihil
3215 1817 3361 1870 enim

129 1908 415 1961 zodiacum
465 1906 518 1959 in
563 1905 847 1960 duodecim
903 1914 1080 1974 partes
1131 1908 1403 1976 atquales,
1453 1906 1698 1975 singulas
1796 1903 1946 1966 dicit,
1975 1903 2119 1972 quod
2161 1903 2425 1958 indictum
2455 1920 2563 1958 non
2602 1905 2797 1958 melius
2831 1905 2922 1958 sit.
2965 1903 3071 1959 Sed
3102 1904 3363 1958 nimirum

128 2013 314 2051 earum
357 1998 412 2050 in
449 1996 667 2066 triginta
720 1995 1029 2061 distribuit,
1074 2012 1302 2068 eamque
1352 1997 1697 2067 partitionem

129 2092 193 2144 ab
221 2090 398 2144 initiis
422 2090 702 2159 signorum
730 2087 1028 2156 procedere
1048 2096 1158 2143 tam
1189 2106 1254 2144 ex
1287 2104 1408 2150 sua,
1439 2104 1601 2158 quam
1633 2104 1699 2143 ex

127 2189 372 2235 veterum
429 2177 696 2234 sententia
752 2178 1012 2233 declarat.
1070 2179 1232 2249 Atqui
1270 2180 1316 2234 si
1361 2181 1414 2233 in
1461 2180 1702 2249 aequino-

127 2273 275 2326 ctiali
306 2271 429 2325 solo
458 2271 825 2339 longitudines
853 2269 1153 2323 observata:
1184 2269 1435 2333 fuissent,
1467 2285 1574 2324 non
1614 2285 1702 2324 es.

126 2373 209 2418 set
250 2364 303 2417 in
341 2371 528 2432 partes
564 2361 800 2431 aequales
832 2368 1014 2415 sectus
1057 2361 1345 2426 zodiacus;
1382 2377 1558 2430 neque
1586 2362 1703 2415 sin-

127 2455 250 2521 gula
273 2452 713 2506 dodecatemoria
746 2451 973 2505 tricenis
989 2458 1305 2504 constarent
1340 2451 1606 2520 partibus.

199 2545 320 2611 Quo
348 2544 514 2598 etiam
547 2553 867 2613 argumento
912 2542 978 2598 de
1018 2541 1222 2596 Eudoxi
1255 2545 1525 2598 sententia
1569 2558 1704 2597 con-

125 2640 397 2706 jecturam
421 2650 616 2704 capere
662 2643 844 2704 posset
877 2635 1076 2703 aliquis
1102 2673 1118 2695 ,
1169 2633 1458 2687 duodecim
1510 2635 1580 2689 ab
1608 2622 1704 2688 illo

125 2729 285 2799 signa
317 2726 374 2779 in
413 2724 656 2785 zodiaco,
692 2733 750 2777 ut
775 2725 841 2778 de
875 2724 1241 2793 aequinoctiali
1274 2733 1504 2783 taceam.
1529 2724 1702 2778 collo-

129 2827 250 2872 cata
315 2816 717 2884 distributoque
774 2830 915 2869 esse.
976 2813 1182 2868 Etenim
1231 2812 1573 2884 Hipparchus
1636 2816 1704 2868 li-

129 2911 230 2966 bro
262 2909 303 2970 l,
339 2922 495 2961 num.
528 2905 642 2969 XII,
674 2915 999 2975 postremam
1051 2905 1238 2960 cauda:
1291 2907 1518 2962 minoris
1553 2906 1706 2962 Ursa:

129 3003 206 3054 ait
235 3002 291 3056 in
319 2998 562 3053 Piscium
591 3006 780 3051 octava
828 2995 1034 3050 decima
1089 3005 1238 3066 parte
1281 2998 1511 3066 positam
1552 3012 1702 3051 eSSe.

1798 1994 1900 2048 hoc
1934 1994 2064 2048 illud
2095 2006 2198 2059 est,
2226 1995 2370 2064 quod
2411 1997 2618 2061 monui,
2651 2005 2874 2066 putasse
2899 1997 2991 2066 qui
3023 1997 3102 2051 sic
3136 1996 3363 2066 objicie-

1799 2085 1928 2139 bant
1964 2087 2188 2140 Aratum
2233 2088 2612 2151 Geminorum,
2668 2089 2865 2143 Cancri
2892 2101 2946 2144 et
2978 2090 3174 2144 Leonis
3206 2105 3364 2143 voca-

1800 2175 1942 2230 bulis
1977 2177 2308 2232 intellexisse
2339 2177 2801 2240 dodecatemoria,
2837 2194 2961 2232 cum
3014 2181 3082 2233 de
3138 2180 3366 2233 stellatis

1802 2267 1989 2334 ﬁguris
2031 2268 2304 2336 loquatur.
2341 2267 2476 2320 Nam
2511 2269 2614 2321 hoc
2645 2270 2946 2338 posteriore
2984 2285 3146 2324 sensu
3181 2287 3365 2324 verum

1799 2368 1884 2413 est
1916 2361 2059 2428 quod
2105 2360 2306 2414 Aratus
2358 2361 2583 2421 docuit.
2639 2361 2718 2414 uti
2753 2372 2939 2416 contra
2997 2361 3364 2431 Hipparchum

1802 2451 2159 2505 ostendimus.
2218 2450 2352 2515 Quis
2417 2468 2524 2506 non
2592 2454 2819 2506 miretur
2875 2452 3012 2506 adeo
3064 2455 3365 2508 obcaecatos

1804 2539 1975 2596 fuisse
1999 2543 2211 2612 prisms
2235 2542 2356 2596 illos
2378 2551 2429 2596 et
2448 2544 2686 2612 insignes
2705 2553 3068 2606 astronomos,
3098 2555 3148 2598 et
3176 2560 3364 2599 eorum

1803 2633 2097 2702 principem
2129 2631 2517 2702 Hipparchum,
2551 2642 2608 2687 ut
2662 2635 2766 2688 ista
2802 2653 2907 2689 non
2944 2638 3226 2691 viderint?
3261 2637 3366 2692 Sed

1803 2726 2006 2779 erroris
2035 2739 2222 2778 ansam
2251 2741 2316 2779 ex
2356 2740 2421 2779 eo
2449 2734 2732 2795 ceperunt,
2767 2728 2908 2795 quod
2946 2729 3188 2798 ipsorum
3231 2736 3369 2782 tem-

1806 2831 1936 2886 pore
1963 2817 2188 2871 stellatze
2237 2817 2517 2886 signorum
2565 2817 2766 2887 elIigies
2824 2819 3066 2888 ejusdem
3131 2821 3370 2877 nominis

1805 2905 2241 2960 dodecatemoria
2286 2907 2559 2962 tenebant.
2603 2909 2728 2964 ideo
2763 2910 2971 2964 lubrica
2997 2917 3128 2963 tunc
3150 2918 3290 2973 erat,
3316 2919 3372 2964 ct

1807 3007 2112 3068 opportuna
2145 2997 2320 3052 fraudi
2356 3006 2540 3052 mutua
2572 3001 2960 3055 vocabulorum
3008 3003 3322 3058 communio
3352 3021 3365 3056 :

127 3093 200 3145 At
239 3090 546 3147 secundum
583 3089 884 3142 institutam
916 3088 984 3142 ab
1016 3087 1240 3141 Eudoxo
1273 3087 1592 3143 divisionem
1618 3103 1707 3142 zo-
1735 3118 1777 3176 C
1809 3091 1953 3160 quod
1988 3090 2149 3146 hodie
2183 3091 2364 3146 minus
2404 3091 2622 3155 ai-cidit,
2651 3102 2870 3162 propter
2911 3095 3135 3162 sphaera:
3166 3102 3372 3148 octavae

130 3185 294 3246 diaci,
327 3183 385 3235 in
415 3181 578 3235 tertio
609 3179 778 3250 gradu
809 3179 1007 3232 Arietis
1032 3198 1043 3232 :
1064 3179 1151 3242 Ὠς
1173 3179 1228 3231 δὲ
1262 3179 1486 3244 Εὔδοξος
1509 3181 1705 3252 διαιρεῖ

129 3275 220 3328 τὸν
259 3273 529 3339 ζωδιακὸν
556 3271 770 3335 κύκλον,
798 3269 938 3322 κατὰ
952 3269 1047 3341 τὴν
1076 3278 1122 3338 γ’
1156 3272 1266 3340 μοί.
1287 3271 1378 3324 τοῦ
1408 3275 1452 3323 Κ
1462 3272 1598 3342 ριοῦ.
1630 3273 1704 3326 Ita

130 3366 276 3422 enim
308 3361 692 3433 castigandum
723 3378 844 3416 esse
873 3362 1050 3415 locum
1095 3363 1258 3416 istum
1305 3363 1483 3432 capite
1534 3363 1571 3414 ν
1619 3380 1709 3419 se~

131 3455 321 3526 quenti
390 3451 878 3508 de'monstrabitur.
937 3449 1137 3506 Verum
1197 3451 1241 3505 si
1301 3453 1367 3506 ad
1422 3454 1704 3508 zodiacum

123 3562 255 3600 eum
283 3585 298 3608 ,
335 3544 429 3614 qui
464 3543 682 3614 preprie
711 3549 968 3603 vocatur,
993 3541 1234 3594 calculus
1269 3541 1369 3595 iste
1399 3541 1665 3596 referatur
1688 3583 1704 3606 ,

134 3651 243 3690 non
267 3643 477 3690 octavo
512 3632 722 3686 decimo
750 3631 920 3700 gradu
940 3629 1198 3694 Piscium,
1234 3631 1329 3685 sed
1362 3629 1529 3684 Tauri
1560 3631 1705 3686 vice-

133 3729 278 3782 simo
317 3739 469 3780 nono
499 3723 653 3776 stella
685 3721 789 3777 ista
820 3722 1161 3784 versabatur,
1198 3728 1258 3773 ut
1305 3736 1472 3790 supra
1519 3721 1710 3775 docui-

136 3834 276 3873 mus.
333 3815 576 3871 Necesse
627 3820 713 3866 est
772 3827 901 3881 ergo
954 3811 1237 3866 zodiacum
1285 3812 1554 3867 circulum
1610 3827 1708 3881 pro

130 3904 508 3980 aequinoctiali
543 3903 612 3957 ab
641 3901 947 3972 Hipparcho
997 3903 1204 3972 accipi;
1247 3919 1372 3957 nam
1426 3905 1491 3960 ad
1540 3907 1707 3974 aequi-

133 4001 431 4056 noctialem
460 4037 476 4060 ,
530 3995 913 4065 parallelumve
942 3995 1309 4064 ati'jtiinoctiali
1345 3997 1610 4051 circulum
1643 3998 1711 4052 si-

121 4102 222 4146 .tus
251 4091 345 4144 ille
383 4087 556 4143 stellae
585 4085 854 4156 congruit.
889 4085 1158 4151 Quocirca
1210 4088 1383 4142 mirus
1417 4090 1519 4144 iste
1554 4090 1710 4145 locus

129 4192 217 4240 est
271 4178 594 4250 Hipparcni,
643 4177 907 4247 siquidem
965 4177 1396 4246 aequinoctialem
1437 4194 1562 4233 cum
1617 4196 1711 4233 zo-

133 4273 296 4326 diaco
370 4269 680 4339 promiscue
732 4282 1026 4336 usurpasse
1095 4275 1364 4322 monstrat
1429 4269 1706 4338 antiquos.

133 4363 356 4417 Etenim
386 4367 508 4414 uter
538 4375 569 4414 e
600 4358 814 4412 duobus
844 4359 965 4414 istis
997 4357 1220 4413 circulis
1251 4359 1304 4411 in
1328 4370 1508 4428 partes
1527 4377 1710 4431 aequa-

1807 3190 1864 3237 et
1899 3184 2304 3238 asterismorum
2339 3183 2393 3237 in
2429 3198 2491 3236 ea
2523 3186 2846 3255 προήγησιν.
2886 3186 3001 3250 Qua
3035 3185 3232 3240 factum
3264 3198 3368 3252 est,

1807 3282 1866 3328 ut
1893 3275 2149 3346 pleraque
2199 3274 2364 3339 ζώδια
2418 3284 2571 3330 extra
2617 3290 2716 3331 sua
2750 3275 3186 3332 dodecatemoria
3241 3293 3372 3333 con-

1807 3363 2024 3420 sistant.

2411 3479 2638 3535 CAPUT
2678 3479 2768 3534 Ill.

1810 3567 2022 3622 Eudoxi
2048 3572 2323 3642 sententia,
2358 3585 2540 3642 contra
2577 3582 2731 3642 atque
2765 3571 3098 3640 Hipparchus
3141 3575 3369 3642 putavit,

1877 3641 2134 3707 exposita.
2173 3641 2423 3708 Ejusdem
2451 3641 2736 3710 Hipparchi
2768 3660 2917 3697 error
2947 3641 3373 3698 dodecatemoria

1880 3713 2330 3834 exni‘asterismis
2380 3712 2768 3781 confundentis.
2815 3715 3012 3768 Aratus
3061 3724 3110 3768 et
3160 3713 3373 3770 Servius

1880 3796 1898 3832 t
1945 3797 2006 3834 ut
2035 3791 2162 3834 ratt.

1880 3791 2162 3836 turture“.

1882 3895 2226 3968 Hipparchus
2254 3897 2409 3953 initio
2441 3897 2564 3953 libri
2595 3897 2640 3952 ll
2674 3905 2868 3952 auctor
2901 3905 3008 3962 est,
3037 3898 3377 3969 antiquiores

1813 3989 2251 4054 mathematicos,
2293 3996 2388 4042 aut
2417 4003 2607 4043 omnes
2651 3995 2744 4040 aut
2797 3988 3101 4056 plerosque,
3128 3988 3376 4044 cardines

1811 4081 2006 4134 solaris
2064 4079 2332 4134 circuitus
2400 4077 2608 4132 zodiaci
2667 4077 2948 4144 signorum
3013 4077 3184 4132 initiis
3230 4081 3379 4132 attri-

1812 4168 2039 4224 buisse:
2075 4169 2238 4239 idque
2265 4169 2492 4221 Aratum
2521 4167 2574 4220 in
2611 4181 2776 4236 opere
2805 4182 2904 4221 suo
2947 4175 3216 4222 secutum.
3268 4168 3378 4221 Καὶ

1812 4262 1918 4315 ὑπὸ
1954 4261 2063 4314 τῶν
2087 4259 2328 4331 ἀρχαίων
2365 4258 2422 4312 δὲ
2465 4257 2858 4328 μαθηματικῶν
2904 4259 3121 4312 πάντων
3170 4258 3375 4328 σχεδὸν.

1811 4351 1847 4422 ἢ
1897 4350 2006 4403 τῶν
2052 4348 2348 4412 πλείστων,
2409 4347 2596 4399 τοῦτον
2639 4346 2730 4399 τὸν
2783 4346 2981 4414 τρόπον
3040 4349 3068 4398 ὁ
3118 4345 3377 4410 ζωδιακὸς

133 4454 215 4508 les
243 4451 548 4512 dividatur,
582 4449 810 4503 alterum
834 4457 1049 4516 oportet
1081 4449 1422 4516 inaequaliter
1441 4465 1564 4504 esse
1588 4467 1699 4518 par-

1813 4441 2008 4504 κύκλος
2036 4440 2276 4511 διῄρητο.
2312 4458 2329 4489 ι
2356 4440 2534 4508 Atque
2569 4439 2669 4492 hac
2703 4440 2914 4493 ratione
2951 4439 3232 4494 zodiacum
3265 4442 3375 4494 cir-

134 4544 323 4596 titum.
363 4540 502 4595 Cum
532 4553 662 4609 ergo
697 4540 1132 4592 demonstratum
1183 4539 1255 4594 sit
1290 4539 1359 4594 ab
1405 4539 1712 4610 Hipparcho

135 4634 193 4686 in
252 4632 348 4685 illa
401 4637 596 4682 contra
647 4627 930 4682 Eudoxum
981 4627 1384 4696 disputatione,
1443 4629 1712 4683 circulum

133 4721 576 4794 Z’QBillOClialelll
607 4719 661 4772 in
692 4735 768 4773 xn
807 4719 962 4790 signa
1012 4719 1306 4782 distribui,
1359 4720 1424 4773 ad
1481 4736 1715 4791 eumque

134 4815 429 4872 stellarum
460 4809 649 4864 referri
699 4808 1096 4878 longitudines.
1150 4809 1436 4878 inaequalia
1470 4825 1592 4864 esse
1622 4825 1716 4864 zo-

135 4907 283 4960 diaci
310 4911 594 4974 segmenta
623 4915 845 4956 necesse
865 4908 983 4966 est;
1015 4915 1134 4969 qua:
1167 4901 1386 4970 preprie
1411 4900 1578 4964 ζῴδια
1612 4918 1714 4955 no-

135 4998 446 5048 minantur.
495 4988 689 5044 Verum
713 4998 821 5042 tam
851 4989 1246 5058 aequinoctialis
1277 4988 1715 5044 dodecatemoria

134 5087 309 5151 ζώδια
349 5089 620 5138 vocantur
659 5081 713 5135 in
738 5082 888 5135 calce
913 5081 1036 5134 libri
1067 5080 1224 5150 primi
1257 5081 1327 5134 ab
1359 5079 1670 5150 Hipparcho
1696 5119 1712 5142 ,

135 5175 585 5249 quamcirculus
621 5172 760 5228 idem
810 5171 900 5226 ille
946 5171 1226 5226 zodiacus.
1271 5169 1639 5226 Nihilominus
1666 5181 1720 5225 et

136 5271 207 5332 is,
248 5283 411 5340 quem
433 5265 652 5336 proprie
672 5263 954 5318 zodiacum
976 5263 1334 5333 appellamus,
1363 5261 1566 5332 quique
1588 5264 1720 5318 stel-

135 5363 249 5416 lata
281 5361 440 5430 signa
465 5357 721 5417 sustinet.
747 5353 1028 5424 mqualiter
1058 5353 1113 5406 in
1161 5351 1453 5432 duodecim
1511 5352 1676 5416 ζώδια
1701 5391 1716 5416 ,

133 5462 439 5522 partesque
471 5462 640 5503 cccu
685 5446 752 5500 ab
810 5444 996 5500 eodem
1030 5442 1344 5514 Hipparcho
1372 5445 1513 5498 libro
1569 5444 1611 5498 ll
1666 5453 1720 5500 et

135 5543 206 5598 lll
239 5541 526 5597 tribuitur.
561 5535 718 5592 Unde
749 5551 935 5591 verum
977 5544 1062 5591 est
1085 5576 1099 5598 ,
1145 5536 1290 5604 quod
1326 5551 1491 5605 supra
1522 5535 1718 5612 docui-

137 5649 287 5700 mus,
317 5630 526 5702 duplici
562 5628 772 5682 ratione
807 5641 870 5680 ac
915 5625 1131 5680 duobus
1174 5625 1228 5678 in
1278 5625 1500 5679 circulis
1531 5626 1720 5694 signo—

112 5743 278 5792 ,rum.
302 5724 656 5797 partitionem
702 5720 770 5774 ab
798 5718 1040 5790 antiquis
1071 5716 1374 5772 artiﬁcibus
1407 5717 1718 5774 institutam

1814 4533 1998 4586 culum
2033 4530 2398 4586 mathematici
2440 4529 2827 4599 propemodum
2876 4544 3064 4584 omnes
3126 4537 3220 4584 aut
3267 4531 3381 4600 ple-

1815 4623 1971 4692 rique
2005 4623 2187 4692 partiti
2215 4631 2362 4676 sunt.
2404 4640 2422 4673 ›
2455 4621 2686 4675 Constat
2709 4629 2890 4674 tamen
2920 4620 3192 4675 interdum
3226 4622 3375 4685 alibi,

1814 4730 1976 4784 quam
2011 4715 2063 4768 in
2097 4715 2374 4784 signorum
2427 4713 2730 4782 principiis,
2757 4713 3084 4783 aequinoctia
3117 4722 3171 4767 et
3195 4713 3382 4767 solsti-

1816 4806 1892 4860 tia
1925 4806 2179 4860 collocari
2215 4805 2488 4875 quondam
2527 4804 2685 4859 solita
2725 4803 2928 4869 fuisse,
2960 4819 3136 4872 neque
3167 4804 3218 4856 id
3249 4819 3379 4857 con-

1817 4905 2045 4952 stanter.
2078 4895 2212 4950 Nam
2247 4897 2339 4950 alii
2383 4897 2436 4949 in
2472 4895 2736 4965 principia
2771 4895 2864 4965 (ait
2897 4894 3138 4949 Achilles
3190 4893 3383 4949 Tatius

1817 5003 1939 5058 cap.
1973 4985 2185 5056 XXIV),
2213 4988 2305 5041 alii
2336 4987 2390 5042 in
2423 4996 2644 5042 octavas
2676 4994 2878 5056 partes,
2908 4987 2999 5040 alii
3037 4986 3092 5041 in
3123 4985 3384 5042 duodeci-

1819 5095 1958 5143 mas,
1986 5079 2074 5132 alii
2101 5079 2154 5132 in
2180 5079 2402 5149 quintas
2439 5078 2682 5133 decimas
2707 5118 2722 5143 ,
2764 5077 2867 5138 hoc
2896 5085 2980 5134 est
3013 5079 3191 5134 media
3224 5079 3280 5135 in
3309 5081 3388 5136 si-

1817 5186 1925 5240 gna
1954 5169 2330 5225 conferebant.

1891 5261 2173 5316 Eudoxum
2208 5261 2651 5316 mathematicum
2683 5261 2974 5331 insignem,
3014 5261 3108 5333 qui
3154 5259 3386 5316 Metonis

1818 5360 1976 5407 aetate
2009 5351 2179 5414 vixit,
2223 5352 2478 5406 cardines
2523 5351 2672 5421 ipsos
2724 5352 2779 5405 in
2823 5351 3016 5407 mediis
3070 5353 3241 5424 signis
3295 5367 3387 5422 po-

1822 5443 2002 5498 suisse
2055 5453 2311 5499 accurate
2355 5444 2550 5510 probat
2601 5442 2943 5514 Hipparchus
2988 5444 3084 5499 lib.
3145 5443 3190 5497 ιι
3235 5445 3384 5513 (pag.

1819 5534 1970 5610 μεθ),
1999 5533 2176 5589 allatis
2203 5533 2490 5602 ipsiusmet
2537 5531 2744 5585 Eudoxi
2774 5533 2956 5588 verbis
2983 5551 2997 5586 :
3026 5548 3146 5602 quae
3180 5532 3230 5587 si
3260 5535 3388 5600 quis

1822 5626 2126 5697 expendere
2172 5626 2460 5680 nobiscum
2491 5625 2656 5690 velit,
2697 5623 2840 5678 haud
2881 5623 3041 5677 lacile
3078 5622 3388 5704 Hipparcho

1824 5718 1890 5776 de
1919 5716 2124 5774 Eudoxi
2148 5717 2401 5788 opinione
2435 5716 2527 5795 illa
2562 5715 2887 5774 consentiet.
2915 5713 3048 5770 Nam
3074 5714 3230 5776 longe
3259 5706 3386 5790 alia.
