3808 6322
433 335 570 392 1537

1455 335 1547 389 AD
1583 328 1846 390 EUSEBII
1879 329 2270 408 CHBONICON
2299 325 2660 388 APPENDIX.

3545 329 3670 384 I548

432 467 597 524 quam
631 451 1218 525 putavitllipparchus,
1247 452 1616 524 mihiquidem
1641 453 1696 506 in
1726 452 1834 507 illis
1863 453 1996 508 locis
2027 460 2071 515 Α
2103 468 2123 502 ‹
2165 449 2303 504 Sunt
2341 458 2517 506 autem
2560 453 2611 504 in
2654 452 2772 520 ipso
2808 448 2985 504 media
3020 450 3349 519 Capricorni
3381 490 3395 510 ,
3429 457 3483 504 et
3517 449 3670 519 pedes

434 546 573 600 velle
594 543 856 601 Eudoxus
882 546 1115 603 videtur.

505 635 680 692 Verba
713 633 974 692 Eudoxi:
1007 637 1268 710 Δεύτερος
1317 633 1374 691 δέ
1435 639 1550 691 ἐστι
1584 635 1813 698 κύκλος,
1854 637 1913 688 έν
1956 626 2002 702 ᾧ

436 725 645 799 θεριναὶ
701 727 899 799 τροπαὶ⁵
956 727 1212 797 γίνονται.
1265 729 1418 781 Ἔστι
1474 728 1532 781 δὲ
1592 730 1650 781 ὲν
1705 719 1879 797 τούτῳ
1935 727 2002 780 τὰ

439 818 580 890 μέσα
602 817 696 871 τοῦ
727 819 1022 890 Καρκίνου.
1062 838 1081 870 ι
1121 818 1406 874 Secundus
1438 834 1570 874 vero
1605 820 1848 874 circulus
1875 826 1999 880 est,

436 909 490 964 in
519 926 626 979 quo
650 917 736 964 est
769 912 1062 964 solstitium
1093 912 1362 964 aestivum.
1416 909 1473 963 In
1514 925 1582 965 eo
1613 925 1777 980 porro
1802 908 2000 964 Cancni

435 999 609 1053 media
638 1007 785 1054 sunt.
827 1019 845 1052 ι
887 1001 1043 1064 Item,
1069 1001 1262 1072 Τρίτος
1291 1000 1348 1053 δέ
1379 1001 1494 1053 ἐστι
1526 1000 1747 1064 κύκλος,
1779 1002 1835 1052 ὲν
1865 993 1909 1067 ᾧ
1945 999 2002 1051 al

436 1087 715 1159 ἰσημερίαι
748 1089 1007 1156 γίνονται.
1049 1089 1203 1141 Ἔστι
1263 1088 1320 1140 δὲ
1369 1090 1427 1140 ὲν
1476 1088 1650 1158 τούτῳ
1688 1087 1757 1140 τά
1805 1103 1863 1139 τε
1909 1084 2002 1138 τοῦ

433 1177 606 1249 Κριοῦ
635 1179 776 1250 μέσα
795 1181 888 1232 καὶ
912 1179 979 1231 τὰ
1005 1179 1115 1232 τῶν
1147 1179 1359 1250 Χηλῶν.
1391 1179 1660 1250 Τέταρτος
1686 1178 1763 1240 δὲ,
1792 1179 1850 1230 ὲν
1871 1171 1915 1245 ᾧ
1947 1179 2002 1230 αἱ

433 1272 737 1343 χειμεριναὶ
778 1273 978 1343 τροπαὶ
1023 1271 1282 1340 γίνονται.
1328 1273 1484 1324 Ἔστι
1529 1270 1586 1323 δὲ
1627 1273 1684 1324 ὲν
1718 1267 1892 1340 τούτῳ
1934 1271 2005 1324 τὰ

436 1359 578 1430 μέσα
607 1360 701 1414 τοῦ
737 1361 1037 1433 Αἰγόκερω.
1106 1381 1122 1410 ι
1161 1361 1379 1416 Tertius
1402 1377 1530 1417 vero
1561 1362 1802 1416 circulus
1821 1369 1925 1423 est,
1949 1363 2003 1415 in

433 1467 544 1521 quo
586 1452 723 1506 ﬁunt
784 1453 1148 1522 aequinoctia;
1196 1453 1252 1506 in
1303 1468 1370 1508 eo
1416 1454 1591 1508 media
1638 1461 1765 1508 sunt
1803 1450 2004 1507 Arietis

432 1551 487 1599 et
514 1542 825 1599 Cltelarum.
858 1543 1100 1609 Quartus
1128 1550 1330 1609 autem,
1363 1543 1416 1596 in
1447 1559 1556 1613 quo
1591 1542 1888 1599 solstitium
1919 1549 2004 1596 est

434 1633 744 1692 hibernum.
773 1634 832 1690 In
863 1651 928 1691 eo
955 1650 1082 1690 vero
1105 1642 1234 1689 sunt
1261 1634 1437 1688 media
1465 1633 1778 1704 Capriconi.
1819 1653 1838 1685 ι
1867 1632 2005 1686 Rur-

433 1741 530 1781 sus
550 1727 785 1798 idipsum
814 1736 869 1782 et
906 1728 1014 1781 alio
1047 1726 1255 1780 Eudoxi
1296 1725 1610 1780 testimonio
1634 1723 2001 1780 demonstrari

433 1820 510 1874 ait
534 1795 816 1889 apertius;
853 1821 908 1875 in
961 1835 1072 1890 quo
1124 1819 1192 1874 de
1235 1817 1454 1874 Coluris
1502 1833 1706 1887 agens,
1770 1817 2000 1870 alterum
2034 1795 2076 1852 Β

435 1910 628 1963 scribit
661 1910 948 1964 continere
973 1909 1036 1962 τὸ
1068 1910 1230 1979 μέσον
1256 1906 1349 1960 τοῦ
1384 1905 1678 1976 Καρκίνου,
1714 1923 1734 1955 ι
1765 1904 2000 1959 medium

433 1999 654 2060 Cancri,
679 2008 734 2054 et
756 2000 816 2052 τὸ
849 2000 1011 2070 μέσον
1043 1999 1138 2052 τοῦ
1195 1998 1507 2068 Αἱγόκερω,
1545 2016 1561 2048 ι
1620 1995 1853 2050 medium
1900 1994 2004 2050 Ca-

435 2090 710 2161 pricorni,
739 2109 758 2142 ο
791 2091 1022 2145 alterum
1054 2104 1204 2153 vero,
1238 2087 1527 2142 Chelarum
1559 2093 1616 2142 et
1640 2087 1841 2142 Arietis
1901 2102 2006 2140 me-

433 2181 544 2236 dia.
577 2180 703 2236 Haac
726 2182 884 2236 unica
910 2187 1036 2236 sunt
1075 2181 1143 2236 de
1194 2179 1418 2233 Eudoxo
1442 2177 1794 2248 Ilipparchete
1823 2177 2005 2247 suspi-

433 2274 608 2328 cionis
637 2279 954 2342 argumenta
985 2311 1001 2336 ,
1065 2287 1186 2342 qua:
1229 2287 1336 2325 non
1375 2270 1531 2325 valde
1587 2268 1719 2322 mihi
1777 2284 2004 2338 persua-

431 2363 594 2428 dent;
632 2363 743 2418 imo
769 2362 1108 2419 contrarium
1160 2361 1344 2432 potius
1372 2360 1440 2414 iis
1460 2375 1526 2414 ex
1555 2359 1716 2423 locis,
1749 2367 1912 2429 atque
1937 2374 2003 2412 ex

429 2452 664 2526 Ipsnmet
691 2455 1000 2526 Hipparcho
1034 2454 1268 2525 probare
1295 2466 1455 2523 posse
1486 2452 1697 2507 videor.

503 2544 593 2600 Sic
618 2546 780 2616 igitur
811 2547 1066 2600 existimo
1095 2564 1109 2600 :
1145 2560 1256 2599 non
1287 2543 1355 2599 de
1381 2543 1555 2613 signis
1582 2541 1738 2612 ipsis,
1767 2541 1882 2596 sive
1904 2540 2001 2596 do-

430 2635 812 2694 decatemoriis
860 2639 915 2692 in
971 2638 1231 2704 zodiaca,
1284 2637 1368 2692 vel
1415 2637 1786 2708 mquinortiali
1838 2637 2002 2706 primi

429 2729 558 2784 caeli
587 2728 879 2800 descriptis
908 2729 1019 2783 illic
1048 2727 1330 2783 Eudoxum
1355 2743 1548 2797 agere;
1590 2727 1689 2782 sed
1719 2726 1786 2781 de
1819 2728 2002 2782 stella-

428 2821 502 2876 tis
531 2821 856 2892 imaginibus
899 2829 953 2875 et
977 2820 1282 2876 asterismis
1307 2838 1320 2874 :
1351 2834 1488 2891 quos
1512 2819 1728 2874 tametsi
1751 2819 1804 2872 in
1824 2819 2001 2890 primo

429 2912 616 2968 mobili
661 2919 795 2968 astas
841 2911 1048 2968 Eudoxi
1076 2912 1404 2966 collocavit:
1449 2910 1595 2982 quod
1649 2920 1763 2964 tum
1817 2911 2000 2965 nullus

430 3002 724 3073 peculiaris
755 3001 1004 3057 stelliferi
1037 3001 1163 3055 caeli
1190 3001 1342 3056 orbis
1376 3009 1558 3056 motus
1592 3001 1661 3055 ab
1695 3000 1999 3055 artiﬁcibus

429 3101 651 3146 tmtatus
699 3101 876 3159 esset;
913 3101 973 3146 ut
1019 3107 1050 3145 a
1081 3106 1338 3162 supremo
1367 3091 1500 3145 orbe
1530 3090 1794 3161 distingui
1823 3105 1998 3144 mere-

429 3190 610 3247 retur,
641 3191 701 3238 ut
728 3199 793 3238 ex
825 3182 1117 3238 Aristotele
1137 3192 1354 3238 constat
1385 3183 1481 3237 lib.
1511 3180 1554 3235 II
1587 3181 1666 3236 De
1697 3181 1847 3244 caelo,
1876 3195 1998 3251 cap.

429 3271 544 3331 XII.
577 3272 780 3330 Tamen
803 3290 929 3330 cum
959 3275 1206 3345 ejusdem
1239 3274 1429 3345 prima:
1457 3274 1683 3345 sphzerae
1714 3274 2003 3329 dodecateo

430 3366 620 3420 moriis
668 3365 891 3419 minime
941 3365 1092 3435 paria
1121 3364 1300 3420 facere
1337 3363 1735 3430 credebantur,
1767 3363 1863 3418 sed
1891 3363 2006 3417 dis-

430 3459 600 3512 tincta
655 3465 814 3512 erant
861 3456 1094 3512 invicem
1121 3497 1138 3521 ,
1187 3465 1245 3510 ut
1280 3456 1420 3511 alius
1457 3463 1605 3511 esset
1658 3455 1856 3520 Aries,
1899 3455 2002 3509 boc

427 3557 514 3606 cst
535 3549 714 3619 imago
744 3550 888 3620 picta
919 3549 1096 3604 stellis
1162 3547 1400 3612 Arietis;
1438 3546 1586 3602 aliud
1617 3547 1856 3619 signum,
1889 3546 2004 3601 sive

429 3649 770 3716 segmentum
801 3641 1046 3706 Arietis;
1079 3651 1174 3694 aut
1220 3639 1551 3695 duodecima
1587 3655 1737 3710 pars,
1770 3656 1880 3694 non
1911 3655 2004 3695 so-

431 3732 540 3787 lum
569 3730 799 3796 zodiaci,
825 3731 920 3785 sed
953 3732 1125 3784 multo
1145 3732 1317 3800 magis
1337 3731 1744 3801 aequinoctialis
1766 3732 1958 3786 circuli
1987 3749 2001 3797 ;

430 3823 486 3876 in
517 3837 627 3893 quo
651 3823 824 3892 prius,
848 3837 1009 3892 quam
1046 3822 1099 3874 in
1133 3821 1246 3887 illo,
1280 3821 1569 3876 duodecim
1595 3823 1753 3892 signa
1800 3825 2007 3878 consti-

429 3917 548 3968 tuta
573 3919 720 3967 sunt.
743 3911 861 3977 Qua
888 3912 956 3966 de
985 3926 1044 3966 re
1091 3912 1256 3982 paulo
1283 3923 1405 3981 post
1429 3921 1641 3982 agetur.
1676 3911 1854 3969 Doceo
1892 3917 2006 3984 pri-

431 4019 580 4058 mum
611 4003 893 4058 Eudoxum
927 4003 1036 4058 illis
1065 4003 1326 4058 omnibus
1365 4005 1420 4058 in
1453 4004 1590 4060 locis
1613 4045 1627 4069 ,
1675 4020 1797 4074 quae
1827 4007 2003 4060 media

429 4101 588 4150 vocat
617 4095 838 4159 Arietis,
865 4093 1085 4158 Cancri,
1115 4092 1298 4148 Librae
1329 4102 1384 4150 et
1411 4094 1767 4165 Capricorni,
1821 4098 2003 4152 stella-

432 4191 607 4242 tarum
637 4187 934 4259 imaginum
967 4195 1020 4242 et
1046 4188 1462 4244 asterismorum
1498 4185 1674 4242 media
1697 4188 2002 4244 nominare.

429 4277 545 4335 Hoc
573 4295 702 4337 vero
731 4297 839 4335 non
875 4280 1116 4345 aliunde,
1153 4296 1317 4352 quam
1378 4295 1446 4335 ex
1503 4281 1751 4352 ipsismet
1780 4279 2004 4334 Eudoxo

429 4383 482 4426 et
513 4370 825 4442 Hipparcho
865 4370 1258 4426 declarabitur.

2103 540 2364 610 Aquarii,
2397 531 2473 596 et.
2499 541 2670 595 cauda
2719 539 2871 603 Ceti,
2923 548 2976 593 et
3006 537 3181 594 Fluvii
3225 540 3426 593 ﬂexus.
3465 557 3485 590 ι
3520 539 3667 593 Addit

2101 627 2385 703 Leporem,
2411 640 2466 686 et
2497 631 2662 686 Canis
2693 630 2880 700 pedes,
2911 639 2966 686 et
2992 639 3215 690 Caetera.
3249 630 3433 684 donec
3469 643 3564 699 per
3583 628 3662 683 Sa-

2103 724 2377 794 gittarium
2421 724 2488 778 ad
2535 724 2724 778 eadem
2773 721 3089 792 Capricorni
3143 721 3327 774 media
3379 721 3668 791 perveniat.

2103 815 2394 886 Propterea
2455 815 2597 868 libro
2631 814 2820 868 eodem
2848 851 2863 878 ,
2919 827 3072 869 num.
3111 809 3281 878 XXII,
3309 827 3377 866 ac
3402 811 3667 883 deinceps.

2104 905 2448 976 Hipparchus
2500 907 2739 975 tropicos
2813 905 2954 960 duos
3003 913 3060 960 et
3123 903 3564 974 aequinoctialem
3612 921 3668 958 ex

2105 997 2316 1052 Eudoxi
2350 999 2618 1053 sententia
2673 997 2967 1060 describit,
3009 1011 3074 1051 ac
3105 997 3366 1050 caelestes
3419 995 3668 1063 imagines

2104 1096 2374 1152 recenset,
2411 1103 2509 1158 per
2545 1103 2686 1159 quas
2716 1087 2792 1141 illi
2836 1093 3140 1142 transeunt.
3195 1082 3362 1142 Velut
3408 1085 3669 1154 tropicuin

2103 1180 2353 1236 aestivum
2386 1196 2482 1250 per
2505 1178 2701 1234 Cancri
2727 1194 2791 1234 ac
2817 1175 3018 1234 Leonis
3045 1179 3225 1233 media
3258 1178 3476 1248 trajici,
3511 1178 3670 1247 equi-

2104 1272 2390 1328 noctialem
2422 1285 2517 1340 per
2545 1269 2747 1324 Arietis
2777 1269 2952 1324 media
2973 1309 2988 1332 ,
3036 1268 3445 1338 Chelarumque
3475 1277 3669 1337 partem

2103 1363 2320 1418 asserit.
2353 1360 2431 1415 Ex
2458 1361 2662 1432 quibus
2709 1362 3059 1430 perspicuum
3085 1368 3171 1414 est
3201 1357 3497 1412 Eudoxum
3541 1369 3673 1412 aste-

2103 1455 2300 1509 rismos
2355 1452 2694 1508 intellexisse
2745 1466 2809 1505 ac
2860 1449 3064 1519 ﬁguras
3100 1449 3386 1504 cmlestes.
3423 1445 3495 1503 Ut
3538 1448 3669 1502 enim

2103 1560 2227 1599 cum
2252 1544 2521 1614 tropicum
2558 1543 2808 1597 aestivum
2843 1542 2918 1595 ait
2947 1557 3046 1611 per
3069 1539 3308 1596 Leonem
3335 1540 3571 1594 medium
3596 1555 3673 1592 sed

2103 1634 2340 1690 cundum
2375 1633 2766 1705 longitudinem
2818 1634 3090 1698 transire,
3148 1647 3361 1702 perque
3403 1632 3674 1686 constella-

2105 1728 2282 1782 tiones
2302 1735 2562 1792 caeteras;
2606 1725 2844 1795 itemque
2874 1725 3142 1794 tropicum
3173 1725 3429 1778 aastivum
3454 1740 3550 1794 per
3583 1723 3672 1780 Sa-

2103 1819 2402 1889 gittarium,
2427 1815 2642 1881 Cctum,
2668 1811 2940 1878 Fluvium,
2971 1826 3074 1871 etc.
3105 1834 3118 1870 :
3157 1831 3269 1871 non
3301 1816 3674 1873 dodecatemo:

2103 1911 2182 1964 ria
2211 1910 2400 1964 circuli
2431 1910 2615 1972 ullius,
2641 1908 2735 1964 sed
2769 1908 3014 1964 stellatas
3043 1908 3247 1980 efﬁgies
3279 1908 3532 1980 designat
3557 1928 3571 1963 :
3607 1911 3670 1963 ita

2101 2016 2225 2055 cum
2262 2017 2358 2072 per
2395 2000 2697 2066 Cancrum,
2722 2001 3137 2072 Capricornum,
3169 2003 3416 2057 Arietem
3455 2009 3510 2056 et
3538 2001 3668 2058 Che‘

2102 2093 2183 2148 las
2213 2093 2433 2148 eosdem
2477 2108 2659 2148 meare
2689 2092 2928 2148 circulos
2975 2093 3111 2147 dicit
3133 2133 3147 2154 ,
3181 2109 3294 2147 non
3345 2096 3502 2164 signa
3533 2095 3660 2163 ipsa,

2103 2188 2225 2241 sive.
2247 2185 2685 2240 dodecatemoria
2710 2225 2725 2248 ,
2775 2185 2870 2240 sed
2918 2186 3242 2240 asterismos
3271 2187 3547 2257 intelligit.
3580 2185 3674 2239 Sed

2103 2292 2316 2332 omnem
2359 2275 2861 2346 tergiversationem
2924 2277 3213 2332 submovet
3253 2275 3518 2332 Eudoxus
3550 2278 3670 2346 ipse,

2101 2367 2228 2422 dum
2245 2367 2335 2421 illa
2355 2367 2470 2437 ipsa
2495 2383 2591 2438 per
2607 2383 2729 2438 qua:
2760 2369 2994 2422 transire
3024 2367 3263 2422 circulos
3281 2369 3382 2431 ait,
3400 2367 3673 2440 ἂπραιιο·

2103 2457 2292 2521 minat,
2314 2472 2436 2526 quae
2463 2457 2596 2510 nihil
2620 2456 2764 2510 aliud
2789 2471 2951 2525 quam
2974 2457 3297 2511 asterismos
3324 2464 3382 2510 et
3416 2458 3666 2527 imagines

2102 2552 2678 2624 signiﬁcant.Acbilles
2697 2552 2886 2608 Tatius
2909 2553 2961 2606 in
2987 2550 3381 2617 Plicnomenis,
3401 2567 3521 2622 cap.
3549 2551 3669 2616 XIV,

2101 2645 2297 2714 ἄστρον
2322 2645 2378 2699 δὲ
2396 2645 2458 2698 τὸ
2474 2647 2537 2698 ὲκ
2557 2645 2766 2698 πολλῶν
2787 2645 3030 2716 ἀστέρων
3065 2641 3343 2714 σύστημα,
3384 2663 3404 2697 ι
3440 2652 3664 2716 system:

2101 2737 2335 2806 plurium
2367 2737 2671 2804 stellarum,
2710 2756 2730 2789 ι
2761 2744 2968 2794 astrum
3009 2751 3131 2790 esse
3165 2737 3305 2788 vult.
3342 2734 3515 2805 quue
3539 2737 3673 2789 Arati

2101 2829 2414 2883 testimonio
2437 2829 2742 2883 continuat.
2772 2830 2841 2881 At
2863 2827 3137 2891 Eudoxus,
3163 2827 3486 2898 Hipparcho
3513 2834 3658 2890 teste,

2100 2920 2167 2973 de
2194 2919 2399 2974 coluris
2433 2921 2680 2988 loquens,
2718 2920 2873 2971 Ἔστι
2927 2919 3005 2983 δὲ,
3059 2919 3154 2983 ait,
3193 2921 3252 2974 ὲν
3275 2919 3492 2982 τούτοις
3521 2917 3676 2989 ἄστεα

2099 3011 2260 3066 τάδε·
2302 3015 2350 3065 α’
2377 3013 2406 3065 ὁ
2437 3011 2598 3074 πόλος
2637 3013 2666 3062 ὁ
2711 3010 2798 3063 ἀεὶ
2846 3009 3078 3081 φανερὸς
3127 3011 3222 3070 τοῦ
3279 3010 3492 3081 κόσμου
3519 3020 3536 3040 ⁸
3572 3004 3674 3062 εἶτα

2101 3100 2163 3157 τὸ
2202 3104 2365 3176 μέσον
2412 3103 2510 3174 τῆς
2537 3103 2772 3174 ’Ἄρκτου
2815 3101 2956 3156 κατὰ
2983 3102 3187 3166 πλάτος
3205 3120 3218 3133 ο
3240 3100 3338 3155 καὶ
3365 3101 3465 3154 τοῦ
3489 3100 3677 3171 Καρκί·

2103 3211 2196 3249 νου
2223 3193 2286 3247 τὸ
2327 3192 2512 3265 μέσον.
2549 3211 2567 3243 ι
2613 3192 2753 3245 Sunt
2781 3200 2960 3247 autem
2995 3191 3048 3245 in
3090 3193 3158 3247 iis
3189 3191 3307 3247 haec
3347 3202 3546 3247 astra:
3579 3193 3676 3263 pri-

2112 3302 2260 3341 mum
2295 3300 2509 3356 semper
2541 3299 2811 3354 apparens
2851 3285 3009 3353 polus
3050 3284 3265 3340 mundi.
3320 3283 3534 3340 Deinde
3578 3299 3678 3338 me-

2104 3377 2254 3432 dium
2292 3375 2447 3433 Ursa:
2475 3376 2530 3431 in
2572 3374 3000 3447 longitudinem;
3031 3384 3086 3430 et
3110 3376 3311 3432 Cancri
3363 3378 3621 3438 medium,
3657 3394 3675 3427 ι

2104 3483 2167 3523 ac
2187 3466 2419 3522 subinde
2439 3465 2666 3520 caudam
2703 3448 2836 3520 notii
2868 3465 3066 3529 Piscis,
3097 3477 3151 3521 et
3199 3467 3451 3522 medium
3506 3467 3673 3537 Capri-

2103 3559 2253 3614 corni
2283 3555 2491 3626 adjicit.
2522 3555 2645 3610 Haec
2669 3555 2735 3611 de
2766 3557 2956 3611 coluro
2979 3550 3391 3612 solstitiorum.
3415 3555 3494 3612 De
3523 3559 3675 3610 altera

2103 3650 2332 3720 loquens
2361 3645 2574 3709 scribit,
2611 3647 2664 3699 in
2695 3660 2762 3700 eo
2794 3645 3064 3701 contineri
3114 3646 3260 3700 inter
3305 3647 3450 3700 alios
3499 3644 3663 3698 asteri-

2105 3757 2273 3805 smos,
2312 3741 2382 3794 τὰ
2419 3738 2556 3811 μέσα
2603 3738 2712 3792 τῶν
2755 3737 2949 3810 Χηλῶν
2997 3737 3139 3792 κατὰ
3177 3737 3406 3802 πλάτος,
3455 3739 3551 3791 καὶ
3593 3730 3675 3790 τοῦ

2103 3831 2275 3904 Κριοῦ
2309 3831 2378 3886 τὰ
2399 3831 2544 3884 νῶτα
2581 3831 2724 3884 κατὰ
2749 3830 2982 3894 πλάτος·
3022 3849 3040 3881 ί
3080 3829 3256 3884 media
3290 3829 3589 3883 Chelarum
3627 3830 3673 3882 in

2107 3926 2298 3988 latum,
2328 3931 2382 3978 et
2411 3923 2614 3977 Arietis
2636 3931 2786 3993 terga
2815 3923 3002 3978 itidem
3035 3922 3087 3975 in
3120 3921 3318 3974 latum.
3362 3940 3382 3974 ι
3412 3920 3557 3988 Quid
3582 3918 3671 3974 dici

2105 4017 2309 4071 clarius
2337 4023 2546 4086 potest,
2598 4022 2659 4068 ut
2705 4023 2962 4084 appareat
2990 4011 3276 4066 Eudoxum
3300 4052 3315 4073 ,
3352 4029 3483 4068 cum
3518 4012 3672 4067 media

2103 4101 2392 4157 Chelarum
2415 4143 2429 4166 ,
2471 4100 2671 4154 Arietis
2691 4139 2706 4163 ,
2747 4115 2811 4154 ac
2841 4109 3166 4154 ceterorum
3201 4099 3469 4167 appellat,
3501 4097 3673 4166 imagi-

2105 4210 2202 4249 nes
2260 4195 2406 4264 ipsas
2461 4193 2800 4264 exprimere?
2849 4191 2980 4245 Nam
3035 4190 3104 4243 τὰ
3147 4189 3316 4252 νῶτα,
3346 4206 3368 4240 t
3413 4197 3600 4260 terga,
3630 4197 3673 4241 ct

2107 4284 2357 4346 latitudo,
2397 4303 2416 4336 ι
2445 4283 2667 4337 nonnisi
2695 4283 2762 4338 de
2783 4280 2971 4351 ﬁguris
3001 4281 3259 4350 usurpari
3289 4288 3549 4348 possunt.
3583 4276 3673 4330 Ile-

2107 4377 2195 4431 dia
2226 4378 2425 4447 quippe
2462 4375 2741 4446 signorum
2760 4376 2874 4429 sive
2889 4371 3598 4442 dodecatemoriorum,per
3624 4383 3674 4423 se

499 4463 813 4519 Etenimilla
835 4462 1043 4518 Eudoxi
1083 4465 1268 4530 verba,
1287 4465 1570 4536 exquibus
1588 4472 2001 4535 argumentatus
2035 4470 2077 4524 D
2105 4468 2464 4540 ἀναστέριστα
2489 4475 2650 4535 sunt;
2677 4481 2850 4537 neque
2889 4483 2908 4517 ι
2946 4471 3097 4535 terga
3124 4482 3141 4514 I
3166 4463 3432 4517 dicuntur
3464 4464 3665 4526 habere,

427 4563 512 4609 est
539 4555 902 4626 Hipparchus,
936 4555 1126 4610 eadem
1176 4555 1300 4611 aliis
1333 4557 1385 4610 in
1423 4558 1592 4621 locis,
1633 4556 1727 4612 sed
1760 4557 2002 4627 pleniora

430 4649 778 4718 perscripsit;
802 4662 926 4703 cum
957 4649 1023 4702 de
1061 4647 1337 4717 parallelis
1362 4650 1432 4704 ab
1456 4638 1684 4703 Eudoxo
1705 4648 1999 4719 descriptis

431 4738 654 4795 circulis
685 4754 990 4795 sermonem
1015 4739 1272 4794 instituit.
1299 4739 1458 4795 Velut
1487 4740 1626 4794 libro
1653 4739 1694 4801 I,
1732 4756 1882 4793 num.
1911 4738 2001 4804 III,

431 4829 498 4884 de
529 4831 741 4902 tropico
769 4830 978 4885 circulo
1012 4851 1025 4886 :
1071 4831 1228 4884 Ἐστι
1257 4831 1315 4885 δὲ
1346 4833 1403 4885 ἐν
1440 4829 1617 4902 τούτῳ
1641 4831 1710 4884 τὰ
1740 4833 1882 4902 μέσα
1908 4831 2002 4886 τοῦ

431 4919 704 4991 Καρκίνου
724 4962 738 4986 ,
777 4920 871 4973 καὶ
895 4919 965 4972 τὰ
999 4919 1088 4973 διὰ
1121 4920 1213 4974 τοῦ
1254 4919 1505 4991 σώματος
1537 4921 1676 4974 κατὰ
1702 4925 1876 4994 μῆκος
1908 4922 2002 4976 τοῦ

431 5012 678 5078 Λέοντος,
707 5022 813 5069 etc.
838 5031 857 5064 ε
883 5010 1023 5067 Sunt
1044 5022 1226 5066 autem
1258 5014 1310 5066 in
1347 5015 1440 5068 illo
1474 5012 1674 5068 Cancri
1704 5016 1883 5069 media
1902 5055 1918 5080 ,
1949 5023 2004 5069 et

433 5120 553 5177 qua:
600 5122 698 5176 per
751 5121 952 5176 corpus
991 5105 1193 5160 Leonis
1240 5107 1541 5160 secundum
1608 5107 2001 5178 longitudinem

433 5205 736 5250 transeunt.
795 5215 813 5248 ι
863 5195 1098 5264 Subjicit
1131 5197 1329 5267 anguis
1389 5194 1662 5265 Ophiuclii
1696 5197 2001 5260 cervicem;

433 5288 678 5343 dextram
695 5304 912 5344 manum
930 5287 1235 5359 Ingeniculi
1260 5307 1274 5356 ;
1307 5297 1360 5344 et
1386 5291 1490 5344 alia
1509 5289 1711 5355 sidera,
1743 5305 1864 5360 qum
1891 5290 2001 5344 cir-

433 5381 593 5433 culus
608 5379 712 5434 iste
728 5381 991 5450 pervadit.
1006 5375 1142 5434 Εἶτα
1164 5381 1466 5451 συμπίπτει
1497 5382 1636 5453 πρὸς
1652 5382 1721 5435 τὰ
1741 5382 1880 5453 μέσα
1907 5380 2002 5434 τοῦ

434 5469 726 5542 Καρκίνου.
764 5488 781 5520 ι
816 5469 1038 5525 Demum
1062 5469 1116 5524 in
1139 5471 1327 5523 eadem
1349 5469 1543 5524 Cancri
1563 5472 1737 5524 media
1766 5471 2000 5525 revolvi-

433 5563 544 5611 tur.
573 5576 593 5608 ι
615 5557 689 5612 De
713 5558 940 5612 hiberno
961 5571 1178 5628 quoque
1192 5558 1656 5626 tropico,'Ea-ct6é
1677 5563 1736 5613 ὲν
1761 5560 1913 5630 αὐτῷ
1935 5563 2002 5615 τὰ

439 5647 577 5718 μέσα
601 5649 694 5703 τοῦ
712 5651 1013 5722 Αἱγόκερω,
1042 5653 1138 5705 καὶ
1162 5655 1208 5706 οἱ
1231 5654 1387 5717 πόδες
1418 5654 1510 5707 τοῦ
1552 5653 1840 5728 ’Υδροχὸου
1859 5695 1875 5718 ,
1909 5658 2002 5710 καὶ

437 5737 531 5792 τοῦ
556 5739 819 5813 Κήτουςή
846 5743 1002 5815 οὐρὰ,
1033 5745 1128 5797 καὶ
1159 5743 1252 5798 τοῦ
1288 5746 1538 5818 Ποταμοῦ
1574 5749 1607 5818 ἡ
1642 5749 1862 5819 καμπὴ,
1886 5755 2000 5803 etc.

2108 4575 2285 4629 neque
2318 4559 2697 4625 latitudinem;
2730 4556 2826 4613 sed
2849 4557 2962 4612 sola
2994 4553 3336 4627 longitudine
3369 4562 3667 4610 censentur.

2175 4648 2316 4716 Quid
2346 4650 2490 4720 quod
2519 4649 2861 4722 Hipparchus
2891 4649 3006 4719 ipse
3029 4647 3124 4702 lib.
3152 4646 3191 4712 Ι,
3237 4659 3394 4701 num.
3443 4645 3534 4708 Ill,
3583 4644 3669 4698 En-

2105 4743 2230 4797 doxi
2260 4743 2574 4797 testimonia
2608 4743 2902 4804 citaturus,
2934 4747 3084 4793 astra
3109 4739 3202 4792 illa
3232 4749 3414 4802 vocat,
3451 4747 3506 4793 et
3534 4733 3670 4790 ἀστέ-

2109 4845 2230 4902 ρας,
2254 4847 2378 4885 cum
2409 4830 2637 4886 Aratum
2684 4832 2760 4884 ait
2791 4829 3001 4884 Eudoxi
3054 4827 3363 4882 imitatione
3408 4827 3480 4882 τὰ
3519 4829 3669 4896 ἄστρα

2105 4923 2187 4976 sic
2219 4921 2571 4986 distribuere,
2605 4929 2665 4974 ut
2693 4935 2722 4973 a
2755 4917 3156 4974 borealioribus
3185 4918 3511 4988 inciperet?
3534 4917 3664 4971 Mox:

2105 5015 2240 5085 Περὶ
2283 5013 2338 5066 δὲ
2382 5013 2492 5066 τῶν
2541 5012 2786 5084 ἀστέρων
2827 5008 2936 5063 τῶν
2965 5010 3056 5063 ἐπὶ
3087 5009 3182 5063 τοῦ
3213 5009 3436 5081 θερινοῦ
3462 5011 3551 5064 καὶ
3577 5025 3668 5078 χει·

2108 5105 2323 5177 μερινοῦ
2344 5103 2602 5177 τροπικοῦ
2629 5103 2960 5176 φερομένων,
2997 5102 3077 5155 ἔτι
3122 5102 3179 5154 δὲ
3217 5102 3315 5155 τοῦ
3350 5098 3665 5174 ἰσημριωῦ.

2103 5203 2132 5254 ὁ
2171 5200 2268 5270 μὲν
2299 5196 2525 5262 Εὔδοξός
2555 5214 2720 5268 φησιν
2760 5195 2854 5250 ἐπὶ
2891 5195 2986 5249 τοῦ
3031 5194 3246 5265 θερινοῦ
3292 5195 3503 5260 οὕτως*
3538 5197 3669 5249 Ἐστι

2103 5291 2160 5346 δὲ
2174 5293 2234 5343 ὲν
2255 5289 2430 5359 τούτῳ
2444 5287 2516 5341 τὰ
2547 5285 2685 5358 μέσα
2707 5285 2802 5340 τοῦ
2831 5285 3129 5357 Καρκίνου.
3165 5304 3186 5336 ι
3221 5283 3302 5340 De
3329 5287 3510 5341 stellis
3537 5299 3667 5338 vero.

2104 5398 2225 5454 qua:
2249 5383 2301 5435 in
2337 5382 2527 5436 aestivo
2557 5379 2772 5450 tr0pico
2812 5378 3085 5440 feruntur,
3133 5392 3354 5433 necnon
3389 5379 3447 5432 in
3478 5377 3668 5433 circulo

2103 5473 2492 5544 a3quinoctiali,
2515 5470 2776 5526 Eudoxus
2819 5470 3038 5540 quidem
3069 5469 3138 5524 de
3163 5471 3362 5525 astivo
3398 5473 3473 5525 ita
3516 5467 3670 5540 loqui.

2105 5574 2234 5617 tnr:
2273 5562 2411 5617 Sunt
2455 5570 2634 5617 autem
2671 5562 2728 5616 in
2777 5561 2881 5616 hoc
2925 5561 3102 5616 media
3149 5561 3379 5617 Cancri.
3413 5582 3434 5614 ι
3491 5560 3666 5617 Eodem

2105 5669 2300 5725 genere
2328 5655 2600 5710 sermonis
2639 5654 2814 5708 utitur
2842 5654 2896 5707 in
2931 5654 3162 5709 hiberno
3189 5655 3415 5727 tropico
3441 5665 3496 5712 et
3523 5651 3668 5723 aqui-

2110 5747 2356 5802 noctiali.
2382 5745 2616 5802 Proinde
2647 5747 2942 5803 asterimos
2968 5753 3021 5802 et
3048 5745 3303 5804 stellatas
3332 5747 3561 5814 formas,
3579 5755 3669 5800 non
