3808 6304
107 306 241 362 1349

923 303 1382 361 DISSERTATIO
1423 303 1509 356 DE
1544 299 1732 357 ORTU
1765 299 1852 355 ET
1889 298 2157 356 OCCASU
2199 297 2499 356 SIDERUM

3215 290 3357 348 4350

104 424 257 492 signa
279 421 704 478 duodecimasve
735 421 946 477 zodiaci
968 433 1175 494 partes,
1218 435 1312 478 aut
1344 422 1692 493 aequinoctia-
1719 425 1764 481 Α
1792 423 1936 490 gere,
1969 421 2166 474 nedum
2202 419 2443 474 dividere
2487 424 2662 489 potest
2691 431 2705 466 :
2737 415 2784 470 si
2816 415 2868 469 in
2910 413 3156 477 zodiaco,
3202 418 3262 466 ut
3290 411 3357 466 de

105 514 169 570 lis
196 513 462 569 Eudoxus
499 513 726 578 indicat,
759 530 990 584 quarum
1022 517 1201 570 media
1229 516 1296 570 iis
1340 515 1472 583 ipsis
1502 512 1676 570 secari

104 605 323 661 circulis
350 604 541 660 refert.
576 605 730 661 Adde
766 607 1029 675 optimum
1075 607 1284 663 Eudoxi
1320 608 1672 678 interpretem

102 699 350 759 Aratmn,
373 698 466 768 qui
499 705 553 753 et
575 697 750 768 ipsum
783 699 838 752 in
865 701 1123 756 omnibus
1168 709 1392 756 secutus
1419 706 1533 766 est;
1570 699 1674 763 vel,

102 798 163 844 ut
193 789 545 861 Hipparchus
580 788 730 861 loqui
778 791 935 857 solet,
983 792 1403 864 παρεγράψατος
1444 807 1544 846 nec
1579 791 1679 844 ali—

104 893 204 946 ter,
235 899 302 937 ac
337 898 439 937 nos
469 884 721 946 facimus,
754 893 988 938 mentem
1016 885 1164 938 illius
1193 886 1421 955 accepit.
1453 882 1586 938 Nam
1611 881 1679 938 de

106 977 313 1047 tropico
337 976 531 1032 scribit
567 975 744 1045 ipsum
768 973 1008 1030 Leonem
1045 980 1150 1030 sub
1178 983 1416 1045 pectore,
1445 989 1509 1028 ac
1545 989 1679 1028 ven-

104 1076 185 1122 tre
235 1081 469 1132 secare;
496 1066 770 1131 Cancrum
812 1082 942 1121 vero
971 1074 1142 1120 totum
1175 1067 1424 1122 bifariam
1460 1068 1674 1138 partiri.

819 1182 1005 1250 αὐτὰρ
1039 1185 1072 1235 ό
1102 1183 1328 1248 κύκλος

107 1251 343 1322 Tir-per
364 1249 486 1322 ὑπὸ
498 1248 740 1322 στῆθος,
763 1253 861 1306 καὶ
875 1248 1136 1322 γαστέρα
1142 1251 1320 1320 μέχρι
1338 1252 1489 1320 πρὸς
1508 1251 1673 1322 αιὸὼ,

107 1321 305 1389 Τέμνει
338 1321 447 1374 τὸν
469 1321 550 1391 *δὲ
579 1321 893 1389 διηνεκέως
919 1321 1202 1389 ὑπένερθε
1234 1325 1470 1391 χελείου

100 1387 402 1462 Κιὶρκίνον
418 1409 432 1422 ·
455 1387 556 1462 ᾗχι
576 1387 842 1458 μάλιστα
868 1387 1332 1461 δικαιόμετοόιλ’κε
1353 1394 1583 1460 νοήσῃς

111 1461 342 1529 Ὄρθὸν,
374 1461 776 1531 ἵν’ϋρθαλμοὶ
801 1463 1027 1516 κύκλου
1055 1462 1369 1533 ἑκάτερθεν
1402 1464 1568 1522 ἴοιεν.

99 1572 227 1640 Quae
261 1575 346 1629 sic
378 1574 541 1629 vertit
575 1575 812 1632 Avienus
855 1591 869 1628 :

816 1698 871 1742 at
907 1689 1134 1743 circulus
1160 1689 1265 1741 ima
1290 1688 1509 1741 calentis

101 1755 348 1829 Pectora,
372 1774 563 1829 perque
593 1759 765 1812 alvum
800 1761 984 1828 procul
1008 1762 1060 1812 in
1085 1771 1353 1829 postrema
1379 1756 1565 1812 Leonis

100 1825 381 1899 Succedit;
406 1825 560 1883 Secat
588 1838 671 1881 ast
697 1825 836 1884 alius
859 1846 951 1899 per
981 1825 1180 1883 viscera
1204 1828 1366 1895 plana
1385 1845 1403 1881 :

104 1896 165 1968 Et
193 1898 373 1953 medio
395 1903 576 1952 subter
608 1916 736 1953 cava
770 1896 1000 1968 tegmina
1031 1899 1222 1952 dividit
1261 1900 1461 1962 orbem,

96 1966 326 2024 Lumina
355 1969 628 2024 recludens
658 1966 970 2024 altrinsecus
1000 1971 1173 2022 orbita
1202 1985 1384 2038 porro.

166 2083 240 2140 De
265 2085 500 2139 hiberno
528 2098 744 2156 quoque
775 2083 986 2154 tropico
1007 2083 1220 2147 scribit,
1245 2098 1368 2138 eum
1390 2081 1682 2152 Capricor-

97 2193 228 2232 num
273 2177 520 2232 medium
556 2176 824 2241 dividere,
858 2185 1022 2246 atque
1062 2177 1288 2247 Aquarii
1318 2175 1502 2246 pedes,
1549 2189 1684 2228 cau-

97 2270 220 2324 dam
251 2269 373 2326 Ceti
397 2289 413 2324 :
1647 2255 1652 2259 ’

165 2381 373 2436 Dividit
404 2379 664 2450 imbriferi
694 2396 882 2449 corpus
917 2378 1144 2434 medium
1186 2377 1518 2447 Capricorni.

163 2451 409 2522 Idwique
424 2451 576 2520 pedes
603 2453 770 2520 pueri,
799 2461 1163 2521 postremaque
1189 2450 1395 2515 cauda},
1431 2458 1539 2504 etc.
1563 2487 1578 2513 ,

97 2577 153 2621 ut
182 2567 352 2622 vertit
400 2565 661 2620 Avienus.
715 2564 816 2620 Hic
870 2580 998 2620 vero
1051 2563 1191 2618 citra
1246 2561 1682 2617 controversiam

93 2661 310 2716 Cancer
340 2666 396 2715 et
427 2659 796 2729 Capricornus
823 2673 932 2712 non
958 2656 1137 2727 signa,
1169 2655 1284 2710 sive
1307 2655 1689 2710 dodecatemo-

93 2754 198 2816 ria,
229 2751 324 2806 sed
361 2749 627 2818 imagines
667 2754 816 2802 sunt.
851 2744 985 2799 Nam
1015 2753 1069 2800 et
1106 2745 1332 2816 χέλειον,
1374 2746 1488 2799 sive
1531 2753 1685 2807 testa,

92 2858 206 2898 non
251 2843 412 2897 aliter
465 2838 868 2894 accommodari
920 2837 1133 2892 Cancro
1183 2845 1407 2907 potest;
1458 2846 1513 2891 et
1562 2850 1686 2890 cum

92 2931 401 3004 Aquarium
453 2929 678 3000 perinde
717 2930 785 2984 ab
829 2930 1063 2984 hiberno
1114 2931 1330 3001 tropico
1379 2933 1577 2996 secari,
1624 2946 1688 2986 ac

90 3025 498 3095 Capricornum
526 3029 754 3085 asserat,
799 3036 904 3075 non
949 3030 1130 3091 potest
1185 3021 1252 3075 ad
1299 3022 1686 3078 dodecatemo-

92 3118 239 3170 rium
277 3113 500 3169 referri.
535 3112 745 3182 Quippe
783 3115 1027 3182 tropicus
1069 3113 1314 3169 circulus
1346 3115 1570 3184 Aquarii
1604 3115 1682 3169 si-
1709 3117 1754 3176 (Ξ

90 3224 264 3278 gnum
295 3223 477 3277 neque
506 3204 719 3267 dividit,
749 3221 847 3260 uec
879 3206 1096 3274 attingit
1119 3207 1360 3260 omnino.
1382 3206 1488 3262 Sed
1510 3224 1685 3278 neque

93 3300 185 3354 illa
216 3301 358 3369 ipsa,
391 3314 514 3367 quae
538 3298 878 3368 contingunt,
905 3297 1057 3366 signa
1088 3297 1279 3350 circuli
1317 3297 1404 3351 isti
1437 3299 1686 3367 partiun-

89 3400 182 3446 tur
208 3390 494 3446 bifariam.
523 3387 614 3443 Sic
645 3388 712 3444 de
738 3388 1105 3460 aequinoctiali
1134 3387 1335 3443 Aratus
1365 3389 1504 3443 idem
1542 3409 1554 3443 :

89 3501 266 3572 Σῆμα
287 3500 442 3572 δέίοι
470 3501 648 3572 Κριός
667 3516 681 3532 ⁸
703 3498 962 3572 -Ταύρριό
989 3514 1050 3572 τε
1084 3495 1576 3572 πούναςιιὲκεῖζαις

87 3565 276 3640 Κρῖὸς
302 3571 424 3640 μὲν
458 3565 839 3640 κάτὰλμῆκρς(
861 3566 1234 3640 ἐληλαμένσς
1281 3565 1681 3640 διὰμκύκτζου·

96 3635 329 3710 Τὶιύρὸὺ
365 3639 435 3694 δὲ
461 3635 729 3693 σκελέὼύ
757 3638 915 3706 ὅσση
946 3638 1349 3705 περιφαίνεται
1379 3635 1589 3701 ὀκλαξ.

89 3748 319 3822 Signum
349 3757 536 3822 autem
557 3745 806 3822 ei_Aries,
838 3746 1100 3822 Taurique
1125 3749 1293 3822 genua
1321 3746 1427 3822 sita
1456 3755 1616 3808 sunt;

88 3816 246 3876 Aries
271 3819 489 3890 quidem
519 3819 574 3871 in
605 3818 816 3888 longum
840 3819 1032 3871 ductus
1063 3816 1500 3890 per_ci_ngnlum;

93 3892 266 3948 Tauri
285 3886 421 3945 'vero
443 3904 660 3942 crurum
679 3886 881 3959 quanta
911 3896 1130 3957 apparet
1159 3886 1394 3955 inﬂexio.

170 4004 242 4060 Ut
291 4017 473 4074 genua
513 4001 682 4056 Tauri
718 4001 784 4055 ad
827 4001 1172 4056 asterismum
1222 4000 1343 4070 ejus
1377 4000 1686 4070 pertinent,

89 4095 173 4153 sic
218 4094 434 4148 Arietis
481 4107 686 4163 corpus
729 4091 803 4146 ab
833 4090 1202 4161 aequinoctiali
1247 4090 1455 4144 circulo
1493 4103 1690 4144 secun-

87 4188 225 4243 dum
273 4185 681 4257 longitudinem
729 4183 968 4238 divisum
1020 4184 1088 4238 ad
1135 4183 1425 4253 imaginem
1465 4182 1687 4246 Arietis,

88 4296 202 4336 non
230 4280 301 4333 ad
334 4279 863 4342 dodecatemorium,
892 4294 1119 4334 necesse
1142 4287 1223 4334 est
1242 4277 1430 4334 referri
1458 4298 1470 4333 :
1495 4293 1689 4347 quem-

87 4374 399 4430 admodum
432 4370 775 4441 Hipparchus
806 4373 926 4441 ipse
945 4371 1107 4424 docet
1139 4371 1231 4425 lib.
1265 4369 1305 4436 l,
1333 4385 1481 4424 num.
1519 4366 1685 4433 XXV,

1785 512 2010 582 tropicis
2049 520 2280 575 taceam,
2328 520 2476 566 certe
2507 507 2908 579 aequinoctialis
2948 505 3210 569 Arietem,
3247 519 3357 558 non

1783 604 2084 667 secundum
2134 603 2547 673 longitudinem,
2593 597 2735 654 κατὰ
2791 600 2964 668 μῆκος
3030 592 3359 665 ἐληλαμένον

1785 694 2205 766 partietur,sed
2255 703 2653 756 transversum,
2712 701 2766 746 ct
2819 686 2961 742 κατὰ
3009 687 3230 747 πλάτος.
3275 681 3361 736 Si-

1783 789 2003 858 quidem
2054 787 2329 842 sectiones
2377 783 2778 856 aequinoctialis
2807 788 2861 836 et
2909 776 3115 833 zodiaci
3146 776 3215 829 ab
3251 772 3361 828 Eu-

1783 878 1947 946 doxo,
1990 886 2048 931 ut
2095 885 2250 948 putat
2292 875 2659 946 Hipparchus,
2713 870 2908 927 mediis
2953 870 3009 922 in
3053 865 3226 937 Signis
3273 863 3360 918 lo-

1782 969 1995 1017 cantur.

1851 1054 1972 1110 Non
1995 1055 2253 1116 absimili,
2289 1061 2347 1108 ut
2383 1051 2636 1124 equidem
2682 1065 2826 1114 reor,
2868 1043 3159 1118 ὁμωνυμίᾳ
3201 1039 3363 1095 indu-

1782 1157 1902 1202 ctus
1929 1145 2270 1217 Hipparchus
2292 1143 2598 1207 Eudoxum,
2632 1142 2862 1196 Aratum
2890 1146 2944 1193 et
2970 1136 3208 1190 Attalum
3243 1140 3360 1186 trao

1782 1240 1939 1294 duxit
1975 1253 2124 1294 num.
2153 1237 2198 1291 X
2230 1238 2355 1292 libri
2381 1235 2564 1306 primi,
2599 1232 2746 1304 quod
2773 1232 2877 1286 sub
2904 1228 3086 1298 capite
3133 1224 3362 1294 majoris

1785 1330 1936 1386 Ursa:
1960 1329 2219 1385 Geminos
2251 1336 2518 1388 statuunt,
2543 1327 2646 1382 sub
2680 1324 2818 1378 Ursa
2833 1322 3030 1382 media,
3065 1319 3361 1382 Cancrum;

1782 1423 1887 1478 sub
1928 1420 2327 1492 posterioribus
2360 1418 2612 1488 pedibus,
2651 1415 2910 1469 Leonem.
2959 1408 3064 1464 Ubi
3112 1407 3180 1462 de
3219 1412 3364 1459 aste-

1784 1515 1968 1568 rismis
2018 1512 2140 1568 sine
2187 1510 2354 1565 dubio
2405 1509 2740 1578 loquuntur:
2786 1519 2911 1558 nam
2953 1499 3107 1555 Arati
3145 1511 3361 1559 versus,

1782 1621 1921 1676 quos
1950 1606 2084 1658 citat
2116 1602 2480 1674 Hipparchus,
2503 1615 2613 1654 non
2647 1599 2810 1652 aliter
2851 1593 3079 1664 intelligi
3109 1597 3361 1662 possunt.

1783 1697 1852 1750 At
1881 1695 2227 1766 Hipparchus
2262 1692 2316 1747 id
2355 1708 2421 1746 ex
2449 1706 2516 1745 eo
2543 1688 2762 1754 refellit,
2808 1684 2953 1757 quod
2997 1687 3163 1751 caput
3210 1676 3366 1732 Ursae

1709 1783 1750 1840 Β
1781 1789 1850 1843 sit
1880 1788 1933 1841 in
1965 1785 2162 1841 Leonis
2197 1792 2348 1856 parte
2381 1783 2564 1845 tertia,
2591 1780 2848 1834 nimirum
2883 1777 2939 1830 in
2971 1774 3364 1828 dodecatemo-

1783 1882 1867 1936 rio
1893 1879 2111 1942 Leonis,
2144 1875 2293 1950 quod
2314 1876 2370 1930 in
2391 1869 2764 1944 aequinoctiali
2809 1868 2892 1923 vel
2922 1863 3362 1936 parallelorepo-

1783 1973 1884 2025 nit.
1909 1969 2022 2025 Hoc
2050 1984 2176 2024 vero
2205 1962 2622 2037 argumentandi
2662 1975 2837 2032 genus
2875 1958 3112 2012 alienum
3155 1961 3261 2018 est,
3309 1961 3364 2006 et

1785 2065 1841 2119 in
1863 2062 2151 2134 ὁμωνυμίᾳ
2178 2060 2540 2115 conflictatur.
2573 2054 2679 2110 Sed
2702 2054 2770 2109 de
2803 2053 2905 2106 hoc
2928 2047 3223 2134 llipparchi
3245 2047 3366 2101 loco

1786 2129 2252 2226 pluribusagetur
2290 2151 2471 2221 capite
2503 2147 2665 2203 tertio
2696 2145 2819 2200 libri
2859 2129 3027 2198 tertii.

1852 2245 1934 2301 Ad
1955 2243 2476 2301 extremumsimilis
2498 2240 2825 2309 ambiguitas
2851 2236 3036 2291 fucum
3068 2232 3257 2288 Servio
3289 2229 3366 2283 fe-

1718 2402 1722 2407 ,
1786 2338 1861 2392 cit
1895 2337 1948 2391 in
1969 2336 2388 2392 Commentariis
2408 2332 2511 2386 adl
2538 2330 2799 2400 Georgia,
2825 2329 2916 2383 ubi
2944 2329 3057 2381 haec
3077 2340 3364 2390 enarrans,

1851 2429 1969 2496 Qua
2001 2428 2144 2482 locus
2175 2425 2456 2497 Erigonem
2487 2425 2643 2488 inter,
2684 2420 2975 2489 Chelasque
3003 2426 3292 2489 sequentes,

1787 2521 2034 2594 quaedam
2078 2496 2322 2582 adnotat,
2368 2533 2490 2588 qua:
2543 2516 2631 2570 hic
2681 2512 2888 2569 referre
2931 2509 3127 2564 melius
3179 2507 3367 2562 fuerit.

1794 2633 1814 2667 ‹
1843 2612 2104 2684 έΕεγριίἰ,
2135 2610 2329 2681 inquit,
2357 2608 2644 2663 duodecim
2685 2621 2810 2662 esse
2857 2608 3116 2659 asserunt
3160 2601 3314 2670 signa
3348 2618 3363 2656 :

1787 2703 2026 2759 Chaldaei
2058 2717 2186 2756 vero
2217 2699 2490 2754 undecim.
2546 2695 2682 2750 Nam
2718 2693 3005 2764 Scorpium
3058 2698 3113 2746 et
3147 2689 3368 2746 Libram

1791 2811 1960 2851 unum
1984 2795 2198 2864 signum
2222 2790 2513 2860 accipiunt.
2538 2786 2717 2843 Chelas
2733 2787 2876 2841 enim
2908 2783 3120 2853 Scorpii
3147 2782 3366 2837 Libram

1791 2889 2020 2944 faciunt.
2056 2886 2219 2941 Iidem
2253 2882 2492 2939 Chaldai
2525 2882 2712 2936 volunt
2743 2877 2981 2948 aequales
3012 2891 3136 2931 esse
3185 2871 3370 2945 partes

1791 2983 1846 3038 in
1874 2981 2129 3036 omnibus
2157 2977 2330 3047 signis
2357 2995 2370 3030 :
2401 2975 2493 3031 sed
2515 2989 2612 3046 pro
2637 2972 2900 3043 Qualitate
2936 2970 3046 3032 sui,
3095 2967 3244 3023 aliud
3289 2967 3368 3023 si-

1789 3091 1956 3147 gnum
1987 3091 2080 3137 xx,
2130 3070 2276 3126 aliud
2308 3085 2377 3122 xi.
2411 3067 2609 3121 habere
2642 3085 2656 3120 :
2685 3080 2810 3120 cum
2837 3063 3079 3134 Egyptii
3130 3063 3367 3116 tricenas

1787 3183 1911 3222 esse
1939 3173 2123 3237 partes
2156 3163 2211 3217 in
2239 3161 2493 3214 omnibus
2512 3158 2697 3214 velint.
2725 3154 2884 3210 Modo
2909 3170 3039 3224 ergo
3067 3153 3368 3208 secundmu

1787 3259 2076 3315 Chaldaeos
2132 3257 2354 3310 locutus
2388 3261 2492 3316 est,
2539 3250 2730 3305 dicens
2776 3263 2938 3318 posse
2983 3261 3107 3300 eum
3170 3245 3370 3300 habere

1789 3353 1969 3405 locum
2007 3349 2149 3402 inter
2184 3343 2472 3414 Scorpium
2506 3349 2560 3396 et
2588 3339 2887 3406 Virginem.
2920 3357 2940 3388 ι
2987 3335 3154 3406 Signa
3187 3334 3370 3405 dupli-

1788 3441 1922 3494 citer
1969 3442 2329 3506 usurpantnr.
2379 3431 2490 3485 Aut
2543 3431 2690 3492 enim
2738 3425 3174 3482 dodecatemoria
3241 3431 3370 3481 sunt

1787 3529 2187 3602 aequinoctialis
2231 3526 2314 3581 vel
2343 3522 2575 3586 zodiaci,
2615 3529 2710 3575 aut
2732 3518 3029 3582 asterismi,
3055 3532 3176 3588 qua:
3207 3518 3370 3587 ἠστε-

1792 3625 2022 3700 ρισμένα
2053 3621 2221 3688 ζώδισι
2246 3627 2406 3675 vocat
2451 3615 2815 3686 Hipparchus.
2864 3612 3072 3667 Horum
3119 3611 3370 3682 quaedam

1791 3699 2228 3775 dodecatemorio
2256 3727 2358 3769 suo
2409 3711 2644 3772 minora,
2677 3708 2925 3778 quredam
2961 3705 3169 3774 majora
3218 3715 3370 3770 sunt,
3471 3699 3477 3706 ’

1790 3821 1845 3866 et
1868 3811 1923 3865 in
1953 3809 2131 3864 vicina
2161 3805 2490 3867 redundant,
2518 3809 2576 3856 ut
2603 3815 2764 3868 supra
2790 3797 3051 3853 diximus.
3096 3793 3221 3850 Haec
3246 3811 3370 3849 cum

1793 3903 2016 3972 legisset
2048 3899 2251 3954 alicubi
2284 3894 2696 3967 grammaticus,
2750 3891 3033 3961 signorum
3061 3902 3260 3958 genera
3282 3886 3373 3939 illa

1791 3997 1900 4052 duo
1932 3993 2281 4066 permiscuit,
2307 3999 2361 4044 et
2389 4004 2502 4045 rem
2539 4002 2764 4058 prorsus
2798 3982 3092 4039 absurdam
3132 3990 3186 4036 et
3215 3981 3371 4034 inex-

1791 4085 2098 4140 tricabilem
2148 4082 2356 4142 docuit,
2394 4079 2550 4148 signa
2591 4077 2776 4132 omnia
2820 4074 3122 4143 aequalibus
3160 4071 3372 4126 descri-

1792 4185 1883 4248 pta
1910 4191 2032 4231 esse
2053 4173 2320 4245 partibus,
2341 4178 2393 4226 et
2415 4179 2594 4224 tamen
2612 4167 2760 4221 aliud
2782 4165 3032 4225 tricenis,
3056 4161 3204 4216 aliud
3235 4176 3372 4231 qua-

1794 4267 2054 4338 dragenis
2087 4285 2105 4317 ‹
2135 4280 2233 4336 pro
2259 4262 2523 4333 qualitate
2548 4259 2631 4315 sui
2659 4277 2678 4311 ι
2701 4263 2976 4312 constare.
3003 4253 3191 4308 l'riore
3210 4253 3372 4306 modo

1794 4363 1951 4433 signa
2001 4364 2130 4413 sunt
2183 4352 2660 4415 dodecatemoria;
2706 4346 3030 4418 posteriore,
3072 4342 3368 4404 asterismi,

87 4468 187 4522 ubi
219 4465 382 4520 Arati
431 4472 485 4517 et
505 4462 714 4516 Eudoxi
758 4463 826 4516 de
878 4463 1251 4518 cardinalibus
1290 4463 1424 4518 iisce
1482 4461 1692 4526 ζωδίοις
1721 4464 1771 4523 ι)
1795 4467 2026 4526 quorum
2053 4449 2142 4504 alii
2172 4447 2487 4518 pauciores,
2522 4443 2614 4498 alii
2645 4441 2830 4511 plures
2858 4445 3127 4506 occupant
3163 4442 3366 4504 partes.

85 4564 322 4618 decreta
359 4557 580 4628 probat,
611 4565 836 4626 excepto
859 4557 1000 4626 quod
1037 4555 1104 4611 de
1132 4556 1534 4611 Arietedictum
1570 4564 1685 4610 est:

85 4656 184 4726 qui
232 4662 391 4708 totus
450 4649 816 4720 tequinoctiali
873 4648 1082 4702 circulo
1131 4649 1405 4703 borealior
1449 4655 1554 4703 est.
1619 4647 1690 4701 At

85 4747 379 4803 Cancrum
399 4753 454 4798 et
469 4741 704 4796 Leonem
734 4741 940 4797 medios
976 4741 1151 4810 trajici
1177 4741 1244 4794 ah
1262 4741 1453 4796 aestivo
1478 4740 1691 4810 tropico

83 4848 249 4896 recte
283 4838 415 4892 illos
442 4835 647 4890 sentire
675 4834 894 4889 asserit.
951 4832 1087 4887 Vide
1123 4833 1328 4902 reliqua
1364 4831 1512 4886 illius
1560 4831 1687 4897 loci,

86 4932 416 5003 inquibus,
445 4926 595 5000 quod
634 4927 786 4980 valde
826 4926 1027 4979 mirum
1069 4931 1172 4989 est,
1225 4923 1573 4994 apertissime
1611 4921 1688 4977 si-

88 5029 330 5097 gniﬁcat
353 5037 384 5075 a
411 5035 473 5076 se
494 5018 703 5073 Eudoxi
731 5017 996 5088 Aratique
1027 5016 1173 5071 dicta
1211 5015 1280 5070 ad
1316 5016 1560 5071 stellatas
1611 5013 1692 5069 ef-

87 5120 255 5188 figies
286 5113 578 5186 applicari.

161 5212 428 5278 Denique
457 5209 573 5262 sive
607 5205 661 5260 in
695 5201 1074 5276 aequinoctiali
1106 5203 1221 5255 sive
1257 5199 1310 5253 in
1347 5197 1576 5252 zodiaco
1626 5197 1697 5252 si.

83 5320 198 5376 gna
232 5299 494 5358 ccelestia
524 5295 869 5352 constituerit
907 5292 1202 5354 Eudoxus,
1234 5290 1300 5345 de
1344 5305 1452 5360 qua
1498 5304 1558 5343 re
1602 5303 1695 5343 ca-

85 5402 206 5472 pite
231 5390 519 5466 superiori
548 5389 755 5444 dictum
786 5395 874 5443 est
907 5401 922 5440 :
951 5399 1129 5455 neque
1161 5383 1216 5438 in
1259 5383 1432 5452 ipsius
1481 5379 1693 5434 Eudoxi

86 5492 286 5549 allatis
319 5487 391 5541 ab
423 5483 734 5554 Hipparcho
767 5481 948 5543 verbis
974 5520 988 5541 ,
1042 5491 1217 5547 neque
1259 5474 1402 5546 apud
1447 5476 1692 5539 Aratum,

82 5587 286 5646 Aries,
334 5579 574 5640 Cancer,
614 5573 814 5638 Chelaa,
857 5570 1252 5641 Capricornus.
1313 5567 1380 5620 de
1417 5566 1589 5635 signis
1632 5579 1696 5619 ac

85 5666 578 5735 dodccatemori-is
611 5664 871 5736 explicari
907 5669 1130 5732 queunt.
1166 5657 1300 5712 Nam
1343 5657 1388 5712 si
1433 5658 1489 5711 in
1525 5657 1695 5726 aequi-

83 5767 336 5831 noctiali
372 5761 752 5831 designentur,
799 5765 990 5813 neuter
1020 5751 1350 5824 tropicorum
1383 5764 1446 5805 ea
1479 5750 1694 5804 contin-

1795 4547 1886 4602 Sic
1914 4541 2185 4600 asterismi
2207 4537 2418 4608 Scorpii
2447 4550 2577 4606 pars
2599 4543 2681 4589 est
2700 4530 2995 4586 Chelarum
3017 4525 3366 4586 asterismus,

1792 4646 1852 4694 ut
1895 4638 1996 4691 hac
2030 4633 2242 4689 ratione
2276 4630 2531 4685 undecim
2585 4621 2963 4681 tantummodo
2999 4619 3111 4674 sint
3153 4619 3361 4688 ἠστεριο

1793 4730 1964 4803 σμὲνα
1981 4727 2164 4792 ζώδια,
2183 4740 2278 4780 seu
2302 4724 2486 4795 figurae
2505 4720 2732 4776 stellata:
2747 4713 2890 4786 apud
2910 4711 3213 4769 Chaldaeos.
3231 4707 3366 4803 liam

1791 4800 2053 4894 Egyptii,
2091 4818 2185 4890 qui
2215 4831 2316 4888 pro
2359 4813 2544 4870 Chelis
2595 4810 2817 4866 Libram
2870 4809 3195 4876 posuerunt,
3243 4800 3373 4871 legio

1793 4919 1985 4972 timum
2025 4926 2313 4968 numerum
2360 4907 2680 4964 obtinebant
2719 4922 2732 4958 :
2774 4902 2928 4971 signa
2967 4896 3190 4968 quidem
3236 4897 3371 4949 utri-

1794 5025 1900 5082 que
1929 5005 2217 5062 duodecim
2251 5001 2638 5056 adhibuerunt.
2667 4994 2934 5050 Caeterum
2963 4988 3203 5059 Virginis
3232 4995 3371 5042 aste-

1794 5079 1997 5159 rismus
2026 5099 2155 5154 olim
2185 5095 2386 5151 Leonis
2413 5101 2468 5149 et
2498 5091 2675 5146 Librae
2699 5096 2906 5158 partes,
2943 5091 3140 5154 praeter
3162 5079 3366 5149 justam

1792 5197 2121 5267 portionem,
2159 5187 2484 5257 occupabat.
2530 5183 2677 5238 Inter
2720 5181 2861 5234 hanc
2905 5189 3034 5231 vero
3079 5177 3135 5228 et
3172 5170 3371 5226 Chelas

1795 5263 2027 5355 Scorpii,
2057 5297 2178 5352 qua:
2201 5281 2257 5334 in
2283 5278 2460 5333 Libra:
2500 5269 2942 5330 dodecatemorio
2985 5263 3367 5355 versabantur,

1795 5350 2024 5436 vacuum
2055 5350 2141 5431 est
2171 5370 2540 5433 intervallum,
2565 5363 2714 5435 quod
2739 5363 2807 5416 ad
2833 5360 2975 5414 idem
2998 5357 3176 5412 Libra:
3204 5350 3368 5406 doder

1795 5469 2130 5530 catemoriou
2171 5462 2476 5536 pertinebat
2505 5477 2519 5515 :
2551 5471 2663 5528 quo
2712 5456 2768 5508 in
2796 5451 2975 5524 spatio
3015 5447 3200 5504 sedem
3227 5441 3370 5498 indi-

1794 5563 1904 5636 geti
1951 5561 2199 5630 Angusto
2245 5554 2484 5610 destinat
2530 5546 2812 5617 Virgilius.
2873 5541 2948 5599 Ea
2976 5553 3154 5636 Amans
3192 5539 3369 5636 poetae

1797 5627 1918 5721 luit,
1949 5627 2114 5725 quam
2166 5663 2274 5704 non
2321 5642 2630 5713 assequitur
2670 5637 2918 5692 Servius.
2959 5634 3027 5688 At
3070 5627 3370 5725 Mar'tianus

1795 5716 2016 5819 Capella
2043 5741 2182 5799 libro
2200 5737 2337 5806 Vill,
2381 5750 2501 5808 cap.
2536 5733 2605 5790 de
2653 5731 2780 5789 ﬁxis
2813 5727 3007 5800 signis,
3049 5729 3197 5779 recte
3241 5716 3367 5780 hoc.
