3778 6314
527 316 658 376 135'!

1521 311 1613 367 Αἱ)
1654 309 1920 368 EUSEBll
1960 307 2355 365 CHRONICON
2395 308 2755 366 APPENDIX.

3545 311 3623 367 im

525 429 670 502 quod
696 428 1001 492 docuimus,
1050 429 1283 499 explicat
1327 425 1413 482 his
1460 428 1641 483 verbis
1674 447 1686 481 :
1734 445 1753 477 ι
1796 425 1919 480 Haec
1973 424 2092 480 dis-
2119 429 2164 484 Α
2193 440 2322 480 num
2355 441 2513 481 suum
2541 441 2665 483 esse
2687 427 3016 482 translatum
3048 422 3272 495 perinde
3286 427 3622 482 omnesmtim

526 519 703 575 cernit
766 519 1062 574 zodiacus:
1093 517 1187 587 qui
1242 516 1462 586 quidem
1506 514 1743 584 aequales
1795 511 2085 566 duodecim

529 613 805 683 signorum
844 611 1074 681 integrat
1123 609 1423 680 portiones.
1474 606 1582 661 Sed
1624 605 1877 660 undecim
1924 602 2090 658 habet

530 704 704 774 signa.
739 702 997 773 Scorpius
1019 702 1164 757 enim
1214 709 1325 755 tam
1362 714 1521 755 suum
1568 698 1804 768 spatium
1854 702 2090 766 occupat

529 806 774 862 corpore,
805 806 970 863 quam
1001 790 1185 848 Chelis
1213 797 1446 859 occupat
1478 788 1672 844 Librae.

1128 900 1359 959 CAPUT
1395 899 1486 957 IV.

526 1015 606 1071 De
632 1026 855 1072 veterum
877 1017 1114 1083 opinione
1150 1031 1303 1083 super
1339 1015 1528 1069 annuis
1577 1013 1705 1068 solis
1749 1010 2081 1083 cardinibus,

593 1097 643 1159 et
672 1105 775 1159 qua
797 1080 998 1159 ratione
1028 1087 1154 1159 alibi
1178 1080 1334 1156 quam
1359 1085 1522 1159 iniliis
1551 1085 1821 1159 signorum
1845 1080 2091 1159 coliocali

596 1151 811 1227 fuerint.
843 1156 1135 1212 Columeila
1162 1151 1395 1210 notatur.
1447 1151 1708 1210 Sothiocce
1750 1151 1949 1222 periodi
2001 1151 2089 1203 in-

590 1229 755 1297 signis
781 1227 994 1296 epocha.

594 1341 859 1409 Quoniam
884 1338 1075 1396 mediis
1104 1341 1158 1395 in
1188 1338 1359 1408 signis
1389 1338 1457 1392 ab
1489 1336 1714 1391 Eudoxo
1762 1334 2092 1391 constitutos

523 1449 646 1490 esse
672 1434 922 1490 cardines
960 1445 1326 1502 nequaquam,
1368 1440 1428 1485 ut
1462 1429 1670 1500 putavit
1714 1427 2083 1499 Hipparchus,

523 1544 588 1581 rx
626 1527 770 1581 illius
801 1525 981 1580 verbis
1020 1524 1326 1587 coniicitur,
1368 1522 1711 1592 inquiramus
1753 1520 1915 1575 modo
1963 1534 2092 1590 qua-

524 1633 648 1673 nam
679 1618 733 1672 in
766 1624 919 1688 parte
945 1616 1219 1682 defixerit;
1249 1624 1363 1670 tum
1394 1629 1516 1685 quae
1539 1614 1678 1667 ratio
1709 1613 1778 1668 ab
1809 1611 1918 1666 illis
1957 1612 2092 1665 inita

524 1710 616 1772 sit,
648 1708 740 1779 qui
768 1707 917 1772 alibi,
957 1722 1121 1778 quam
1168 1706 1223 1760 in
1262 1705 1435 1762 initiis
1480 1705 1785 1776 signorum,
1837 1702 2089 1758 cardines

525 1799 648 1853 illos
674 1813 796 1854 esse
824 1798 1126 1851 sciverunt.

593 1888 854 1943 Geminus
885 1887 1061 1957 capite
1093 1883 1229 1948 XVI,
1264 1890 1459 1955 quarto
1487 1883 1595 1949 die,
1621 1897 1785 1953 quam
1814 1881 1869 1936 in
1898 1881 2092 1952 Capri-

523 1994 749 2034 wrnum
773 1977 854 2055 sol
882 1984 967 2032 est
996 1978 1295 2047 ingressus,
1345 1974 1639 2031 solstitium
1683 1973 1971 2029 hibernum
2026 1988 2091 2028 ex

524 2067 755 2124 Eudoxo
785 2067 898 2122 ﬁeri
923 2066 1112 2122 scribit
1142 2108 1157 2133 ,
1206 2080 1433 2121 vernum
1462 2072 1645 2119 autem
1682 2063 2093 2133 aequinoctium,

524 2165 681 2211 sexto
708 2144 797 2210 die
824 2153 917 2209 τοῦ
951 2152 1214 2226 Κριῶνος.
1245 2151 1388 2208 idem
1429 2162 1617 2207 auctor
1647 2168 1714 2208 ex
1747 2150 2095 2207 Euctemonis

522 2245 791 2303 sententia
844 2245 1136 2300 solstitium
1164 2244 1447 2298 hibernum
1484 2244 1661 2313 primo
1705 2241 1794 2297 die
1829 2241 2095 2297 committi

521 2338 723 2395 refert:
755 2351 967 2392 necnon
996 2334 1309 2390 autumnale
1339 2335 1746 2405 aequinoctium.
1774 2332 1852 2388 Ex
1869 2332 2094 2404 Calippo

520 2443 649 2483 vero
658 2429 1049 2499 quatuoripsos
1066 2427 1314 2482 cardines
1330 2426 1651 2480 nominatim
1684 2426 1962 2496 signorum
1990 2424 2096 2479 ini-

519 2519 613 2575 tiis
627 2518 915 2575 contineri.
934 2516 1131 2572 Verum
1147 2516 1447 2572 Columella
1463 2515 1554 2570 lib.
1576 2513 1668 2580 1X,
1687 2530 1808 2585 cap.
1826 2513 1967 2578 XIV,
1987 2514 2097 2570 Me-

520 2620 701 2666 tonem
732 2618 786 2666 et
812 2608 1114 2675 Eudoxum,
1132 2623 1196 2662 ac
1215 2616 1426 2663 veteres
1444 2615 1791 2662 astronomos
1806 2607 2000 2662 scribit
2039 2607 2094 2661 in

519 2701 728 2756 octavis
744 2701 989 2771 partibus
1008 2700 1285 2769 signorum
1302 2698 1535 2754 solstitia
1552 2708 1607 2753 et
1635 2698 1962 2768 aequinoctia
1996 2712 2096 2767 po-

520 2792 722 2859 suisse;
751 2790 1138 2862 Hipparchum,
1160 2798 1367 2845 mutata
1383 2791 1612 2853 ratione,
1625 2790 1682 2844 in
1698 2790 1976 2860 signorum
1989 2789 2096 2843 ini-

519 2883 596 2937 tia
618 2882 938 2938 contulisse.
964 2900 984 2934 ι
1014 2879 1122 2937 Nec
1159 2896 1245 2936 me
1275 2880 1430 2945 fallit,
1458 2878 1975 2951 iuquitgHipparchi
2010 2896 2093 2933 ra-

519 2973 618 3039 tio,
646 2989 767 3044 qua:
794 2973 951 3029 docet
967 2972 1199 3028 solstitia
1215 2978 1271 3028 et
1292 2972 1616 3043 mquinoctia
1630 2986 1737 3026 non
1752 2973 1982 3037 octavis,
1999 2971 2094 3026 sed

520 3064 713 3157 primis
737 3065 1014 3134 signorum
1037 3063 1285 3157 partibus
1300 3062 1514 3157 coniici.
1531 3060 1803 3157 \‘lerum-in
1819 3063 1922 3117 hac
1950 3063 2094 3119 ruris
2120 3099 2162 3157 ο

518 3156 809 3226 disciplina
831 3170 1029 3226 sequor
1042 3170 1187 3210 nunc
1223 3153 1430 3209 Eudoxi
1458 3163 1513 3210 et
1544 3153 1797 3220 Metonis,
1836 3154 2093 3224 antiquo-

518 3262 751 3317 rumque
770 3245 941 3303 fastus
958 3248 1354 3318 astrologorum
1372 3286 1388 3312 ,
1402 3247 1496 3318 qui
1521 3254 1651 3303 sunt
1675 3248 1842 3318 aptati
1859 3246 2092 3317 publicis

519 3338 806 3395 sacriﬁciis
821 3378 839 3403 ,
858 3340 985 3410 quia
1001 3348 1057 3394 et
1078 3339 1260 3393 notior
1280 3347 1366 3394 est
1385 3339 1490 3395 iSta
1508 3345 1664 3394 vetus
1681 3338 1942 3410 agricolis
1960 3353 2094 3392 con-

519 3437 675 3500 cepta
704 3430 905 3500 opinio.
925 3428 1035 3485 Nec
1051 3439 1227 3485 tamen
1245 3428 1539 3501 Hipparchi
1553 3429 1827 3485 subtilitas
1845 3428 2096 3499 pinguio-

518 3520 695 3584 ribus,
714 3528 774 3574 ut
802 3522 976 3587 aiunt,
1003 3522 1330 3577 rusticorum
1361 3521 1559 3577 litteris
1584 3521 1893 3577 necessaria
1924 3529 2028 3576 est.
2069 3538 2087 3572 ι

520 3606 888 3680 Hipparchum
927 3625 1057 3665 ecce
1087 3608 1219 3663 facit
1247 3618 1526 3665 auctorem
1540 3610 1660 3678 ejus
1679 3609 2096 3680 instituti,quod

519 3695 804 3767 principiis
822 3695 1103 3766 signorum
1120 3696 1374 3752 cardines
1387 3698 1793 3765 accommodat,
1809 3714 1932 3754 cum
1950 3708 2096 3755 vete-

520 3799 612 3840 :es
621 3787 830 3841 octavis
854 3787 1099 3856 partibus
1124 3788 1475 3843 ascriberent.
1489 3787 1549 3842 ln
1575 3804 1684 3859 quo
1697 3789 1894 3859 partim
1909 3791 1978 3847 ab
1992 3791 2096 3847 Ge-

521 3877 692 3940 mino,
709 3877 906 3947 partim
934 3879 1001 3934 ab
1024 3878 1331 3951 Hipparcho
1348 3880 1466 3951 ipso
1477 3880 1742 3950 dissidet;
1768 3897 1893 3937 nam
1912 3882 2098 3938 Gemi-

521 3981 628 4023 nus
645 3981 912 4038 nusquam
927 3970 979 4023 in
997 3977 1187 4025 octava
1219 3970 1542 4041 cujusquam
1566 3971 1708 4043 signi
1726 3983 1878 4043 parte
1892 3975 2098 4029 censti-

523 4065 672 4113 tutos
697 4073 820 4114 esse
845 4059 1100 4115 cardines
1127 4061 1202 4115 ait
1227 4078 1243 4128 ;
1277 4060 1622 4133 Hipparchus
1657 4073 1864 4128 autem,
1916 4075 1975 4120 ut
2004 4082 2100 4120 su-

520 4151 720 4220 periori
741 4151 920 4222 capite
944 4151 1204 4217 vidimus,
1253 4154 1322 4209 ab
1343 4153 1533 4222 Arato,
1591 4162 1647 4211 et
1696 4158 1943 4226 antiquis
1984 4157 2096 4214 fere

521 4244 777 4299 omnibus
824 4245 1222 4302 mathematicis
1272 4248 1328 4301 in
1379 4246 1661 4319 signorum
1709 4250 1867 4306 initia
1929 4251 2097 4306 colla—

520 4341 607 4390 tos
639 4349 763 4391 esse
789 4335 994 4409 docuit.
1025 4335 1143 4391 Non
1172 4337 1363 4392 dubito
1405 4338 1536 4409 quin
1577 4338 1871 4410 Hipparchi
1916 4343 2098 4411 potior

2189 518 2341 587 Quod
2379 517 2839 589 quemadmodum
2897 518 2967 571 ab
3000 517 3069 570 iis
3106 517 3399 570 institutum
3438 514 3624 581 fuait,rt

2187 627 2294 681 qua
2334 612 2544 666 ratione
2570 611 2711 665 inter
2739 624 2799 665 se
2823 607 3109 663 conciliari
3148 605 3455 676 scriptorum
3479 607 3543 660 illa
3565 609 3625 661 is

2189 703 2325 759 sidia
2359 703 2588 772 possint,
2621 701 2882 772 deinceps
2908 699 3239 770 aperiemus.

2261 792 2489 849 Duobus
2515 792 2739 848 omnino
2771 792 2951 847 modis
2988 789 3103 845 lieri
3144 790 3374 843 arbitror
3396 790 3626 859 punias

2189 885 2260 940 ab
2304 884 2545 954 antiquis
2587 881 2993 939 mathematicis
3042 880 3362 951 aequinoctia
3411 887 3458 935 et
3487 882 3625 936 solstitia

2190 977 2352 1040 alibi.
2390 991 2553 1046 quam
2585 977 2638 1030 in
2670 976 2804 1046 ipsis
2835 975 3124 1046 signorum
3153 972 3405 1034 exordiis,
3439 976 3627 1027 constitua

2191 1068 2416 1125 fuerint.
2447 1068 2580 1122 Nam
2614 1076 2708 1123 aut
2740 1069 2941 1138 reipsa,
2973 1075 3033 1121 et
3076 1080 3141 1120 ex
3182 1073 3299 1119 arte
3324 1063 3571 1134 iudicioque
3593 1070 3627 1119 ἔκ

2191 1159 2615 1230 pronuntiarunt
2643 1177 2659 1214 :
2689 1169 2783 1213 aut
2810 1172 2935 1213 cum
2966 1157 3035 1213 de
3048 1156 3324 1212 exactiore
3343 1156 3630 1209 canliuamsm

2192 1249 2349 1303 aliter
2368 1247 2782 1314 existimarent,
2815 1247 3142 1318 populorum
3173 1244 3363 1300 usibus
3402 1259 3455 1299 ac
3478 1247 3630 1300 sensile:

2191 1337 2420 1392 alterum
2450 1335 2582 1390 illud
2609 1336 2790 1390 minus
2816 1343 3141 1389 accuratum
3164 1333 3432 1389 cardinum
3454 1347 3575 1404 genus
3587 1338 3632 1387 “u-

2191 1425 2493 1481 dulserunt.
2534 1423 2603 1479 Ut
2629 1440 2660 1479 a
2697 1426 2879 1494 priore
2926 1423 3138 1502 ordiar,
3182 1421 3450 1491 repetenda
3475 1422 3631 1476 illam

2193 1516 2479 1587 imprimis,
2524 1532 2647 1586 qua:
2703 1515 2771 1571 de
2817 1514 3088 1570 Chaldais
3127 1523 3182 1568 et
3232 1511 3471 1583 :Egyptiis
3494 1513 3631 1567 tralia-

2194 1624 2317 1665 mus
2343 1609 2519 1678 capite
2543 1607 2757 1678 primo;
2784 1620 3021 1677 quanam
3051 1605 3306 1661 videlicet
3337 1604 3509 1657 ratione
3526 1605 3633 1674 signo-

2196 1716 2315 1755 rum
2346 1701 2652 1755 crelestium
2691 1699 3041 1770 partitionem
3090 1698 3438 1753 instituerint.
3463 1695 3633 1765 [nsum

2121 1772 2165 1827 Β
2191 1791 2334 1846 enim
2363 1790 2673 1860 quampiam
2703 1796 2963 1844 notarunt
2987 1789 3043 1842 iu
3074 1790 3218 1843 caelo
3255 1788 3464 1851 stellam,
3490 1803 3513 1839 a
3544 1788 3635 1855 csju

2192 1883 2497 1939 emersione
2518 1883 2750 1953 primum
2780 1882 3286 1938 dodecatemorium
3316 1882 3369 1935 in
3386 1880 3633 1951 aequinoctii

2193 1975 2401 2029 circulo
2429 1974 2806 2051 designaruut.
2839 1974 2959 2039 Quo
2985 1972 3143 2028 initio
3157 1970 3631 2038 constitutum

2193 2067 2381 2122 circuli
2407 2067 2575 2122 totius
2605 2063 2998 2136 anaphoricum
3023 2072 3240 2134 tempus
3262 2063 3634 2133 horarummur

2193 2170 2247 2214 et
2269 2158 2483 2229 viginti,
2514 2157 2799 2214 duodecim
2834 2157 2889 2212 in
2923 2164 3110 2229 partes
3134 2173 3200 2212 ex
3229 2171 3381 2226 aequo
3409 2155 3632 2209 diviseml:

2193 2261 2424 2316 quarum
2447 2245 2690 2317 singulas
2722 2246 2846 2302 aliis
2870 2246 3056 2301 itidem
3086 2246 3266 2301 stellis
3295 2246 3401 2301 sive
3426 2245 3471 2298 in
3485 2243 3632 2303 zodiaca.

2163 2391 2167 2397 .
2194 2338 2309 2393 sive
2334 2346 2489 2393 extra
2521 2338 2698 2408 ipsum
2730 2337 2946 2408 positis,
2978 2347 3035 2392 et
3059 2338 3255 2396 iisdem
3275 2339 3518 2393 momentis
3534 2351 3634 2387 oren-

2195 2431 2363 2493 tibus.
2388 2431 2535 2485 velut
2561 2430 2735 2499 signis
2802 2445 2869 2484 ac
2900 2430 3169 2487 limitibus
3216 2426 3631 2501 descripserunt:

2195 2524 2393 2595 quippe
2421 2522 2618 2579 Sextus
2643 2522 2952 2595 Empiricus
2980 2523 3163 2589 docet,
3192 2523 3350 2594 primi
3379 2521 3633 2576 dOtlecaler'

2194 2615 2262 2671 rii
2307 2614 2591 2686 designato
2645 2615 2936 2686 principio,
2982 2625 3182 2670 caetera
3233 2613 3461 2685 :equabili
3495 2610 3631 2681 partita

2194 2707 2591 2778 aequinoctialis
2648 2707 2918 2765 divisione
2959 2723 3085 2764 esse
3131 2716 3426 2763 numerata.
3466 2702 3636 2770 Quand:-

2197 2789 2336 2852 rem’
2369 2796 2462 2867 qui
2509 2797 2650 2852 bona
2683 2796 2788 2852 lide
2833 2811 2897 2852 ac
2923 2798 3069 2853 serio
3085 2797 3339 2852 cardines
3373 2797 3420 2850 in
3445 2792 3578 2849 mediis
3592 2790 3635 2843 ἐρ

2197 2887 2340 2958 guis,
2379 2888 2463 2943 vel
2497 2887 2731 2949 Octavis,
2759 2888 2991 2958 aliisque
3028 2889 3284 2958 partibus
3318 2890 3529 2942 fixerunt.
3559 2882 3636 2934 reri

2195 2975 2373 3031 simile
2397 2984 2481 3031 est
2500 2991 2595 3033 eos
2625 2977 2842 3031 initium
2884 2976 3048 3047 primi
3089 2974 3485 3033 dodecatemorii
3509 2986 3580 3026 non
3601 2972 3637 3021 al

2196 3062 2312 3133 ipsa
2337 3065 2735 3136 atquinoctialis
2783 3074 2838 3122 et
2868 3066 3076 3122 zodiaci
3107 3067 3470 3123 intersectioue
3490 3064 3637 3133 copim

2195 3160 2293 3215 sed
2324 3158 2604 3228 aliquanto
2628 3166 2757 3214 aute
2786 3158 2965 3230 spatio
3006 3176 3020 3212 :
3053 3158 3205 3230 quod
3233 3160 3289 3213 in
3315 3156 3504 3228 reliquis
3526 3154 3639 3208 deinde

2194 3244 2470 3305 servatum
2504 3258 2608 3305 est.
2639 3247 2779 3304 Cum
2822 3258 3002 3304 autem
3031 3248 3100 3303 ab
3151 3248 3350 3318 insigni
3387 3247 3530 3315 aliqua
3551 3242 3638 3296 stella

2192 3357 2374 3397 verna:
2404 3341 2742 3411 tempestatis
2776 3340 2990 3395 initium
3024 3340 3298 3411 auspicati
3342 3340 3452 3401 siut,
3477 3337 3535 3389 uti
3561 3330 3640 3385 dixi-

2195 3447 2338 3498 mus,
2369 3432 2601 3502 eligatur
2622 3431 2780 3486 stella
2818 3430 2930 3493 illa,
2961 3444 3085 3500 qua:
3123 3429 3180 3483 in
3219 3425 3513 3498 praecedente
3539 3431 3638 3474 cum

2194 3533 2278 3577 est
2304 3521 2524 3576 Arietis.
2556 3518 2633 3573 Ea
2652 3534 2717 3574 ex
2751 3517 3167 3573 accuratissima
3192 3513 3448 3586 Tychouis
3479 3508 3639 3562 obscur

2197 3614 2344 3668 tione
2372 3627 2517 3667 anno
2541 3611 2745 3666 Christi
2788 3624 2893 3664 unc
2937 3610 3043 3664 sita
3091 3618 3213 3663 erat
3261 3609 3313 3661 in
3349 3601 3489 3676 gradu
3520 3594 3640 3651 Arietis

2193 3705 2284 3772 27,
2311 3705 2416 3768 56',
2470 3704 2628 3775 cujus
2655 3702 2885 3758 latitudo
2927 3700 3194 3774 graduum
3232 3708 3314 3754 est
3341 3698 3387 3760 7,
3408 3689 3638 3757 820mm:

2201 3813 2331 3853 vero
2368 3797 2618 3852 stellatus
2659 3795 2811 3851 orbis
2862 3794 2921 3849 in
2972 3790 3357 3863 consequentia
3400 3784 3639 3840 movetur.ei

2197 3890 2360 3944 annis
2387 3888 2608 3944 circiter
2628 3887 2845 3942 duobus
2865 3893 2921 3941 et
2954 3885 3297 3956 septuaginta
3329 3877 3516 3952 gradum
3533 3866 3639 3924 aliud

2197 3983 2275 4036 vit
2328 3995 2520 4044 unum,
2578 3977 2706 4035 inde
2756 3980 3003 4050 sequitur
3045 3986 3172 4033 ante
3221 3976 3413 4045 aliquot
3453 3959 3636 4023 secubil

2197 4073 2377 4144 ipsum
2426 4086 2607 4127 vernae
2651 4069 2910 4126 sectiouis
2960 4078 3222 4139 punctum
3270 4061 3493 4119 incidisse
3511 4052 3637 4109 stth

2197 4165 2380 4229 istam,
2422 4178 2487 4218 ac
2515 4178 2706 4218 rursus
2749 4161 3150 4231 antiquioribus
3194 4156 3400 4215 saeculis
3431 4146 3530 4205 illud
3551 4151 3637 4196 mle-

2198 4257 2431 4312 vcnisse.
2479 4253 2678 4310 Verum
2700 4268 2809 4307 non
2834 4259 2944 4306 tam
2974 4250 3081 4305 loci
3110 4250 3306 4321 ipsius,
3332 4245 3414 4317 qui
3445 4236 3637 4296 iutodim

2198 4350 2368 4405 stellae
2388 4348 2664 4418 competit,
2693 4345 2898 4417 quique
2928 4342 3235 4397 latitudinis
3267 4338 3453 4395 circulo
3485 4328 3637 4396 desim

519 4425 625 4481 hac
650 4426 704 4480 in
732 4441 809 4490 re,
840 4442 1002 4498 quam
1023 4427 1335 4484 Columella:
1357 4430 1428 4485 sit
1451 4430 1617 4497 lides;
1656 4440 1716 4485 ut
1739 4433 1831 4500 qui
1865 4441 2017 4489 tanto
2037 4443 2094 4488 et
2125 4445 2171 4504 ί)
2198 4450 2307 4505 tur,
2332 4455 2495 4509 quam
2517 4417 2868 4494 ascensionis
2894 4435 3037 4491 illius
3077 4435 3313 4505 obliqua:
3344 4424 3539 4486 ducenda
3560 4417 3637 4517 tua

519 4516 814 4588 antiquior,
855 4527 909 4573 et
956 4519 1150 4574 harum
1204 4536 1388 4576 rerum
1439 4520 1833 4593 intelligentior
1867 4566 1883 4593 ,
1927 4533 1982 4580 et
2034 4526 2085 4581 in

520 4614 958 4663 astronomorum
1016 4617 1260 4667 veterum
1309 4613 1544 4670 lectione
1598 4614 1869 4683 detritior,
1922 4633 2088 4690 quam

517 4698 839 4764 Columella,
868 4700 1052 4757 fuerit.
1084 4700 1149 4756 Et
1179 4710 1360 4759 tamen
1378 4704 1543 4774 hujus
1568 4708 1896 4766 auctoritate
1919 4712 2090 4781 pleri-

518 4802 627 4858 que
665 4802 856 4844 omnes
890 4789 1235 4846 adducuntur
1263 4791 1444 4858 hodie,
1476 4805 1534 4849 ut
1559 4797 1954 4868 antiquissimis
1990 4816 2089 4857 sae-

517 4879 658 4934 culis
703 4880 1015 4937 existiment
1051 4883 1262 4941 octavis
1310 4886 1557 4955 partibus
1599 4888 1878 4960 signorum
1917 4892 2118 4963 aqui?

518 4973 700 5027 noctia
720 4982 774 5028 et
790 4975 1023 5031 solstitia
1041 4978 1110 5032 ab
1125 4982 1453 5035 astronomis
1467 4980 1710 5035 mandari
1728 4983 1908 5037 solita.
1933 4982 2087 5049 Quod

518 5076 632 5131 prae
656 5065 866 5120 caeteris
894 5065 1054 5123 enixe
1081 5074 1264 5122 tuetur
1300 5066 1547 5139 Scaliger
1587 5088 1601 5125 :
1639 5071 1747 5125 imo
1777 5072 1999 5127 unicum
2034 5073 2087 5128 id

518 5151 611 5206 ille
634 5151 1042 5209 fundamentum
1076 5155 1127 5211 ei
1163 5156 1425 5212 doctrinae
1463 5159 1754 5224 suLStruit,
1812 5176 1975 5231 quam
2020 5160 2088 5219 de

518 5240 831 5297 Graecorum
852 5252 1278 5317 caeterorumque
1298 5250 1618 5321 populorum
1655 5253 1814 5308 annis
1843 5253 2087 5324 explica-

516 5336 615 5389 vit.
648 5336 753 5391 Sed
794 5353 970 5410 neque
1023 5339 1267 5397 funditus
1298 5344 1604 5413 negaverim
1633 5344 1823 5412 fuisse,
1846 5347 2081 5416 quiante

515 5426 883 5498 Hipparchum
915 5432 1165 5489 cardines
1193 5434 1322 5498 alio,
1353 5451 1513 5505 quam
1546 5438 1600 5491 in
1628 5439 1909 5509 signorum
1929 5439 2085 5495 initia

515 5520 848 5577 contulerint
885 5542 898 5578 :
930 5525 1090 5594 quod.
1135 5525 1420 5591 Geminus,
1467 5529 1795 5594 Columella,
1843 5532 2083 5589 Achilles

515 5612 730 5678 Tatius,
749 5615 949 5685 aliique
992 5615 1342 5687 conﬁrmant;
1383 5627 1440 5675 et
1473 5635 1503 5674 a
1535 5612 1682 5677 Julio
1711 5621 1975 5689 Casare,
2013 5639 2080 5679 ex

510 5708 789 5760 communi
820 5705 1007 5777 utique
1053 5722 1117 5765 ac
1147 5719 1363 5781 recepta
1400 5713 1693 5779 sententia,
1727 5713 1870 5773 idem
1901 5714 1957 5770 in
1991 5729 2088 5773 an-

2196 4542 2302 4597 est,
2336 4542 2398 4587 ut
2423 4547 2586 4602 quam
2621 4532 2679 4585 in
2709 4540 2917 4601 partem
2939 4518 3634 4591 dodecatemoriimquinocw

2190 4624 2508 4691 incurrerit,
2531 4622 2804 4678 aestimare
2835 4620 3130 4691 possimus.

2260 4714 2542 4772 Scribebat
2571 4711 2637 4766 ad
2663 4725 2751 4766 me
2765 4708 3093 4765 Godefridus
3118 4698 3635 4785 Vendeliuusniraslrr

2189 4808 2386 4861 nomia:
2410 4801 2737 4873 cumprimis
2774 4800 3006 4871 peritus,
3040 4800 3189 4854 circa
3206 4811 3396 4852 annum
3425 4798 3520 4844 ante

2189 4896 2260 4952 sti
2294 4909 2459 4950 teram
2508 4894 2669 4957 1265,
2703 4893 2799 4964 qui
2845 4900 2930 4948 est
2955 4891 3167 4963 periodi
3212 4890 3337 4946 Julii
3374 4885 3503 4944 5450.
3539 4873 3635 4928 ﬁt”

2188 4997 2402 5057 tempus
2456 4985 2591 5040 illud
2642 4963 2832 5052 fuiSse,
2887 5000 2998 5053 quo
3037 4984 3291 5040 ascensio
3335 4982 3490 5053 prima

2188 5080 2357 5138 stella:
2388 5078 2703 5150 quindecim
2723 5076 2985 5150 gradibus
3010 5076 3357 5131 antecedebat
3373 5060 3635 5141 aequisoni“

2188 5185 2437 5227 vernum.
2475 5168 2600 5237 Quo
2641 5169 2807 5225 etiam
2853 5176 3100 5239 tempore
3139 5165 3417 5224 Neomenia
3454 5152 3634 5243 Τιιυιδνέί

2187 5272 2343 5319 ortus
2388 5261 2671 5325 caniculae,
2725 5267 2781 5316 et
2827 5261 3151 5325 solstitium,
3199 5275 3265 5315 ac
3313 5247 3575 5311 novilunium
3606 5250 3633 5287 ιι

2187 5351 2436 5408 eumdem
2462 5353 2605 5407 diem
2661 5349 2996 5417 inciderunt,
3044 5350 3137 5421 qui
3181 5359 3299 5405 erat
3332 5344 3440 5401 Julii
3480 5334 3630 5429 quini“:

2188 5443 2353 5514 idque
2380 5444 2436 5498 in
2468 5442 2869 5513 Hcliopolitano
2910 5448 3095 5498 tractu
3127 5460 3141 5495 :
3173 5439 3317 5512 quod
3343 5437 3399 5491 ad
3423 5430 3633 5514 tucnlllllf’n

2189 5509 2529 5603 posteritatis
2558 5509 2771 5603 insigne
2798 5532 3014 5588 initium
3042 5509 3207 5590 dedit
3232 5530 3466 5587 Sothiaca:
3479 5509 3629 5603 permit

2189 5626 2348 5698 cujus
2376 5626 2621 5681 meminit
2646 5625 2895 5682 Clemens
2922 5625 3324 5694 Alexandrinus
3361 5620 3518 5677 Suam.
3536 5600 3630 5698 ψ

2192 5716 2450 5775 trecentis
2471 5714 2833 5786 quadraginta
2863 5716 3109 5789 quinque
3143 5718 3301 5774 anuis
3330 5719 3433 5786 pos!
3454 5701 3628 5774 5‘53"”
