3808 6308
111 306 242 362 1ὂ55

922 292 1384 362 msssmarto
1423 303 1512 359 DE
1549 299 1737 361 on'm
1777 301 1866 359 E'l‘
1905 302 2175 362 occasu
2221 298 2550 360 summm.

3205 298 3343 360 £554

109 437 226 476 nem
261 419 632 477 lsraelitarum
661 437 726 477 ex
752 421 1006 494 :Egypto,
1054 423 1338 494 periodum
1378 423 1519 478 banc
1559 437 1672 479 cm-
1700 431 1747 488 Α
1773 424 2024 479 cardines
2049 425 2103 478 in
2120 423 2365 479 eamdem
2383 418 2951 480 dodecatemoriorum
2975 435 3198 477 suorum
3216 437 3344 492 par-

109 511 250 581 pisse
303 512 519 566 scribit.
558 513 634 566 lta
670 512 723 566 in
756 512 968 570 Grmco.
1010 513 1081 568 At
1111 514 1382 585 interpres
1416 515 1679 585 quadrin-

110 609 296 670 gentos
339 604 544 673 posuit.
572 602 676 658 Per
703 602 842 659 idem
895 615 1109 676 tempus
1153 616 1270 661 erat
1310 607 1482 677 prima
1524 608 1679 661 stella

109 695 311 750 Arietis
344 696 399 750 in
439 696 610 766 gradu
644 695 882 751 Piscium
921 698 1009 760 17,
1061 699 1160 763 12’,
1213 709 1267 753 et
1303 698 1680 769 :rquinoctiale

109 792 370 856 punctum
407 788 764 845 antecedebat
789 789 1049 858 gradibus
1079 790 1162 853 l2,
1181 792 1283 855 218',
1313 792 1418 846 hoc
1442 801 1522 847 est
1542 799 1681 846 tem-

110 876 354 947 poribus,
381 880 854 936 ascensionalibus
881 882 1213 950 quindecim.
1257 883 1397 940 Sane
1431 884 1533 938 isto
1563 884 1680 953 ipso

110 984 250 1022 anno
281 969 513 1039 primam
541 970 742 1028 Arietis
771 989 834 1028 cx
867 974 1122 1028 methodo
1153 983 1342 1030 nostra
1371 975 1680 1046 deprehen-

109 1061 287 1117 dimus
318 1062 374 1116 in
411 1061 650 1118 Piscium
678 1065 764 1128 17,
802 1065 885 1120 50¹
919 1085 932 1121 :
963 1068 1214 1122 ascensio
1243 1076 1388 1122 recta
1417 1069 1680 1138 graduum

105 1152 242 1216 346;
271 1153 495 1220 obliqua
527 1170 654 1209 vero
679 1154 934 1226 Memphi,
981 1165 1076 1210 aut
1101 1156 1384 1228 Heliopoli,
1414 1158 1680 1228 graduum

107 1243 240 1307 515,
284 1243 354 1306 6',
407 1245 480 1297 ita
532 1254 590 1298 ut
643 1247 952 1316 quindecim
991 1249 1250 1318 gradibus
1295 1251 1680 1320 mquinoctium

107 1335 411 1390 antecedat.
436 1334 784 1391 Novilunium
818 1353 1004 1393 verum
1035 1340 1088 1394 in
1120 1343 1308 1396 eodem
1336 1349 1512 1396 tractu
1542 1357 1686 1396 como

115 1425 348 1480 missum
389 1427 620 1482 estJulii
658 1446 730 1490 IV,
758 1430 889 1482 liora
914 1430 1000 1494 1‘2,
1031 1431 1135 1490 46'.
1177 1449 1300 1486 cum
1336 1434 1489 1489 locus
1520 1450 1682 1489 verus

105 1517 241 1572 solis
267 1526 421 1574 esset
455 1520 510 1573 in
561 1519 911 1576 Geminorum
955 1523 1043 1588 39,
1086 1523 1188 1579 19'.
1226 1525 1404 1591 Quare
1435 1527 1682 1596 sequenti

110 1607 215 1686 die,
252 1608 392 1663 hora
422 1609 612 1678 quinta
647 1614 909 1666 matutina
959 1614 1013 1667 in
1049 1615 1169 1684 ipso
1207 1615 1400 1671 Caneri
1448 1619 1683 1673 solstitio

107 1697 230 1752 fuit.
257 1697 315 1753 In
365 1700 561 1755 eodem
605 1702 804 1756 Cancri
848 1704 1018 1774 gradu
1065 1706 1238 1776 primo
1276 1708 1594 1762 versabatur
1627 1719 1682 1764 et

1778 520 1887 568 tem
1918 513 2228 578 inciderint,
2261 522 2484 584 quotam
2525 514 2580 568 in
2636 514 2811 584 primo
2859 512 3062 570 Arietis
3100 515 3344 584 aequinoa

1778 602 1947 657 ctium
1976 618 2200 658 vernum
2229 611 2544 674 occuparat.

1791 731 1796 736 ~
1851 694 1963 750 Sub
1991 697 2203 750 initium
2237 712 2359 751 aera:
2382 695 2774 763 Nabonassari,
2806 711 2929 752 cum
2952 692 3156 752 Arietis
3187 697 3344 753 stella

1779 786 1834 840 in
1871 784 2106 839 Piscium
2150 786 2321 856 gradu
2375 787 2479 841 sita
2520 795 2667 842 esset
2700 786 2792 851 25,
2844 787 2899 840 in
2942 785 3345 857 Heliopolitano

1782 884 1958 931 tractu
2001 878 2220 946 obliqua
2252 876 2353 931 fuit
2397 878 2649 933 ascensio
2693 875 2956 946 graduum
2989 877 3113 943 550,
3141 893 3205 933 ac
3249 878 3347 934 de-

1782 983 1898 1022 cem
1926 968 2184 1038 gradibus
2207 967 2534 1048 aequinoctio
2566 974 2685 1022 erat
2713 969 2973 1024 anterior.
3007 969 3131 1041 Cyri
3156 984 3343 1039 porro,

1782 1075 1846 1114 ac
1884 1058 2128 1115 Thaletis
2171 1059 2393 1122 saeculo,
2439 1059 2494 1113 in
2527 1059 2719 1114 eodem
2768 1062 2899 1122 situ,
2942 1059 3142 1116 Arietis
3187 1062 3345 1117 stella

1779 1151 1890 1221 jam
1942 1153 2007 1206 ad
2040 1153 2283 1208 Piscium
2320 1152 2390 1207 28
2423 1167 2737 1222 progressa,
2786 1154 3035 1209 ascensio
3065 1153 3166 1208 fuit
3207 1155 3348 1210 obli-

1785 1258 1890 1312 qua
1917 1242 2181 1312 graduum
2224 1242 2347 1306 5-52,
2381 1249 2544 1311 atque
2582 1243 2635 1296 in
2667 1249 2858 1298 octavo
2888 1243 3057 1312 gradu
3095 1243 3349 1297 commit-

1783 1334 2000 1388 tebatur
2029 1335 2439 1404 aequinoctium.
2471 1332 2594 1388 Haec
2627 1334 2680 1386 in
2721 1333 2888 1389 certis
2919 1334 3197 1404 signorum
3223 1349 3348 1406 par-

1785 1425 1931 1480 tibus
1960 1424 2367 1480 statuendorum
2400 1423 2684 1478 cardinum
2717 1423 2857 1478 ratio
2880 1422 3172 1478 identidem
3194 1423 3352 1478 adhi-

1783 1516 1901 1570 beri
1946 1516 2142 1585 potuit,
2179 1517 2480 1570 secundum
2525 1528 2587 1570 ea
2624 1530 2746 1586 qua:
2780 1531 2812 1570 e
2859 1513 3026 1570 Sexto
3075 1513 3348 1585 Empii-ico

1785 1623 1907 1678 cap.
1938 1607 1955 1660 l
1985 1607 2405 1662 declaravimus.

1858 1700 1962 1754 Sed
2012 1715 2121 1753 non
2175 1701 2356 1753 minus
2394 1706 2447 1753 et
2481 1691 2570 1752 illa
2618 1693 2916 1768 probabilis
2965 1705 3087 1764 est,
3132 1689 3250 1767 quae
3281 1713 3351 1752 ex

107 1791 308 1856 Sirius,
343 1792 437 1862 qui
464 1801 578 1846 tum
621 1802 801 1848 ortum
839 1798 1160 1852 matutinum
1207 1814 1326 1853 cum
1354 1801 1468 1856 sole
1515 1800 1681 1857 facie-

1797 1788 2090 1860 liipparcbo
2134 1789 2445 1858 colligitur,
2493 1789 2548 1843 in
2597 1804 2706 1858 qua
2765 1791 3044 1844 stellarum
3099 1787 3238 1844 situs
3293 1789 3352 1842 in

108 1883 200 1936 bat
230 1883 410 1954 prima
445 1884 532 1939 die
554 1884 754 1951 Thoth,
789 1904 909 1959 qua:
937 1891 988 1943 in
1019 1891 1268 1945 eumdem
1305 1892 1494 1947 incidit
1517 1893 1680 1950 diem.

171 1976 294 2033 Non
322 1978 553 2034 dubium
585 1988 669 2036 est
697 1981 829 2052 quin
869 1982 1206 2042 admirabilis
1229 1985 1316 2040 hic
1351 2002 1529 2042 rerum
1553 2003 1687 2057 qua-

106 2081 230 2123 tuor
265 2069 322 2127 in
358 2070 503 2125 idem
534 2078 751 2142 tempus
783 2089 1110 2138 concursus,
1138 2076 1448 2133 Neomenia:
1483 2078 1683 2144 Tlinth,

103 2161 248 2216 lunae
289 2161 491 2231 ipsius,
524 2170 680 2218 ortus
709 2165 841 2219 Sirii
874 2175 927 2222 et
950 2168 1193 2234 solstitii,
1224 2169 1366 2239 apud
1399 2169 1686 2241 Aigyptios

101 2254 444 2324 singularem
489 2255 920 2312 observationem
968 2261 1248 2326 meruerit,
1307 2268 1367 2314 ut
1409 2260 1524 2314 haec
1560 2276 1688 2330 pro-

103 2345 232 2400 inde
255 2346 496 2415 insignis
521 2347 728 2416 epoeha
778 2347 964 2414 fuerit,
1010 2351 1229 2405 tametsi
1275 2353 1420 2406 nulla
1461 2351 1582 2421 ejus
1630 2353 1687 2406 in

103 2435 484 2490 monumentis
511 2445 751 2491 veterum
783 2441 1044 2494 memoria
1087 2442 1346 2521 supersit.
1393 2444 1569 2513 Atque
1595 2443 1687 2498 ille

105 2526 326 2582 demum
361 2543 541 2582 annus
563 2536 689 2583 ante
715 2528 1009 2598 'l'rojanum
1028 2531 1299 2586 excidium
1318 2534 1683 2599 centesimus;

102 2626 228 2686 post
255 2618 641 2687 migrationem
669 2635 733 2674 ex
786 2619 1040 2691 IEgypto,
1087 2622 1498 2680 ducentesimus
1540 2625 1688 2680 vice-

101 2709 280 2764 simus
335 2709 604 2778 septimus
663 2718 880 2779 putatur
909 2713 964 2764 in
1016 2720 1202 2768 nostra
1233 2714 1616 2787 Chronologia,
1655 2733 1687 2771 a

101 2815 214 2869 quo
238 2800 371 2868 jure
405 2798 624 2869 quidem
659 2799 910 2856 Sothiaca
941 2804 1463 2872 periodusinchoari
1489 2809 1684 2878 potuit.

177 2892 324 2946 Hinc
362 2892 498 2946 illud
542 2891 830 2964 Porphyrii
877 2895 1016 2949 libro
1037 2895 1112 2949 De
1154 2906 1306 2950 antro
1345 2900 1690 2968 nympharum

99 2986 249 3041 idem
315 2983 656 3041 Vendelinus
712 2987 954 3056 exponit,
1019 3002 1144 3042 cum
1202 2991 1277 3043 ait
1327 2989 1612 3062 Egyptios
1661 3009 1690 3046 a

99 3079 346 3143 Cancro,
375 3077 453 3131 uti
499 3075 775 3132 Romanos
831 3095 860 3131 a
907 3078 1263 3149 Capricorno,
1301 3098 1502 3137 annum
1554 3083 1692 3138 inci-

99 3183 273 3238 pere,
305 3140 471 3236 avtque
512 3167 580 3220 ab
636 3175 829 3222 exortu
878 3140 1116 3225 Sothios.
1179 3140 1495 3240 Atﬁmior;
1545 3174 1688 3245 ἀρχὴ
1717 3140 1759 3197 C

101 3258 269 3321 ἔτους
303 3257 402 3326 οὐχ
436 3255 738 3327 ’Υδροχόος,
773 3257 848 3320 ὡς
889 3257 1196 3330 Ῥωμαίοις,
1227 3260 1362 3314 ἀλλὰ
1395 3262 1685 3332 Καρκίνος.

98 3350 260 3422 Πρὸς
289 3348 400 3421 γὰρ
426 3347 504 3418 τῷ
534 3348 791 3419 Καρκίνῳ
823 3351 856 3420 ἡ
891 3350 1081 3416 Σῶθις,
1106 3353 1170 3422 ἢν
1203 3352 1378 3415 Κυνὸς
1414 3353 1618 3424 ἀστέρα
1641 3353 1692 3406 οἱ

98 3444 375 3516 Ἕλληνές
418 3460 571 3513 φασι.
606 3445 890 3515 Νουμηνία
923 3447 967 3500 δ’
1010 3448 1192 3512 αὐτοῖς
1225 3451 1258 3519 ἡ
1309 3448 1532 3512 Σώθεως
1564 3450 1694 3503 ἀνα-

97 3537 253 3607 τολὴ,
320 3536 587 3604 γενέσεως
642 3536 988 3607 κατάρχουσα
1031 3539 1128 3608 τῆς
1185 3541 1264 3602 εἰς
1315 3539 1406 3593 τὸν
1464 3540 1689 3611 κόσμον.

108 3627 420 3698 rfAigyptii
452 3642 655 3681 annum
685 3628 975 3682 ordiuntur
1007 3646 1112 3683 non
1139 3631 1208 3684 ab
1223 3630 1481 3701 Aquario,
1501 3641 1559 3685 ut
1584 3630 1695 3688 Ro-

98 3721 255 3773 mani
282 3737 297 3785 ;
322 3719 418 3772 sed
443 3733 473 3771 a
491 3719 719 3773 Cancro.
735 3719 870 3774 lluic
886 3721 1027 3775 enim
1047 3721 1200 3776 aﬂixa
1217 3721 1510 3789 Sothisest,
1529 3740 1693 3794 quam

97 3811 277 3866 Canis
315 3811 533 3865 stellam
560 3811 730 3867 Grmci
761 3813 1380 3870 nominant.Estautem
1405 3816 1540 3886 ipsis
1558 3815 1696 3872 Neo-

99 3904 293 3960 menia
327 3901 565 3958 Sotheos
608 3913 856 3969 exortus,
891 3922 1012 3975 qua:
1055 3907 1260 3961 mundo
1301 3909 1695 3977 procreationis

97 3992 329 4050 iniiium
352 3994 525 4049 dedit.
563 4014 581 4046 ι
619 3995 718 4050 llic
747 3997 814 4050 de
844 3997 1004 4050 initio
1034 3995 1232 4061 Cancri
1268 3998 1418 4068 loqui
1449 3998 1691 4054 videtur.

99 4085 293 4152 Quare
329 4093 545 4154 tempus
564 4085 692 4138 illud
717 4086 1058 4155 potissimum
1097 4087 1364 4158 intelligit,
1390 4101 1500 4156 quo
1525 4095 1684 4143 ortus

97 4181 393 4234 eosmicus
425 4176 555 4231 Sirii
585 4177 637 4230 in
661 4177 858 4232 Cancri
897 4178 1228 4248 principium
1260 4178 1515 4232 incurrit.
1560 4178 1701 4244 Quo-

97 4273 258 4326 circa
289 4309 305 4334 ,
343 4269 414 4332 si,
457 4278 518 4322 ut
562 4267 758 4324 Sextus
801 4269 1112 4340 Empiricus
1150 4276 1205 4324 et
1257 4269 1566 4324 Macrobius
1599 4270 1699 4324 do-

98 4369 264 4424 cent,
301 4360 744 4415 dodecatemoria
761 4361 992 4429 primum
1023 4376 1090 4416 ex
1122 4361 1500 4415 observatione
1529 4361 1699 4416 stellae

96 4454 450 4525 cujuspiam,
482 4459 536 4508 et
559 4452 982 4508 succedentibus
1007 4452 1393 4508 ascensionum
1432 4452 1692 4523 gradibus
1724 4476 1770 4534 ι)

93 4543 370 4616 aequabili
401 4542 697 4612 partitione
719 4543 1020 4598 constituta
1034 4550 1182 4606 sunt,
1210 4545 1288 4597 uti
1318 4544 1498 4613 capite
1516 4544 1694 4614 primo

95 4632 496 4697 meminimus,
537 4633 714 4702 potuit
759 4649 857 4702 per
894 4632 1029 4687 illud
1069 4641 1284 4704 tempus
1318 4634 1385 4690 ab
1422 4633 1695 4706 Egyptiis

93 4727 290 4797 prima
315 4724 411 4778 illa
461 4724 640 4777 notari
680 4724 834 4779 stella
873 4724 1108 4789 'Arietis,
1151 4726 1220 4779 ab
1247 4740 1418 4796 eaque
1451 4741 1699 4796 segmen-

93 4828 294 4873 torum
355 4815 556 4870 divisio
627 4817 948 4886 procedere;
1027 4832 1091 4871 ac
1157 4823 1272 4870 tum
1345 4818 1401 4872 in
1462 4816 1699 4871 medium

93 4909 277 4980 primi
315 4906 746 4961 dodecatemorii
794 4921 1020 4962 vernum
1062 4907 1450 4978 aequinoctium
1494 4907 1700 4963 incide-

93 5015 184 5061 ret
212 5025 228 5061 :
268 5003 447 5075 quod,
480 5003 649 5058 semel
673 5003 744 5058 ab
785 5003 894 5059 illis
921 5004 1224 5070 decretum,
1256 5005 1324 5059 ad
1362 5006 1568 5076 aliquot
1599 5020 1702 5061 sre-

90 5099 232 5153 cula
301 5103 664 5166 prapagatum
715 5095 903 5159 fuerit,
939 5095 1113 5152 donec
1155 5097 1500 5168 μετάπτωσις
1534 5098 1703 5153 stellae

92 5191 277 5245 istius
311 5188 374 5241 in
425 5187 822 5256 consequentia
864 5187 1106 5243 discerni
1149 5189 1404 5244 sensibus
1455 5198 1642 5258 posset
1683 5208 1698 5245 :

89 5297 162 5338 ac
188 5276 533 5350 singillatim
553 5276 868 5357 duodecim,
896 5286 1044 5344 octo,
1078 5294 1194 5345 sex,
1222 5288 1528 5350 quatuorve
1558 5287 1703 5335 tem-

90 5373 348 5444 poribus
366 5370 1117 5442 dwatcpoptxotgaequinoctium
1141 5378 1529 5428 anteverteret.
1550 5370 1706 5428 Unde

89 5466 362 5521 varietas
387 5461 482 5516 illa
511 5463 908 5518 sententiarum
941 5477 1108 5532 super
1145 5463 1434 5518 cardinum
1463 5479 1707 5518 momen-

91 5561 170 5612 tis
236 5566 434 5611 ortum
485 5553 739 5608 habuerit
772 5555 1011 5609 :etenim
1059 5555 1222 5624 primi
1276 5555 1706 5611 dodecatemorii

91 5650 273 5705 initio
308 5645 636 5707 constituto,
675 5654 876 5700 caetera
923 5645 1186 5716 deinceps
1234 5646 1492 5716 aequabili
1531 5647 1704 5716 parti-

91 5742 264 5796 tione
298 5735 565 5792 distincta
589 5742 757 5798 sunt;
793 5750 857 5789 ex
894 5750 1004 5805 quo
1035 5733 1241 5791 factum
1283 5745 1388 5812 est,
1418 5735 1613 5805 reliqui
1645 5744 1707 5791 ut

408 5827 680 5888 Punct.
710 5827 829 5888 Gn.
854 5827 1026 5889 XIX.

1783 1882 2150 1952 aequinoctiali
2180 1883 2263 1937 vel
2287 1882 2671 1952 aequidistante
2688 1881 2896 1938 circulo
2914 1879 3233 1954 designatur
3255 1896 3354 1953 per

1784 1977 2004 2028 coluros
2031 1988 2060 2026 a
2081 1973 2270 2028 mundi
2302 1975 2429 2044 polo
2460 1989 2556 2043 per
2597 1982 2846 2029 centrum
2896 1974 3066 2029 stellae
3093 1971 3352 2043 trajectos

1785 2066 1852 2118 ad
1902 2065 2362 2134 aequinoctialem.
2418 2064 2570 2118 lianc
2615 2065 2663 2120 si
2719 2065 3020 2136 sequimur,
3074 2065 3353 2135 aliquanto

1785 2156 1948 2210 etiam
1981 2155 2322 2211 commodius
2349 2155 2574 2223 incidet,
2601 2165 2818 2210 utanno
2845 2159 2962 2220 illo,
2997 2173 3157 2226 quem
3188 2171 3355 2226 supra

1786 2247 2131 2302 deﬁnivimus
2194 2254 2273 2302 tot
2327 2262 2510 2301 rerum
2567 2263 2841 2303 concursu
2907 2249 3366 2312 memorabilem,

1785 2340 2168 2412 aequinoctium
2208 2340 2262 2393 in
2306 2349 2458 2410 parte
2495 2339 2561 2392 15
2591 2341 2890 2409 contingat.
2926 2338 3060 2394 Nam
3105 2340 3354 2394 ascensio

1785 2440 1934 2488 recta
1957 2433 2188 2502 partium
2214 2430 2486 2485 invenitur
2519 2430 2642 2494 346,
2666 2446 2809 2484 anno
2831 2429 3035 2500 periodi
3055 2424 3163 2486 Jul.
3186 2426 3350 2495 ⁸5150,

1787 2525 1860 2579 ita
1892 2535 1950 2579 ut
1981 2525 2362 2594 aequinoctium
2392 2523 2614 2592 praecise
2650 2523 2702 2577 in
2735 2524 2963 2594 gradum
2991 2523 3057 2578 15
3084 2523 3352 2578 incurrat.

1787 2615 1947 2669 Anno
1990 2629 2118 2668 vero
2156 2603 2526 2668 Nabonassari
2573 2613 2750 2682 primo
2792 2611 3000 2681 periodi
3045 2609 3153 2667 Jul.
3187 2606 3351 2677 3967,

1789 2707 2042 2763 ascensio
2091 2713 2239 2760 recta
2293 2705 2527 2774 partium
2580 2711 2696 2759 erat
2738 2703 2861 2770 552,
2905 2698 3021 2770 ὃιῗς
3053 2709 3356 2774 octavoque

1790 2799 1918 2854 inde
1949 2797 2115 2868 gradu
2148 2796 2529 2866 aequinoctium
2560 2796 2740 2850 fiebat.

1859 2892 1986 2946 Ilazc
2018 2890 2285 2962 posterior
2312 2888 2599 2944 methodus
2627 2890 2796 2954 priori
2822 2907 2928 2945 non
2958 2902 3026 2946 eo
3053 2890 3226 2948 solum
3254 2904 3359 2944 no-

1790 2985 1938 3040 mine
1969 2982 2306 3052 prteferenda
2335 2981 2502 3046 venit,
2539 2983 2684 3053 quod
2708 2983 2952 3039 eamdem
2978 2999 3100 3038 cum
3135 2983 3227 3038 illa
3255 2997 3358 3054 op-

1793 3077 2184 3146 portunitatem
2212 3074 2463 3136 afl'erens,
2509 3075 2613 3134 hoc
2651 3075 2812 3131 habet
2850 3076 3093 3147 insuper,
3130 3087 3187 3130 ut
3225 3070 3360 3147 Ilip-

1793 3168 1980 3238 parchi
2013 3176 2386 3236 veterumque,
2439 3179 2505 3219 eo
2553 3176 2723 3232 teste,
2769 3167 2965 3222 rationi
3018 3166 3192 3237 magis
3230 3182 3358 3220 con-

1793 3267 2052 3316 sentanea
2079 3260 2173 3324 sit,
2205 3260 2297 3315 sed
2323 3260 2483 3314 etiam
2516 3260 2661 3331 quod
2693 3259 2822 3312 illud
2855 3258 3092 3317 exhibet.
3126 3267 3184 3313 ut
3209 3257 3356 3313 circa

1790 3351 2160 3407 Nabonassari
2212 3353 2474 3422 epocbatu
2531 3354 2585 3406 in
2631 3337 2876 3406 octavam
2932 3350 3356 3405 dodecatemorii

1793 3455 1998 3514 partem
2023 3445 2410 3515 aequinoctium
2439 3451 2726 3515 competat.
2759 3441 2886 3499 Haec
2911 3443 3054 3498 enim
3088 3452 3156 3496 ex
3181 3439 3360 3496 omni-

1794 3535 1898 3596 bus
1925 3535 2126 3588 usitata
2164 3535 2400 3590 maxime
2429 3549 2494 3588 ac
2521 3534 2737 3604 longius
2779 3533 2846 3587 ad
2876 3540 3124 3603 pOSteros
3159 3543 3359 3602 prepa-

1795 3637 1918 3698 gata
1944 3626 2161 3681 videtur
2183 3626 2390 3696 opinio,
2420 3641 2540 3697 qua:
2567 3625 2818 3680 cardines
2839 3624 3048 3679 octavis
3077 3619 3360 3694 signorum

1794 3717 2043 3787 partibus
2075 3717 2316 3788 illigabat
2352 3718 2532 3789 :quod
2566 3714 2701 3772 adeo
2728 3716 2828 3772 sub
2874 3715 3157 3770 exordium
3201 3713 3364 3779 nobi-

1795 3810 2018 3866 lissimae
2039 3811 2185 3867 illius
2209 3826 2331 3867 terte
2357 3812 2712 3866 constitutum
2743 3826 2772 3864 a
2803 3808 3067 3866 Chaldaeis
3099 3807 3154 3862 in
3187 3802 3364 3878 Baby;

1795 3902 1944 3957 lonia
1975 3903 2147 3960 fuisse
2181 3903 2306 3974 jure
2338 3904 2608 3976 suspicari
2652 3904 2796 3968 licet,
2844 3903 3077 3983 indeque
3107 3900 3174 3956 ad
3203 3907 3366 3956 cate-

1796 4008 1891 4049 I'OS
1923 4008 2198 4050 manasse.

1867 4083 2185 4138 Ammianus
2229 4083 2576 4140 Marcellinus
2622 4085 2759 4140 libro
2785 4082 2971 4149 XXVI,
3013 4077 3106 4138 ubi
3137 4081 3205 4136 de
3237 4081 3367 4137 bis-

1798 4181 1954 4227 sexto
1979 4173 2110 4242 agit,
2135 4174 2377 4230 indicare
2397 4175 2613 4230 videtur
2643 4176 2699 4230 in
2727 4175 2928 4230 Arietis
2950 4172 3190 4230 secunda
3212 4179 3367 4242 parte

1799 4262 2074 4317 cardinem
2111 4271 2364 4319 constare
2393 4280 2457 4319 ex
2494 4273 2936 4319 astronomorum
2970 4269 3212 4318 veterum
3237 4276 3367 4316 sen-

1801 4353 2000 4415 tentia;
2034 4367 2157 4406 nam
2200 4344 2488 4420 Metonem,
2527 4344 2932 4418 Euctemonem,
2969 4351 3362 4424 Hipparchum,

1798 4452 1853 4500 et
1904 4443 2281 4499 Archimedem
2339 4449 2627 4508 recenset,
2688 4452 2740 4499 et
2794 4460 2996 4499 annum
3064 4450 3368 4498 vertentem

1797 4535 2064 4604 explicat,
2113 4554 2132 4585 ι
2160 4543 2220 4588 ut
2264 4536 2430 4590 verbo
2464 4543 2656 4602 tenus,
2713 4534 2759 4589 si
2824 4550 2855 4589 a
2893 4532 3134 4590 secunda
3188 4531 3367 4586 elatus

1798 4626 1998 4682 Arietis
2041 4626 2110 4680 ad
2151 4643 2270 4682 eam
2322 4627 2663 4683 dimensione
2717 4627 2939 4682 redierit
2987 4623 3301 4688 terminata,
3340 4640 3362 4675 ι

1798 4735 1959 4791 quem
2003 4719 2284 4776 cardinem
2316 4722 2561 4792 proxime
2608 4728 2735 4775 ante
2788 4718 3115 4774 nominarat.
3160 4713 3368 4770 Circuli

1801 4812 1941 4883 apud
1976 4813 2233 4884 antiquos
2266 4814 2320 4869 in
2343 4822 2527 4884 partes
2563 4812 2844 4882 sexaginta
2873 4806 3282 4870 dividebantur,
3306 4815 3371 4860 ut

1801 4920 1967 4974 supra
2001 4907 2320 4961 memoravi.
2348 4905 2488 4977 Ergo
2522 4903 2755 4975 singulis
2785 4899 3240 4958 dodecatemoriis
3266 4898 3371 4952 im-

1803 5006 2004 5065 putatae
2037 5007 2164 5052 sunt
2195 4997 2473 5068 quinque,
2523 5010 2756 5067 quarum
2798 5006 3136 5063 unaquaeque
3169 4988 3370 5062 gradus

1805 5088 2099 5145 hodiernos
2145 5091 2380 5146 habebat
2418 5106 2533 5146 sex.
2578 5089 2762 5159 Itaque
2813 5095 3042 5143 octavus
3089 5079 3371 5155 signorum

1803 5181 2004 5252 gradus
2048 5181 2116 5237 ad
2169 5183 2467 5238 secundam
2514 5181 2842 5254 pertinebat.
2880 5179 2993 5234 lloc
3030 5185 3214 5232 utrum
3265 5170 3376 5232 sibi

1803 5273 2037 5329 voluerit
2070 5273 2415 5339 Ammianus,
2445 5275 2793 5347 cogitandum
2827 5272 3062 5344 amplius
3090 5275 3194 5326 est.
3352 5326 3356 5332 ,

1875 5367 2045 5426 Porro
2072 5366 2302 5423 Metonis
2329 5374 2383 5423 et
2408 5366 2616 5422 Eudoxi
2641 5377 2904 5434 tempore,
2941 5379 3064 5418 cum
3082 5361 3194 5431 jam
3218 5357 3376 5413 stella

1807 5460 1981 5533 prima
2012 5459 2214 5514 Arietis
2241 5454 2481 5514 Piscium
2514 5452 2778 5527 graduum
2807 5448 2900 5519 9.9,
2929 5466 3103 5522 eoque
3133 5447 3370 5518 amplius

1807 5551 2098 5622 attigisset,
2126 5550 2231 5604 hoc
2273 5557 2357 5604 est
2395 5546 2730 5602 tricesimum
2764 5543 2896 5607 fere,
2932 5540 3183 5598 ascensio
3219 5541 3367 5590 recta

1808 5643 2074 5713 graduum
2119 5647 2240 5696 erat
2278 5637 2383 5696 357
2418 5637 2680 5697 ferezsic
2731 5643 2792 5690 ut
2840 5635 2895 5691 in
2945 5640 3200 5704 quartum
3248 5624 3378 5681 inde

1809 5735 2037 5808 gradum
2064 5734 2448 5805 tequinoctium
2474 5732 2711 5790 caderet.
2742 5726 3002 5784 Ascensio
3027 5729 3207 5778 autem
3237 5714 3377 5774 obli-

2419 5838 2430 5852 “
2901 5821 2931 5841 ³⁵
3060 5817 3138 5878 1⁸3
