3808 6348
462 337 602 395 1555

1437 340 1528 395 AD
1567 339 1834 396 EUSEBH
1871 338 2267 397 CHBONICON
2308 341 2670 398 APPENDIX.

3553 345 3669 402 1556

459 471 568 526 qua
603 448 832 511 Athenis
855 455 968 512 lere
990 455 1115 522 352,
1150 455 1415 528 Heliopoli
1442 458 1547 512 355
1576 459 1835 513 circiter:
1865 468 2026 528 atque
2051 466 2102 520 Α
2128 460 2413 514 collocavit
2448 481 2460 514 :
2488 461 2544 515 in
2591 474 2765 530 eoque
2806 458 3140 529 pertinacius
3180 458 3456 514 obluctari
3498 461 3669 518 institit

459 547 565 602 hoc
598 557 759 618 pacto
794 550 877 603 vel
917 549 972 602 in
1009 557 1206 618 quarto
1243 549 1412 619 gradu
1445 551 1665 613 Arietis,
1716 553 1798 605 vel
1844 553 1897 606 in
1937 567 2024 606 se-

458 640 650 709 ptimo,
679 642 794 712 [aut
839 648 1031 695 octavo
1074 641 1334 695 collocari
1386 643 1560 711 potuit
1611 645 2019 712 aequinoctium.

459 729 699 796 Quarum
737 733 1049 801 opinionum
1090 733 1316 803 vestigia
1369 734 1424 787 in
1469 734 1837 805 scriptoribus
1882 735 2024 788 anti-

458 827 580 894 quis
611 833 665 878 et
699 827 1172 895 puapcgmalibus
1208 835 1528 880 occurrunt.

526 914 766 970 Tandem
811 916 1074 986 singulari
1119 919 1471 973 astronomiae
1502 919 1647 974 bono
1679 917 2022 989 Hipparchus

454 1008 664 1062 exstitit
691 1024 706 1062 :
729 1008 888 1077 cujus
916 1017 1159 1079 tempore
1203 1010 1360 1064 stella
1391 1010 1582 1066 eadem
1617 1010 1818 1066 Arietis
1842 1011 2019 1083 prima

455 1099 510 1152 in
533 1099 960 1154 dodccatemorii
984 1101 1143 1170 primi
1167 1100 1380 1156 zodiaci
1409 1110 1565 1172 parte
1593 1103 1830 1174 amplius
1857 1103 2018 1158 tertia

453 1191 778 1248 versabatur
811 1212 824 1247 :
858 1193 1124 1264 siquidem
1177 1209 1322 1249 anno
1350 1195 1559 1266 periodi
1587 1194 1696 1250 Jul.
1734 1194 1873 1249 4552
1904 1206 2021 1250 erat

452 1283 508 1339 in
541 1284 744 1340 Arietis
773 1285 826 1350 5,
856 1286 903 1342 9'
925 1286 1167 1352 circiter,
1193 1287 1446 1343 ascensio
1472 1296 1620 1342 recta
1653 1288 1708 1341 in
1736 1289 1855 1358 ipso
1880 1302 2016 1356 prae-

451 1379 567 1433 cise
583 1387 785 1448 puncto
809 1394 988 1434 verna:
1005 1381 1285 1444 sectionis,
1307 1396 1501 1451 nempe
1521 1381 1754 1451 partium
1769 1380 1892 1442 359,
1912 1379 2016 1433 58'.

451 1471 592 1542 Ergo
623 1473 712 1526 ille
744 1487 853 1541 prae
881 1473 1094 1527 caeteris
1118 1473 1316 1528 solaris
1347 1473 1725 1528 conversionis
1764 1472 2018 1525 cardines

452 1564 584 1634 ipsns
625 1565 1100 1635 aequinoctialibus
1151 1565 1630 1620 intersectionibus
1675 1581 1738 1619 ac
1783 1565 2018 1620 circulo-

449 1670 570 1707 rum
627 1655 970 1711 contactibus
1035 1658 1272 1711 asseruit
1323 1677 1335 1711 :
1389 1656 1533 1727 quod
1583 1656 1763 1722 idem,
1828 1655 2017 1726 paucis

447 1749 709 1816 exceptis,
757 1748 1177 1803 mathematicos
1224 1764 1417 1803 omnes
1465 1749 1723 1817 antiquos
1773 1747 2017 1802 tenuisse

447 1840 770 1906 conﬁrmat;
819 1851 1008 1897 contra
1061 1857 1222 1911 quam
1264 1841 1512 1911 plerique
1567 1857 1632 1895 ex
1674 1842 1791 1910 ipsa
1847 1839 2012 1894 etiam

447 1930 769 1999 antiquitate
799 1930 1062 1984 sentiunt.
1103 1931 1166 1982 At
1206 1931 1278 1983 illi
1313 1931 1440 2000 ipsi,
1471 1931 1564 2000 qui
1596 1931 1724 1983 alibi
1761 1944 1922 1998 quam
1959 1929 2012 1982 in

448 2021 729 2090 signorum
760 2020 932 2076 initiis
964 2021 1217 2075 cardines
1243 2021 1666 2087 constituerunt,
1697 2035 1805 2074 non
1832 2021 1925 2086 ita,
1953 2027 2014 2072 ut

450 2109 693 2183 Scaliger
733 2111 1030 2166 arbitratur
1073 2113 1160 2181 (de
1201 2127 1311 2182 quo
1359 2127 1460 2166 nos
1491 2119 1678 2181 postea
1720 2111 2009 2179 dicemus),

448 2219 562 2258 rem
587 2203 733 2258 illam
756 2204 1231 2268 administrarunt,
1264 2212 1322 2257 ut
1355 2211 1548 2258 octavo
1575 2204 1749 2258 aliove
1781 2209 1902 2272 post
1933 2203 2014 2254 in-

448 2293 802 2349 tersectiones
845 2295 929 2348 vel
963 2301 1249 2347 contactus
1294 2294 1463 2362 gradu
1513 2294 1627 2348 ﬁeri
1663 2293 2008 2362 mquinoetia,

449 2385 528 2440 vel
562 2385 792 2442 solstitia
828 2386 1118 2450 sentirent,
1153 2385 1247 2441 sed
1283 2386 1379 2450 ita,
1417 2393 1477 2439 ut
1519 2386 1740 2441 eosdem
1785 2387 2009 2457 gradus,

445 2493 585 2548 quos
627 2478 717 2533 alii
763 2477 1323 2535 dodccatemoriorum
1368 2479 1578 2550 primos
1623 2493 1746 2533 esse
1790 2477 2009 2541 vellent,

445 2569 546 2638 ipsi
584 2577 809 2625 octavos
837 2580 867 2629 a
900 2568 1098 2640 primo,
1139 2569 1373 2640 exempli
1414 2584 1603 2634 causa,
1642 2567 2006 2621 nominarent.

447 2661 673 2732 Utrique
698 2677 824 2717 vero
865 2677 975 2716 non
1017 2661 1170 2726 alibi,
1221 2676 1381 2731 quam
1433 2661 1488 2714 in
1516 2660 1844 2713 circulorum
1889 2675 2011 2711 συν-

445 2757 629 2823 αφαῖς,
659 2761 713 2808 et
734 2753 1229 2818 commissionibus,
1257 2753 1706 2823 aequinoctiorum
1735 2767 1799 2804 ac
1827 2751 2009 2805 solsti—

444 2846 642 2900 tiorunt
670 2853 870 2916 puncta
898 2845 1152 2900 ﬁxerunt.

517 2939 595 2995 Ex
623 2956 731 3011 quo
765 2939 842 3004 id,
874 2940 1088 3008 opinor,
1131 2937 1352 3002 accidit,
1396 2943 1455 2989 ιιι
1487 2936 1555 2990 ab
1586 2936 1834 3006 ingressu
1879 2935 2011 2989 solis

444 3037 499 3097 in
522 3036 677 3104 signa
699 3031 1086 3102 azquinoetium
1111 3038 1164 3084 et
1193 3030 1486 3085 solstitium
1513 3039 1800 3099 utrumque
1820 3038 2008 3099 postea

443 3126 887 3195 distingueretur.
925 3121 1002 3174 Ita
1035 3120 1178 3174 enim
1213 3120 1354 3190 apud
1381 3117 1703 3184 Varronem,
1735 3117 2009 3173 Columel-
2038 3160 2082 3222 ε

442 3219 570 3277 iam,
602 3214 862 3276 Plinium,
893 3209 1168 3276 Ovidium,
1213 3218 1267 3265 et
1297 3211 1353 3265 in
1385 3210 1727 3266 Kalendariis
1767 3211 2006 3281 antiquis

443 3308 781 3370 observabis,
832 3315 993 3373 atque
1027 3305 1082 3359 in
1112 3319 1178 3359 eo
1201 3302 1346 3375 quod
1375 3319 1442 3359 ex
1482 3302 1590 3358 illis
1616 3302 2006 3356 concinnatum

442 3383 731 3463 edidimus,
765 3399 868 3453 hoc
897 3399 950 3451 in
975 3412 1138 3467 Opere
1159 3398 1306 3467 (pag.
1339 3394 1452 3464 60).
1474 3392 1554 3449 lbi
1585 3393 1729 3450 enim
1761 3392 1894 3448 solis
1919 3394 2006 3447 in-

443 3491 644 3548 troitus
676 3491 730 3545 in
759 3489 913 3561 signa
963 3489 1264 3544 cardinalia
1309 3495 1501 3542 octavo
1548 3486 1771 3542 circiter
1802 3485 1891 3541 die
1919 3500 2010 3556 po-

444 3583 592 3646 nitur
617 3589 745 3636 ante
779 3580 1112 3651 aequinoctia
1161 3579 1534 3652 solstitiaque;
1565 3586 1680 3632 tum
1702 3577 1889 3632 eadem
1923 3593 2010 3631 ra-

443 3673 589 3726 tione
619 3672 826 3742 reliqua
852 3671 907 3724 in
939 3671 1094 3741 signa
1125 3671 1257 3726 solis
1303 3671 1586 3740 ingressus
1625 3669 2004 3724 antevertitur.

441 3763 597 3829 Quod
639 3764 799 3816 etiam
853 3761 1142 3830 rhapsodia
1194 3763 1284 3816 illa
1331 3763 1577 3831 sequitur
1633 3761 1736 3816 sub
1791 3760 2010 3815 nomine

447 3855 716 3910 Ptolemaei
760 3868 792 3908 a
838 3853 1076 3910 Leonico
1105 3853 1297 3908 Latine
1339 3855 1574 3924 primum
1615 3853 1781 3920 edita,
1814 3853 2009 3923 inqua

446 3956 625 4000 tamen
661 3943 799 4000 inter
821 3943 1127 4014 ingressum
1156 3943 1312 4006 solis,
1344 3952 1398 3997 et
1431 3942 1762 4013 aequinoctia
1794 3956 1859 3995 ac
1901 3942 2010 3996 solo

445 4039 612 4105 stitia,
652 4051 762 4092 non
804 4035 946 4091 idem
994 4043 1314 4090 constanter
1339 4035 1690 4090 intervallum
1723 4033 2004 4088 statuitur.

445 4129 513 4182 At
561 4131 612 4183 in
644 4144 712 4184 eo
749 4127 1023 4183 Ptolemaei
1063 4127 1374 4208 libro_(pag.
1403 4127 1516 4197 52),
1560 4141 1721 4198 quem
1773 4127 2008 4196 primum

442 4221 740 4285 edidimus,
761 4218 1074 4275 uniusmodi
1101 4219 1387 4274 cardinum
1421 4234 1592 4290 genus
1636 4228 1721 4273 est
1754 4218 1821 4271 ad
1851 4232 2010 4271 accu-

444 4313 698 4367 ratiorem
732 4318 1172 4365 astronomorum
1201 4309 1470 4364 calculum
1501 4317 1773 4371 exactum,
1800 4316 1852 4362 et
1879 4305 2007 4360 Pto-

442 4404 611 4459 lemaei
648 4401 847 4458 sweulo
871 4416 1200 4472 congruens.

2128 551 2390 607 adversus
2439 551 2734 622 Hipparchi
2781 551 3240 620 astronomiaeque
3283 553 3522 621 placita:
3557 558 3670 612 adeo

2125 643 2367 714 quidem,
2404 655 2464 699 ut
2496 644 2652 699 Beda:
2676 659 2893 714 quoque
2922 645 3284 712 temporibus,
3315 659 3382 698 ac
3411 645 3668 719 deinceps,

2124 735 2266 790 idem
2301 737 2664 805 perseverarit
2701 751 2877 802 error,
2923 735 3069 804 quod
3117 736 3268 791 illius
3301 736 3668 794 Kalendarium

2123 828 2299 892 docet,
2343 829 2399 882 in
2428 845 2538 898 quo
2564 839 2686 882 octo
2713 827 2827 884 fere
2867 828 3060 883 diebus
3098 836 3227 884 ante
3254 829 3596 900 aequinoctia,
3627 841 3672 888 et

2122 920 2355 974 solstitia
2397 921 2531 976 solis
2568 921 2622 974 in
2654 921 2808 990 signa
2848 921 3104 976 introitus
3149 921 3475 977 ascribitur.
3517 923 3671 993 Atque

2119 1007 2234 1064 haec
2261 1016 2344 1065 est
2371 1024 2401 1064 e
2427 1009 2642 1066 duabus
2666 1012 2834 1066 altera
2854 1012 2995 1066 ratio
3019 1013 3321 1066 secundum
3353 1029 3518 1084 quam
3547 1017 3673 1069 acci-

2119 1101 2249 1156 dere
2291 1102 2536 1171 potuisse
2578 1103 2838 1165 diximus.
2880 1111 2939 1155 ut
2983 1103 3053 1156 ab
3111 1104 3467 1158 asthnomiae
3505 1106 3672 1175 peritis

2120 1193 2226 1246 alio
2275 1194 2328 1246 in
2370 1194 2565 1261 gradu,
2597 1208 2759 1263 quam
2784 1196 2838 1245 in
2880 1194 3056 1262 primo
3099 1193 3669 1256 dodccatemoriorum,

2117 1284 2372 1338 cardines
2403 1283 2564 1337 deﬁxi
2598 1284 2726 1338 sint.
2763 1281 3056 1352 Postquam
3085 1283 3230 1336 enim
3257 1293 3312 1337 et
3348 1299 3416 1370 επ
3456 1283 3671 1353 plurium

2119 1375 2490 1444 antiquorum,
2531 1381 2590 1426 ut
2612 1372 2950 1442 Hipparchus
2977 1382 3281 1435 asseverat,
3313 1374 3599 1438 sententia,
3628 1381 3672 1426 et

2119 1467 2412 1537 Hipparchi
2447 1467 2619 1536 ipsius
2652 1467 2974 1522 auctoritate
3007 1467 3311 1520 constituta
3345 1481 3436 1520 res
3476 1475 3578 1528 est,
3607 1468 3671 1518 uti

2118 1562 2400 1632 signorum
2429 1560 2790 1614 eardinalium
2825 1560 2977 1614 initia
3010 1560 3080 1612 ab
3121 1561 3472 1630 :cquinoctiis
3505 1561 3675 1614 solsti-

2117 1653 2322 1722 tiisque
2353 1651 2708 1713 ducerentur,
2740 1666 2863 1704 cum
2894 1651 2946 1704 id
2974 1658 3152 1705 tamen
3179 1651 3327 1720 vulgi
3362 1665 3427 1705 ac
3458 1652 3677 1704 rustico-

2120 1759 2236 1797 rum
2268 1759 2333 1797 ex
2364 1744 2559 1798 animis
2593 1743 2904 1813 extorqueri
2933 1758 3039 1796 non
3073 1753 3279 1812 posset,
3312 1744 3448 1812 quin
3482 1743 3676 1797 octavis

2117 1833 2169 1888 in
2203 1835 2472 1904 partibus,
2511 1843 2602 1887 aut
2641 1834 2786 1896 aliis,
2826 1849 2986 1903 quam
3019 1834 3070 1886 in
3112 1833 3328 1902 primis,
3361 1834 3674 1903 mquinoctia

2115 1934 2167 1979 et
2191 1925 2425 1980 solstitia
2455 1925 2718 1979 cammitti
2748 1926 3052 1990 crederent,
3088 1925 3344 1979 nonnihil
3369 1925 3438 1980 ab
3464 1925 3671 1979 artiﬁci-

2115 2019 2217 2073 bus
2247 2018 2512 2088 indulgeri
2553 2019 2796 2087 Opinioni
2827 2019 2902 2071 illi
2929 2018 3123 2088 potuit.
3153 2017 3426 2083 Quocirca
3471 2019 3565 2088 qui
3590 2034 3674 2070 ru-

2115 2111 2340 2166 sticanis
2411 2112 2722 2166 hominibus
2792 2112 3165 2181 ephemeridas
3235 2120 3292 2165 et
3362 2111 3674 2166 Kalendaria

2114 2204 2456 2270 scribebant,
2501 2214 2560 2258 ut
2603 2220 2792 2260 eorum
2847 2205 3029 2274 captui
3072 2213 3236 2274 atque
3289 2205 3489 2258 usibus
3529 2205 3678 2258 obse-

2116 2303 2433 2365 querentur,
2479 2307 2603 2350 ante
2634 2297 2752 2350 dies
2797 2297 2940 2361 illos,
2973 2311 3110 2366 quos
3157 2297 3304 2352 veris
3351 2305 3448 2349 aut
3493 2296 3676 2349 mediis

2113 2387 2429 2442 cardinibus
2472 2388 2865 2449 attribueraut,
2921 2388 3178 2444 introitus
3225 2388 3282 2441 in
3340 2389 3496 2458 signa
3551 2387 3675 2442 solis

2114 2481 2405 2534 adnotasse
2426 2481 2697 2548 videptur.
2727 2482 2903 2552 Atque
2927 2482 3028 2535 hoc
3061 2482 3128 2535 de
3153 2481 3427 2551 Sosigene
3457 2496 3674 2550 praeser-

2114 2571 2209 2623 tim
2255 2573 2523 2640 suspicari
2571 2573 3052 2642 convenitzcujus
3102 2588 3167 2627 ex
3220 2572 3385 2628 fastis
3437 2573 3674 2626 hausisse

2112 2671 2337 2733 apparet
2375 2665 2465 2716 illa
2511 2662 2832 2730 Varronem,
2865 2664 3155 2736 Hyginum,
3199 2664 3485 2727 Ovidium,
3523 2664 3675 2717 Colu-

2112 2754 2348 2816 mellam,
2387 2764 2439 2808 et
2465 2753 2718 2821 Plinium,
2751 2770 2870 2824 qua:
2892 2765 3015 2809 eu‘m
3046 2757 3331 2810 communi
3370 2757 3496 2817 ista,
3523 2769 3676 2826 quam

2112 2843 2246 2906 dixi,
2283 2846 2639 2912 persuasione
2687 2845 2753 2899 ab
2787 2845 2980 2900 iisdem
3023 2853 3399 2899 consentanea
3444 2845 3677 2915 produn-

2113 2944 2220 2990 tur.
2254 2935 2357 2989 Sed
2384 2952 2559 3005 neqtte
2577 2936 2890 3007 Sosigenes,
2916 2953 3093 3007 neque
3117 2945 3371 2992 veterum
3396 2939 3673 3008 quisquam

2112 3041 2178 3079 eo
2208 3027 2388 3090 modo,
2421 3042 2581 3097 quem
2615 3027 2786 3095 ﬁnxit,
2823 3043 2885 3081 ac
2916 3030 3195 3083 nonnullis
3226 3030 3483 3100 probavit
3509 3029 3673 3082 Scali-

2112 3131 2226 3184 ger,
2261 3117 2732 3186 aequinoctiorum,
2765 3119 3235 3189 solstitiorumque
3281 3132 3563 3175 momenta
3597 3120 3674 3173 di-

2115 3207 2278 3260 vulsit
2325 3208 2392 3260 ab
2446 3209 2726 3278 signorum
2787 3211 3146 3280 ingressibus,
3214 3219 3274 3264 ttt
3319 3212 3425 3266 hos
3477 3213 3676 3266 scilicet

2111 3307 2439 3368 praepostere
2481 3309 2605 3353 ante
2646 3301 3006 3368 illa'poneret.
3049 3300 3206 3365 Quod
3242 3308 3304 3354 ut
3346 3317 3456 3354 non
3495 3302 3674 3359 semel,

2109 3391 2183 3443 ita
2213 3405 2320 3443 non
2346 3391 2565 3459 sacpius,
2597 3407 2758 3460 quam
2789 3407 3012 3446 necesse
3053 3403 3157 3455 est,
3190 3392 3278 3447 his
3315 3397 3372 3447 in
3404 3394 3560 3447 libris
3595 3409 3674 3443 re-

2109 3480 2377 3550 petimus;
2410 3496 2474 3534 ac
2492 3497 2557 3535 ne
2589 3482 2719 3552 quid
2746 3482 3004 3553 deinceps
3033 3484 3406 3541 hzcsitationis
3443 3499 3534 3540 aut
3556 3502 3675 3540 con-

2108 3574 2384 3628 troversiae
2428 3582 2612 3640 restet,
2655 3577 2902 3645 sequenti
2947 3576 3127 3646 capite
3166 3579 3479 3648 pleniorem
3526 3580 3675 3647 hujus

2107 3665 2184 3720 rei
2221 3665 2396 3720 ideam
2426 3665 2604 3721 facere
2636 3667 2980 3721 conabimur.

2725 3780 2954 3835 CAPUT
2993 3780 3058 3835 ν.

2111 3869 2463 3942 Illustrantur
2487 3871 2694 3925 uberius
2728 3874 3064 3942 antiquorum
3093 3877 3378 3928 sententiis
3414 3875 3478 3929 de
3508 3875 3672 3927 cardi-

2177 3940 2328 3995 nibus
2355 3944 2542 4015 annuis
2561 3957 2579 4004 ;
2597 3958 2675 4015 itte
2697 3940 3118 4015 doceturqcuntra
3151 3944 3513 4015 Scaligerum,
3551 3962 3673 3996 nunc

2177 4027 2335 4082 quam
2364 4012 2427 4064 ab
2454 4013 2520 4065 iis
2551 4012 2698 4077 alibi,
2724 4030 2881 4082 quam
2915 4013 2966 4066 in
2996 4012 3326 4068 circulorum
3356 4016 3670 4069 commissio-

2180 4080 2353 4157 nibus,
2377 4082 2509 4157 illos
2541 4099 2651 4157 esse
2668 4080 3016 4157 constitutos;
3052 4094 3162 4136 tum
3188 4086 3252 4157 de
3285 4085 3574 4157 Sosigeuis,
3602 4085 3671 4157 rel

2181 4150 2318 4204 Julii
2366 4150 2596 4223 Cwsuris
2646 4154 2975 4223 a'quinoctt'is
3030 4170 3093 4205 ac
3139 4150 3435 4211 solstitiis:
3475 4155 3671 4210 Senius

2180 4230 2443 4297 ηοιαιιιν.Δ
2473 4222 2660 4285 Varro,
2705 4222 2926 4276 Plinius
2973 4224 3250 4291 explicati.
3288 4227 3559 4297 Sosigenis
3599 4227 3674 4276 in-

2180 4293 2502 4348 constantia.

2179 4403 2256 4456 Ex
2290 4403 2356 4459 iis
2396 4420 2516 4474 qua:
2559 4405 2625 4459 de
2664 4405 2862 4460 annuis
2895 4413 3138 4460 veterum
3186 4407 3516 4463 cardinibus
3551 4406 3675 4460 satis

513 4492 711 4549 Verum
740 4500 802 4547 ut
828 4492 895 4546 ab
922 4490 1326 4561 antiquioribus
1355 4490 1686 4545 astronomis
1718 4497 1867 4543 recte
1897 4488 2003 4541 ista
2037 4495 2081 4550 ι)
2110 4497 2290 4566 longa,
2315 4497 2406 4551 sed
2434 4499 2741 4553 necessaria
2773 4499 3143 4568 dispmauone
3169 4503 3448 4571 complexi
3476 4515 3673 4556 sumus,

444 4587 583 4657 ipsa,
625 4599 790 4655 quam
826 4583 1202 4655 exposuimus,
1252 4581 1506 4635 methodo
1535 4581 1814 4651 signorum
1851 4578 2006 4632 initia

443 4688 568 4732 ante
618 4674 915 4730 cardinalia
963 4680 1164 4743 puncta
1230 4672 1444 4726 deﬁniri
1492 4679 1786 4741 potuerunt
1843 4670 1910 4740 (si
1954 4667 2007 4722 id

444 4777 626 4821 tamen
655 4779 785 4820 vere
811 4764 880 4818 ab
919 4763 1028 4818 illis
1057 4763 1367 4818 institutum
1394 4761 1526 4828 fuit;
1559 4761 1626 4817 de
1665 4777 1772 4831 quo
1813 4761 2008 4814 dubios

443 4873 543 4912 nos
576 4854 867 4926 Hipparchi
913 4853 1213 4908 auctoritas
1263 4854 1459 4922 facit):
1507 4853 1580 4906 ita
1631 4859 1755 4921 post
1784 4849 2010 4921 Hippar-

444 4949 604 5004 chum
651 4946 929 5016 deinceps,
968 4960 1035 5000 ex
1087 4960 1273 5000 errore
1323 4944 1723 5014 imperitiaque,
1758 4941 1902 4997 idem
1951 4942 2008 4996 in

445 5041 589 5111 vulgi
623 5055 726 5094 usu
771 5053 834 5093 ac
863 5037 1134 5093 sententia
1165 5025 1385 5092 resedit.
1427 5034 1564 5090 Cum
1595 5035 1740 5091 enim
1776 5033 2006 5104 Hippar-

446 5133 581 5187 chus
613 5130 936 5201 mquinoctia
979 5130 1033 5183 in
1081 5130 1285 5185 mutuis
1331 5129 1661 5184 sectionibus
1703 5129 1912 5183 zodiaci
1957 5135 2009 5183 et

445 5227 844 5297 aequinoctialis
883 5227 1074 5282 circuli
1115 5227 1340 5291 ﬁxisset,
1394 5226 1626 5281 solstitia
1673 5228 1729 5280 in
1775 5225 2005 5289 zodiaci,

445 5319 889 5389 trOpicorttmque
943 5320 1320 5385 contactibus,
1374 5335 1483 5372 una
1539 5335 1665 5372 cum
1727 5320 2007 5389 signorum

446 5409 806 5487 eardinalium
849 5412 1151 5482 principiis,
1197 5410 1332 5464 adeo
1364 5419 1422 5464 ut
1459 5410 1784 5481 aequinoctia
1827 5411 1880 5463 in
1915 5426 2008 5466 eos

445 5503 562 5558 dies
618 5501 917 5565 caderent,
990 5503 1082 5572 qui
1144 5502 1320 5557 Martii
1387 5519 1554 5564 xxiv,
1625 5510 1679 5556 et
1758 5499 2007 5571 Septem-

445 5594 560 5650 bris
609 5612 756 5649 xxvtt
788 5596 1218 5666 respondebant;
1262 5595 1494 5650 solstitia
1523 5611 1652 5650 vero
1673 5594 1820 5649 Junii
1855 5611 2004 5659 xxVI,

444 5695 497 5740 et
542 5687 852 5742 Decembris
901 5703 1064 5754 xxiv;
1108 5689 1304 5758 vulgus
1353 5694 1463 5740 tam
1515 5687 1788 5741 sectiones
1837 5687 2004 5756 ipsas,

446 5791 607 5848 quam
658 5778 811 5834 initia
851 5779 1150 5853 signorum,
1188 5785 1313 5835 ante
1365 5777 1480 5834 dies
1523 5785 1647 5833 octo
1677 5785 2008 5850 praepostere

2106 4604 2321 4646 summa
2354 4589 2458 4644 ista
2480 4590 2770 4644 conﬁcitur
2798 4611 2810 4644 :
2835 4591 3088 4660 antiquos
3111 4601 3473 4648 astronomos
3493 4593 3674 4662 majori

2105 4699 2174 4738 ex
2212 4689 2367 4752 parte
2419 4682 2653 4736 solstitia
2705 4690 2758 4736 ct
2811 4684 3134 4752 mquinoctia
3185 4685 3324 4754 ipsis
3373 4688 3677 4756 assignasse

2107 4775 2670 4829 dodccatemoriorum
2708 4774 3016 4843 principiis,
3043 4783 3158 4828 tam
3194 4776 3250 4828 in
3286 4775 3673 4846 aequinoctiali.

2111 4864 2230 4918 sive
2268 4863 2529 4934 parallclo
2559 4864 2791 4925 circulo,
2829 4879 2991 4934 quam
3027 4865 3084 4918 in
3120 4867 3379 4931 zodiaco,
3411 4875 3472 4921 ut
3499 4876 3679 4920 auctor

2107 4965 2189 5010 est
2219 4954 2472 5025 princeps
2501 4954 2621 5023 ejus
2653 4955 2786 5008 artis
2817 4953 3161 5024 Hipparchus
3189 4960 3344 5027 (pag.
3384 4957 3506 5020 104,
3533 4954 3678 5023 105).

2107 5046 2431 5116 Quicunque
2469 5061 2633 5115 porro
2669 5047 2863 5100 mediis
2909 5048 3105 5115 signis,
3138 5050 3224 5101 vel
3261 5051 3476 5104 octavis
3517 5047 3682 5118 parti—

2108 5139 2233 5199 bus,
2265 5152 2328 5191 ae
2361 5139 2595 5199 ueteris,
2628 5136 2881 5191 cardines
2919 5138 3318 5204 attribuerunt,
3362 5157 3458 5195 eos
3493 5153 3682 5195 omnes

2108 5230 2182 5283 ita
2219 5229 2458 5284 circulos
2505 5210 2628 5283 esse
2657 5228 2907 5298 partitos,
2962 5237 3020 5282 ut
3047 5229 3473 5286 intersectiones
3510 5230 3683 5299 arqui-

2109 5308 2274 5375 noctii
2307 5328 2360 5375 et
2388 5320 2618 5384 zodiaci,
2651 5320 2733 5374 vel
2757 5319 2919 5387 hujus
2941 5327 2994 5372 et
3025 5322 3372 5390 tropicorum
3399 5330 3682 5377 contactus

2110 5414 2177 5464 iis
2212 5413 2266 5466 in
2313 5412 2594 5481 signorum
2630 5411 2889 5482 gradibus
2926 5411 3139 5476 ﬁerent,
3191 5423 3400 5483 quotes
3441 5413 3686 5483 aequino-

2109 5501 2234 5555 ctiis
2270 5501 2628 5570 solstitiisquc
2659 5500 3022 5569 praeﬁxeraut.
3067 5500 3229 5566 Quod
3277 5513 3460 5558 autem
3500 5511 3684 5556 astro.

2110 5594 2255 5647 nomi
2287 5610 2496 5657 omnes,
2529 5593 2622 5663 qui
2659 5591 2876 5662 quidem
2916 5593 3043 5645 alibi
3079 5609 3249 5662 quam
3283 5596 3460 5650 initiis
3496 5594 3686 5663 signo-

2110 5701 2229 5739 rum
2258 5687 2512 5741 cardines
2538 5684 2882 5756 allingebant,
2907 5694 3034 5739 ante
3063 5687 3348 5743 sectiones
3374 5695 3684 5742 contactus

2109 5792 2215 5850 que
2266 5779 2618 5844 circulorum,
2671 5779 2773 5833 hoc
2815 5785 2900 5832 cst
2949 5776 3290 5848 aequinoctia
3358 5789 3410 5836 et
3453 5778 3688 5834 solstitia
