3808 6316
114 339 244 394 I537

896 338 1351 396 DISSERTATIO
1374 340 1463 394 DE
1502 339 1689 396 ORTU
1733 340 1816 395 ET
1851 339 2120 398 OCCASU
2165 337 2490 395 SIDERUM.

3206 343 3344 401 1558

112 456 332 528 ἀκριϐῆ,
371 457 931 514 dodecatemoriorum
971 474 1195 514 suorum
1223 459 1492 528 principia
1524 474 1685 528 cape-
1713 462 1758 519 Α
1786 458 2025 514 artifices
2065 458 2137 512 ita
2181 463 2612 522 consueverant;
2648 462 2743 511 aut
2788 471 2974 512 eorum
3007 458 3252 528 exempla
3289 461 3344 513 in

111 557 252 613 rent,
305 550 649 605 demonstrat
705 551 1045 621 Ilipparchus
1099 552 1193 605 lib.
1241 553 1284 612 I,
1339 567 1568 604 numero
1612 551 1680 613 Χ,

113 640 202 693 ubi
227 642 613 696 australiorem
638 643 1045 697 succedentium
1080 643 1135 696 in
1167 643 1430 697 laterculo
1459 644 1683 714 majoris

115 731 264 787 Ursae
311 732 476 787 sitam
528 735 602 788 ait
653 749 774 790 esse
820 749 887 788 ex
942 734 1179 804 legitima
1223 736 1503 804 signorum
1546 735 1684 789 divi-

109 822 280 890 sione,
318 840 441 894 quat
481 827 713 897 tropica,
757 834 812 880 et
839 826 1241 896 alquinoctialia
1267 835 1469 896 puncta
1511 826 1565 879 in
1603 826 1682 880 si-

109 931 342 985 gnorum
373 917 530 971 initia
565 917 796 983 confert,
829 919 883 972 in
925 918 1122 974 Leonis
1145 928 1297 990 parte
1324 919 1415 984 25,
1463 929 1683 974 antece-

107 1004 299 1060 dentes
345 1016 526 1060 autem
571 1006 625 1060 in
662 1007 851 1061 eodem
902 1007 1164 1061 laterculo
1192 1008 1248 1062 in
1290 1007 1489 1064 Leonis
1523 1016 1682 1078 parte

105 1098 267 1166 paulo
323 1097 510 1152 minus
553 1097 740 1160 tertia,
787 1106 842 1152 at
891 1099 1192 1154 secundum
1239 1100 1462 1154 alteram
1505 1102 1678 1156 ratio-

107 1204 254 1252 nem,
313 1204 436 1258 quae
486 1191 543 1243 in
595 1190 786 1244 mediis
841 1191 1012 1262 signis
1062 1193 1312 1248 cardines
1367 1194 1676 1260 constituit,

105 1281 346 1348 priorem
390 1282 443 1334 in
475 1279 715 1351 Virginis
754 1291 910 1350 parte
957 1283 1200 1349 decima;
1235 1289 1566 1354 posteriores
1621 1286 1678 1342 in

103 1373 351 1440 ejusdem
392 1371 635 1444 Virginis
664 1374 874 1428 decima
910 1383 1101 1429 octava
1133 1377 1338 1446 reponi.
1373 1376 1463 1432 Sic
1497 1391 1676 1434 extre-

102 1477 245 1515 mam
294 1463 350 1516 in
400 1463 573 1517 cauda
623 1465 845 1533 majoris
893 1462 1066 1524 Ursae.
1112 1482 1178 1521 ex
1227 1471 1504 1522 communi
1545 1470 1679 1523 divi-

99 1553 277 1618 sione,
315 1553 372 1608 in
406 1552 584 1610 Librae
604 1565 800 1626 quarta
831 1569 1022 1626 parte:
1054 1573 1119 1612 ex
1153 1562 1464 1628 posteriori,
1489 1569 1543 1617 et
1566 1560 1674 1616 Eu-

99 1643 275 1699 doxea
308 1646 366 1699 in
400 1646 779 1704 decimanona.

168 1760 388 1816 Rursus
416 1778 565 1817 num.
605 1762 699 1818 XII
735 1766 926 1820 scribit
958 1773 1289 1837 postremam
1314 1776 1366 1821 et
1396 1768 1672 1824 lucidissi-

100 1867 267 1916 mam,
299 1867 425 1923 qua:
457 1861 539 1908 est
576 1853 630 1908 in
657 1863 899 1910 extrema
930 1857 1104 1911 cauda
1131 1859 1360 1912 minoris
1390 1857 1564 1924 Ursae,
1598 1861 1673 1915 si-

98 1950 209 1995 tam
248 1958 376 1998 esse
398 1943 454 1996 in
496 1944 664 2014 gradu
700 1943 938 2001 Piscium
971 1947 1057 2012 18,
1090 1955 1147 2002 ut
1178 1956 1359 2004 autem
1391 1949 1670 2004 zodiacum

99 2032 293 2086 dividit
337 2033 620 2101 Eudoxus,
652 2035 707 2088 in
734 2035 935 2091 Arietis
977 2038 1144 2107 gradu
1175 2041 1357 2094 tertio.
1390 2040 1559 2110 Igitur
1596 2043 1672 2094 si-

25 2203 28 2207 .
101 2143 334 2197 gnorum
389 2127 547 2182 initia
590 2127 846 2186 Eudoxus
901 2131 1101 2201 aliique
1151 2141 1362 2189 veteres
1408 2134 1674 2204 anticipa-

99 2219 250 2275 bant.
283 2219 343 2273 In
371 2219 478 2275 hoc
508 2218 805 2292 Hipparchi
830 2223 952 2277 loco
983 2223 1240 2278 mendum
1285 2233 1388 2289 est,
1420 2227 1566 2296 quod
1606 2242 1670 2282 ex

100 2311 414 2367 certissima
468 2311 786 2382 conjectura
853 2315 1194 2371 sustulimus.
1253 2315 1476 2388 Legitur
1529 2317 1673 2372 enim

98 2413 208 2457 tam
256 2403 314 2457 in
371 2417 613 2467 excuso,
671 2420 833 2474 quam
885 2407 941 2459 in
987 2407 1444 2476 scripto,codice
1480 2428 1492 2462 :
1533 2409 1592 2460 '0
1618 2409 1675 2461 δὲ

97 2495 327 2559 Εὔδοξος
351 2496 554 2567 διαιρεῖ
577 2495 667 2549 τὸν
697 2494 959 2560 ζωδιακὸν
983 2497 1180 2551 κύκλον
1212 2499 1352 2553 κατὰ
1377 2501 1473 2570 τὴν
1495 2507 1542 2568 γ’
1563 2500 1672 2570 μοί.

97 2586 191 2640 τοῦ
237 2587 449 2658 Κρίου,
481 2603 581 2658 pro
616 2589 813 2658 quibus
861 2589 1270 2645 rescribendum
1310 2597 1502 2648 merito
1547 2609 1679 2647 cen-

98 2679 316 2734 suimus
343 2698 358 2734 :
387 2679 464 2742 ὼς
485 2679 542 2732 δὲ
566 2679 789 2747 Εὔδοξος
815 2682 1012 2750 διαιρεῖ
1033 2682 1124 2734 τὸν
1161 2684 1421 2746 ζωδιακὸν
1444 2685 1672 2739 κύκλον·

97 2771 262 2835 κατά,
288 2781 424 2836 etc.,
451 2772 597 2841 quod
625 2772 914 2828 manifeste
943 2776 1213 2828 sententia
1249 2777 1434 2846 exigit.
1461 2777 1678 2834 Gradus

95 2861 343 2916 Piscium
396 2861 644 2918 decimus
691 2875 939 2932 octavus,
989 2875 1072 2921 est
1112 2866 1313 2922 Arietis
1362 2869 1579 2934 tertius,
1631 2871 1678 2927 si

93 2954 304 3011 Arietis
353 2955 572 3027 signum
635 2971 667 3011 a
719 2959 1125 3028 quintodecimo
1187 2967 1314 3014 ante
1377 2963 1679 3020 sectionem

95 3053 274 3124 gradu
305 3062 630 3125 computare
658 3058 914 3126 coeperis.

1784 564 1986 603 annum
2014 564 2174 604 suum
2205 547 2500 603 transferre
2532 547 2608 600 illi
2646 547 2970 603 voluissent.

1849 661 1924 716 De
1950 659 2265 729 hujusmodi
2291 660 2440 713 aditu
2474 659 2609 714 solis
2647 658 2713 714 ad
2743 659 2897 730 signa
2923 674 3032 713 non
3058 659 3248 714 eodem
3277 659 3345 712 ab

1782 751 2038 806 omnibus
2071 757 2310 819 tempore
2341 749 2520 804 defixo
2564 749 2976 819 imperitissime
3023 747 3248 803 Servius
3288 748 3345 801 in

1782 843 2190 899 Commentario
2227 840 2295 895 ad
2339 840 2382 895 lI
2444 839 2643 911 Georg.
2689 859 2708 892 ς
2741 839 2884 896 Sane
2923 840 3225 900 sciendum,
3272 840 3347 893 in-

1782 935 1918 1004 quit,
1967 948 2157 988 omnes
2203 931 2507 1002 astrologos
2535 945 2634 1000 pro
2666 930 2876 985 ratione
2911 931 3190 985 climatum
3227 927 3344 984 dis-

1783 1027 1988 1081 sentire
2028 1025 2082 1079 in
2115 1033 2238 1080 ortu
2286 1024 2527 1080 siderum
2556 1043 2571 1078 :
2605 1023 2700 1079 sed
2743 1023 2861 1092 ipsa
2897 1021 3171 1077 dissensio
3201 1021 3346 1075 ultra

1783 1123 1990 1187 septem
2020 1115 2137 1170 dies
2166 1129 2278 1169 non
2323 1114 2604 1184 procedit;
2639 1121 2848 1184 septem
2881 1111 3024 1166 enim
3065 1115 3194 1165 sunt
3227 1111 3344 1180 ipsa

1783 1208 2023 1263 climata.
2063 1205 2205 1262 Hinc
2231 1213 2317 1262 est
2340 1205 2486 1276 quod
2514 1205 2681 1261 solem
2714 1204 2781 1258 ad
2806 1201 3230 1272 unumquodque
3267 1202 3346 1256 si-

1780 1316 1945 1371 gnum
1979 1299 2070 1353 alii
2095 1298 2503 1369 quintodeeimo
2535 1296 2765 1352 Kalend.
2799 1297 2887 1351 die
2913 1296 3101 1351 dicunt
3124 1296 3340 1361 venire,

1781 1393 1873 1445 alii
1915 1390 2358 1462 quartodecimo,
2414 1390 2503 1443 alii
2544 1383 2685 1444 in'fra
2735 1404 2908 1459 usque
2955 1387 3022 1442 ad
3058 1395 3340 1451 octavum;

1779 1501 1881 1540 nec
1909 1484 2195 1554 quisquam
2233 1482 2476 1552 procedit
2518 1483 2788 1536 ulterius:
2826 1501 2842 1532 ›
2878 1497 2999 1550 quae
3027 1488 3156 1536 sunt
3189 1481 3345 1534 bona:

1779 1576 1980 1630 mentis
2013 1574 2348 1630 inanissima.

1838 1687 1912 1741 Ut
1939 1686 2006 1742 de
2052 1701 2196 1740 anno
2221 1684 2436 1740 Juliano
2479 1685 2625 1754 quod
2662 1683 3038 1755 explicandum
3093 1688 3342 1753 superest

1779 1778 2079 1842 absolvam,
2101 1778 2322 1846 quinam
2351 1777 2469 1831 dies
2497 1776 2752 1832 ineundis
2777 1793 2805 1830 a
2837 1777 2950 1832 sole
2971 1775 3342 1852 cardinalibus

1781 1871 1952 1942 signis
1975 1885 2042 1926 ex
2063 1868 2196 1924 Julii
2217 1869 2475 1932 Caesaris,
2510 1868 2625 1923 sive
2663 1866 2946 1938 Sosigenis
2974 1867 3192 1922 decreto
3213 1880 3346 1936 prae-

1780 1964 1954 2018 stituti
1987 1963 2098 2018 sint
2142 1963 2198 2017 in
2242 1961 2572 2017 Kalendario
2601 1959 2842 2024 Juliano,
2883 1974 2991 2013 non
3037 1966 3146 2012 tam
3186 1956 3348 2012 facile

1779 2055 1928 2108 dictu
1971 2062 2080 2117 est,
2121 2069 2284 2123 quam
2318 2053 2507 2108 haberi
2534 2052 2697 2122 vulgo
2721 2052 2898 2106 video.
2933 2047 3068 2103 Nam
3099 2047 3345 2118 plerique

1780 2145 1959 2198 Martii
1988 2161 2096 2200 xxv
2141 2144 2528 2214 aequinoctium
2573 2159 2800 2197 vernum
2837 2157 2865 2195 a
2897 2140 3111 2196 Caesare
3146 2138 3348 2193 consti-

1780 2243 1959 2291 tutum
1986 2250 2109 2290 esse
2129 2242 2394 2291 censent:
2423 2233 2720 2290 solstitium
2744 2234 2994 2288 aestivum
3019 2247 3144 2285 xxiv
3163 2229 3344 2295 Junii;

1778 2327 2164 2400 mquinoctium
2194 2326 2507 2380 autumnale
2535 2341 2663 2378 xxiv
2694 2323 3067 2393 Septembris;
3102 2322 3348 2376 brumale

1779 2419 2016 2488 denique
2046 2417 2341 2473 solstitium
2382 2432 2488 2470 xxv
2520 2414 2855 2476 Decembris,
2884 2415 3068 2468 omnia
3099 2415 3154 2468 in
3193 2421 3346 2466 octa-

1778 2513 1863 2567 vis
1893 2510 2184 2566 Kalendas.
2228 2506 2309 2564 Ita
2356 2523 2423 2563 ex
2467 2507 2765 2562 Columella
2801 2507 2892 2560 lib.
2927 2504 3018 2568 1X,
3052 2519 3174 2574 cap.
3200 2502 3343 2567 XIV,

1780 2610 1834 2658 et
1872 2602 1965 2656 lib.
1996 2600 2092 2664 XI,
2129 2615 2249 2672 cap.
2275 2600 2318 2653 II
2367 2598 2675 2671 colligitur;
2719 2597 2923 2652 diserte
2972 2611 3103 2650 vero
3133 2595 3342 2650 Plinius

1781 2695 1872 2750 lib.
1912 2691 2080 2747 XVIII
2135 2708 2258 2762 cap.
2301 2691 2446 2746 XXV
2487 2699 2541 2745 et
2585 2688 2795 2744 XXVIII
2849 2688 2900 2744 id
2948 2687 3195 2744 allirmat.
3231 2685 3346 2740 Hoc

1781 2787 1944 2841 modo
1991 2785 2336 2840 intervallum
2383 2785 2450 2838 ab
2488 2783 2814 2852 aequinoctio
2844 2796 3015 2836 verno
3066 2782 3131 2835 ad
3171 2781 3328 2836 solsti

1781 2881 1941 2945 tium,
1974 2879 2184 2934 dierum
2216 2886 2299 2932 est
2328 2878 2618 2947 xeljaltero
2651 2877 2884 2932 termino
2911 2876 3154 2938 excluso,
3185 2890 3215 2929 a
3239 2873 3347 2929 sol»

1784 2974 1933 3029 stitio
1976 2973 2043 3026 ad
2094 2971 2482 3042 aequinoctium
2521 2969 2860 3029 autumnale,
2892 2984 3024 3031 xcu,
3057 2967 3124 3022 ab
3175 2965 3336 3036 aequi-

1782 3065 1968 3120 noctio
1988 3062 2288 3118 autumnali
2315 3062 2499 3116 itidem
2523 3078 2630 3116 xcu
2667 3061 2732 3116 ad
2762 3061 3006 3116 brumale
3031 3060 3344 3116 solstitium.

157 3171 294 3228 Haec
324 3187 435 3227 non
462 3172 696 3228 obscure
714 3181 1006 3238 testantur,
1032 3175 1383 3243 :equinoctia,
1413 3187 1465 3230 et
1490 3177 1676 3231 solsti-

1789 3156 1928 3210 Hinc
1975 3155 2041 3209 ad
2090 3168 2318 3209 vernum
2363 3153 2780 3223 requinoctium,
2824 3152 2943 3207 dies
2989 3167 3074 3206 xc.
3110 3149 3185 3206 Ita
3228 3150 3346 3208 dies

95 3266 172 3319 tia
223 3280 512 3334 nunquam
561 3265 687 3320 alibi
737 3265 807 3319 ab
859 3266 1260 3336 antiquioribus
1314 3269 1670 3336 astronomis,

96 3373 266 3428 quam
301 3357 357 3411 in
400 3356 609 3412 mutuis
633 3357 962 3412 circulorum
996 3358 1350 3424 sectionibus,
1391 3367 1444 3413 et
1479 3361 1677 3416 tactio-

95 3451 265 3504 nibus
315 3449 586 3503 collocata
633 3448 825 3515 fuisse,
877 3463 1015 3520 quas
1061 3460 1264 3506 octavae
1317 3451 1400 3506 vel
1449 3451 1676 3508 decima:

91 3541 306 3611 quintae
350 3541 635 3610 signorum
681 3543 844 3610 parti,
886 3543 970 3596 vel
1002 3543 1124 3597 aliis
1170 3543 1678 3613 imputabant:nec

92 3643 324 3688 octavas
356 3632 505 3693 illas.
536 3639 831 3688 caaterasve
862 3639 1043 3702 partes
1079 3635 1145 3688 ab
1178 3635 1675 3704 aequinoctialibus,

92 3734 188 3780 aut
245 3725 634 3780 solstitialibus
681 3726 898 3794 punctis
952 3741 1075 3780 esse
1129 3736 1462 3784 numeratas.
1517 3729 1676 3794 Quod

92 3813 408 3886 Scaligero,
445 3823 503 3869 et
538 3815 811 3886 plerisque
843 3817 964 3872 aliis
989 3817 1204 3887 placere
1245 3819 1434 3887 video;
1479 3836 1544 3874 ac
1580 3837 1679 3890 pro

91 3921 385 3982 comperto
409 3911 617 3980 passim
652 3911 865 3967 haberi.
900 3912 1039 3968 IIinc
1067 3915 1212 3969 enim
1241 3913 1556 3985 Sosigenem
1580 3917 1680 3972 Ju-

89 4004 345 4074 liumque
379 4002 653 4058 Cursarem
693 4005 1030 4059 arbitrantur
1060 4006 1113 4060 in
1145 4017 1368 4062 octavos
1409 4007 1680 4064 Kalenda-

86 4111 214 4150 rum
248 4097 373 4150 dies
417 4094 546 4148 anni
586 4095 671 4149 sui
721 4096 1022 4165 conjecisse
1071 4097 1355 4165 cardines;
1388 4107 1443 4152 ut
1477 4099 1532 4152 in
1566 4098 1678 4153 Ka-

84 4187 289 4243 lendas
329 4187 481 4256 ipsas
509 4185 915 4240 succedentium
940 4189 1208 4242 mensium
1240 4197 1443 4244 octava:
1478 4191 1679 4260 signo-

86 4293 214 4330 rum
253 4285 447 4347 partes
477 4275 796 4338 inciderent,
839 4276 892 4330 in
923 4277 1124 4346 quibus
1176 4280 1522 4348 azquinoctia,
1561 4281 1672 4334 sol-

82 4371 358 4439 stitiaque
401 4367 674 4420 committi
725 4368 892 4436 prisci
943 4383 1134 4424 onmes
1183 4371 1421 4426 artifices
1468 4371 1676 4441 Opinati

1779 3249 2114 3320 colliguntur
2143 3247 2276 3302 anni
2306 3248 2473 3302 totius
2504 3261 2727 3302 cccuv.

1817 3374 2014 3451 'Atqui
2057 3379 2174 3433 haec
2209 3378 2325 3448 ipsa
2379 3377 2665 3432 cardinum
2710 3375 2993 3431 intervalla
3026 3390 3135 3429 non
3172 3372 3344 3428 Varro

1780 3474 1979 3534 solum,
2015 3471 2134 3536 sed,
2166 3471 2312 3542 quod
2351 3471 2549 3523 mirum
2600 3476 2703 3532 est,
2749 3467 2960 3522 Plinius
3011 3469 3124 3536 ipse
3168 3467 3343 3536 capite

1781 3567 1873 3620 illo
1898 3563 2043 3619 XXV
2083 3565 2206 3618 libri
2235 3560 2400 3616 XVIII
2435 3562 2593 3632 longe
2627 3561 2785 3616 aliter
2814 3559 3046 3631 partitus
3079 3568 3180 3614 e51.
3208 3557 3276 3613 Ut
3315 3574 3343 3612 a

1781 3657 2026 3712 Varrone
2081 3656 2303 3719 ordiar,
2371 3655 2461 3710 hic
2518 3654 2572 3708 in
2626 3651 2821 3706 librol
2873 3651 2948 3708 De
3001 3667 3055 3704 re
3109 3651 3344 3711 rustica,

1778 3764 1902 3819 cap.
1951 3746 2202 3811 XXVIII,
2247 3746 2316 3802 de
2357 3761 2501 3801 anno
2543 3744 2762 3800 Juliano
2792 3744 3049 3814 loquens,
3105 3743 3209 3797 hoc
3259 3749 3343 3796 est

1784 3859 1801 3890 ι
1834 3840 2049 3904 diebus,
2084 3858 2102 3890 ι
2144 3838 2341 3908 inquit,
2381 3853 2400 3886 ι
2428 3835 2706 3898 civilibus,
2732 3833 2824 3904 qui
2867 3849 3013 3887 nunc
3043 3839 3191 3898 sunt,
3225 3852 3245 3884 ι
3274 3835 3344 3887 ab

1778 3931 2109 4002 mqninoctio
2137 3944 2306 3984 verno
2341 3927 2408 3981 ad
2441 3927 2737 3982 solstitium
2778 3933 3032 3980 numerat
3065 3925 3182 3980 dies
3203 3939 3345 3990 xcn;

1777 4024 1905 4077 hinc
1933 4023 2000 4076 ad
2024 4021 2337 4075 autumnale
2364 4019 2774 4090 aequinoctium,
2805 4015 2921 4071 dies
2950 4030 3071 4070 xcv:
3099 4034 3112 4070 :
3145 4015 3212 4068 ab
3241 4014 3345 4068 hoc

1779 4114 1842 4167 ad
1873 4112 2117 4167 brumale
2147 4110 2466 4172 solstitium,
2497 4109 2614 4163 dies
2648 4123 2871 4161 Lxxxrx.
2905 4105 3035 4160 Inde
3077 4105 3144 4159 ad
3174 4107 3344 4175 tequi-

1779 4207 2018 4261 noctium
2065 4218 2292 4258 vernum
2338 4201 2457 4256 dies
2505 4215 2701 4255 Lxxxv.
2763 4198 2970 4252 Desunt
3021 4197 3089 4251 ad
3141 4213 3344 4250 annum

1778 4294 2158 4367 complendum
2197 4293 2314 4348 dies
2354 4301 2486 4348 tres.
2527 4290 2647 4344 Jam
2696 4305 2824 4344 vero
2864 4289 2909 4344 si
2958 4287 3343 4358 aequinoctium

1781 4403 2005 4444 vernum
2045 4388 2343 4443 collocetur
2374 4387 2426 4454 in
2473 4402 2570 4440 vm
2619 4384 2738 4440 Kal.
2773 4383 2928 4454 Apr.,
2957 4384 3061 4438 hoc
3088 4391 3172 4438 est
3201 4382 3344 4436 Mar-

81 4469 243 4516 sunt.
272 4459 392 4513 Dici
432 4458 536 4512 hoc
565 4474 595 4511 a
623 4459 808 4513 multis
843 4459 1108 4530 intelligo,
1136 4476 1166 4514 a
1207 4478 1314 4531 quo
1339 4470 1392 4517 et
1430 4478 1528 4517 nos
1565 4463 1670 4532 ipsi

1781 4483 1838 4536 tii
1867 4498 1994 4545 xxv,
2031 4480 2407 4547 addanturque
2435 4477 2554 4532 dies
2591 4491 2719 4540 xcn,
2760 4475 3005 4531 calculus
3041 4473 3254 4530 desinet
3285 4474 3343 4527 in

79 4548 395 4622 aliquando
434 4563 544 4602 non
596 4548 999 4604 abborruimus.
1049 4550 1154 4605 Sed
1205 4552 1258 4606 id
1304 4553 1524 4608 minime
1553 4569 1676 4609 esse

77 4661 284 4700 verum
337 4659 406 4698 ex
457 4643 724 4710 superiori
772 4643 920 4696 omni
955 4643 1328 4713 disputatione
1375 4645 1668 4717 colligitur.

75 4743 205 4799 Non
261 4741 414 4797 enim
447 4751 670 4794 octavas
710 4751 894 4811 partes
932 4743 1025 4811 qui
1059 4744 1187 4798 olim
1246 4747 1318 4800 ita
1368 4747 1674 4802 sentiebant

1776 4591 1851 4629 vn
1879 4573 1997 4638 Kal.
2027 4572 2220 4634 Julias,
2244 4567 2392 4624 Junii
2421 4585 2556 4633 xxv;
2590 4575 2702 4622 tum
2725 4567 2956 4636 adjectis
2978 4565 3172 4621 diebus
3194 4579 3339 4628 xcvr,

1777 4667 1978 4732 incidet
2023 4661 2410 4734 aequinoctium
2461 4661 2515 4714 in
2569 4659 2902 4729 Septembris
2943 4674 3106 4723 xxix;
3157 4657 3343 4712 solsti-

1777 4757 1911 4812 tium
1945 4763 2124 4810 autem
2164 4752 2432 4816 brumale,
2473 4751 2674 4806 additis
2707 4764 2904 4803 Lxxxu
2936 4748 3150 4811 diebus,
3185 4747 3341 4802 cadet

78 4845 212 4906 post
247 4835 537 4906 signorum
577 4833 848 4897 cardines,
884 4836 976 4891 sed
1007 4835 1061 4889 in
1091 4837 1223 4905 ipsis
1254 4838 1571 4892 cardinibus
1603 4839 1675 4894 lo-

75 4930 330 4992 cabant;
361 4927 516 4979 initia
542 4940 667 4977 vero
698 4924 977 4995 signorum
1002 4937 1196 4982 octavo
1223 4939 1347 4983 ante
1375 4930 1569 4997 gradu.
1598 4931 1675 4983 Ae

72 5021 143 5075 de
166 5017 409 5073 Juliano
439 5015 657 5084 quidem
699 5031 843 5069 anno
871 5017 1157 5086 perspicua
1188 5035 1274 5073 res
1310 5021 1437 5085 erit,
1474 5022 1520 5075 si
1548 5023 1671 5092 quis

71 5113 233 5168 illius
269 5110 509 5165 formam
543 5122 608 5161 ex
637 5106 853 5174 Ovidio,
887 5108 1207 5175 Columella,
1243 5111 1440 5177 Plinio,
1475 5128 1538 5168 ac
1568 5129 1672 5169 ca:-

68 5210 213 5264 Ieris
243 5206 529 5261 aestimare
561 5202 705 5266 velit,
733 5219 763 5256 a
784 5203 982 5272 quibus
1004 5213 1086 5258 est
1110 5207 1238 5260 anni
1263 5207 1381 5275 ejus
1412 5223 1672 5277 expressa

65 5302 246 5354 ratio.
285 5296 507 5364 Quippe
540 5293 845 5363 ingressum
885 5295 1018 5349 solis
1049 5296 1104 5349 in
1135 5297 1575 5353 dodecatemoria
1603 5300 1671 5354 ad

63 5401 346 5446 octavum
380 5386 606 5442 circiter
636 5395 763 5440 ante
807 5388 1044 5442 solstitia
1080 5397 1134 5443 et
1161 5391 1484 5458 aequinoctia
1526 5390 1669 5446 diem

60 5487 411 5554 apponunt;
447 5491 626 5545 neque
657 5475 823 5530 fando
852 5487 937 5531 est
981 5477 1247 5533 hactenus
1279 5481 1546 5543 auditum,
1590 5483 1672 5536 ci-

57 5579 168 5630 vile
217 5571 627 5641 aequinoctium
673 5578 766 5622 aut
799 5569 1095 5623 solstitium
1131 5571 1183 5624 in
1210 5570 1478 5628 Kalendas
1521 5574 1668 5627 inse~

55 5666 368 5738 quentium
429 5661 696 5714 mensium
763 5676 792 5713 a
843 5660 1101 5731 Sosigene
1146 5663 1228 5716 vel
1275 5662 1490 5718 Carsarc
1543 5681 1664 5720 esse

53 5767 370 5837 rejectum.
402 5758 561 5825 Quod
584 5759 806 5814 omnino
845 5775 1066 5815 necesse
1094 5758 1216 5827 fuit,
1249 5761 1292 5815 si
1327 5769 1420 5816 aut
1449 5769 1660 5818 veteres

1777 4849 1830 4912 in
1862 4863 2009 4901 xxvn
2043 4844 2392 4910 Decembris;
2429 4843 2625 4911 reliqui
2659 4848 2820 4896 erunt
2851 4838 2918 4892 ad
2947 4853 3152 4893 annum
3183 4852 3339 4892 com-

1775 4940 2028 5011 plendum
2051 4939 2167 4992 dies
2198 4951 2462 4990 Lxxxvm.
2492 4936 2561 4988 At
2589 4932 2758 4987 Varro
2795 4947 2825 4985 a
2847 4931 3042 4985 bruma
3067 4928 3133 4983 ad
3167 4928 3339 4984 Favo-

1774 5034 1924 5088 nium
1957 5031 2073 5085 dies
2103 5044 2224 5091 xnv,
2251 5043 2287 5081 a
2321 5026 2562 5081 Favonio
2594 5025 2661 5080 ad
2696 5023 3082 5093 aequinoctium
3110 5037 3337 5077 vernum

1773 5126 1890 5186 dies
1918 5138 1986 5176 xl.
2029 5127 2348 5189 computat:
2377 5120 2468 5189 qui
2519 5132 2628 5171 non
2678 5117 2862 5186 plures
2905 5113 3143 5177 collecti,-
3172 5128 3339 5183 quam

1773 5214 2013 5284 quinque
2060 5219 2112 5266 et
2153 5211 2430 5280 octoginta
2480 5209 2705 5263 faciunt.
2763 5204 2871 5261 Sed
2906 5205 3226 5260 mendosum
3259 5204 3341 5258 vi-

1771 5307 1933 5361 detur
1971 5303 2314 5360 intervallum
2373 5304 2441 5357 ab
2489 5302 2725 5356 solstitio
2767 5300 2956 5354 aestivo
2986 5299 3053 5352 ad
3093 5298 3338 5368 aequino-

1771 5402 1938 5454 ctium
1963 5396 2243 5462 autumni;
2278 5395 2424 5465 quod
2452 5401 2646 5463 przcter
2672 5393 2902 5457 aliorum
2926 5391 3170 5445 omnium
3199 5403 3334 5442 con-

1772 5505 1990 5545 sensum
2029 5489 2221 5542 diebus
2249 5502 2368 5540 xcvi
2403 5486 2618 5550 linitur;
2651 5492 2765 5537 tum
2792 5483 2954 5537 etiam
2982 5483 3233 5544 alterum,
3265 5480 3333 5532 ab

1774 5582 2002 5634 hiberno
2040 5578 2276 5634 solstitio
2323 5577 2389 5630 ad
2432 5589 2658 5629 vernum
2687 5612 2701 5635 ,
2748 5572 2891 5640 quod
2923 5572 3073 5640 justo
3111 5569 3336 5642 brevius

1769 5681 1872 5726 est.
1906 5674 1972 5724 At
1998 5686 2123 5726 ecce
2148 5670 2330 5722 turbat
2361 5670 2556 5722 iterum
2582 5667 2777 5734 Varro,
2799 5665 2890 5735 qui
2918 5662 3105 5718 eodem
3156 5659 3336 5727 capite

1770 5778 1937 5818 verno
1986 5761 2216 5829 tempori
2265 5760 2454 5814 tribuit
2503 5759 2626 5815 dies
2668 5772 2776 5820 xei,
2830 5754 3003 5811 testati
3049 5764 3192 5812 χειν,
3238 5762 3344 5822 θυι-Ι
