3808 6334
1432 374 1522 428 AD
1562 365 1827 424 EUSEBll
1867 356 2260 418 CHRONICON
2300 354 2662 413 APPENDIK.
3522 343 3647 400 1360

2237 469 2477 526 solstitio
2512 469 2578 522 ad
2604 462 2994 535 aequinoctium
3031 457 3352 513 autumnale
3379 457 3495 513 dies
3527 472 3645 523 xcu,

405 395 414 432 τ
426 384 564 450 I359

428 517 621 563 tumuo
651 517 760 567 xei,
783 499 948 555 hiemi
971 506 1220 558 “xxix;
1252 506 1387 560 quas
1433 486 1652 558 quidem
1697 485 1992 550 tempesta-
2021 493 2033 534 Α

2164 471 2208 524 Α

428 605 518 654 tes
546 600 671 649 ante
704 589 955 647 cardines
986 587 1133 655 ipsos
1160 580 1349 649 incipit
1378 598 1391 632 :
1420 593 1511 630 ver
1541 590 1570 626 a
1601 571 1858 630 Favonio,
1895 565 1989 635 qui
2090 563 2258 617 horas
2286 576 2387 615 xu.

1121 672 1176 725 d.
1229 637 1304 724 vit
1345 667 1425 722 id.
1468 663 1631 720 Febr.
1683 661 1751 716 ad
1782 675 1858 712 vu
1908 656 1988 710 Id.
2161 653 2240 706 Ab
2259 651 2588 721 aequinoctio
2606 643 2909 700 autumnali
2927 640 2994 694 ad
3019 640 3275 694 brumam
3299 637 3422 693 dies
3444 651 3650 701 Lxxxzx,

438 743 596 839 Maii;
660 743 900 826 testatem
963 765 1087 818 inde
1129 762 1197 816 ad
1264 761 1404 814 diem
1460 772 1534 809 vu
1586 753 1660 808 Id.
1719 749 1992 813 Sextiles;
2095 743 2259 797 horas
2294 756 2373 794 t-u.

419 818 758 922 lautut'nnum
807 860 875 913 ab
919 858 1025 910 hoc
1073 854 1160 909 die
1190 852 1258 906 ad
1303 867 1354 904 tv
1397 848 1471 901 Id.
1519 845 1692 907 Nov.;
1725 843 1997 912 reliquum
2168 832 2212 884 Α
2269 831 2460 884 bruma
2523 827 2597 881 ad
2654 839 2883 881 vernum
2933 820 3342 894 tequinoctium
3395 816 3513 872 dies
3567 831 3653 875 xc,

2098 923 2260 977 horas
2294 937 2353 975 ut
2372 963 2384 976 .

441 957 602 1014 hiemi
635 955 883 1024 imputat.
915 948 1040 1002 llaec
1083 943 1366 999 intervalla
1411 941 1457 995 si
1499 937 1817 1009 singillatim
1847 946 1999 986 com-

439 1057 617 1121 putes,
646 1042 886 1101 exclusis
925 1039 1203 1110 prioribus
1243 1032 1516 1097 terminis,
1546 1028 1789 1084 invenies
1831 1021 2000 1096 priori

440 1145 558 1201 dies
588 1147 900 1210 competere
929 1149 1016 1188 xc:
1044 1177 1061 1200 _.
1087 1129 1264 1186 astati
1287 1127 1404 1181 dies
1436 1139 1500 1179 xc
1529 1142 1542 1189 ;
1580 1129 1842 1175 autumno
1885 1116 2001 1169 dies

441 1254 580 1305 xcv;
611 1209 774 1290 hiemi
799 1243 1031 1286 'LXIXIX.
1067 1223 1287 1278 Minime
1321 1222 1502 1289 itaque
1527 1209 2002 1272 sibi-consentiens

443 1340 528 1386 est
557 1327 751 1382 Varro.

512 1441 722 1496 Plinius
749 1453 876 1494 vero
906 1435 1078 1492 nihilo
1109 1431 1282 1502 magis
1311 1442 1543 1484 concors
1584 1432 1664 1480 cst
1703 1436 1910 1484 secum,
1953 1425 2010 1473 et

446 1536 566 1603 ejus
596 1534 748 1587 locus
792 1525 1240 1582 manifestissimo
1261 1520 1458 1575 mendo
1489 1524 1724 1572 tenetur.
1758 1532 1775 1563 ι
1805 1509 2006 1574 Cardo,

449 1624 646 1694 inquit,
684 1631 994 1690 temporum
1037 1615 1439 1687 quadripartita
1491 1610 1622 1663 anni
1661 1605 2012 1662 distinctione

449 1723 666 1772 constat
729 1729 825 1783 per
889 1712 1228 1766 incrementa
1294 1705 1453 1759 lueis.
1505 1702 1750 1770 Augetur
1809 1699 1924 1753 haec
1983 1712 2014 1752 ιι

448 1809 666 1870 bruma,
722 1815 776 1860 et
829 1813 1081 1874 aequatur
1128 1798 1384 1853 noctibus
1441 1810 1608 1849 verno
1665 1791 2012 1862 aequinoctio,
2048 1807 2092 1861 Β

449 1900 646 1955 diebus
693 1911 792 1958 xc,
841 1895 988 1948 horis
1028 1909 1110 1946 ιιι.
1178 1889 1381 1944 Deinde
1419 1893 1642 1957 superat
1705 1893 1892 1937 noctes
1951 1880 2018 1935 ad

2173 1014 2268 1070 His
2314 1009 2746 1070 animadversis.
2782 1008 2826 1062 si
2863 1003 3248 1075 aequinoctium
3296 1012 3527 1054 vernum
3564 1004 3658 1050 sta-

2101 1119 2287 1166 tuatur
2320 1108 2372 1160 in
2398 1122 2502 1160 xxv
2532 1103 2733 1162 Martii,
2764 1099 2966 1154 additis
3003 1095 3200 1150 diebus
3230 1107 3389 1156 xcut,
3435 1087 3660 1145 calculus

2103 1203 2312 1258 desinet
2336 1199 2390 1251 in
2418 1210 2544 1250 xxvt
2571 1192 2740 1248 Junii.
2784 1190 2927 1244 llinc
2961 1195 3080 1257 post
3107 1184 3225 1238 dies
3250 1197 3389 1244 xcu,
3420 1178 3663 1248 conjicie-

2107 1301 2198 1346 tur
2233 1288 2551 1343 autumnale
2588 1282 2974 1353 tequinoctium
3021 1279 3075 1330 in
3108 1291 3235 1329 xxvt
3277 1271 3456 1342 Sept.,
3493 1270 3660 1324 scisti-

2107 1387 2240 1439 tium
2267 1383 2556 1436 hibernum
2588 1379 2643 1432 in
2667 1390 2793 1430 xxiv
2824 1369 3155 1430 Decembris,
3185 1373 3281 1419 aut
3306 1381 3438 1426 xxv,
3479 1371 3538 1416 ut
3558 1360 3669 1415 inde

2109 1476 2175 1528 ad
2203 1489 2431 1529 vernum
2460 1467 2849 1540 aequinoctium
2874 1463 2990 1517 dies
3019 1459 3221 1529 reliqui
3252 1457 3365 1512 sint
3393 1471 3482 1508 xc.
3515 1453 3670 1506 Biduo

2113 1569 2296 1636 itaque
2330 1565 2384 1618 in
2421 1562 2662 1618 solstitio
2692 1559 2902 1621 aestivo,
2937 1562 2992 1608 et
3016 1549 3330 1606 autumnali
3361 1544 3672 1617 aequinoctio

2113 1657 2326 1712 Plinius
2361 1669 2392 1708 a
2428 1654 2612 1722 seipso
2644 1647 3012 1718 discrepabat.
3059 1641 3408 1699 Crediderim
3454 1639 3674 1708 primum

2117 1764 2146 1801 a
2178 1745 2444 1814 Sosigene
2470 1741 2631 1797 civile
2661 1738 2953 1793 solstitium
2985 1735 3236 1789 aestivum
3269 1732 3325 1784 in
3361 1727 3516 1783 Junii
3543 1742 3673 1786 μιν.

2117 1850 2171 1895 et
2194 1836 2582 1908 aequinoctium
2615 1835 2668 1887 in
2703 1829 3040 1900 Septembris
3071 1843 3199 1881 xxtv
3227 1840 3356 1880 esse
3389 1823 3674 1880 collatum,

454 1990 750 2046 solstitium
779 1986 972 2041 diebus
1019 1997 1170 2046 xcui,
1207 1980 1360 2034 boris
1384 1993 1483 2043 xu,
1529 1990 1702 2044 usque
1740 1973 1808 2027 ad
1849 1970 2020 2041 tequi-

456 2081 700 2138 noctium
743 2077 1010 2132 autumni.
1048 2074 1112 2128 Et
1142 2081 1257 2126 tum
1303 2078 1513 2140 aequata
1546 2069 1634 2121 die
1677 2065 1920 2137 procedit
1951 2080 2018 2118 ex

457 2186 524 2226 eo
574 2169 638 2222 ad
689 2167 938 2221 brumam
989 2163 1181 2218 diebus
1217 2175 1440 2224 Lxxxlx,
1475 2158 1626 2212 horis
1657 2173 1739 2210 ιιι.
1775 2177 1794 2210 ι
1834 2155 1893 2210 In
1934 2155 2019 2210 bis

458 2261 642 2316 verbis
684 2257 1024 2313 desideratur
1056 2254 1328 2308 intervalli
1363 2251 1826 2322 circumscriptio,
1871 2247 2021 2320 quod

461 2355 531 2408 ab
570 2351 804 2408 solstitio
837 2350 1027 2404 aestivo
1068 2349 1134 2401 ad
1187 2347 1501 2400 autumnale
1535 2347 1787 2415 pertinet.
1818 2342 2024 2413 Legen-

459 2446 588 2500 dum
621 2445 808 2511 itaque
829 2451 972 2511 post,
1009 2458 1028 2491 ι
1062 2439 1212 2494 horis
1240 2453 1340 2504 xu,
1371 2457 1390 2490 ι
1425 2439 1530 2492 hoc
1562 2437 1673 2492 fere
1694 2435 1876 2500 modo,
1902 2453 1934 2488 -ι
1968 2441 2024 2490 et

462 2539 587 2592 inde
633 2535 826 2591 diebus
855 2549 986 2597 xcu,
1025 2533 1174 2587 horis
1204 2546 1281 2584 xu
1327 2546 1502 2600 usque
1529 2529 1606 2583 ad
1639 2528 2023 2599 aequinoctium

461 2629 733 2684 autumni.
769 2647 786 2679 ι
821 2624 954 2680 Nam
1000 2625 1106 2679 tria
1161 2624 1445 2678 intervalla
1481 2621 1571 2675 hic
1605 2636 1867 2691 expressa
1907 2620 2024 2675 dies

461 2721 760 2777 coniiciunt
787 2733 1026 2781 coaxxu,
1055 2718 1218 2770 horas
1240 2730 1396 2769 xvtu.
1435 2713 1510 2767 Ea
1541 2715 1783 2768 detracta
1816 2712 1882 2767 de
1911 2713 2026 2766 die-

463 2814 566 2868 bus
613 2827 814 2867 cccuv
862 2811 983 2881 ιμ,
1036 2807 1286 2863 residuos
1329 2806 1533 2861 l'aciunt
1576 2805 1693 2859 dies
1745 2819 1852 2858 xcu
1901 2803 2024 2873 1/2.

465 2903 647 2972 Quare
695 2919 759 2957 ex
794 2912 973 2957 mente
1021 2899 1181 2953 Plinii
1226 2897 1406 2953 Julius
1448 2896 1632 2951 Caesar
1683 2895 1798 2950 haec
1847 2908 2028 2948 annua

467 2995 754 3052 intervalla
781 2992 1096 3062 descripsit.

2121 1929 2414 1987 solstitium
2465 1927 2754 1980 hibernum
2784 1937 2888 1976 xxv
2938 1917 3257 1972 Decembris
3287 1933 3300 1968 :
3329 1923 3391 1968 ut
3441 1914 3499 1966 in
3545 1922 3680 1964 octa-

2118 2037 2245 2076 vum
2275 2017 2547 2072 Kalendas
2592 2023 2829 2085 quatuor
2865 2007 3228 2064 cardinalium
3276 2006 3562 2075 signorum
3608 2000 3678 2052 in-

2123 2115 2319 2169 troitus
2352 2110 2676 2166 inciderent.

2191 2208 2248 2261 lu
2279 2202 2623 2263 Kalendario,
2657 2197 2803 2270 quod
2845 2193 2972 2250 Julii
3004 2189 3238 2248 Caesaris
3270 2185 3496 2241 nomine
3525 2183 3683 2238 Lucas

2121 2297 2387 2352 Gauricus
2434 2293 2624 2352 edidit,
2669 2287 3057 2359 :equinoctiam
3115 2299 3350 2339 vernum
3409 2281 3682 2336 ascribitur

2122 2407 2217 2446 vui
2247 2389 2367 2444 Kal.
2404 2387 2558 2458 Apr.,
2598 2397 2744 2438 nono
2775 2381 2860 2436 die
2898 2379 2965 2434 ab
2999 2379 3248 2449 ingressu
3286 2376 3424 2432 solis
3459 2375 3514 2426 in
3553 2374 3686 2426 Arie-

2123 2493 2230 2539 tem
2262 2501 2277 2537 :
2308 2489 2363 2536 et
2408 2478 2701 2535 solstitium
2737 2473 2984 2529 aestivum
3013 2485 3110 2524 vut
3161 2472 3290 2524 item
3345 2467 3468 2521 Cal.
3513 2465 3684 2526 Julias,

2126 2576 2357 2645 septimo
2380 2572 2468 2627 die
2496 2583 2657 2640 quam
2697 2567 2779 2623 sol
2814 2566 2868 2619 in
2902 2562 3175 2618 Cancrum
3199 2560 3392 2616 subiit.
3426 2559 3532 2613 Sed
3557 2557 3686 2610 valde

2126 2666 2314 2720 rudem
2342 2668 2559 2732 oportet
2586 2673 2728 2723 esse,
2757 2656 2850 2727 qui
2879 2656 2982 2709 hoc
3011 2651 3400 2707 Kalendarium
3435 2647 3561 2702 Julii
3580 2650 3686 2700 Κτε-

2130 2759 2269 2814 saris
2320 2771 2441 2812 esse
2495 2755 2598 2809 sibi
2643 2749 3000 2822 persuadeat,
3042 2747 3119 2800 uti
3160 2747 3305 2800 libro
3355 2743 3423 2797 \‘l
3459 2743 3529 2796 De
3567 2741 3694 2813 doct.

2133 2860 2310 2916 temp..
2341 2862 2462 2916 cap.
2493 2842 2610 2906 ΧΠ,
2631 2839 3146 2897 demonstravimus.

2199 2939 2479 2992 Postremo
2509 2936 2552 2991 si
2588 2933 2712 3003 quis
2745 2946 2906 2986 veros
2925 2929 3049 2984 anni
3079 2927 3340 2982 cardines
3362 2940 3510 2979 anno
3539 2923 3690 2994 primo

2133 3030 2350 3085 Juliano
2389 3027 2530 3081 scire
2574 2999 2745 3090 velim
2771 3037 2837 3076 ex
2871 3019 3119 3089 sequenti
3165 3018 3372 3073 tabella
3409 2999 3608 3079 discet;
3647 3012 3691 3064 in

540 3107 624 3163 Ab
662 3105 991 3178 equinouio
1039 3119 1206 3160 verno
1251 3102 1316 3157 ad
1366 3102 1660 3158 somnium
1705 3100 1824 3157 dies
1876 3115 2028 3185 "3","
2061 3145 2107 3206 α
2137 3138 2300 3196 quam
2341 3120 2548 3175 medios
2598 3130 2817 3188 quoque
2864 3113 2996 3169 solis
3024 3113 3314 3182 ingressus
3347 3110 3404 3164 in
3437 3109 3692 3164 dodecate-

469 3199 635 3257 horas
663 3214 764 3254 xu.

2143 3195 2320 3272 moria
2354 3209 2688 3282 coniecimus
2724 3222 2792 3262 ex
2823 3205 3228 3275 Diagrammate
3256 3200 3358 3257 lib.
3395 3201 3438 3265 I,
3488 3195 3693 3271 pag.3|.

717 3373 936 3430 Tabella
963 3374 1274 3437 mediorum,
1303 3390 1366 3428 ac
1399 3390 1637 3429 verorum
1667 3375 1793 3429 solis
1827 3377 2168 3447 ingrcssuum
2201 3375 2256 3427 in
2297 3371 2449 3441 signa
2482 3363 2780 3421 cardinalia
2811 3377 2950 3415 anno
2991 3358 3165 3428 primo
3191 3355 3447 3409 Iuliano.

1479 3487 1746 3542 CABDINES
1784 3503 1956 3542 IEDII.

987 3601 1405 3671 diquinoctium
1446 3619 1672 3659 vernum
1715 3604 1919 3668 Martii,

1001 3669 1304 3726 Solstitium
1339 3674 1585 3727 aestivum
1719 3673 1892 3738 Junii,

999 3741 1410 3812 @quiuoclium
1434 3744 1683 3798 autumni
1718 3744 1870 3812 Sept.

1003 3809 1309 3865 Solstitium
1341 3812 1624 3866 hibernum
1724 3809 1848 3868 Dec.

552 3965 692 4020 Hinc
739 3972 962 4035 apparet
1006 3962 1322 4036 Sosigenem
1353 3966 1560 4023 medios
1590 3969 1770 4039 potius
1804 3968 1937 4024 solis
1968 3968 2052 4022 in-

487 4071 709 4129 gressus
739 4058 793 4110 in
828 4057 1002 4123 signa,
1046 4071 1210 4127 quam
1238 4073 1397 4113 veros
1426 4060 1727 4128 exprimere
1766 4060 2003 4114 voluisse
2034 4073 2048 4112 :

485 4159 625 4218 quos
670 4145 802 4212 fere,
847 4153 1204 4217 prmterquam
1257 4146 1312 4200 in
1363 4163 1472 4201 uno
1520 4148 1747 4202 hiberno
1794 4145 2050 4208 solstitio,

486 4243 815 4290 consecutus
871 4243 975 4289 est.
1021 4233 1272 4304 Plerique
1318 4243 1500 4290 tamen
1551 4237 1871 4307 scriptores,
1918 4235 2050 4288 dum

485 4334 728 4383 veterum
759 4334 1197 4382 astronomorum
1234 4327 1485 4383 cardines
1527 4327 1760 4381 diversis
1793 4324 2053 4394 tempori-

487 4417 592 4473 bus
621 4419 946 4472 constitutos
979 4417 1244 4486 relegunt,
1288 4432 1384 4487 per
1412 4417 1832 4486 imprudentiam
1865 4431 1958 4470 eos
1993 4415 2046 4468 in

1996 3621 2145 3670 εχιτ,
2188 3603 2249 3656 21
2277 3640 2294 3664 ,
2339 3601 2436 3670 ll'.

2641 3479 2914 3534 CAnotsEs
2951 3484 3100 3529 vent.

2549 3593 2727 3648 Martii
2801 3607 2945 3655 xxu,
2962 3587 3053 3652 23,
3090 3585 3195 3641 47'-

2008 3657 2158 3735 aut;
2230 3657 2434 3737 4,39'.
2542 3664 2690 3737 Junii
2801 3657 3203 3737 ulnas,

2013 3728 2170 3805 xxut,
2205 3728 2296 3800 12,
2370 3739 2438 3791 ϐ’.
2547 3735 2700 3804 Sept.
2814 3747 2948 3793 xxv,
2985 3728 3198 3805 l_l_,

2016 3796 2174 3875 itm;
2212 3796 2297 3874 19',
2335 3809 2437 3864 ar.
2562 3796 2688 3858 Dec.
2820 3796 3200 3864 “massa.

2154 3963 2388 4035 injectus
2443 3975 2473 4014 a
2537 3957 2694 4013 nobis
2748 3968 2970 4016 sermo,
3026 3946 3396 4020 Sraligeriani
3453 3943 3701 4017 cujusdam

2156 4053 2447 4111 commenti
2490 4049 2806 4104 meminisse
2843 4062 2943 4100 nos
2980 4043 3130 4104 facit,
3160 4041 3311 4110 quod
3345 4041 3402 4095 in
3435 4033 3701 4094 Manilianis

2153 4147 2299 4201 illius
2326 4143 2478 4198 Notis
2501 4141 2694 4212 legitur
2713 4138 2856 4208 (pag.
2887 4136 3006 4204 l57)
3026 4175 3041 4199 ,
3074 4141 3129 4188 et
3159 4133 3214 4187 in
3241 4133 3482 4204 epistola
3506 4129 3704 4202 quadam

2154 4237 2220 4290 ad
2265 4235 2582 4289 Mamertnm
2637 4230 2997 4291 Patissonem,
3072 4242 3194 4296 qua:
3256 4237 3343 4279 est
3381 4233 3573 4294 quarta
3607 4215 3704 4273 libri

2149 4326 2314 4398 primi
2358 4325 2629 4380 editarum
2680 4334 2854 4390 nuper
2902 4315 3052 4371 illius
3079 4315 3473 4387 epistolarum.
3510 4332 3528 4364 ι
3562 4306 3704 4364 lbiat

2152 4418 2288 4489 ipsis
2327 4413 2674 4470 incunabulis
2713 4408 3058 4466 astronomiae
3089 4407 3279 4472 (verba
3316 4413 3450 4461 sunt
3479 4397 3704 4474 epistola“-

486 4507 759 4562 Julianum
787 4520 988 4559 annum
1021 4506 1436 4560 transtulerunt.
1476 4507 1785 4572 Quinetiam
1827 4503 2050 4574 Sosige-
2083 4512 2126 4567 ι)
2153 4511 2295 4564 hanc
2337 4518 2579 4561 veterum
2617 4502 2928 4558 Grtecorum
2961 4499 3273 4568 opinionem
3319 4494 3493 4550 fuisse
3536 4496 3706 4548 censel,

487 4614 586 4653 nes
632 4597 748 4667 ipse
787 4597 1000 4651 videtur
1034 4610 1226 4666 parum
1251 4597 1307 4650 in
1343 4597 1444 4652 hac
1493 4613 1553 4652 re
1599 4595 1908 4651 deﬁnienda
1952 4595 2056 4650 sibi

487 4691 819 4745 constitisse.
879 4687 1014 4742 Nam
1071 4707 1090 4740 ι
1148 4689 1310 4744 trinis
1357 4689 1913 4763 commentationibus
1960 4687 2058 4753 (ait

489 4781 696 4835 Plinius
741 4781 834 4834 lib.
877 4778 1062 4844 XVIII,
1112 4794 1232 4849 cap.
1280 4778 1446 4851 XXV)
1479 4793 1794 4850 quanquam
1828 4779 2060 4849 diligen-

489 4873 595 4927 tior
619 4881 764 4927 esset
795 4872 1026 4936 caeteris,
1060 4887 1167 4925 non
1225 4872 1460 4925 cessavit
1502 4879 1682 4925 tamen
1713 4869 2055 4931 addubitare,

490 4965 606 5035 ipse
647 4973 817 5020 semet
853 4963 1196 5033 corrigendo.
1252 4982 1270 5014 ι
1327 4963 1515 5034 Itaque
1555 4962 1701 5026 aliis,
1738 4969 1902 5031 atque
1932 4961 2055 5016 aliis

490 5057 684 5111 diebus
738 5056 991 5110 cardines
1045 5055 1290 5124 illigavit,
1366 5070 1432 5109 ex
1489 5069 1597 5125 quo
1655 5055 1889 5108 varietas
1965 5054 2057 5108 illa

491 5147 818 5216 scriptorum
864 5147 918 5200 in
964 5147 1361 5201 constituendis
1403 5146 1746 5214 sequium-tiis
1775 5160 1836 5198 ac
1872 5145 2055 5198 solsti-

491 5236 582 5290 tiis
611 5234 668 5290 in
699 5250 842 5290 anno
878 5234 1090 5289 Iuliano
1122 5252 1374 5290 manasse
1399 5237 1632 5291 videtur.

1097 5327 1325 5382 CAPUT
1364 5326 1454 5383 Vl.

494 5416 569 5475 De
613 5420 753 5489 falsa
792 5418 1044 5489 Scaligeri
1073 5422 1328 5475 sententia
1361 5436 1516 5489 super
1545 5428 1771 5473 celerum
1811 5427 2054 5473 astrono-

563 5507 768 5544 morum
799 5490 1059 5544 solstitiis.
1081 5491 1282 5545 Contra
1309 5507 1459 5559 quem
1509 5489 1922 5548 deinonslratur,
1959 5506 2053 5544 ne-

545 5577 656 5629 que
686 5570 985 5630 perpetuam
1011 5560 1104 5614 sub
1137 5561 1333 5628 tropico
1363 5559 1772 5630 meridiemiﬁcri
1806 5559 1928 5611 illos
1958 5574 2057 5625 pu-

562 5629 731 5695 tasse,
792 5643 950 5696 neque
997 5631 1283 5683 solstitium
1339 5631 1394 5683 in
1455 5639 1560 5683 toto
1615 5629 2051 5682 dodecalemorio.

564 5698 811 5752 Geminus
838 5697 1151 5764 explicatur.

565 5776 663 5843 llic
693 5789 762 5846 de
797 5787 1115 5846 cardinibus
1155 5794 1393 5844 veterum
1444 5787 1700 5859 opinione
1739 5786 2054 5844 constitutis

2159 4598 2392 4661 Eudoxi,
2438 4596 2690 4657 Metonis,
2740 4590 3051 4652 Cleostrati,
3092 4596 3147 4644 et
3196 4584 3577 4648 Euctemonis;
3615 4592 3706 4631 omo
3759 4588 3762 4590 ‘

2157 4693 2307 4746 nium
2361 4690 2596 4760 denique
2645 4689 2711 4742 ad
2758 4685 3210 4748 Eratosthenem,
3265 4691 3322 4735 et
3371 4677 3708 4750 Hipparchum

2158 4801 2366 4855 usque;
2419 4791 2737 4854 perpetuam
2800 4776 3145 4850 μεσημϐρίαν
3200 4774 3305 4829 sub
3360 4772 3572 4842 tropico
3617 4761 3706 4818 fier?

2156 4888 2522 4945 aeternamque
2566 4873 2729 4927 diem.
2777 4871 2903 4923 llem
2944 4866 3241 4922 solstitium
3289 4880 3403 4918 non
3453 4858 3711 4930 in'puncta

2156 4967 2298 5037 λόγῳ
2337 4962 2596 5037 θεωρητῷ
2651 4959 2870 5023 Cancri,
2903 4958 2985 5012 vel
3039 4954 3403 5026 Capricorni,
3438 4952 3531 5007 sed
3562 4951 3609 5002 in
3643 4945 3709 4996 ii!-

2157 5071 2308 5121 tegro
2354 5053 2793 5111 dodecatemorio
2838 5049 3124 5105 committi.
3163 5047 3371 5100 llornm
3420 5046 3566 5114 prius
3602 5038 3712 5091 illuc.

2158 5168 2212 5222 in
2255 5150 2549 5205 novissima
2595 5146 2834 5202 editione
2874 5142 3079 5196 Manilii
3121 5140 3302 5210 legere
3338 5154 3448 5192 non
3473 5128 3710 5189 memini:

2157 5216 2430 5312 posterius
2473 5245 2652 5292 autem
2705 5234 2761 5288 in
2803 5230 2957 5286 Notis
3006 5236 3188 5284 exstat
3220 5228 3288 5282 ad
3323 5228 3420 5281 lib.
3453 5223 3472 5278 l
3505 5216 3714 5290 15³8οεὶ-

2156 5347 2303 5397 cum,
2333 5330 2426 5384 ubi
2459 5328 2526 5384 de
2547 5324 2811 5381 Antisciis
2839 5323 2968 5393 agit.
3003 5319 3312 5390 Utrumque
3344 5332 3476 5373 vero
3506 5329 3608 5368 non
3644 5323 3701 5363 se

2155 5422 2266 5475 lum
2314 5420 2608 5475 ridiculum
2653 5424 2759 5480 est,
2811 5414 2907 5469 sed
2960 5413 3100 5467 falso
3139 5411 3306 5465 etiam
3356 5406 3591 5477 antiquis
3626 5398 3709 5454 illi:

2157 5514 2487 5572 astronomis
2517 5511 2810 5581 allingitur.
2839 5508 3048 5577 Quippe
3077 5507 3308 5560 alterum
3347 5519 3413 5558 ex
3454 5497 3710 5554 ambobus.

2155 5608 2223 5662 de
2267 5615 2525 5678 perpetua
2571 5604 2696 5658 luce
2733 5600 2836 5656 sub
2864 5599 3096 5668 tropico,
3143 5612 3250 5650 non
3283 5595 3440 5648 aliter
3468 5599 3610 5647 stare
3638 5598 3714 5654 p0-

2155 5707 2282 5760 test,
2329 5696 2434 5751 nisi
2467 5694 2721 5765 antiquos
2751 5690 2876 5746 illos
2904 5697 3128 5759 putasse
3156 5688 3390 5742 velimus
3423 5677 3713 5756 parallelunx

2093 5863 2120 5871 ς
2158 5787 2320 5842 istum
2363 5801 2528 5856 supra
2589 5784 2876 5846 linitorem,
2916 5788 3152 5852 quantus
3183 5786 3424 5850 quantus
3466 5780 3570 5838 est.
3633 5779 3710 5821 εἰ·
