3808 6312
145 357 274 416 1561

954 359 1416 418 DISSERTATIO
1457 361 1547 418 DE
1591 361 1779 420 ORTU
1819 361 1908 417 ET
1947 361 2215 418 OCCASU
2258 361 2585 420 SIDEBUM.

3261 357 3399 417 εδει

147 485 290 536 stare
314 482 514 538 totum,
537 490 638 530 nec
663 476 836 546 ipsius
861 475 1025 530 ullam
1055 485 1265 547 partem
1293 477 1395 532 sub
1425 483 1570 532 terra
1600 490 1724 532 esse
1753 483 1800 541 Α
1827 477 1896 532 HI
1928 478 2074 551 (pag.
2104 477 2180 532 62
2216 475 2308 534 Gr.
2344 478 2519 549 edit),
2555 475 2748 533 scribit
2777 475 3180 532 observationes
3219 473 3402 528 solsti-

147 569 446 626 conditam.
479 569 640 639 Atqui
669 569 726 624 id
756 569 954 625 falsum
986 578 1090 626 est.
1124 569 1381 626 Eudoxus
1414 580 1558 626 certe
1586 570 1729 640 apud

149 657 523 729 Hipparchum
563 659 656 712 lib.
710 657 727 712 1
770 660 915 731 (pag.
960 658 1015 728 6)
1063 661 1344 715 asserebat
1387 661 1576 730 tr0pici
1623 662 1732 715 cir-

148 751 255 806 cali
298 751 357 804 in
389 747 602 805 Graecia
656 760 865 822 partem
917 752 1088 817 illam,
1141 769 1263 823 quae
1314 768 1479 824 supra
1529 761 1731 809 terram

149 842 400 926 emergit,
423 841 643 898 ad.eam
672 858 794 912 quae
821 842 965 898 infra
996 853 1193 898 terram
1225 845 1380 908 latet,
1413 859 1533 900 eam
1563 844 1735 899 ratio-

152 947 274 988 nem
322 933 546 994 habere,
593 950 714 1004 quae
758 943 842 990 est
883 935 1174 990 duodecim
1223 935 1291 990 ad
1344 943 1571 1006 septem.
1623 936 1735 994 l-loc

156 1042 263 1080 non
310 1026 490 1096 potuit
532 1024 790 1082 Eudoxus
841 1030 1023 1082 animo
1070 1028 1376 1097 concipere,
1424 1028 1528 1082 nisi
1570 1029 1734 1083 talem

155 1119 258 1174 sibi
299 1117 528 1188 sphaera:
551 1119 800 1188 positum.
841 1121 1088 1191 lingeret,
1136 1127 1198 1174 ut
1242 1136 1351 1190 quo
1399 1122 1622 1191 propius
1667 1121 1735 1175 ad

154 1210 592 1282 mquinoctialem
644 1210 943 1272 acceditur,
993 1227 1058 1266 eo
1110 1213 1283 1282 major
1323 1212 1516 1282 tropici
1562 1211 1736 1268 aestivi

156 1317 283 1373 pars
326 1301 432 1356 sub
463 1311 664 1356 terram
695 1303 1082 1371 descenderet;
1133 1305 1312 1357 minor
1344 1312 1524 1358 autem
1558 1320 1738 1360 emer-

157 1404 327 1465 geret,
357 1394 535 1453 donec
566 1409 632 1449 eo
660 1401 878 1450 ventum
913 1403 1076 1459 esset,
1110 1395 1198 1448 ubi
1228 1411 1292 1450 ex
1323 1411 1478 1466 aequo
1501 1396 1739 1451 circulus

158 1489 248 1544 ille
302 1487 387 1542 ab.
417 1487 701 1542 horizonte
753 1487 1033 1542 dividitur.
1069 1487 1378 1543 Absurdum
1421 1495 1506 1542 est
1558 1487 1742 1558 itaque

158 1578 494 1649 persuadere
522 1577 648 1642 sibi,
679 1579 762 1633 vel
800 1577 1102 1642 Eudoxum,
1139 1579 1246 1641 vel,
1268 1578 1492 1648 azqualis
1515 1577 1606 1648 qui
1644 1578 1744 1632 fuit

159 1673 301 1742 ejus,
344 1670 638 1734 Metonem,
685 1680 778 1726 aut
817 1671 981 1725 alium
1012 1671 1325 1740 quemlibet,
1362 1671 1454 1741 qui
1489 1678 1746 1724 astrono-

161 1766 236 1818 mi
273 1779 479 1819 nomen
508 1770 787 1833 utcunque
819 1771 1082 1829 tueretur,
1111 1763 1246 1819 adeo
1288 1763 1518 1819 stolidos
1548 1761 1740 1826 fuisse,

162 1865 224 1911 ut
260 1863 590 1928 perpetuum
635 1823 952 1927 in-Aﬁgypti
997 1823 1170 1910 limite
1213 1855 1356 1910 diem
1399 1870 1523 1911 esse
1561 1823 1748 1908 crede-
1777 1823 1822 1882 Β

160 1962 315 2008 rent:
356 1965 487 2004 nam
534 1949 732 2020 Syene,
777 1965 898 2020 quae
933 1949 1036 2004 sub
1074 1949 1284 2020 tropico
1318 1949 1420 2004 sita
1448 1955 1552 2010 est,
1594 1947 1646 2000 in
1683 1961 1748 2000 eo

163 2051 345 2098 tractu
393 2041 636 2113 ponitur.
682 2040 868 2112 Neque
914 2056 1044 2096 vero
1093 2040 1481 2110 comprehendi
1536 2041 1750 2094 ratione

163 2137 273 2191 ulla
300 2143 503 2204 potest,
541 2136 736 2198 solem,
775 2150 902 2190 cum
947 2137 1012 2189 ad
1044 2136 1315 2206 tropicum
1352 2135 1620 2205 pervenit,
1654 2149 1750 2204 pe-

163 2240 409 2281 rennem.
449 2227 569 2280 sine
611 2234 772 2280 nocte
812 2225 992 2280 facere
1037 2226 1237 2289 lu’rem,
1272 2226 1379 2280 nisi
1421 2224 1750 2278 immobilem

165 2318 240 2372 ibi
296 2320 604 2374 consistere
633 2329 886 2387 putemus
917 2336 930 2372 :
963 2317 1484 2388 quod'astronomos
1504 2315 1626 2370 illos
1658 2332 1754 2369 su-

164 2409 410 2480 spicatos
433 2423 556 2464 esse
576 2407 792 2463 defendi
817 2424 926 2462 non
943 2415 1140 2478 potest,
1187 2411 1316 2477 quin
1355 2405 1584 2462 eosdem
1626 2405 1756 2461 veli-

168 2516 292 2557 mus
311 2513 367 2556 et
390 2501 447 2556 in
494 2499 726 2567 Graacia,
757 2510 810 2558 et
831 2501 926 2565 ibi,
971 2501 1060 2555 ubi
1106 2511 1280 2563 erant,
1310 2500 1604 2554 arbitratos
1633 2515 1758 2555 esse

173 2595 324 2649 nulla
385 2595 751 2664 interruptum
805 2605 963 2648 nocte
1023 2600 1137 2645 tum
1187 2608 1310 2648 esse
1354 2593 1519 2647 diem.
1555 2591 1757 2658 Quam-

173 2684 388 2748 obrem,
430 2693 492 2738 ut
519 2683 587 2739 de
617 2685 830 2740 caeteris
859 2685 1021 2739 modo
1054 2692 1286 2746 taceam,
1321 2693 1466 2738 certe
1498 2683 1566 2738 de
1601 2683 1758 2739 Cleo-

173 2784 373 2840 Str-ato,
407 2777 641 2842 Metone,
686 2775 1042 2840 Euctemone,
1071 2775 1317 2840 Eudoxo,
1395 2775 1638 2847 adeoque
1665 2793 1760 2831 ve-

174 2869 506 2925 tustioribus
560 2869 724 2924 etiam
777 2868 1196 2929 mathematicis,
1256 2883 1487 2936 quorum
1537 2868 1758 2939 quidem

179 2962 386 3017 mentio
432 2968 632 3026 exstet,
684 2976 844 3015 nemo
901 2962 1008 3015 tale
1056 2961 1372 3030 quidquam,
1410 2960 1515 3016 nisi
1569 2961 1761 3018 absur-

176 3054 431 3118 dissime,
464 3056 706 3124 cogitare
737 3061 935 3124 potest.

1830 573 1895 626 tii
1928 589 1958 626 a
1990 571 2212 627 Metone
2258 578 2312 626 et
2359 569 2692 625 Euctemoue
2739 569 2912 623 factas
2947 567 3014 621 ad
3050 580 3234 621 verum
3269 563 3424 624 solis.

1832 663 2224 735 designandum
2259 662 2553 718 circuitum
2583 660 2838 716 utiliores.
2865 657 3223 731 Hipparcheis
3265 655 3424 719 fore,

1832 756 1938 811 nisi
1983 755 2451 828 ὁλοσχερέστερον,
2503 751 2557 807 id
2605 761 2691 808 est.
2732 751 2952 806 rudiore
2983 748 3224 804 Minerva
3271 744 3406 802 deli—

1834 858 2007 904 neatae
2042 847 2240 911 forent,
2308 861 2372 902 ac
2404 846 2508 900 uisi
2541 852 2801 916 pra‘terea
2833 841 3189 898 solstitiorum
3218 851 3404 893 moro-

1837 941 1950 996 sior
1991 949 2134 996 esset
2175 955 2237 994 ac
2281 937 2548 992 difﬁcilior
2584 934 3004 990 animadversio.
3062 931 3194 998 Quae
3225 929 3408 984 Ptole-

1835 1033 1957 1087 maei
1989 1031 2152 1086 verba
2180 1031 2532 1086 vanissimam
2565 1028 2710 1082 illam
2743 1025 3002 1097 Scaligeri
3033 1022 3408 1092 conjecturam

1837 1139 1961 1180 esse
1997 1123 2280 1180 evidenter
2311 1129 2566 1192 arguunt.

1909 1215 2053 1271 Pene
2079 1216 2369 1270 omiseram
2401 1211 2543 1284 quod
2574 1211 2641 1274 ad
2677 1226 2791 1266 rem
2822 1221 3150 1281 magnopere
3179 1210 3410 1277 spectat,

1839 1325 1905 1365 ex
1947 1307 2158 1372 eodem,
2195 1308 2354 1376 cujus
2396 1308 2644 1376 proxime
2697 1296 3430 1370 ιιιοιιιίιιὶιιιιιςι,ηῐίἱιιμιιῑςιὶιοΔ

1841 1399 1961 1470 (lib.
1994 1399 2036 1463 1,
2071 1415 2192 1469 pag.
2237 1397 2347 1463 18).
2383 1397 2484 1452 Hic
2513 1397 2659 1452 enim
2697 1403 2886 1450 contra
2918 1390 3159 1445 Attalum
3189 1387 3416 1442 demon-

1843 1497 1981 1546 strat
2024 1489 2460 1560 aequinoctialem
2503 1487 2792 1549 circulum,
2835 1500 2898 1538 ac
2942 1481 3183 1552 tropicos
3233 1476 3426 1531 latitu-.

1844 1581 1972 1636 dine
1999 1597 2186 1636 carere
2210 1597 2275 1636 ex
2304 1579 2559 1650 opinione
2591 1578 2934 1648 priscorum;
2971 1582 3155 1641 neque.
3188 1569 3245 1623 in
3294 1565 3420 1621 aliis

1845 1682 2007 1744 atque
2039 1674 2161 1728 aliis
2198 1673 2474 1743 parallelis
2504 1669 2823 1740 atquinoctia
2867 1666 2952 1721 vel
3003 1661 3237 1720 solstitia
3270 1672 3419 1714 com~

1848 1767 1988 1820 mitti
2022 1783 2040 1819 :-
2073 1765 2216 1835 quod
2250 1765 2377 1819 inde
2414 1764 2632 1834 probat,
2663 1761 2792 1832 quia
2821 1759 3016 1813 crebro
3047 1760 3303 1810 asserunt
3340 1749 3418 1804 illi

1849 1858 2136 1914 zodiacum
2187 1855 2524 1926 ἐφάπτεσθαι
2566 1852 2698 1908 τῶν.
2728 1848 3027 1923 τροπικῶν.
3051 1845 3170 1900 καθ’
3217 1843 3275 1896 ’ἐν
3326 1858 3422 1910 ση-

1812 1953 2024 2021 -μείον,
2077 1968 2095 2001 ι
2148 1949 2204 2004 in
2248 1963 2358 2002 uno
2396 1954 2596 2018 puncto
2634 1942 2873 1998 circulos
2921 1938 3164 2008 tropicos
3208 1933 3424 1990 contin-

1851 2057 1998 2112 gere.
2056 2061 2075 2093 ι
2121 2039 2203 2094 Ad
2249 2039 2364 2094 haec
2410 2039 2458 2092 si
2511 2034 2856 2092 latitudinem
2900 2032 3163 2086 baberent
3208 2025 3423 2089 circuli,

1850 2121 2260 2205 aequinoctium,
2311 2129 2547 2199 exempli
2589 2142 2776 2190 causa,
2809 2119 3286 2196 pluribusdiebus
3329 2115 3426 2171 ile-

1853 2236 1932 2281 ret
1963 2241 1978 2278 :
2010 2223 2154 2294 quod
2188 2237 2396 2278 sensus.
2426 2221 2542 2290 ipse
2577 2218 2878 2288 redarguit.
2926 2214 3062 2268 Nam
3099 2209 3430 2282 aequinoctia

1855 2319 2100 2381 facilius,
2147 2331 2311 2386 quam
2374 2313 2607 2368 solstitia
2663 2311 3058 2366 discernuntur
3108 2302 3303 2359 oculis.
3359 2299 3431 2352 At

1855 2425 1995 2467 vero.
2035 2409 2224 2464 eadem
2279 2407 2422 2462 ratio
2471 2413 2526 2460 ct
2570 2404 2638 2458 de
2683 2399 2939 2457 solstitiis
2970 2396 3161 2459 vincit,
3193 2407 3303 2448 uno
3337 2391 3431 2446 illa

1856 2500 2235 2558 tantummodo
2265 2497 2361 2553 die.
2384 2495 2626 2569 ἀκριϐῶς
2677 2508 2742 2548 ac
2770 2491 2928 2561 φύσει
2957 2486 3165 2559 peragi,
3199 2482 3345 2556 quod
3376 2483 3432 2538 in

1858 2611 1968 2649 uno
1996 2593 2172 2650 solum
2202 2597 2404 2662 puncto
2429 2593 2716 2643 contactus
2744 2583 2839 2638 ﬁat
2867 2581 3222 2636 circulorum.

1930 2685 2086 2742 Unus
2115 2684 2182 2739 ad
2206 2679 2562 2740 divinationis
2588 2679 2749 2735 istius
2777 2675 2938 2731 ﬁdem
2961 2674 3165 2728 citatur
3187 2684 3220 2724 a
3258 2667 3438 2724 Scali-

1859 2795 1988 2852 gero
2016 2777 2174 2833 testis
2204 2775 2466 2832 Geminus
2497 2792 2510 2828 :
2545 2773 2638 2841 qui
2669 2785 2790 2840 cap.
2825 2770 2844 2824 l
2874 2764 3240 2839 quorumdam
3280 2767 3435 2843 vete-

1862 2885 1982 2923 rum
2023 2868 2332 2937 opinionem
2377 2863 2598 2926 refellit,
2646 2863 2738 2932 qui
2765 2859 3036 2915 Cancrum
3064 2864 3121 2910 et
3141 2853 3436 2924 Capricor-

1862 2975 1993 3014 num
2038 2957 2263 3010 minime
2297 2955 2561 3026 putabant
2603 2967 2728 3006 cum
2769 2949 2880 3004 ullo
2919 2947 3076 3019 signo
3116 2940 3436 3013 coniugari,

1865 3051 1968 3105 hoc
2000 3057 2084 3104 est
2109 3047 2317 3102 nullum
2350 3061 2492 3104 esse.
2520 3043 2666 3116 quod
2698 3042 2889 3097 eodem
2926 3040 3048 3095 loco
3073 3052 3198 3093 cum
3228 3033 3440 3090 utrovis

248 3147 500 3200 Alterum
531 3147 826 3201 commenti
855 3153 1025 3216 caput.
1050 3147 1251 3210 minus,
1281 3161 1442 3217 quam
1477 3145 1633 3209 illud,
1678 3145 1762 3200 in-
1789 3164 1830 3220 ο
1864 3142 2072 3198 oriatur
2101 3149 2154 3194 et
2187 3136 2420 3193 occidat.
2452 3134 2565 3190 lloc
2607 3132 2817 3192 refutat
2855 3129 3139 3191 Geminus,
3179 3126 3307 3199 quia
3355 3139 3444 3180 ss-

182 3247 392 3309 eptum,
418 3237 659 3293 validius
690 3248 868 3293 tamen
901 3237 1186 3293 refellitur.
1217 3237 1350 3292 Nam
1387 3237 1432 3293 si
1467 3237 1629 3302 Meto,
1663 3236 1764 3292 Eu-

181 3331 381 3395 doxus,
413 3329 693 3400 Calippus,
721 3338 774 3384 et
797 3329 887 3383 alii
917 3337 1042 3383 ante
1069 3327 1562 3398 Hipparchumfere
1579 3327 1764 3382 solsti-

185 3425 260 3476 tia
294 3424 349 3477 in
384 3422 616 3492 integris
642 3421 1119 3485 dodecatemoriis,
1147 3437 1253 3475 non
1286 3421 1339 3474 in
1373 3428 1521 3475 certa
1550 3420 1765 3473 illorum

189 3513 457 3583 particula
513 3511 628 3567 fieri
679 3511 1046 3578 censuissent,
1097 3527 1226 3577 non,
1255 3511 1470 3580 opinor,
1515 3510 1605 3563 illa
1649 3510 1766 3578 ipsa

187 3605 426 3662 solstitia
477 3602 646 3658 certis
688 3602 900 3657 dierum
945 3603 1239 3656 momentis
1286 3615 1315 3654 a
1368 3616 1426 3655 se
1478 3600 1768 3654 observata

189 3697 508 3770 proderent,
551 3703 612 3748 ut
658 3693 818 3757 Meto,
853 3693 944 3764 qui
987 3693 1281 3748 solstitium
1314 3691 1406 3744 illo
1434 3691 1521 3745 die
1564 3689 1765 3744 factum

189 3786 602 3849 animadvertit,
635 3785 726 3855 qui
760 3783 906 3839 Junii
941 3784 1115 3838 nostri
1150 3781 1257 3837 diei
1297 3797 1442 3836 xxvu
1478 3779 1770 3850 responde-

192 3883 285 3936 bat
336 3898 350 3934 :
403 3887 464 3934 ut
520 3878 804 3948 Calippus,
853 3875 1160 3944 ceterique.
1202 3887 1435 3944 quorum
1503 3873 1558 3926 in
1607 3885 1769 3942 para-

194 3972 540 4044 pegmatibus
593 3970 809 4025 decreta
899 3969 1265 4031 notabantur;
1320 3963 1773 4036 quemadmodum

196 4061 341 4133 apud
375 4061 689 4122 Geminum,
719 4067 772 4114 et
813 4059 864 4111 in
900 4056 1173 4110 Ptolenuei
1213 4056 1353 4110 libro
1381 4055 1448 4109 de
1484 4053 1776 4108 inerranti-

199 4155 300 4210 bus
326 4155 516 4208 Graece
544 4167 573 4205 a
600 4151 756 4206 nobis
782 4151 929 4205 edito
956 4150 1139 4204 videre
1168 4148 1318 4201 licet.
1351 4146 1563 4200 Etenim
1592 4144 1778 4200 solsti—

199 4249 334 4302 tium
366 4243 616 4299 aastivum
647 4241 905 4310 Calippus
935 4241 989 4294 in
1017 4239 1198 4309 prima
1222 4236 1417 4290 Caneri
1470 4242 1623 4305 parte
1660 4235 1776 4288 col-

1868 3239 2130 3303 queretur
2149 3228 2358 3302 τροπὰς
2385 3230 2439 3283 in
2468 3237 2582 3281 toto
2605 3225 2819 3287 Cancro
2846 3224 2963 3278 fieri
2999 3239 3028 3276 :~‘
3052 3218 3198 3292 quod
3227 3234 3335 3278 non
3357 3224 3444 3272 est

1870 3328 1976 3393 ita;
2033 3341 2156 3380 nam
2201 3325 2256 3379 in
2293 3313 2656 3396 uno'tantum
2708 3329 2910 3396 puncto
2981 3317 3126 3392 λόγῳ
3187 3310 3445 3386 θεωρητῷ

1869 3415 2147 3472 accidunt.
2198 3414 2304 3470 Sed
2346 3430 2414 3470 ex
2462 3429 2528 3469 eo
2579 3411 2792 3467 Gemini
2840 3417 3158 3480 argumento
3200 3420 3310 3460 non
3357 3409 3448 3458 est

1870 3523 2234 3579 consequens,
2288 3522 2408 3564 eam
2459 3505 2715 3569 Metonis,
2764 3502 2997 3568 Eudoxi,
3051 3508 3120 3557 et‘
3159 3500 3212 3556 id
3270 3512 3464 3571 genus.

1871 3614 2310 3660 astronomorum
2361 3602 2674 3672 opinionem
2726 3599 2914 3654 fuisse.
2956 3599 3069 3653 Imo
3107 3611 3260 3659 vero,
3301 3593 3473 3665 quod,

1873 3697 2158 3752 Eudoxum
2207 3704 2438 3767 spectat,
2486 3696 2723 3749 alienum
2755 3694 2899 3748 hunc
2939 3691 3110 3748 fuisse
3137 3691 3206 3745 ab
3229 3691 3332 3745 hoc
3360 3706 3452 3744 er-

1873 3807 2016 3856 rore,
2059 3797 2255 3861 printer
2297 3789 2410 3852 illa,
2459 3804 2580 3857 qua:
2627 3785 2790 3857 paulo
2835 3795 2960 3840 ante
2994 3784 3302 3847 retulimus,
3341 3781 3469 3835 alio.

1873 3881 1994 3936 loco
2037 3878 2301 3935 Geminus
2349 3878 2492 3935 idem
2544 3888 2728 3949 aperte
2780 3877 3052 3948 significat
3101 3889 3223 3946 cap.
3275 3871 3339 3926 γι
3386 3871 3453 3926 de

1874 3975 2178 4037 mensibus,
2209 3974 2305 4028 ubi
2343 3973 2659 4044 popularem
2702 3970 2992 4042 quamdam
3027 3969 3336 4038 opinionem
3368 3980 3457 4020 ca-

1878 4066 2041 4135 stigat
2084 4062 2469 4117 arbitrantium
2518 4061 2624 4115 lsia
2667 4059 2810 4129 apud
2840 4057 3130 4128 Egyptios
3159 4057 3212 4110 in
3244 4055 3461 4109 Eudoxi

1879 4154 2192 4228 χειμερινὰς
2234 4153 2440 4227 τροπὰς
2483 4152 2726 4209 incidere
2759 4171 2772 4207 :
2801 4151 2946 4221 quod
2979 4157 3104 4204 ante
3144 4161 3318 4208 annos
3350 4162 3454 4200 cxx

1881 4247 2179 4318 contigisse
2213 4246 2431 4317 probat.
2466 4245 2637 4315 igitur
2670 4242 2929 4297 Eudoxus
2959 4241 3245 4296 hibernum
3281 4240 3464 4295 solstiq

200 4337 444 4400 locabat,
475 4335 550 4388 ait
583 4333 844 4388 Geminus
874 4333 1018 4402 (pag.
1050 4331 1174 4400 15);
1205 4329 1492 4383 hibernum
1516 4327 1571 4381 in
1603 4325 1782 4396 prima
1882 4340 2018 4394 ιίυη,
2051 4352 2160 4391 uno
2190 4335 2376 4406 διερυο
2404 4333 2492 4390 die
2522 4329 2980 4400 circumscripsit,

200 4429 527 4500 Capricorni
555 4426 790 4497 ponebat
819 4423 1151 4488 Euctemon;
1185 4419 1529 4485 Eudoxusjn
1563 4425 1781 4488 quarta.

1955 4431 2131 4501 Atque
2153 4436 2214 4483 ut
2236 4426 2544 4497 antiquiora
2571 4439 2786 4494 quoque
2809 4417 3461 4493 temporaperstringam,

203 4522 433 4587 verum,
467 4527 528 4574 υι
557 4518 900 4588 "iPPaTChUS
933 4515 1151 4579 3559f":
1184 4513 1444 4567 Elldoxus
1486 4513 1541 4566 ίιι
1588 4510 1860 4566 "Ediler
1884 4532 2034 4579 certe.
2081 4519 2374 4582 Hesiodus,
2407 4517 2756 4574 astronomiae
2803 4513 3051 4573 scientia,
3083 4510 3459 4574 clarissimus,

203 4614 416 4685 signis,
460 4611 565 4665 hoc
612 4617 697 4664 est
739 4609 794 4662 in
844 4607 1015 4679 gradu
1057 4606 1126 4660 15
1166 4604 1420 4660 cardines
1489 4602 1780 4667 statuebat,

1886 4609 1981 4680 qui
2007 4608 2180 4662 altero
2215 4611 2338 4676 post
2366 4605 2640 4658 excidium
2672 4603 2852 4673 Troiae
2885 4600 3085 4658 saeculo
3117 4599 3319 4661 ﬂoruit,
3351 4599 3464 4654 sol-

202 4703 352 4776 quod
382 4702 563 4772 capite
597 4699 866 4769 superiori
899 4697 1320 4767 disputavimus.
1352 4696 1422 4748 At
1451 4709 1581 4748 vero
1611 4692 1656 4748 si
1691 4709 1775 4763 per

1889 4700 2097 4761 stitium
2127 4707 2422 4767 utrumque
2460 4709 2799 4765 nequaquam
2835 4693 2888 4746 in
2925 4692 3052 4746 totis
3084 4691 3465 4745 dodecatemo-

201 4808 384 4853 totum
437 4791 915 4849 dodecatemorion
970 4789 1266 4844 solstitium
1317 4786 1562 4841 diil‘undi.
1593 4785 1775 4840 crede-

207 4897 354 4954 rent,
406 4903 517 4942 non
564 4885 697 4939 illud
735 4885 902 4938 certis
939 4879 1318 4935 tantummodo
1358 4879 1551 4934 diebus
1582 4879 1788 4948 illigas-

208 4989 357 5042 sent,
409 4985 540 5047 puta
586 4974 780 5044 primo,
816 4978 1034 5042 quarto,
1077 4970 1161 5024 vel
1198 4975 1392 5022 octavo
1425 4966 1494 5019 ab
1540 4967 1789 5034 ingressu

209 5071 351 5128 solis
389 5069 445 5122 in
489 5067 727 5134 signum.
765 5062 1108 5133 Hipparchus
1135 5060 1232 5115 lib.
1258 5059 1301 5113 11
1333 5060 1514 5123 docet,
1547 5074 1613 5113 ex
1642 5055 1792 5110 Arati

213 5160 515 5222 sententia,
535 5157 803 5214 committi
835 5155 1130 5212 solstitium
1164 5153 1221 5208 in
1250 5153 1423 5223 prima
1459 5157 1613 5222 parte
1652 5148 1797 5204 Can-

216 5255 323 5316 cri,
373 5266 607 5320 eamque
651 5246 1164 5303 mathematicorum
1215 5255 1483 5301 veterum.
1536 5250 1630 5296 aut
1676 5255 1796 5296 om-

217 5344 398 5406 nium,
453 5346 547 5393 aut
595 5337 823 5406 majoris
869 5337 1041 5406 partis
1091 5334 1400 5405 opinionem
1456 5331 1642 5385 fuisse.
1711 5329 1798 5381 Ἐν

220 5432 396 5503 ταύτῃ
432 5433 500 5502 τῇ
538 5431 710 5500 τροπῇ
752 5426 931 5480 τοίνυν
955 5426 1051 5495 τὴν
1082 5424 1254 5496 ἀρχὴν
1277 5423 1459 5492 ἐπέχει
1484 5420 1577 5473 τοῦ
1601 5417 1802 5492 Καρκί-

225 5543 338 5579 νου.
376 5525 489 5579 Καὶ
528 5522 632 5575 ὑπὸ
665 5521 772 5575 τῶν
808 5519 1048 5591 ἀρχαιων
1077 5518 1133 5570 δὲ
1167 5513 1556 5588 μαθηματικῶν
1589 5513 1804 5567 πάντων

231 5619 441 5690 σχεδὸν,
465 5617 498 5688 ἢ
525 5616 633 5668 τῶν
660 5613 925 5667 πλείστων
950 5611 1136 5664 τοῦτον
1160 5609 1250 5662 τὸν
1273 5609 1471 5680 τρόπον
1497 5609 1525 5659 ὁ
1547 5605 1806 5671 ζωδιακὸς

232 5713 431 5773 κύκλος
455 5710 695 5782 διῄρητο.
737 5708 946 5777 Excipit
974 5705 1278 5763 Eudoxum.
1318 5703 1410 5774 qui
1461 5701 1528 5755 τὰ
1573 5700 1808 5773 τροπικὰ

238 5806 440 5878 σημεῖα
477 5802 626 5857 κατὰ
649 5800 788 5873 μέσα
829 5797 896 5852 τὰ
926 5797 1086 5862 ζώδια
1113 5795 1309 5866 τίθησι.
1353 5791 1679 5849 Ptolomaeus
1711 5790 1806 5845 ιιι),

1889 4793 2006 4856 riis,
2036 4808 2100 4846 ac
2138 4791 2333 4846 diebus
2364 4789 2582 4843 circiter
2612 4787 2838 4841 tricenis
2883 4784 3170 4856 utrobique
3200 4784 3465 4843 committi

1891 4884 2124 4940 censuit.
2159 4881 2361 4936 Scribit
2390 4881 2534 4934 enim
2582 4878 2674 4931 lib.
2710 4877 2750 4929 11
2814 4877 3069 4945 Operum,
3103 4879 3225 4944 post
3251 4889 3318 4927 ιιι
3350 4873 3466 4928 dies

1895 4995 1924 5033 a
1974 4977 2215 5033 solstitio
2259 4975 2488 5028 hiberno
2523 4973 2814 5024 Arcturum
2855 4968 2987 5023 oriri
3032 4987 3045 5022 :
3080 4981 3241 5037 quem
3288 4965 3468 5019 locum

1896 5067 2268 5140 expendemus
2297 5070 2505 5135 postea.
2538 5060 2675 5114 Tum
2706 5059 2896 5114 eodem
2935 5059 3097 5123 libro,
3133 5057 3470 5128 quinquage-

1896 5163 2036 5218 simo
2069 5160 2154 5216 die
2187 5164 2308 5234 post
2336 5155 2546 5229 τροπὰς
2583 5153 2799 5208 aestivas
2849 5159 3172 5207 autumnum
3212 5149 3287 5204 ait
3329 5147 3469 5204 inci-

1897 5271 2024 5330 pere
2057 5273 2069 5308 :

1976 5368 2206 5434 Ἤματα
2239 5360 2610 5434 πεντήκοντα
2631 5357 2777 5434 μετὰ
2808 5353 3030 5424 τροπὰς
3054 5353 3313 5434 ﬁrmiore,

2103 5433 2274 5499 τέλος
2308 5421 2590 5495 ἐλθόντος
2618 5421 2816 5501 ἇέρεος
2837 5421 3213 5501 καματώδεος
3239 5421 3412 5490 ὥρης,

1985 5498 2212 5573 Ὠῥαῒος
2241 5498 2484 5556 πέλεται
2511 5498 2750 5566 θνητοῖς
2775 5499 2982 5563 πλόος.

1979 5637 2418 5710 Quinquagesimo
2451 5633 2538 5710 die
2563 5640 2676 5699 post
2711 5630 3017 5710 solstitium,

1980 5699 2109 5766 Cum
2133 5699 2211 5763 'ad
2227 5699 2393 5775 'ﬁnem
2429 5704 2559 5758 venit
2594 5704 2796 5775 (astatis
2830 5699 3096 5775 laboriosa
3143 5701 3460 5763 tempesta“

1983 5767 2306 5850 Tempestt’ra
2331 5786 2405 5832 est
2436 5772 2747 5828 mortalibus
2779 5767 3058 5840 navigatio.
