3808 6322
433 357 577 416 1565

1409 353 1500 408 AD
1541 353 1805 409 EL‘SEBII
1842 354 2238 412 CURONICON
2272 356 2630 412 APPENDIX.

3519 359 3640 416 {364i

505 474 630 530 llaec
656 474 723 529 ad
736 475 1155 529 convincendam
1181 471 1558 542 Scaligerianze
1585 471 1866 525 sententia:
1897 470 1996 524 fal-
2022 476 2070 532 Α
2097 487 2255 541 :equo
2293 481 2499 526 remota
2526 473 2637 527 sint
2663 487 2693 524 a
2724 471 2995 527 solstitiali
3025 481 3251 542 puncto.
3282 472 3352 525 At
3391 483 3543 528 seeos
3570 491 3643 530 res

425 567 673 628 sitatem,
703 574 758 621 et
795 565 983 621 idonea
1032 573 1180 626 sunt,
1212 575 1266 618 et
1314 564 1620 617 necessaria
1653 562 1892 625 fuerunt,
1925 578 1994 616 ne

430 657 559 727 quis
607 669 807 711 temere
856 653 1172 710 stoliditatis
1209 662 1368 706 tanta:
1395 668 1518 707 reos
1545 660 1825 721 perageret
1853 651 1992 705 anti-

431 763 572 818 quos
602 748 723 802 illos
749 757 1124 811 astronomos;
1159 747 1461 816 praesertim
1494 745 1783 805 Metonem,
1808 744 1996 799 Eucte-

431 855 668 904 monem,
699 839 1001 902 Eudoxum,
1037 849 1264 894 caeteros
1294 837 1530 908 denique
1567 839 1634 892 ad
1678 836 1994 893 Eratosthe-

431 948 553 988 nem
579 941 635 988 et
665 930 1050 1002 Hipparchum.

1022 1068 1249 1125 CAPUT
1291 1068 1402 1123 VII.

425 1187 504 1242 De
559 1187 862 1240 cardinibus
920 1195 1147 1240 veterum
1196 1185 1452 1238 sententia
1482 1195 1667 1238 contra
1718 1183 1993 1237 Geminum

493 1259 726 1326 defensa.
758 1256 1292 1326 Signaiimperantia,
1327 1257 1706 1326 auscultantia,
1737 1255 1988 1326 eidenlia,

491 1323 568 1382 ιε’
591 1323 883 1386 Ριοιειηὼἕ.
917 1325 1078 1379 Pauli
1121 1327 1491 1386 Alexandrini,
1527 1325 1738 1378 Manilii
1770 1335 1820 1378 et
1861 1323 1990 1378 Fir-

490 1400 615 1451 πηίεὶ
652 1397 945 1450 rationibus
978 1397 1262 1462 explicata.
1299 1395 1440 1449 Mira
1478 1398 1531 1449 in
1563 1397 1645 1449 his
1680 1405 1729 1450 et
1772 1394 1993 1449 Firmici

489 1468 604 1524 loco
631 1467 976 1522 hallucinatio
1009 1465 1288 1537 Scaligeri.

489 1580 597 1637 Sed
642 1590 703 1636 ut
744 1591 989 1639 veterum
1033 1581 1100 1638 de
1144 1582 1463 1638 cardinibus
1503 1582 1772 1638 sententia
1817 1581 1990 1651 magis

419 1673 744 1737 illustretur,
774 1681 890 1728 tum
930 1675 1101 1728 multa
1134 1674 1200 1729 ad
1233 1674 1376 1730 idem
1415 1676 1690 1745 negotium
1733 1683 1989 1744 spectan-

417 1766 512 1831 tia,
560 1781 662 1820 nec
715 1765 940 1836 indigna
989 1767 1131 1820 scitu
1171 1766 1349 1823 obiter
1371 1767 1734 1836 explicentur,
1773 1764 1989 1820 Gemini

417 1857 572 1913 locus
613 1857 705 1913 ille
754 1856 1068 1913 accuratius
1112 1857 1468 1928 explicandus
1509 1866 1613 1912 est.
1662 1857 1989 1928 Quadrupli-

415 1961 535 2001 cem
583 1945 866 2017 signorum
902 1947 1076 2013 τάξιν,
1112 1948 1208 2000 καὶ
1243 1946 1389 2000 Θέσιν
1416 1962 1696 2018 exponens
1728 1946 1988 2003 Geminus

417 2035 564 2104 (pag.
595 2032 672 2104 6),
702 2045 955 2103 quartam
989 2037 1223 2105 appellat
1248 2051 1390 2101 eam,
1416 2053 1536 2107 qua:
1564 2037 1704 2091 κατὰ
1731 2037 1989 2107 συζυγίαν

415 2124 654 2190 dicitur;
684 2141 846 2195 quam
875 2142 1065 2182 eorum
1100 2126 1381 2198 signorum
1413 2144 1535 2184 esse
1565 2130 1743 2193 docet,
1774 2146 1894 2201 qua:
1921 2147 1988 2186 ex

415 2215 606 2270 eodem
643 2217 900 2271 oriuntur
935 2219 1077 2283 loco,
1119 2230 1175 2274 et
1214 2220 1267 2274 in
1309 2221 1500 2277 eodem
1535 2222 1793 2277 occidunt
1825 2246 1839 2277 :
1873 2223 1988 2278 sive

415 2320 535 2375 quae
565 2306 757 2362 iisdem
787 2309 1061 2380 parallelis
1089 2310 1466 2378 includuntur,
1499 2322 1558 2366 ut
1597 2322 1726 2367 sunt
1775 2313 1988 2369 Cancer

413 2404 468 2450 et
505 2394 740 2463 Gemini,
775 2398 1146 2471 Capricornus
1185 2409 1240 2456 et
1279 2403 1626 2474 Sagittarius,
1671 2419 1733 2459 ac
1767 2413 1985 2471 caetera,

413 2501 535 2556 quae
555 2503 621 2543 ex
653 2504 812 2560 ληυο
836 2491 1042 2546 distant
1063 2492 1132 2547 ab
1164 2494 1426 2548 alterutro
1451 2503 1774 2564 punctorum
1803 2496 1989 2552 solsti-

411 2578 647 2641 tialium.
695 2580 754 2636 In
801 2597 909 2653 quo
944 2593 1156 2639 veteres
1192 2585 1561 2654 reprehendit,
1590 2587 1683 2656 qui
1712 2587 1983 2642 Cancrum

409 2685 537 2726 cum
582 2673 734 2729 nullo
774 2676 883 2730 alio
927 2675 1188 2744 συζυγίαν
1222 2677 1424 2733 habere
1465 2679 1761 2747 putabant;
1810 2696 1985 2750 neque

408 2761 824 2834 Capricornnm,
846 2767 940 2822 sed
965 2767 1154 2823 ambos
1182 2770 1467 2839 μοναχοὺς,
1489 2777 1543 2824 et
1568 2768 1802 2839 ἁζύγους
1821 2787 1942 2826 esse
1969 2790 1981 2825 :

408 2857 608 2928 quippe
651 2873 777 2914 cum
829 2860 1002 2931 signis
1047 2863 1302 2916 omnibus
1348 2861 1622 2917 borealius
1658 2864 1887 2927 oriatur,
1932 2873 1986 2918 et

407 2948 622 3003 occidat
637 2949 878 3015 Cancer,
904 2951 1274 3022 Capricornus
1300 2961 1481 3009 autem
1507 2955 1824 3010 australius.
1848 2954 1983 3010 Nam

407 3041 618 3095 nullum
649 3050 754 3106 est,
785 3043 932 3114 quod
960 3059 1228 3114 peraeque,
1257 3055 1316 3099 ut
1352 3044 1456 3100 ista
1488 3045 1616 3109 duo,
1650 3047 1716 3100 ad
1759 3047 1980 3102 boream

407 3139 726 3187 austrumve
769 3131 1036 3188 deflectat.
1089 3133 1275 3204 Itaque
1331 3135 1545 3192 duobus
1596 3136 1664 3192 iis
1716 3139 2051 3223 exceptis,c

408 3221 618 3294 reliqua
649 3229 833 3281 decem
868 3227 941 3282 ita
970 3231 1383 3298 comparabant.

709 3361 921 3435 Syzyga
960 3365 1116 3437 signa
1148 3366 1434 3421 secundum
1470 3378 1683 3424 veteres.

756 3479 969 3535 Cancer

752 3548 958 3618 ἄζυγος

755 3618 972 3675 Gemini
1184 3629 1240 3678 et
1382 3623 1493 3679 Leo

756 3688 972 3765 Taurus
1183 3701 1240 3747 et
1379 3693 1546 3765 _Virgo

757 3759 916 3814 Aries
1190 3771 1245 3816 et
1387 3759 1548 3817 Libra

760 3828 960 3903 Pisces
1192 3841 1248 3886 et
1391 3833 1653 3903 Scorpius

759 3901 1034 3976 aquarius
1191 3911 1246 3958 et
1391 3901 1716 3976 Sagittarius

759 3969 1126 4038 Capricornus

760 4039 959 4109 ἄζυγος

677 4169 888 4243 Syzyga
917 4173 1070 4244 signa
1099 4171 1385 4228 secundum
1417 4174 1710 4232 Geminum.

755 4285 973 4342 Gemini
1328 4290 1542 4348 Cancer

757 4355 976 4413 Taurus
1330 4359 1440 4415 Leo

758 4427 918 4502 Aries
1332 4429 1498 4502 Yirgo

755 4496 945 4554 Pisces
1333 4496 1496 4556 Libra

754 4567 1031 4643 équarius
1338 4571 1602 4643 Scorpius

755 4636 1126 4707 Capricornus
1339 4636 1687 4714 Sagittarius.

474 4744 534 4802 In
561 4755 795 4820 utroque
822 4749 1217 4822 diagrammate
1242 4756 1536 4813 discrimen
1566 4761 1669 4813 hoc
1698 4760 1974 4824 cernitur,

405 4838 551 4909 quod
580 4840 714 4895 illud
740 4850 985 4899 veterum
1025 4851 1273 4918 syzygias
1304 4850 1445 4905 inter
1475 4867 1536 4906 ea
1567 4854 1719 4921 signa
1751 4862 1974 4916 statuat,

405 4945 526 4998 qum
570 4927 852 5002 aequaliter
899 4934 1105 4990 distant
1147 4951 1178 4990 a
1225 4939 1358 4994 totis
1409 4940 1582 5011 signis
1631 4944 1876 5012 tropicis,
1922 4945 1976 4997 in

405 5020 578 5078 altero
621 5022 826 5094 σύζυγα
866 5028 1022 5098 signa
1057 5030 1337 5100 aequaliter
1369 5047 1398 5084 a
1432 5035 1649 5103 punctis
1693 5037 1828 5106 ipsis
1867 5047 1978 5091 tro-

403 5110 544 5180 picis
583 5113 800 5170 absunt.
845 5116 1106 5174 Geminus
1154 5123 1410 5192 antiquos
1461 5125 1678 5190 refellit,
1727 5129 1872 5198 quod
1910 5146 1975 5184 ex

405 5217 604 5278 eorum.
651 5206 863 5262 ratione
914 5223 1260 5280 consequens
1315 5215 1394 5278 fit,
1460 5218 1692 5273 solstitia
1751 5220 1805 5274 in
1861 5229 1977 5275 toto

407 5291 850 5353 dodecatemorio
887 5297 1081 5354 Cancri
1123 5305 1457 5376 contingere.
1499 5307 1632 5364 Nam
1665 5327 1789 5366 cum
1819 5315 1975 5384 signa

406 5387 683 5457 comparia
718 5387 848 5454 sint,
887 5407 1009 5460 quae
1047 5409 1114 5449 ex
1157 5395 1348 5451 eodem
1395 5399 1514 5454 loco
1549 5412 1704 5458 ortus
1734 5420 1864 5460 suos
1894 5405 1976 5458 fa-

407 5476 578 5543 ciunt,
610 5488 664 5534 et
707 5479 760 5534 in
789 5483 1039 5538 eumdem
1080 5488 1372 5557 occidunt;
1407 5499 1466 5545 ut
1502 5490 1710 5549 Gemini
1761 5511 1824 5550 ac
1866 5495 1975 5551 Leo

407 5565 482 5620 ita
533 5586 592 5625 se
638 5571 892 5636 habeant,
940 5591 1164 5634 necesse
1212 5590 1297 5635 cst
1342 5584 1580 5653 aequales
1612 5586 1666 5640 in
1718 5587 1827 5642 illis
1853 5605 1975 5646 esse

409 5656 555 5726 dies,
595 5661 699 5718 hoc
729 5673 813 5720 est
843 5667 1224 5736 parallelorum
1262 5688 1538 5746 segmenta
1576 5697 1740 5751 supra
1793 5683 1973 5738 finito-

411 5763 524 5805 rcm
558 5753 745 5809 eadem
781 5776 793 5810 :
833 5759 976 5828 quod
1021 5761 1176 5818 aliter
1207 5764 1322 5821 fieri
1355 5770 1563 5840 nequit,
1610 5790 1772 5844 quam
1821 5779 1864 5831 si
1907 5792 1971 5831 ex

2097 566 2292 624 habet:
2321 582 2446 619 nam
2469 564 2821 620 Geminorum
2849 573 3149 620 extremum
3173 577 3256 620 est
3287 566 3468 636 ipsum
3493 569 3643 622 solsti-

2096 657 2224 711 tiale
2278 665 2577 726 punctum;
2632 657 2832 710 Leonis
2878 663 3082 722 autem,
3144 657 3435 725 sexagenis
3488 658 3550 712 ab
3591 675 3641 714 en

2096 748 2356 818 gradibus
2390 749 2579 804 distat.
2611 747 2849 818 ldipsum
2872 749 2926 802 in
2959 748 3124 803 Libra
3153 758 3208 803 et
3239 750 3428 804 Ariete
3467 750 3642 806 clarius

2093 837 2171 890 ait
2202 838 2437 904 ostendi,
2473 854 2594 909 qua
2624 840 2734 893 duo
2761 855 2959 910 syzyga
2987 839 3295 905 faciebant;
3331 841 3480 910 atqui
3507 840 3642 896 Libra

2095 928 2269 982 multo
2294 945 2457 998 quam
2488 930 2643 984 Aries
2671 931 2965 985 australius
2992 932 3191 994 oritur,
3218 938 3273 986 et
3303 930 3525 986 occidit.
3542 930 3643 986 [hac

2094 1019 2375 1075 Geminus.

2166 1109 2364 1165 Verum
2399 1111 2555 1182 longe
2587 1111 2770 1175 aliam,
2802 1126 2964 1182 quam
2996 1112 3207 1181 putavit
3234 1110 3517 1177 Geminus,
3545 1112 3640 1182 pri-

2094 1215 2310 1255 scorum
2358 1202 2862 1257 mathematicorum
2913 1203 3182 1258 rationem
3233 1202 3442 1266 fuisse,
3491 1219 3642 1274 neque

2093 1301 2240 1347 recte
2288 1293 2357 1345 ab
2399 1293 2492 1346 illo
2533 1294 2894 1363 reprehensos
2941 1309 3065 1350 esse
3100 1309 3428 1364 persuasum
3473 1293 3643 1349 habeo.

2090 1381 2210 1437 Non
2240 1383 2389 1437 enim
2419 1385 2513 1454 qui
2558 1384 2661 1439 hoc
2694 1385 3013 1440 asserebant
3039 1385 3345 1440 cardinalia
3374 1394 3567 1455 puncta
3599 1389 3644 1440 in

2092 1473 2228 1542 ipsis
2271 1473 2552 1543 signorum
2601 1475 2794 1548 initiis,
2841 1475 2936 1531 sed
2977 1476 3034 1530 in
3075 1476 3294 1539 mediis,
3344 1476 3452 1530 hoc
3492 1485 3568 1531 est
3598 1479 3645 1531 in

2090 1565 2262 1636 gradu
2305 1565 2518 1622 decimo
2563 1568 2756 1637 quinto
2797 1569 3141 1624 collocabant
3184 1587 3200 1622 :
3245 1584 3415 1639 quam
3462 1568 3646 1623 Eudoxi

2091 1655 2264 1712 fuisse
2316 1659 2639 1712 sententiam
2691 1657 3034 1729 Hipparchus
3081 1659 3399 1723 asserebat,
3449 1658 3516 1712 de
3557 1673 3648 1728 quo

2092 1763 2192 1803 nos
2242 1763 2362 1819 cap.
2415 1747 2483 1802 IV
2518 1749 2697 1805 fusius
2734 1750 2966 1822 egimus.
3004 1749 3183 1820 Atque
3212 1757 3272 1803 ut
3310 1749 3525 1804 Eudoxi
3557 1765 3648 1803 non

2021 1815 2062 1868 Β
2091 1838 2275 1902 fuerit,
2310 1815 2510 1895 eorum
2553 1815 2799 1896 veterum
2831 1849 2979 1896 certe
3027 1815 3149 1908 fuit,
3184 1842 3281 1911 qui
3324 1843 3425 1905 ita,
3468 1851 3526 1896 ut
3564 1841 3650 1896 Ge-

2089 1931 2276 1985 minus
2317 1931 2532 1996 scribit,
2559 1932 2837 2002 comparia
2884 1934 3028 1987 inter
3056 1949 3116 1988 se
3145 1933 3305 2004 signa
3350 1947 3652 2002 composue-

2088 2029 2238 2077 runt.
2288 2020 2404 2076 Hoc
2448 2023 2592 2076 enim
2642 2021 2802 2077 modo
2847 2024 3194 2078 verissimum
3236 2023 3367 2089 erit,
3403 2023 3546 2092 quod
3587 2022 3652 2076 illi

2088 2124 2302 2170 veteres
2349 2115 2653 2184 putabant,
2711 2131 2909 2188 syzyga
2961 2131 3085 2171 esse
3135 2116 3294 2188 signa
3348 2115 3562 2170 Libram
3608 2123 3652 2169 et

2087 2206 2348 2273 Arietem,
2383 2210 2530 2278 quod
2560 2224 2626 2264 ex
2652 2224 2810 2279 aequo
2831 2209 3100 2265 distarent
3122 2209 3192 2263 ab
3215 2217 3458 2279 utroque
3491 2208 3652 2262 solsti-

2084 2301 2183 2366 tio,
2226 2299 2341 2354 sive
2384 2315 2414 2353 a
2451 2300 2665 2356 decimo
2694 2301 2886 2372 quinto
2913 2299 3084 2371 gradu
3129 2299 3334 2354 Cancri
3383 2308 3438 2355 et
3480 2299 3652 2358 Cauri-

2085 2395 2263 2449 corni.
2315 2393 2452 2449 Tum
2513 2397 2564 2451 id
2613 2412 2954 2468 consequens
2995 2404 3108 2461 est,
3162 2412 3454 2467 perperam
3494 2413 3558 2451 ex
3597 2411 3651 2450 ea

2084 2495 2330 2542 veterum
2354 2489 2633 2559 Opinione,
2663 2506 2826 2560 quam
2853 2491 3040 2556 refert,
3072 2490 3460 2560 improbatque
3487 2489 3649 2544 Gemi-

2083 2594 2210 2640 nus,
2241 2580 2579 2636 conclusisse
2623 2580 2961 2652 Scaligerum
2993 2581 3083 2652 (In
3110 2581 3333 2647 Hanil.,
3368 2598 3494 2653 pag.
3522 2581 3648 2650 157).

2084 2670 2230 2740 quod
2289 2673 2470 2742 capite
2527 2671 2888 2728 antecedenti‘
2929 2675 3205 2740 diximus;
3271 2674 3490 2744 priscos
3545 2674 3650 2727 illos

2083 2763 2292 2836 τροπὰς
2337 2775 2392 2819 et
2443 2765 2676 2820 solstitia
2722 2766 2778 2820 in
2807 2766 2938 2822 totis
2972 2768 3200 2838 triginta
3230 2767 3521 2838 gradibus,
3556 2781 3651 2821 non

2083 2856 2138 2909 in
2186 2866 2390 2926 puncto
2436 2857 2621 2927 aliquo
2648 2858 2790 2930 λόγῳ
2815 2859 3074 2932 θεωρητῷ
3109 2863 3397 2926 statuisse,
3438 2862 3493 2916 id
3520 2862 3651 2917 enim

2083 2943 2221 2999 falso
2268 2947 2577 3016 suspicatus
2620 2956 2725 3012 est,
2793 2966 2969 3020 neque
3009 2967 3234 3008 causam
3281 2953 3500 3017 habuit,
3566 2967 3654 3008 cur

2084 3035 2187 3090 hoc
2240 3037 2344 3091 sibi
2398 3047 2710 3095 commento
2761 3041 3001 3111 placeret
3038 3043 3195 3107 adeo,
3232 3053 3295 3099 ut
3338 3045 3464 3114 ejus
3502 3045 3653 3100 insci-

2085 3125 2213 3179 tiam
2256 3127 2658 3184 mathematicis
2711 3132 3088 3201 exprobraret.
3134 3133 3331 3189 Mirum
3366 3152 3501 3190 vero
3547 3152 3653 3206 por-

2085 3221 2295 3268 tentum
2345 3216 2449 3270 hoc
2496 3219 2702 3275 erroris
2754 3218 2981 3278 Eudoxo
3040 3226 3110 3278 ab
3163 3225 3358 3280 eodem
3403 3225 3650 3298 impingi.

2084 3305 2193 3362 imo
2241 3317 2519 3364 auctorem
2557 3310 2702 3366 illius
2729 3311 3013 3370 Eudoxum
3054 3320 3252 3374 asseri.
3287 3317 3349 3373 In
3385 3335 3497 3389 quo
3528 3322 3653 3374 mul-

2082 3398 2250 3470 tiplex
2295 3409 2381 3456 est
2432 3402 2752 3473 ὰπροσεξία.
2801 3404 2938 3460 Nam
2979 3408 3026 3464 si
3071 3408 3337 3468 Eudoxus
3369 3413 3425 3467 in
3457 3413 3646 3469 decimc

2081 3489 2275 3558 quinto
2311 3491 2481 3561 gradu
2517 3492 2711 3547 Cancri
2756 3497 2964 3566 τροπὰς
2999 3499 3218 3556 aestivas
3248 3500 3368 3556 ﬁeri
3421 3503 3649 3572 scripsit,

2082 3577 2339 3636 hibernas
2385 3580 2440 3635 in
2492 3581 2814 3654 Capricorni
2863 3588 3078 3643 decimo
3111 3593 3328 3660 quinto,
3372 3595 3651 3664 utrobique

2081 3671 2276 3727 mediis
2323 3673 2378 3727 in
2428 3674 2634 3745 signis,
2679 3677 2844 3748 idque
2890 3680 3064 3750 ipsius
3099 3682 3312 3739 Eudoxi
3348 3686 3652 3742 testimonio

2081 3770 2334 3816 constare
2362 3765 2506 3832 apud
2535 3763 2904 3836 Hipparchum
2936 3778 3089 3839 putat
3109 3770 3392 3844 Scaliger;
3416 3778 3650 3846 quinam,

2080 3851 2332 3913 obsecro.
2355 3866 2778 3913 consentaneum
2809 3869 2914 3924 est,
2934 3861 2988 3915 in
3012 3871 3129 3918 toto
3151 3865 3310 3934 signo
3336 3869 3651 3923 constitutas

2080 3943 2150 3998 ab
2181 3944 2272 3997 illo
2313 3946 2520 4017 τροπὰς
2558 3947 2765 4005 fuisse?
2795 3951 2877 4006 Ad
2914 3952 3028 4008 haec
3057 3955 3105 4010 si
3136 3956 3397 4028 princeps
3435 3960 3508 4014 ita
3537 3975 3650 4014 sen-

2080 4034 2152 4090 sit
2209 4033 2501 4104 Eudoxus,
2549 4055 2659 4094 non
2708 4057 2840 4112 ergo
2885 4043 3108 4109 Metoni,
3157 4061 3224 4101 ac
3265 4051 3649 4106 vetustioribus

2080 4128 2222 4192 aliis,
2256 4130 2349 4199 qui
2387 4131 2671 4186 Eudoxum
2721 4141 3158 4205 antecesserunt,
3194 4139 3301 4195 hoc
3341 4142 3524 4212 ipsum
3571 4157 3648 4197 re-

2079 4219 2160 4272 nit
2186 4219 2240 4273 in
2269 4233 2504 4276 mentem
2535 4241 2548 4277 :
2580 4225 2724 4294 quod
2748 4234 2928 4282 tamen
2958 4229 3214 4286 universe
3238 4232 3309 4287 de
3336 4234 3648 4305 antiquitate

2077 4313 2227 4367 omni
2259 4321 2464 4371 temere
2496 4320 2887 4386 pronuntiabat
2914 4318 3174 4392 Scaliger.
3199 4323 3474 4382 Eradatur
3500 4328 3649 4398 igitur

2079 4420 2145 4459 ex
2187 4405 2335 4459 omni
2374 4406 2677 4463 litterarum
2711 4412 2972 4466 memoria
3004 4411 3315 4471 fiedissima
3361 4418 3468 4474 ista
3511 4419 3646 4473 labes

2008 4507 2053 4561 ι)
2080 4493 2373 4562 opinionis,
2402 4512 2564 4566 quam
2594 4498 2684 4553 ille
2710 4499 2952 4570 ἀκρίτως
2981 4501 3036 4555 in
3074 4502 3364 4560 Eudoxum
3424 4523 3490 4563 ac
3510 4516 3646 4562 vete-

2083 4603 2174 4643 res
2221 4599 2564 4647 astronomos
2609 4609 2778 4650 ausus
2818 4605 2902 4651 est
2944 4596 3218 4653 conferre.
3259 4599 3368 4655 Sed
3406 4616 3508 4656 nec
3552 4600 3643 4655 Ge-

2084 4679 2219 4734 mini
2251 4683 2540 4754 castigatio
2581 4701 2682 4742 nos
2718 4687 2810 4741 illa
2844 4688 3109 4757 delectet;
3149 4700 3343 4744 contra
3371 4709 3535 4762 quam
3562 4708 3645 4762 pa-

2082 4773 2344 4827 trocinari
2378 4777 2620 4846 antiquis
2651 4778 2760 4834 illis
2787 4795 2951 4850 quam
2993 4778 3158 4836 facile
3194 4797 3517 4852 possumus,
3547 4793 3641 4838 tam

2082 4865 2277 4919 merito
2293 4865 2589 4922 .debemus.

2157 4955 2247 5010 Sic
2287 4957 2341 5011 in
2384 4959 2631 5014 antisciis
2663 4970 2907 5016 veterum
2935 4978 3000 5017 ex
3038 4964 3228 5019 eodem
3268 4965 3424 5023 fonte
3457 4969 3641 5023 erroris

2079 5049 2436 5118 explicandis,
2469 5066 2533 5108 ac
2559 5052 2913 5108 traducendis
2944 5054 3165 5125 impune
3196 5058 3332 5112 lusit
3371 5059 3603 5130 Scaliger
3623 5098 3638 5119 ,

2077 5157 2200 5212 quae
2224 5141 2441 5211 quidem
2471 5153 2836 5201 consentanee
2865 5145 2936 5202 iis
2965 5163 3085 5217 quae
3117 5164 3218 5218 pro
3245 5151 3504 5219 Opinione
3535 5151 3641 5205 illo-

2077 5248 2200 5287 rum
2227 5232 2579 5296 adduximus.
2600 5235 2867 5290 veriorem
2899 5236 2968 5290 ad
2999 5253 3219 5292 sensum
3246 5238 3643 5293 accommodare

2076 5324 2224 5380 licet.
2264 5324 2422 5391 Quod
2460 5335 2518 5381 ut
2551 5327 2786 5383 breviter
2817 5328 2928 5394 fiat,
2972 5331 3138 5400 paulo
3166 5331 3332 5386 altius
3362 5331 3640 5402 repetenda

2078 5431 2168 5470 res
2205 5417 2328 5471 erit.

2146 5507 2226 5561 Ex
2271 5510 2567 5566 vanissima
2605 5513 2713 5565 τῶν
2742 5514 3260 5584 ὰποτελεσματικῶν
3294 5515 3527 5576 ratione,
3556 5512 3642 5566 do-

2076 5597 2436 5655 decatemoria
2487 5605 2693 5658 zodiaci
2739 5607 2920 5661 varias
2962 5607 3105 5661 inter
3145 5623 3207 5662 se
3264 5609 3500 5678 σχέσεις,
3540 5605 3644 5660 sive

2080 5695 2489 5762 σχηματισμοὺς
2537 5696 2757 5759 habent,
2801 5712 2940 5766 quos
2983 5707 3240 5767 aspevtus
3277 5700 3443 5768 vulgo
3477 5693 3637 5752 nomi-

2078 5791 2226 5835 nant.
2261 5781 2333 5836 Ex
2377 5785 2576 5852 quibus
2604 5800 2696 5840 eos
2720 5786 2983 5840 duntaxat
3024 5788 3126 5841 hoc
3175 5788 3296 5843 loco
3337 5788 3637 5858 scligcmus.
