3808 6318
148 367 282 428 1565

149 488 239 561 qui
266 485 334 542 ad
373 481 646 553 negotium
671 484 919 533 nostrum
945 470 1239 542 pertinent,
1270 461 1585 518 auctoribus
1610 457 1709 513 ad-

807 531 1105 619 Tetrdbiblo
1134 558 1249 630 (lib.
1289 554 1352 625 l),
1383 553 1552 606 Paulo
1579 550 1704 605 Ale-
1807 539 2079 635 occidant.
2121 534 2297 634 Atque
2347 531 2482 635 bree-
2509 532 2636 628 sunt

1806 628 2033 685 Gemino
2067 622 2321 695 superius
2343 617 2755 690 explicavimus,
2787 620 2846 667 ut
2872 608 3105 674 Gemini,
3131 607 3388 667 Cancer..

156 668 436 729 xandrino,
492 661 729 723 Manilio,
800 666 855 711 et
904 654 1164 709 Firmice.
1222 649 1389 719 Igitur
1433 645 1585 713 signa
1616 648 1710 696 aut

154 771 275 820 sunt
320 761 518 823 οἰκεῖα,
569 772 590 806 ι
625 749 939 816 familiaria,
969 767 987 799 ι
1027 747 1143 803 sive
1197 763 1216 796 ι
1257 747 1513 812 cognata;
1556 756 1575 789 ι
1615 743 1710 792 aut

154 852 429 911 ἀσύνδετα,
476 866 497 899 ι
547 843 917 915 inconjuncta,
962 859 987 891 ι-
1027 845 1082 892 et
1132 855 1152 887 ι
1201 834 1399 888 aliena.
1454 850 1472 883 ι
1518 828 1710 883 Priora

156 946 424 1005 dicuntur,
445 954 567 1012 qua:
591 935 975 993 schematismo
998 930 1201 1000 aliquo,
1229 926 1314 982 vel
1331 922 1597 979 οἰκειώσει
1628 920 1709 974 in~

157 1047 235 1092 ter
268 1050 326 1090 se
361 1034 612 1088 devincta
649 1035 803 1093 sunt;
842 1023 1163 1096 posteriora,
1205 1033 1327 1090 qua;
1363 1017 1571 1071 nullum
1616 1012 1714 1066 ha-

156 1133 279 1186 bent
305 1142 374 1184 ex
404 1126 493 1190 iis,
525 1138 664 1195 quos
687 1120 1082 1189 astrologorum
1111 1129 1244 1170 usus
1271 1110 1520 1165 adscivit.
1551 1105 1714 1161 Sche-

158 1221 435 1276 matismus
462 1216 546 1272 vel
572 1223 657 1271 est
682 1210 823 1266 κατὰ
851 1210 1160 1279 διάμετρον,
1188 1210 1248 1257 ιιι
1267 1202 1426 1257 Aries
1444 1206 1498 1254 et
1523 1197 1710 1259 Libra,

157 1314 237 1366 vel
288 1308 428 1364 κατὰ
468 1308 749 1379 τρίγωνον,
781 1304 871 1358 vel
902 1300 1045 1355 κατὰ
1075 1296 1439 1369 τετράγωνον,
1454 1291 1538 1346 vel
1574 1286 1717 1343 κατὰ

158 1404 455 1471 ἑξάγωνον,
492 1396 560 1454 de
606 1396 805 1469 quibus
843 1392 1106 1448 Geminus
1146 1404 1267 1458 cap.
1314 1386 1364 1451 l,
1403 1392 1457 1440 et
1501 1395 1600 1436 nos
1645 1381 1712 1436 ad

158 1494 401 1551 eumdem
452 1492 507 1545 in
544 1488 703 1544 Notis
731 1484 974 1557 quedam
1007 1480 1437 1538 observavimus.
1470 1476 1714 1532 Alterum

159 1601 321 1656 genus
360 1580 707 1644 οἰκειώσεως,
737 1575 1037 1634 secundum
1064 1573 1207 1644 quod
1250 1571 1408 1642 signa
1453 1570 1557 1623 alia
1591 1576 1718 1623 sunt

160 1674 579 1747 προστάσσοντα,
633 1688 659 1721 ι
710 1666 1049 1740 imperantis,
1110 1683 1129 1716 ι
1190 1662 1295 1717 alia
1352 1659 1714 1723 ὑπακούοντα,

163 1786 182 1818 ι
224 1762 588 1820 auscultantia
641 1779 654 1815 :
712 1778 732 1811 ι
786 1772 906 1829 quae
952 1755 1112 1810 ambo
1162 1752 1440 1808 communi
1498 1750 1718 1805 nomine

157 1859 479 1922 ἀκουόντων,
516 1873 536 1905 ι
573 1851 929 1913 audientium,
970 1866 990 1902 ι
1040 1846 1243 1902 Paulus
1294 1842 1718 1908 Alexandrinus,

158 1959 207 2004 et
243 1947 499 2002 Manilius
544 1943 869 2013 intelligunt.
896 1939 1137 1994 Tertium
1178 1951 1351 2008 genus
1396 1933 1720 1995 οἱκειώσεως

158 2050 237 2097 est
270 2041 377 2095 τῶν
411 2038 737 2111 βλεπόντων,
774 2048 895 2091 sese
924 2040 1113 2087 mutuo
1142 2027 1614 2099 conspicientium.
1651 2025 1725 2079 Ut

159 2135 222 2191 de
249 2130 646 2204 posterioribus
675 2128 761 2184 his
792 2125 1055 2181 ambobus
1086 2138 1263 2194 agam.

225 2224 550 2279 Ptolemaeus
596 2218 1030 2294 προστάσσοντα,
1078 2226 1132 2270 et
1173 2213 1517 2268 ὑπακούοντα
1567 2211 1722 2281 signa

159 2324 333 2383 vocat,
368 2315 444 2370 τὰ
478 2314 597 2369 κατ’
633 2314 755 2384 ῐσην
784 2311 1059 2365 διάστασιν
1085 2305 1193 2360 ἀπὸ
1222 2304 1315 2359 τοῦ
1349 2303 1534 2364 αὐτοῦ,
1564 2303 1597 2373 ἦ
1631 2301 1725 2354 κα).

159 2411 411 2483 ὁποτέρου
458 2408 566 2461 τῶν
616 2402 945 2478 ἱσημερινῶν
979 2400 1218 2472 σημείων
1244 2395 1722 2471 σχηματιζόμενα,

160 2504 241 2559 διὰ
272 2504 333 2557 τὸ
353 2505 414 2556 ὲν
437 2503 551 2565 τοῖς
578 2500 712 2562 ἴσοις
736 2498 947 2571 χρόνοις
974 2492 1340 2563 ἀναφέρεσθαι
1358 2491 1451 2544 καὶ
1475 2490 1566 2543 ἐπὶ
1596 2488 1724 2542 ἴσων

162 2594 538 2669 παραλλήλων.
581 2609 600 2644 ι
633 2589 764 2658 Quae
804 2589 920 2658 pari
966 2585 1251 2641 intervallo
1297 2583 1375 2637 ab
1413 2580 1601 2636 eodem
1641 2579 1727 2633 vel

162 2694 421 2749 alterutro
453 2698 778 2761 punctorum
804 2682 1265 2757 aequinoctialium
1287 2678 1566 2742 distantia,
1589 2676 1726 2748 figu-

160 2793 310 2845 ram,
367 2792 470 2834 seu
520 2781 873 2846 conspectum
930 2772 1183 2827 habent:
1227 2770 1372 2841 quod
1428 2767 1728 2838 aqualibus

162 2869 499 2941 temporibus
538 2868 806 2931 oriantur,
837 2873 893 2921 et
932 2865 987 2919 in
1023 2862 1322 2933 aequalibus
1362 2858 1659 2931 parallelis.
1704 2877 1723 2911 ι

163 2962 428 3018 Zodiacus
458 2959 699 3015 circulus
726 2958 797 3013 ab
826 2954 1190 3028 aequinoctiali
1223 2951 1477 3007 bifariam
1514 2958 1729 3007 secatur

162 3057 219 3110 in
242 3052 468 3126 punctis
494 3049 985 3122 aequinoctialibus.
1016 3045 1157 3101 Hinc
1186 3042 1564 3100 semicirculus
1595 3041 1731 3095 alter

163 3147 398 3203 borealis
446 3143 672 3205 dicitur,
724 3140 935 3196 habens
978 3138 1141 3209 signa)
1174 3136 1414 3192 borealia
1453 3149 1571 3197 sex,
1610 3148 1731 3203 qua:
1756 3148 1804 3213 ο

165 3244 287 3293 sunt
322 3236 512 3300 Aries,
553 3234 790 3298 Taurus,
824 3229 1060 3293 Gemini,
1095 3227 1323 3293 Cancer,
1350 3225 1480 3290 Leo,
1524 3223 1728 3293 Virgo;

165 3330 296 3385 alter
326 3327 594 3383 australis
632 3323 855 3381 totidem
898 3320 1069 3392 signis
1110 3319 1394 3390 praeditus,
1423 3330 1544 3387 quae
1581 3323 1729 3379 sunt,

163 3419 344 3486 Libra,
370 3418 659 3488 Scorpius,
704 3414 1051 3487 Sagittarius,
1103 3411 1492 3482 Capricornus,
1544 3407 1732 3479 Aqua-

166 3514 299 3581 rius,
344 3512 579 3576 Pisces;
634 3488 1080 3578 borealia'signa
1124 3511 1252 3561 sunt
1297 3501 1737 3574 προστάσσοντα;

167 3599 426 3663 australia
458 3617 588 3659 vero
615 3600 975 3656 ὑπακούοντα.
1015 3596 1187 3668 Cujus
1220 3595 1301 3652 rei
1326 3608 1547 3650 causam
1579 3590 1736 3647 ali‘ert

166 3698 494 3755 Ptolemaeus
523 3695 667 3766 quod
695 3695 752 3749 in
789 3691 1103 3749 borealibus
1128 3689 1298 3761 signis
1334 3685 1594 3759 paulatim
1620 3684 1739 3741 dies

168 3799 473 3862 augeantur
492 3829 505 3853 ,
550 3788 605 3840 in
634 3787 805 3842 altero
828 3783 1244 3841 contrahantur.
1269 3779 1353 3835 Ob
1381 3780 1435 3834 id
1471 3780 1739 3849 imperare

167 3885 242 3938 illi
263 3884 489 3947 debuit,
518 3881 612 3936 isti
637 3894 849 3950 parere,
871 3893 941 3933 ex
969 3876 1104 3932 artis
1126 3873 1477 3945 ineptissime:
1497 3871 1740 3926 decreto.

169 3974 278 4032 Hac
301 3976 522 4030 ratione
550 3972 705 4043 signa
734 3971 826 4024 illa
854 3970 1000 4024 inter
1029 3983 1089 4024 se
1116 3966 1471 4039 pariabimus.

870 4079 1055 4151 Signa.

172 4203 531 4276 hnperantia.
1342 4187 1743 4246 Auscultantia.

283 4319 449 4377 Aries
1208 4306 1395 4361 Pisces

284 4374 512 4445 Taurus
1212 4374 1489 4446 Aquarius

286 4460 508 4516 Gemini
1213 4445 1580 4516 Capricornus

284 4529 506 4586 Cancer
1219 4515 1546 4586 Sagittarius

286 4599 400 4655 Leo
1222 4585 1481 4657 Scerpius

284 4670 460 4743 Virgo
1221 4657 1387 4712 Libra

245 4784 377 4840 Haec
434 4781 582 4838 enim
639 4779 794 4849 signa
840 4783 971 4831 sunt
1005 4772 1330 4845 iuavdcpopa,
1361 4779 1417 4826 et
1463 4767 1754 4840 ἱσοπαρὰλ-

173 4878 336 4951 ληλα,
367 4876 522 4946 quod
561 4870 841 4941 aequaliter
870 4867 1077 4922 distent
1109 4864 1178 4919 ab
1214 4862 1479 4917 ambobus
1508 4860 1753 4930 requino-

175 4949 440 5023 ctialibus
465 4962 707 5035 punctis.
736 4958 1019 5028 Aiquales,
1055 4955 1302 5025 inquam,
1336 4951 1622 5022 parallelos
1650 4949 1753 5002 ha-

176 5060 326 5125 bent,
358 5073 475 5113 non
516 5053 759 5115 eosdem,
791 5058 853 5104 ut
884 5047 1236 5104 Camerarius
1282 5045 1467 5101 vertit.
1513 5041 1570 5096 ιιι
1609 5041 1755 5096 enim

176 5151 352 5222 signis
391 5144 716 5203 videntibus
747 5141 1026 5205 convenit,
1057 5153 1178 5209 quae
1205 5154 1235 5191 a
1268 5135 1495 5206 tropicis
1537 5131 1757 5204 punctis

175 5255 241 5295 ex
268 5246 438 5310 aequo
461 5235 670 5290 distant
688 5231 786 5288 :de
812 5231 1013 5302 quibus
1038 5230 1149 5301 agit
1178 5227 1379 5284 ibidem
1412 5224 1757 5279 Ptolenmus.

248 5333 433 5404 igitur
476 5328 711 5381 alterum
749 5338 921 5395 genus
946 5319 1274 5381 οἰκειώσεως
1306 5324 1390 5372 est
1418 5325 1761 5382 eorumque:

182 5424 479 5497 βλέποντα,
494 5415 1035 5487 videntia,dicuntur,
1050 5420 1103 5469 et
1120 5407 1556 5479 ἰσοδυναμοῦντα,
1569 5404 1762 5474 aquati

181 5525 448 5587 potestate
502 5510 750 5581 prardita.
812 5509 952 5564 Sunt
999 5518 1181 5562 autem
1225 5500 1515 5572 ejusmodi,
1546 5512 1667 5569 quae
1692 5511 1761 5551 ex

182 5620 346 5678 aequo
375 5604 592 5659 distant
623 5598 692 5654 ab
723 5598 990 5653 alterutro
1012 5592 1237 5650 solstitii
1260 5599 1485 5660 puncto.
1503 5587 1575 5640 Ea
1599 5598 1762 5656 porro

185 5677 385 5750 mutuo
405 5707 472 5748 se
498 5689 687 5745 videre
717 5688 977 5742 dicuntur
1005 5684 1127 5740 ideo
1149 5680 1294 5751 quod
1329 5686 1384 5734 et
1404 5680 1522 5733 dies
1548 5677 1760 5738 diebus,

182 5790 240 5841 et
269 5778 753 5840 noctesnoctibus
798 5775 1032 5848 aequales
1063 5771 1297 5834 faciant;
1329 5779 1441 5826 tum
1483 5765 1627 5837 quod
1658 5764 1756 5819 iis-

949 340 1406 405 DlSSERTATlO
1442 337 1533 393 DE
1564 330 1752 392 ORTU
1782 329 1870 385 ΕΤ
1909 321 2179 383 OCCASU
2219 314 2543 377 SIDERUM.

1737 464 1787 520 Α
1810 452 1931 508 dem
1966 464 2035 506 ex
2063 443 2365 502 horizontis
2398 426 2660 511 partibus-
2686 434 2951 494 oriantur,
2979 435 3049 485 et.
3079 427 3136 481 in
3168 424 3359 481 iisdem

3221 303 3359 362 1566

2683 521 2890 589 σύζυγα
2932 518 3107 588 signa,
3138 528 3257 585 qua:
3294 527 3379 568 ex.

1809 719 2045 781 Taurus,
2073 694 2201 780 Leo,
2231 721 2287 768 et
2323 722 2538 772 caetera,
2573 707 2640 762 de
2678 702 2965 775 quibusin
2988 698 3142 755 Notis
3166 694 3367 753 ad..Ge-

1808 812 2014 867 minum
2050 807 2232 876 aliqua
2258 803 2519 858 diximus.

1868 898 2177 954 ιἈσύνδετα
2232 903 2287 949 et
2343 887 2823 963 ἁπηλλοτριωμένα
2847 925 2863 951 ,
2924 883 3259 953 inconiuucta
3313 888 3390 936 et-

1811 993 1985 1047 aliena
2024 991 2174 1059 signa
2216 986 2493 1046 dicuntur,
2524 995 2644 1052 qua
2675 980 2877 1035 nullius
2908 972 3275 1034 schematismi
3302 987 3389 1027 ex.

1812 1080 2261 1138 antecedentibus
2293 1075 2414 1132 istis
2447 1073 2761 1129 societatem
2795 1077 2994 1125 coeunt
3019 1065 3269 1120 invicem.
3292 1063 3385 1117 lta.

1811 1174 2155 1229 Ptolemaeus.

1883 1266 1954 1320 At
2001 1263 2267 1319 Manilius.
2295 1267 2352 1315 et
2406 1257 2617 1313 Paulus
2656 1250 3052 1309 Alexandrinus
3099 1243 3398 1304 audientia_

1813 1366 1870 1414 et
1915 1356 2153 1413 videntia
2188 1353 2342 1424 signa
2379 1349 2537 1404 aliter
2587 1345 2881 1415 explicant.
2918 1339 3053 1394 Nam
3095 1335 3236 1406 apud
3278 1350 3374 1390 eos

1820 1449 2120 1506 videntium
2170 1414 2322 1517 paria
2352 1448 2605 1498 constant
2650 1414 2719 1492 iis
2757 1436 2927 1505 signis
2962 1446 3081 1503 quae
3112 1445 3178 1486 ex
3219 1414 3405 1499 aqua}

1817 1543 2020 1598 distant
2066 1555 2094 1592 a
2127 1538 2256 1594 totis
2285 1534 2454 1606 signis
2476 1530 2697 1601 trepicis
2719 1535 2779 1582 ut
2806 1533 2933 1583 sunt
2962 1522 3193 1585 Gemini,
3230 1518 3373 1582 Leo,

1820 1633 2054 1697 Taurus,
2080 1630 2268 1701 Virgo,
2303 1643 2367 1682 ac
2414 1625 2623 1695 reliqua
2642 1639 2674 1690 ;.
2698 1633 2821 1690 quae
2847 1615 3117 1686 descripta
3164 1619 3290 1668 sunt
3317 1611 3378 1665 in

1820 1722 1992 1777 altero
2021 1720 2295 1775 schemate
2315 1716 2423 1769 τῶν
2454 1711 2722 1781 συζύγων,
2755 1707 3049 1765 secundum
3071 1709 3380 1764 veteres,.ut

1751 1818 1795 1874 Β
1819 1829 2011 1869 eorum
2060 1818 2296 1866 mentem
2342 1808 2732 1876 interpretatus
2758 1808 2843 1857 est
2873 1797 3155 1853 Geminus.
3191 1792 3380 1862 Itaque

1822 1907 2035 1962 Cancer
2060 1910 2115 1957 et
2145 1900 2516 1971 Capricornus
2558 1893 2814 1949 ἄὸλεπτοι
2868 1898 2996 1946 sunt
3043 1895 3098 1943 et
3137 1882 3377 1957 μοναχάι,

1820 2014 1923 2054 nec
1948 1996 2078 2060 alia,
2112 1995 2208 2050 sed
2235 2007 2295 2048 se
2324 1990 2451 2046 sola.
2469 1993 2824 2044 contnentur.

1890 2087 2107 2141 Rursus
2130 2080 2448 2152 imperantia
2480 2078 2633 2147 signa
2661 2083 2717 2131 et
2749 2068 3113 2127 auscultantia
3142 2072 3386 2122 statuunt

1821 2180 2009 2242 ﬁdem,
2033 2191 2154 2245 qua:
2185 2189 2255 2229 ex
2279 2186 2435 2241 aequo
2466 2169 2679 2225 distant
2710 2166 2778 2221 ab
2803 2159 3274 2235 mquinocdalibus
3300 2157 3387 2211 ἰηι-

1823 2269 1990 2341 tegris
2017 2265 2211 2338 signis,
2233 2265 2307 2317 ita
2337 2270 2397 2317 ut
2427 2260 2611 2331 priora
2634 2256 2905 2318 borealia,
2938 2251 3242 2322 posteriora
3275 2249 3387 2304 sint

1824 2338 2101 2416 auvstralia.
2132 2355 2274 2425 Ergo
2312 2360 2467 2406 extra
2500 2356 2703 2406 sortem
2749 2352 2881 2401 sunt
2904 2342 3063 2397 Aries
3115 2348 3167 2395 et
3198 2338 3387 2405 Libra,

1824 2466 2000 2522 neque
2031 2465 2089 2505 se
2112 2449 2342 2503 invicem
2371 2442 2631 2504 audiunt,
2663 2451 2840 2507 neque
2899 2435 3035 2499 alia;
3069 2431 3163 2488 sed
3200 2429 3389 2486 solita—

1824 2518 2084 2604 ria—sunt,
2114 2555 2178 2596 ac
2203 2536 2496 2611 μονόζωνα,
2513 2538 2708 2589 eastern
2735 2524 3001 2598 ὁμόζωνα.
3022 2522 3095 2576 Ea
3113 2523 3166 2576 in
3189 2518 3389 2574 tabella

1828 2635 2075 2706 sequenti
2106 2632 2234 2688 licet
2266 2628 2488 2684 intueri.

2268 2741 2434 2812 Signa
2463 2736 2670 2794 Manilii
2698 2741 2765 2790 et.
2784 2728 2937 2785 Pauli

1828 2815 2150 2887 lmperantia
2271 2792 2433 2812 mw”
2538 2879 2550 2892 .
3015 2792 3408 2850 Ausculantia-

2509 2895 2616 2933 nes

2509 2895 2616 2933 nes

2461 2951 2659 3020 ἄζυγος

1949 3025 2173 3082 Taurus
2876 3018 3060 3075 Pisces

1947 3095 2160 3153 Gemini
2876 3087 3151 3159 Aquarius

1947 3168 2157 3222 Cancer
2877 3159 3244 3230 Capricornus

1947 3236 2056 3292 Leo
2881 3228 3207 3301 Sagittarius

1947 3305 2125 3379 Virgo
2466 3371 2639 3425 Libra
2883 3296 3143 3367 Scorpius

2468 3441 2686 3511 ἄζυγος.

1904 3540 2063 3595 Aries
2089 3541 2273 3608 itaque
2300 3532 2604 3606 imperandi
2622 3533 2709 3588 vel
2734 3530 3077 3587 auscultandi
3101 3545 3225 3585 cum
3249 3529 3417 3584 nullo—

1838 3630 2227 3688 commercium
2279 3627 2464 3693 habet,
2522 3626 2739 3682 Libram
2791 3632 2972 3680 autem
3031 3623 3195 3687 videt,
3242 3630 3302 3677 ut
3342 3627 3415 3677 et;

1837 3724 2076 3780 Arietem
2096 3721 2282 3780 Libra.

1839 3836 2131 3894 Consilium
2148 3835 2258 3898 ipse
2275 3848 2429 3887 suum
2449 3839 2527 3887 est
2542 3830 2692 3885 Aries
2709 3845 2727 3883 :
2746 3838 2803 3883 ut
2823 3829 3055 3898 principe
3070 3826 3283 3894 dignum
3300 3831 3399 3887 est,

1837 3906 1999 3963 Audit
2036 3922 2109 3969 se,-
2141 3901 2456 3972 Libramque
2479 3901 2634 3966 videt,

1842 4018 1919 4071 ait
1947 4016 2219 4071 Manilius.
2265 4013 2480 4068 Taurus
2529 4010 2806 4081 Virginem
2841 4008 3011 4074 videt,
3050 4017 3104 4063 et
3156 4005 3405 4061 Piscibus

1843 4109 2109 4178 imperat;
2138 4105 2323 4161 Pisces
2358 4102 2645 4174 Scorpium
2681 4101 2882 4166 vident,
2921 4107 2975 4155 et
3015 4095 3407 4151 audiuntTau-

1845 4215 1989 4267 rum,
2019 4206 2074 4255 et
2104 4197 2187 4254 sic
2220 4196 2454 4266 reliqua.
2485 4195 2557 4248 At
2593 4191 2947 4262 DemOphilus
2978 4187 3405 4260 προστάσσοντα,

1847 4302 1902 4349 et
1930 4290 2274 4346 ὑπακούοντα
2301 4286 2492 4343 eodem
2530 4297 2641 4355 quo
2666 4281 2920 4337 Manilius
2946 4288 3000 4335 et
3020 4275 3432 4333 Paulusmodo.

1846 4382 2186 4444 describens,
2219 4379 2323 4432 hoc
2360 4390 2470 4431 uno
2499 4374 2712 4439 diﬂ'ert,
2745 4370 2897 4442 quod
2946 4369 3183 4424 Arietem
3237 4367 3410 4435 impe-

1775 4482 1823 4538 D
1851 4483 2062 4531 rantem
2126 4469 2304 4526 Libra:
2359 4468 2570 4533 statuit,
2623 4473 2676 4521 et
2735 4463 2957 4518 Libram
3015 4458 3410 4515 auscultantem

1847 4568 2041 4625 Aristi.

1918 4656 2099 4713 Julius
2123 4652 2396 4709 Firmicus
2418 4649 2516 4705 lib.
2539 4647 2606 4708 ll.
2631 4661 2751 4716 cap.
2771 4641 2985 4708 XXXII,
2998 4640 3235 4697 videntia
3258 4636 3413 4708 signa

1849 4750 2040 4807 eadem
2089 4763 2214 4803 cum
2244 4742 2616 4804 Ptolemaicis,
2649 4712 2718 4794 οι-
2744 4735 2993 4805 συζύγοις
3021 4732 3232 4789 Gemini
3261 4712 3429 4794 facit,

1850 4859 2026 4914 eaque
2076 4859 2136 4897 se
2180 4855 2248 4895 ex
2291 4837 2604 4899 Ptolemaeo,
2632 4830 2923 4894 Antiocho,
2951 4834 3007 4883 et
3034 4824 3303 4882 Dorotheo
3328 4819 3416 4876 Si-

1852 4912 2022 4992 donio
2071 4929 2383 4988 describere
2431 4925 2742 4997 profitetur,
2789 4929 2951 4990 atque
2979 4915 3209 4972 antiscia
3239 4912 3417 4968 nomi-

1853 5034 1972 5089 nat,
1993 5021 2253 5078 nimirum
2275 5017 2420 5089 quod
2458 5015 2681 5071 umbras
2708 5028 2775 5067 ex
2800 5023 2962 5080 asque
3002 5004 3417 5077 respondentes,

1854 5126 1911 5173 et
1966 5111 2193 5177 ἐναλλὰξ
2248 5110 2483 5166 faciant.
2540 5103 2676 5159 Nam
2715 5104 2772 5158 in
2822 5100 3065 5156 Geminis
3110 5105 3164 5153 et
3207 5093 3420 5151 Canem

1856 5208 2092 5279 aequales
2123 5211 2252 5260 sunt
2293 5210 2505 5263 noctes,
2541 5196 2639 5254 sed
2687 5196 2906 5250 inverso
2944 5192 3137 5247 ordine
3173 5208 3186 5244 :
3222 5188 3422 5258 quippe

1861 5301 2075 5356 initium
2103 5296 2268 5352 unius
2289 5293 2384 5348 lini
2411 5289 2644 5346 alterius
2671 5288 2944 5357 congruit.
2971 5282 3134 5337 Initio
3164 5277 3423 5334 Gemino-

1863 5408 1983 5446 rum
2027 5390 2145 5444 dies
2176 5392 2479 5454 noctesque
2527 5378 2681 5451 paria
2719 5377 2928 5431 faciunt
2957 5387 3081 5429 cum
3110 5369 3325 5431 diebus,
3358 5377 3425 5418 ac

1864 5483 2120 5540 noctibus
2178 5480 2233 5532 in
2294 5477 2403 5531 line
2446 5472 2667 5529 Cancri.
2700 5468 2780 5523 Ita
2820 5467 3035 5522 initium
3081 5459 3247 5517 Tauri
3297 5469 3426 5511 cum

1865 5578 1972 5632 fine
2017 5572 2249 5638 Leonis;
2278 5569 2401 5624 ﬁnis
2431 5564 2577 5621 illius
2609 5576 2734 5616 cum
2772 5558 2938 5628 hujus
2967 5554 3120 5610 initio
3147 5545 3427 5605 convenit.

1870 5664 1962 5721 Sic
2011 5630 2246 5717 antiscii'
2293 5658 2349 5712 in
2395 5655 2608 5723 sphaera
2639 5648 2897 5702 dicuntur
2920 5659 3028 5700 non
3063 5639 3238 5695 solum
3280 5630 3430 5705 quod

1875 5758 2105 5815 umbras
2128 5754 2187 5808 in
2216 5722 2461 5807 diversas
2489 5752 2670 5817 partes
2699 5742 2926 5815 iaciant,
2951 5735 3045 5791 sed
3089 5731 3257 5787 etiam
3284 5722 3437 5798 quod
