3808 6372
408 329 548 388 I567

1388 337 1480 392 an
1516 337 1787 395 susse"
1815 340 2214 399 cnnorncon
2251 324 2628 412 Apamam

3503 342 3640 398 i368

409 446 640 506 alternis
664 455 720 506 et
745 449 1016 506 contrario
1040 451 1199 508 modo
1231 453 1467 524 aequales
1490 454 1757 521 habeant;
1777 457 1974 512 etenim
2004 467 2050 523 Α
2077 455 2316 511 Arietem
2361 455 2501 512 dixit
2551 465 2663 510 non‘
2702 453 2888 510 Videre
2918 435 3134 512 Libram
3162 462 3388 526 propter
3423 457 3642 528 interie-

409 541 615 596 antaaci
660 543 856 606 nostri,
898 557 1020 597 cum
1048 551 1132 599 est
1162 544 1337 600 hiems
1368 548 1548 611 nobis,
1582 549 1828 602 umbram
1872 549 1970 602 ha—

410 631 544 687 bent
596 632 932 700 breviorem;
963 648 1063 690 nos
1106 651 1236 691 vero
1268 636 1639 708 longissimam
1677 657 1690 693 :
1724 639 1968 694 vicissim

413 735 616 794 autem,
645 743 767 782 cum
810 735 1054 783 aestatem
1091 730 1376 796 habemus,
1411 733 1619 789 umbrae
1649 741 1780 788 sunt
1812 735 1969 789 nobis

409 817 771 878 brevissimae.
805 819 912 874 illis
947 819 1296 890 longissimae.
1319 823 1455 877 Tum
1504 825 1813 894 praepositio
1848 825 1970 878 ἀντὶ

411 923 802 979 nonnunquam
854 913 1219 982 aequalitatem
1273 915 1564 986 signiﬁcat,
1595 923 1654 969 ut
1704 915 1966 982 ἀντίθεος,

409 1000 555 1068 quod
587 1004 795 1057 notavit
821 1003 1058 1061 Achilles
1091 1005 1281 1062 Tatius
1311 1007 1378 1062 ad
1409 1008 1564 1062 Arati
1595 1008 1966 1062 Phirnomena.

409 1089 468 1146 In
498 1091 599 1148 hac
628 1094 980 1151 antisciorum
1016 1099 1246 1164 ratione,
1287 1115 1350 1154 ac
1373 1101 1492 1156 loco
1520 1099 1740 1155 Firmici
1773 1102 1968 1156 imma-

407 1186 552 1237 niter
591 1183 862 1240 aberravit
887 1187 970 1241 vir
1004 1190 1292 1252 maximus,
1329 1198 1387 1244 ut
1434 1190 1554 1260 ejus
1595 1190 1738 1245 simii
1789 1192 1970 1248 verbis

408 1281 550 1340 utar,
585 1277 678 1346 qui
725 1278 860 1333 nihil
891 1295 956 1335 ex
999 1281 1124 1347 isto,
1159 1281 1262 1336 nisi
1297 1281 1499 1338 fastum
1553 1291 1608 1338 et
1639 1284 1969 1353 praecipitem

405 1367 787 1425 conﬁdentiam
807 1373 1096 1443 expressit.
1123 1373 1258 1428 Nam
1295 1376 1348 1429 in
1380 1375 1711 1439 Manilianis,
1742 1376 1970 1431 antiscia

405 1473 466 1514 se
494 1469 732 1515 veterum
765 1461 1030 1519 hactenus
1054 1465 1234 1536 ignota
1262 1467 1495 1536 primum
1533 1467 1774 1521 omnium
1806 1467 1974 1536 expli-

405 1565 564 1606 casse
589 1550 757 1622 jactat
779 1554 854 1624 (p.
881 1555 982 1609 155
1009 1556 1224 1627 et159),
1245 1564 1299 1612 et
1329 1557 1740 1615 mathematicos
1760 1575 1968 1624 omnes,

414 1640 564 1711 quod
606 1645 922 1701 nesciebant
941 1647 1215 1704 docuisse.
1238 1648 1406 1721 Igitur
1433 1652 1664 1706 antiscia
1699 1653 1973 1708 veteribus

405 1735 563 1804 signa
583 1734 675 1790 illa
693 1735 862 1794 fuisse
880 1738 1034 1806 dicit,
1049 1755 1168 1810 quae
1187 1756 1216 1794 a
1236 1743 1452 1812 punctis
1469 1754 1701 1814 quatuor
1718 1743 1972 1799 cardina-

2069 556 2216 603 ctam
2276 555 2501 604 terram.
2532 546 2742 614 Quibus
2789 546 3046 604 nimirum
3105 549 3468 618 signiﬁcabat,
3499 551 3642 605 aliud

2069 654 2194 695 esse
2246 640 2484 711 signum,
2509 639 2654 710 quod
2687 638 2846 694 Aries
2882 638 3049 703 videt,
3077 639 3182 693 hoc
3228 649 3315 694 est
3343 640 3637 710 Virginem.

2077 728 2226 796 Quid
2283 731 2580 785 absurdius
2631 729 2998 796 Scaligeriana
3041 731 3146 785 ista
3186 733 3417 793 ratione,
3447 731 3550 785 dici
3578 733 3642 786 ab

2080 820 2353 875 Antiocho
2381 821 2616 878 Arietem
2642 838 2706 876 ac
2727 821 2944 877 Libram
2974 822 3203 879 antiscia
3237 823 3418 892 signa,
3444 823 3542 877 hoc
3567 835 3643 880 est

2081 912 2344 976 videntia,
2374 921 2435 967 ut
2487 929 2553 969 ex
2601 913 2892 969 Ptolemaeo
2941 913 3254 978 docuimus,
3303 929 3430 984 qua:
3478 929 3535 968 se
3579 915 3642 969 ob

2069 1011 2275 1058 terram
2329 1005 2668 1075 interjectam
2723 1007 2906 1062 videre
2950 1023 3060 1061 non
3105 1007 3379 1078 possunt?
3428 1005 3484 1060 Si
3528 1007 3641 1077 βλέο

2071 1112 2240 1149 ποντα
2269 1105 2417 1161 sunt,
2443 1097 2753 1165 cujusmodi
2792 1098 2906 1153 sola
2938 1105 3068 1152 sunt
3102 1099 3336 1158 antiscia
3357 1140 3371 1162 ,
3407 1101 3642 1168 profecto

2069 1187 2254 1242 videre
2286 1203 2345 1243 se
2376 1198 2568 1243 mutuo
2600 1188 2816 1244 debent.
2847 1188 3039 1245 Caicus
3069 1190 3367 1245 admodum
3411 1190 3533 1254 fuit,
3565 1193 3643 1245 ni-

2070 1279 2353 1349 miumque
2390 1295 2849 1350 properans,cum
2868 1280 3017 1336 hunc
3041 1280 3264 1341 Firmici
3299 1283 3485 1338 locum
3508 1283 3644 1354 lege-

2070 1377 2174 1433 ret,
2200 1371 2295 1442 qui
2318 1378 2428 1425 tam
2464 1381 2710 1443 apertum
2739 1373 3050 1429 conﬂictum
3082 1375 3373 1429 sententiae
3401 1391 3514 1430 suae
3542 1391 3642 1430 non

2071 1462 2474 1518 animadvertit.
2525 1463 2590 1519 Et
2633 1472 2818 1519 tamen
2867 1465 3068 1536 sapius
3109 1464 3177 1521 de
3212 1467 3470 1521 antisciis
3501 1474 3645 1521 vete-

2070 1567 2193 1606 rum
2217 1568 2246 1606 a
2275 1568 2333 1608 se
2363 1554 2599 1624 primum
2628 1554 2914 1625 explicatis
2947 1564 3000 1609 et
3029 1555 3322 1626 patefactis
3353 1557 3647 1628 triumphat

2074 1644 2314 1714 Scaliger
2349 1662 2362 1699 :
2404 1646 2458 1700 in
2485 1646 2685 1716 quibus
2716 1645 2850 1700 nihil
2879 1645 3012 1700 vidit
3048 1647 3295 1700 omnino.

2142 1734 2426 1801 Postremo
2475 1747 2534 1793 ut
2591 1736 2661 1791 ad
2709 1735 2914 1791 Manilii
2971 1747 3025 1794 et
3080 1736 3237 1803 Pauli
3297 1737 3647 1793 Alexandrini

411 1826 556 1882 libus
579 1843 645 1884 ex
673 1843 827 1900 aequo
855 1830 1088 1900 distant;
1111 1833 1214 1890 hoc
1242 1842 1328 1890 est
1350 1845 1460 1890 tam
1493 1837 1964 1906 audientia,quam
1996 1816 2040 1872 Β
2067 1827 2308 1886 videntia
2337 1837 2391 1884 et
2417 1828 2696 1884 audientia
2730 1827 2884 1899 signa
2910 1829 3097 1884 redeat
3127 1831 3329 1894 oratio,
3357 1831 3647 1893 verisimile

403 1917 670 1974 videntia.
698 1919 870 1976 Porro
927 1937 1050 1977 cum
1103 1924 1266 1979 iidem
1305 1937 1514 1983 veteres
1541 1928 1883 1997 aequinoctia,
1912 1935 1965 1981 et

403 2006 641 2064 solstitia
664 2011 929 2066 committi
959 2011 1246 2067 crederent
1267 2014 1322 2068 in
1340 2016 1470 2071 totis
1492 2014 1963 2070 dodecatemoriis.

404 2097 740 2169 uicenisque
769 2100 1049 2171 gradibus,
1083 2103 1210 2157 inde
1251 2104 1546 2169 accidisse,
1574 2115 1634 2159 ut
1655 2119 1707 2159 et
1737 2106 1964 2159 audien-

402 2187 482 2242 tia
506 2189 596 2244 illa
624 2189 884 2257 facerent,
920 2209 1042 2264 qua:
1068 2209 1135 2248 ex
1164 2210 1319 2265 aequo
1349 2196 1554 2250 distant
1577 2197 1645 2251 ab
1675 2197 1857 2252 Ariete
1882 2197 1966 2251 vel

402 2275 591 2346 Libra,
623 2289 676 2335 et
723 2283 980 2348 videntia,
1024 2300 1144 2354 quae
1178 2285 1247 2341 ab
1291 2285 1506 2342 Cancro
1535 2293 1590 2342 et
1630 2286 1966 2358 Capricorno

403 2370 536 2426 totis
571 2387 636 2440 ex
673 2387 829 2444 aequo
859 2384 1066 2432 remota
1098 2386 1246 2433 sunt.
1302 2377 1427 2433 Haec
1478 2394 1510 2434 a
1574 2379 1806 2435 veritate
1839 2388 1968 2435 sunt

403 2460 760 2520 alienissima.
816 2463 1035 2522 Falsum
1069 2475 1154 2524 est
1197 2469 1451 2539 antiquos
1507 2469 1735 2524 antiscia
1791 2470 1969 2524 nomi-

401 2568 567 2610 nasse
594 2557 746 2627 signa
779 2558 1045 2629 ulla,qua:
1063 2561 1132 2616 ab
1152 2561 1376 2633 integris
1399 2560 1768 2617 cardinalihus
1795 2561 1968 2633 signis

400 2647 598 2717 aequali
633 2649 812 2718 spatio
857 2652 1148 2716 distarent,
1193 2653 1461 2724 siquidem
1519 2653 1653 2723 ipsis
1689 2655 1966 2724 signorum

402 2734 577 2792 initiis
639 2737 893 2809 cardines
962 2740 1258 2810 aﬁigerent.
1317 2741 1453 2798 Tum
1508 2742 1562 2798 in
1613 2742 1968 2796 antisciorum

401 2825 672 2885 οἰκειώσει
703 2828 818 2883 sola
848 2840 1050 2900 puncta
1087 2831 1398 2886 solstitialia
1435 2832 1612 2885 locum
1643 2831 1968 2898 habuerunt,

403 2933 515 2980 non
545 2921 980 2991 mquinoclialia;
1011 2938 1186 2994 neque
1236 2930 1348 2996 tota
1401 2926 1517 2994 ipsa
1563 2922 1759 2977 Cancri
1789 2930 1843 2976 et
1867 2920 1972 2975 Ca-

402 3011 648 3082 pricorni
687 3013 1142 3078 dodecatemoria,
1167 3013 1261 3069 sed
1293 3014 1384 3068 illa
1413 3015 1530 3085 ipsa
1563 3020 1763 3085 puncta
1789 3011 1972 3076 solsti-

401 3103 628 3164 tiorum.
669 3103 889 3161 Nullum
920 3105 1231 3160 vanissimas
1273 3105 1547 3175 opinionis
1587 3114 1965 3176 argumentum

2065 1925 2150 1971 est
2206 1917 2348 1972 hanc
2409 1918 2627 1972 illorum
2675 1918 2967 1982 rationem,
3001 1932 3124 1987 quae
3155 1918 3316 1987 paria
3368 1918 3643 1988 signorum

2065 2009 2302 2078 instituit
2331 2009 2626 2078 ejusmodi,
2649 2025 2770 2080 qua:
2797 2025 2906 2064 non
2949 2025 2978 2067 a
3004 2010 3224 2078 punctis
3247 2009 3644 2074 cardinalibus,

2065 2099 2160 2154 sed
2203 2100 2285 2164 ab:
2317 2100 2546 2171 integris
2579 2115 2768 2156 eorum
2807 2101 3269 2166 dodecatemoriis
3311 2103 3437 2172 pari
3482 2103 3645 2171 spatio

2065 2189 2290 2255 distant,
2324 2207 2392 2246 ex
2419 2191 2514 2245 illa
2539 2200 2804 2254 veterum,
2827 2207 2990 2262 quam
3020 2207 3186 2262 supra
3211 2191 3632 2254 declaravimus,

2065 2280 2325 2352 opinione
2377 2285 2825 2351 manasse;"qu:e
2870 2287 3074 2352 puncta
3102 2279 3295 2359 eadem
3336 2295 3452 2336 non
3480 2279 3642 2337 initiis

2067 2373 2374 2444 signorum,
2416 2373 2510 2430 sed
2551 2373 2749 2430 mediis
2776 2372 2912 2444 ipsis
2943 2372 3299 2442 ascripserat.
3331 2371 3410 2426 Ita
3456 2374 3642 2443 quippe

2066 2472 2180 2518 tam
2235 2464 2563 2536 imperan’tia
2619 2472 2672 2520 et
2726 2465 3094 2520 auscultantia
3125 2462 3342 2523 distant
3372 2465 3641 2534 aequaliter

2069 2557 2139 2610 ab
2187 2557 2664 2628 aequinoctialibus
2711 2558 2951 2628 punctis,
2981 2571 3151 2628 quam,
3198 2571 3229 2623 a
3280 2558 3514 2628 tropicis
3537 2557 3640 2626 βλέ-

2067 2665 2270 2716 ποντας
2338 2650 2566 2703 antiscia
2593 2664 2721 2703 vero
2750 2650 3020 2703 nominari
3049 2649 3165 2702 sola
3197 2649 3318 2707 haec
3349 2649 3638 2717 posteriora

2069 2740 2289 2794 debent.
2334 2739 2410 2794 De
2459 2740 2613 2794 hisce
2658 2739 2784 2795 vide
2836 2739 3200 2798 Mirandulani
3225 2739 3638 2810 disputationem

2068 2831 2163 2886 lib.
2191 2830 2257 2884 Vl
2287 2841 2478 2885 contra
2510 2831 2697 2887 astrol.
2726 2845 2848 2900 cap.
2882 2829 2999 2886 Xll.

2633 2943 2860 2999 CAPUT
2904 2943 3038 2999 Vlll‘.

2071 3035 2152 3090 De
2175 3035 2542 3108 dignoscendis
2569 3037 2842 3090 stellarum
2874 3037 3076 3108 ortibus
3124 3046 3175 3090 et
3207 3038 3509 3099 occasibus.
3529 3055 3641 3108 quos.

2143 3124 2262 3160 rum
2285 3107 2424 3175 apud
2452 3115 2691 3159 auctores
2724 3108 2921 3176 mentio
2961 3106 3039 3176 βε
3061 3122 3080 3159 :
3119 3123 3237 3176 qua:
3266 3124 3351 3160 res
3382 3106 3635 3162 certis're-

404 3192 554 3256 aliud
598 3191 840 3264 Scaliger
891 3194 1095 3259 attulit,
1135 3195 1241 3250 nisi
1281 3157 1500 3250 Frirmici
1535 3157 1713 3249 ιοριιῖιι
1741 3195 1858 3262 (lib.
1895 3193 1961 3254 ιι.
1992 3157 2034 3216 (³
2133 3157 2357 3264 θκξξδιέι
2388 3157 3421 3264 επξηεριίδξμδιτξεξιὶετὲΤιιεᾶριιῃᾳεωε,
3462 3178 3633 3264 fago.

403 3297 455 3339 c.
493 3281 730 3354 XXX"),
764 3298 925 3354 quem
982 3283 1217 3353 pessime
1267 3283 1656 3352 interpretatus
1701 3289 1803 3336 est.
1834 3279 1966 3349 Ejus

401 3374 691 3446 scriptoris
724 3376 888 3430 verba
921 3384 1049 3430 sunt
1085 3392 1099 3428 :
1142 3392 1160 3424 ι
1198 3373 1463 3437 Antiscia,
1495 3373 1806 3428 Graecorum
1839 3377 1968 3425 sunt

401 3467 564 3523 nobis
595 3468 911 3540 magisterio
957 3466 1176 3522 tradita.
1209 3465 1343 3521 Nolo
1367 3467 1513 3522 enim
1542 3466 1741 3536 aliquis
1789 3465 1970 3534 suspi-

403 3565 578 3624 cetur,
613 3560 760 3631 quod
816 3575 926 3615 non
983 3559 1056 3616 sit
1103 3559 1246 3630 apud
1279 3557 1497 3618 Gnaeos
1539 3559 1644 3614 iste
1679 3565 1966 3612 tractatus.

404 3650 542 3707 Nam
571 3654 618 3708 si
643 3653 966 3715 Ptolemaaus
982 3653 1185 3707 nullam
1212 3654 1370 3707 aliam
1404 3654 1668 3707 rationem
1700 3653 1967 3722 sequitur,

404 3741 514 3798 nisi
566 3743 947 3808 antisciorum,
987 3752 1045 3796 et
1097 3743 1421 3807 Antiochus,
1455 3757 1580 3797 cum
1635 3742 1769 3797 dicit
1826 3741 1970 3812 quod

406 3833 572 3892 Libra
597 3834 835 3900 Arietem
865 3843 1084 3904 propter
1113 3842 1338 3901 terram,
1369 3850 1491 3904 qua:
1525 3833 1698 3889 media
1731 3844 1832 3899 est,
1861 3851 1972 3889 non

406 3924 624 3992 videat;
657 3925 811 3994 quasi
845 3939 943 3994 per
969 3926 1248 3995 speculum
1282 3927 1502 3996 quidem
1537 3927 1802 3981 rationem
1832 3927 1974 3980 anti-

409 4020 651 4077 sciorum
690 4022 926 4092 attingit.
970 4041 990 4074 ι
1025 4021 1258 4092 Subjicit
1288 4021 1375 4076 his
1415 4018 1684 4075 Firmicus
1708 4018 1971 4075 antiscio-

409 4128 534 4168 rum
587 4113 1010 4185 descriptionem
1050 4130 1118 4170 ex
1171 4113 1441 4168 Dorotheo
1481 4112 1727 4173 Sidonio,
1760 4111 1972 4181 qualem

407 4218 513 4264 nos
568 4211 726 4262 antea
782 4205 1144 4270 reddidimus,
1180 4205 1432 4260 videlicet
1466 4205 1521 4259 in
1560 4220 1666 4275 qua
1707 4204 1861 4272 signa
1893 4201 1976 4260 di-

409 4299 556 4349 stant
586 4293 869 4364 aequaliter
905 4309 934 4346 a
975 4293 1195 4363 punctis
1225 4294 1448 4363 tr0picis
1477 4313 1491 4348 :
1521 4310 1642 4364 quae
1672 4293 1833 4347 unica
1867 4298 1972 4354 cst,

408 4391 465 4440 et
491 4384 775 4443 verissima
804 4382 945 4444 ratio
969 4382 1076 4436 τῶν
1109 4382 1423 4446 ἀντισκίων,
1447 4384 1702 4438 vetustati
1733 4379 1971 4449 cognita.

2149 3243 2390 3308 Plinius,
2431 3245 2747 3306 Columella,
2782 3243 3124 3307 Ptolemwus,
3163 3247 3362 3315 aliique
3400 3248 3480 3301 uel
3528 3247 3640 3305 illlé

2148 3318 2332 3377 strati,
2365 3317 2443 3370 rel
2479 3315 2772 3387 emendati;
2807 3332 2923 3386 quw
2943 3317 3014 3387 sit
3045 3317 3354 3369 admissura
3395 3327 3636 3387 tempora-

2142 3387 2248 3452 ria,
2277 3397 2327 3440 et
2362 3389 2616 3441 serotina.
2647 3384 2898 3439 Geneseos
2933 3385 3078 3440 locus
3106 3388 3416 3455 exponitur.

2155 3475 2259 3542 Qui
2288 3490 2352 3532 ex
2389 3475 2773 3529 astronomicis
2819 3474 3020 3544 tabulis
3057 3481 3454 3542 computantur
3480 3482 3634 3537 ortus,

2075 3564 2374 3634 obitusque
2429 3563 2730 3626 stellarum,
2777 3563 2966 3632 quales
3020 3561 3074 3631 in
3136 3561 3246 3616 ﬁne
3314 3563 3444 3617 libri
3493 3561 3637 3632 primi

2071 3657 2485 3728 descripsimus,
2512 3657 2547 3711 ii
2577 3657 2687 3711 veri
2719 3665 2866 3722 sunt,
2890 3663 2944 3711 et
2974 3655 3241 3727 ἀκρῷεἴς,
3272 3671 3379 3710 nec
3401 3655 3468 3710 ad
3496 3655 3637 3726 liqui-

2072 3751 2201 3804 dum
2251 3757 2594 3826 apparentes,
2625 3749 2788 3802 etiam
2824 3748 3052 3813 heliaci;
3083 3762 3208 3814 nam
3241 3748 3298 3800 in
3339 3747 3448 3801 hoc
3474 3755 3636 3818 poste-

2071 3839 2203 3914 riori
2253 3856 2446 3910 genere
2498 3840 2587 3909 (de
2641 3839 2850 3894 caeteris
2896 3839 3038 3893 enim
3077 3839 3367 3908 explorata
3407 3855 3495 3894 res
3545 3846 3632 3902 est,

2073 3946 2415 4002 nequaquam
2446 3947 2541 3987 eos
2586 3931 2702 3986 visu
2731 3946 2896 4001 posse
2928 3930 3196 4002 discerni)
3231 3931 3470 4002 extremi
3490 3945 3636 4002 appa-

2072 4025 2288 4080 ritionis
2319 4025 2539 4078 termini
2573 4025 2934 4094 colliguntur;
2971 4023 3071 4077 hoc
3101 4033 3185 4078 est
3208 4031 3489 4080 momenta
3513 4023 3634 4093 ipsa.

2075 4117 2130 4170 in
2165 4118 2366 4186 quibus
2399 4117 2471 4171 ita
2519 4117 2696 4187 primo
2757 4126 3102 4186 postremove
3131 4123 3462 4179 cernuntur,
3493 4124 3548 4169 ut
3571 4115 3637 4166 ci-

2075 4215 2159 4260 tra
2189 4223 2252 4263 ea
2280 4208 2454 4262 videri
2487 4208 2760 4263 desinant.
2797 4206 3164 4272 Quamobrem
3199 4207 3354 4276 quod—
3380 4215 3496 4260 turn
3527 4219 3637 4275 pro-

2075 4299 2200 4368 pius
2249 4299 2569 4368 contingunt
2608 4299 2944 4355 horizontem
2968 4337 2982 4360 ,
3012 4305 3066 4350 et
3098 4298 3409 4367 interjectis
3439 4296 3633 4355 nebulis

2085 4406 2150 4446 ac
2167 4390 2461 4460 vaporibus
2491 4390 2808 4460 plerumque
2832 4389 3000 4443 latent
3023 4387 3296 4452 adhuc,et
3327 4389 3632 4460 intuentium

407 4478 480 4532 At
511 4476 755 4547 Scaliger
777 4492 842 4531 ex
867 4475 976 4532 illis
1007 4474 1231 4536 Firmici
1262 4475 1442 4530 verbis
1480 4475 1684 4544 colligit
1713 4474 1971 4545 primum,
2005 4487 2050 4543 ι)
2081 4481 2413 4534 frustrantur
2458 4480 2680 4547 oculos,
2715 4480 2843 4533 hinc
2875 4478 3015 4548 apud
3062 4479 3364 4548 scriptores
3410 4494 3532 4546 raro
3558 4478 3634 4530 illa

408 4569 478 4622 τὰ
507 4570 918 4640 προστάσσοντα
956 4576 1180 4632 tantum,
1212 4574 1268 4622 et
1312 4567 1650 4621 ὑπακούοντα
1688 4584 1706 4616 ι
1745 4563 1974 4626 antiscia

407 4662 594 4716 vocari
632 4681 650 4714 ι
690 4677 721 4714 a
777 4658 1012 4714 Firmico
1050 4670 1206 4713 :tum
1255 4659 1486 4715 antiscia
1533 4657 1783 4712 Antiochi
1839 4655 1976 4713 falso

408 4769 535 4810 cum
565 4751 912 4810 Ptolemaicis
944 4751 1228 4816 confundi,
1269 4765 1391 4805 cum
1425 4751 1535 4808 sint
1563 4751 1810 4811 diversa;
1848 4762 1975 4802 nam

408 4843 663 4899 Antiochi
691 4843 921 4910 antiscia
949 4851 1077 4898 sunt
1105 4841 1196 4900 illa
1224 4850 1488 4903 veterum,
1520 4841 1573 4894 in
1601 4841 1798 4911 quibus
1822 4853 1974 4892 com-

409 4937 563 5006 paria
593 4936 748 5006 signa
774 4935 842 4990 ab
863 4935 1091 5006 integris
1124 4932 1582 4992 dodecatemoriis
1604 4929 1976 4991 cardinalibus

409 5042 476 5082 ex
501 5042 658 5098 aequo
689 5033 1058 5090 removentur,
1091 5033 1150 5079 ut
1187 5030 1316 5082 sunt
1344 5023 1503 5078 Aries
1543 5029 1599 5077 et
1637 5021 1818 5082 Libra.
1850 5021 1976 5081 Haec

413 5117 679 5188 Scaliger.
727 5116 787 5172 In
817 5119 1018 5188 quibus
1058 5125 1166 5172 tam
1204 5117 1272 5171 ab
1315 5115 1393 5174 rei
1444 5113 1692 5178 veritate,
1745 5128 1908 5184 quam
1942 5129 1975 5168 a

413 5217 597 5266 mente
641 5207 865 5266 Firmici
930 5215 1078 5264 totus
1139 5208 1376 5262 aberrat.
1427 5205 1697 5267 Firmicus
1746 5206 1976 5262 antiscia

414 5300 534 5357 sola
578 5300 670 5354 illa
703 5301 857 5369 signa
893 5298 1165 5360 nominat,
1193 5315 1312 5369 quae
1339 5297 1661 5356 Ptolemteus
1691 5297 1974 5368 βλέποντα,

413 5403 526 5442 non
560 5387 903 5457 imperantis,
931 5387 1186 5441 nimirum
1209 5403 1272 5442 ea
1302 5388 1722 5458 duntaxat,quze
1770 5403 1800 5442 a
1842 5403 1979 5458 pun-

416 5478 522 5533 ctis
569 5476 953 5534 solstitialihus
1007 5478 1292 5548 aequaliter
1331 5476 1573 5544 distant;
1609 5492 1708 5532 nee
1737 5485 1866 5532 sunt
1891 5478 1976 5532 di-

415 5583 594 5632 versa,
634 5583 757 5640 qum
799 5565 1102 5622 Antiochus
1132 5569 1433 5632 astruebat,
1471 5568 1538 5622 ab
1568 5568 1816 5624 antisciis
1854 5569 1978 5623 Pto-

417 5659 592 5715 lemaai
637 5669 731 5716 aut
777 5657 1022 5714 Firmici.
1057 5659 1382 5714 Antiochum
1427 5659 1503 5714 ait
1541 5658 1810 5716 Firmicus
1839 5661 1980 5714 anti-

417 5753 660 5819 sciorltm
723 5751 960 5811 obscure
1011 5750 1326 5807 meminisse
1369 5750 1552 5807 verbis
1594 5751 1737 5818 illis,
1781 5752 1979 5821 quibus

2077 4573 2271 4627 eadem
2303 4571 2686 4641 exprimuntur
2735 4579 3000 4640 tempora,
3034 4585 3154 4638 qua:
3201 4569 3514 4624 tabularum
3541 4583 3633 4621 me-

2078 4663 2278 4716 thodus
2310 4662 2558 4728 exhibet;
2590 4661 2684 4718 sed
2716 4662 2993 4731 aliquanto
3031 4669 3176 4723 ante,
3208 4662 3293 4715 vel
3330 4670 3535 4732 postea,
3557 4672 3631 4712 or-

2077 4762 2169 4810 tus
2191 4763 2246 4810 ct
2266 4769 2498 4810 occasus
2527 4754 2604 4808 illi
2637 4754 2969 4813 referuntur.
2995 4753 3074 4804 Ac
3106 4760 3238 4806 sunt
3266 4767 3331 4806 ea
3361 4748 3628 4821 repetenda

2077 4846 2361 4910 memoria,
2398 4861 2520 4915 quae
2546 4861 2614 4908 ex
2647 4843 2876 4899 Gemino
2903 4845 3042 4913 (cap.
3071 4842 3165 4906 XI,
3190 4858 3314 4913 pag.
3346 4842 3439 4914 28)
3477 4839 3632 4910 capite

2077 4935 2242 5005 hujus
2263 4936 2382 4990 libri
2408 4937 2572 4992 tertio
2592 4934 2952 5001 tradidimus;
2984 4941 3139 4988 ortus
3167 4948 3509 5003 occasusque
3531 4943 3627 4983 rna-

2076 5028 2284 5090 tutinos
2342 5043 2523 5092 veros,
2557 5027 2671 5088 sive
2715 5041 2824 5080 non
2875 5035 3223 5096 apparentes,
3260 5025 3476 5094 priores
3523 5032 3624 5075 esse

2078 5119 2442 5190 (patitoitévotc,
2478 5117 2530 5172 id
2557 5122 2643 5172 est
2675 5134 2694 5176 ς
2728 5115 3179 5188 ορροτειιιίὺυεςι
3207 5123 3406 5170 contra
3430 5125 3626 5182 vesper-

2077 5211 2224 5265 tinos
2256 5215 2578 5279 apparentes
2607 5207 2759 5277 prius
2795 5206 3043 5267 accidere
3070 5221 3234 5275 quam
3265 5219 3428 5260 veros
3459 5223 3472 5258 :
3501 5198 3625 5272 quod

2076 5310 2132 5357 et
2167 5316 2258 5357 res
2315 5300 2432 5370 ipsa
2487 5299 2678 5363 docet,
2707 5305 2762 5350 et
2809 5312 2929 5368 qua
2958 5296 3012 5351 in
3043 5295 3369 5362 laterculum
3418 5289 3628 5362 conjeci-

2077 5408 2202 5448 mus
2252 5391 2499 5460 exempla
2528 5390 2924 5444 demonstrant.
2952 5386 3030 5442 lbi
3070 5388 3217 5441 enim
3251 5385 3448 5441 heliaci
3471 5395 3623 5447 ortus,

2080 5481 2195 5536 sive
2217 5480 2467 5535 matutini
2484 5487 2839 5550 apparentes,
2866 5477 3121 5533 cosmicis
3144 5478 3477 5547 posteriores
3499 5484 3623 5542 sunt,

2078 5582 2134 5630 et
2163 5587 2394 5628 occasus
2426 5572 2640 5636 heliaci,
2659 5572 2773 5626 sive
2797 5577 3126 5640 apparentes
3148 5570 3466 5640 veSpertini,
3491 5583 3625 5622 acro-

2080 5662 2310 5734 nychos,
2340 5678 2436 5717 seu
2465 5661 2807 5732 vespertinos
2848 5676 3007 5715 veros
3045 5661 3406 5720 antecedunt.
3436 5660 3562 5715 Tum
3583 5659 3624 5710 in

2083 5752 2412 5824 vespertinis
2442 5753 2653 5808 ortibus
2675 5764 2728 5808 et
2748 5751 3030 5808 matutinis
3057 5753 3370 5819 occasibus,
3397 5768 3426 5807 a
3457 5752 3627 5824 quibus
