  <div class='ocr_page' id='page_1' title='image "/cluster/home/n/w/nwhite01/storage/ocr_20150623/19/hvd.32044011362951/692.png"; bbox 0 0 3808 6302; ppageno 0'>
   <div class='ocr_carea' id='block_1_1' title="bbox 140 329 270 388">
    <p class='ocr_par' dir='ltr' id='par_1_1' title="bbox 140 329 270 388">
     <span class='ocr_line' id='line_1_1' title="bbox 140 329 270 388; baseline -0.015 0"><span class='ocrx_word' id='word_1_1' title='bbox 140 329 270 388; x_wconf 71' lang='grc'>1369</span> 
     </span>
    </p>
   </div>
   <div class='ocr_carea' id='block_1_2' title="bbox 955 334 2697 402">
    <p class='ocr_par' dir='ltr' id='par_1_2' title="bbox 955 334 2697 402">
     <span class='ocr_line' id='line_1_2' title="bbox 955 334 2697 402; baseline 0.008 -14"><span class='ocrx_word' id='word_1_2' title='bbox 955 334 1410 398; x_wconf 79' lang='lat' dir='ltr'><strong>DISSERTATIO</strong></span> <span class='ocrx_word' id='word_1_3' title='bbox 1447 339 1538 396; x_wconf 86' lang='lat' dir='ltr'><strong>DE</strong></span> <span class='ocrx_word' id='word_1_4' title='bbox 1574 341 1760 399; x_wconf 81' lang='lat' dir='ltr'><strong>ORTU</strong></span> <span class='ocrx_word' id='word_1_5' title='bbox 1791 340 1878 398; x_wconf 87' lang='lat' dir='ltr'><strong>ET</strong></span> <span class='ocrx_word' id='word_1_6' title='bbox 1916 342 2188 402; x_wconf 77' lang='lat' dir='ltr'><strong>OCCASU</strong></span> <span class='ocrx_word' id='word_1_7' title='bbox 2232 344 2555 402; x_wconf 77' lang='lat' dir='ltr'><strong>SIDERUM.</strong></span> <span class='ocrx_word' id='word_1_8' title='bbox 2616 337 2629 341; x_wconf 65' lang='grc'><em>’</em></span> <span class='ocrx_word' id='word_1_9' title='bbox 2679 334 2697 341; x_wconf 23' lang='lat' dir='ltr'><strong>ﬁ</strong></span> 
     </span>
    </p>
   </div>
   <div class='ocr_carea' id='block_1_3' title="bbox 3228 353 3365 408">
    <p class='ocr_par' dir='ltr' id='par_1_3' title="bbox 3228 353 3365 408">
     <span class='ocr_line' id='line_1_3' title="bbox 3228 353 3365 408; baseline 0.015 -2"><span class='ocrx_word' id='word_1_10' title='bbox 3228 353 3365 408; x_wconf 75' lang='lat' dir='ltr'><strong>I370</strong></span> 
     </span>
    </p>
   </div>
   <div class='ocr_carea' id='block_1_4' title="bbox 141 441 3363 535">
    <p class='ocr_par' dir='ltr' id='par_1_4' title="bbox 141 441 3363 535">
     <span class='ocr_line' id='line_1_4' title="bbox 141 441 3363 535; baseline 0.008 -38"><span class='ocrx_word' id='word_1_11' title='bbox 141 443 289 514; x_wconf 85' lang='lat' dir='ltr'><strong>longe</strong></span> <span class='ocrx_word' id='word_1_12' title='bbox 315 441 519 499; x_wconf 84' lang='lat' dir='ltr'><strong>absunt</strong></span> <span class='ocrx_word' id='word_1_13' title='bbox 545 442 766 512; x_wconf 87' lang='lat' dir='ltr'><strong>heliaci,</strong></span> <span class='ocrx_word' id='word_1_14' title='bbox 797 447 941 504; x_wconf 89' lang='lat' dir='ltr'><strong>idem</strong></span> <span class='ocrx_word' id='word_1_15' title='bbox 975 455 1247 519; x_wconf 84' lang='lat' dir='ltr'><strong>usuvenit,</strong></span> <span class='ocrx_word' id='word_1_16' title='bbox 1278 455 1358 509; x_wconf 93' lang='lat' dir='ltr'><strong>uti</strong></span> <span class='ocrx_word' id='word_1_17' title='bbox 1395 471 1497 514; x_wconf 89' lang='lat' dir='ltr'><strong>nos</strong></span> <span class='ocrx_word' id='word_1_18' title='bbox 1523 459 1699 528; x_wconf 97' lang='lat' dir='ltr'><strong>capite</strong></span> <span class='ocrx_word' id='word_1_19' title='bbox 1728 464 1771 522; x_wconf 77' lang='grc' dir='ltr'>Α</span> <span class='ocrx_word' id='word_1_20' title='bbox 1801 475 2058 514; x_wconf 83' lang='lat' dir='ltr'><strong>occasum</strong></span> <span class='ocrx_word' id='word_1_21' title='bbox 2107 461 2435 526; x_wconf 88' lang='lat' dir='ltr'><strong>cosmicum,</strong></span> <span class='ocrx_word' id='word_1_22' title='bbox 2467 470 2522 517; x_wconf 93' lang='lat' dir='ltr'><strong>et</strong></span> <span class='ocrx_word' id='word_1_23' title='bbox 2575 468 2756 518; x_wconf 92' lang='lat' dir='ltr'><strong>ortum</strong></span> <span class='ocrx_word' id='word_1_24' title='bbox 2793 462 3179 535; x_wconf 79' lang='lat' dir='ltr'><strong>acronyehum.</strong></span> <span class='ocrx_word' id='word_1_25' title='bbox 3209 465 3363 533; x_wconf 86' lang='lat' dir='ltr'><strong>Quod</strong></span> 
     </span>
    </p>
   </div>
   <div class='ocr_carea' id='block_1_5' title="bbox 143 537 1694 620">
    <p class='ocr_par' dir='ltr' id='par_1_5' title="bbox 143 537 1694 620">
     <span class='ocr_line' id='line_1_5' title="bbox 143 537 1694 620; baseline 0.008 -26"><span class='ocrx_word' id='word_1_26' title='bbox 143 537 234 594; x_wconf 86' lang='lat' dir='ltr'><strong>illo</strong></span> <span class='ocrx_word' id='word_1_27' title='bbox 258 537 676 598; x_wconf 80' lang='lat' dir='ltr'><strong>declar‘avimus.</strong></span> <span class='ocrx_word' id='word_1_28' title='bbox 694 540 830 597; x_wconf 88' lang='lat' dir='ltr'><strong>Cum</strong></span> <span class='ocrx_word' id='word_1_29' title='bbox 857 544 1002 599; x_wconf 91' lang='lat' dir='ltr'><strong>enim</strong></span> <span class='ocrx_word' id='word_1_30' title='bbox 1032 547 1114 600; x_wconf 91' lang='lat' dir='ltr'><strong>sol</strong></span> <span class='ocrx_word' id='word_1_31' title='bbox 1140 557 1329 603; x_wconf 89' lang='lat' dir='ltr'><strong>contra</strong></span> <span class='ocrx_word' id='word_1_32' title='bbox 1355 551 1515 620; x_wconf 85' lang='lat' dir='ltr'><strong>primi</strong></span> <span class='ocrx_word' id='word_1_33' title='bbox 1546 552 1694 608; x_wconf 89' lang='lat' dir='ltr'><strong>orbis</strong></span> 
     </span>
    </p>
   </div>
   <div class='ocr_carea' id='block_1_6' title="bbox 140 629 1694 707">
    <p class='ocr_par' dir='ltr' id='par_1_6' title="bbox 140 629 1694 707">
     <span class='ocr_line' id='line_1_6' title="bbox 140 629 1694 707; baseline 0.008 -23"><span class='ocrx_word' id='word_1_34' title='bbox 140 629 389 700; x_wconf 84' lang='lat' dir='ltr'><strong>impetum</strong></span> <span class='ocrx_word' id='word_1_35' title='bbox 413 647 605 688; x_wconf 89' lang='lat' dir='ltr'><strong>versus</strong></span> <span class='ocrx_word' id='word_1_36' title='bbox 623 636 830 688; x_wconf 90' lang='lat' dir='ltr'><strong>ortivas</strong></span> <span class='ocrx_word' id='word_1_37' title='bbox 862 637 984 690; x_wconf 69' lang='lat' dir='ltr'><strong>coeli</strong></span> <span class='ocrx_word' id='word_1_38' title='bbox 1008 646 1192 707; x_wconf 83' lang='lat' dir='ltr'><strong>partes</strong></span> <span class='ocrx_word' id='word_1_39' title='bbox 1214 641 1282 694; x_wconf 91' lang='lat' dir='ltr'><strong>ab</strong></span> <span class='ocrx_word' id='word_1_40' title='bbox 1297 642 1542 697; x_wconf 79' lang='lat' dir='ltr'><strong>occiduis</strong></span> <span class='ocrx_word' id='word_1_41' title='bbox 1565 658 1694 697; x_wconf 89' lang='lat' dir='ltr'><strong>suo-</strong></span> 
     </span>
    </p>
   </div>
   <div class='ocr_carea' id='block_1_7' title="bbox 138 723 1692 796">
    <p class='ocr_par' dir='ltr' id='par_1_7' title="bbox 138 723 1692 796">
     <span class='ocr_line' id='line_1_7' title="bbox 138 723 1692 796; baseline 0.01 -23"><span class='ocrx_word' id='word_1_42' title='bbox 138 730 223 792; x_wconf 89' lang='lat' dir='ltr'><strong>pte</strong></span> <span class='ocrx_word' id='word_1_43' title='bbox 265 729 414 776; x_wconf 91' lang='lat' dir='ltr'><strong>motu</strong></span> <span class='ocrx_word' id='word_1_44' title='bbox 449 723 714 794; x_wconf 78' lang='lat' dir='ltr'><strong>rapiatur,</strong></span> <span class='ocrx_word' id='word_1_45' title='bbox 748 726 982 791; x_wconf 78' lang='lat' dir='ltr'><strong>stellam,</strong></span> <span class='ocrx_word' id='word_1_46' title='bbox 1023 729 1114 784; x_wconf 91' lang='lat' dir='ltr'><strong>ubi</strong></span> <span class='ocrx_word' id='word_1_47' title='bbox 1163 741 1488 788; x_wconf 85' lang='lat' dir='ltr'><strong>consecutus</strong></span> <span class='ocrx_word' id='word_1_48' title='bbox 1529 741 1632 796; x_wconf 88' lang='lat' dir='ltr'><strong>est,</strong></span> <span class='ocrx_word' id='word_1_49' title='bbox 1661 749 1692 788; x_wconf 89' lang='lat' dir='ltr'><strong>a</strong></span> 
     </span>
    </p>
   </div>
   <div class='ocr_carea' id='block_1_8' title="bbox 140 812 1692 893">
    <p class='ocr_par' dir='ltr' id='par_1_8' title="bbox 140 812 1692 893">
     <span class='ocr_line' id='line_1_8' title="bbox 140 812 1692 893; baseline 0.007 -26"><span class='ocrx_word' id='word_1_50' title='bbox 140 823 283 881; x_wconf 82' lang='lat' dir='ltr'><strong>tergo</strong></span> <span class='ocrx_word' id='word_1_51' title='bbox 308 812 592 882; x_wconf 84' lang='lat' dir='ltr'><strong>relinquit,</strong></span> <span class='ocrx_word' id='word_1_52' title='bbox 624 821 680 870; x_wconf 93' lang='lat' dir='ltr'><strong>et</strong></span> <span class='ocrx_word' id='word_1_53' title='bbox 710 815 765 869; x_wconf 89' lang='lat' dir='ltr'><strong>in</strong></span> <span class='ocrx_word' id='word_1_54' title='bbox 796 819 1186 887; x_wconf 86' lang='lat' dir='ltr'><strong>consequentia</strong></span> <span class='ocrx_word' id='word_1_55' title='bbox 1219 822 1392 892; x_wconf 88' lang='lat' dir='ltr'><strong>magis</strong></span> <span class='ocrx_word' id='word_1_56' title='bbox 1414 825 1692 893; x_wconf 76' lang='lat' dir='ltr'><strong>magisque</strong></span> 
     </span>
    </p>
   </div>
   <div class='ocr_carea' id='block_1_9' title="bbox 138 900 1690 981">
    <p class='ocr_par' dir='ltr' id='par_1_9' title="bbox 138 900 1690 981">
     <span class='ocr_line' id='line_1_9' title="bbox 138 900 1690 981; baseline 0.008 -26"><span class='ocrx_word' id='word_1_57' title='bbox 138 901 338 955; x_wconf 90' lang='lat' dir='ltr'><strong>nititur.</strong></span> <span class='ocrx_word' id='word_1_58' title='bbox 390 900 469 956; x_wconf 88' lang='lat' dir='ltr'><strong>Ita</strong></span> <span class='ocrx_word' id='word_1_59' title='bbox 504 904 565 957; x_wconf 76' lang='lat' dir='ltr'><strong>fit</strong></span> <span class='ocrx_word' id='word_1_60' title='bbox 613 913 693 969; x_wconf 91' lang='lat' dir='ltr'><strong>ut,</strong></span> <span class='ocrx_word' id='word_1_61' title='bbox 750 920 873 960; x_wconf 89' lang='lat' dir='ltr'><strong>cum</strong></span> <span class='ocrx_word' id='word_1_62' title='bbox 917 907 1128 961; x_wconf 89' lang='lat' dir='ltr'><strong>stellam</strong></span> <span class='ocrx_word' id='word_1_63' title='bbox 1161 908 1216 962; x_wconf 94' lang='lat' dir='ltr'><strong>in</strong></span> <span class='ocrx_word' id='word_1_64' title='bbox 1243 911 1452 966; x_wconf 89' lang='lat' dir='ltr'><strong>oriente</strong></span> <span class='ocrx_word' id='word_1_65' title='bbox 1479 912 1690 981; x_wconf 89' lang='lat' dir='ltr'><strong>positus</strong></span> 
     </span>
    </p>
   </div>
   <div class='ocr_carea' id='block_1_10' title="bbox 138 992 1691 1068">
    <p class='ocr_par' dir='ltr' id='par_1_10' title="bbox 138 992 1691 1068">
     <span class='ocr_line' id='line_1_10' title="bbox 138 992 1691 1068; baseline 0.008 -22"><span class='ocrx_word' id='word_1_66' title='bbox 138 992 466 1050; x_wconf 85' lang='lat' dir='ltr'><strong>occidentem</strong></span> <span class='ocrx_word' id='word_1_67' title='bbox 495 1007 563 1049; x_wconf 90' lang='lat' dir='ltr'><strong>ex</strong></span> <span class='ocrx_word' id='word_1_68' title='bbox 592 994 822 1050; x_wconf 87' lang='lat' dir='ltr'><strong>adverso</strong></span> <span class='ocrx_word' id='word_1_69' title='bbox 865 998 1108 1067; x_wconf 88' lang='lat' dir='ltr'><strong>respicit,</strong></span> <span class='ocrx_word' id='word_1_70' title='bbox 1146 1000 1237 1068; x_wconf 92' lang='lat' dir='ltr'><strong>qui</strong></span> <span class='ocrx_word' id='word_1_71' title='bbox 1273 1008 1358 1056; x_wconf 90' lang='lat' dir='ltr'><strong>est</strong></span> <span class='ocrx_word' id='word_1_72' title='bbox 1389 1016 1550 1056; x_wconf 88' lang='lat' dir='ltr'><strong>verus</strong></span> <span class='ocrx_word' id='word_1_73' title='bbox 1596 1017 1691 1058; x_wconf 89' lang='lat' dir='ltr'><strong>co-.</strong></span> 
     </span>
    </p>
   </div>
   <div class='ocr_carea' id='block_1_11' title="bbox 137 1085 1686 1158">
    <p class='ocr_par' dir='ltr' id='par_1_11' title="bbox 137 1085 1686 1158">
     <span class='ocr_line' id='line_1_11' title="bbox 137 1085 1686 1158; baseline 0.007 -19"><span class='ocrx_word' id='word_1_74' title='bbox 137 1085 332 1142; x_wconf 90' lang='lat' dir='ltr'><strong>smicus</strong></span> <span class='ocrx_word' id='word_1_75' title='bbox 371 1100 624 1152; x_wconf 86' lang='lat' dir='ltr'><strong>occasus,</strong></span> <span class='ocrx_word' id='word_1_76' title='bbox 662 1087 838 1142; x_wconf 90' lang='lat' dir='ltr'><strong>adhuc</strong></span> <span class='ocrx_word' id='word_1_77' title='bbox 871 1103 990 1143; x_wconf 89' lang='lat' dir='ltr'><strong>eam</strong></span> <span class='ocrx_word' id='word_1_78' title='bbox 1025 1090 1192 1145; x_wconf 91' lang='lat' dir='ltr'><strong>radiis</strong></span> <span class='ocrx_word' id='word_1_79' title='bbox 1230 1091 1525 1147; x_wconf 86' lang='lat' dir='ltr'><strong>abscondat</strong></span> <span class='ocrx_word' id='word_1_80' title='bbox 1550 1095 1686 1158; x_wconf 90' lang='lat' dir='ltr'><strong>suis,</strong></span> 
     </span>
    </p>
   </div>
   <div class='ocr_carea' id='block_1_12' title="bbox 135 1174 1686 1250">
    <p class='ocr_par' dir='ltr' id='par_1_12' title="bbox 135 1174 1686 1250">
     <span class='ocr_line' id='line_1_12' title="bbox 135 1174 1686 1250; baseline 0.006 -23"><span class='ocrx_word' id='word_1_81' title='bbox 135 1189 228 1228; x_wconf 88' lang='lat' dir='ltr'><strong>nec</strong></span> <span class='ocrx_word' id='word_1_82' title='bbox 276 1174 447 1230; x_wconf 90' lang='lat' dir='ltr'><strong>videri</strong></span> <span class='ocrx_word' id='word_1_83' title='bbox 502 1175 739 1245; x_wconf 91' lang='lat' dir='ltr'><strong>patiatur</strong></span> <span class='ocrx_word' id='word_1_84' title='bbox 781 1194 795 1231; x_wconf 89' lang='lat'><strong>:</strong></span> <span class='ocrx_word' id='word_1_85' title='bbox 848 1185 990 1247; x_wconf 89' lang='lat' dir='ltr'><strong>post,</strong></span> <span class='ocrx_word' id='word_1_86' title='bbox 1023 1179 1113 1232; x_wconf 89' lang='lat' dir='ltr'><strong>ubi</strong></span> <span class='ocrx_word' id='word_1_87' title='bbox 1167 1179 1377 1250; x_wconf 78' lang='lat' dir='ltr'><strong>longius</strong></span> <span class='ocrx_word' id='word_1_88' title='bbox 1399 1181 1686 1249; x_wconf 82' lang='lat' dir='ltr'><strong>abscessit,</strong></span> 
     </span>
    </p>
   </div>
   <div class='ocr_carea' id='block_1_13' title="bbox 136 1266 1684 1342">
    <p class='ocr_par' dir='ltr' id='par_1_13' title="bbox 136 1266 1684 1342">
     <span class='ocr_line' id='line_1_13' title="bbox 136 1266 1684 1342; baseline 0.006 -25"><span class='ocrx_word' id='word_1_89' title='bbox 136 1273 248 1319; x_wconf 85' lang='lat' dir='ltr'><strong>ante</strong></span> <span class='ocrx_word' id='word_1_90' title='bbox 281 1266 429 1321; x_wconf 91' lang='lat' dir='ltr'><strong>illius</strong></span> <span class='ocrx_word' id='word_1_91' title='bbox 459 1275 640 1321; x_wconf 90' lang='lat' dir='ltr'><strong>ortum</strong></span> <span class='ocrx_word' id='word_1_92' title='bbox 674 1267 929 1336; x_wconf 91' lang='lat' dir='ltr'><strong>paulatim</strong></span> <span class='ocrx_word' id='word_1_93' title='bbox 961 1269 1242 1324; x_wconf 87' lang='lat' dir='ltr'><strong>cadentem</strong></span> <span class='ocrx_word' id='word_1_94' title='bbox 1267 1272 1684 1342; x_wconf 90' lang='lat' dir='ltr'><strong>prospiciamus,</strong></span> 
     </span>
    </p>
   </div>
   <div class='ocr_carea' id='block_1_14' title="bbox 135 1356 1686 1426">
    <p class='ocr_par' dir='ltr' id='par_1_14' title="bbox 135 1356 1686 1426">
     <span class='ocr_line' id='line_1_14' title="bbox 135 1356 1686 1426; baseline 0.006 -17"><span class='ocrx_word' id='word_1_95' title='bbox 135 1356 266 1426; x_wconf 89' lang='lat' dir='ltr'><strong>quod</strong></span> <span class='ocrx_word' id='word_1_96' title='bbox 300 1357 550 1426; x_wconf 90' lang='lat' dir='ltr'><strong>pluribus</strong></span> <span class='ocrx_word' id='word_1_97' title='bbox 607 1357 802 1413; x_wconf 89' lang='lat' dir='ltr'><strong>deinde</strong></span> <span class='ocrx_word' id='word_1_98' title='bbox 847 1359 1040 1415; x_wconf 91' lang='lat' dir='ltr'><strong>diebus</strong></span> <span class='ocrx_word' id='word_1_99' title='bbox 1088 1361 1306 1416; x_wconf 91' lang='lat' dir='ltr'><strong>accidit.</strong></span> <span class='ocrx_word' id='word_1_100' title='bbox 1339 1361 1381 1416; x_wconf 87' lang='lat' dir='ltr'>E</span> <span class='ocrx_word' id='word_1_101' title='bbox 1409 1365 1686 1418; x_wconf 91' lang='lat' dir='ltr'><strong>contrario</strong></span> 
     </span>
    </p>
   </div>
   <div class='ocr_carea' id='block_1_15' title="bbox 135 1449 1688 1521">
    <p class='ocr_par' dir='ltr' id='par_1_15' title="bbox 135 1449 1688 1521">
     <span class='ocr_line' id='line_1_15' title="bbox 135 1449 1688 1521; baseline 0.005 -21"><span class='ocrx_word' id='word_1_102' title='bbox 135 1464 246 1501; x_wconf 88' lang='lat' dir='ltr'><strong>cum</strong></span> <span class='ocrx_word' id='word_1_103' title='bbox 279 1449 333 1502; x_wconf 92' lang='lat' dir='ltr'><strong>in</strong></span> <span class='ocrx_word' id='word_1_104' title='bbox 357 1449 641 1505; x_wconf 92' lang='lat' dir='ltr'><strong>occidente</strong></span> <span class='ocrx_word' id='word_1_105' title='bbox 671 1450 753 1505; x_wconf 88' lang='lat' dir='ltr'><strong>sol</strong></span> <span class='ocrx_word' id='word_1_106' title='bbox 783 1457 891 1516; x_wconf 82' lang='lat' dir='ltr'><strong>est,</strong></span> <span class='ocrx_word' id='word_1_107' title='bbox 921 1452 1222 1521; x_wconf 83' lang='lat' dir='ltr'><strong>Oppositam</strong></span> <span class='ocrx_word' id='word_1_108' title='bbox 1259 1453 1465 1509; x_wconf 89' lang='lat' dir='ltr'><strong>habens</strong></span> <span class='ocrx_word' id='word_1_109' title='bbox 1491 1469 1522 1508; x_wconf 89' lang='lat' dir='ltr'><strong>e</strong></span> <span class='ocrx_word' id='word_1_110' title='bbox 1569 1455 1688 1508; x_wconf 85' lang='lat' dir='ltr'><strong>dia-</strong></span> 
     </span>
    </p>
   </div>
   <div class='ocr_carea' id='block_1_16' title="bbox 134 1540 1687 1614">
    <p class='ocr_par' dir='ltr' id='par_1_16' title="bbox 134 1540 1687 1614">
     <span class='ocr_line' id='line_1_16' title="bbox 134 1540 1687 1614; baseline 0.005 -23"><span class='ocrx_word' id='word_1_111' title='bbox 134 1547 294 1593; x_wconf 78' lang='lat' dir='ltr'><strong>metro</strong></span> <span class='ocrx_word' id='word_1_112' title='bbox 323 1540 538 1596; x_wconf 88' lang='lat' dir='ltr'><strong>stellam</strong></span> <span class='ocrx_word' id='word_1_113' title='bbox 569 1541 660 1610; x_wconf 89' lang='lat' dir='ltr'><strong>qui</strong></span> <span class='ocrx_word' id='word_1_114' title='bbox 697 1549 780 1596; x_wconf 89' lang='lat' dir='ltr'><strong>est</strong></span> <span class='ocrx_word' id='word_1_115' title='bbox 809 1557 970 1596; x_wconf 86' lang='lat' dir='ltr'><strong>verus</strong></span> <span class='ocrx_word' id='word_1_116' title='bbox 1019 1551 1172 1597; x_wconf 92' lang='lat' dir='ltr'><strong>ortus</strong></span> <span class='ocrx_word' id='word_1_117' title='bbox 1215 1543 1385 1598; x_wconf 67' lang='lat' dir='ltr'><strong>stellre</strong></span> <span class='ocrx_word' id='word_1_118' title='bbox 1422 1545 1687 1614; x_wconf 88' lang='lat' dir='ltr'><strong>vesperti-</strong></span> 
     </span>
    </p>
   </div>
   <div class='ocr_carea' id='block_1_17' title="bbox 136 1631 1688 1707">
    <p class='ocr_par' dir='ltr' id='par_1_17' title="bbox 136 1631 1688 1707">
     <span class='ocr_line' id='line_1_17' title="bbox 136 1631 1688 1707; baseline 0.006 -23"><span class='ocrx_word' id='word_1_119' title='bbox 136 1646 265 1702; x_wconf 81' lang='lat' dir='ltr'><strong>nus,</strong></span> <span class='ocrx_word' id='word_1_120' title='bbox 299 1631 560 1703; x_wconf 89' lang='lat' dir='ltr'><strong>deinceps</strong></span> <span class='ocrx_word' id='word_1_121' title='bbox 589 1634 833 1690; x_wconf 88' lang='lat' dir='ltr'><strong>eamdem</strong></span> <span class='ocrx_word' id='word_1_122' title='bbox 871 1634 1147 1690; x_wconf 89' lang='lat' dir='ltr'><strong>occultare</strong></span> <span class='ocrx_word' id='word_1_123' title='bbox 1183 1636 1377 1707; x_wconf 88' lang='lat' dir='ltr'><strong>pergit,</strong></span> <span class='ocrx_word' id='word_1_124' title='bbox 1427 1637 1494 1692; x_wconf 91' lang='lat' dir='ltr'><strong>ad</strong></span> <span class='ocrx_word' id='word_1_125' title='bbox 1543 1653 1688 1694; x_wconf 82' lang='lat' dir='ltr'><strong>eam-</strong></span> 
     </span>
    </p>
   </div>
   <div class='ocr_carea' id='block_1_18' title="bbox 135 1723 1683 1799">
    <p class='ocr_par' dir='ltr' id='par_1_18' title="bbox 135 1723 1683 1799">
     <span class='ocr_line' id='line_1_18' title="bbox 135 1723 1683 1799; baseline 0.006 -24"><span class='ocrx_word' id='word_1_126' title='bbox 135 1737 230 1791; x_wconf 92' lang='lat' dir='ltr'><strong>que</strong></span> <span class='ocrx_word' id='word_1_127' title='bbox 259 1723 521 1792; x_wconf 88' lang='lat' dir='ltr'><strong>paulatim</strong></span> <span class='ocrx_word' id='word_1_128' title='bbox 553 1725 781 1796; x_wconf 87' lang='lat' dir='ltr'><strong>adrepit.</strong></span> <span class='ocrx_word' id='word_1_129' title='bbox 818 1724 1002 1796; x_wconf 85' lang='lat' dir='ltr'><strong>Itaque</strong></span> <span class='ocrx_word' id='word_1_130' title='bbox 1029 1734 1156 1782; x_wconf 88' lang='lat' dir='ltr'><strong>ante</strong></span> <span class='ocrx_word' id='word_1_131' title='bbox 1185 1735 1394 1799; x_wconf 90' lang='lat' dir='ltr'><strong>tempus</strong></span> <span class='ocrx_word' id='word_1_132' title='bbox 1422 1728 1554 1783; x_wconf 91' lang='lat' dir='ltr'><strong>illud</strong></span> <span class='ocrx_word' id='word_1_133' title='bbox 1582 1745 1683 1799; x_wconf 84' lang='lat' dir='ltr'><strong>op-</strong></span> 
     </span>
    </p>
   </div>
   <div class='ocr_carea' id='block_1_19' title="bbox 133 1801 1756 1889">
    <p class='ocr_par' dir='ltr' id='par_1_19' title="bbox 133 1801 1756 1889">
     <span class='ocr_line' id='line_1_19' title="bbox 133 1801 1756 1889; baseline 0.005 -22"><span class='ocrx_word' id='word_1_134' title='bbox 133 1814 408 1884; x_wconf 79' lang='lat' dir='ltr'><strong>positiouis</strong></span> <span class='ocrx_word' id='word_1_135' title='bbox 468 1817 716 1886; x_wconf 84' lang='lat' dir='ltr'><strong>pluribus</strong></span> <span class='ocrx_word' id='word_1_136' title='bbox 767 1817 962 1872; x_wconf 90' lang='lat' dir='ltr'><strong>diebus</strong></span> <span class='ocrx_word' id='word_1_137' title='bbox 1020 1831 1273 1874; x_wconf 88' lang='lat' dir='ltr'><strong>occasum</strong></span> <span class='ocrx_word' id='word_1_138' title='bbox 1336 1819 1446 1889; x_wconf 90' lang='lat' dir='ltr'><strong>jam</strong></span> <span class='ocrx_word' id='word_1_139' title='bbox 1514 1801 1756 1876; x_wconf 84' lang='lat' dir='ltr'><strong>solemB</strong></span> 
     </span>
    </p>
   </div>
   <div class='ocr_carea' id='block_1_20' title="bbox 132 1912 1685 1985">
    <p class='ocr_par' dir='ltr' id='par_1_20' title="bbox 132 1912 1685 1985">
     <span class='ocr_line' id='line_1_20' title="bbox 132 1912 1685 1985; baseline 0.004 -21"><span class='ocrx_word' id='word_1_140' title='bbox 132 1917 310 1965; x_wconf 85' lang='lat' dir='ltr'><strong>exortu</strong></span> <span class='ocrx_word' id='word_1_141' title='bbox 341 1926 442 1966; x_wconf 92' lang='lat' dir='ltr'><strong>suo</strong></span> <span class='ocrx_word' id='word_1_142' title='bbox 481 1912 635 1966; x_wconf 88' lang='lat' dir='ltr'><strong>stella</strong></span> <span class='ocrx_word' id='word_1_143' title='bbox 675 1920 968 1968; x_wconf 86' lang='lat' dir='ltr'><strong>consecuta</strong></span> <span class='ocrx_word' id='word_1_144' title='bbox 1003 1912 1198 1981; x_wconf 84' lang='lat' dir='ltr'><strong>fuerat,</strong></span> <span class='ocrx_word' id='word_1_145' title='bbox 1230 1928 1391 1984; x_wconf 88' lang='lat' dir='ltr'><strong>quem</strong></span> <span class='ocrx_word' id='word_1_146' title='bbox 1421 1928 1685 1985; x_wconf 90' lang='lat' dir='ltr'><strong>apparen-</strong></span> 
     </span>
    </p>
   </div>
   <div class='ocr_carea' id='block_1_21' title="bbox 135 2004 1180 2072">
    <p class='ocr_par' dir='ltr' id='par_1_21' title="bbox 135 2004 1180 2072">
     <span class='ocr_line' id='line_1_21' title="bbox 135 2004 1180 2072; baseline 0.006 -19"><span class='ocrx_word' id='word_1_147' title='bbox 135 2007 230 2055; x_wconf 91' lang='lat' dir='ltr'><strong>tem</strong></span> <span class='ocrx_word' id='word_1_148' title='bbox 260 2008 438 2069; x_wconf 84' lang='lat' dir='ltr'><strong>ortum</strong></span> <span class='ocrx_word' id='word_1_149' title='bbox 471 2004 842 2072; x_wconf 85' lang='lat' dir='ltr'><strong>vespertinum</strong></span> <span class='ocrx_word' id='word_1_150' title='bbox 875 2005 1180 2059; x_wconf 81' lang='lat' dir='ltr'><strong>nominant.</strong></span> 
     </span>
    </p>
   </div>
   <div class='ocr_carea' id='block_1_22' title="bbox 192 2089 1684 2165">
    <p class='ocr_par' dir='ltr' id='par_1_22' title="bbox 192 2089 1684 2165">
     <span class='ocr_line' id='line_1_22' title="bbox 192 2089 1684 2165; baseline 0.005 -21"><span class='ocrx_word' id='word_1_151' title='bbox 192 2089 324 2147; x_wconf 83' lang='lat' dir='ltr'><strong>Hinc</strong></span> <span class='ocrx_word' id='word_1_152' title='bbox 361 2091 508 2163; x_wconf 87' lang='lat' dir='ltr'><strong>apud</strong></span> <span class='ocrx_word' id='word_1_153' title='bbox 553 2094 850 2164; x_wconf 89' lang='lat' dir='ltr'><strong>scriptores</strong></span> <span class='ocrx_word' id='word_1_154' title='bbox 881 2095 1040 2150; x_wconf 89' lang='lat' dir='ltr'><strong>etiam</strong></span> <span class='ocrx_word' id='word_1_155' title='bbox 1071 2095 1214 2159; x_wconf 91' lang='lat' dir='ltr'><strong>illos,</strong></span> <span class='ocrx_word' id='word_1_156' title='bbox 1250 2096 1344 2165; x_wconf 89' lang='lat' dir='ltr'><strong>qui</strong></span> <span class='ocrx_word' id='word_1_157' title='bbox 1373 2096 1684 2152; x_wconf 89' lang='lat' dir='ltr'><strong>uniusmodi</strong></span> 
     </span>
    </p>
   </div>
   <div class='ocr_carea' id='block_1_23' title="bbox 132 2183 1686 2259">
    <p class='ocr_par' dir='ltr' id='par_1_23' title="bbox 132 2183 1686 2259">
     <span class='ocr_line' id='line_1_23' title="bbox 132 2183 1686 2259; baseline 0.004 -22"><span class='ocrx_word' id='word_1_158' title='bbox 132 2183 242 2238; x_wconf 76' lang='lat' dir='ltr'><strong>coeli</strong></span> <span class='ocrx_word' id='word_1_159' title='bbox 285 2185 548 2254; x_wconf 91' lang='lat' dir='ltr'><strong>positum,</strong></span> <span class='ocrx_word' id='word_1_160' title='bbox 582 2185 1129 2257; x_wconf 83' lang='lat' dir='ltr'><strong>obscrvationemque</strong></span> <span class='ocrx_word' id='word_1_161' title='bbox 1163 2189 1335 2242; x_wconf 92' lang='lat' dir='ltr'><strong>secuti</strong></span> <span class='ocrx_word' id='word_1_162' title='bbox 1383 2196 1532 2254; x_wconf 91' lang='lat' dir='ltr'><strong>sunt,</strong></span> <span class='ocrx_word' id='word_1_163' title='bbox 1567 2190 1686 2259; x_wconf 90' lang='lat' dir='ltr'><strong>plu-</strong></span> 
     </span>
    </p>
   </div>
   <div class='ocr_carea' id='block_1_24' title="bbox 131 2275 1688 2347">
    <p class='ocr_par' dir='ltr' id='par_1_24' title="bbox 131 2275 1688 2347">
     <span class='ocr_line' id='line_1_24' title="bbox 131 2275 1688 2347; baseline 0.005 -19"><span class='ocrx_word' id='word_1_164' title='bbox 131 2275 271 2330; x_wconf 87' lang='lat' dir='ltr'><strong>ribus</strong></span> <span class='ocrx_word' id='word_1_165' title='bbox 298 2276 496 2331; x_wconf 88' lang='lat' dir='ltr'><strong>diebus</strong></span> <span class='ocrx_word' id='word_1_166' title='bbox 526 2287 672 2338; x_wconf 85' lang='lat' dir='ltr'><strong>ante.</strong></span> <span class='ocrx_word' id='word_1_167' title='bbox 703 2279 784 2332; x_wconf 96' lang='lat' dir='ltr'><strong>vel</strong></span> <span class='ocrx_word' id='word_1_168' title='bbox 815 2287 939 2347; x_wconf 91' lang='lat' dir='ltr'><strong>post</strong></span> <span class='ocrx_word' id='word_1_169' title='bbox 965 2286 1190 2336; x_wconf 78' lang='lat' dir='ltr'><strong>exortus</strong></span> <span class='ocrx_word' id='word_1_170' title='bbox 1218 2295 1399 2344; x_wconf 91' lang='lat' dir='ltr'><strong>veros,</strong></span> <span class='ocrx_word' id='word_1_171' title='bbox 1428 2295 1688 2336; x_wconf 87' lang='lat' dir='ltr'><strong>occasus-</strong></span> 
     </span>
    </p>
   </div>
   <div class='ocr_carea' id='block_1_25' title="bbox 133 2369 1684 2441">
    <p class='ocr_par' dir='ltr' id='par_1_25' title="bbox 133 2369 1684 2441">
     <span class='ocr_line' id='line_1_25' title="bbox 133 2369 1684 2441; baseline 0.005 -21"><span class='ocrx_word' id='word_1_172' title='bbox 133 2381 227 2435; x_wconf 87' lang='lat' dir='ltr'><strong>que</strong></span> <span class='ocrx_word' id='word_1_173' title='bbox 247 2407 263 2431; x_wconf 95' lang='lat'><strong>,</strong></span> <span class='ocrx_word' id='word_1_174' title='bbox 287 2369 569 2423; x_wconf 90' lang='lat' dir='ltr'><strong>stellarum</strong></span> <span class='ocrx_word' id='word_1_175' title='bbox 604 2370 795 2436; x_wconf 75' lang='grc' dir='ltr'><strong>φάσεις</strong></span> <span class='ocrx_word' id='word_1_176' title='bbox 825 2376 1082 2424; x_wconf 88' lang='lat' dir='ltr'><strong>notantur</strong></span> <span class='ocrx_word' id='word_1_177' title='bbox 1107 2389 1121 2425; x_wconf 89' lang='lat'><strong>:</strong></span> <span class='ocrx_word' id='word_1_178' title='bbox 1147 2371 1290 2441; x_wconf 91' lang='lat' dir='ltr'><strong>quod</strong></span> <span class='ocrx_word' id='word_1_179' title='bbox 1313 2372 1387 2425; x_wconf 89' lang='lat' dir='ltr'><strong>illi</strong></span> <span class='ocrx_word' id='word_1_180' title='bbox 1419 2387 1684 2441; x_wconf 88' lang='lat' dir='ltr'><strong>apparen-</strong></span> 
     </span>
    </p>
   </div>
   <div class='ocr_carea' id='block_1_26' title="bbox 135 2457 1688 2531">
    <p class='ocr_par' dir='ltr' id='par_1_26' title="bbox 135 2457 1688 2531">
     <span class='ocr_line' id='line_1_26' title="bbox 135 2457 1688 2531; baseline 0.006 -22"><span class='ocrx_word' id='word_1_181' title='bbox 135 2466 204 2512; x_wconf 89' lang='lat' dir='ltr'><strong>Ies</strong></span> <span class='ocrx_word' id='word_1_182' title='bbox 233 2457 340 2514; x_wconf 84' lang='lat' dir='ltr'><strong>fere</strong></span> <span class='ocrx_word' id='word_1_183' title='bbox 378 2460 685 2516; x_wconf 88' lang='lat' dir='ltr'><strong>consectati</strong></span> <span class='ocrx_word' id='word_1_184' title='bbox 721 2469 868 2516; x_wconf 91' lang='lat' dir='ltr'><strong>sunt.</strong></span> <span class='ocrx_word' id='word_1_185' title='bbox 900 2460 1030 2526; x_wconf 70' lang='lat' dir='ltr'><strong>Quae</strong></span> <span class='ocrx_word' id='word_1_186' title='bbox 1054 2463 1178 2531; x_wconf 89' lang='lat' dir='ltr'><strong>quia</strong></span> <span class='ocrx_word' id='word_1_187' title='bbox 1211 2477 1319 2516; x_wconf 91' lang='lat' dir='ltr'><strong>non</strong></span> <span class='ocrx_word' id='word_1_188' title='bbox 1348 2478 1458 2516; x_wconf 92' lang='lat' dir='ltr'><strong>uno</strong></span> <span class='ocrx_word' id='word_1_189' title='bbox 1490 2463 1578 2517; x_wconf 90' lang='lat' dir='ltr'><strong>die</strong></span> <span class='ocrx_word' id='word_1_190' title='bbox 1623 2478 1688 2518; x_wconf 89' lang='lat' dir='ltr'><strong>ac</strong></span> 
     </span>
    </p>
   </div>
   <div class='ocr_carea' id='block_1_27' title="bbox 132 2551 1688 2624">
    <p class='ocr_par' dir='ltr' id='par_1_27' title="bbox 132 2551 1688 2624">
     <span class='ocr_line' id='line_1_27' title="bbox 132 2551 1688 2624; baseline 0.004 -22"><span class='ocrx_word' id='word_1_191' title='bbox 132 2558 392 2618; x_wconf 87' lang='lat' dir='ltr'><strong>momento</strong></span> <span class='ocrx_word' id='word_1_192' title='bbox 459 2551 748 2614; x_wconf 87' lang='lat' dir='ltr'><strong>accidunt,</strong></span> <span class='ocrx_word' id='word_1_193' title='bbox 779 2553 900 2605; x_wconf 83' lang='lat' dir='ltr'><strong>ideo</strong></span> <span class='ocrx_word' id='word_1_194' title='bbox 943 2553 1044 2606; x_wconf 90' lang='lat' dir='ltr'><strong>sub</strong></span> <span class='ocrx_word' id='word_1_195' title='bbox 1077 2553 1264 2607; x_wconf 91' lang='lat' dir='ltr'><strong>eadem</strong></span> <span class='ocrx_word' id='word_1_196' title='bbox 1303 2560 1546 2624; x_wconf 90' lang='lat' dir='ltr'><strong>tempora</strong></span> <span class='ocrx_word' id='word_1_197' title='bbox 1576 2555 1688 2624; x_wconf 91' lang='lat' dir='ltr'><strong>ple-</strong></span> 
     </span>
    </p>
   </div>
   <div class='ocr_carea' id='block_1_28' title="bbox 132 2643 1690 2714">
    <p class='ocr_par' dir='ltr' id='par_1_28' title="bbox 132 2643 1690 2714">
     <span class='ocr_line' id='line_1_28' title="bbox 132 2643 1690 2714; baseline 0.004 -22"><span class='ocrx_word' id='word_1_198' title='bbox 132 2653 350 2712; x_wconf 87' lang='lat' dir='ltr'><strong>rumque</strong></span> <span class='ocrx_word' id='word_1_199' title='bbox 394 2650 740 2713; x_wconf 88' lang='lat' dir='ltr'><strong>repetuntur,</strong></span> <span class='ocrx_word' id='word_1_200' title='bbox 789 2651 844 2698; x_wconf 91' lang='lat' dir='ltr'><strong>et</strong></span> <span class='ocrx_word' id='word_1_201' title='bbox 892 2643 956 2696; x_wconf 87' lang='lat' dir='ltr'><strong>ad</strong></span> <span class='ocrx_word' id='word_1_202' title='bbox 1013 2644 1129 2698; x_wconf 87' lang='lat' dir='ltr'><strong>dies</strong></span> <span class='ocrx_word' id='word_1_203' title='bbox 1180 2652 1546 2714; x_wconf 81' lang='lat' dir='ltr'><strong>propagantur</strong></span> <span class='ocrx_word' id='word_1_204' title='bbox 1589 2647 1690 2699; x_wconf 90' lang='lat' dir='ltr'><strong>ali-</strong></span> 
     </span>
    </p>
   </div>
   <div class='ocr_carea' id='block_1_29' title="bbox 132 2733 1689 2806">
    <p class='ocr_par' dir='ltr' id='par_1_29' title="bbox 132 2733 1689 2806">
     <span class='ocr_line' id='line_1_29' title="bbox 132 2733 1689 2806; baseline 0.004 -20"><span class='ocrx_word' id='word_1_205' title='bbox 132 2742 271 2802; x_wconf 91' lang='lat' dir='ltr'><strong>quot.</strong></span> <span class='ocrx_word' id='word_1_206' title='bbox 313 2733 420 2798; x_wconf 82' lang='lat' dir='ltr'><strong>Sed</strong></span> <span class='ocrx_word' id='word_1_207' title='bbox 485 2735 540 2788; x_wconf 88' lang='lat' dir='ltr'><strong>in</strong></span> <span class='ocrx_word' id='word_1_208' title='bbox 592 2734 660 2789; x_wconf 89' lang='lat' dir='ltr'><strong>iis</strong></span> <span class='ocrx_word' id='word_1_209' title='bbox 708 2734 1059 2806; x_wconf 83' lang='lat' dir='ltr'><strong>designandis</strong></span> <span class='ocrx_word' id='word_1_210' title='bbox 1102 2736 1409 2806; x_wconf 92' lang='lat' dir='ltr'><strong>complures</strong></span> <span class='ocrx_word' id='word_1_211' title='bbox 1458 2737 1689 2793; x_wconf 87' lang='lat' dir='ltr'><strong>obscure</strong></span> 
     </span>
    </p>
   </div>
   <div class='ocr_carea' id='block_1_30' title="bbox 133 2822 1690 2894">
    <p class='ocr_par' dir='ltr' id='par_1_30' title="bbox 133 2822 1690 2894">
     <span class='ocr_line' id='line_1_30' title="bbox 133 2822 1690 2894; baseline 0.004 -19"><span class='ocrx_word' id='word_1_212' title='bbox 133 2822 438 2891; x_wconf 89' lang='lat' dir='ltr'><strong>loquuntur,</strong></span> <span class='ocrx_word' id='word_1_213' title='bbox 475 2837 538 2877; x_wconf 92' lang='lat' dir='ltr'><strong>ac</strong></span> <span class='ocrx_word' id='word_1_214' title='bbox 568 2823 856 2893; x_wconf 78' lang='lat' dir='ltr'><strong>perplexe;</strong></span> <span class='ocrx_word' id='word_1_215' title='bbox 891 2828 983 2894; x_wconf 89' lang='lat' dir='ltr'><strong>qui</strong></span> <span class='ocrx_word' id='word_1_216' title='bbox 1026 2841 1126 2879; x_wconf 87' lang='lat' dir='ltr'><strong>nec</strong></span> <span class='ocrx_word' id='word_1_217' title='bbox 1168 2834 1384 2879; x_wconf 90' lang='lat' dir='ltr'><strong>ortuum</strong></span> <span class='ocrx_word' id='word_1_218' title='bbox 1439 2834 1494 2880; x_wconf 91' lang='lat' dir='ltr'><strong>et</strong></span> <span class='ocrx_word' id='word_1_219' title='bbox 1532 2843 1690 2882; x_wconf 89' lang='lat' dir='ltr'><strong>occa-</strong></span> 
     </span>
    </p>
   </div>
   <div class='ocr_carea' id='block_1_31' title="bbox 133 2916 1683 2987">
    <p class='ocr_par' dir='ltr' id='par_1_31' title="bbox 133 2916 1683 2987">
     <span class='ocr_line' id='line_1_31' title="bbox 133 2916 1683 2987; baseline 0.004 -20"><span class='ocrx_word' id='word_1_220' title='bbox 133 2928 277 2967; x_wconf 89' lang='lat' dir='ltr'><strong>suum</strong></span> <span class='ocrx_word' id='word_1_221' title='bbox 319 2923 589 2984; x_wconf 89' lang='lat' dir='ltr'><strong>tempora,</strong></span> <span class='ocrx_word' id='word_1_222' title='bbox 621 2930 795 2984; x_wconf 91' lang='lat' dir='ltr'><strong>neque</strong></span> <span class='ocrx_word' id='word_1_223' title='bbox 846 2916 1076 2984; x_wconf 83' lang='lat' dir='ltr'><strong>speciem</strong></span> <span class='ocrx_word' id='word_1_224' title='bbox 1118 2927 1300 2985; x_wconf 78' lang='lat' dir='ltr'><strong>aperte</strong></span> <span class='ocrx_word' id='word_1_225' title='bbox 1346 2917 1683 2987; x_wconf 76' lang='lat' dir='ltr'><strong>significant,</strong></span> 
     </span>
    </p>
   </div>
   <div class='ocr_carea' id='block_1_32' title="bbox 131 3004 1690 3073">
    <p class='ocr_par' dir='ltr' id='par_1_32' title="bbox 131 3004 1690 3073">
     <span class='ocr_line' id='line_1_32' title="bbox 131 3004 1690 3073; baseline 0.004 -17"><span class='ocrx_word' id='word_1_226' title='bbox 131 3019 189 3057; x_wconf 91' lang='lat' dir='ltr'><strong>ac</strong></span> <span class='ocrx_word' id='word_1_227' title='bbox 212 3004 294 3071; x_wconf 85' lang='lat' dir='ltr'><strong>vix</strong></span> <span class='ocrx_word' id='word_1_228' title='bbox 321 3006 656 3073; x_wconf 68' lang='lat' dir='ltr'><strong>conjecturae</strong></span> <span class='ocrx_word' id='word_1_229' title='bbox 687 3006 908 3061; x_wconf 86' lang='lat' dir='ltr'><strong>lectoris</strong></span> <span class='ocrx_word' id='word_1_230' title='bbox 939 3006 1034 3059; x_wconf 89' lang='lat' dir='ltr'><strong>ulli</strong></span> <span class='ocrx_word' id='word_1_231' title='bbox 1068 3007 1202 3061; x_wconf 90' lang='lat' dir='ltr'><strong>satis</strong></span> <span class='ocrx_word' id='word_1_232' title='bbox 1223 3007 1471 3062; x_wconf 85' lang='lat' dir='ltr'><strong>idoneam</strong></span> <span class='ocrx_word' id='word_1_233' title='bbox 1500 3024 1690 3064; x_wconf 90' lang='lat' dir='ltr'><strong>ansam</strong></span> 
     </span>
    </p>
   </div>
   <div class='ocr_carea' id='block_1_33' title="bbox 1799 551 3364 625">
    <p class='ocr_par' dir='ltr' id='par_1_33' title="bbox 1799 551 3364 625">
     <span class='ocr_line' id='line_1_33' title="bbox 1799 551 3364 625; baseline 0.006 -19"><span class='ocrx_word' id='word_1_234' title='bbox 1799 551 1845 606; x_wconf 91' lang='lat' dir='ltr'><strong>si</strong></span> <span class='ocrx_word' id='word_1_235' title='bbox 1883 559 2098 623; x_wconf 89' lang='lat' dir='ltr'><strong>tempus</strong></span> <span class='ocrx_word' id='word_1_236' title='bbox 2130 553 2435 625; x_wconf 81' lang='grc' dir='ltr'><strong>ὁλοσχερῶς</strong></span> <span class='ocrx_word' id='word_1_237' title='bbox 2460 555 2841 611; x_wconf 85' lang='lat' dir='ltr'><strong>tantummodo</strong></span> <span class='ocrx_word' id='word_1_238' title='bbox 2883 557 3215 612; x_wconf 87' lang='lat' dir='ltr'><strong>declaratum</strong></span> <span class='ocrx_word' id='word_1_239' title='bbox 3247 558 3364 615; x_wconf 84' lang='lat' dir='ltr'><strong>l&#39;ue-</strong></span> 
     </span>
    </p>
   </div>
   <div class='ocr_carea' id='block_1_34' title="bbox 1797 643 3365 717">
    <p class='ocr_par' dir='ltr' id='par_1_34' title="bbox 1797 643 3365 717">
     <span class='ocr_line' id='line_1_34' title="bbox 1797 643 3365 717; baseline 0.006 -21"><span class='ocrx_word' id='word_1_240' title='bbox 1797 643 1890 704; x_wconf 90' lang='lat' dir='ltr'><strong>rit,</strong></span> <span class='ocrx_word' id='word_1_241' title='bbox 1919 679 1923 684; x_wconf 89' lang='grc'><strong><em>-</em></strong></span> <span class='ocrx_word' id='word_1_242' title='bbox 1958 659 2026 698; x_wconf 83' lang='lat' dir='ltr'><strong>ex</strong></span> <span class='ocrx_word' id='word_1_243' title='bbox 2082 653 2337 698; x_wconf 81' lang='lat' dir='ltr'><strong>contextu</strong></span> <span class='ocrx_word' id='word_1_244' title='bbox 2385 647 2650 702; x_wconf 88' lang='lat' dir='ltr'><strong>orationis</strong></span> <span class='ocrx_word' id='word_1_245' title='bbox 2699 647 2818 717; x_wconf 90' lang='lat' dir='ltr'><strong>ipso</strong></span> <span class='ocrx_word' id='word_1_246' title='bbox 2854 648 3205 704; x_wconf 78' lang='lat' dir='ltr'><strong>divinandum</strong></span> <span class='ocrx_word' id='word_1_247' title='bbox 3237 651 3365 716; x_wconf 83' lang='lat' dir='ltr'><strong>erit.</strong></span> 
     </span>
    </p>
   </div>
   <div class='ocr_carea' id='block_1_35' title="bbox 1795 735 3364 810">
    <p class='ocr_par' dir='ltr' id='par_1_35' title="bbox 1795 735 3364 810">
     <span class='ocr_line' id='line_1_35' title="bbox 1795 735 3364 810; baseline 0.005 -22"><span class='ocrx_word' id='word_1_248' title='bbox 1795 747 1919 788; x_wconf 92' lang='lat' dir='ltr'><strong>cum</strong></span> <span class='ocrx_word' id='word_1_249' title='bbox 1957 749 2021 788; x_wconf 87' lang='lat' dir='ltr'><strong>ea</strong></span> <span class='ocrx_word' id='word_1_250' title='bbox 2060 735 2316 790; x_wconf 88' lang='lat' dir='ltr'><strong>cautione</strong></span> <span class='ocrx_word' id='word_1_251' title='bbox 2358 745 2421 790; x_wconf 93' lang='lat' dir='ltr'><strong>ut</strong></span> <span class='ocrx_word' id='word_1_252' title='bbox 2444 753 2511 792; x_wconf 83' lang='lat' dir='ltr'><strong>ex</strong></span> <span class='ocrx_word' id='word_1_253' title='bbox 2539 737 2755 793; x_wconf 90' lang='lat' dir='ltr'><strong>duobus</strong></span> <span class='ocrx_word' id='word_1_254' title='bbox 2791 740 3112 810; x_wconf 82' lang='lat' dir='ltr'><strong>propinquis</strong></span> <span class='ocrx_word' id='word_1_255' title='bbox 3151 741 3364 796; x_wconf 84' lang='lat' dir='ltr'><strong>ortibus</strong></span> 
     </span>
    </p>
   </div>
   <div class='ocr_carea' id='block_1_36' title="bbox 1793 826 3360 900">
    <p class='ocr_par' dir='ltr' id='par_1_36' title="bbox 1793 826 3360 900">
     <span class='ocr_line' id='line_1_36' title="bbox 1793 826 3360 900; baseline 0.003 -21"><span class='ocrx_word' id='word_1_256' title='bbox 1793 831 1849 879; x_wconf 90' lang='lat' dir='ltr'><strong>et</strong></span> <span class='ocrx_word' id='word_1_257' title='bbox 1877 826 2183 890; x_wconf 85' lang='lat' dir='ltr'><strong>occasibus,</strong></span> <span class='ocrx_word' id='word_1_258' title='bbox 2200 836 2548 897; x_wconf 86' lang='lat' dir='ltr'><strong>apparentem</strong></span> <span class='ocrx_word' id='word_1_259' title='bbox 2574 830 2756 900; x_wconf 87' lang='lat' dir='ltr'><strong>potius</strong></span> <span class='ocrx_word' id='word_1_260' title='bbox 2776 831 2944 900; x_wconf 79' lang='lat' dir='ltr'><strong>eligas</strong></span> <span class='ocrx_word' id='word_1_261' title='bbox 2964 847 3125 900; x_wconf 85' lang='lat' dir='ltr'><strong>quam</strong></span> <span class='ocrx_word' id='word_1_262' title='bbox 3152 849 3360 898; x_wconf 87' lang='lat' dir='ltr'><strong>verum,</strong></span> 
     </span>
    </p>
   </div>
   <div class='ocr_carea' id='block_1_37' title="bbox 1792 913 3363 991">
    <p class='ocr_par' dir='ltr' id='par_1_37' title="bbox 1792 913 3363 991">
     <span class='ocr_line' id='line_1_37' title="bbox 1792 913 3363 991; baseline 0.006 -25"><span class='ocrx_word' id='word_1_263' title='bbox 1792 913 1899 968; x_wconf 84' lang='lat' dir='ltr'><strong>nisi</strong></span> <span class='ocrx_word' id='word_1_264' title='bbox 1950 922 2200 985; x_wconf 90' lang='lat' dir='ltr'><strong>uterque,</strong></span> <span class='ocrx_word' id='word_1_265' title='bbox 2236 917 2381 987; x_wconf 90' lang='lat' dir='ltr'><strong>quod</strong></span> <span class='ocrx_word' id='word_1_266' title='bbox 2433 919 2614 974; x_wconf 86' lang='lat' dir='ltr'><strong>rarius</strong></span> <span class='ocrx_word' id='word_1_267' title='bbox 2661 931 2764 980; x_wconf 89' lang='lat' dir='ltr'><strong>est.</strong></span> <span class='ocrx_word' id='word_1_268' title='bbox 2802 923 2869 974; x_wconf 90' lang='lat' dir='ltr'><strong>ab</strong></span> <span class='ocrx_word' id='word_1_269' title='bbox 2915 922 3182 991; x_wconf 83' lang='lat' dir='ltr'><strong>scriptore</strong></span> <span class='ocrx_word' id='word_1_270' title='bbox 3211 938 3363 977; x_wconf 86' lang='lat' dir='ltr'><strong>com-</strong></span> 
     </span>
    </p>
   </div>
   <div class='ocr_carea' id='block_1_38' title="bbox 1792 1005 3360 1084">
    <p class='ocr_par' dir='ltr' id='par_1_38' title="bbox 1792 1005 3360 1084">
     <span class='ocr_line' id='line_1_38' title="bbox 1792 1005 3360 1084; baseline 0.008 -28"><span class='ocrx_word' id='word_1_271' title='bbox 1792 1005 2120 1074; x_wconf 89' lang='lat' dir='ltr'><strong>prehensum</strong></span> <span class='ocrx_word' id='word_1_272' title='bbox 2151 1006 2351 1073; x_wconf 78' lang='lat' dir='ltr'><strong>fuerit;</strong></span> <span class='ocrx_word' id='word_1_273' title='bbox 2385 1015 2498 1062; x_wconf 90' lang='lat' dir='ltr'><strong>tum</strong></span> <span class='ocrx_word' id='word_1_274' title='bbox 2521 1010 2667 1064; x_wconf 90' lang='lat' dir='ltr'><strong>enim</strong></span> <span class='ocrx_word' id='word_1_275' title='bbox 2705 1020 2886 1065; x_wconf 88' lang='lat' dir='ltr'><strong>utrum</strong></span> <span class='ocrx_word' id='word_1_276' title='bbox 2922 1020 3045 1067; x_wconf 88' lang='lat' dir='ltr'><strong>utro</strong></span> <span class='ocrx_word' id='word_1_277' title='bbox 3075 1015 3226 1084; x_wconf 90' lang='lat' dir='ltr'><strong>prius</strong></span> <span class='ocrx_word' id='word_1_278' title='bbox 3264 1015 3360 1079; x_wconf 90' lang='lat' dir='ltr'><strong>sit,</strong></span> 
     </span>
    </p>
   </div>
   <div class='ocr_carea' id='block_1_39' title="bbox 1792 1097 3362 1173">
    <p class='ocr_par' dir='ltr' id='par_1_39' title="bbox 1792 1097 3362 1173">
     <span class='ocr_line' id='line_1_39' title="bbox 1792 1097 3362 1173; baseline 0.007 -23"><span class='ocrx_word' id='word_1_279' title='bbox 1792 1111 1857 1150; x_wconf 81' lang='lat' dir='ltr'><strong>ex</strong></span> <span class='ocrx_word' id='word_1_280' title='bbox 1898 1097 1965 1152; x_wconf 88' lang='lat' dir='ltr'><strong>iis</strong></span> <span class='ocrx_word' id='word_1_281' title='bbox 2007 1113 2130 1166; x_wconf 75' lang='lat' dir='ltr'><strong>qua:</strong></span> <span class='ocrx_word' id='word_1_282' title='bbox 2177 1099 2342 1169; x_wconf 89' lang='lat' dir='ltr'><strong>paulo</strong></span> <span class='ocrx_word' id='word_1_283' title='bbox 2369 1115 2534 1170; x_wconf 86' lang='lat' dir='ltr'><strong>supra</strong></span> <span class='ocrx_word' id='word_1_284' title='bbox 2571 1103 3032 1173; x_wconf 76' lang='lat' dir='ltr'><strong>praeseripsimus,</strong></span> <span class='ocrx_word' id='word_1_285' title='bbox 3064 1105 3362 1162; x_wconf 84' lang='lat' dir='ltr'><strong>observan-</strong></span> 
     </span>
    </p>
   </div>
   <div class='ocr_carea' id='block_1_40' title="bbox 1790 1185 2078 1242">
    <p class='ocr_par' dir='ltr' id='par_1_40' title="bbox 1790 1185 2078 1242">
     <span class='ocr_line' id='line_1_40' title="bbox 1790 1185 2078 1242; baseline 0.003 -1"><span class='ocrx_word' id='word_1_286' title='bbox 1790 1185 1918 1241; x_wconf 86' lang='lat' dir='ltr'><strong>dum</strong></span> <span class='ocrx_word' id='word_1_287' title='bbox 1954 1188 2078 1242; x_wconf 87' lang='lat' dir='ltr'><strong>erit.</strong></span> 
     </span>
    </p>
   </div>
   <div class='ocr_carea' id='block_1_41' title="bbox 1863 1275 3362 1355">
    <p class='ocr_par' dir='ltr' id='par_1_41' title="bbox 1863 1275 3362 1355">
     <span class='ocr_line' id='line_1_41' title="bbox 1863 1275 3362 1355; baseline 0.006 -24"><span class='ocrx_word' id='word_1_288' title='bbox 1863 1275 1922 1332; x_wconf 93' lang='lat' dir='ltr'><strong>Si</strong></span> <span class='ocrx_word' id='word_1_289' title='bbox 1972 1287 2095 1333; x_wconf 89' lang='lat' dir='ltr'><strong>ortu</strong></span> <span class='ocrx_word' id='word_1_290' title='bbox 2134 1281 2217 1335; x_wconf 90' lang='lat' dir='ltr'><strong>vel</strong></span> <span class='ocrx_word' id='word_1_291' title='bbox 2249 1296 2454 1337; x_wconf 86' lang='lat' dir='ltr'><strong>occasu</strong></span> <span class='ocrx_word' id='word_1_292' title='bbox 2505 1289 2787 1354; x_wconf 89' lang='lat' dir='ltr'><strong>utcunque</strong></span> <span class='ocrx_word' id='word_1_293' title='bbox 2823 1293 3104 1355; x_wconf 85' lang='lat' dir='ltr'><strong>concepto,</strong></span> <span class='ocrx_word' id='word_1_294' title='bbox 3129 1286 3200 1342; x_wconf 84' lang='lat' dir='ltr'><strong>de</strong></span> <span class='ocrx_word' id='word_1_295' title='bbox 3223 1294 3362 1342; x_wconf 85' lang='lat' dir='ltr'><strong>tem-</strong></span> 
     </span>
    </p>
   </div>
   <div class='ocr_carea' id='block_1_42' title="bbox 1787 1371 3362 1440">
    <p class='ocr_par' dir='ltr' id='par_1_42' title="bbox 1787 1371 3362 1440">
     <span class='ocr_line' id='line_1_42' title="bbox 1787 1371 3362 1440; baseline 0.005 -18"><span class='ocrx_word' id='word_1_296' title='bbox 1787 1383 1919 1438; x_wconf 90' lang='lat' dir='ltr'><strong>pore</strong></span> <span class='ocrx_word' id='word_1_297' title='bbox 1975 1371 2290 1440; x_wconf 88' lang='lat' dir='ltr'><strong>conjectura</strong></span> <span class='ocrx_word' id='word_1_298' title='bbox 2334 1371 2577 1428; x_wconf 82' lang='lat' dir='ltr'><strong>facienda</strong></span> <span class='ocrx_word' id='word_1_299' title='bbox 2617 1382 2723 1439; x_wconf 91' lang='lat' dir='ltr'><strong>est,</strong></span> <span class='ocrx_word' id='word_1_300' title='bbox 2761 1391 2829 1429; x_wconf 83' lang='lat' dir='ltr'><strong>ex</strong></span> <span class='ocrx_word' id='word_1_301' title='bbox 2889 1375 3132 1431; x_wconf 83' lang='lat' dir='ltr'><strong>auctoris</strong></span> <span class='ocrx_word' id='word_1_302' title='bbox 3177 1376 3362 1430; x_wconf 82' lang='lat' dir='ltr'><strong>verbis</strong></span> 
     </span>
    </p>
   </div>
   <div class='ocr_carea' id='block_1_43' title="bbox 1791 1459 3358 1533">
    <p class='ocr_par' dir='ltr' id='par_1_43' title="bbox 1791 1459 3358 1533">
     <span class='ocr_line' id='line_1_43' title="bbox 1791 1459 3358 1533; baseline 0.004 -21"><span class='ocrx_word' id='word_1_303' title='bbox 1791 1459 2094 1528; x_wconf 86' lang='lat' dir='ltr'><strong>colligenda</strong></span> <span class='ocrx_word' id='word_1_304' title='bbox 2151 1461 2361 1531; x_wconf 83' lang='lat' dir='ltr'><strong>species</strong></span> <span class='ocrx_word' id='word_1_305' title='bbox 2407 1467 2691 1518; x_wconf 88' lang='lat' dir='ltr'><strong>est.ortus</strong></span> <span class='ocrx_word' id='word_1_306' title='bbox 2738 1463 2912 1533; x_wconf 90' lang='lat' dir='ltr'><strong>ipsius</strong></span> <span class='ocrx_word' id='word_1_307' title='bbox 2959 1471 3052 1517; x_wconf 91' lang='lat' dir='ltr'><strong>aut</strong></span> <span class='ocrx_word' id='word_1_308' title='bbox 3093 1478 3358 1530; x_wconf 84' lang='lat' dir='ltr'><strong>occasus;</strong></span> 
     </span>
    </p>
   </div>
   <div class='ocr_carea' id='block_1_44' title="bbox 1786 1549 3355 1618">
    <p class='ocr_par' dir='ltr' id='par_1_44' title="bbox 1786 1549 3355 1618">
     <span class='ocr_line' id='line_1_44' title="bbox 1786 1549 3355 1618; baseline 0.003 -16"><span class='ocrx_word' id='word_1_309' title='bbox 1786 1555 1973 1617; x_wconf 91' lang='lat' dir='ltr'><strong>postea</strong></span> <span class='ocrx_word' id='word_1_310' title='bbox 1999 1558 2258 1618; x_wconf 90' lang='lat' dir='ltr'><strong>punctum</strong></span> <span class='ocrx_word' id='word_1_311' title='bbox 2290 1549 2498 1605; x_wconf 84' lang='lat' dir='ltr'><strong>zodiaci</strong></span> <span class='ocrx_word' id='word_1_312' title='bbox 2548 1565 2671 1604; x_wconf 83' lang='lat' dir='ltr'><strong>cum</strong></span> <span class='ocrx_word' id='word_1_313' title='bbox 2719 1553 2875 1606; x_wconf 81' lang='lat' dir='ltr'><strong>stella</strong></span> <span class='ocrx_word' id='word_1_314' title='bbox 2902 1553 3106 1617; x_wconf 89' lang='lat' dir='ltr'><strong>oriens,</strong></span> <span class='ocrx_word' id='word_1_315' title='bbox 3145 1553 3230 1606; x_wconf 85' lang='lat' dir='ltr'><strong>vel</strong></span> <span class='ocrx_word' id='word_1_316' title='bbox 3259 1551 3355 1606; x_wconf 91' lang='lat' dir='ltr'><strong>de-</strong></span> 
     </span>
    </p>
   </div>
   <div class='ocr_carea' id='block_1_45' title="bbox 1787 1640 3354 1714">
    <p class='ocr_par' dir='ltr' id='par_1_45' title="bbox 1787 1640 3354 1714">
     <span class='ocr_line' id='line_1_45' title="bbox 1787 1640 3354 1714; baseline 0.001 -19"><span class='ocrx_word' id='word_1_317' title='bbox 1787 1640 2074 1708; x_wconf 86' lang='lat' dir='ltr'><strong>scendens,</strong></span> <span class='ocrx_word' id='word_1_318' title='bbox 2109 1642 2166 1696; x_wconf 89' lang='lat' dir='ltr'><strong>in</strong></span> <span class='ocrx_word' id='word_1_319' title='bbox 2192 1641 2518 1698; x_wconf 82' lang='lat' dir='ltr'><strong>Kalendario</strong></span> <span class='ocrx_word' id='word_1_320' title='bbox 2549 1644 2962 1714; x_wconf 89' lang='lat' dir='ltr'><strong>requirendum;</strong></span> <span class='ocrx_word' id='word_1_321' title='bbox 2994 1645 3210 1699; x_wconf 85' lang='lat' dir='ltr'><strong>domum</strong></span> <span class='ocrx_word' id='word_1_322' title='bbox 3237 1643 3354 1698; x_wconf 86' lang='lat' dir='ltr'><strong>veri</strong></span> 
     </span>
    </p>
   </div>
   <div class='ocr_carea' id='block_1_46' title="bbox 1787 1734 3352 1806">
    <p class='ocr_par' dir='ltr' id='par_1_46' title="bbox 1787 1734 3352 1806">
     <span class='ocr_line' id='line_1_46' title="bbox 1787 1734 3352 1806; baseline 0.001 -20"><span class='ocrx_word' id='word_1_323' title='bbox 1787 1746 1858 1786; x_wconf 88' lang='lat' dir='ltr'><strong>an</strong></span> <span class='ocrx_word' id='word_1_324' title='bbox 1893 1734 2204 1803; x_wconf 89' lang='lat' dir='ltr'><strong>apparentis</strong></span> <span class='ocrx_word' id='word_1_325' title='bbox 2237 1741 2452 1806; x_wconf 89' lang='lat' dir='ltr'><strong>tempus</strong></span> <span class='ocrx_word' id='word_1_326' title='bbox 2484 1736 2576 1799; x_wconf 87' lang='lat' dir='ltr'><strong>sit.</strong></span> <span class='ocrx_word' id='word_1_327' title='bbox 2611 1736 2823 1801; x_wconf 86' lang='lat' dir='ltr'><strong>itidem,</strong></span> <span class='ocrx_word' id='word_1_328' title='bbox 2868 1745 2928 1789; x_wconf 90' lang='lat' dir='ltr'><strong>ut</strong></span> <span class='ocrx_word' id='word_1_329' title='bbox 2975 1750 3162 1806; x_wconf 87' lang='lat' dir='ltr'><strong>supra,</strong></span> <span class='ocrx_word' id='word_1_330' title='bbox 3215 1736 3352 1790; x_wconf 91' lang='lat' dir='ltr'><strong>deli-</strong></span> 
     </span>
    </p>
   </div>
   <div class='ocr_carea' id='block_1_47' title="bbox 1783 1825 2110 1880">
    <p class='ocr_par' dir='ltr' id='par_1_47' title="bbox 1783 1825 2110 1880">
     <span class='ocr_line' id='line_1_47' title="bbox 1783 1825 2110 1880; baseline 0 0"><span class='ocrx_word' id='word_1_331' title='bbox 1783 1825 1986 1880; x_wconf 88' lang='lat' dir='ltr'><strong>berand</strong></span> <span class='ocrx_word' id='word_1_332' title='bbox 1997 1841 2086 1880; x_wconf 88' lang='lat' dir='ltr'><strong>um</strong></span> <span class='ocrx_word' id='word_1_333' title='bbox 2097 1867 2110 1880; x_wconf 97' lang='lat'><strong>.</strong></span> 
     </span>
    </p>
   </div>
   <div class='ocr_carea' id='block_1_48' title="bbox 1855 1911 3360 1984">
    <p class='ocr_par' dir='ltr' id='par_1_48' title="bbox 1855 1911 3360 1984">
     <span class='ocr_line' id='line_1_48' title="bbox 1855 1911 3360 1984; baseline 0 -18"><span class='ocrx_word' id='word_1_334' title='bbox 1855 1913 1916 1969; x_wconf 88' lang='lat' dir='ltr'><strong>In</strong></span> <span class='ocrx_word' id='word_1_335' title='bbox 1950 1913 2038 1974; x_wconf 86' lang='lat' dir='ltr'><strong>bis</strong></span> <span class='ocrx_word' id='word_1_336' title='bbox 2083 1913 2258 1970; x_wconf 90' lang='lat' dir='ltr'><strong>stellis</strong></span> <span class='ocrx_word' id='word_1_337' title='bbox 2287 1927 2426 1984; x_wconf 88' lang='lat' dir='ltr'><strong>quas</strong></span> <span class='ocrx_word' id='word_1_338' title='bbox 2450 1912 2773 1968; x_wconf 88' lang='lat' dir='ltr'><strong>laterculum</strong></span> <span class='ocrx_word' id='word_1_339' title='bbox 2803 1921 3049 1968; x_wconf 88' lang='lat' dir='ltr'><strong>nostrum</strong></span> <span class='ocrx_word' id='word_1_340' title='bbox 3079 1911 3360 1982; x_wconf 79' lang='lat' dir='ltr'><strong>superiore</strong></span> 
     </span>
    </p>
   </div>
   <div class='ocr_carea' id='block_1_49' title="bbox 1784 2003 3360 2075">
    <p class='ocr_par' dir='ltr' id='par_1_49' title="bbox 1784 2003 3360 2075">
     <span class='ocr_line' id='line_1_49' title="bbox 1784 2003 3360 2075; baseline 0 -17"><span class='ocrx_word' id='word_1_341' title='bbox 1784 2004 1945 2068; x_wconf 80' lang='lat' dir='ltr'><strong>libro,</strong></span> <span class='ocrx_word' id='word_1_342' title='bbox 1979 2007 2160 2075; x_wconf 90' lang='lat' dir='ltr'><strong>capite</strong></span> <span class='ocrx_word' id='word_1_343' title='bbox 2187 2016 2378 2060; x_wconf 91' lang='lat' dir='ltr'><strong>octavo</strong></span> <span class='ocrx_word' id='word_1_344' title='bbox 2427 2005 2696 2068; x_wconf 90' lang='lat' dir='ltr'><strong>continet,</strong></span> <span class='ocrx_word' id='word_1_345' title='bbox 2729 2005 2969 2060; x_wconf 86' lang='lat' dir='ltr'><strong>laborem</strong></span> <span class='ocrx_word' id='word_1_346' title='bbox 3001 2005 3143 2059; x_wconf 91' lang='lat' dir='ltr'><strong>hunc</strong></span> <span class='ocrx_word' id='word_1_347' title='bbox 3177 2003 3360 2060; x_wconf 85' lang='lat' dir='ltr'><strong>suble-</strong></span> 
     </span>
    </p>
   </div>
   <div class='ocr_carea' id='block_1_50' title="bbox 1784 2095 3359 2168">
    <p class='ocr_par' dir='ltr' id='par_1_50' title="bbox 1784 2095 3359 2168">
     <span class='ocr_line' id='line_1_50' title="bbox 1784 2095 3359 2168; baseline -0.003 -18"><span class='ocrx_word' id='word_1_348' title='bbox 1784 2104 1915 2150; x_wconf 90' lang='lat' dir='ltr'><strong>vant</strong></span> <span class='ocrx_word' id='word_1_349' title='bbox 1949 2111 2210 2166; x_wconf 74' lang='lat' dir='ltr'><strong>expressa</strong></span> <span class='ocrx_word' id='word_1_350' title='bbox 2241 2106 2458 2150; x_wconf 90' lang='lat' dir='ltr'><strong>ortuum</strong></span> <span class='ocrx_word' id='word_1_351' title='bbox 2489 2095 2731 2149; x_wconf 89' lang='lat' dir='ltr'><strong>omnium</strong></span> <span class='ocrx_word' id='word_1_352' title='bbox 2791 2109 3196 2168; x_wconf 86' lang='lat' dir='ltr'><strong>occasuumque</strong></span> <span class='ocrx_word' id='word_1_353' title='bbox 3242 2107 3359 2146; x_wconf 88' lang='lat' dir='ltr'><strong>mo-</strong></span> 
     </span>
    </p>
   </div>
   <div class='ocr_carea' id='block_1_51' title="bbox 1785 2183 3362 2257">
    <p class='ocr_par' dir='ltr' id='par_1_51' title="bbox 1785 2183 3362 2257">
     <span class='ocr_line' id='line_1_51' title="bbox 1785 2183 3362 2257; baseline -0.003 -17"><span class='ocrx_word' id='word_1_354' title='bbox 1785 2185 2216 2246; x_wconf 79' lang='lat' dir='ltr'><strong>menla.Yerum</strong></span> <span class='ocrx_word' id='word_1_355' title='bbox 2269 2187 2562 2257; x_wconf 88' lang='lat' dir='ltr'><strong>quoniam,</strong></span> <span class='ocrx_word' id='word_1_356' title='bbox 2601 2195 2661 2239; x_wconf 93' lang='lat' dir='ltr'><strong>ut</strong></span> <span class='ocrx_word' id='word_1_357' title='bbox 2715 2187 2962 2256; x_wconf 79' lang='lat' dir='ltr'><strong>proxime</strong></span> <span class='ocrx_word' id='word_1_358' title='bbox 3012 2183 3362 2246; x_wconf 78' lang='lat' dir='ltr'><strong>antecedente</strong></span> 
     </span>
    </p>
   </div>
   <div class='ocr_carea' id='block_1_52' title="bbox 1785 2276 3362 2347">
    <p class='ocr_par' dir='ltr' id='par_1_52' title="bbox 1785 2276 3362 2347">
     <span class='ocr_line' id='line_1_52' title="bbox 1785 2276 3362 2347; baseline -0.001 -15"><span class='ocrx_word' id='word_1_359' title='bbox 1785 2277 1965 2347; x_wconf 91' lang='lat' dir='ltr'><strong>capite</strong></span> <span class='ocrx_word' id='word_1_360' title='bbox 2027 2276 2233 2330; x_wconf 91' lang='lat' dir='ltr'><strong>dictum</strong></span> <span class='ocrx_word' id='word_1_361' title='bbox 2304 2285 2410 2340; x_wconf 91' lang='lat' dir='ltr'><strong>est,</strong></span> <span class='ocrx_word' id='word_1_362' title='bbox 2467 2277 2706 2331; x_wconf 90' lang='lat' dir='ltr'><strong>nondum</strong></span> <span class='ocrx_word' id='word_1_363' title='bbox 2765 2277 2974 2346; x_wconf 90' lang='lat' dir='ltr'><strong>liquido</strong></span> <span class='ocrx_word' id='word_1_364' title='bbox 3037 2283 3362 2346; x_wconf 87' lang='lat' dir='ltr'><strong>apparentes</strong></span> 
     </span>
    </p>
   </div>
   <div class='ocr_carea' id='block_1_53' title="bbox 1785 2367 3360 2438">
    <p class='ocr_par' dir='ltr' id='par_1_53' title="bbox 1785 2367 3360 2438">
     <span class='ocr_line' id='line_1_53' title="bbox 1785 2367 3360 2438; baseline -0.001 -16"><span class='ocrx_word' id='word_1_365' title='bbox 1785 2378 1939 2435; x_wconf 75' lang='lat' dir='ltr'><strong>ortus</strong></span> <span class='ocrx_word' id='word_1_366' title='bbox 1969 2375 2023 2424; x_wconf 90' lang='lat' dir='ltr'><strong>et</strong></span> <span class='ocrx_word' id='word_1_367' title='bbox 2052 2383 2284 2424; x_wconf 91' lang='lat' dir='ltr'><strong>occasus</strong></span> <span class='ocrx_word' id='word_1_368' title='bbox 2339 2371 2728 2433; x_wconf 83' lang='lat' dir='ltr'><strong>astronomico,</strong></span> <span class='ocrx_word' id='word_1_369' title='bbox 2761 2383 2922 2438; x_wconf 88' lang='lat' dir='ltr'><strong>quem</strong></span> <span class='ocrx_word' id='word_1_370' title='bbox 2956 2367 3028 2420; x_wconf 92' lang='lat' dir='ltr'><strong>ibi</strong></span> <span class='ocrx_word' id='word_1_371' title='bbox 3071 2368 3360 2438; x_wconf 74' lang='lat' dir='ltr'><strong>persequi~</strong></span> 
     </span>
    </p>
   </div>
   <div class='ocr_carea' id='block_1_54' title="bbox 1785 2459 3362 2530">
    <p class='ocr_par' dir='ltr' id='par_1_54' title="bbox 1785 2459 3362 2530">
     <span class='ocr_line' id='line_1_54' title="bbox 1785 2459 3362 2530; baseline -0.001 -16"><span class='ocrx_word' id='word_1_372' title='bbox 1785 2475 1930 2522; x_wconf 85' lang='lat' dir='ltr'><strong>mur,</strong></span> <span class='ocrx_word' id='word_1_373' title='bbox 1962 2460 2198 2530; x_wconf 28' lang='lat' dir='ltr'><strong>calculo;</strong></span> <span class='ocrx_word' id='word_1_374' title='bbox 2220 2459 2616 2525; x_wconf 84' lang='lat' dir='ltr'><strong>conﬁciuntur,</strong></span> <span class='ocrx_word' id='word_1_375' title='bbox 2649 2460 2857 2514; x_wconf 90' lang='lat' dir='ltr'><strong>idcirco</strong></span> <span class='ocrx_word' id='word_1_376' title='bbox 2887 2459 2979 2529; x_wconf 90' lang='lat' dir='ltr'><strong>qui</strong></span> <span class='ocrx_word' id='word_1_377' title='bbox 3022 2459 3089 2512; x_wconf 89' lang='lat' dir='ltr'><strong>ab</strong></span> <span class='ocrx_word' id='word_1_378' title='bbox 3128 2459 3362 2514; x_wconf 85' lang='lat' dir='ltr'><strong>auctori-</strong></span> 
     </span>
    </p>
   </div>
   <div class='ocr_carea' id='block_1_55' title="bbox 1787 2549 3361 2622">
    <p class='ocr_par' dir='ltr' id='par_1_55' title="bbox 1787 2549 3361 2622">
     <span class='ocr_line' id='line_1_55' title="bbox 1787 2549 3361 2622; baseline -0.004 -14"><span class='ocrx_word' id='word_1_379' title='bbox 1787 2555 1891 2616; x_wconf 90' lang='lat' dir='ltr'><strong>bus</strong></span> <span class='ocrx_word' id='word_1_380' title='bbox 1939 2553 2256 2608; x_wconf 88' lang='lat' dir='ltr'><strong>indicantur</strong></span> <span class='ocrx_word' id='word_1_381' title='bbox 2305 2560 2460 2610; x_wconf 87' lang='lat' dir='ltr'><strong>ortus</strong></span> <span class='ocrx_word' id='word_1_382' title='bbox 2482 2561 2535 2609; x_wconf 92' lang='lat' dir='ltr'><strong>et</strong></span> <span class='ocrx_word' id='word_1_383' title='bbox 2567 2568 2822 2615; x_wconf 90' lang='lat' dir='ltr'><strong>occasus,</strong></span> <span class='ocrx_word' id='word_1_384' title='bbox 2858 2557 3020 2622; x_wconf 89' lang='lat' dir='ltr'><strong>prout</strong></span> <span class='ocrx_word' id='word_1_385' title='bbox 3049 2549 3246 2619; x_wconf 82' lang='lat' dir='ltr'><strong>exiguo</strong></span> <span class='ocrx_word' id='word_1_386' title='bbox 3277 2550 3361 2602; x_wconf 87' lang='lat' dir='ltr'><strong>iu-</strong></span> 
     </span>
    </p>
   </div>
   <div class='ocr_carea' id='block_1_56' title="bbox 1789 2643 3362 2714">
    <p class='ocr_par' dir='ltr' id='par_1_56' title="bbox 1789 2643 3362 2714">
     <span class='ocr_line' id='line_1_56' title="bbox 1789 2643 3362 2714; baseline -0.003 -16"><span class='ocrx_word' id='word_1_387' title='bbox 1789 2644 2017 2701; x_wconf 89' lang='lat' dir='ltr'><strong>tervallo</strong></span> <span class='ocrx_word' id='word_1_388' title='bbox 2059 2644 2144 2698; x_wconf 89' lang='lat' dir='ltr'><strong>sui</strong></span> <span class='ocrx_word' id='word_1_389' title='bbox 2194 2659 2466 2714; x_wconf 77' lang='lat' dir='ltr'><strong>quemque</strong></span> <span class='ocrx_word' id='word_1_390' title='bbox 2511 2643 2729 2714; x_wconf 80' lang='lat' dir='ltr'><strong>generis</strong></span> <span class='ocrx_word' id='word_1_391' title='bbox 2775 2651 2953 2697; x_wconf 91' lang='lat' dir='ltr'><strong>ortum</strong></span> <span class='ocrx_word' id='word_1_392' title='bbox 2995 2655 3362 2708; x_wconf 85' lang='lat' dir='ltr'><strong>occasumquo</strong></span> 
     </span>
    </p>
   </div>
   <div class='ocr_carea' id='block_1_57' title="bbox 1788 2733 3362 2803">
    <p class='ocr_par' dir='ltr' id='par_1_57' title="bbox 1788 2733 3362 2803">
     <span class='ocr_line' id='line_1_57' title="bbox 1788 2733 3362 2803; baseline -0.003 -13"><span class='ocrx_word' id='word_1_393' title='bbox 1788 2743 2034 2800; x_wconf 77' lang='lat' dir='ltr'><strong>natatum</strong></span> <span class='ocrx_word' id='word_1_394' title='bbox 2079 2735 2134 2788; x_wconf 90' lang='lat' dir='ltr'><strong>in</strong></span> <span class='ocrx_word' id='word_1_395' title='bbox 2163 2735 2351 2789; x_wconf 87' lang='lat' dir='ltr'><strong>tabula</strong></span> <span class='ocrx_word' id='word_1_396' title='bbox 2394 2741 2763 2800; x_wconf 82' lang='lat' dir='ltr'><strong>antevertunt,</strong></span> <span class='ocrx_word' id='word_1_397' title='bbox 2793 2739 2887 2788; x_wconf 84' lang='lat' dir='ltr'><strong>aut</strong></span> <span class='ocrx_word' id='word_1_398' title='bbox 2929 2738 3252 2803; x_wconf 87' lang='lat' dir='ltr'><strong>sequuntur,</strong></span> <span class='ocrx_word' id='word_1_399' title='bbox 3285 2733 3362 2786; x_wconf 81' lang='lat' dir='ltr'><strong>ita</strong></span> 
     </span>
    </p>
   </div>
   <div class='ocr_carea' id='block_1_58' title="bbox 1787 2825 2586 2904">
    <p class='ocr_par' dir='ltr' id='par_1_58' title="bbox 1787 2825 2586 2904">
     <span class='ocr_line' id='line_1_58' title="bbox 1787 2825 2586 2904; baseline -0.005 -24"><span class='ocrx_word' id='word_1_400' title='bbox 1787 2827 1962 2881; x_wconf 90' lang='lat' dir='ltr'><strong>eidem</strong></span> <span class='ocrx_word' id='word_1_401' title='bbox 2009 2825 2317 2879; x_wconf 89' lang='lat' dir='ltr'><strong>ascribendi</strong></span> <span class='ocrx_word' id='word_1_402' title='bbox 2365 2831 2512 2879; x_wconf 91' lang='lat' dir='ltr'><strong>sunt.</strong></span> <span class='ocrx_word' id='word_1_403' title='bbox 2567 2891 2586 2904; x_wconf 39' lang='grc'><strong>⁸</strong></span> 
     </span>
    </p>
   </div>
   <div class='ocr_carea' id='block_1_59' title="bbox 1861 2913 3364 2986">
    <p class='ocr_par' dir='ltr' id='par_1_59' title="bbox 1861 2913 3364 2986">
     <span class='ocr_line' id='line_1_59' title="bbox 1861 2913 3364 2986; baseline -0.003 -16"><span class='ocrx_word' id='word_1_404' title='bbox 1861 2915 2130 2982; x_wconf 86' lang='lat' dir='ltr'><strong>Quoniam</strong></span> <span class='ocrx_word' id='word_1_405' title='bbox 2161 2931 2290 2972; x_wconf 90' lang='lat' dir='ltr'><strong>vero</strong></span> <span class='ocrx_word' id='word_1_406' title='bbox 2317 2915 2552 2971; x_wconf 89' lang='lat' dir='ltr'><strong>diversis</strong></span> <span class='ocrx_word' id='word_1_407' title='bbox 2571 2930 2601 2970; x_wconf 93' lang='lat' dir='ltr'><strong>e</strong></span> <span class='ocrx_word' id='word_1_408' title='bbox 2629 2914 3126 2986; x_wconf 88' lang='lat' dir='ltr'><strong>parapegmatibus,</strong></span> <span class='ocrx_word' id='word_1_409' title='bbox 3150 2913 3252 2966; x_wconf 93' lang='lat' dir='ltr'><strong>hoc</strong></span> <span class='ocrx_word' id='word_1_410' title='bbox 3278 2919 3364 2967; x_wconf 88' lang='lat' dir='ltr'><strong>est</strong></span> 
     </span>
    </p>
   </div>
   <div class='ocr_carea' id='block_1_60' title="bbox 1790 3005 3362 3078">
    <p class='ocr_par' dir='ltr' id='par_1_60' title="bbox 1790 3005 3362 3078">
     <span class='ocr_line' id='line_1_60' title="bbox 1790 3005 3362 3078; baseline -0.007 -11"><span class='ocrx_word' id='word_1_411' title='bbox 1790 3008 2014 3074; x_wconf 85' lang='lat' dir='ltr'><strong>Italicis,</strong></span> <span class='ocrx_word' id='word_1_412' title='bbox 2069 3006 2273 3064; x_wconf 67' lang='lat' dir='ltr'><strong>Crtecis</strong></span> <span class='ocrx_word' id='word_1_413' title='bbox 2321 3017 2375 3063; x_wconf 90' lang='lat' dir='ltr'><strong>et</strong></span> <span class='ocrx_word' id='word_1_414' title='bbox 2417 3006 2778 3078; x_wconf 64' lang='lat' dir='ltr'><strong>Egyptiacis,</strong></span> <span class='ocrx_word' id='word_1_415' title='bbox 2809 3014 2903 3060; x_wconf 89' lang='lat' dir='ltr'><strong>aut</strong></span> <span class='ocrx_word' id='word_1_416' title='bbox 2951 3005 3362 3074; x_wconf 86' lang='lat' dir='ltr'><strong>interjectarum</strong></span> 
     </span>
    </p>
   </div>
   <div class='ocr_carea' id='block_1_61' title="bbox 131 3093 3364 3194">
    <p class='ocr_par' dir='ltr' id='par_1_61' title="bbox 131 3093 3364 3194">
     <span class='ocr_line' id='line_1_61' title="bbox 131 3093 3364 3194; baseline -0 -45"><span class='ocrx_word' id='word_1_417' title='bbox 131 3095 369 3153; x_wconf 77' lang='lat' dir='ltr'><strong>ollerunt.</strong></span> <span class='ocrx_word' id='word_1_418' title='bbox 406 3096 600 3167; x_wconf 89' lang='lat' dir='ltr'><strong>Itaque</strong></span> <span class='ocrx_word' id='word_1_419' title='bbox 624 3114 726 3152; x_wconf 92' lang='lat' dir='ltr'><strong>usu</strong></span> <span class='ocrx_word' id='word_1_420' title='bbox 762 3113 825 3152; x_wconf 89' lang='lat' dir='ltr'><strong>ac</strong></span> <span class='ocrx_word' id='word_1_421' title='bbox 849 3098 1058 3166; x_wconf 88' lang='lat' dir='ltr'><strong>judicio</strong></span> <span class='ocrx_word' id='word_1_422' title='bbox 1086 3099 1406 3169; x_wconf 89' lang='lat' dir='ltr'><strong>cumprimis</strong></span> <span class='ocrx_word' id='word_1_423' title='bbox 1439 3116 1578 3171; x_wconf 76' lang='lat' dir='ltr'><strong>opus</strong></span> <span class='ocrx_word' id='word_1_424' title='bbox 1605 3110 1690 3158; x_wconf 94' lang='lat' dir='ltr'><strong>est</strong></span> <span class='ocrx_word' id='word_1_425' title='bbox 1714 3133 1759 3194; x_wconf 67' lang='grc' dir='ltr'><em>α</em></span> <span class='ocrx_word' id='word_1_426' title='bbox 1790 3097 2092 3170; x_wconf 81' lang='lat' dir='ltr'><strong>regionum,</strong></span> <span class='ocrx_word' id='word_1_427' title='bbox 2143 3099 2264 3154; x_wconf 90' lang='lat' dir='ltr'><strong>sine</strong></span> <span class='ocrx_word' id='word_1_428' title='bbox 2309 3098 2422 3152; x_wconf 89' lang='lat' dir='ltr'><strong>ullo</strong></span> <span class='ocrx_word' id='word_1_429' title='bbox 2462 3095 2736 3152; x_wconf 89' lang='lat' dir='ltr'><strong>interdum</strong></span> <span class='ocrx_word' id='word_1_430' title='bbox 2771 3095 3112 3160; x_wconf 87' lang='lat' dir='ltr'><strong>discrimine,</strong></span> <span class='ocrx_word' id='word_1_431' title='bbox 3147 3110 3266 3165; x_wconf 68' lang='lat' dir='ltr'><strong>quae</strong></span> <span class='ocrx_word' id='word_1_432' title='bbox 3295 3093 3364 3148; x_wconf 89' lang='lat' dir='ltr'><strong>de</strong></span> 
     </span>
    </p>
   </div>
   <div class='ocr_carea' id='block_1_62' title="bbox 131 3187 1688 3263">
    <p class='ocr_par' dir='ltr' id='par_1_62' title="bbox 131 3187 1688 3263">
     <span class='ocr_line' id='line_1_62' title="bbox 131 3187 1688 3263; baseline 0.006 -24"><span class='ocrx_word' id='word_1_433' title='bbox 131 3187 192 3242; x_wconf 90' lang='lat' dir='ltr'><strong>ad</strong></span> <span class='ocrx_word' id='word_1_434' title='bbox 225 3202 285 3243; x_wconf 88' lang='lat' dir='ltr'><strong>ea</strong></span> <span class='ocrx_word' id='word_1_435' title='bbox 318 3188 781 3254; x_wconf 88' lang='lat' dir='ltr'><strong>discernenda,in</strong></span> <span class='ocrx_word' id='word_1_436' title='bbox 815 3189 1014 3260; x_wconf 89' lang='lat' dir='ltr'><strong>quibus</strong></span> <span class='ocrx_word' id='word_1_437' title='bbox 1052 3191 1131 3244; x_wconf 91' lang='lat' dir='ltr'><strong>vel</strong></span> <span class='ocrx_word' id='word_1_438' title='bbox 1162 3191 1331 3253; x_wconf 89' lang='lat' dir='ltr'><strong>nulla,</strong></span> <span class='ocrx_word' id='word_1_439' title='bbox 1367 3191 1451 3246; x_wconf 92' lang='lat' dir='ltr'><strong>vel</strong></span> <span class='ocrx_word' id='word_1_440' title='bbox 1492 3192 1688 3263; x_wconf 82' lang='lat' dir='ltr'><strong>exigua</strong></span> 
     </span>
    </p>
   </div>
   <div class='ocr_carea' id='block_1_63' title="bbox 130 3276 1690 3354">
    <p class='ocr_par' dir='ltr' id='par_1_63' title="bbox 130 3276 1690 3354">
     <span class='ocr_line' id='line_1_63' title="bbox 130 3276 1690 3354; baseline 0.004 -26"><span class='ocrx_word' id='word_1_441' title='bbox 130 3276 190 3330; x_wconf 88' lang='lat' dir='ltr'><strong>ad</strong></span> <span class='ocrx_word' id='word_1_442' title='bbox 213 3276 681 3347; x_wconf 76' lang='lat' dir='ltr'><strong>pronuntiandum</strong></span> <span class='ocrx_word' id='word_1_443' title='bbox 735 3278 952 3347; x_wconf 78' lang='grc' dir='ltr'><strong>φάσεων</strong></span> <span class='ocrx_word' id='word_1_444' title='bbox 986 3295 1158 3349; x_wconf 85' lang='lat' dir='ltr'><strong>genus</strong></span> <span class='ocrx_word' id='word_1_445' title='bbox 1205 3293 1523 3351; x_wconf 82' lang='lat' dir='ltr'><strong>argumenta</strong></span> <span class='ocrx_word' id='word_1_446' title='bbox 1559 3297 1690 3354; x_wconf 78' lang='lat' dir='ltr'><strong>sup-</strong></span> 
     </span>
    </p>
   </div>
   <div class='ocr_carea' id='block_1_64' title="bbox 129 3369 1686 3441">
    <p class='ocr_par' dir='ltr' id='par_1_64' title="bbox 129 3369 1686 3441">
     <span class='ocr_line' id='line_1_64' title="bbox 129 3369 1686 3441; baseline 0.003 -17"><span class='ocrx_word' id='word_1_447' title='bbox 129 3377 328 3439; x_wconf 84' lang='lat' dir='ltr'><strong>petunt.</strong></span> <span class='ocrx_word' id='word_1_448' title='bbox 370 3369 603 3426; x_wconf 86' lang='lat' dir='ltr'><strong>Accedit</strong></span> <span class='ocrx_word' id='word_1_449' title='bbox 651 3371 894 3425; x_wconf 91' lang='lat' dir='ltr'><strong>locorum</strong></span> <span class='ocrx_word' id='word_1_450' title='bbox 943 3371 1334 3441; x_wconf 89' lang='lat' dir='ltr'><strong>regionumque</strong></span> <span class='ocrx_word' id='word_1_451' title='bbox 1380 3373 1686 3440; x_wconf 81' lang='lat' dir='ltr'><strong>diversitas,</strong></span> 
     </span>
    </p>
   </div>
   <div class='ocr_carea' id='block_1_65' title="bbox 131 3461 1689 3534">
    <p class='ocr_par' dir='ltr' id='par_1_65' title="bbox 131 3461 1689 3534">
     <span class='ocr_line' id='line_1_65' title="bbox 131 3461 1689 3534; baseline 0.003 -19"><span class='ocrx_word' id='word_1_452' title='bbox 131 3461 182 3516; x_wconf 92' lang='lat' dir='ltr'><strong>in</strong></span> <span class='ocrx_word' id='word_1_453' title='bbox 211 3463 411 3532; x_wconf 89' lang='lat' dir='ltr'><strong>quibus</strong></span> <span class='ocrx_word' id='word_1_454' title='bbox 462 3471 618 3518; x_wconf 86' lang='lat' dir='ltr'><strong>ortus</strong></span> <span class='ocrx_word' id='word_1_455' title='bbox 663 3471 718 3517; x_wconf 91' lang='lat' dir='ltr'><strong>et</strong></span> <span class='ocrx_word' id='word_1_456' title='bbox 747 3477 978 3518; x_wconf 89' lang='lat' dir='ltr'><strong>occasus</strong></span> <span class='ocrx_word' id='word_1_457' title='bbox 1017 3463 1096 3517; x_wconf 89' lang='lat' dir='ltr'><strong>illi</strong></span> <span class='ocrx_word' id='word_1_458' title='bbox 1133 3464 1366 3532; x_wconf 90' lang='lat' dir='ltr'><strong>liebant;</strong></span> <span class='ocrx_word' id='word_1_459' title='bbox 1403 3465 1558 3534; x_wconf 91' lang='lat' dir='ltr'><strong>cujus</strong></span> <span class='ocrx_word' id='word_1_460' title='bbox 1591 3482 1689 3520; x_wconf 88' lang='lat' dir='ltr'><strong>va-</strong></span> 
     </span>
    </p>
   </div>
   <div class='ocr_carea' id='block_1_66' title="bbox 129 3552 1691 3628">
    <p class='ocr_par' dir='ltr' id='par_1_66' title="bbox 129 3552 1691 3628">
     <span class='ocr_line' id='line_1_66' title="bbox 129 3552 1691 3628; baseline 0.005 -24"><span class='ocrx_word' id='word_1_461' title='bbox 129 3552 330 3608; x_wconf 91' lang='lat' dir='ltr'><strong>rietatis</strong></span> <span class='ocrx_word' id='word_1_462' title='bbox 353 3559 612 3608; x_wconf 89' lang='lat' dir='ltr'><strong>auctores</strong></span> <span class='ocrx_word' id='word_1_463' title='bbox 634 3567 776 3622; x_wconf 67' lang='lat' dir='ltr'><strong>saepe</strong></span> <span class='ocrx_word' id='word_1_464' title='bbox 803 3553 1014 3608; x_wconf 90' lang='lat' dir='ltr'><strong>ratione</strong></span> <span class='ocrx_word' id='word_1_465' title='bbox 1031 3553 1214 3608; x_wconf 82' lang='lat' dir='ltr'><strong>habita</strong></span> <span class='ocrx_word' id='word_1_466' title='bbox 1240 3555 1414 3620; x_wconf 92' lang='lat' dir='ltr'><strong>nulla,</strong></span> <span class='ocrx_word' id='word_1_467' title='bbox 1433 3571 1554 3628; x_wconf 63' lang='lat' dir='ltr'><strong>quae</strong></span> <span class='ocrx_word' id='word_1_468' title='bbox 1569 3555 1691 3612; x_wconf 88' lang='lat' dir='ltr'><strong>aliis</strong></span> 
     </span>
    </p>
   </div>
   <div class='ocr_carea' id='block_1_67' title="bbox 131 3644 1691 3716">
    <p class='ocr_par' dir='ltr' id='par_1_67' title="bbox 131 3644 1691 3716">
     <span class='ocr_line' id='line_1_67' title="bbox 131 3644 1691 3716; baseline 0.004 -21"><span class='ocrx_word' id='word_1_469' title='bbox 131 3651 282 3714; x_wconf 89' lang='lat' dir='ltr'><strong>atque</strong></span> <span class='ocrx_word' id='word_1_470' title='bbox 309 3646 438 3700; x_wconf 91' lang='lat' dir='ltr'><strong>aliis</strong></span> <span class='ocrx_word' id='word_1_471' title='bbox 471 3644 757 3699; x_wconf 89' lang='lat' dir='ltr'><strong>observata</strong></span> <span class='ocrx_word' id='word_1_472' title='bbox 790 3653 918 3700; x_wconf 90' lang='lat' dir='ltr'><strong>sunt</strong></span> <span class='ocrx_word' id='word_1_473' title='bbox 946 3645 1081 3700; x_wconf 92' lang='lat' dir='ltr'><strong>locis</strong></span> <span class='ocrx_word' id='word_1_474' title='bbox 1123 3659 1188 3700; x_wconf 89' lang='lat' dir='ltr'><strong>ac</strong></span> <span class='ocrx_word' id='word_1_475' title='bbox 1229 3648 1562 3716; x_wconf 89' lang='lat' dir='ltr'><strong>temporibus</strong></span> <span class='ocrx_word' id='word_1_476' title='bbox 1591 3662 1691 3702; x_wconf 90' lang='lat' dir='ltr'><strong>nec</strong></span> 
     </span>
    </p>
   </div>
   <div class='ocr_carea' id='block_1_68' title="bbox 132 3736 1694 3809">
    <p class='ocr_par' dir='ltr' id='par_1_68' title="bbox 132 3736 1694 3809">
     <span class='ocr_line' id='line_1_68' title="bbox 132 3736 1694 3809; baseline 0.003 -19"><span class='ocrx_word' id='word_1_477' title='bbox 132 3737 312 3793; x_wconf 90' lang='lat' dir='ltr'><strong>iisdem</strong></span> <span class='ocrx_word' id='word_1_478' title='bbox 341 3754 409 3793; x_wconf 84' lang='lat' dir='ltr'><strong>ex</strong></span> <span class='ocrx_word' id='word_1_479' title='bbox 443 3737 918 3807; x_wconf 85' lang='lat' dir='ltr'><strong>parapegmatibus</strong></span> <span class='ocrx_word' id='word_1_480' title='bbox 943 3736 1215 3803; x_wconf 82' lang='lat' dir='ltr'><strong>conlecta,</strong></span> <span class='ocrx_word' id='word_1_481' title='bbox 1253 3740 1587 3809; x_wconf 86' lang='lat' dir='ltr'><strong>permiscent</strong></span> <span class='ocrx_word' id='word_1_482' title='bbox 1610 3739 1694 3795; x_wconf 84' lang='lat' dir='ltr'><strong>in.-</strong></span> 
     </span>
    </p>
   </div>
   <div class='ocr_carea' id='block_1_69' title="bbox 131 3830 1693 3901">
    <p class='ocr_par' dir='ltr' id='par_1_69' title="bbox 131 3830 1693 3901">
     <span class='ocr_line' id='line_1_69' title="bbox 131 3830 1693 3901; baseline 0.002 -20"><span class='ocrx_word' id='word_1_483' title='bbox 131 3831 292 3885; x_wconf 90' lang='lat' dir='ltr'><strong>vicem</strong></span> <span class='ocrx_word' id='word_1_484' title='bbox 326 3849 339 3884; x_wconf 88' lang='lat'>:</span> <span class='ocrx_word' id='word_1_485' title='bbox 369 3844 498 3901; x_wconf 71' lang='lat' dir='ltr'><strong>qua:</strong></span> <span class='ocrx_word' id='word_1_486' title='bbox 534 3845 623 3884; x_wconf 92' lang='lat' dir='ltr'><strong>res</strong></span> <span class='ocrx_word' id='word_1_487' title='bbox 647 3843 940 3894; x_wconf 88' lang='lat' dir='ltr'><strong>morosam,</strong></span> <span class='ocrx_word' id='word_1_488' title='bbox 975 3844 1037 3884; x_wconf 91' lang='lat' dir='ltr'><strong>ac</strong></span> <span class='ocrx_word' id='word_1_489' title='bbox 1061 3830 1444 3900; x_wconf 89' lang='lat' dir='ltr'><strong>propemodum</strong></span> <span class='ocrx_word' id='word_1_490' title='bbox 1469 3830 1693 3886; x_wconf 84' lang='lat' dir='ltr'><strong>inextri-</strong></span> 
     </span>
    </p>
   </div>
   <div class='ocr_carea' id='block_1_70' title="bbox 131 3921 1514 3991">
    <p class='ocr_par' dir='ltr' id='par_1_70' title="bbox 131 3921 1514 3991">
     <span class='ocr_line' id='line_1_70' title="bbox 131 3921 1514 3991; baseline 0.002 -17"><span class='ocrx_word' id='word_1_491' title='bbox 131 3921 354 3977; x_wconf 87' lang='lat' dir='ltr'><strong>cabilem</strong></span> <span class='ocrx_word' id='word_1_492' title='bbox 382 3923 618 3976; x_wconf 89' lang='lat' dir='ltr'><strong>istarum</strong></span> <span class='ocrx_word' id='word_1_493' title='bbox 648 3935 830 3975; x_wconf 85' lang='lat' dir='ltr'><strong>rerum</strong></span> <span class='ocrx_word' id='word_1_494' title='bbox 860 3921 1328 3991; x_wconf 85' lang='lat' dir='ltr'><strong>investigationem</strong></span> <span class='ocrx_word' id='word_1_495' title='bbox 1367 3922 1514 3978; x_wconf 81' lang='lat' dir='ltr'><strong>facit.</strong></span> 
     </span>
    </p>
   </div>
   <div class='ocr_carea' id='block_1_71' title="bbox 195 4012 1694 4084">
    <p class='ocr_par' dir='ltr' id='par_1_71' title="bbox 195 4012 1694 4084">
     <span class='ocr_line' id='line_1_71' title="bbox 195 4012 1694 4084; baseline 0 -17"><span class='ocrx_word' id='word_1_496' title='bbox 195 4012 300 4069; x_wconf 86' lang='lat' dir='ltr'><strong>Sed</strong></span> <span class='ocrx_word' id='word_1_497' title='bbox 329 4024 392 4069; x_wconf 90' lang='lat' dir='ltr'><strong>ut</strong></span> <span class='ocrx_word' id='word_1_498' title='bbox 429 4013 485 4066; x_wconf 83' lang='lat' dir='ltr'><strong>in</strong></span> <span class='ocrx_word' id='word_1_499' title='bbox 520 4013 589 4068; x_wconf 90' lang='lat' dir='ltr'><strong>iis</strong></span> <span class='ocrx_word' id='word_1_500' title='bbox 616 4013 980 4084; x_wconf 87' lang='lat' dir='ltr'><strong>inquirendis,</strong></span> <span class='ocrx_word' id='word_1_501' title='bbox 1005 4012 1183 4084; x_wconf 89' lang='lat' dir='ltr'><strong>quoad</strong></span> <span class='ocrx_word' id='word_1_502' title='bbox 1212 4013 1327 4068; x_wconf 81' lang='lat' dir='ltr'><strong>ﬁeri</strong></span> <span class='ocrx_word' id='word_1_503' title='bbox 1351 4020 1546 4083; x_wconf 89' lang='lat' dir='ltr'><strong>potest,</strong></span> <span class='ocrx_word' id='word_1_504' title='bbox 1573 4028 1694 4069; x_wconf 88' lang='lat' dir='ltr'><strong>cer-</strong></span> 
     </span>
    </p>
   </div>
   <div class='ocr_carea' id='block_1_72' title="bbox 131 4107 1690 4179">
    <p class='ocr_par' dir='ltr' id='par_1_72' title="bbox 131 4107 1690 4179">
     <span class='ocr_line' id='line_1_72' title="bbox 131 4107 1690 4179; baseline 0.003 -19"><span class='ocrx_word' id='word_1_505' title='bbox 131 4114 230 4161; x_wconf 90' lang='lat' dir='ltr'><strong>tam</strong></span> <span class='ocrx_word' id='word_1_506' title='bbox 269 4108 488 4163; x_wconf 92' lang='lat' dir='ltr'><strong>tirones</strong></span> <span class='ocrx_word' id='word_1_507' title='bbox 530 4107 674 4162; x_wconf 87' lang='lat' dir='ltr'><strong>viam</strong></span> <span class='ocrx_word' id='word_1_508' title='bbox 707 4115 926 4164; x_wconf 87' lang='lat' dir='ltr'><strong>teneant</strong></span> <span class='ocrx_word' id='word_1_509' title='bbox 958 4124 1022 4164; x_wconf 92' lang='lat' dir='ltr'><strong>ac</strong></span> <span class='ocrx_word' id='word_1_510' title='bbox 1063 4109 1341 4179; x_wconf 82' lang='lat' dir='ltr'><strong>regulam,</strong></span> <span class='ocrx_word' id='word_1_511' title='bbox 1387 4109 1509 4174; x_wconf 91' lang='lat' dir='ltr'><strong>hoc,</strong></span> <span class='ocrx_word' id='word_1_512' title='bbox 1546 4109 1690 4179; x_wconf 90' lang='lat' dir='ltr'><strong>quod</strong></span> 
     </span>
    </p>
   </div>
   <div class='ocr_carea' id='block_1_73' title="bbox 131 4199 1695 4272">
    <p class='ocr_par' dir='ltr' id='par_1_73' title="bbox 131 4199 1695 4272">
     <span class='ocr_line' id='line_1_73' title="bbox 131 4199 1695 4272; baseline 0.003 -20"><span class='ocrx_word' id='word_1_513' title='bbox 131 4200 286 4260; x_wconf 83' lang='lat' dir='ltr'><strong>paulo</strong></span> <span class='ocrx_word' id='word_1_514' title='bbox 315 4212 450 4254; x_wconf 89' lang='lat' dir='ltr'><strong>ante</strong></span> <span class='ocrx_word' id='word_1_515' title='bbox 486 4199 745 4265; x_wconf 82' lang='lat' dir='ltr'><strong>diximus,</strong></span> <span class='ocrx_word' id='word_1_516' title='bbox 797 4201 1200 4266; x_wconf 89' lang='lat' dir='ltr'><strong>animadverso,</strong></span> <span class='ocrx_word' id='word_1_517' title='bbox 1245 4201 1500 4255; x_wconf 88' lang='lat' dir='ltr'><strong>nimirum</strong></span> <span class='ocrx_word' id='word_1_518' title='bbox 1537 4218 1695 4272; x_wconf 85' lang='lat' dir='ltr'><strong>appa-</strong></span> 
     </span>
    </p>
   </div>
   <div class='ocr_carea' id='block_1_74' title="bbox 131 4292 1692 4364">
    <p class='ocr_par' dir='ltr' id='par_1_74' title="bbox 131 4292 1692 4364">
     <span class='ocr_line' id='line_1_74' title="bbox 131 4292 1692 4364; baseline 0.003 -19"><span class='ocrx_word' id='word_1_519' title='bbox 131 4301 308 4348; x_wconf 90' lang='lat' dir='ltr'><strong>rentes</strong></span> <span class='ocrx_word' id='word_1_520' title='bbox 345 4293 532 4362; x_wconf 92' lang='lat' dir='ltr'><strong>potius</strong></span> <span class='ocrx_word' id='word_1_521' title='bbox 565 4292 779 4360; x_wconf 81' lang='grc' dir='ltr'><em>φάσεις,</em></span> <span class='ocrx_word' id='word_1_522' title='bbox 811 4309 974 4364; x_wconf 87' lang='lat' dir='ltr'><strong>quam</strong></span> <span class='ocrx_word' id='word_1_523' title='bbox 1015 4309 1193 4358; x_wconf 91' lang='lat' dir='ltr'><strong>veras,</strong></span> <span class='ocrx_word' id='word_1_524' title='bbox 1227 4295 1296 4348; x_wconf 91' lang='lat' dir='ltr'><strong>ab</strong></span> <span class='ocrx_word' id='word_1_525' title='bbox 1331 4295 1692 4364; x_wconf 81' lang='lat' dir='ltr'><strong>scriptoribus</strong></span> 
     </span>
    </p>
   </div>
   <div class='ocr_carea' id='block_1_75' title="bbox 131 4385 1694 4457">
    <p class='ocr_par' dir='ltr' id='par_1_75' title="bbox 131 4385 1694 4457">
     <span class='ocr_line' id='line_1_75' title="bbox 131 4385 1694 4457; baseline 0.004 -22"><span class='ocrx_word' id='word_1_526' title='bbox 131 4385 371 4440; x_wconf 83' lang='lat' dir='ltr'><strong>adhiberi</strong></span> <span class='ocrx_word' id='word_1_527' title='bbox 428 4401 443 4438; x_wconf 88' lang='lat'><strong>:</strong></span> <span class='ocrx_word' id='word_1_528' title='bbox 489 4390 605 4438; x_wconf 90' lang='lat' dir='ltr'><strong>tum</strong></span> <span class='ocrx_word' id='word_1_529' title='bbox 653 4399 719 4438; x_wconf 92' lang='lat' dir='ltr'><strong>eo</strong></span> <span class='ocrx_word' id='word_1_530' title='bbox 765 4399 1006 4456; x_wconf 89' lang='lat' dir='ltr'><strong>quoque,</strong></span> <span class='ocrx_word' id='word_1_531' title='bbox 1041 4394 1366 4457; x_wconf 86' lang='lat' dir='ltr'><strong>apparentes</strong></span> <span class='ocrx_word' id='word_1_532' title='bbox 1425 4394 1578 4442; x_wconf 90' lang='lat' dir='ltr'><strong>ortus</strong></span> <span class='ocrx_word' id='word_1_533' title='bbox 1639 4395 1694 4442; x_wconf 90' lang='lat' dir='ltr'><strong>et</strong></span> 
     </span>
    </p>
   </div>
   <div class='ocr_carea' id='block_1_76' title="bbox 129 4477 1698 4550">
    <p class='ocr_par' dir='ltr' id='par_1_76' title="bbox 129 4477 1698 4550">
     <span class='ocr_line' id='line_1_76' title="bbox 129 4477 1698 4550; baseline 0.003 -18"><span class='ocrx_word' id='word_1_534' title='bbox 129 4491 358 4534; x_wconf 89' lang='lat' dir='ltr'><strong>occasus</strong></span> <span class='ocrx_word' id='word_1_535' title='bbox 392 4477 695 4532; x_wconf 87' lang='lat' dir='ltr'><strong>matutinos</strong></span> <span class='ocrx_word' id='word_1_536' title='bbox 738 4478 1071 4548; x_wconf 89' lang='lat' dir='ltr'><strong>posteriores</strong></span> <span class='ocrx_word' id='word_1_537' title='bbox 1107 4494 1229 4534; x_wconf 93' lang='lat' dir='ltr'><strong>esse</strong></span> <span class='ocrx_word' id='word_1_538' title='bbox 1272 4479 1452 4546; x_wconf 80' lang='lat' dir='ltr'><strong>veris&#39;;</strong></span> <span class='ocrx_word' id='word_1_539' title='bbox 1486 4480 1698 4550; x_wconf 84' lang='lat' dir='ltr'><strong>priores</strong></span> 
     </span>
    </p>
   </div>
   <div class='ocr_carea' id='block_1_77' title="bbox 131 4574 1699 4642">
    <p class='ocr_par' dir='ltr' id='par_1_77' title="bbox 131 4574 1699 4642">
     <span class='ocr_line' id='line_1_77' title="bbox 131 4574 1699 4642; baseline 0.004 -21"><span class='ocrx_word' id='word_1_540' title='bbox 131 4578 310 4626; x_wconf 88' lang='lat' dir='ltr'><strong>autem</strong></span> <span class='ocrx_word' id='word_1_541' title='bbox 345 4579 678 4642; x_wconf 88' lang='lat' dir='ltr'><strong>apparentes</strong></span> <span class='ocrx_word' id='word_1_542' title='bbox 711 4578 865 4627; x_wconf 91' lang='lat' dir='ltr'><strong>ortus</strong></span> <span class='ocrx_word' id='word_1_543' title='bbox 892 4578 946 4627; x_wconf 92' lang='lat' dir='ltr'><strong>et</strong></span> <span class='ocrx_word' id='word_1_544' title='bbox 984 4587 1219 4628; x_wconf 90' lang='lat' dir='ltr'><strong>occasus</strong></span> <span class='ocrx_word' id='word_1_545' title='bbox 1263 4587 1388 4628; x_wconf 90' lang='lat' dir='ltr'><strong>esse</strong></span> <span class='ocrx_word' id='word_1_546' title='bbox 1432 4574 1699 4642; x_wconf 88' lang='lat' dir='ltr'><strong>vesperti-</strong></span> 
     </span>
    </p>
   </div>
   <div class='ocr_carea' id='block_1_78' title="bbox 129 4664 1699 4736">
    <p class='ocr_par' dir='ltr' id='par_1_78' title="bbox 129 4664 1699 4736">
     <span class='ocr_line' id='line_1_78' title="bbox 129 4664 1699 4736; baseline 0.004 -20"><span class='ocrx_word' id='word_1_547' title='bbox 129 4679 228 4719; x_wconf 88' lang='lat' dir='ltr'><strong>nos</strong></span> <span class='ocrx_word' id='word_1_548' title='bbox 275 4679 448 4735; x_wconf 90' lang='lat' dir='ltr'><strong>quam</strong></span> <span class='ocrx_word' id='word_1_549' title='bbox 507 4678 667 4719; x_wconf 89' lang='lat' dir='ltr'><strong>veros</strong></span> <span class='ocrx_word' id='word_1_550' title='bbox 701 4683 714 4718; x_wconf 90' lang='lat'><strong>:</strong></span> <span class='ocrx_word' id='word_1_551' title='bbox 744 4664 856 4728; x_wconf 87' lang='lat' dir='ltr'><strong>his,</strong></span> <span class='ocrx_word' id='word_1_552' title='bbox 908 4665 1156 4735; x_wconf 90' lang='lat' dir='ltr'><strong>inquam,</strong></span> <span class='ocrx_word' id='word_1_553' title='bbox 1197 4667 1448 4736; x_wconf 89' lang='lat' dir='ltr'><strong>cognitis,</strong></span> <span class='ocrx_word' id='word_1_554' title='bbox 1485 4666 1699 4722; x_wconf 89' lang='lat' dir='ltr'><strong>ratione</strong></span> 
     </span>
    </p>
   </div>
   <div class='ocr_carea' id='block_1_79' title="bbox 129 4756 1700 4830">
    <p class='ocr_par' dir='ltr' id='par_1_79' title="bbox 129 4756 1700 4830">
     <span class='ocr_line' id='line_1_79' title="bbox 129 4756 1700 4830; baseline 0.003 -20"><span class='ocrx_word' id='word_1_555' title='bbox 129 4758 362 4826; x_wconf 86' lang='lat' dir='ltr'><strong>quadam</strong></span> <span class='ocrx_word' id='word_1_556' title='bbox 413 4756 565 4826; x_wconf 85' lang='lat' dir='ltr'><strong>quod</strong></span> <span class='ocrx_word' id='word_1_557' title='bbox 588 4757 840 4811; x_wconf 90' lang='lat' dir='ltr'><strong>volumus</strong></span> <span class='ocrx_word' id='word_1_558' title='bbox 882 4772 1256 4827; x_wconf 86' lang='lat' dir='ltr'><strong>assequemur.</strong></span> <span class='ocrx_word' id='word_1_559' title='bbox 1292 4756 1564 4828; x_wconf 89' lang='lat' dir='ltr'><strong>Imprimis</strong></span> <span class='ocrx_word' id='word_1_560' title='bbox 1599 4759 1700 4830; x_wconf 86' lang='lat' dir='ltr'><strong>igi-</strong></span> 
     </span>
    </p>
   </div>
   <div class='ocr_carea' id='block_1_80' title="bbox 130 4847 1699 4918">
    <p class='ocr_par' dir='ltr' id='par_1_80' title="bbox 130 4847 1699 4918">
     <span class='ocr_line' id='line_1_80' title="bbox 130 4847 1699 4918; baseline 0 -16"><span class='ocrx_word' id='word_1_561' title='bbox 130 4856 218 4902; x_wconf 91' lang='lat' dir='ltr'><strong>tur</strong></span> <span class='ocrx_word' id='word_1_562' title='bbox 256 4848 477 4903; x_wconf 85' lang='lat' dir='ltr'><strong>zodiaci</strong></span> <span class='ocrx_word' id='word_1_563' title='bbox 520 4854 802 4917; x_wconf 89' lang='lat' dir='ltr'><strong>punctum,</strong></span> <span class='ocrx_word' id='word_1_564' title='bbox 827 4850 935 4918; x_wconf 84' lang='lat' dir='ltr'><strong>qu&#39;o</strong></span> <span class='ocrx_word' id='word_1_565' title='bbox 969 4863 1092 4902; x_wconf 93' lang='lat' dir='ltr'><strong>cum</strong></span> <span class='ocrx_word' id='word_1_566' title='bbox 1118 4847 1395 4918; x_wconf 88' lang='lat' dir='ltr'><strong>proposita</strong></span> <span class='ocrx_word' id='word_1_567' title='bbox 1429 4848 1584 4903; x_wconf 90' lang='lat' dir='ltr'><strong>stella</strong></span> <span class='ocrx_word' id='word_1_568' title='bbox 1605 4863 1699 4902; x_wconf 88' lang='lat' dir='ltr'><strong>su-</strong></span> 
     </span>
    </p>
   </div>
   <div class='ocr_carea' id='block_1_81' title="bbox 127 4934 1699 5005">
    <p class='ocr_par' dir='ltr' id='par_1_81' title="bbox 127 4934 1699 5005">
     <span class='ocr_line' id='line_1_81' title="bbox 127 4934 1699 5005; baseline 0.004 -17"><span class='ocrx_word' id='word_1_569' title='bbox 127 4950 224 5004; x_wconf 86' lang='lat' dir='ltr'><strong>pra</strong></span> <span class='ocrx_word' id='word_1_570' title='bbox 273 4935 536 5005; x_wconf 83' lang='lat' dir='ltr'><strong>inl’raque</strong></span> <span class='ocrx_word' id='word_1_571' title='bbox 597 4934 938 4990; x_wconf 84' lang='lat' dir='ltr'><strong>horizontem</strong></span> <span class='ocrx_word' id='word_1_572' title='bbox 997 4937 1264 5005; x_wconf 86' lang='lat' dir='ltr'><strong>pervenit,</strong></span> <span class='ocrx_word' id='word_1_573' title='bbox 1315 4952 1382 4991; x_wconf 88' lang='lat' dir='ltr'><strong>ex</strong></span> <span class='ocrx_word' id='word_1_574' title='bbox 1436 4936 1699 4994; x_wconf 89' lang='lat' dir='ltr'><strong>laterculo</strong></span> 
     </span>
    </p>
   </div>
   <div class='ocr_carea' id='block_1_82' title="bbox 128 5026 1700 5092">
    <p class='ocr_par' dir='ltr' id='par_1_82' title="bbox 128 5026 1700 5092">
     <span class='ocr_line' id='line_1_82' title="bbox 128 5026 1700 5092; baseline 0.002 -12"><span class='ocrx_word' id='word_1_575' title='bbox 128 5035 353 5092; x_wconf 90' lang='lat' dir='ltr'><strong>nostro,</strong></span> <span class='ocrx_word' id='word_1_576' title='bbox 393 5027 501 5090; x_wconf 89' lang='lat' dir='ltr'><strong>vel,</strong></span> <span class='ocrx_word' id='word_1_577' title='bbox 545 5026 594 5082; x_wconf 87' lang='lat' dir='ltr'><strong>si</strong></span> <span class='ocrx_word' id='word_1_578' title='bbox 630 5027 683 5080; x_wconf 94' lang='lat' dir='ltr'><strong>in</strong></span> <span class='ocrx_word' id='word_1_579' title='bbox 711 5041 780 5082; x_wconf 71' lang='lat' dir='ltr'><strong>eo,</strong></span> <span class='ocrx_word' id='word_1_580' title='bbox 810 5041 921 5080; x_wconf 89' lang='lat' dir='ltr'><strong>non</strong></span> <span class='ocrx_word' id='word_1_581' title='bbox 951 5027 1264 5082; x_wconf 91' lang='lat' dir='ltr'><strong>continetur</strong></span> <span class='ocrx_word' id='word_1_582' title='bbox 1289 5067 1304 5089; x_wconf 93' lang='lat'><strong>,</strong></span> <span class='ocrx_word' id='word_1_583' title='bbox 1343 5044 1406 5082; x_wconf 91' lang='lat' dir='ltr'><strong>ex</strong></span> <span class='ocrx_word' id='word_1_584' title='bbox 1444 5029 1700 5084; x_wconf 89' lang='lat' dir='ltr'><strong>methodo</strong></span> 
     </span>
    </p>
   </div>
   <div class='ocr_carea' id='block_1_83' title="bbox 130 5116 1700 5186">
    <p class='ocr_par' dir='ltr' id='par_1_83' title="bbox 130 5116 1700 5186">
     <span class='ocr_line' id='line_1_83' title="bbox 130 5116 1700 5186; baseline 0.003 -16"><span class='ocrx_word' id='word_1_585' title='bbox 130 5131 410 5172; x_wconf 85' lang='lat' dir='ltr'><strong>canonum</strong></span> <span class='ocrx_word' id='word_1_586' title='bbox 445 5116 731 5186; x_wconf 84' lang='lat' dir='ltr'><strong>explorare</strong></span> <span class='ocrx_word' id='word_1_587' title='bbox 780 5117 1053 5172; x_wconf 89' lang='lat' dir='ltr'><strong>convenit.</strong></span> <span class='ocrx_word' id='word_1_588' title='bbox 1114 5116 1338 5183; x_wconf 90' lang='lat' dir='ltr'><strong>Deinde,</strong></span> <span class='ocrx_word' id='word_1_589' title='bbox 1391 5119 1435 5174; x_wconf 89' lang='lat' dir='ltr'><strong>si</strong></span> <span class='ocrx_word' id='word_1_590' title='bbox 1491 5128 1700 5174; x_wconf 90' lang='lat' dir='ltr'><strong>certum</strong></span> 
     </span>
    </p>
   </div>
   <div class='ocr_carea' id='block_1_84' title="bbox 132 5204 1701 5277">
    <p class='ocr_par' dir='ltr' id='par_1_84' title="bbox 132 5204 1701 5277">
     <span class='ocr_line' id='line_1_84' title="bbox 132 5204 1701 5277; baseline 0.002 -20"><span class='ocrx_word' id='word_1_591' title='bbox 132 5206 258 5261; x_wconf 91' lang='lat' dir='ltr'><strong>anni</strong></span> <span class='ocrx_word' id='word_1_592' title='bbox 301 5214 524 5277; x_wconf 86' lang='lat' dir='ltr'><strong>tempus</strong></span> <span class='ocrx_word' id='word_1_593' title='bbox 576 5204 643 5259; x_wconf 91' lang='lat' dir='ltr'><strong>ab</strong></span> <span class='ocrx_word' id='word_1_594' title='bbox 702 5214 928 5260; x_wconf 89' lang='lat' dir='ltr'><strong>auctore</strong></span> <span class='ocrx_word' id='word_1_595' title='bbox 965 5204 1278 5268; x_wconf 83' lang='lat' dir='ltr'><strong>deﬁniatur,</strong></span> <span class='ocrx_word' id='word_1_596' title='bbox 1315 5205 1542 5274; x_wconf 85' lang='lat' dir='ltr'><strong>gradum</strong></span> <span class='ocrx_word' id='word_1_597' title='bbox 1565 5207 1701 5260; x_wconf 82' lang='lat' dir='ltr'><strong>ecli-</strong></span> 
     </span>
    </p>
   </div>
   <div class='ocr_carea' id='block_1_85' title="bbox 130 5296 1703 5366">
    <p class='ocr_par' dir='ltr' id='par_1_85' title="bbox 130 5296 1703 5366">
     <span class='ocr_line' id='line_1_85' title="bbox 130 5296 1703 5366; baseline 0.001 -15"><span class='ocrx_word' id='word_1_598' title='bbox 130 5299 290 5366; x_wconf 72' lang='lat' dir='ltr'><strong>pticze</strong></span> <span class='ocrx_word' id='word_1_599' title='bbox 324 5297 808 5362; x_wconf 71' lang='grc' dir='ltr'>ωνανατέλλοντα,</span> <span class='ocrx_word' id='word_1_600' title='bbox 837 5297 924 5352; x_wconf 85' lang='lat' dir='ltr'><strong>vel</strong></span> <span class='ocrx_word' id='word_1_601' title='bbox 959 5296 1396 5366; x_wconf 76' lang='grc' dir='ltr'><strong>συγκαταδύοντα</strong></span> <span class='ocrx_word' id='word_1_602' title='bbox 1429 5297 1618 5353; x_wconf 83' lang='lat' dir='ltr'><strong>confer</strong></span> <span class='ocrx_word' id='word_1_603' title='bbox 1647 5299 1703 5354; x_wconf 84' lang='lat' dir='ltr'><strong>in‘</strong></span> 
     </span>
    </p>
   </div>
   <div class='ocr_carea' id='block_1_86' title="bbox 132 5384 1702 5456">
    <p class='ocr_par' dir='ltr' id='par_1_86' title="bbox 132 5384 1702 5456">
     <span class='ocr_line' id='line_1_86' title="bbox 132 5384 1702 5456; baseline 0 -16"><span class='ocrx_word' id='word_1_604' title='bbox 132 5385 523 5444; x_wconf 81' lang='lat' dir='ltr'><strong>Kalendarium</strong></span> <span class='ocrx_word' id='word_1_605' title='bbox 541 5384 839 5453; x_wconf 73' lang='lat' dir='ltr'><strong>lulianum,</strong></span> <span class='ocrx_word' id='word_1_606' title='bbox 867 5387 924 5441; x_wconf 90' lang='lat' dir='ltr'><strong>in</strong></span> <span class='ocrx_word' id='word_1_607' title='bbox 955 5401 1127 5456; x_wconf 89' lang='lat' dir='ltr'><strong>eoque</strong></span> <span class='ocrx_word' id='word_1_608' title='bbox 1151 5387 1428 5441; x_wconf 63' lang='lat' dir='ltr'><strong>caelestem</strong></span> <span class='ocrx_word' id='word_1_609' title='bbox 1461 5401 1702 5442; x_wconf 90' lang='lat' dir='ltr'><strong>mensem</strong></span> 
     </span>
    </p>
   </div>
   <div class='ocr_carea' id='block_1_87' title="bbox 131 5477 1706 5549">
    <p class='ocr_par' dir='ltr' id='par_1_87' title="bbox 131 5477 1706 5549">
     <span class='ocr_line' id='line_1_87' title="bbox 131 5477 1706 5549; baseline 0.001 -17"><span class='ocrx_word' id='word_1_610' title='bbox 131 5480 392 5543; x_wconf 88' lang='lat' dir='ltr'><strong>observa,</strong></span> <span class='ocrx_word' id='word_1_611' title='bbox 416 5479 504 5534; x_wconf 94' lang='lat' dir='ltr'><strong>cui</strong></span> <span class='ocrx_word' id='word_1_612' title='bbox 521 5477 722 5549; x_wconf 88' lang='lat' dir='ltr'><strong>gradus</strong></span> <span class='ocrx_word' id='word_1_613' title='bbox 746 5479 834 5534; x_wconf 93' lang='lat' dir='ltr'><strong>ille</strong></span> <span class='ocrx_word' id='word_1_614' title='bbox 857 5478 1138 5548; x_wconf 91' lang='lat' dir='ltr'><strong>competit.</strong></span> <span class='ocrx_word' id='word_1_615' title='bbox 1169 5477 1227 5532; x_wconf 91' lang='lat' dir='ltr'><strong>Si</strong></span> <span class='ocrx_word' id='word_1_616' title='bbox 1257 5478 1375 5533; x_wconf 92' lang='lat' dir='ltr'><strong>dies</strong></span> <span class='ocrx_word' id='word_1_617' title='bbox 1398 5478 1465 5533; x_wconf 92' lang='lat' dir='ltr'><strong>ab</strong></span> <span class='ocrx_word' id='word_1_618' title='bbox 1483 5486 1706 5534; x_wconf 90' lang='lat' dir='ltr'><strong>auctore</strong></span> 
     </span>
    </p>
   </div>
   <div class='ocr_carea' id='block_1_88' title="bbox 134 5569 1704 5642">
    <p class='ocr_par' dir='ltr' id='par_1_88' title="bbox 134 5569 1704 5642">
     <span class='ocr_line' id='line_1_88' title="bbox 134 5569 1704 5642; baseline 0 -16"><span class='ocrx_word' id='word_1_619' title='bbox 134 5571 206 5626; x_wconf 91' lang='lat' dir='ltr'><strong>sit</strong></span> <span class='ocrx_word' id='word_1_620' title='bbox 251 5586 577 5642; x_wconf 88' lang='lat' dir='ltr'><strong>expressus,</strong></span> <span class='ocrx_word' id='word_1_621' title='bbox 623 5571 874 5641; x_wconf 91' lang='lat' dir='ltr'><strong>idemque</strong></span> <span class='ocrx_word' id='word_1_622' title='bbox 901 5587 1026 5627; x_wconf 89' lang='lat' dir='ltr'><strong>cum</strong></span> <span class='ocrx_word' id='word_1_623' title='bbox 1077 5571 1296 5626; x_wconf 88' lang='lat' dir='ltr'><strong>invento</strong></span> <span class='ocrx_word' id='word_1_624' title='bbox 1327 5569 1426 5625; x_wconf 88' lang='lat' dir='ltr'><strong>abs</strong></span> <span class='ocrx_word' id='word_1_625' title='bbox 1450 5578 1503 5626; x_wconf 91' lang='lat' dir='ltr'><strong>te</strong></span> <span class='ocrx_word' id='word_1_626' title='bbox 1531 5570 1704 5641; x_wconf 88' lang='lat' dir='ltr'><strong>gradu</strong></span> 
     </span>
    </p>
   </div>
   <div class='ocr_carea' id='block_1_89' title="bbox 133 5659 1706 5724">
    <p class='ocr_par' dir='ltr' id='par_1_89' title="bbox 133 5659 1706 5724">
     <span class='ocr_line' id='line_1_89' title="bbox 133 5659 1706 5724; baseline -0.001 -8"><span class='ocrx_word' id='word_1_627' title='bbox 133 5662 474 5724; x_wconf 88' lang='lat' dir='ltr'><strong>consentiat,</strong></span> <span class='ocrx_word' id='word_1_628' title='bbox 531 5667 710 5715; x_wconf 91' lang='lat' dir='ltr'><strong>ortum</strong></span> <span class='ocrx_word' id='word_1_629' title='bbox 765 5677 888 5718; x_wconf 88' lang='lat' dir='ltr'><strong>esse</strong></span> <span class='ocrx_word' id='word_1_630' title='bbox 921 5661 1257 5721; x_wconf 92' lang='lat' dir='ltr'><strong>cosmicum,</strong></span> <span class='ocrx_word' id='word_1_631' title='bbox 1309 5659 1392 5713; x_wconf 83' lang='lat' dir='ltr'><strong>vel</strong></span> <span class='ocrx_word' id='word_1_632' title='bbox 1449 5673 1706 5714; x_wconf 88' lang='lat' dir='ltr'><strong>occasum</strong></span> 
     </span>
    </p>
   </div>
   <div class='ocr_carea' id='block_1_90' title="bbox 134 5749 1703 5826">
    <p class='ocr_par' dir='ltr' id='par_1_90' title="bbox 134 5749 1703 5826">
     <span class='ocr_line' id='line_1_90' title="bbox 134 5749 1703 5826; baseline -0.003 -19"><span class='ocrx_word' id='word_1_633' title='bbox 134 5751 511 5826; x_wconf 73' lang='lat' dir='ltr'><strong>acronychum</strong></span> <span class='ocrx_word' id='word_1_634' title='bbox 563 5751 854 5824; x_wconf 84' lang='lat' dir='ltr'><strong>intelliges.</strong></span> <span class='ocrx_word' id='word_1_635' title='bbox 900 5750 994 5806; x_wconf 91' lang='lat' dir='ltr'><strong>Sin</strong></span> <span class='ocrx_word' id='word_1_636' title='bbox 1034 5750 1282 5821; x_wconf 84' lang='lat' dir='ltr'><strong>opposita</strong></span> <span class='ocrx_word' id='word_1_637' title='bbox 1329 5749 1384 5804; x_wconf 92' lang='lat' dir='ltr'><strong>in</strong></span> <span class='ocrx_word' id='word_1_638' title='bbox 1417 5757 1570 5820; x_wconf 89' lang='lat' dir='ltr'><strong>parte</strong></span> <span class='ocrx_word' id='word_1_639' title='bbox 1611 5749 1703 5811; x_wconf 87' lang='lat' dir='ltr'><strong>sit,</strong></span> 
     </span>
    </p>
   </div>
   <div class='ocr_carea' id='block_1_91' title="bbox 1791 3185 3366 3260">
    <p class='ocr_par' dir='ltr' id='par_1_91' title="bbox 1791 3185 3366 3260">
     <span class='ocr_line' id='line_1_91' title="bbox 1791 3185 3366 3260; baseline -0.003 -16"><span class='ocrx_word' id='word_1_640' title='bbox 1791 3190 1963 3255; x_wconf 80' lang='lat' dir='ltr'><strong>stellis</strong></span> <span class='ocrx_word' id='word_1_641' title='bbox 1989 3189 2252 3254; x_wconf 80' lang='lat' dir='ltr'><strong>referunt,</strong></span> <span class='ocrx_word' id='word_1_642' title='bbox 2284 3189 2582 3260; x_wconf 90' lang='lat' dir='ltr'><strong>scriptores</strong></span> <span class='ocrx_word' id='word_1_643' title='bbox 2614 3190 2948 3252; x_wconf 86' lang='lat' dir='ltr'><strong>hauserunt;</strong></span> <span class='ocrx_word' id='word_1_644' title='bbox 2993 3188 3120 3242; x_wconf 90' lang='lat' dir='ltr'><strong>hinc</strong></span> <span class='ocrx_word' id='word_1_645' title='bbox 3157 3185 3366 3255; x_wconf 90' lang='lat' dir='ltr'><strong>judicio</strong></span> 
     </span>
    </p>
   </div>
   <div class='ocr_carea' id='block_1_92' title="bbox 1791 3278 3359 3352">
    <p class='ocr_par' dir='ltr' id='par_1_92' title="bbox 1791 3278 3359 3352">
     <span class='ocr_line' id='line_1_92' title="bbox 1791 3278 3359 3352; baseline -0.003 -16"><span class='ocrx_word' id='word_1_646' title='bbox 1791 3281 1858 3336; x_wconf 88' lang='lat' dir='ltr'><strong>ad</strong></span> <span class='ocrx_word' id='word_1_647' title='bbox 1886 3296 1949 3336; x_wconf 90' lang='lat' dir='ltr'><strong>ea</strong></span> <span class='ocrx_word' id='word_1_648' title='bbox 1987 3281 2352 3337; x_wconf 90' lang='lat' dir='ltr'><strong>discernenda</strong></span> <span class='ocrx_word' id='word_1_649' title='bbox 2378 3296 2518 3352; x_wconf 93' lang='lat' dir='ltr'><strong>opus</strong></span> <span class='ocrx_word' id='word_1_650' title='bbox 2551 3289 2658 3348; x_wconf 90' lang='lat' dir='ltr'><strong>est,</strong></span> <span class='ocrx_word' id='word_1_651' title='bbox 2696 3291 2748 3336; x_wconf 93' lang='lat' dir='ltr'><strong>et</strong></span> <span class='ocrx_word' id='word_1_652' title='bbox 2773 3281 2830 3334; x_wconf 90' lang='lat' dir='ltr'><strong>in</strong></span> <span class='ocrx_word' id='word_1_653' title='bbox 2866 3280 3060 3342; x_wconf 88' lang='lat' dir='ltr'><strong>stellis,</strong></span> <span class='ocrx_word' id='word_1_654' title='bbox 3090 3293 3226 3348; x_wconf 87' lang='lat' dir='ltr'><strong>quas</strong></span> <span class='ocrx_word' id='word_1_655' title='bbox 3261 3278 3359 3332; x_wconf 85' lang='lat' dir='ltr'><strong>de-</strong></span> 
     </span>
    </p>
   </div>
   <div class='ocr_carea' id='block_1_93' title="bbox 1790 3368 3365 3442">
    <p class='ocr_par' dir='ltr' id='par_1_93' title="bbox 1790 3368 3365 3442">
     <span class='ocr_line' id='line_1_93' title="bbox 1790 3368 3365 3442; baseline -0.002 -16"><span class='ocrx_word' id='word_1_656' title='bbox 1790 3370 2134 3441; x_wconf 89' lang='lat' dir='ltr'><strong>scripsimus,</strong></span> <span class='ocrx_word' id='word_1_657' title='bbox 2161 3370 2232 3424; x_wconf 89' lang='lat' dir='ltr'><strong>ad</strong></span> <span class='ocrx_word' id='word_1_658' title='bbox 2268 3378 2561 3441; x_wconf 91' lang='lat' dir='ltr'><strong>utrumque</strong></span> <span class='ocrx_word' id='word_1_659' title='bbox 2589 3371 2714 3425; x_wconf 72' lang='grc' dir='ltr'><strong>ρωιὶ</strong></span> <span class='ocrx_word' id='word_1_660' title='bbox 2759 3371 3020 3442; x_wconf 80' lang='lat' dir='ltr'><strong>positum,</strong></span> <span class='ocrx_word' id='word_1_661' title='bbox 3052 3368 3277 3422; x_wconf 83' lang='lat' dir='ltr'><strong>Romani</strong></span> <span class='ocrx_word' id='word_1_662' title='bbox 3308 3377 3365 3423; x_wconf 82' lang='lat' dir='ltr'><strong>ct</strong></span> 
     </span>
    </p>
   </div>
   <div class='ocr_carea' id='block_1_94' title="bbox 1788 3461 3364 3526">
    <p class='ocr_par' dir='ltr' id='par_1_94' title="bbox 1788 3461 3364 3526">
     <span class='ocr_line' id='line_1_94' title="bbox 1788 3461 3364 3526; baseline 0 -12"><span class='ocrx_word' id='word_1_663' title='bbox 1788 3461 2163 3526; x_wconf 82' lang='lat' dir='ltr'><strong>Alexandrini,</strong></span> <span class='ocrx_word' id='word_1_664' title='bbox 2219 3461 2515 3517; x_wconf 83' lang='lat' dir='ltr'><strong>lentandus</strong></span> <span class='ocrx_word' id='word_1_665' title='bbox 2569 3470 2653 3518; x_wconf 88' lang='lat' dir='ltr'><strong>est</strong></span> <span class='ocrx_word' id='word_1_666' title='bbox 2695 3462 2988 3516; x_wconf 86' lang='lat' dir='ltr'><strong>calculus:</strong></span> <span class='ocrx_word' id='word_1_667' title='bbox 3040 3469 3364 3514; x_wconf 72' lang='lat' dir='ltr'><strong>cazterorum</strong></span> 
     </span>
    </p>
   </div>
   <div class='ocr_carea' id='block_1_95' title="bbox 1791 3551 3110 3622">
    <p class='ocr_par' dir='ltr' id='par_1_95' title="bbox 1791 3551 3110 3622">
     <span class='ocr_line' id='line_1_95' title="bbox 1791 3551 3110 3622; baseline -0.002 -18"><span class='ocrx_word' id='word_1_668' title='bbox 1791 3558 2064 3615; x_wconf 87' lang='lat' dir='ltr'><strong>tractuum</strong></span> <span class='ocrx_word' id='word_1_669' title='bbox 2095 3560 2375 3622; x_wconf 90' lang='lat' dir='ltr'><strong>utcunque</strong></span> <span class='ocrx_word' id='word_1_670' title='bbox 2403 3568 2469 3608; x_wconf 85' lang='lat' dir='ltr'><strong>ex</strong></span> <span class='ocrx_word' id='word_1_671' title='bbox 2505 3553 2614 3607; x_wconf 90' lang='lat' dir='ltr'><strong>illis</strong></span> <span class='ocrx_word' id='word_1_672' title='bbox 2644 3553 2784 3606; x_wconf 90' lang='lat' dir='ltr'><strong>ratio</strong></span> <span class='ocrx_word' id='word_1_673' title='bbox 2814 3551 3110 3606; x_wconf 85' lang='lat' dir='ltr'><strong>constabit.</strong></span> 
     </span>
    </p>
   </div>
   <div class='ocr_carea' id='block_1_96' title="bbox 1859 3641 3364 3714">
    <p class='ocr_par' dir='ltr' id='par_1_96' title="bbox 1859 3641 3364 3714">
     <span class='ocr_line' id='line_1_96' title="bbox 1859 3641 3364 3714; baseline -0.001 -18"><span class='ocrx_word' id='word_1_674' title='bbox 1859 3642 1952 3697; x_wconf 92' lang='lat' dir='ltr'><strong>Sic</strong></span> <span class='ocrx_word' id='word_1_675' title='bbox 1973 3643 2028 3696; x_wconf 89' lang='lat' dir='ltr'><strong>in</strong></span> <span class='ocrx_word' id='word_1_676' title='bbox 2057 3643 2428 3698; x_wconf 88' lang='lat' dir='ltr'><strong>anterioribus</strong></span> <span class='ocrx_word' id='word_1_677' title='bbox 2475 3644 2560 3698; x_wconf 89' lang='lat' dir='ltr'><strong>vel</strong></span> <span class='ocrx_word' id='word_1_678' title='bbox 2582 3644 2978 3714; x_wconf 84' lang='lat' dir='ltr'><strong>posterioribus</strong></span> <span class='ocrx_word' id='word_1_679' title='bbox 3004 3643 3220 3699; x_wconf 86' lang='lat' dir='ltr'><strong>Juliaua</strong></span> <span class='ocrx_word' id='word_1_680' title='bbox 3249 3641 3364 3696; x_wconf 86' lang='lat' dir='ltr'><strong>edi-</strong></span> 
     </span>
    </p>
   </div>
   <div class='ocr_carea' id='block_1_97' title="bbox 1789 3723 3365 3809">
    <p class='ocr_par' dir='ltr' id='par_1_97' title="bbox 1789 3723 3365 3809">
     <span class='ocr_line' id='line_1_97' title="bbox 1789 3723 3365 3809; baseline -0.001 -17"><span class='ocrx_word' id='word_1_681' title='bbox 1789 3738 1940 3794; x_wconf 90' lang='lat' dir='ltr'><strong>tione</strong></span> <span class='ocrx_word' id='word_1_682' title='bbox 1959 3738 2195 3804; x_wconf 71' lang='lat' dir='ltr'><strong>sazculis,</strong></span> <span class='ocrx_word' id='word_1_683' title='bbox 2224 3739 2414 3809; x_wconf 87' lang='lat' dir='ltr'><strong>paucis</strong></span> <span class='ocrx_word' id='word_1_684' title='bbox 2447 3738 2560 3793; x_wconf 91' lang='lat' dir='ltr'><strong>illic</strong></span> <span class='ocrx_word' id='word_1_685' title='bbox 2588 3737 2700 3792; x_wconf 82' lang='lat' dir='ltr'><strong>fere</strong></span> <span class='ocrx_word' id='word_1_686' title='bbox 2731 3723 3019 3802; x_wconf 86' lang='lat' dir='ltr'><strong>detractis;</strong></span> <span class='ocrx_word' id='word_1_687' title='bbox 3056 3737 3141 3790; x_wconf 86' lang='lat' dir='ltr'><strong>hic</strong></span> <span class='ocrx_word' id='word_1_688' title='bbox 3167 3733 3365 3792; x_wconf 83' lang='lat' dir='ltr'><strong>additis</strong></span> 
     </span>
    </p>
   </div>
   <div class='ocr_carea' id='block_1_98' title="bbox 1791 3813 3364 3901">
    <p class='ocr_par' dir='ltr' id='par_1_98' title="bbox 1791 3813 3364 3901">
     <span class='ocr_line' id='line_1_98' title="bbox 1791 3813 3364 3901; baseline -0.003 -15"><span class='ocrx_word' id='word_1_689' title='bbox 1791 3831 1862 3892; x_wconf 84' lang='lat' dir='ltr'><strong>ad</strong></span> <span class='ocrx_word' id='word_1_690' title='bbox 1919 3828 2136 3893; x_wconf 78' lang='lat' dir='ltr'><strong>Juliano</strong></span> <span class='ocrx_word' id='word_1_691' title='bbox 2181 3830 2415 3900; x_wconf 86' lang='lat' dir='ltr'><strong>tempori</strong></span> <span class='ocrx_word' id='word_1_692' title='bbox 2456 3839 2842 3901; x_wconf 85' lang='lat' dir='ltr'><strong>congruentem</strong></span> <span class='ocrx_word' id='word_1_693' title='bbox 2890 3829 3108 3894; x_wconf 85' lang='lat' dir='ltr'><strong>modum</strong></span> <span class='ocrx_word' id='word_1_694' title='bbox 3155 3813 3364 3892; x_wconf 79' lang='lat' dir='ltr'><strong>diebus,</strong></span> 
     </span>
    </p>
   </div>
   <div class='ocr_carea' id='block_1_99' title="bbox 1790 3922 3363 3996">
    <p class='ocr_par' dir='ltr' id='par_1_99' title="bbox 1790 3922 3363 3996">
     <span class='ocr_line' id='line_1_99' title="bbox 1790 3922 3363 3996; baseline -0.001 -17"><span class='ocrx_word' id='word_1_695' title='bbox 1790 3933 1944 3979; x_wconf 92' lang='lat' dir='ltr'><strong>ortus</strong></span> <span class='ocrx_word' id='word_1_696' title='bbox 2007 3939 2348 3996; x_wconf 88' lang='lat' dir='ltr'><strong>occasusque</strong></span> <span class='ocrx_word' id='word_1_697' title='bbox 2413 3927 2696 3980; x_wconf 90' lang='lat' dir='ltr'><strong>stellarum</strong></span> <span class='ocrx_word' id='word_1_698' title='bbox 2764 3923 3236 3994; x_wconf 83' lang='lat' dir='ltr'><strong>investigabimus.</strong></span> <span class='ocrx_word' id='word_1_699' title='bbox 3303 3922 3363 3978; x_wconf 86' lang='lat' dir='ltr'><strong>In</strong></span> 
     </span>
    </p>
   </div>
   <div class='ocr_carea' id='block_1_100' title="bbox 1791 4015 3365 4085">
    <p class='ocr_par' dir='ltr' id='par_1_100' title="bbox 1791 4015 3365 4085">
     <span class='ocr_line' id='line_1_100' title="bbox 1791 4015 3365 4085; baseline 0 -17"><span class='ocrx_word' id='word_1_700' title='bbox 1791 4015 1990 4084; x_wconf 88' lang='lat' dir='ltr'><strong>quibus</strong></span> <span class='ocrx_word' id='word_1_701' title='bbox 2017 4016 2272 4079; x_wconf 85' lang='lat' dir='ltr'><strong>omnibus</strong></span> <span class='ocrx_word' id='word_1_702' title='bbox 2299 4017 2477 4071; x_wconf 89' lang='lat' dir='ltr'><strong>otiosa</strong></span> <span class='ocrx_word' id='word_1_703' title='bbox 2512 4024 2597 4071; x_wconf 92' lang='lat' dir='ltr'><strong>est</strong></span> <span class='ocrx_word' id='word_1_704' title='bbox 2631 4016 2794 4070; x_wconf 88' lang='lat' dir='ltr'><strong>nimis</strong></span> <span class='ocrx_word' id='word_1_705' title='bbox 2845 4027 3101 4070; x_wconf 82' lang='lat' dir='ltr'><strong>accurata</strong></span> <span class='ocrx_word' id='word_1_706' title='bbox 3128 4015 3365 4085; x_wconf 85' lang='lat' dir='ltr'><strong>diligen-</strong></span> 
     </span>
    </p>
   </div>
   <div class='ocr_carea' id='block_1_101' title="bbox 1792 4106 3364 4176">
    <p class='ocr_par' dir='ltr' id='par_1_101' title="bbox 1792 4106 3364 4176">
     <span class='ocr_line' id='line_1_101' title="bbox 1792 4106 3364 4176; baseline 0.001 -17"><span class='ocrx_word' id='word_1_707' title='bbox 1792 4106 1888 4170; x_wconf 84' lang='lat' dir='ltr'><strong>tia,</strong></span> <span class='ocrx_word' id='word_1_708' title='bbox 1945 4106 2054 4160; x_wconf 92' lang='lat' dir='ltr'><strong>imo</strong></span> <span class='ocrx_word' id='word_1_709' title='bbox 2085 4107 2270 4169; x_wconf 90' lang='lat' dir='ltr'><strong>stulta,</strong></span> <span class='ocrx_word' id='word_1_710' title='bbox 2304 4123 2428 4160; x_wconf 89' lang='lat' dir='ltr'><strong>cum</strong></span> <span class='ocrx_word' id='word_1_711' title='bbox 2457 4122 2524 4161; x_wconf 93' lang='lat' dir='ltr'><strong>ne</strong></span> <span class='ocrx_word' id='word_1_712' title='bbox 2556 4115 2810 4162; x_wconf 91' lang='lat' dir='ltr'><strong>auctores</strong></span> <span class='ocrx_word' id='word_1_713' title='bbox 2841 4107 3057 4176; x_wconf 89' lang='lat' dir='ltr'><strong>quidem</strong></span> <span class='ocrx_word' id='word_1_714' title='bbox 3095 4106 3196 4169; x_wconf 89' lang='lat' dir='ltr'><strong>illi,</strong></span> <span class='ocrx_word' id='word_1_715' title='bbox 3225 4121 3364 4175; x_wconf 78' lang='lat' dir='ltr'><strong>quos</strong></span> 
     </span>
    </p>
   </div>
   <div class='ocr_carea' id='block_1_102' title="bbox 1793 4195 3360 4266">
    <p class='ocr_par' dir='ltr' id='par_1_102' title="bbox 1793 4195 3360 4266">
     <span class='ocr_line' id='line_1_102' title="bbox 1793 4195 3360 4266; baseline 0.001 -17"><span class='ocrx_word' id='word_1_716' title='bbox 1793 4196 2012 4265; x_wconf 89' lang='lat' dir='ltr'><strong>assequi</strong></span> <span class='ocrx_word' id='word_1_717' title='bbox 2031 4195 2560 4263; x_wconf 89' lang='lat' dir='ltr'><strong>studemus,tantam</strong></span> <span class='ocrx_word' id='word_1_718' title='bbox 2590 4198 2646 4251; x_wconf 91' lang='lat' dir='ltr'><strong>in</strong></span> <span class='ocrx_word' id='word_1_719' title='bbox 2684 4212 2749 4252; x_wconf 89' lang='lat' dir='ltr'><strong>ea</strong></span> <span class='ocrx_word' id='word_1_720' title='bbox 2782 4197 2885 4252; x_wconf 91' lang='lat' dir='ltr'><strong>sibi</strong></span> <span class='ocrx_word' id='word_1_721' title='bbox 2913 4212 2971 4250; x_wconf 89' lang='lat' dir='ltr'><strong>re</strong></span> <span class='ocrx_word' id='word_1_722' title='bbox 2995 4197 3360 4266; x_wconf 81' lang='lat' dir='ltr'><strong>praestandam</strong></span> 
     </span>
    </p>
   </div>
   <div class='ocr_carea' id='block_1_103' title="bbox 1793 4289 2123 4360">
    <p class='ocr_par' dir='ltr' id='par_1_103' title="bbox 1793 4289 2123 4360">
     <span class='ocr_line' id='line_1_103' title="bbox 1793 4289 2123 4360; baseline -0.006 -16"><span class='ocrx_word' id='word_1_723' title='bbox 1793 4289 2123 4360; x_wconf 87' lang='lat' dir='ltr'><strong>putaverint.</strong></span> 
     </span>
    </p>
   </div>
   <div class='ocr_carea' id='block_1_104' title="bbox 1865 4377 3367 4448">
    <p class='ocr_par' dir='ltr' id='par_1_104' title="bbox 1865 4377 3367 4448">
     <span class='ocr_line' id='line_1_104' title="bbox 1865 4377 3367 4448; baseline -0.001 -14"><span class='ocrx_word' id='word_1_724' title='bbox 1865 4380 2038 4439; x_wconf 87' lang='lat' dir='ltr'><strong>Nimis</strong></span> <span class='ocrx_word' id='word_1_725' title='bbox 2071 4395 2134 4435; x_wconf 90' lang='lat' dir='ltr'><strong>ea</strong></span> <span class='ocrx_word' id='word_1_726' title='bbox 2178 4379 2368 4448; x_wconf 90' lang='lat' dir='ltr'><strong>jejune</strong></span> <span class='ocrx_word' id='word_1_727' title='bbox 2407 4393 2472 4434; x_wconf 92' lang='lat' dir='ltr'><strong>ac</strong></span> <span class='ocrx_word' id='word_1_728' title='bbox 2513 4393 2710 4448; x_wconf 90' lang='lat' dir='ltr'><strong>parum</strong></span> <span class='ocrx_word' id='word_1_729' title='bbox 2748 4377 2958 4431; x_wconf 88' lang='lat' dir='ltr'><strong>utiliter</strong></span> <span class='ocrx_word' id='word_1_730' title='bbox 3001 4378 3367 4448; x_wconf 72' lang='lat' dir='ltr'><strong>praescribun-</strong></span> 
     </span>
    </p>
   </div>
   <div class='ocr_carea' id='block_1_105' title="bbox 1728 4465 3366 4540">
    <p class='ocr_par' dir='ltr' id='par_1_105' title="bbox 1728 4465 3366 4540">
     <span class='ocr_line' id='line_1_105' title="bbox 1728 4465 3366 4540; baseline -0.004 -12"><span class='ocrx_word' id='word_1_731' title='bbox 1728 4465 1773 4520; x_wconf 84' lang='grc' dir='ltr'><strong>Ι)</strong></span> <span class='ocrx_word' id='word_1_732' title='bbox 1803 4483 1908 4537; x_wconf 89' lang='lat' dir='ltr'><strong>tur,</strong></span> <span class='ocrx_word' id='word_1_733' title='bbox 1939 4473 2048 4528; x_wconf 90' lang='lat' dir='ltr'><strong>nisi</strong></span> <span class='ocrx_word' id='word_1_734' title='bbox 2098 4471 2362 4540; x_wconf 83' lang='lat' dir='ltr'><strong>exemplis</strong></span> <span class='ocrx_word' id='word_1_735' title='bbox 2410 4485 2546 4525; x_wconf 93' lang='lat' dir='ltr'><strong>usus</strong></span> <span class='ocrx_word' id='word_1_736' title='bbox 2601 4469 2819 4524; x_wconf 90' lang='lat' dir='ltr'><strong>illorum</strong></span> <span class='ocrx_word' id='word_1_737' title='bbox 2870 4469 3150 4538; x_wconf 90' lang='lat' dir='ltr'><strong>aperiatur</strong></span> <span class='ocrx_word' id='word_1_738' title='bbox 3179 4488 3192 4522; x_wconf 89' lang='lat'><strong>:</strong></span> <span class='ocrx_word' id='word_1_739' title='bbox 3220 4468 3366 4538; x_wconf 92' lang='lat' dir='ltr'><strong>quod</strong></span> 
     </span>
    </p>
   </div>
   <div class='ocr_carea' id='block_1_106' title="bbox 1798 4561 3363 4636">
    <p class='ocr_par' dir='ltr' id='par_1_106' title="bbox 1798 4561 3363 4636">
     <span class='ocr_line' id='line_1_106' title="bbox 1798 4561 3363 4636; baseline -0.004 -15"><span class='ocrx_word' id='word_1_740' title='bbox 1798 4567 1888 4621; x_wconf 89' lang='lat' dir='ltr'><strong>hic</strong></span> <span class='ocrx_word' id='word_1_741' title='bbox 1924 4567 1978 4621; x_wconf 89' lang='lat' dir='ltr'><strong>iu</strong></span> <span class='ocrx_word' id='word_1_742' title='bbox 2008 4565 2197 4636; x_wconf 89' lang='lat' dir='ltr'><strong>paucis</strong></span> <span class='ocrx_word' id='word_1_743' title='bbox 2225 4564 2292 4618; x_wconf 90' lang='lat' dir='ltr'><strong>ad</strong></span> <span class='ocrx_word' id='word_1_744' title='bbox 2319 4563 2550 4616; x_wconf 90' lang='lat' dir='ltr'><strong>aliorum</strong></span> <span class='ocrx_word' id='word_1_745' title='bbox 2575 4562 2854 4632; x_wconf 88' lang='lat' dir='ltr'><strong>specimen</strong></span> <span class='ocrx_word' id='word_1_746' title='bbox 2893 4561 3259 4630; x_wconf 79' lang='lat' dir='ltr'><strong>experiemur.</strong></span> <span class='ocrx_word' id='word_1_747' title='bbox 3288 4561 3363 4614; x_wconf 88' lang='lat' dir='ltr'><strong>De</strong></span> 
     </span>
    </p>
   </div>
   <div class='ocr_carea' id='block_1_107' title="bbox 1801 4652 3367 4725">
    <p class='ocr_par' dir='ltr' id='par_1_107' title="bbox 1801 4652 3367 4725">
     <span class='ocr_line' id='line_1_107' title="bbox 1801 4652 3367 4725; baseline -0.005 -12"><span class='ocrx_word' id='word_1_748' title='bbox 1801 4658 1944 4713; x_wconf 84' lang='lat' dir='ltr'><strong>Sirio</strong></span> <span class='ocrx_word' id='word_1_749' title='bbox 1996 4665 2050 4712; x_wconf 95' lang='lat' dir='ltr'><strong>ct</strong></span> <span class='ocrx_word' id='word_1_750' title='bbox 2096 4655 2352 4724; x_wconf 83' lang='lat' dir='ltr'><strong>Vergiliis</strong></span> <span class='ocrx_word' id='word_1_751' title='bbox 2403 4655 2560 4725; x_wconf 90' lang='lat' dir='ltr'><strong>plura</strong></span> <span class='ocrx_word' id='word_1_752' title='bbox 2619 4653 2977 4724; x_wconf 89' lang='lat' dir='ltr'><strong>sequentibus</strong></span> <span class='ocrx_word' id='word_1_753' title='bbox 3003 4652 3274 4723; x_wconf 90' lang='lat' dir='ltr'><strong>capitibus</strong></span> <span class='ocrx_word' id='word_1_754' title='bbox 3300 4665 3367 4706; x_wconf 88' lang='lat' dir='ltr'><strong>ex</strong></span> 
     </span>
    </p>
   </div>
   <div class='ocr_carea' id='block_1_108' title="bbox 1799 4743 3368 4816">
    <p class='ocr_par' dir='ltr' id='par_1_108' title="bbox 1799 4743 3368 4816">
     <span class='ocr_line' id='line_1_108' title="bbox 1799 4743 3368 4816; baseline -0.005 -11"><span class='ocrx_word' id='word_1_755' title='bbox 1799 4750 2052 4806; x_wconf 88' lang='lat' dir='ltr'><strong>instituto</strong></span> <span class='ocrx_word' id='word_1_756' title='bbox 2105 4748 2372 4803; x_wconf 84' lang='lat' dir='ltr'><strong>dicemus.</strong></span> <span class='ocrx_word' id='word_1_757' title='bbox 2417 4745 2605 4816; x_wconf 85' lang='lat' dir='ltr'><strong>Itaque</strong></span> <span class='ocrx_word' id='word_1_758' title='bbox 2656 4745 2851 4799; x_wconf 88' lang='lat' dir='ltr'><strong>horum</strong></span> <span class='ocrx_word' id='word_1_759' title='bbox 2905 4744 3068 4798; x_wconf 89' lang='lat' dir='ltr'><strong>modo</strong></span> <span class='ocrx_word' id='word_1_760' title='bbox 3105 4743 3368 4813; x_wconf 82' lang='lat' dir='ltr'><strong>exemplis</strong></span> 
     </span>
    </p>
   </div>
   <div class='ocr_carea' id='block_1_109' title="bbox 1801 4837 2216 4894">
    <p class='ocr_par' dir='ltr' id='par_1_109' title="bbox 1801 4837 2216 4894">
     <span class='ocr_line' id='line_1_109' title="bbox 1801 4837 2216 4894; baseline -0.002 -1"><span class='ocrx_word' id='word_1_761' title='bbox 1801 4837 2216 4894; x_wconf 87' lang='lat' dir='ltr'><strong>abstinebimus.</strong></span> 
     </span>
    </p>
   </div>
   <div class='ocr_carea' id='block_1_110' title="bbox 1867 4923 3366 4998">
    <p class='ocr_par' dir='ltr' id='par_1_110' title="bbox 1867 4923 3366 4998">
     <span class='ocr_line' id='line_1_110' title="bbox 1867 4923 3366 4998; baseline -0.005 -15"><span class='ocrx_word' id='word_1_762' title='bbox 1867 4928 2160 4984; x_wconf 85' lang='lat' dir='ltr'><strong>Arcturum</strong></span> <span class='ocrx_word' id='word_1_763' title='bbox 2207 4926 2614 4998; x_wconf 87' lang='lat' dir='ltr'><strong>Theophrastus</strong></span> <span class='ocrx_word' id='word_1_764' title='bbox 2666 4925 2720 4980; x_wconf 94' lang='lat' dir='ltr'><strong>in</strong></span> <span class='ocrx_word' id='word_1_765' title='bbox 2770 4925 2865 4980; x_wconf 92' lang='lat' dir='ltr'><strong>lib.</strong></span> <span class='ocrx_word' id='word_1_766' title='bbox 2897 4923 2966 4979; x_wconf 78' lang='lat' dir='ltr'><strong>IV</strong></span> <span class='ocrx_word' id='word_1_767' title='bbox 3001 4924 3147 4979; x_wconf 80' lang='lat' dir='ltr'><strong>Hist.</strong></span> <span class='ocrx_word' id='word_1_768' title='bbox 3172 4923 3366 4992; x_wconf 82' lang='lat' dir='ltr'><strong>plaut.,</strong></span> 
     </span>
    </p>
   </div>
   <div class='ocr_carea' id='block_1_111' title="bbox 1800 5015 3370 5092">
    <p class='ocr_par' dir='ltr' id='par_1_111' title="bbox 1800 5015 3370 5092">
     <span class='ocr_line' id='line_1_111' title="bbox 1800 5015 3370 5092; baseline -0.005 -14"><span class='ocrx_word' id='word_1_769' title='bbox 1800 5037 1920 5092; x_wconf 89' lang='lat' dir='ltr'><strong>cap.</strong></span> <span class='ocrx_word' id='word_1_770' title='bbox 1966 5019 2059 5073; x_wconf 83' lang='lat' dir='ltr'><strong>XII</strong></span> <span class='ocrx_word' id='word_1_771' title='bbox 2103 5018 2484 5074; x_wconf 91' lang='lat' dir='ltr'><strong>Boedromioni</strong></span> <span class='ocrx_word' id='word_1_772' title='bbox 2537 5019 2768 5087; x_wconf 90' lang='lat' dir='ltr'><strong>imputat</strong></span> <span class='ocrx_word' id='word_1_773' title='bbox 2803 5036 2818 5072; x_wconf 89' lang='lat'><strong>:</strong></span> <span class='ocrx_word' id='word_1_774' title='bbox 2859 5031 2960 5071; x_wconf 89' lang='lat' dir='ltr'><strong>nec</strong></span> <span class='ocrx_word' id='word_1_775' title='bbox 3011 5015 3079 5071; x_wconf 93' lang='lat' dir='ltr'><strong>de</strong></span> <span class='ocrx_word' id='word_1_776' title='bbox 3119 5023 3264 5078; x_wconf 86' lang='lat' dir='ltr'><strong>ortu,</strong></span> <span class='ocrx_word' id='word_1_777' title='bbox 3300 5031 3370 5070; x_wconf 87' lang='lat' dir='ltr'><strong>an</strong></span> 
     </span>
    </p>
   </div>
   <div class='ocr_carea' id='block_1_112' title="bbox 1801 5107 3373 5181">
    <p class='ocr_par' dir='ltr' id='par_1_112' title="bbox 1801 5107 3373 5181">
     <span class='ocr_line' id='line_1_112' title="bbox 1801 5107 3373 5181; baseline -0.006 -11"><span class='ocrx_word' id='word_1_778' title='bbox 1801 5127 2000 5170; x_wconf 90' lang='lat' dir='ltr'><strong>occasu</strong></span> <span class='ocrx_word' id='word_1_779' title='bbox 2032 5111 2306 5181; x_wconf 85' lang='lat' dir='ltr'><strong>loquatur,</strong></span> <span class='ocrx_word' id='word_1_780' title='bbox 2351 5110 2573 5166; x_wconf 88' lang='lat' dir='ltr'><strong>indicat.</strong></span> <span class='ocrx_word' id='word_1_781' title='bbox 2608 5109 2716 5181; x_wconf 88' lang='grc' dir='ltr'><strong>Τὴν</strong></span> <span class='ocrx_word' id='word_1_782' title='bbox 2748 5109 2805 5163; x_wconf 87' lang='grc' dir='ltr'><strong>δὲ</strong></span> <span class='ocrx_word' id='word_1_783' title='bbox 2845 5108 3013 5180; x_wconf 79' lang='grc' dir='ltr'>τομὴν</span> <span class='ocrx_word' id='word_1_784' title='bbox 3040 5107 3244 5180; x_wconf 81' lang='grc' dir='ltr'>ὡραίαν</span> <span class='ocrx_word' id='word_1_785' title='bbox 3275 5107 3373 5177; x_wconf 84' lang='lat' dir='ltr'><strong>(ait</strong></span> 
     </span>
    </p>
   </div>
   <div class='ocr_carea' id='block_1_113' title="bbox 1803 5193 3374 5270">
    <p class='ocr_par' dir='ltr' id='par_1_113' title="bbox 1803 5193 3374 5270">
     <span class='ocr_line' id='line_1_113' title="bbox 1803 5193 3374 5270; baseline -0.004 -13"><span class='ocrx_word' id='word_1_786' title='bbox 1803 5202 1870 5257; x_wconf 88' lang='lat' dir='ltr'><strong>de</strong></span> <span class='ocrx_word' id='word_1_787' title='bbox 1921 5199 2132 5254; x_wconf 87' lang='lat' dir='ltr'><strong>calamo</strong></span> <span class='ocrx_word' id='word_1_788' title='bbox 2162 5198 2355 5270; x_wconf 87' lang='lat' dir='ltr'><strong>tibiali)</strong></span> <span class='ocrx_word' id='word_1_789' title='bbox 2402 5199 2507 5270; x_wconf 83' lang='grc' dir='ltr'><strong>πρὸ</strong></span> <span class='ocrx_word' id='word_1_790' title='bbox 2541 5197 2894 5267; x_wconf 82' lang='grc' dir='ltr'><strong>Ἀντιγενίδου</strong></span> <span class='ocrx_word' id='word_1_791' title='bbox 2939 5198 3058 5268; x_wconf 82' lang='grc' dir='ltr'><strong>μὲν,</strong></span> <span class='ocrx_word' id='word_1_792' title='bbox 3093 5195 3232 5268; x_wconf 73' lang='grc' dir='ltr'><strong>ἡνίκ’</strong></span> <span class='ocrx_word' id='word_1_793' title='bbox 3275 5193 3374 5266; x_wconf 60' lang='lat' dir='ltr'><strong>n5-</strong></span> 
     </span>
    </p>
   </div>
   <div class='ocr_carea' id='block_1_114' title="bbox 1801 5288 3370 5366">
    <p class='ocr_par' dir='ltr' id='par_1_114' title="bbox 1801 5288 3370 5366">
     <span class='ocr_line' id='line_1_114' title="bbox 1801 5288 3370 5366; baseline -0.005 -18"><span class='ocrx_word' id='word_1_794' title='bbox 1801 5295 1926 5349; x_wconf 87' lang='grc' dir='ltr'>λουν</span> <span class='ocrx_word' id='word_1_795' title='bbox 1945 5293 2250 5357; x_wconf 84' lang='grc' dir='ltr'><strong>ἀπλάστως,</strong></span> <span class='ocrx_word' id='word_1_796' title='bbox 2285 5295 2377 5347; x_wconf 73' lang='grc' dir='ltr'><strong>ὑπ’</strong></span> <span class='ocrx_word' id='word_1_797' title='bbox 2402 5294 2730 5366; x_wconf 78' lang='grc' dir='ltr'><strong>Ἀρκτούρῳ,</strong></span> <span class='ocrx_word' id='word_1_798' title='bbox 2759 5290 3163 5364; x_wconf 80' lang='grc' dir='ltr'><strong>Βοηδρομιῶνος</strong></span> <span class='ocrx_word' id='word_1_799' title='bbox 3187 5288 3370 5359; x_wconf 85' lang='grc' dir='ltr'><strong>μηνός.</strong></span> 
     </span>
    </p>
   </div>
   <div class='ocr_carea' id='block_1_115' title="bbox 1808 5380 3367 5454">
    <p class='ocr_par' dir='ltr' id='par_1_115' title="bbox 1808 5380 3367 5454">
     <span class='ocr_line' id='line_1_115' title="bbox 1808 5380 3367 5454; baseline -0.004 -16"><span class='ocrx_word' id='word_1_800' title='bbox 1808 5404 1828 5438; x_wconf 71' lang='grc' dir='ltr'><strong>ι</strong></span> <span class='ocrx_word' id='word_1_801' title='bbox 1863 5386 2006 5441; x_wconf 77' lang='lat' dir='ltr'><strong>Caedi</strong></span> <span class='ocrx_word' id='word_1_802' title='bbox 2035 5385 2358 5454; x_wconf 89' lang='lat' dir='ltr'><strong>tempestive</strong></span> <span class='ocrx_word' id='word_1_803' title='bbox 2383 5386 2598 5448; x_wconf 91' lang='lat' dir='ltr'><strong>solitas,</strong></span> <span class='ocrx_word' id='word_1_804' title='bbox 2633 5399 2810 5454; x_wconf 90' lang='lat' dir='ltr'><strong>usque</strong></span> <span class='ocrx_word' id='word_1_805' title='bbox 2851 5383 2920 5438; x_wconf 89' lang='lat' dir='ltr'><strong>ad</strong></span> <span class='ocrx_word' id='word_1_806' title='bbox 2968 5380 3367 5452; x_wconf 80' lang='lat' dir='ltr'><strong>Antigenid&#39;em,</strong></span> 
     </span>
    </p>
   </div>
   <div class='ocr_carea' id='block_1_116' title="bbox 1804 5473 3367 5548">
    <p class='ocr_par' dir='ltr' id='par_1_116' title="bbox 1804 5473 3367 5548">
     <span class='ocr_line' id='line_1_116' title="bbox 1804 5473 3367 5548; baseline -0.006 -15"><span class='ocrx_word' id='word_1_807' title='bbox 1804 5493 1930 5534; x_wconf 90' lang='lat' dir='ltr'><strong>cum</strong></span> <span class='ocrx_word' id='word_1_808' title='bbox 1961 5477 2140 5532; x_wconf 89' lang='lat' dir='ltr'><strong>adhuc</strong></span> <span class='ocrx_word' id='word_1_809' title='bbox 2167 5477 2474 5548; x_wconf 90' lang='lat' dir='ltr'><strong>simplicius</strong></span> <span class='ocrx_word' id='word_1_810' title='bbox 2501 5478 2632 5531; x_wconf 90' lang='lat' dir='ltr'><strong>tibia</strong></span> <span class='ocrx_word' id='word_1_811' title='bbox 2657 5483 2962 5540; x_wconf 89' lang='lat' dir='ltr'><strong>uterentur,</strong></span> <span class='ocrx_word' id='word_1_812' title='bbox 2982 5474 3083 5530; x_wconf 88' lang='lat' dir='ltr'><strong>sub</strong></span> <span class='ocrx_word' id='word_1_813' title='bbox 3110 5473 3367 5533; x_wconf 83' lang='lat' dir='ltr'><strong>Arcturo,</strong></span> 
     </span>
    </p>
   </div>
   <div class='ocr_carea' id='block_1_117' title="bbox 1805 5561 3370 5632">
    <p class='ocr_par' dir='ltr' id='par_1_117' title="bbox 1805 5561 3370 5632">
     <span class='ocr_line' id='line_1_117' title="bbox 1805 5561 3370 5632; baseline -0.008 -7"><span class='ocrx_word' id='word_1_814' title='bbox 1805 5585 1994 5625; x_wconf 89' lang='lat' dir='ltr'><strong>mense</strong></span> <span class='ocrx_word' id='word_1_815' title='bbox 2044 5567 2458 5622; x_wconf 89' lang='lat' dir='ltr'><strong>Boedromione.</strong></span> <span class='ocrx_word' id='word_1_816' title='bbox 2501 5586 2520 5620; x_wconf 72' lang='grc' dir='ltr'><strong>ι</strong></span> <span class='ocrx_word' id='word_1_817' title='bbox 2559 5566 2633 5629; x_wconf 85' lang='lat' dir='ltr'><strong>De</strong></span> <span class='ocrx_word' id='word_1_818' title='bbox 2662 5574 2788 5620; x_wconf 89' lang='lat' dir='ltr'><strong>ortu</strong></span> <span class='ocrx_word' id='word_1_819' title='bbox 2837 5576 3018 5620; x_wconf 90' lang='lat' dir='ltr'><strong>tamen</strong></span> <span class='ocrx_word' id='word_1_820' title='bbox 3071 5561 3370 5632; x_wconf 85' lang='lat' dir='ltr'><strong>intelligen-</strong></span> 
     </span>
    </p>
   </div>
   <div class='ocr_carea' id='block_1_118' title="bbox 1806 5647 3371 5727">
    <p class='ocr_par' dir='ltr' id='par_1_118' title="bbox 1806 5647 3371 5727">
     <span class='ocr_line' id='line_1_118' title="bbox 1806 5647 3371 5727; baseline -0.008 -14"><span class='ocrx_word' id='word_1_821' title='bbox 1806 5658 1934 5714; x_wconf 91' lang='lat' dir='ltr'><strong>dum</strong></span> <span class='ocrx_word' id='word_1_822' title='bbox 1966 5671 2109 5720; x_wconf 86' lang='lat' dir='ltr'><strong>esse.</strong></span> <span class='ocrx_word' id='word_1_823' title='bbox 2135 5656 2430 5727; x_wconf 87' lang='lat' dir='ltr'><strong>persuadet</strong></span> <span class='ocrx_word' id='word_1_824' title='bbox 2462 5655 2663 5727; x_wconf 83' lang='lat' dir='ltr'><strong>gradus</strong></span> <span class='ocrx_word' id='word_1_825' title='bbox 2695 5653 2954 5725; x_wconf 82' lang='lat' dir='ltr'><strong>Virginis,</strong></span> <span class='ocrx_word' id='word_1_826' title='bbox 2979 5667 3090 5723; x_wconf 90' lang='lat' dir='ltr'><strong>quo</strong></span> <span class='ocrx_word' id='word_1_827' title='bbox 3118 5665 3242 5705; x_wconf 84' lang='lat' dir='ltr'><strong>cum</strong></span> <span class='ocrx_word' id='word_1_828' title='bbox 3273 5647 3371 5703; x_wconf 77' lang='lat' dir='ltr'><strong>Ju-</strong></span> 
     </span>
    </p>
   </div>
   <div class='ocr_carea' id='block_1_119' title="bbox 1808 5741 3366 5824">
    <p class='ocr_par' dir='ltr' id='par_1_119' title="bbox 1808 5741 3366 5824">
     <span class='ocr_line' id='line_1_119' title="bbox 1808 5741 3366 5824; baseline -0.008 -18"><span class='ocrx_word' id='word_1_829' title='bbox 1808 5750 1952 5806; x_wconf 91' lang='lat' dir='ltr'><strong>liano</strong></span> <span class='ocrx_word' id='word_1_830' title='bbox 1973 5749 2173 5806; x_wconf 65' lang='lat' dir='ltr'><strong>saeculo</strong></span> <span class='ocrx_word' id='word_1_831' title='bbox 2195 5763 2358 5824; x_wconf 85' lang='lat' dir='ltr'><strong>supra</strong></span> <span class='ocrx_word' id='word_1_832' title='bbox 2381 5747 2647 5803; x_wconf 81' lang='lat' dir='ltr'><strong>ﬁnitorem</strong></span> <span class='ocrx_word' id='word_1_833' title='bbox 2673 5747 3037 5810; x_wconf 84' lang='lat' dir='ltr'><strong>attollebatur,</strong></span> <span class='ocrx_word' id='word_1_834' title='bbox 3058 5757 3248 5808; x_wconf 87' lang='lat' dir='ltr'><strong>nempe</strong></span> <span class='ocrx_word' id='word_1_835' title='bbox 3280 5741 3366 5796; x_wconf 67' lang='lat' dir='ltr'><strong>lt.</strong></span> 
     </span>
    </p>
   </div>
  </div>
