3808 6338
453 351 585 409 1571

1443 358 1536 412 AD
1573 357 1840 415 EUSEBII
1870 357 2261 415 CIIRONICON
2302 357 2660 415 APPENDIX.

3564 358 3688 415 13ῖὶ

455 468 586 524 Item
609 468 679 523 de
707 469 918 526 heliaco
951 480 1003 527 et
1034 482 1330 542 apparente
1357 472 1507 543 loqui
1538 475 1883 543 perspicuum
1915 485 2018 536 est,
2051 481 2095 538 Α
2192 473 2450 546 Polybius
2489 475 2657 530 Iib.'l
2703 472 2895 530 scribit
2923 471 3225 528 'Romanos
3279 472 3350 541 in‘
3392 473 3622 530 Africam
3661 493 3682 532 ε

454 572 570 617 tum
597 564 746 634 quod
771 571 1092 634 apparentes
1117 567 1324 634 potius,
1356 582 1520 636 quam
1553 582 1712 620 veros
1740 568 1809 621 ab
1835 577 2023 620 aucto-

451 654 610 710 ribus
645 655 935 710 memorari
963 655 1224 722 diximus,
1270 665 1384 710 tum
1416 659 1561 727 quod
1599 660 1652 711 in
1686 657 1925 729 Virginis
1953 659 2024 712 27

2131 567 2316 621 Sicilia
2351 568 2635 636 trajeclsse
2669 567 2812 620 inter
2842 573 3022 620 ortum
3059 563 3276 621 Orionis
3322 576 3378 621 et
3427 565 3575 630 Sirii,
3607 569 3682 621 in-

2126 659 2415 712 commoda
2469 665 2811 728 tempestate.
2866 654 3055 710 Ortum
3105 657 3400 728 utrobique
3451 658 3682 726 intelligit

453 745 676 816 gradum
718 746 955 803 incidere
989 748 1238 804 videmus
1297 750 1567 804 heliacum
1610 757 1813 814 ortum,
1855 751 1906 804 id
1938 759 2023 805 est
2117 748 2419 802 heliacum.
2451 748 2586 802 Nam
2621 747 2800 802 Sirius
2830 746 3136 802 Leontonos
3169 762 3286 809 vut,
3331 749 3554 802 ineunte
3586 749 3681 801 Au-

451 853 638 892 verum
669 848 722 892 et
745 838 1468 896 cosmicum.-Parthenonis
1515 857 1680 911 porro
1726 858 1868 896 xxvu
1905 843 2021 897 dies

452 928 504 982 in
527 927 851 984 Kalendario
874 929 943 984 ad
975 929 1309 999 Septembris
1341 948 1431 986 ιιι
1471 934 1801 999 adnotatur;
1843 933 2021 988 Theo-

452 1022 658 1090 phrasti
692 1038 824 1078 vero
865 1026 1069 1080 saeculo
1095 1026 1302 1095 aliquot
1346 1033 1468 1080 ante
1499 1025 1691 1081 diebus
1719 1025 2016 1082 accidebat.

451 1111 692 1185 Denique
735 1115 1184 1172 Boedromionem
1217 1118 1422 1173 scimus
1466 1118 1690 1172 tertium
1739 1119 1809 1172 ab
1837 1118 2020 1173 solsti-

451 1206 564 1259 tiali
617 1223 857 1264 mensem
919 1208 1092 1265 fuisse
1155 1209 1425 1264 lunarem.
1460 1208 1782 1264 Ptolemasus
1833 1219 2020 1264 noster

449 1306 629 1351 ortum
702 1300 918 1355 confert
993 1300 1214 1356 Arcturi
1283 1301 1341 1354 in
1392 1315 1517 1354 xxvi
1579 1298 1912 1370 Septembris
1965 1311 2018 1355 et

449 1387 704 1444 Octobris
737 1405 825 1456 ιιι,
855 1399 1025 1446 recte.

516 1477 723 1536 Plinius
739 1481 856 1551 (lib.
878 1481 1064 1550 XVIII,
1081 1499 1131 1538 c.
1152 1481 1364 1551 XXVI),
1387 1484 1628 1538 eamdem
1652 1483 1866 1536 Arcturi
1889 1484 2018 1537 stel-

445 1570 554 1624 lam
586 1573 785 1626 asserit
812 1581 1059 1628 exortum
1094 1576 1460 1645 vespertinum
1497 1574 1675 1629 facere
1707 1590 1781 1627 vu
1815 1574 2014 1628 Kalen-

447 1661 546 1716 das
583 1661 785 1728 Martii,
814 1657 1112 1720 Columella
1146 1681 1276 1720 vero
1310 1681 1362 1719 ιι
1397 1664 1690 1721 Kalendas.
1748 1667 1802 1719 In
1857 1667 2018 1722 later-

447 1754 573 1807 culo
629 1762 822 1810 nostro
881 1759 1225 1828 acronychus
1281 1767 1503 1812 exortus
1563 1758 1783 1810 Arcturi
1840 1757 1897 1811 fit
1957 1759 2011 1812 in

447 1840 618 1910 gradu
649 1843 887 1900 Piscium
939 1847 1027 1912 II,
1059 1847 1112 1904 id
1157 1857 1241 1902 est
1292 1847 1620 1918 lehthyonos
1663 1865 1772 1912 xlv,
1803 1865 1923 1920 qnze
1957 1851 2010 1904 in

448 1933 778 1991 Kalendario
827 1935 1005 1992 Martii
1061 1953 1094 1993 v
1151 1933 1425 1994 convenit.
1473 1937 1706 2002 Verum,
1756 1948 1815 1994 ut
1874 1957 2017 2012 saepe

449 2025 660 2080 dictum
697 2035 805 2092 est,
842 2039 996 2084 ortus
1032 2031 1376 2100 vespertinus
1413 2045 1595 2092 verus,
1629 2047 1787 2101 quem
1832 2033 2016 2086 tabula

450 2119 674 2187 praebet,
706 2122 977 2190 posterior
1015 2127 1099 2176 est
1148 2122 1451 2192 apparenti.
1500 2121 1624 2175 Ideo
1666 2125 1871 2193 aliquot
1898 2124 2018 2178 die-

449 2208 554 2264 lius
587 2219 709 2280 post
740 2225 996 2268 occasum
1044 2213 1213 2268 solem
1253 2215 1505 2269 exoriens
1545 2216 1696 2269 stella
1729 2224 2016 2286 prospecta

449 2309 555 2366 est,
585 2300 757 2357 donec
783 2319 968 2358 verum
1022 2305 1090 2359 ad
1130 2315 1377 2360 exortum
1413 2307 1738 2376 perveniret.
1785 2308 1853 2360 At
1898 2306 2020 2360 Fir-

447 2392 624 2449 micus
666 2394 759 2448 lib.
805 2383 938 2458 VIII,
995 2411 1118 2466 cap.
1170 2397 1310 2461 XIV,
1362 2398 1654 2453 Arcturum
1717 2400 1905 2453 scribit
1961 2400 2015 2453 in

445 2492 599 2554 parte
656 2483 939 2556 Sagittarii
987 2490 1177 2558 quinta
1231 2498 1410 2544 ortum
1464 2491 1692 2545 facere:
1737 2491 1880 2561 quod
1933 2500 2016 2545 est

446 2576 821 2632 fulsissimum.
855 2580 1125 2635 Occasum
1162 2583 1532 2652 acronychum
1582 2583 1780 2636 alicubi
1815 2583 2017 2654 legerat

445 2669 500 2721 in
536 2684 598 2722 ea
630 2678 785 2738 parte
825 2671 943 2726 fieri
969 2690 981 2727 :
1015 2688 1114 2742 pro
1143 2689 1250 2742 quo
1283 2674 1656 2743 imprudenter
1685 2682 1862 2728 ortum
1893 2674 2015 2728 red-

442 2759 600 2844 didit.
645 2761 1000 2834 Acronychus
1057 2781 1290 2821 occasus
1337 2765 1551 2821 Juliano
1613 2768 1812 2822 saeculo
1852 2767 2015 2821 ﬁebat

443 2850 501 2904 in
556 2861 710 2921 parte
761 2851 1038 2923 Sagittarii
1098 2858 1154 2922 4,
1214 2857 1462 2918 heliacus
1519 2868 1698 2914 autem
1752 2860 1806 2913 in
1863 2869 2016 2929 parte

444 2941 658 3013 Scorpii
692 2944 997 3001 undecima.
1031 2946 1204 3002 Porro
1239 2951 1524 3004 undecima
1557 2951 1673 3005 dies
1699 2950 2014 3020 Scorpionis

442 3035 620 3104 pridie
656 3035 838 3093 Nonas
866 3038 1198 3096 Novembres
1236 3041 1291 3094 in
1331 3051 1521 3095 nostro
1555 3041 1880 3096 Kalendario
1916 3058 2014 3095 no-

437 3134 629 3182 tatur:
667 3129 812 3184 circa
842 3146 1003 3200 quem
1037 3131 1178 3186 diem
1211 3147 1241 3185 a
1275 3132 1450 3186 Plinio
1492 3142 1545 3188 et
1591 3133 1885 3187 Columella
1917 3147 2013 3202 po-
2041 3154 2086 3214 ε

444 3216 614 3282 nitur,
656 3217 759 3272 hoc
787 3228 872 3274 est
901 3221 1089 3292 paucis
1135 3230 1259 3277 ante
1291 3222 1505 3285 diebus,
1540 3230 1599 3275 ut
1642 3239 1706 3275 ex
1739 3221 2008 3276 Kalenda-

445 3307 547 3371 rio,
588 3320 751 3378 quem
793 3325 862 3365 ex
905 3312 1173 3367 ambobus
1211 3322 1266 3368 et
1304 3312 1499 3368 Ovidio
1540 3311 1899 3377 confecimus,
1946 3313 2013 3366 li-

441 3407 590 3468 quet,
618 3403 875 3471 quoniam
906 3418 1174 3474 apparens
1199 3420 1432 3461 occasus
1458 3405 1802 3475 vespertinus
1827 3421 2012 3459 verum

443 3492 734 3547 antecedit.
791 3491 1035 3564 Denique
1089 3495 1386 3550 Columella
1435 3497 1529 3550 lib.
1584 3495 1677 3561 IX,
1717 3511 1838 3565 cap.
1873 3495 2014 3563 XIV,

443 3581 637 3636 scribit
661 3582 953 3638 Arcturum
975 3587 1107 3638 oriri
1135 3596 1256 3656 post
1273 3587 1784 3657 quinquagesimum
1815 3603 1844 3639 a
1873 3587 2017 3640 cani-

442 3673 566 3726 cula
595 3673 739 3728 diem
771 3691 786 3728 :
819 3674 964 3744 quod
992 3675 1058 3730 de
1088 3684 1210 3730 ortu
1243 3677 1452 3732 heliaco
1479 3693 1664 3730 verum
1690 3685 1793 3730 est.
1829 3675 2007 3732 Sirius

441 3765 721 3819 oriebatur
749 3765 950 3820 Caesari
977 3767 1284 3822 Leontonos
1320 3783 1436 3828 vtu,
1471 3768 1524 3822 id
1565 3777 1649 3823 est
1689 3767 1914 3838 Augusti
1953 3785 2012 3833 ιι,

443 3851 713 3907 Arcturus
764 3851 1142 3908 Parthenonos
1185 3870 1357 3918 xxvu,
1408 3856 1751 3910 intervallum
1801 3857 2012 3912 dierum

446 3941 844 4013 Quinquaginta
872 3944 1194 3999 solidorum.

513 4037 766 4094 Orionem
801 4038 1208 4111 Theophrastus
1229 4041 1304 4094 ait
1325 4041 1454 4095 oriri
1481 4043 1537 4093 ὲν
1572 4044 1714 4113 ἀρχῇ
1744 4042 1841 4113 τῆς
1874 4040 2017 4094 6πώ-

443 4147 577 4204 ρας·
610 4131 786 4186 δύνειν
822 4135 879 4186 ἐν
911 4134 1051 4204 ἀρχῇ
1079 4131 1172 4186 τοῦ
1207 4134 1489 4205 χειμῶνος,
1531 4133 1621 4188 ubi
1665 4131 1885 4204 ὀπώραν
1913 4148 2012 4204 pro

441 4224 740 4280 inclinante
765 4225 878 4295 jam
910 4235 1096 4281 testate
1119 4228 1305 4292 sumit,
1345 4227 1537 4283 diebus
1582 4227 1792 4296 aliquot
1823 4241 1851 4279 a
1883 4242 2014 4281 con-

444 4314 586 4370 fecto
630 4316 884 4371 solstitio.
936 4315 994 4370 In
1039 4318 1326 4382 laterculo,
1370 4319 1555 4373 lucida
1595 4318 1749 4389 pedis
1796 4316 2016 4374 Orionis

441 4407 710 4463 heliaeum
758 4417 941 4464 ortum
995 4408 1127 4464 facit
1165 4409 1488 4468 Careinonis
1543 4428 1698 4474 xvut,
1735 4409 1863 4464 Julii
1913 4427 2009 4464 xu.

2124 851 2308 908 gusto,
2337 837 2504 893 Orion
2547 840 2708 909 paulo
2742 849 2863 908 post
2896 841 3185 895 solstitium
3218 841 3351 894 oriri
3381 840 3678 908 incipiebat.

2121 930 2263 1001 Ergo
2291 931 2436 988 Julio
2465 949 2650 987 mense
2679 935 3027 1003 navigarunt.
3064 932 3153 986 Sic
3187 931 3462 986 Hesiodus
3506 934 3681 988 messis

2124 1039 2188 1078 ac
2217 1025 2428 1079 tritura:
2456 1034 2674 1094 tempus
2704 1025 3107 1080 circumscribit
3138 1024 3360 1080 Orionis
3390 1035 3580 1078 exortu
3605 1041 3620 1079 :

2191 1177 2206 1194 .
2251 1180 2264 1192 .
2305 1179 2318 1192 .
2355 1133 2492 1190 Εὗτ“
2527 1137 2603 1190 ἂν
2635 1137 2834 1205 πρῶτα
2869 1137 3028 1207 φανῇ
3060 1138 3242 1207 μένος
3287 1139 3586 1206 Ὠρίωνος-⁸

2121 1271 2129 1305 r
2192 1293 2205 1306 .
2246 1288 2261 1302 .
2305 1289 2318 1302 .
2359 1248 2489 1304 Cum
2519 1252 2745 1319 primum
2790 1267 3039 1320 apparere
3076 1252 3226 1320 (cepit
3268 1251 3432 1305 robur
3463 1250 3678 1306 Orionis.

2189 1358 2390 1414 Leonis
2427 1359 2481 1413 in
2512 1369 2730 1429 pectore
2783 1361 2929 1413 clara
2980 1361 3135 1414 stella
3176 1361 3381 1414 occidit
3418 1377 3562 1415 xxvn
3601 1359 3679 1416 Ja-

2116 1451 2320 1515 nuarii,
2356 1459 2414 1504 ut
2453 1451 2646 1530 scribit
2687 1451 3010 1515 Columella,
3044 1461 3101 1505 ut
3145 1451 3399 1515 Ovidius,
3449 1468 3593 1506 xxiv.
3631 1452 3679 1505 ln

2117 1541 2382 1595 laterculo
2409 1553 2600 1597 nostro
2629 1541 2815 1596 eadem
2849 1542 3002 1596 stella
3029 1542 3319 1612 llydronos
3352 1544 3516 1597 tertio
3540 1559 3681 1596 mane

2113 1633 2336 1695 occidit,
2373 1648 2599 1702 prorsus
2633 1640 2691 1686 ut
2729 1631 2953 1687 Ovidius
2997 1634 3182 1694 refert,
3232 1629 3484 1685 Januarii
3547 1648 3678 1686 xxiv.

2116 1723 2295 1788 Quare
2325 1723 2391 1777 de
2425 1737 2624 1777 occasu
2663 1723 2906 1777 cosmico
2933 1721 3234 1790 capiendus
3274 1729 3384 1776 est.
3427 1723 3494 1775 At
3534 1722 3682 1775 Colu-

2043 1826 2084 1879 Β
2112 1812 2270 1867 mella
2297 1812 2494 1869 Leonis
2526 1815 2726 1867 claram
2757 1815 2810 1867 in
2854 1824 3071 1882 pectore
3114 1813 3328 1867 stellam
3373 1813 3576 1881 exoriri
3609 1827 3684 1866 as-

2119 1906 2251 1960 serit
2282 1921 2335 1960 ιι
2369 1904 2638 1962 Kalendas
2677 1906 2904 1977 Augusti
2943 1913 2996 1960 et
3037 1905 3214 1975 pridie
3242 1903 3430 1960 Nonas
3466 1905 3682 1976 Augusti

2119 1996 2352 2053 Leonem
2391 1999 2525 2052 oriri
2549 1999 2815 2053 medium.
2852 1997 3008 2064 Quod
3034 1997 3102 2053 de
3132 1998 3345 2054 heliaco
3379 2014 3491 2052 non
3524 2008 3684 2067 potest

2119 2089 2328 2158 accipi;
2359 2091 2451 2158 qui
2495 2089 2806 2144 Leontonos
2837 2106 2990 2151 xvtu,
3042 2089 3270 2160 Augusti
3320 2107 3399 2143 xu
3443 2091 3682 2159 primitus

2117 2181 2369 2250 occmpit,
2401 2182 2467 2235 ad
2495 2197 2680 2234 verum
2717 2190 2769 2234 et
2803 2181 3099 2235 cosmicum
3131 2181 3325 2234 referri
3369 2190 3566 2251 potest.
3596 2182 3680 2233 At-

2117 2273 2207 2340 qui
2255 2270 2464 2327 Plinius
2517 2273 2612 2327 lib.
2649 2270 2850 2337 XVIII,
2891 2287 3012 2343 cap.
3058 2271 3298 2338 XXVIII,
3332 2293 3349 2324 ι
3382 2276 3544 2329 tertio
3588 2272 3681 2327 Ka-

2117 2362 2340 2428 lendas,
2398 2364 2505 2428 ait,
2585 2364 2815 2432 Augusti
2880 2365 3083 2420 mensis
3160 2365 3310 2434 regia
3364 2365 3419 2420 in
3481 2374 3679 2436 pectore

2117 2456 2314 2509 Leonis
2339 2455 2493 2510 stella
2527 2456 2791 2508 matutino
2821 2456 3022 2510 Caesari
3066 2457 3432 2527 immergitur.
3470 2478 3488 2510 ι
3523 2458 3677 2512 Matu-

2115 2547 2288 2599 tinum
2329 2562 2584 2601 occasum
2636 2548 2751 2602 haec
2789 2548 2952 2601 verba
3006 2548 3430 2614 demonstrant,
3491 2551 3578 2620 qui
3631 2550 3675 2602 in

2115 2636 2340 2706 Aquarii
2385 2638 2556 2706 gradu
2589 2639 2772 2699 tertio,
2796 2636 3040 2692 Januarii
3066 2654 3194 2692 xxiv
3220 2641 3446 2694 accidit.
3481 2640 3675 2696 Mende-

2117 2745 2212 2784 sus
2239 2743 2371 2797 ergo
2397 2729 2549 2782 locus
2578 2740 2662 2782 est
2693 2729 2872 2792 Plinii,
2901 2746 2965 2785 ac
3009 2731 3299 2801 legendum
3347 2735 3572 2788 omnino
3607 2744 3674 2789 est

2120 2838 2139 2870 ι
2181 2820 2429 2889 emergit,
2465 2839 2482 2870 ι
2513 2821 2594 2875 vel
2623 2840 2639 2871 ι
2697 2823 3013 2892 emergitur,
3048 2840 3067 2873 ι
3107 2824 3159 2876 id
3203 2831 3291 2878 est
3344 2825 3523 2878 oritur
3569 2842 3673 2880 cum

2117 2911 2252 2966 sole.

2201 3004 2461 3060 Geminus
2528 3021 2781 3061 occasum
2851 3006 3049 3062 Leonis
3110 3017 3488 3065 consentanee
3547 3011 3676 3080 ponit

2117 3099 2338 3170 Aquarii
2394 3101 2653 3157 secundo.
2714 3096 3036 3156 Ptolema'ms
3091 3100 3316 3156 Leouici
3380 3104 3673 3158 hasiliscuui

2117 3191 2365 3246 occidere
2403 3194 2592 3246 scribit
2619 3209 2668 3246 γι
2695 3192 2963 3248 Kalendas
3001 3192 3306 3258 Februarii,
3353 3197 3471 3250 sive
3496 3195 3673 3249 Janua-

2117 3285 2183 3338 rii
2239 3301 2405 3339 xxvu.
2457 3283 2678 3340 Graecus
2737 3294 2916 3340 autem
2969 3302 2998 3338 a
3050 3287 3210 3340 nobis
3266 3288 3456 3342 editus
3510 3291 3676 3342 statuit

2115 3376 2355 3444 ejusdem
2387 3392 2643 3432 occasum
2687 3377 2739 3430 in
2765 3375 3033 3440 Januarii,
3089 3379 3173 3433 vel
3221 3377 3361 3448 Tybi
3413 3396 3564 3447 xxu;
3593 3395 3675 3433 nec

2115 3483 2222 3522 non
2257 3469 2481 3533 Mecbir,
2514 3470 2595 3524 vel
2634 3467 2918 3524 Februarii
2967 3487 3040 3525 vt.
3090 3471 3294 3526 Sextus
3328 3470 3537 3528 Mechir
3561 3487 3673 3527 con-

2116 3563 2261 3617 venit
2286 3559 2534 3616 Januarii
2565 3561 2779 3616 ultimo.

2185 3653 2330 3706 Inter
2357 3651 2570 3723 Hyades
2601 3653 2940 3708 lucidissima
2973 3661 3078 3718 est,
3103 3670 3227 3724 quae
3253 3654 3309 3708 in
3338 3655 3501 3710 oculo
3533 3654 3672 3708 Tauri

2115 3745 2290 3812 posita
2316 3742 2621 3799 Palilicium
2655 3745 2808 3799 sidus
2851 3761 2882 3798 a
2927 3744 3189 3800 Romanis
3242 3757 3498 3802 vocatur.
3528 3746 3674 3801 Occa-

2114 3851 2234 3888 squ
2261 3833 2506 3905 llyadum
2548 3833 2714 3890 refert
2758 3835 3028 3891 llesiodus
3069 3838 3124 3892 in
3160 3838 3306 3893 idem
3348 3848 3561 3910 tempus
3583 3853 3672 3906 quo

2115 3923 2359 3981 Pleiades
2383 3935 2437 3983 et
2467 3926 2636 3980 Orion
2672 3928 2968 3992 occidunt;
3000 3927 3163 3998 idque
3221 3931 3469 3984 aratioui
3495 3944 3669 3999 oppor-

2115 4027 2306 4072 tunum
2333 4034 2458 4074 esse
2486 4019 2680 4074 scribit
2711 4019 2766 4072 in
2802 4019 3043 4075 secundo
3067 4021 3207 4074 libro
3232 4042 3244 4075 :

2470 4170 2484 4182 .
2527 4167 2543 4182 .
2586 4169 2599 4181 .
2641 4171 2654 4184 .
2700 4169 2712 4180 .
2756 4130 2952 4198 Αὐτὰρ
2979 4130 3140 4196 ἐπὴν
3161 4130 3239 4197 δὴ

2114 4197 2407 4264 Πληῖἀὸες
2429 4199 2699 4270 θ”Υάδες
2731 4217 2811 4260 τε,
2845 4197 2996 4253 τότε
3030 4200 3249 4267 σθένος
3292 4203 3562 4270 Ὠρίωνος

2114 4270 2385 4321 Δύνωσιν
2415 4309 2429 4333 ,
2461 4270 2576 4322 τότ’
2599 4269 2777 4322 ἔπειτ’
2807 4269 3022 4338 ἀρότου
3038 4269 3426 4340 μεμνημένος
3446 4269 3602 4327 εἶναι.

2113 4407 2124 4425 ⁵
2187 4397 2283 4453 llic
2331 4415 2584 4455 occasum
2635 4402 2963 4455 matutinum
3001 4401 3119 4457 sive
3145 4403 3454 4458 cosmicum
3487 4403 3666 4474 signiﬁ-

445 4498 550 4553 sed
587 4499 950 4570 Theophrasti
1000 4502 1223 4566 δειεειιιο⁷
1269 4510 1325 4558 ει
1373 4503 1603 4557 Athenis
1650 4503 1917 4556 maturius
1961 4502 2012 4555 id
2044 4507 2092 4565 ι)
2117 4499 2224 4543 cat.
2255 4488 2388 4544 Nam
2420 4492 2474 4545 in
2507 4493 2772 4546 laterculo
2795 4503 2984 4548 nostro
3024 4493 3334 4550 Palilieium
3363 4513 3521 4552 mane
3547 4496 3664 4550 occi-

445 4591 626 4646 Iiebat.
657 4589 857 4647 Verum
894 4600 1017 4662 post
1070 4602 1224 4649 ortus
1277 4594 1470 4649 heliaci
1519 4594 1663 4649 diem
1695 4609 1764 4648 ex
1812 4593 2013 4648 tabulis

443 4681 747 4737 confectum
785 4693 1109 4753 apparentes
1143 4683 1303 4739 iidem
1350 4693 1505 4739 ortus
1553 4683 1808 4738 matutini
1862 4699 2015 4752 repe-

442 4786 650 4831 tuntur.
693 4774 880 4846 Itaque
924 4785 1255 4847 propagatus
1304 4776 1394 4830 hic
1438 4785 1592 4830 ortus
1629 4784 1714 4831 est
1745 4791 1917 4845 usque
1947 4775 2012 4828 ad

439 4867 659 4937 ὀπώρας
689 4867 924 4921 initium.
956 4867 1026 4922 At
1049 4869 1350 4923 matutinus
1388 4882 1618 4922 occasus
1646 4867 1889 4936 ejusdem
1932 4867 2015 4940 lu-

442 4959 576 5012 cidas
619 4960 848 5030 contigit
893 4958 1225 5030 Scorpionos
1269 4976 1324 5024 v,
1373 4957 1630 5014 Octobris
1662 4976 1785 5013 xxix
1816 4977 1832 5026 ;
1865 4976 2015 5014 zeum

443 5052 620 5105 media
653 5050 984 5120 Scorpionos
1006 5067 1082 5106 xu
1119 5053 1342 5116 occidit,
1374 5051 1695 5106 Novembris
1723 5068 1794 5117 v;
1828 5052 2014 5105 hume‘

443 5156 538 5195 rus
565 5141 754 5197 dexter
781 5142 1116 5210 Scorpionos
1146 5158 1260 5207 ιιι,
1303 5141 1625 5198 Novembris
1670 5158 1776 5195 xw.
1829 5143 2014 5212 Itaque

440 5249 629 5288 verum
651 5247 734 5290 est
771 5235 991 5289 ineunte
1019 5235 1196 5290 hieme
1225 5233 1480 5289 Orionem
1525 5234 1814 5288 occidisse.
1865 5235 2010 5287 Con-

443 5326 668 5378 veniunt
695 5336 748 5381 et
794 5341 916 5396 quae
953 5326 1021 5381 de
1064 5325 1284 5382 Orionis
1321 5336 1443 5380 ortu
1493 5327 1562 5380 ab
1608 5324 1820 5388 Ovidio,
1847 5325 2010 5379 Colu-

444 5418 625 5479 mella,
660 5424 712 5471 et
745 5417 923 5472 Plinio
952 5419 1275 5488 produntur,
1308 5427 1368 5471 ut
1401 5433 1525 5472 cum
1564 5433 1755 5471 zonam
1793 5418 1942 5471 oriri-
1963 5434 2012 5471 νι

444 5508 714 5565 Kalendas
739 5507 871 5563 Julii
904 5521 1157 5566 asserunt
1198 5510 1424 5566 Ovidius
1471 5517 1525 5564 et
1577 5508 1810 5564 Plinius.
1842 5509 2014 5563 Media

447 5598 647 5668 quippe
692 5601 845 5662 stella
901 5601 1058 5656 baltei
1092 5603 1146 5656 in
1178 5601 1414 5672 Egypto
1451 5600 1791 5654 Careinonos
1818 5610 2014 5670 quarto

450 5689 652 5746 heliace
682 5693 956 5748 oriebatur
985 5693 1167 5751 Romm
1205 5709 1350 5759 xvu;
1385 5692 1479 5747 scd
1513 5702 1633 5748 ante
1663 5693 1800 5748 hanc
1835 5695 1889 5747 in
1917 5708 2012 5748 eo-

451 5778 570 5833 dem
595 5781 770 5837 balteo
804 5783 969 5840 altera
999 5788 1298 5858 consurgit.

2114 4584 2193 4638 dit
2224 4585 2278 4638 in
2306 4584 2476 4653 gradu
2501 4587 2533 4640 9
2570 4586 2783 4654 Scorpii
2815 4585 3018 4648 Romae,
3050 4586 3104 4639 id
3137 4598 3222 4641 est
3260 4587 3578 4644 Novembris
3602 4588 3660 4641 2.

2113 4691 2223 4744 quo
2249 4674 2337 4728 die
2357 4674 2658 4729 Columella
2687 4674 2852 4728 Tauri
2885 4685 3049 4744 caput
3067 4690 3330 4731 occasum
3359 4680 3534 4734 facere
3553 4678 3664 4732 scri-

2113 4767 2214 4830 bit,
2247 4774 2306 4820 ut
2345 4774 2401 4820 et
2429 4767 2690 4822 Geminus
2741 4783 2809 4822 ex
2855 4767 3101 4838 Calippo.
3133 4771 3204 4822 At
3233 4772 3291 4824 in
3321 4770 3554 4843 IEgypto
3573 4787 3665 4825 mae

2114 4863 2326 4919 tutinus
2351 4879 2582 4920 occasus
2627 4865 2785 4920 ﬁebat
2826 4866 2880 4919 in
2911 4865 3083 4935 gradu
3129 4865 3350 4936 Scorpii
3382 4866 3661 4922 undecimo.

2113 4956 2433 5013 Novembris
2465 4975 2534 5012 tv.
2559 4958 2726 5013 Porro
2749 4959 2890 5013 idem
2916 4959 3219 5012 Columella
3243 4959 3504 5015 Sueulam
3533 4971 3664 5012 mane

2114 5049 2360 5102 occidere
2407 5049 2483 5100 ait
2532 5065 2622 5102 ιιι
2669 5047 3009 5114 Novembris,
3079 5064 3298 5104 necnon
3368 5047 3662 5120 Bhapsodus

2115 5139 2206 5193 ille
2242 5139 2344 5194 sub
2387 5139 2607 5194 nomine
2649 5139 2920 5193 Ptolemaai
2945 5154 2982 5196 λι
3019 5138 3262 5194 Leonieo
3305 5140 3507 5195 editus.
3551 5137 3662 5190 Nam

2115 5228 2338 5284 Graecus
2374 5238 2560 5284 noster
2591 5231 2646 5283 in
2678 5228 3021 5293 Novembris,
3053 5230 3137 5283 vel
3176 5230 3354 5301 Athyr
3390 5247 3478 5285 xv:
3516 5229 3662 5282 Sucu-

2115 5321 2288 5374 Iarum
2315 5330 2494 5374 ortum
2540 5321 2865 5375 matutinum
2910 5321 3156 5390 conjicit.
3197 5321 3361 5391 Apud
3403 5321 3659 5377 Geminum
3750 5345 3751 5379 ξ

2115 5411 2361 5483 Hyadum
2407 5427 2639 5467 occasus
2683 5413 2773 5466 die
2816 5411 3150 5482 Scorpionos
3199 5430 3375 5480 xxvu,
3407 5432 3470 5470 ex
3497 5414 3655 5467 Eucte-

2116 5520 2310 5571 mone;
2334 5521 2396 5559 ex
2431 5504 2678 5569 Eudoxo,
2701 5521 2831 5558 xxix
2860 5505 3149 5574 contingit,
3175 5507 3272 5576 qui
3297 5505 3432 5562 Julii
3461 5505 3657 5562 Caesaris

2115 5609 2272 5654 aetate
2291 5599 2694 5669 respondebant
2724 5598 3048 5652 Novembris
3091 5601 3162 5652 ix
3209 5607 3265 5654 et
3310 5616 3426 5654 xxu
3452 5619 3467 5666 ;
3498 5598 3656 5652 Eucte

2117 5693 2292 5747 monis
2322 5709 2448 5746 vero
2473 5702 2524 5746 et
2564 5691 2768 5745 Eudoxi
2811 5693 3034 5758 saeculo,
3081 5692 3202 5746 dies
3251 5694 3379 5749 illos
3411 5688 3658 5747 antecedc-
3745 5723 3747 5745 ε

2119 5786 2267 5839 baut.
2299 5785 2392 5842 Hic
2417 5793 2497 5841 est
2527 5799 2795 5854 apparens
2824 5799 3057 5840 occasus
3086 5786 3397 5842 matutinus
3421 5782 3656 5852 Hyadum.
