3808 6300
97 349 218 404 1575

869 340 1326 400 DlSSERTATlO
1359 341 1448 397 DE
1486 341 1672 398 ORTU
1713 341 1801 397 ΕΤ
1844 342 2110 401 OCCASU
2152 326 2496 400 SIDERUMJ

3175 332 3323 391 ’1574

91 464 178 536 qui
204 471 290 521 est
319 479 454 518 vero
478 464 772 534 posterior.
802 463 927 520 Ideo
973 473 1098 534 pd'St
1134 465 1432 520 cosmicum
1465 478 1652 517 verum
1681 465 1728 520 Α
1759 461 1946 518 Romae
1981 464 2141 519 fiebat
2173 467 2228 516 in
2261 460 2430 532 gradu
2459 453 2779 528 Capricorni
2806 450 3113 512 undecimo,
3148 450 3200 505 id
3237 461 3323 505 cst

96 555 154 610 ad
196 555 315 610 dies
365 555 571 625 aliquot
618 555 963 609 extendﬂur:
993 553 1446 624 quemadmodum
1495 562 1648 608 ortus

93 648 432 714 vespertinus
464 659 625 699 verus
671 643 940 713 posterior
985 651 1068 698 est
1111 642 1518 713 apparentibus,
1555 641 1648 708 qui

93 737 334 808 pluribus
359 737 553 793 diebus
602 743 728 790 ante
750 735 902 789 illum
939 750 1082 804 saepe
1120 740 1443 803 repetuntur
1467 731 1524 785 in
1549 729 1652 784 Fa-

95 828 206 882 stis.
252 825 434 882 Verus
486 834 710 881 exortus
775 826 1121 896 vespertinus
1167 823 1397 877 Palilicii
1455 821 1652 877 sideris

93 919 210 975 Julii
251 928 518 990 tempore,
554 918 882 988 Scorpionos
909 935 1023 984 xxI,
1056 915 1376 971 Novembris
1403 931 1494 969 xrv
1523 929 1655 968 con-

95 1013 329 1084 gruebat,
360 1020 484 1082 post
515 1027 704 1067 verum
731 1025 986 1066 occasum
1028 1010 1372 1062 matutinum.
1410 1004 1517 1061 Sed
1556 1020 1654 1074 ap-

93 1119 280 1174 parens
338 1111 498 1158 ortus
549 1103 894 1173 vespertinus
939 1101 1278 1172 praecedebat
1321 1117 1335 1154 :
1383 1113 1547 1169 quem
1602 1113 1657 1156 vt

93 1196 431 1263 Novembris,
472 1196 562 1252 vel
599 1196 791 1266 Athyr,
834 1194 1082 1249 Graecum
1114 1191 1386 1246 Ptolemmi
1433 1201 1660 1259 parape-

94 1303 206 1358 gma
257 1288 514 1342 collocat.
557 1285 821 1342 Geminus
865 1293 1046 1340 autem
1086 1284 1334 1354 Zygonos
1378 1295 1515 1345 xm,
1545 1278 1659 1333 Eu-

94 1379 209 1433 doxi
239 1381 482 1446 saeculo;
517 1378 726 1435 Plinius
757 1379 852 1434 lib.
884 1377 1070 1442 XVIII,
1120 1392 1242 1445 cap.
1283 1372 1474 1437 XXXI,
1506 1379 1658 1427 sexto

93 1471 354 1528 Kalendas
403 1471 725 1527 Novembris
775 1470 1006 1526 Suculas
1056 1470 1132 1523 ait
1183 1466 1386 1524 exoriri
1421 1464 1656 1534 vesperi,

92 1563 270 1617 eodem
332 1562 549 1618 scilicet
603 1569 896 1632 apparente
945 1569 1091 1617 ortu.
1144 1558 1266 1612 Mox
1307 1572 1438 1612 vero
1485 1555 1661 1624 pridie

91 1653 356 1709 Kalendas
393 1653 730 1710 Novembres
758 1653 956 1709 Caesari
980 1652 1111 1706 dicit
1142 1653 1349 1706 exoriri
1382 1662 1508 1703 cum
1545 1646 1662 1702 sole

95 1745 339 1803 Suculas.
371 1747 554 1802 Falso.
613 1746 749 1800 Nam
799 1746 853 1800 id
913 1760 1083 1800 verno
1131 1751 1376 1814 tempore
1428 1738 1648 1795 accidit.

1751 555 1994 610 Januarii
2048 573 2125 621 1t;
2176 552 2520 609 Alexandria:
2589 546 2840 617 in-gradu
2886 543 3114 613 quinto.
3168 550 3323 597 sexto

1753 648 1977 705 Kalend.
2026 647 2145 702 Jan.
2203 646 2524 700 Ptolemaeus
2582 637 2803 694 Gmcus
2859 635 3195 701 Decembris,
3237 645 3325 699 ve:

1754 740 1952 795 Chmac
1987 756 2158 803 xxvn,
2186 746 2240 792 et
2279 753 2387 792 xxx
2414 733 2666 803 Aquilam
2693 728 2941 784 occidere
2969 727 3045 781 ait
3073 738 3327 796 vespere;

1753 831 1980 887 Gemino
2030 845 2248 900 quoque
2297 827 2529 896 septimo
2579 821 2894 893 Capricorni
2947 819 3090 874 idem
3145 818 3324 872 evenit

1756 931 1976 976 auctore
2021 920 2371 975 Euctemone.
2405 915 2661 969 Eamdem
2693 927 2852 966 mane
2883 910 3017 965 oriri
3061 909 3324 962 vicesimo

1755 1019 1908 1067 sexto
1937 1010 2189 1065 Toxonos
2223 1008 2490 1064 referebat
2519 1004 2798 1060 Eudoxus.
2842 1000 2934 1056 Sic
2965 1001 3021 1054 in
3059 997 3324 1052 laterculo

1757 1113 1945 1158 nostro
1977 1110 2134 1156 ortus
2177 1100 2325 1154 illius
2365 1098 2611 1156 heliacus
2646 1096 2701 1149 in
2728 1107 2898 1147 xxvm
2948 1089 3202 1145 Toxonos
3237 1087 3324 1140 in-

1758 1195 1950 1259 currit,
1987 1193 2078 1264 qui
2110 1203 2194 1248 est
2231 1189 2546 1246 Decembris
2593 1203 2707 1242 XXI.
2750 1185 2972 1240 Grzecus
3002 1181 3326 1236 Ptolemaeus

1758 1287 2094 1349 Decembris,
2129 1286 2212 1341 vel
2242 1284 2446 1340 Cbaeac
2485 1297 2612 1335 xxv.
2656 1276 2980 1348 Bhapsodus
3018 1289 3048 1327 a
3089 1271 3326 1327 Lconico

1758 1381 1936 1436 editus
1981 1377 2238 1432 mendose
2285 1375 2448 1431 habet
2495 1381 2673 1428 ortum
2707 1367 3083 1437 vespertinum
3121 1359 3328 1431 Aquila:

1760 1486 1817 1525 xt
1839 1468 2064 1522 Kalend.
2086 1467 2309 1520 Januar.
2331 1464 2431 1519 llic
2459 1464 2600 1519 enim
2625 1462 2679 1517 in
2698 1459 2867 1534 gradu
2896 1456 3247 1512 Geminorum
3270 1467 3327 1507 ιι

1760 1561 2006 1630 contigit,
2040 1557 2186 1613 Junii
2209 1574 2268 1622 ιι,
2309 1556 2398 1611 cui
2439 1564 2494 1611 et
2531 1551 2828 1608 Columella
2859 1556 2913 1605 et
2949 1546 3158 1600 Plinius
3195 1543 3328 1598 asti-

1760 1650 2035 1721 pulantur,
2085 1663 2295 1705 necnon
2325 1645 2572 1712 Ovidius,
2617 1644 2750 1714 quin
2785 1649 2838 1696 et
2869 1637 3155 1709 Bapsodus
3184 1636 3329 1705 ipse-

1760 1751 1891 1798 met.

94 1801 317 1908 Scripsit
346 1846 440 1892 aut
469 1801 708 1894 scribere
729 1837 936 1899 debuit,
960 1855 979 1888 ι
1001 1851 1128 1890 cum
1157 1801 1271 1890 sole
1295 1831 1598 1888 occidente.
1625 1848 1644 1881 ι
1681 1801 1725 1856 Β
1823 1831 1998 1886 Varro
2027 1829 2120 1885 lib.
2165 1827 2209 1881 ll
2250 1827 2324 1881 De
2364 1844 2418 1881 re
2461 1827 2682 1888 rustica,
2716 1837 2837 1891 cap.
2892 1818 2937 1872 ll
2968 1838 2981 1872 :
3021 1836 3040 1869 ι
3090 1815 3329 1884 Tempus

90 1926 392 1982 Palilicium
450 1927 603 1984 sidus
659 1927 803 1983 idem
858 1926 1069 1982 Plinius
1113 1926 1258 1980 libro
1300 1922 1489 1986 XVIII,
1529 1937 1650 1992 cap.

90 2017 270 2083 XXVI,
300 2019 472 2074 refert
498 2020 747 2074 occidere
787 2033 1012 2089 vespere
1049 2033 1116 2072 ex
1155 2015 1388 2072 Caesaris
1415 2013 1652 2077 calculo,

90 2127 155 2165 xv
198 2111 477 2168 Kalendas
509 2111 698 2176 Maias,
741 2111 794 2167 id
838 2122 922 2166 est
965 2110 1194 2165 Crionos
1223 2122 1375 2172 xxvr,
1408 2121 1570 2176 quem
1597 2104 1652 2157 in

90 2202 224 2256 diem
261 2203 512 2259 heliacus
539 2215 768 2258 occasus
811 2201 958 2255 illius
998 2215 1065 2254 ex
1103 2199 1308 2254 nostris
1346 2195 1654 2252 ratiociniis

92 2293 292 2348 incidit.
329 2293 665 2361 Ptolemaeus
711 2291 932 2347 Leonici
982 2291 1214 2346 Suculas
1261 2291 1335 2344 ait
1375 2301 1657 2358 emergere

91 2384 285 2455 Aprilis
307 2385 1002 2455 v1.1moimmergebantur
1034 2385 1125 2438 illa)
1157 2391 1418 2454 tempore,
1455 2390 1506 2436 et
1532 2387 1657 2450 post

91 2492 338 2533 occasum
395 2479 566 2532 solem
620 2477 1028 2538 condebantur,
1093 2475 1239 2545 quod
1289 2473 1490 2543 Aprilis
1541 2486 1654 2526 xvn

93 2576 361 2635 postremo
389 2566 681 2622 faciebant.
723 2566 864 2621 Hinc
907 2565 1048 2636 apud
1094 2564 1341 2619 eumdem
1383 2578 1459 2616 xu
1497 2561 1658 2632 Apri-

91 2657 171 2721 lis,
197 2675 286 2723 xv,
323 2674 415 2712 xv1
444 2666 497 2713 et
528 2674 637 2712 xvu
678 2657 940 2711 occultari
987 2671 1209 2726 vespere
1242 2656 1516 2709 dicuntur.
1563 2652 1659 2706 Et-

89 2751 226 2806 enim
268 2758 430 2806 ortus
475 2749 706 2804 Palilicii
740 2750 1044 2804 matutinus
1080 2763 1350 2819 apparens
1388 2748 1552 2818 coapit
1599 2747 1658 2800 in

88 2840 312 2898 Julianis
345 2840 529 2896 Fastis
561 2840 890 2911 Didymonos
921 2857 996 2903 XI,
1023 2839 1172 2894 Junii
1212 2855 1284 2892 IV.
1315 2838 1465 2894 Unde
1495 2839 1658 2893 caSti-

89 2935 291 3002 gandus
326 2942 413 2989 est
452 2933 771 2989 Ptolemteus
819 2931 1004 2988 Graece
1053 2948 1084 2986 a
1133 2933 1288 2987 nobis
1317 2932 1522 2997 editus;
1565 2932 1656 3001 qui

85 3025 225 3079 Junii
263 3042 326 3080 ιιι
370 3025 606 3078 lucidam
637 3024 961 3080 Sucularum
1001 3024 1075 3077 ait
1105 3025 1352 3078 occidere
1389 3039 1613 3092 vespere
1640 3063 1655 3088 ,

1754 1923 2020 1995 optimum
2054 1922 2121 1976 ad
2164 1916 2557 1975 admittendum
2591 1915 2680 1987 (de
2725 1913 2920 1968 ovibus
2967 1905 3228 1978 loquitur)
3258 1905 3330 1959 ab

1751 2015 1970 2071 Arcturi
1999 2029 2199 2069 occasu
2231 2011 2299 2064 ad
2329 2010 2538 2079 Aquila:
2568 2020 2848 2063 occasum.
2888 2022 2906 2055 ι
2946 1999 3154 2059 Plinius
3192 2012 3330 2067 quo-

1753 2126 1860 2180 que
1883 2109 1979 2162 lib.
2015 2105 2150 2169 Vlll,
2174 2120 2224 2159 c.
2251 2103 2439 2156 XLVll
2476 2121 2491 2156 :
2534 2121 2552 2153 ι
2594 2101 2784 2156 Οοίιυι
2812 2096 3070 2152 omnibus
3120 2091 3188 2146 ab
3227 2091 3330 2143 Ar-

1753 2201 1897 2256 cturi
1928 2214 2149 2261 occasu,
2176 2196 2322 2267 quod
2349 2204 2511 2251 est'a.
2547 2194 2601 2248 d.
2631 2192 2855 2246 tertium
2887 2189 3015 2242 ldus
3043 2185 3232 2250 Maias,
3261 2182 3329 2236 ad

1753 2293 1961 2364 Aquin
1994 2306 2271 2355 occasum,
2305 2289 2361 2342 id
2391 2295 2475 2342 est
2504 2302 2605 2340 xm
2648 2282 2921 2338 Kalendas
2963 2279 3257 2348 Augustas.
3303 2293 3324 2326 ι

1753 2383 1832 2438 Ita
1858 2383 2117 2453 legendus
2154 2381 2243 2434 hic
2293 2380 2470 2442 locus,
2516 2376 2611 2448 qui
2654 2375 2817 2444 vulgo
2852 2371 3179 2440 depravatus
3221 2373 3326 2420 est.

1754 2475 2069 2545 Intelligunt
2099 2470 2391 2540 utrobique
2423 2467 2727 2523 cosmicum
2768 2475 3023 2517 occasum
3069 2458 3184 2513 sive
3214 2470 3330 2509 ma-

1755 2566 2033 2629 tutinum;
2093 2577 2220 2618 nam
2277 2561 2550 2614 Arcturus
2611 2558 2666 2611 in
2726 2555 3078 2610 Geminorum
3135 2558 3330 2619 quarto

1754 2655 1928 2728 gradu
1961 2654 2259 2725 incipiebat
2295 2653 2567 2714 occidere,
2607 2650 2663 2704 id
2700 2659 2784 2705 eSt
2824 2647 2947 2701 Maii
2991 2660 3185 2707 xxvul,
3219 2642 3331 2695 Ro-

1755 2765 1890 2812 maa;
1925 2745 2270 2803 Alexandriae
2316 2759 2446 2799 vero
2498 2742 2786 2796 Tauronos
2825 2754 2946 2804 xm,
2989 2736 3043 2790 id
3090 2743 3174 2790 est
3206 2731 3332 2786 Maii

1755 2850 1910 2897 sexto
1936 2858 1951 2892 :
1975 2839 2167 2907 Aquila
2205 2851 2360 2890 mane
2391 2835 2519 2889 item
2552 2832 2756 2889 occidit
2785 2830 2969 2883 Romae
2993 2826 3332 2882 Carcinonos

1755 2947 1929 2997 xxvu,
1957 2930 2009 2984 id
2039 2937 2122 2984 est
2164 2945 2240 2982 xu
2282 2926 2556 2982 Kalendas
2601 2928 2898 2994 Augustas.
2951 2919 3066 2974 Iloc
3113 2926 3333 2987 tempus

1760 3025 2077 3078 admissura:
2105 3021 2325 3075 unicum
2356 3019 2549 3073 ovibus
2579 3017 2742 3070 ambo
2770 3015 2846 3068 illi
2878 3013 3148 3069 tribuunt.
3181 3009 3336 3064 Post-

88 3119 224 3187 quod
252 3125 341 3173 est
371 3117 592 3171 falsum.
617 3117 740 3171 Ideo
770 3117 948 3171 statim
979 3114 1124 3170 Junii
1154 3130 1229 3169 vn
1273 3115 1425 3186 ἑῷος,
1461 3115 1656 3184 inquit,
1687 3145 1730 3203 ρ
1761 3128 1824 3167 ea
1856 3111 2106 3180 concepti
2145 3110 2269 3178 agni
2317 3107 2543 3162 invalidi
2594 3113 2742 3170 sunt,
2775 3105 2851 3158 ait
2890 3105 3101 3159 Plinius
3137 3121 3152 3158 :
3193 3116 3334 3172 quos

88 3209 377 3264 ἐπιτέλλει.
419 3207 537 3262 Non
586 3209 768 3263 minus
815 3208 1164 3276 castigandus
1221 3217 1303 3262 est
1351 3206 1656 3272 Geminus,

89 3301 176 3368 qui
209 3300 509 3354 Tauronos
555 3299 641 3353 die
674 3314 824 3351 xxxn
872 3299 1025 3368 ponit
1072 3308 1248 3351 ortum
1293 3299 1661 3367 vespertinum

88 3391 358 3464 Hyadum.
418 3388 524 3444 Pro
568 3406 675 3460 quo
723 3389 1023 3443 matutinus
1076 3388 1492 3444 substituendus
1539 3396 1660 3454 est;

90 3501 243 3554 quem
273 3484 615 3554 Didymonos
647 3499 680 3536 v
711 3496 858 3544 mox,
903 3479 1130 3533 Eudoxo
1173 3489 1415 3545 auclore,
1451 3481 1659 3536 statuit.

149 3578 455 3649 Cape-llam,
484 3591 603 3645 qua:
626 3586 708 3630 est
748 3575 803 3627 in
838 3574 1056 3641 Auriga:
1088 3581 1268 3643 tergo,
1311 3574 1500 3629 scribit
1533 3573 1664 3626 Ovi-

89 3671 228 3734 dius,
265 3678 322 3727 et
359 3669 654 3723 Columella
688 3667 889 3722 exoriri
938 3665 1196 3721 Kalendis
1237 3665 1411 3722 Maiis.
1455 3665 1666 3721 Plinius

88 3781 177 3817 vui
224 3763 442 3818 mensis
481 3762 748 3830 ejusdem.
792 3758 906 3812 lloc
953 3757 1006 3810 in
1062 3757 1299 3828 Egypto
1335 3773 1522 3813 verum
1583 3765 1666 3811 est

91 3854 154 3909 de
199 3865 327 3909 ortu
363 3853 609 3916 heliaco,
647 3852 740 3922 qui
791 3851 846 3904 in
895 3849 1180 3903 Tauronos
1224 3851 1311 3903 die
1356 3866 1407 3902 IX
1454 3849 1662 3903 incidit.

91 3947 272 4003 Romae
305 3957 515 4010 autem,
546 3944 778 4000 Crionos
804 3960 936 4004 xvn,
968 3941 1169 4010 Aprilis
1202 3956 1318 3994 vin.
1342 3940 1666 4010 Ptolemaeus

89 4046 275 4093 noster
306 4008 671 4094 Martiixxtx,
709 4041 761 4088 et
793 4032 994 4101 Aprilis
1016 4008 1172 4086 _xvm
1222 4008 1409 4100 Capra:
1446 4033 1668 4085 matuti-

87 4144 214 4182 num
257 4134 445 4182 ortum
477 4124 713 4179 exhibet.
749 4121 1009 4176 Geminus
1053 4137 1119 4174 ex
1166 4120 1494 4177 Euctemone
1531 4121 1669 4176 Tau-

87 4233 254 4273 ιὀηοε
289 4234 371 4272 IX.

153 4309 490 4380 Delphinum
523 4304 750 4362 Ovidius
791 4307 866 4361 ait
902 4326 1124 4382 vespere
1156 4309 1288 4364 oriri
1323 4325 1375 4362 IV
1408 4307 1539 4362 ldus
1575 4307 1669 4362 Ju-

87 4416 209 4454 mas
241 4420 255 4456 Ζ

157 4490 368 4549 Navita
392 4506 560 4560 puppe
589 4489 771 4562 sedens
814 4490 1075 4560 Delphina
1117 4491 1422 4557 ridebimus,
1453 4492 1639 4562 inquit,

228 4563 482 4617 Humida
511 4577 631 4614 cum
658 4561 810 4628 pulso
840 4575 944 4614 nox
965 4564 1066 4615 erit
1088 4571 1206 4616 orta
1242 4562 1346 4619 die.

153 4673 532 4732 Consentiunt
592 4671 806 4726 Plinius
859 4680 913 4726 et
967 4673 1283 4727 Columella.
1324 4672 1668 4727 Laterculum

85 4784 311 4838 quoque
376 4774 629 4820 nostrum
682 4763 1018 4817 adamussim
1080 4764 1351 4819 convenit.
1399 4764 1535 4818 Nam
1589 4766 1668 4818 lu-

85 4861 206 4913 cida
237 4857 438 4912 cauda:
472 4853 715 4924 Delphini
748 4856 1118 4925 acronychum
1147 4864 1396 4909 exortum
1429 4857 1502 4910 ibi
1542 4854 1671 4909 facit

83 4930 435 5020 Dldymonos
467 4961 575 4998 xvu
612 4945 854 5013 prfecise,
880 4945 970 5013 qui
1001 4953 1084 4999 est
1115 4961 1165 5004 ιν
1199 4945 1324 4999 ldus
1346 4944 1553 5000 Junias.

150 5040 390 5113 Lyram,
437 5052 535 5092 seu
581 5035 855 5089 ﬁdiculam
918 5034 1167 5088 occidere
1230 5051 1452 5103 vespere
1510 5035 1673 5088 Colu-

81 5134 251 5189 mella
290 5145 418 5186 xxu
450 5126 722 5191 Januarii,
759 5125 988 5182 Ovidius
1013 5142 1148 5180 xxm
1177 5127 1551 5196 prodiderunt.
1580 5127 1674 5181 Est

82 5225 175 5280 hic
207 5223 472 5279 heliacus
501 5233 754 5283 occasus,
785 5233 894 5271 non
920 5217 1284 5287 acronycltus,
1312 5225 1371 5270 ut
1400 5233 1429 5270 a
1453 5218 1675 5288 quibus-

82 5317 212 5369 dam
245 5318 504 5369 notatur.
545 5309 680 5363 Nam
721 5310 964 5364 heliacus
1014 5325 1244 5365 occasus
1288 5308 1440 5381 Lyra:
1480 5309 1675 5365 accidit

85 5408 399 5480 llydronos
428 5419 505 5467 vr,
536 5401 779 5457 Januarii
812 5418 983 5458 xxvu.

151 5500 425 5570 Aquilam
473 5512 526 5549 IV
571 5495 690 5548 Kal.
718 5494 1007 5549 Januarias
1053 5495 1302 5549 occidere
1331 5509 1554 5563 vespere
1580 5509 1675 5546 au-

82 5598 210 5642 ‹·ιοι·
258 5593 357 5641 est
407 5583 707 5637 Columella
747 5583 839 5636 lib.
893 5582 962 5635 XI
993 5623 1008 5644 ,
1055 5598 1174 5651 cap.
1220 5581 1281 5636 ll.
1332 5580 1540 5634 Plinius
1579 5581 1672 5635 lib.

82 5679 280 5746 XVIII,
336 5691 466 5745 cap.
519 5674 707 5741 XXVI,
757 5675 918 5730 tertio
976 5675 1246 5730 Kalendas
1296 5675 1350 5727 in
1400 5676 1578 5729 Attica
1623 5664 1677 5730 et

87 5770 356 5828 finitimis
397 5767 552 5822 locis.
588 5765 662 5821 De
693 5781 890 5821 occasu
943 5768 1150 5822 heliaco
1206 5767 1536 5835 loquuntur;
1582 5768 1675 5839 qui

1773 3223 1790 3255 ι
1838 3202 2034 3258 cordos
2072 3222 2090 3253 ι
2120 3200 2328 3268 antiqui
2366 3200 2652 3255 vocabant.
2681 3195 2881 3251 Verum
2921 3195 3150 3249 alterum
3194 3207 3336 3261 prae-

1766 3306 1913 3353 terea
1969 3304 2184 3364 tempus
2240 3293 2428 3357 fuisse,
2473 3299 2527 3346 et
2576 3290 2794 3360 quidem
2843 3287 3228 3342 nonnullorum
3266 3300 3335 3337 ex

1765 3389 2019 3459 opinione
2051 3384 2413 3448 commodius,
2442 3383 2583 3438 idem
2612 3396 2736 3436 mox
2770 3379 2984 3433 Plinius
3017 3376 3220 3432 indicat
3248 3375 3335 3431 his

1763 3483 1984 3539 verbis:
2023 3500 2042 3533 ‹
2079 3479 2233 3534 Multi
2263 3479 2524 3532 hibernos
2565 3489 2734 3544 agnos
2783 3472 3077 3543 prreferunt
3105 3468 3332 3523 vernis:

1764 3575 2022 3645 quoniam
2052 3573 2226 3642 magis
2257 3569 2474 3624 intersit
2502 3576 2626 3621 ante
2669 3565 2984 3624 solstitium,
3013 3574 3176 3631 quam
3213 3569 3338 3612 ante

1763 3669 2036 3729 brumam,
2069 3664 2254 3718 ﬁrmos
2276 3677 2398 3717 esse
2425 3680 2438 3714 :
2473 3660 2761 3727 solumque
2805 3656 2910 3709 hoc
2953 3651 3154 3708 animal
3187 3649 3338 3703 utili-

1765 3766 1849 3812 ter
1875 3758 2068 3811 bruma
2096 3755 2266 3810 nasci.
2306 3771 2325 3804 ι
2360 3750 2624 3822 Virgilius
2670 3747 2716 3800 ll
2752 3746 2940 3815 Georg.
2967 3746 3111 3799 inter
3152 3739 3338 3796 laudes

1767 3849 1932 3903 Italia:
1959 3863 2077 3903 eam
2108 3852 2378 3908 recenset,
2405 3842 2552 3914 quod
2581 3842 2676 3907 ibi,

1838 3964 1930 4016 Bis
1960 3960 2190 4032 grauida:
2220 3957 2461 4026 pecudes.

1733 4095 1741 4102 ’
1767 4079 1885 4145 Quo
1915 4075 2138 4130 Servius
2165 4071 2436 4143 pertinere
2462 4067 2594 4122 illud
2629 4064 2821 4120 Bucol.
2851 4061 2895 4117 ll
2919 4069 3080 4132 putat
3112 4081 3126 4116 :

1839 4191 1946 4249 Lac
1979 4188 2105 4242 mihi
2138 4202 2241 4239 non
2267 4190 2450 4238 (estate
2483 4195 2692 4244 novum,
2741 4193 2844 4231 non
2873 4175 3070 4244 [rigore
3097 4171 3244 4241 deﬁt.

1839 4302 2200 4370 Quamobrem
2241 4299 2472 4354 feturam
2520 4294 2679 4348 aliam
2717 4291 2960 4346 aestivam
2984 4329 2999 4354 ,
3037 4287 3199 4340 aliam
3253 4285 3340 4338 hi-

1770 4399 1994 4454 bernam
2030 4395 2202 4450 fuisse
2228 4389 2542 4459 conjectura
2571 4392 2673 4447 est,
2716 4398 2822 4438 non
2855 4382 2910 4435 in
2943 4379 3095 4433 italia
3125 4377 3298 4434 solum
3319 4415 3336 4441 ,

1708 4489 1753 4544 D
1779 4489 1873 4544 sed
1907 4487 2068 4542 etiam
2104 4485 2161 4539 in
2191 4481 2433 4543 Oriente,
2469 4487 2531 4533 ut
2574 4477 2629 4531 in
2665 4474 2823 4547 Syria
2851 4481 2906 4528 et
2932 4467 3338 4540 Mesopotamia.

1775 4581 2048 4635 Ceneseos
2086 4591 2208 4646 cap.
2241 4572 2411 4637 XXX,
2435 4570 2499 4625 41
2533 4577 2586 4626 et
2614 4569 2704 4632 42,
2753 4566 2950 4636 duplex
2994 4563 3109 4617 haec
3137 4559 3342 4614 admis-

1777 4687 1902 4725 sura
1938 4667 2308 4740 significatur:
2338 4677 2569 4734 quarum
2611 4674 2717 4714 una
2772 4655 3117 4726 tempestiva,
3169 4650 3344 4705 altera

1778 4763 2018 4819 serotina
2049 4759 2272 4813 dicitur.
2301 4755 2489 4824 Itaque
2517 4750 2684 4806 Jacob
2711 4750 2767 4802 in
2790 4746 3087 4801 maturiore
3121 4754 3175 4799 et
3210 4752 3342 4797 tem-

1777 4854 1985 4925 pestiva
2017 4848 2384 4906 decorticatas
2411 4861 2478 4900 ex
2508 4851 2663 4914 parte
2699 4841 2883 4911 virgas
2905 4837 3070 4893 alveis
3096 4836 3342 4904 impone-

1776 4946 1889 5009 bat,
1915 4951 1976 4998 ιιι
2007 4941 2170 4996 variae
2211 4953 2275 4992 ac
2325 4936 2615 4991 maculosae
2657 4933 2892 5002 pecudes
2941 4933 3341 4990 nascerentur,

1778 5053 1898 5108 quae
1924 5037 1976 5089 in
2009 5030 2314 5088 mercedem
2353 5028 2459 5085 sibi
2490 5032 2800 5091 cesserant;
2846 5022 2988 5093 quod
3026 5020 3210 5092 priore
3247 5017 3340 5072 illa

1781 5129 1954 5183 fetura
1978 5123 2277 5179 valentiora
2323 5130 2378 5177 et
2416 5117 2725 5175 robustiora
2750 5129 2946 5187 pecora
2969 5113 3340 5185 gignerentur.

1780 5220 1835 5273 In
1881 5217 2118 5273 serotina
2158 5214 2343 5284 virgas
2367 5227 2477 5266 non
2509 5209 2766 5280 ponebat,
2801 5217 2860 5263 ut
2886 5223 2955 5262 ex
2978 5221 3045 5262 ea
3080 5213 3222 5260 naue
3250 5216 3344 5273 pe-

1780 5309 1967 5372 cudes,
2015 5321 2136 5376 quae
2186 5304 2570 5359 imbecilliores
2611 5308 2807 5362 erant,
2845 5296 3084 5353 Labanis
3133 5302 3340 5351 essent.

1780 5404 1951 5468 Quem
2008 5399 2075 5452 ad
2132 5398 2312 5450 locum
2358 5394 2719 5464 Hieronymus
2759 5391 2817 5446 in
2870 5389 3078 5444 Tradit.
3125 5395 3180 5443 et
3231 5384 3344 5439 Au-

1780 5493 2033 5564 gustinus
2066 5489 2267 5555 Quaest.
2299 5502 2400 5541 xcv
2425 5488 2478 5540 in
2508 5485 2634 5538 Gen.
2654 5483 2738 5538 bis
2765 5482 2821 5536 in
2845 5475 3251 5550 Mesopotamia,
3285 5480 3342 5526 ut

1782 5561 1830 5637 et
1863 5583 1916 5635 in
1951 5581 2123 5643 Italia,
2153 5577 2404 5648 gravidas
2445 5590 2564 5631 esse
2607 5573 2839 5642 pecudes
2883 5573 3155 5626 asserunt.
3184 5581 3204 5615 ι
3238 5561 3345 5616 Na-

1782 5684 1905 5728 tura
1933 5681 2110 5724 autem
2157 5669 2458 5723 Italicarum
2497 5666 2702 5726 ovium,
2732 5672 2786 5718 et
2813 5655 3211 5729 Mesopotamia:
3235 5668 3342 5706 una

1788 5783 1908 5824 esse
1971 5764 2224 5828 traditur,
2263 5781 2281 5814 ι
2320 5763 2393 5816 ait
2446 5759 2821 5828 Hieronymus.
2877 5753 2981 5808 Sed
3031 5750 3085 5805 iu
3139 5745 3342 5806 consti-
