3808 6306
89 345 202 403 I577

85 467 237 518 exstet
267 451 542 509 memoria.

86 555 176 609 duo
207 545 441 621 quaedam
487 541 879 613 explicabimus
925 557 938 591 :
988 536 1221 590 alterum
1273 531 1341 585 de
1377 536 1622 596 tempore

87 626 216 701 ortus
243 640 474 701 illarum,
518 643 572 689 et
602 647 832 687 occasus
869 670 882 692 ,
916 628 1145 681 alterum
1177 623 1244 677 de
1283 619 1411 674 anni
1453 617 1622 687 parti-

86 738 232 800 tione,
247 743 401 802 quam
423 726 613 782 iisdem
640 730 848 778 veteres
871 718 1174 788 assignant.
1201 711 1446 766 Totidem
1477 707 1624 763 enim

89 823 242 894 capita
279 823 402 874 sunt
440 816 494 869 in
527 811 760 866 Pliniani
792 805 1174 864 exercitatoris
1204 798 1486 856 incondita
1525 795 1627 848 far—

89 914 270 984 ragine,
300 910 354 963 in
378 922 539 978 quam
566 905 726 975 paulo
755 909 877 971 post
911 897 1272 968 inquiremus.

147 1004 215 1059 De
250 1008 366 1056 ortu
407 1010 716 1065 occasuque
745 990 1022 1047 Pleiadum
1058 986 1174 1040 triti
1220 991 1366 1048 sunt,
1397 995 1496 1035 nec
1541 986 1626 1030 tao

91 1112 195 1154 men
224 1087 658 1166 praetermittendi
688 1100 878 1141 versus
904 1078 1121 1136 Hesiodi
1144 1077 1187 1130 ll
1222 1077 1378 1143 Ἔργ.

95 1205 387 1274 Πληϊὰδων
430 1198 819 1274 Ἀτλᾳγεγέῳν
842 1187 1354 1274 ἑπιξςεαμομενάωη

99 1254 630 1346 ‘ink'an‘eumooi
665 1270 894 1346 ἀρότρις
923 1265 990 1317 δὲ
1019 1254 1470 1340 δυάσομενςὶων.

101 1324 248 1411 Αἶὲή
275 1362 359 1398 τοι
387 1324 609 1411 ridicae
636 1324 820 1411 τεῖκαὶ
855 1335 1052 1404 ἤματα
1077 1324 1526 1411 ζεσοῖαρὰκοντς.

93 1391 664 1484 etim
695 1408 762 1460 δὲ
785 1391 1220 1484 περἷπλοιξένου
1248 1391 1526 1484 ἐνείη)τοῦ

95 1463 400 1547 Φαίῖοῖ-ται,
428 1463 702 1547 ταπρῶἓα
734 1463 1208 1545 χαράσσομένοιο
1251 1463 1524 1532 σιδήρου.

103 1595 388 1652 Pleiadibus
419 1593 634 1648 Atlante
659 1590 796 1642 Italis
830 1583 1114 1642 orientibus

105 1667 262 1735 Incipe
284 1680 528 1727 messem;
564 1661 853 1735 arationem
885 1670 1001 1710 vero
1028 1650 1400 1735 occidentibus.

104 1723 218 1802 Qua}
247 1735 450 1805 quidem
496 1723 669 1786 noctes
696 1739 744 1783 et
773 1729 881 1780 dies
911 1723 1265 1805 quadraginta

106 1795 424 1860 Occullantur
447 1819 466 1854 ἔ
491 1818 701 1856 rursum
731 1813 848 1852 vero
886 1795 1311 1848 circumvolvente
1339 1803 1392 1842 se
1431 1802 1568 1840 anno

110 1879 373 1945 Apparent,
395 1873 626 1943 primum
664 1879 722 1922 ut
764 1867 972 1921 acuitur
1002 1864 1220 1934 ferrum.

162 1987 252 2042 Hie
279 1986 602 2042 matutinum
640 1989 820 2037 ortum
872 1976 1213 2048 φαινόμενον,
1264 1972 1377 2026 sive
1419 1966 1644 2039 ἡλιακὸν

103 2079 398 2152 significari,
425 2093 492 2132 ac
519 2076 666 2129 δύσιν
701 2071 862 2143 ἑῴαν,
895 2070 1008 2124 sive
1037 2079 1293 2120 occasum
1325 2062 1645 2123 eosmicum,

109 2189 168 2227 ne
196 2172 340 2242 pueri
381 2169 601 2240 quidem
638 2165 908 2220 nesciunt.
968 2157 1183 2214 Hesiodi
1229 2155 1429 2212 saaeulo
1491 2160 1648 2208 ortus

105 2265 184 2318 ille
207 2262 551 2332 contingebat
579 2259 631 2312 in
662 2256 862 2310 Tauro.
894 2252 1072 2307 Stellae
1100 2256 1229 2306 sunt
1257 2247 1502 2318 Vergiliae
1530 2245 1652 2316 plu-

108 2370 216 2410 res:
255 2371 359 2409 una
388 2361 575 2410 estex
617 2351 684 2404 iis
725 2345 956 2402 lucidior
990 2343 1223 2410 exteris,
1262 2336 1653 2410 magnitudinis

105 2447 278 2501 tertiae.
327 2445 403 2500 Ea
459 2454 698 2512 tempore
754 2437 975 2494 Hesiodi
1014 2433 1297 2490 occidebat
1345 2431 1551 2485 beliace
1599 2427 1656 2482 in

106 2541 257 2608 gradu
286 2537 489 2593 Arietis
522 2534 575 2598 4,
604 2535 650 2588 8'
671 2552 686 2599 ;
710 2531 984 2587 oriebatur
1011 2529 1063 2581 in
1091 2525 1258 2580 Tauri
1278 2523 1445 2595 gradu
1469 2521 1556 2584 11,
1579 2520 1655 2574 4'.

109 2630 168 2682 At
201 2631 364 2700 prima
402 2628 565 2686 stella
594 2641 787 2680 versus
811 2622 1147 2678 occidentem
1189 2631 1443 2673 occasum
1485 2613 1659 2669 helia-

107 2735 218 2774 eum
250 2720 482 2775 faciebat
517 2717 574 2771 in
610 2718 782 2786 gradu
825 2711 1047 2775 Arietis,
1082 2709 1139 2774 0,
1179 2707 1284 2762 δί’.
1313 2703 1660 2759 Intervallum

110 2813 236 2868 inter
273 2826 534 2867 occasum
576 2809 765 2878 primae
811 2804 1114 2866 Pleiadum,
1166 2808 1219 2855 et
1251 2806 1432 2854 ortum
1469 2793 1664 2851 lucida:

114 2905 298 2974 gradus
325 2904 414 2958 40.
450 2901 645 2957 Merito
675 2900 856 2968 itaque
894 2896 1089 2952 diebus
1133 2890 1396 2947 abscondi
1427 2889 1665 2960 quadra-

115 3195 247 3235 anno
289 3179 412 3236 Per.
455 3176 568 3232 Jul.
614 3174 753 3230 5714
797 3185 960 3227 verus
1001 3170 1154 3224 locus
1195 3163 1339 3219 Solis
1371 3163 1425 3216 in
1468 3160 1669 3214 Arietis

118 3273 261 3327 initio
298 3274 398 3328 fuit
428 3270 660 3326 Athenis
698 3265 876 3320 Martii
919 3277 1069 3327 XXXI,
1113 3259 1248 3312 bora
1281 3263 1403 3326 post
1439 3253 1672 3309 mediam

120 3373 320 3419 noctem
354 3365 406 3426 1,
447 3363 556 3417 24'.
585 3360 772 3428 Itaque
797 3356 1041 3410 Taurum
1083 3348 1487 3421 ingrediebatur
1513 3342 1675 3413 Apri-

122 3455 182 3508 lis
211 3471 335 3511 χχι.
362 3454 492 3508 Maii
533 3449 761 3522 proinde
789 3462 842 3500 XI
877 3445 965 3500 die
1007 3439 1189 3496 lucida
1221 3434 1504 3491 Pleiadum
1533 3431 1677 3486 orie-

123 3545 290 3602 batur.
317 3546 528 3599 Ultima
559 3555 687 3596 vero
707 3535 987 3592 Pleiadum
1021 3533 1088 3587 ad
1121 3531 1386 3586 orientem
1413 3522 1540 3580 Maii
1568 3539 1677 3588 va,

123 3653 221 3708 quo
240 3646 486 3708 tempore
519 3635 713 3691 messis
751 3630 1046 3702 incipiebat
1076 3629 1132 3682 in
1166 3625 1400 3681 Graecia.

186 3729 424 3787 Occasus
447 3726 766 3786 earumdem
792 3721 1089 3778 matutinus
1123 3720 1178 3773 in
1202 3717 1376 3773 Libra:
1412 3713 1479 3769 19
1515 3709 1683 3784 gradu

126 3822 294 3887 fiebat,
343 3822 442 3879 sed
488 3817 759 3891 ἀληθινὸς,
803 3829 904 3870 nec
950 3809 1318 3883 aspectabilis.
1361 3806 1488 3862 Ideo
1540 3805 1689 3857 circa

127 3906 330 3970 initium
362 3912 578 3982 Scorpii
611 3907 992 3968 ὲπικατάδυσις
1023 3895 1318 3973 φαινομένη
1347 3896 1565 3959 accidit,
1602 3895 1690 3949 in-

129 4014 278 4059 eunte
305 4002 621 4060 Novembri.
653 3999 788 4053 Nam
827 3992 1215 4066 aequinoctium
1254 3987 1567 4044 autumnale
1596 3999 1693 4054 per

131 4095 262 4152 idem
298 4104 516 4166 tempus
556 4089 743 4146 incidit
772 4090 827 4143 in
853 4084 1108 4143 Octobris
1136 4081 1375 4136 initium.
1418 4073 1560 4132 Tum
1595 4075 1698 4145 igi-

125 4197 214 4242 tur
260 4188 550 4250 arationis,
597 4200 660 4238 ac
704 4180 932 4238 sationis
989 4186 1202 4248 tempus
1252 4172 1497 4246 appetit,
1550 4166 1697 4240 quod

136 4278 386 4353 Virgilius
417 4281 506 4334 his
533 4273 782 4332 versibus
823 4270 1136 4343 expressit:

133 4393 260 4447 Ante
287 4393 382 4448 tibi
420 4391 547 4445 an:
578 4385 873 4444 Atlantides
903 4382 1316 4442 abscondantur,

136 4461 430 4533 Gnosiaque
461 4460 695 4533 ardentis
728 4455 940 4533 decedat
969 4452 1124 4508 stella
1151 4451 1390 4532 parante,

137 4533 319 4587 Debita
340 4522 501 4604 quam
525 4529 684 4584 sulcis
711 4527 1007 4582 committas
1039 4522 1258 4586 semina,
1282 4530 1387 4574 etc.

206 4665 402 4731 Eoum,
439 4666 494 4721 id
526 4674 609 4720 est
643 4662 964 4717 matutinum
994 4671 1249 4714 occasum
1272 4652 1541 4723 intelligit,
1571 4665 1702 4714 non,

136 4765 196 4810 ut
233 4757 465 4812 Servius
495 4760 668 4826 putat,
705 4752 994 4810 heliacum,
1033 4748 1126 4818 qui
1153 4754 1207 4799 et
1240 4744 1489 4814 imperite
1520 4740 1710 4810 Vergi-

139 4849 241 4903 lias
269 4850 344 4902 ait
389 4866 408 4900 ι
443 4845 736 4901 Novembri
772 4856 960 4896 mense
994 4841 1235 4909 incipere
1277 4851 1386 4889 non
1434 4832 1645 4888 videri:
1685 4848 1704 4882 ι

141 4941 293 5009 quasi
329 4941 387 4993 in
415 4938 644 5007 Scorpio
675 4936 790 4990 sitm
821 4933 988 4987 radiis
1022 4931 1155 4984 solis
1185 4928 1571 4982 obscurentur.

215 5031 288 5085 De
330 5030 526 5086 eodem
559 5035 684 5080 ortu
723 5035 778 5080 et
821 5037 1019 5076 occasu
1060 5019 1324 5088 Virgilius
1365 5029 1580 5084 quoque
1613 5011 1710 5065 lib.

144 5122 208 5176 IV
241 5123 438 5192 Georg.
464 5119 728 5179 meminit,
749 5115 841 5170 ubi
875 5113 944 5169 de
968 5111 1175 5183 duplici
1206 5109 1383 5164 mellis
1408 5103 1712 5159 vindemia:

146 5235 240 5289 Bis
268 5232 520 5305 gravidos
553 5239 740 5305 cogunt
775 5227 910 5305 fetus
933 5241 952 5279 :
992 5224 1096 5305 duo
1129 5230 1362 5305 tempora
1393 5214 1613 5269 messis:

151 5292 383 5374 Taygete
413 5302 575 5374 simul
603 5292 846 5374 deterris
877 5293 1104 5374 ostendit
1135 5292 1408 5374 honestum

153 5359 359 5436 Pleias,
396 5382 449 5426 et
489 5370 682 5426 Oceani
706 5375 905 5434 spretos
934 5359 1311 5436 pede-reppulit
1345 5370 1543 5436 amnes.

291 5427 482 5499 eadem
516 5440 662 5494 sidus
690 5427 891 5507 fugiens
923 5427 1010 5486 ubi
1044 5427 1215 5507 Piscis
1238 5427 1421 5507 aquosi

156 5496 391 5569 Tristior
411 5496 661 5564 hibernas
690 5496 820 5560 ὶοὲιο
847 5502 1110 5558 descendit
1146 5502 1198 5552 in
1229 5496 1420 5550 undas.

226 5605 328 5660 Hie
361 5605 478 5658 duo
507 5611 748 5670 tempora
783 5596 957 5650 mellis
995 5591 1231 5647 metendi
1267 5583 1565 5642 describit:
1598 5581 1732 5635 alte-

158 5713 279 5754 rum
316 5703 451 5768 post
477 5703 651 5747 ortum
683 5687 979 5746 Pleiadum,
1002 5697 1170 5737 verno
1200 5689 1471 5747 tempore;
1503 5673 1730 5726 alterum

161 5798 457 5852 autumno,
488 5790 606 5854 post
630 5793 882 5836 occasum
913 5773 1236 5830 matutinum
1264 5785 1277 5822 :
1308 5769 1362 5823 in
1387 5780 1497 5838 quo
1522 5763 1733 5819 Aristo-

829 320 1282 384 DISSEBTATIO
1323 316 1410 372 DE
1452 313 1636 372 ΟΠΤο
1681 311 1767 368 ΕΤ
1799 304 2068 366 OCCASU
2111 298 2434 359 SIDEBUM.

576 447 685 503 Nos
733 447 797 500 ad
843 460 938 500 eos
980 437 1337 497 illustrandos
1365 436 1467 490 hoc
1499 433 1620 487 loco
1648 437 1695 492 Α
1722 429 1882 484 telem
1919 423 2166 494 sequitur
2200 420 2298 474 lib.
2327 415 2400 472 ιχ
2437 411 2744 479 Hist.,cap.
2772 403 2886 470 XL,
2909 404 2999 474 qui
3028 407 3082 456 et
3103 381 3199 454 lib.
3222 396 3289 462 γ,

1724 535 1846 588 cap.
1887 514 2030 568 XXII
2073 511 2177 565 mel
2221 514 2386 576 negat
2427 503 2543 557 fieri
2579 508 2702 554 ante
2730 494 3094 564 Vergiliarum
3135 503 3294 544 exor-

1725 578 1862 665 tum.
1912 605 2018 660 Sed
2067 618 2166 656 cur
2209 596 2476 652 Pleiadem
2521 587 2818 646 occidendo
2860 585 3069 639 Piscem
3106 581 3181 634 ait
3211 578 3297 633 fu-

1723 695 1886 768 gere?
1931 692 2176 756 Servius,
2225 703 2289 743 ac
2327 683 2547 754 reliqui,
2589 695 2730 751 quos
2766 676 2900 738 vidi,
2944 676 3296 741 interpretes,

1727 787 2020 842 australem
2050 783 2260 838 Piscem
2293 779 2618 846 intelligunt,
2651 771 2808 840 cujus
2839 769 2893 821 in
2924 781 2986 820 os
3022 761 3300 833 Aquarius

1727 893 1922 949 aquam
1964 872 2231 937 infundit;
2267 868 2410 924 unde
2438 874 2489 922 ct
2535 875 2776 932 aquosus
2806 858 3028 913 dicitur.
3062 853 3162 907 Hie
3204 868 3301 906 au-

1730 946 1840 1026 tem
1873 985 1936 1023 eo
1969 979 2210 1036 tempore
2237 963 2430 1023 oritur,
2465 973 2573 1028 quo
2606 953 2850 1008 Pleiades
2887 947 3167 1004 occidunt.
3209 946 3305 997 At-

1736 1060 1834 1132 qui
1870 1035 2253 1113 falsumristud
2298 1061 2401 1109 est.
2433 1050 2566 1103 Nam
2599 1061 2708 1115 quo
2735 1048 3011 1098 memento
3035 1038 3208 1092 Pleias
3247 1035 3304 1090 in

1729 1167 1932 1206 occasu
1959 1148 2224 1204 matutino
2257 1146 2358 1198 sita
2388 1150 2470 1196 est
2501 1143 2553 1194 in
2586 1137 2888 1192 elevatione
2916 1131 3048 1202 poli,
3074 1129 3175 1184 sub
3199 1142 3306 1197 qua

1730 1255 1888 1315 poeta
1938 1239 2194 1310 scripsit,
2241 1252 2304 1291 os
2352 1234 2527 1287 Piscis
2557 1226 2813 1284 australis
2853 1237 3043 1294 parum
3087 1221 3240 1274 abest
3274 1232 3306 1270 a

1731 1335 2030 1392 meridiano
2053 1328 2334 1389 inferiori;
2361 1340 2532 1394 eoque
2563 1325 2669 1378 situ
2695 1319 2940 1390 proxime
2965 1312 3306 1384 perfunctum
3351 1303 3356 1309 ’

1732 1435 1836 1490 est,
1889 1439 2049 1494 quem
2100 1419 2424 1472 Ptolcniaius
2471 1412 2705 1482 appellat
2755 1405 2886 1476 ἑῷον
2930 1395 3309 1470 προμεσουρά-

1733 1493 2125 1587 νημαξϐωιθτὶ
2160 1522 2376 1578 quoque
2413 1504 2591 1574 pisces
2635 1508 2761 1553 ante
2790 1493 3059 1564 Vergilias
3103 1495 3305 1544 ortum,

1735 1617 1790 1662 et
1813 1619 2068 1662 occasum
2100 1603 2327 1656 faciunt.
2351 1597 2474 1651 Ideo
2505 1590 2855 1665 quaerendum
2877 1596 2981 1651 est,
3005 1596 3115 1652 quo
3141 1590 3307 1633 sensu

1736 1698 1918 1754 Pleias
1949 1696 2150 1768 piscem
2184 1691 2397 1760 fugiens
2427 1685 2678 1740 occidere
2719 1680 2934 1733 dicatur
2975 1690 3006 1726 a
3043 1669 3308 1739 .Virgilio;

1670 1775 1714 1832 Β
1741 1789 1888 1862 quod
1933 1787 2040 1842 nisi
2087 1784 2154 1838 de
2197 1784 2438 1836 instante
2486 1777 2665 1832 sidere
2707 1772 2888 1840 aliquo
2917 1761 3168 1833 usurpari
3205 1771 3315 1811 non

1745 1850 1903 1938 solet.
1941 1877 2033 1933 Sic
2068 1875 2212 1930 enim
2240 1882 2386 1928 recte
2415 1868 2649 1934 Quintus
2690 1863 2920 1917 Calaber
2956 1856 3053 1910 lib.
3096 1851 3135 1903 γ
3175 1850 3316 1903 lianc

1745 1972 1990 2028 eamdem
2050 1965 2327 2021 Pleiadem
2395 1961 2650 2016 Orionem
2711 1953 3008 2024 fugientem
3063 1942 3316 1999 occidere

1748 2063 1939 2120 scribit
1976 2078 1988 2113 :

1753 2206 1779 2259 .”
1798 2202 1854 2256 .'.
1884 2242 1896 2254 .
1920 2237 1938 2250 .
1965 2240 1977 2252 .
2010 2198 2042 2250 ὀ
2067 2193 2119 2248 δ’
2140 2192 2230 2259 ἄρ’
2263 2185 2372 2259 ἦτεΑ
2388 2187 2640 2241 λαίλαπι
2670 2178 2850 2259 Igoqn
2893 2248 2921 2259 Δ
2986 2247 3011 2259 Α
3051 2211 3054 2216 .

2122 2243 2456 2340 (reip-reprim,
2479 2253 2778 2320 καταιγίσι
2804 2243 3117 2340 βεϐρέὲυίῃ
3139 2256 3151 2270 ε

1756 2314 1899 2396 TE;
1918 2314 2088 2406 φέρεῖ
2112 2314 2378 2406 νᾳύέέῃῖγῖ
2398 2326 2569 2406 τέραις
2600 2314 3122 2406 ρςξυεροῖοηφιξςοὲο,

1755 2381 2134 2476 ﬁiérz’rga'oz‘
2156 2381 2497 2476 ᾇᾶίᾶξὶιαντὸς
2520 2381 2583 2458 ἐξ
2622 2381 2912 2476 ignescit-0‘72
2938 2381 3155 2476 ⁸«τξέεθριλι

1757 2452 1917 2534 Δύεὸ⁹
1945 2452 2436 2531 ὖπσπτιῦσσόυσα
2463 2452 2824 2531 ὰερικλυτὸν
2852 2452 3113 2521 Ὠρίωνα.

1828 2590 1961 2646 Nam
1991 2585 2240 2643 Pleiades
2273 2590 2472 2636 occasu
2511 2573 2779 2630 matutino
2809 2568 3063 2620 Orionem
3108 2567 3327 2614 antece-

1761 2681 1917 2739 dunt.
1947 2681 2014 2734 At
2064 2675 2130 2732 de
2176 2673 2441 2746 piseibUs,
2493 2664 2794 2738 przesertim
2839 2659 2908 2713 de
2951 2651 3200 2716 australi,
3235 2649 3330 2720 qut

1763 2777 1977 2833 dicatur
2007 2763 2260 2841 equidem
2290 2778 2399 2818 non
2431 2759 2609 2814 video.

1833 2828 2190 2935 Vergiliarum
2215 2862 2394 2909 ortum
2425 2838 2959 2910 Varro,Columella,
2983 2832 3191 2887 Plinius
3218 2828 3336 2883 alii-

1767 2978 1874 3036 que
1897 2957 2172 3019 scribunt,
2203 2956 2327 3021 post
2354 2946 2472 2999 dies
2504 2953 2651 3001 XLIV,
2691 2935 2777 2989 vel
2807 2944 2973 2985 XLVIII
2999 2927 3067 2980 ab
3094 2927 3336 2991 acquino-

2227 3033 2230 3036 ’
2466 3033 2505 3036 ““
2662 3027 2714 3036 ···
2829 3023 2846 3036 ·
3003 3020 3035 3036 ἰ
3057 3035 3065 3036 κ
3095 3011 3310 3036 ννῖτηι

1899 3011 2068 3105 verno
2095 3011 2429 3110 cont-jngere.
2462 3033 2634 3087 Varro
2662 3027 2797 3082 libro
2829 3023 2868 3087 l,
2902 3020 3075 3096 capite
3095 3011 3333 3070 XXVIII.

1768 3089 1879 3111 υιιυ
1908 3089 2067 3105 wn...
2097 3089 2363 3110 “anno”
2388 3089 2427 3092 __
2959 3089 2983 3096 Γ

1694 3123 1737 3181 c
1770 3137 1888 3200 dies
1913 3153 2034 3196 sLIv
2065 3131 2296 3209 prm’finit
2322 3149 2336 3196 ;
2365 3126 2544 3183 caeteri
2579 3131 2699 3176 octo
2731 3125 2784 3171 et
2813 3110 3208 3185 quadraginta;
3235 3103 3344 3157 Co-

1775 3193 1994 3292 lumella
2025 3193 2165 3284 libro
2196 3222 2287 3285 ιχ,
2325 3193 2505 3289 capite
2544 3209 2664 3266 XIV
2711 3208 2822 3278 (qui
2871 3213 3050 3258 tamen
3080 3199 3216 3252 libro
3246 3193 3340 3256 XI,

1774 3325 1949 3396 capite
1973 3319 2036 3387 ll,
2070 3317 2240 3372 Nonis
2265 3287 2413 3371 Maii,
2447 3306 2499 3360 id
2533 3310 2616 3358 est
2645 3313 2768 3354 xciv
2799 3297 2886 3350 die
2928 3294 2996 3347 ab
3019 3287 3343 3359 aequinoctio

1775 3379 1990 3474 agam
2024 3379 2179 3465 'oriri
2234 3397 2505 3470 scripsit);
2556 3392 2763 3447 Plinius
2811 3388 2906 3442 lib.
2963 3379 3163 3443 xvni,
3221 3392 3341 3446 cap.

1981 3498 2092 3553 Hoc
2130 3495 2246 3550 sive
2290 3468 2360 3546 de
2401 3489 2514 3545 sola
2556 3477 2836 3538 Pleiadum
2881 3468 3344 3546 splendidissima,

1781 3591 2124 3656 maximaque
2156 3582 2404 3652 capiawr
2433 3619 2448 3642 ,
2493 3576 2607 3630 sive
2645 3571 2713 3626 de
2755 3576 2869 3621 toto
2913 3562 3232 3624 asterismo;
3259 3571 3350 3612 ve-

1784 3699 1904 3738 rum
1930 3696 2039 3735 non
2068 3684 2171 3732 est.
2206 3673 2336 3728 Nam
2361 3670 2508 3742 illius
2537 3673 2693 3737 ortus
2719 3659 2963 3714 heliacus
2993 3653 3176 3706 Romae
3206 3647 3353 3703 acci-

1788 3773 1948 3829 debat
1980 3769 2035 3822 in
2066 3766 2254 3820 ultima
2284 3763 2436 3830 parte
2462 3756 2648 3817 Tauri,
2681 3749 3040 3818 sexagesimo,
3069 3750 3121 3797 et
3148 3755 3214 3795 eo
3244 3753 3356 3792 am-

1788 3866 1932 3935 plius
1961 3861 2045 3916 die
2087 3859 2154 3912 ab
2177 3829 2425 3924 ingressu
2458 3850 2512 3903 in
2543 3847 2816 3900 Arietem:
2849 3841 2950 3894 hoc
2995 3844 3080 3891 est
3108 3834 3195 3888 die
3227 3829 3356 3884 Maii

1792 3919 1883 4010 In.
1917 3952 2012 4007 Sin
2036 3949 2103 4004 de
2125 3919 2564 4001 toto-asterismo
2591 3937 2644 3991 id
2671 3929 3076 4002 intelligendum
3106 3931 3210 3988 est,
3233 3919 3361 3975 Ver-

1794 4045 2044 4116 giliarum
2097 4039 2189 4091 illa
2245 4033 2420 4096 stella,
2469 4045 2591 4099 qua:
2639 4041 2706 4080 ex
2765 4019 3126 4077 lucidioribus
3183 4012 3359 4066 tribus

1797 4135 2030 4189 maxime
2062 4128 2128 4183 ad
2163 4127 2427 4181 orientem
2463 4120 2716 4191 pertinet,
2753 4127 2895 4167 anno
2939 4109 3114 4178 primo
3146 4103 3362 4157 Iuliano

1799 4221 2074 4282 oriebatur
2101 4220 2306 4274 beliace
2335 4215 2392 4268 in
2439 4211 2608 4282 gradu
2656 4205 3006 4260 Geminorum
3039 4198 3090 4260 5,
3139 4197 3240 4248 hoc
3278 4198 3366 4248 est

1801 4318 1993 4374 diebus
2027 4312 2096 4366 ab
2129 4305 2457 4379 aequinoctio
2502 4299 2734 4370 amplius
2782 4292 3060 4361 sexaginta
3100 4286 3362 4356 quinque.

1805 4407 1920 4461 Hoc
1945 4419 2074 4459 vero
2099 4398 2324 4455 Metonis
2361 4393 2559 4448 saeculo
2585 4391 2639 4442 in
2673 4402 2734 4442 ea
2770 4383 3036 4455 positione
3066 4377 3213 4440 cceli,
3245 4389 3367 4444 qua:

1730 4455 1889 4554 Dest
1915 4492 2162 4552 Athenis,
2216 4485 2462 4553 contigit.
2513 4480 2646 4534 Nam
2700 4473 2906 4547 periodi
2948 4470 3174 4524 Julianze
3224 4479 3368 4519 anno

1805 4587 1964 4649 428⁸5,
1987 4583 2080 4654 qui
2108 4581 2386 4652 proximus
2407 4584 2490 4630 est
2513 4573 2579 4627 ab
2607 4585 2672 4626 eo
2712 4581 2836 4638 quo
2862 4564 3038 4619 Meton
3061 4558 3368 4614 solstitium

1807 4647 2152 4734 observabat,
2178 4677 2329 4724 ortus
2350 4667 2593 4722 heliaeus
2636 4660 2828 4715 lucidas
2856 4653 3135 4710 Pleiadum
3179 4647 3374 4702 incidit

1810 4771 1864 4825 in
1899 4766 2065 4822 Tauri
2094 4761 2316 4832 gradum
2346 4759 2434 4821 18,
2457 4756 2563 4819 ιδ’.
2595 4753 2688 4823 qui
2717 4751 2772 4804 in
2798 4748 2919 4800 Maii
2951 4762 3018 4799 xv
3045 4743 3187 4798 diem
3212 4737 3376 4792 circi-

1812 4869 1898 4916 ter
1944 4857 2142 4913 sazculo
2187 4853 2279 4907 ilio
2330 4847 2679 4919 congruebat.
2714 4837 3120 4909 Equinoetium
3148 4842 3376 4886 vernum

1813 4949 2163 5006 commissum
2204 4949 2288 4997 est
2315 4955 2459 4994 anno
2499 4949 2661 5006 quem
2702 4931 2962 4993 diximus,
2995 4923 3174 4978 Martii
3201 4933 3376 4996 xxvu,

1816 5040 1949 5094 hora
1990 5037 2045 5098 0,
2087 5033 2170 5087 28'
2217 5029 2462 5084 Athenis.
2514 5025 2792 5094 Ingressus
2834 5018 2890 5071 in
2939 5013 3184 5067 Taurum
3242 5022 3378 5062 vero

1817 5135 1969 5183 motu
2009 5121 2263 5179 convenit
2306 5117 2508 5188 Aprilis
2534 5128 2683 5175 xm,
2709 5111 2845 5163 hora
2876 5105 2964 5171 18,
2991 5102 3096 5158 56’.
3142 5101 3221 5154 lta
3258 5112 3381 5168 graa

1821 5219 1950 5273 dum
1980 5213 2143 5270 Tauri
2180 5212 2264 5274 18,
2297 5210 2379 5264 48’
2413 5205 2588 5262 tenuit
2610 5202 2692 5258 sol
2715 5216 2779 5254 ea
2808 5204 2969 5253 nocte
2997 5194 3234 5255 circiter,
3263 5203 3385 5258 qua:

1825 5311 1969 5365 inter
1995 5321 2084 5360 xiv
2114 5312 2168 5358 et
2201 5319 2267 5356 xv
2297 5299 2419 5354 Maii
2464 5293 2792 5356 intercessit,
2836 5291 2940 5345 hoc
2969 5293 3054 5342 est
3101 5284 3189 5339 die
3215 5293 3382 5363 xum

1825 5408 1950 5472 post
1979 5395 2384 5466 mquinoetinm.
2881 5432 2884 5435 .
3376 5353 3383 5363 ’

1898 5486 1980 5541 Ad
2026 5486 2129 5538 hoc
2169 5491 2381 5552 tempus
2423 5473 2765 5534 intervallum
2808 5471 2914 5526 hoc
2961 5469 3170 5524 dierum
3219 5470 3387 5514 XLVIII

1831 5576 2217 5648 aequinoctium
2281 5548 2424 5631 inter
2472 5575 2526 5624 et
2563 5575 2741 5621 ortum
2783 5557 3111 5616 matutinum
3151 5548 3390 5605 Pleiadis

1835 5668 2024 5724 referri
2054 5665 2244 5720 debet:
2278 5679 2382 5718 non
2409 5659 2474 5713 ad
2508 5654 2782 5711 lulianum
2811 5652 3089 5709 sarculum,
3123 5655 3297 5712 neque
3323 5638 3388 5692 ad

1839 5755 2238 5829 situIn_Romae,
2268 5752 2361 5807 sed
2384 5746 2619 5804 Graeciae
2648 5742 2782 5797 Cum
2806 5747 2982 5796 autem
3018 5726 3390 5790 celeberrima,
