3808 6326
461 328 600 386 I579

1463 325 1550 378 AD
1591 323 1857 380 EUSEBII
1894 322 2284 380 CIIRONICON
2327 323 2688 379 APPENDIX.

3571 325 3695 382 1580

456 459 511 505 et
539 449 740 515 ubique
763 456 1053 518 propagata
1085 445 1315 500 Metonis
1348 447 1825 501 cnneadecaeteris
1852 454 2019 508 esset,
2053 449 2100 506 Α
2128 444 2294 499 Tauri
2340 455 2496 500 sexta
2534 455 2690 516 parte
2738 447 2991 501 oriuntur
3028 445 3298 500 Pleiades.
3330 462 3350 494 ι
3387 439 3526 512 (Etsi
3562 442 3694 497 aliud

459 555 524 594 ac
558 554 905 610 parapegma,
951 554 1017 592 ex
1063 552 1238 606 eoque
1288 545 1592 606 temporum
1625 539 1767 591 ratio
1805 539 2033 592 ducere-

456 637 568 695 tur,
605 646 724 700 quae
755 629 822 683 ad
853 629 1281 698 navigationem,
1313 629 1734 698 agriculturam,
1781 638 1835 684 et
1865 629 1915 682 id
1947 644 2035 700 ge-

458 740 563 778 nus
593 725 698 778 alia
733 723 1084 792 gubernanda
1122 721 1407 776 transferri
1448 723 1612 787 solet;
1649 722 1838 792 perdiu
1869 738 1934 776 ex
1969 724 2034 776 il-

457 817 566 870 lius
606 814 925 884 pra'scripto
968 823 1186 867 ortmnn
1227 822 1282 868 et
1317 829 1611 868 occasuum
1643 814 1696 867 in
1737 815 1932 875 stellis,
1968 829 2032 868 ac

454 915 835 976 tempestatum
875 907 1050 975 spatia
1092 906 1325 960 dimensi
1349 913 1476 959 sunt
1514 923 1527 956 :
1571 906 1821 974 quamvis
1864 922 2031 959 accu-

451 999 681 1052 ratiores
707 997 1109 1068 insequentium
1133 1005 1574 1050 astronomorum
1602 996 1798 1050 calculi
1844 996 2032 1067 paula-

449 1089 548 1142 tim
580 1087 694 1141 hzec
723 1103 845 1142 esse
871 1095 1075 1140 mutata
1102 1087 1522 1153 convincerent;
1563 1087 1656 1142 sed
1682 1089 1825 1157 quod
1863 1088 2030 1142 semel

450 1177 700 1246 populari
739 1193 864 1240 usu,
899 1192 964 1230 ac
998 1177 1216 1247 publice
1257 1177 1550 1239 sancitum,
1599 1177 1942 1242 inveteravit,
1977 1179 2030 1232 id

456 1267 832 1336 imperitorum
883 1283 948 1321 ac
995 1269 1327 1322 rusticorum
1383 1271 1683 1337 pnesertim
1714 1285 1781 1325 ex
1831 1271 2030 1325 animis

449 1358 609 1411 evelli
633 1366 795 1428 atque
823 1360 1138 1428 extorqueri
1171 1357 1386 1412 dilIicile
1414 1368 1613 1428 potest.

522 1447 595 1502 De
648 1450 751 1503 hoc
801 1450 1031 1504 Metonis
1066 1466 1232 1511 anno,
1287 1465 1350 1504 ac
1401 1459 1779 1522 parapegmate
1829 1453 1895 1505 ad
1950 1452 2025 1515 id,

448 1541 592 1610 quod
620 1542 882 1608 diximus,
923 1543 1170 1614 apposite
1210 1541 1407 1598 Festus
1446 1544 1687 1599 Avienus
1730 1545 1784 1598 in
1813 1547 2026 1600 Arateis

449 1633 521 1686 ita
554 1635 776 1705 scripsit
805 1652 820 1690 :

517 1769 675 1824 Illius
702 1770 772 1823 ad
801 1788 1045 1825 numeros
1077 1772 1290 1840 prolixa
1321 1772 1569 1826 decennia
1607 1789 1822 1826 rursum

518 1842 790 1909 Adjecisse
812 1840 990 1895 Meton
1023 1841 1281 1908 Cecropea
1303 1842 1504 1895 dicitur
1533 1855 1646 1896 arte
1670 1861 1688 1896 :

518 1910 820 1980 Inseditque
850 1913 1068 1974 animis,
1095 1914 1259 1964 tenuit
1295 1929 1401 1965 rem
1435 1911 1640 1965 σηπία
1667 1914 1834 1968 solers

525 1979 800 2044 Protinus,
830 1992 876 2034 et
905 1983 1084 2052 longos
1110 1984 1373 2035 inventum
1401 1985 1542 2035 misit
1569 1985 1622 2036 in
1651 2001 1840 2038 annos.

519 2093 881 2159 Quamobrem
915 2095 1130 2149 tametsi
1165 2095 1236 2150 ab
1264 2096 1597 2166 Hipparcho,
1635 2107 1687 2152 et
1717 2099 1839 2152 aliis
1870 2097 2026 2152 dein-

447 2201 579 2256 ceps
603 2202 784 2241 rerum
819 2188 1124 2242 caelestium
1155 2187 1365 2256 peritis,
1401 2189 1571 2242 multa
1603 2189 1656 2243 in
1691 2193 2026 2246 astronomia

440 2292 512 2332 ac
549 2285 932 2348 tempestatum
985 2280 1371 2335 distributione
1425 2290 1760 2335 commutata
1802 2282 2029 2337 innova-

448 2378 610 2439 taque
633 2370 766 2435 sint,
797 2370 953 2425 hzesit
987 2381 1167 2426 tamen
1198 2387 1363 2442 penes
1412 2375 1625 2444 vulgus,
1655 2375 1785 2429 etin
1810 2378 2027 2432 rustica}

445 2461 526 2516 rei
563 2463 862 2532 praesertim
904 2463 1396 2528 administratione,
1422 2475 1580 2521 vetns
1616 2468 1705 2520 illa
1746 2479 1801 2522 et
1857 2469 2027 2524 Meto-

445 2553 568 2606 nica
596 2555 770 2607 ratio:
801 2565 858 2608 ut
895 2555 949 2608 in
975 2556 1066 2609 lib.
1099 2553 1190 2617 IX,
1225 2571 1346 2626 cap.
1375 2556 1492 2610 XIV
1519 2556 1824 2612 Columella
1858 2569 2026 2614 testa-

445 2650 554 2696 tur.
605 2643 727 2709 Quo
769 2659 834 2698 ex
881 2661 1079 2714 genere
1129 2643 1485 2716 Vergiliarum
1515 2649 1603 2703 ille
1642 2666 1763 2705 esse
1811 2651 2026 2705 videtur

438 2743 594 2792 ortus
616 2736 827 2790 dierum
865 2746 985 2804 post
1015 2739 1402 2806 :equinoctium
1436 2749 1561 2795 octo
1589 2749 1642 2793 et
1669 2741 2024 2814 quadraginta

439 2827 620 2897 spatio
671 2826 951 2882 definitus.
1004 2828 1160 2892 Quod
1207 2845 1331 2883 cum
1389 2830 1454 2884 ad
1486 2831 1678 2884 Attica:
1724 2832 1913 2897 situm,
1943 2835 2023 2888 uti

437 2917 647 2970 dictum
699 2926 803 2979 est,
855 2916 1086 2972 Metonis
1137 2927 1296 2974 artato
1355 2921 1673 2990 pertineret,
1710 2933 1911 2978 temere
1955 2925 2024 2980 ad

438 3005 602 3061 Italia;
649 3009 912 3077 positum,
958 3017 1283 3080 mtatemque
1329 3026 1487 3065 suam
1528 3009 1764 3066 Romani
1808 3021 2025 3072 traxere

2135 545 2220 590 est
2260 537 2392 589 oriri
2425 537 2479 589 in
2506 545 2658 590 sexta
2689 545 2845 606 parte
2875 535 3064 598 Tauri,
3089 535 3238 588 aliud
3267 531 3518 586 Taurum
3542 531 3695 588 Pleia-

2134 625 2232 680 das
2274 635 2426 681 sexta
2468 634 2621 696 parte
2661 627 2746 680 sui
2793 627 3027 681 tollere:
3061 625 3167 678 hoc
3197 625 3347 678 enim
3404 633 3512 683 est,
3557 633 3692 678 sexta

2133 725 2288 786 parte
2343 717 2507 787 signi,
2555 719 2650 788 qui
2709 725 2839 770 sunt
2895 715 3098 786 gradus
3157 731 3212 769 ν.
3270 712 3382 768 Sed
3441 711 3694 768 Firmicus

2133 820 2346 864 sextum
2385 809 2615 880 gradum
2663 808 2959 877 concepit.)
3008 805 3118 861 Nec
3159 806 3322 860 aliter
3362 806 3696 874 intelligenda

2134 909 2262 954 sont
2291 900 2529 956 obscura
2555 899 2716 955 Plinii
2746 900 2911 954 verba
2937 900 3034 953 lib.
3052 897 3117 960 Il,
3143 913 3267 968 cap.
3297 896 3489 950 XLVII
3513 917 3526 950 :
3560 916 3578 947 ι
3605 895 3696 948 Da-

2132 1001 2222 1046 tus
2250 1002 2334 1046 est
2370 1000 2551 1047 autem
2593 993 2719 1046 huic
2764 991 3050 1061 (Favonio)
3078 1002 3307 1045 exortus
3345 987 3694 1058 Vergiliarum

2134 1083 2187 1136 in
2223 1082 2449 1138 totidem
2500 1085 2747 1152 partibus
2779 1083 2965 1145 Tauri,
2998 1099 3090 1138 sev
3134 1082 3332 1138 diebus
3373 1091 3506 1136 ante
3547 1080 3696 1134 Maias

2131 1176 2278 1233 Idus.
2339 1196 2357 1228 ι
2405 1175 2509 1230 Ubi
2555 1177 2777 1231 totidem
2825 1183 3012 1246 partes
3047 1191 3169 1231 esse
3215 1176 3379 1238 dicit,
3410 1184 3546 1244 quot
3587 1185 3695 1229 sunt

2130 1268 2247 1323 dies
2278 1277 2402 1323 ante
2447 1267 2616 1323 Maias
2659 1268 2804 1323 Idus.
2850 1268 2920 1321 L't
2957 1284 3147 1322 verum
3203 1277 3292 1323 est
3341 1267 3565 1321 Hesiodi
3607 1283 3695 1322 sx-

2129 1363 2253 1416 culo
2285 1364 2338 1416 in
2382 1361 2590 1416 Bmotia
2623 1362 2858 1415 lucidam
2892 1359 3170 1415 Pleiadum
3210 1360 3442 1414 circiter
3487 1375 3540 1413 vi
3585 1361 3696 1414 ldus

2130 1453 2299 1506 Maias
2327 1462 2509 1506 ortum
2540 1453 2810 1507 heliacum
2842 1452 3059 1514 fecisse,
3098 1468 3206 1505 non
3238 1459 3428 1505 tamen
3477 1451 3533 1504 in
3563 1461 3698 1518 parte

2129 1553 2281 1599 sexta
2312 1543 2501 1608 Tauri,
2534 1546 2627 1599 sed
2672 1545 2727 1598 in
2756 1561 2831 1606 xt,
2866 1545 2950 1598 vel
2983 1561 3090 1609 xit;
3125 1545 3200 1598 ita
3239 1544 3442 1599 falsum
3484 1552 3567 1598 est
3609 1543 3696 1597 hoc

2128 1638 2286 1692 Plinii
2348 1640 2550 1694 s:eculo
2604 1639 2905 1708 contigisse
2960 1639 3014 1692 in
3065 1639 3253 1700 Italia,
3316 1636 3566 1699 Grzecia,
3626 1638 3694 1689 vel

2131 1731 2386 1803 IEgypto.
2423 1731 2513 1786 Sic
2541 1732 2743 1801 passim
2777 1733 2845 1786 ab
2875 1732 3191 1786 auctoribus
3221 1729 3512 1784 incondite
3541 1730 3623 1783 his
3642 1730 3699 1783 de

2132 1826 2293 1879 rebus
2326 1824 2494 1877 multa
2533 1823 2809 1887 dicuntur,
2844 1839 2964 1894 qua:
2993 1825 3058 1876 ad
3097 1823 3422 1877 methodum
3472 1833 3694 1876 nostram

2128 1915 2388 1984 exigenda
2427 1924 2574 1970 sunt.
2621 1917 2777 1986 Apud
2818 1915 3104 1971 Geminum
3151 1916 3335 1970 Pleias
3391 1915 3693 1970 Euctemoni

2129 2008 2306 2060 oritur
2342 2021 2441 2060 χιιι
2467 2008 2555 2061 die
2598 2006 2906 2072 Tauronos,
2939 2023 2969 2061 a
3003 2024 3110 2078 quo
3158 2018 3211 2066 et
3253 2008 3472 2062 aestatis
3500 2007 3693 2060 initium

2129 2099 2348 2167 petitur.
2377 2098 2445 2151 At
2469 2097 2692 2152 Eudoxo
2718 2098 2961 2153 Pleiades
3001 2110 3180 2152 ortum
3215 2098 3429 2151 faciunt
3457 2097 3548 2151 die
3575 2112 3692 2149 xxn.

2127 2191 2237 2246 Nos
2268 2192 2495 2245 Athenis
2531 2190 2763 2245 Metonis
2808 2201 3053 2260 tempore
3092 2200 3278 2244 ortum
3321 2190 3596 2243 heliacum
3623 2189 3693 2240 lu-

2126 2285 2261 2340 cidse
2286 2283 2642 2354 Vergiliarum
2679 2283 2986 2338 invenimus
3015 2283 3068 2336 in
3094 2281 3269 2352 gradu
3300 2279 3476 2337 Tauri
3507 2280 3588 2345 I9,
3618 2280 3690 2332 ul-

2128 2378 2273 2431 timze
2300 2392 2428 2429 vero
2456 2373 2694 2430 Pleiadis
2724 2376 2778 2429 in
2803 2375 2973 2445 gradu
3004 2375 3095 2437 24,
3139 2375 3246 2428 55'.
3279 2374 3436 2428 Inter
3467 2374 3565 2428 has
3592 2389 3692 2426 am-

2127 2467 2224 2520 bas
2251 2467 2428 2520 media
2458 2476 2542 2522 est
2575 2468 2847 2538 posterior
2862 2467 3175 2521 observatio
3200 2467 3445 2521 Gemini.
3464 2465 3523 2520 In
3546 2467 3687 2524 libro,

2125 2561 2215 2629 qui
2264 2560 2556 2614 l’tolema‘o
2586 2561 2887 2630 inscriptus
2913 2571 3017 2620 est,
3051 2561 3118 2614 de
3150 2561 3532 2616 inerrantibus
3572 2561 3689 2615 $ch—

2127 2652 2214 2717 lis,
2253 2651 2616 2724 Vergiliarum
2649 2661 2872 2706 cxmtus
2907 2654 3128 2722 ponitur
3173 2653 3383 2722 Aprilis
3435 2669 3475 2715 ι,
3528 2662 3628 2705 tum
3663 2667 3686 2703 x

2127 2745 2401 2800 Kalendas
2460 2745 2648 2806 Maias,
2702 2745 2804 2798 hoc
2872 2753 2955 2798 est
3006 2762 3118 2798 xxn
3186 2745 3390 2815 ApriI.,
3436 2755 3545 2798 tum
3595 2743 3690 2798 No-

2125 2841 2211 2895 nis
2244 2839 2411 2905 'Maii,
2458 2846 2511 2894 et
2560 2855 2611 2891 tv
2664 2837 2788 2892 ldus
2849 2848 2903 2892 et
2952 2854 3009 2891 ιιι
3073 2837 3350 2892 Kalendas
3410 2835 3575 2891 Junii.
3621 2837 3687 2890 Ita

2129 2947 2280 2986 more
2314 2947 2414 2986 suo
2448 2932 2686 3000 scriptor
2722 2931 2811 2985 ille
2850 2931 3047 3000 partim
3079 2929 3237 2993 l’alsa,
3276 2931 3481 3001 partim
3515 2931 3688 2984 alienis

2125 3024 2264 3080 facta
2317 3025 2654 3094 temporibus
2713 3025 2768 3077 in
2805 3023 3050 3078 eamdem
3097 3023 3393 3094 Myconum
3447 3025 3684 3078 infcrciit.

438 3101 758 3170 scriptores.
799 3099 944 3155 Pene
993 3100 1247 3156 Ovidium
1294 3105 1774 3176 prmtermiscram,
1822 3110 1915 3179 qui
1965 3110 2019 3164 in
2048 3139 2090 3196 ε
2128 3115 2282 3183 (Nam
2324 3117 2378 3172 in
2425 3115 2612 3171 Gnaeo
2658 3117 2830 3181 nulla,
2889 3125 2946 3170 ut
3008 3117 3061 3170 in
3114 3116 3269 3171 Notis
3322 3117 3683 3174 observamus.

437 3186 620 3246 Fastis
667 3189 946 3246 Pleiadum
983 3205 1164 3248 ortum
1195 3194 1251 3247 in
1294 3211 1349 3248 ιιι
1400 3195 1526 3250 Idus
1567 3195 1736 3253 Maias
1766 3201 2010 3270 conjicit,

436 3283 530 3357 qui
564 3292 648 3339 est
674 3301 769 3339 xm
801 3285 940 3350 dies,
964 3294 1017 3342 et
1045 3287 1112 3340 ab
1144 3289 1473 3357 aequinoctio
1502 3291 2010 3362 quinquagesimus,

436 3375 505 3428 ab
541 3375 788 3445 ingressu
820 3391 984 3447 porro
1014 3379 1068 3431 in
1101 3379 1368 3441 Arietem.
1402 3397 1566 3450 quem
1597 3384 1685 3438 ille
1715 3399 1784 3438 xv
1814 3383 2013 3439 Kalen-

434 3466 536 3522 das
567 3467 779 3538 Apriles
803 3469 1014 3537 statuit,
1040 3471 1525 3543 quinquagesimus
1548 3476 1834 3545 septimus.
1863 3478 2012 3533 Theo

435 3559 493 3613 in
518 3559 736 3615 Arateis
765 3562 1185 3618 Commentariis
1219 3563 1469 3621 Pleiadas
1509 3569 1644 3621 oriri
1678 3570 1878 3625 asserit
1905 3587 2011 3625 xxv

434 3651 643 3706 mensis
669 3650 988 3707 Pharmnthi
1010 3673 1023 3708 :
1047 3655 1138 3724 qui
1164 3657 1218 3709 in
1247 3673 1315 3710 xx
1341 3656 1483 3711 diem
1507 3658 1711 3729 Aprilis
1733 3661 1898 3726 cadit,
1920 3665 2010 3718 ὅτε

435 3743 528 3794 καὶ
564 3741 659 3796 τοῦ
705 3742 936 3814 Θερεζειν
976 3747 1166 3817 καιρὸς
1205 3749 1262 3799 ὲν
1303 3748 1580 3818 Αἰγύπτῳ.
1617 3749 1781 3805 Addit
1818 3755 2008 3812 diebus

434 3843 557 3904 post
589 3835 974 3902 aequinoctium
1007 3838 1399 3908 quinquaginta
1427 3840 1643 3896 duobus
1683 3843 1733 3896 id
1767 3844 1881 3900 ﬁeri
1906 3885 1920 3909 ,
1944 3862 2010 3901 ac

433 3937 550 3984 tum
571 3929 741 3984 solem
767 3930 822 3984 in
852 3929 1018 3986 Tauri
1046 3942 1198 4003 parte
1223 3950 1343 3991 esse
1369 3952 1505 3992 xvtt.
1554 3936 1664 3994 Nos
1692 3940 1759 3994 ad
1782 3941 2009 3998 Alexan-

433 4021 566 4076 dria:
615 4023 778 4078 situm
835 4022 1076 4081 Theonis
1127 4043 1264 4092 aevo,
1327 4029 1430 4085 hoc
1476 4040 1558 4087 est
1611 4047 1756 4087 anno
1802 4034 2006 4093 Christi

432 4129 621 4178 cccex,
658 4123 840 4172 ortum
889 4117 1157 4173 heliacum
1207 4121 1401 4176 lucida:
1437 4121 1716 4179 Pleiadum
1759 4128 2006 4184 animad~

432 4209 696 4262 vertimus
732 4210 785 4264 in
820 4210 991 4280 gradu
1026 4209 1190 4266 Tauri
1240 4230 1362 4268 xxv.
1410 4214 1822 4286 Equinoctium
1875 4217 2004 4276 ιὼιο

431 4310 549 4355 erat
585 4302 639 4355 in
683 4301 860 4356 Martii
902 4320 1029 4359 xxi:
1064 4321 1094 4358 a
1123 4323 1232 4375 quo
1265 4309 1440 4376 putati
1470 4309 1590 4365 dies
1633 4326 1704 4364 LII
1748 4312 2004 4369 desinunt

432 4390 486 4446 in
526 4411 556 4447 ν
603 4393 726 4448 ldus
775 4395 964 4459 Maias,
993 4397 1046 4452 id
1092 4408 1176 4453 est
1210 4401 1262 4453 in
1294 4416 1346 4454 XI
1382 4399 1528 4465 Maii,
1570 4401 1760 4473 Epiphi
1785 4420 1898 4460 xvi.
1932 4408 2002 4460 At

429 4499 550 4554 quae
583 4486 637 4539 in
669 4494 909 4543 extrema
931 4490 1154 4558 cuspide
1192 4502 1275 4546 est
1305 4493 1371 4547 ad
1407 4495 1694 4560 orientem,
1725 4495 1998 4552 heliacum

428 4585 608 4633 ortum
635 4579 823 4634 habuit
854 4581 909 4635 in
940 4583 1109 4653 gradu
1158 4583 1326 4639 Tauri
1358 4587 1447 4652 29,
1477 4589 1579 4656 55',
1626 4588 1752 4642 Maii
1777 4590 1998 4646 circiter

428 4683 560 4723 xvn.
592 4668 776 4740 Itaque
810 4688 921 4726 non
960 4673 1027 4728 de
1058 4675 1286 4740 heliaco,
1319 4678 1415 4732 sed
1455 4679 1522 4734 de
1554 4681 1794 4736 cosmico
1821 4681 1998 4752 loqui-

428 4771 537 4816 tur.
579 4760 791 4818 Rursus
827 4763 1046 4820 Hesiodi
1090 4771 1288 4822 szeculo
1335 4770 1389 4824 in
1423 4771 1628 4826 Bmotia
1658 4775 1848 4829 eadem
1881 4776 1996 4830 haec

429 4854 497 4907 ad
547 4855 812 4910 orientem
856 4866 1128 4926 postrema
1177 4859 1455 4916 Pleiadum
1503 4873 1683 4919 ortum
1728 4867 1996 4922 heliacum

427 4944 660 5001 faciebat
691 4948 744 5002 in
768 4950 936 5020 gradu
961 4949 1127 5006 Tauri
1154 4953 1239 5016 17,
1264 4955 1367 5008 hoc
1394 4963 1476 5010 est
1510 4957 1562 5010 in
1593 4957 1677 5021 16,
1710 4959 1752 5010 7'
1779 4974 1793 5010 :
1831 4968 1996 5029 atque

426 5039 498 5093 ita
529 5038 768 5096 Theonis
798 5045 961 5098 verba
993 5048 1255 5116 capienda
1285 5059 1413 5104 sunt
1445 5050 1498 5104 in
1541 5052 1630 5105 illa
1659 5053 1993 5110 scholiorum

426 5133 695 5196 miscella,
732 5151 853 5203 qua:
885 5152 1060 5206 neque
1102 5147 1367 5211 tempora,
1399 5159 1577 5212 neque
1615 5146 1778 5199 situm
1815 5149 1994 5217 regio-

425 5235 554 5274 num
586 5221 892 5292 distinguit,
921 5227 1201 5296 ?siquidem
1246 5233 1313 5286 ad
1365 5233 1630 5288 heliacum
1662 5238 1988 5306 pertineant.

493 5312 748 5369 Manilius
796 5316 890 5370 lib.
928 5316 994 5382 V,
1029 5319 1286 5393 Vergilias
1313 5327 1445 5380 oriri
1497 5330 1686 5385 scribit
1737 5333 1790 5384 in
1841 5345 1990 5386 sexta

423 5414 576 5476 parte
590 5405 776 5472 Tauri;
795 5409 874 5463 sic
891 5412 1032 5466 enim
1053 5415 1194 5470 illius
1214 5419 1376 5473 verba
1395 5421 1796 5492 interpretanda
1819 5434 1948 5480 sunt
1973 5444 1988 5481 :

492 5531 700 5609 Taurus
732 5533 784 5584 in
819 5533 1061 5609 adversos
1083 5554 1306 5609 prtcceps
1332 5554 1386 5595 ut
1419 5544 1628 5598 tollitur
1657 5558 1802 5602 ortus

492 5599 656 5654 Sexta
677 5613 824 5668 parte
853 5607 936 5657 sui
959 5599 1208 5666 certantes
1239 5599 1368 5666 iuris
1398 5615 1463 5667 ad
1501 5633 1664 5670 auras

493 5671 737 5726 Pteiades
767 5673 931 5745 ducit.

419 5758 520 5817 Cui
550 5762 847 5819 assentitur
887 5762 1156 5825 Firmicus
1184 5772 1301 5847 _lib.
1346 5773 1476 5842 VIII,
1510 5792 1629 5850 cap.
1663 5776 1748 5834 V'll
1782 5797 1792 5835 :
1852 5801 1870 5834 ‹
1920 5783 1980 5841 ιιι
2010 5851 2018 5864 Ι

2120 3211 2400 3267 Pleiadum
2461 3213 2722 3282 mentio.)
2780 3211 2935 3278 Quod
3005 3220 3185 3265 autem
3250 3213 3389 3266 oriri
3449 3212 3685 3266 Kalendis

2114 3306 2393 3376 Aprilibus
2417 3307 2512 3368 ait,
2544 3306 3025 3360 hallucinationem
3061 3322 3182 3361 esse
3207 3307 3291 3360 vel
3323 3307 3584 3368 auctoris,
3612 3310 3682 3357 vel

2117 3397 2428 3467 interpretis
2469 3406 2724 3468 apparet;
2774 3414 2898 3452 nam
2945 3399 3107 3453 tertio
3139 3407 3264 3467 post
3309 3397 3402 3454 die
3447 3414 3683 3454 occasum

2112 3489 2232 3560 ejus
2266 3492 2449 3560 posuit
2481 3511 2493 3544 :
2526 3491 2618 3560 qui
2653 3491 2841 3560 utique
2865 3501 3044 3544 ortum
3077 3492 3379 3546 antecedit.

2182 3582 2257 3637 De
2301 3599 2502 3638 occasu
2555 3582 2835 3637 Pleiadum
2873 3599 2980 3638 non
3017 3585 3197 3640 minor
3241 3595 3331 3639 est
3365 3588 3675 3654 scriptorum

2111 3675 2380 3739 varietas;
2426 3675 2754 3728 matutinum
2798 3676 2942 3729 enim
2989 3675 3081 3727 alii
3125 3674 3325 3730 diebus
3364 3692 3529 3730 vani
3572 3680 3678 3745 post

2113 3765 2497 3836 arquinoctium
2547 3767 2858 3820 autumnale
2907 3765 3192 3820 deﬁniunt.
3237 3765 3315 3820 Ita
3350 3766 3496 3821 Plin.
3532 3768 3562 3820 1.
3596 3765 3674 3832 XI,

2109 3875 2156 3913 c.
2201 3856 2340 3923 XVI,
2376 3859 2466 3913 ubi
2515 3866 2569 3913 et
2615 3857 2757 3912 diem
2819 3857 3053 3927 przelinit
3101 3858 3228 3912 Idus
3279 3858 3599 3915 Novembris
3648 3875 3673 3910 a

2114 3964 2223 4020 quo
2252 3957 2398 4003 retro
2427 3948 2599 4017 putati
2631 3949 2748 4003 dies
2786 3964 2952 4002 XLVIII
2992 3949 3254 4005 desinunt
3283 3952 3339 4005 in
3393 3968 3537 4004 xxvn
3587 3949 3670 4004 Se-

2109 4042 2390 4111 ptembris.
2423 4039 2603 4106 Quare
2633 4048 2755 4109 post
2777 4041 3166 4111 wquinoctium
3204 4041 3512 4113 Sosigenis,
3546 4042 3670 4112 quod

2107 4134 2161 4188 in
2205 4149 2331 4187 xxvi
2367 4132 2702 4203 Septembris
2743 4131 2953 4188 Plinius
2993 4135 3253 4198 contulit,
3303 4137 3426 4190 dies
3473 4137 3546 4189 illi
3585 4152 3669 4206 puo

2106 4224 2259 4278 tandi
2290 4233 2438 4278 sunt.
2465 4227 2532 4278 At
2556 4224 2695 4280 idem
2720 4223 2928 4279 Plinius
2960 4226 3053 4281 lib.
3087 4225 3152 4292 II,
3185 4243 3309 4297 cap.
3334 4227 3544 4290 XLVII,
3566 4237 3667 4298 post

2103 4317 2484 4385 aequinoctium
2513 4318 2841 4371 autnmmalc
2867 4317 3059 4372 diebus
3084 4335 3210 4373 xuv
3239 4322 3495 4376 occidere
3523 4321 3668 4374 Pleia-

2103 4408 2201 4463 das
2231 4409 2340 4472 ait,
2374 4409 2536 4479 idquc
2588 4425 2647 4463 ιιι
2690 4409 2812 4463 Idus
2847 4408 3168 4466 Novembris
3208 4412 3344 4467 ﬁeri.
3381 4413 3496 4469 [Ioc
3528 4412 3666 4467 modo

2032 4480 2075 4534 θ
2101 4501 2489 4571 aequinoctium
2525 4512 2786 4571 congruct
2819 4501 3155 4571 Septembris
3193 4521 3392 4568 xxvut,
3417 4507 3502 4561 vel
3533 4522 3661 4559 xxix.

2098 4594 2260 4663 Atqui
2294 4593 2434 4648 idem
2474 4597 2639 4648 etiam
2674 4595 2869 4664 repetit
2897 4609 3018 4663 cap.
3057 4595 3202 4648 XXV
3247 4597 3376 4652 libri
3402 4597 3581 4660 XVIII,
3608 4614 3660 4650 ex

2097 4686 2327 4741 Caesaris
2354 4687 2691 4756 przescripto.
2719 4687 3016 4740 Columella
3045 4687 3140 4742 lib.
3164 4687 3254 4750 IX,
3289 4706 3414 4760 cap.
3452 4690 3586 4753 XIV,
3605 4690 3663 4742 ab

2097 4779 2424 4848 :equinoctio
2489 4779 2684 4833 diebus
2751 4795 2816 4832 XI.
2871 4779 3122 4834 occidere
3177 4779 3439 4838 Pleiadas
3495 4782 3656 4837 reicit.

2099 4866 2269 4923 Varro
2305 4869 2398 4924 lib.
2449 4868 2490 4926 I.
2539 4886 2660 4940 cap.
2702 4868 2944 4936 XXVIII,
2981 4871 3179 4926 diebus
3226 4890 3401 4928 xxxn.
3439 4874 3517 4929 Ad
3564 4876 3658 4926 hrec

2096 4960 2304 5017 Plinius
2338 4963 2432 5015 lib.
2470 4962 2656 5026 XVIII,
2690 4979 2810 5034 cap.
2846 4963 3015 5028 XXV,
3049 4981 3312 5021 occasum
3349 4970 3657 5022 matutinum

2095 5053 2375 5110 Pleiadum
2427 5071 2494 5110 ex
2547 5055 2784 5112 IIesiodo
2836 5056 3064 5110 tradidit
3114 5058 3228 5110 ﬁeri
3269 5075 3398 5113 cum
3434 5060 3657 5129 {PQIIIIIH-

2095 5149 2261 5202 ctinm
2309 5150 2553 5203 autumni
2604 5149 3003 5203 conﬁceretur:
3049 5166 3114 5205 ex
3151 5150 3386 5207 Thalete
3419 5169 3542 5208 vero
3582 5151 3658 5204 die

2096 5257 2220 5302 xxv,
2255 5240 2661 5296 Anaximandro
2695 5259 2840 5303 xxux,
2875 5242 3210 5296 Euctemone
3237 5260 3432 5299 vam.

2164 5330 2239 5388 Ex
2271 5331 2356 5387 his
2387 5333 2641 5386 omnibus
2682 5333 2822 5389 Jnlio
2867 5333 3070 5389 Caesari
3122 5337 3365 5391 maxime
3414 5333 3655 5389 Varronis

2094 5421 2182 5475 illa
2223 5424 2487 5478 sententia
2519 5425 2789 5494 congruit,
2820 5425 2954 5480 side
2987 5442 3188 5481 occasu
3216 5431 3491 5482 matutino
3520 5441 3652 5483 vero.

2092 5525 2198 5563 non
2232 5522 2525 5580 apparentc
2559 5529 2741 5567 seruo
2775 5517 2868 5568 sit.
2916 5514 3076 5568 IInnc
3110 5518 3259 5570 enim
3309 5516 3654 5588 deprehendi-

2090 5619 2214 5657 mus
2250 5606 2300 5656 in
2339 5605 2508 5674 gradu
2545 5603 2754 5676 Scorpii
2798 5607 2852 5668 5..
2913 5608 3012 5662 17'.
3068 5607 3160 5662 Sic
3207 5611 3376 5664 etiam
3430 5609 3650 5663 Thaletis

2090 5699 2356 5760 tempore,
2396 5694 2498 5748 hoc
2529 5703 2612 5750 est
2640 5711 2782 5750 anno
2813 5697 3284 5765 periodi‘JuIiana:
3307 5699 3470 5763 4113,
3500 5713 3648 5749 ocea-

2090 5801 2183 5843 sus
2219 5786 2361 5843 idem
2405 5787 2708 5843 matutinus
2733 5803 2895 5843 verus
2928 5791 2980 5842 in
3015 5790 3248 5861 gradum
3287 5788 3464 5846 Libra:
3495 5780 3648 5841 XXIV
