3808 6330
132 326 259 381 1581

949 319 1405 376 DlSSERTATlO
1445 318 1533 373 DE
1570 317 1758 374 ORTU
1798 316 1884 372 ET
1923 317 2192 374 OCCASU
2231 318 2554 377 SIDERUM.

3242 328 3381 386 i383

130 442 432 515 competit:
478 442 625 512 quod
664 450 748 498 est
794 442 1075 498 eximium.
1128 441 1352 506 Verum,
1395 450 1455 495 ut
1499 456 1563 495 ex
1605 439 1712 494 Ge-
1739 447 1780 502 Α
1811 439 1930 502 σίας
1979 439 2186 508 potius,
2237 454 2403 508 quam
2457 439 2526 493 ad
2567 443 2794 495 exactos
2836 449 2995 498 ortus
3043 457 3378 514 occasusque

130 539 278 593 mino
309 545 365 590 et
401 533 696 588 Ptolemaeo
745 549 909 604 supra
941 533 1367 588 demonstratum
1405 540 1508 596 est,
1540 541 1694 587 ortus

131 628 499 700 aeronychus,
533 636 587 682 et
623 642 852 682 occasus
894 626 1192 680 matutinus
1228 639 1385 702 verus
1424 625 1491 678 ab
1532 639 1700 694 appa-

129 722 376 776 rentibus
407 721 745 790 discrepant.
787 719 1066 785 Quantum
1103 733 1232 772 vero
1263 717 1406 770 inter
1437 723 1698 785 utrosque

129 814 343 868 dierum
399 811 750 880 interjectum
806 811 896 875 sit,
948 825 979 863 a
1030 808 1267 871 nemine,
1302 808 1447 877 quod
1505 807 1695 870 sciam,

127 905 466 975 explicatum
497 912 582 959 est
613 923 625 960 :
661 903 922 958 interesse
957 909 1136 956 autem
1167 901 1391 970 aliquot,
1422 909 1529 952 tam
1563 899 1700 951 ratio

130 999 270 1069 ipsa,
305 1012 474 1068 quam
499 996 835 1066 experientia
867 994 1165 1050 convincit.
1197 993 1463 1059 Quocirca
1501 991 1703 1044 Anaxi-

127 1090 359 1144 mander
389 1088 457 1143 de
489 1095 780 1157 apparente
809 1085 1089 1140 Pleiadum
1121 1099 1355 1148 occasu,
1402 1082 1598 1137 Thales
1635 1081 1704 1136 de

128 1196 258 1234 vero
286 1181 588 1249 capiendus
619 1189 722 1234 est.
773 1179 830 1232 In
863 1175 1100 1233 Hesiodo
1131 1176 1270 1231 ratio
1315 1190 1424 1230 non
1465 1181 1699 1230 constat.

127 1268 262 1324 Nam
293 1271 477 1325 lucida
510 1270 786 1325 Pleiadum
817 1268 939 1338 ejus
962 1269 1161 1322 saeculo
1185 1281 1444 1321 occasum
1481 1265 1705 1319 matuti-

128 1382 260 1421 num
306 1367 502 1420 hahuit
536 1367 589 1419 in
617 1364 784 1435 gradu
823 1363 999 1418 Libra:
1024 1361 1111 1426 18,
1139 1361 1241 1416 ι17’.
1291 1359 1408 1414 Non
1437 1360 1573 1415 levis
1594 1359 1706 1414 for-

129 1467 276 1514 tasse
307 1457 551 1527 suspicio
595 1467 697 1519 est,
733 1454 969 1510 Plinium
1008 1469 1105 1524 per
1148 1453 1568 1523 imprudentiam
1613 1468 1708 1507 oc-

127 1565 316 1603 casum
349 1548 675 1600 matutinum
701 1561 798 1614 pro
827 1544 1038 1600 heliaco
1071 1543 1392 1611 sumpsisse.
1429 1541 1529 1596 llic
1561 1543 1708 1596 enim

128 1638 352 1694 llesiodi
381 1639 583 1693 saeculo
609 1635 998 1709 propemodum
1022 1635 1078 1689 in
1107 1635 1490 1704 aequinoctium
1519 1634 1707 1688 incur-

127 1731 219 1783 rit.
260 1727 548 1799 Siquidem
593 1744 624 1782 e
665 1727 1028 1781 lucidioribus
1065 1725 1263 1788 tribus,
1292 1740 1413 1794 qua:
1454 1725 1521 1780 ad
1571 1725 1708 1780 oeci-

1800 540 2106 600 respectum
2143 530 2434 585 habuerint
2477 531 2849 593 mathematici
2898 541 3112 590 veteres
3160 536 3216 594 in
3251 532 3378 592 “suis

1801 622 2298 693 parapegmatibus,
2345 633 2667 692 argumento
2716 635 2820 689 est,
2874 626 3040 695 quod.
3090 634 3151 681 ut
3212 627 3379 684 refert

1800 714 1950 768 Theo
1997 715 2050 768 in
2096 715 2328 780 Arateis,
2373 725 2759 787 parapegmata
2800 733 2899 772 sua
2938 719 3153 788 publice
3185 735 3381 791 propo-

1801 808 2004 862 nebant
2053 822 2178 860 cum
2225 808 2508 878 prmsagiis
2543 816 2948 879 tempestatum,
2984 821 3294 877 ventorum,
3325 824 3380 869 et

1801 900 1855 952 id
1890 915 2059 968 genus
2099 900 2349 964 aliorum,
2382 916 2502 969 quae
2543 917 2685 954 anno
2724 909 2838 957 toto
2873 901 3059 956 futura
3094 906 3382 973 prmseive-

1802 999 1943 1045 rant.
1986 989 2166 1045 Verba
2200 991 2440 1046 Theonis
2487 991 2652 1062 digna
2699 1002 2845 1057 sunt,
2890 1009 3011 1063 qua:
3058 995 3151 1049 hic
3206 998 3381 1050 ascri-

1801 1081 2000 1135 bantur
2025 1097 2038 1132 :
2071 1081 2135 1134 Οἱ
2164 1081 2221 1134 δὲ
2248 1082 2384 1151 μετὰ
2411 1083 2642 1136 Μέτωνα
2670 1083 2991 1154 ἀστρονόμοι
3019 1085 3114 1137 καὶ
3148 1085 3381 1149 πίνακας

1808 1175 1867 1225 ὲν
1894 1175 2013 1235 ταῖς
2043 1173 2258 1225 πόλεσιν
2287 1173 2486 1244 ἔθηκαν
2521 1174 2648 1244 περὶ
2684 1174 2793 1228 τῶν
2826 1176 2922 1227 τοῦ
2967 1176 3116 1246 ἡλίου
3152 1194 3381 1250 περιφο-

1808 1263 1913 1335 ρῶν
1963 1262 2071 1315 τῶν
2121 1264 2789 1337 ὲννεακαιδεκαετηρίδων,
2846 1267 2927 1319 ὅτι
2983 1267 3104 1320 καθ’
3154 1268 3418 1344 ’ἕκαστον⁸

1803 1353 2046 1406 ἐνιαυτὸν
2073 1353 2276 1406 τοιόσδε
2326 1355 2478 1408 ἔσται
2523 1355 2746 1426 χειμὼν,
2779 1357 2872 1410 καὶ
2901 1358 3100 1411 τοιόνδε
3127 1358 3244 1429 ἔαρ,
3287 1359 3381 1412 καὶ

1803 1444 2002 1497 τοιόνδε
2041 1444 2216 1516 θέρος,
2262 1446 2354 1498 καὶ
2399 1446 2603 1503 τοιόνδε
2656 1447 3015 1520 φθινόπωρον,
3047 1449 3144 1502 καὶ
3189 1450 3380 1502 τοιοίδε

1804 1537 2022 1606 ἄνεμοι·
2058 1537 2152 1590 καὶ
2193 1535 2362 1589 πολλὰ
2399 1539 2536 1607 πρὸς
2583 1537 2866 1607 βιωφελεῖς
2900 1541 3090 1611 χρείας
3131 1544 3242 1603 τοῖς
3287 1542 3382 1594 ἀνα

1806 1627 2064 1698 θρώποις.
2103 1627 2227 1683 Haac
2260 1637 2438 1684 autem
2472 1630 2652 1684 omnia
2701 1647 2810 1685 non
2853 1633 2906 1685 in
2953 1633 3086 1702 ipsis
3128 1642 3381 1688 astrono-

1808 1720 2076 1776 micorum
2109 1729 2328 1775 ortuum
2355 1722 2441 1775 vel
2487 1737 2782 1778 oecasuum
2820 1722 3140 1790 momentis,
3167 1725 3260 1781 sed
3289 1726 3382 1779 ali-

128 1823 350 1877 dentem
384 1821 580 1893 vergit,
615 1835 872 1876 occasum
906 1819 1174 1874 heliacum
1197 1817 1428 1873 faciebat
1456 1820 1510 1873 in
1535 1817 1705 1888 gradu
1736 1802 1779 1861 Β
1806 1813 2027 1882 quando
2058 1819 2204 1876 ante,
2239 1811 2320 1865 vel
2355 1819 2476 1881 post
2507 1813 2785 1866 observari
2827 1814 3023 1868 solent.

129 1912 334 1967 Arietis
381 1911 583 1981 primo,
621 1909 677 1964 id
706 1917 790 1964 est
814 1912 870 1972 tl,
916 1909 1032 1976 5P;
1071 1908 1351 1964 orientalis
1381 1910 1437 1964 in
1481 1911 1705 1980 cuspide

130 2009 234 2061 sita
263 2006 320 2060 in
348 2003 522 2077 gradu
549 2003 605 2068 2,
642 2004 743 2069 13',
790 2002 1234 2072 splendidissima
1278 2004 1521 2056 omnium
1559 2005 1612 2057 in
1645 2003 1700 2069 4,

128 2100 194 2152 8'.
239 2097 379 2151 Vide
428 2111 593 2165 quam
643 2096 783 2149 belle
838 2096 905 2148 ad
958 2095 1102 2148 hunc
1150 2093 1369 2148 modum
1419 2096 1704 2150 ratiocinia

126 2198 455 2260 congruant.
485 2187 617 2241 Nam
649 2188 717 2242 de
742 2203 940 2242 occasu
981 2187 1250 2242 matutino
1285 2186 1576 2242 falsissima
1615 2203 1705 2243 res

126 2291 232 2335 est.
269 2281 507 2334 Metonis
539 2295 701 2350 porro
748 2291 1008 2349 tempore,
1051 2278 1296 2348 adeoque
1331 2279 1701 2342 Euctemonis,

126 2389 362 2428 occasus
398 2373 697 2426 matutinus
731 2387 892 2426 verus
921 2370 1157 2426 Pleiadis
1182 2371 1238 2424 in
1275 2371 1451 2426 Libne
1490 2373 1581 2433 27,
1623 2356 1705 2425 44⁸

127 2466 388 2519 convenit
423 2482 435 2518 ;
479 2465 547 2519 ad
580 2465 724 2534 quod
773 2464 935 2534 spatii
967 2463 1173 2533 aliquid
1221 2469 1442 2518 accedat
1490 2472 1706 2533 oportet

127 2559 195 2612 ad
228 2572 406 2626 usque
440 2557 784 2627 φαινόμενον,
815 2556 975 2623 cujus
1008 2556 1170 2609 etiam
1201 2556 1515 2625 apparentis
1545 2569 1705 2608 occa-

125 2663 225 2703 sus
260 2647 462 2716 gradus
492 2647 659 2716 aliqui
682 2654 829 2700 sunt.
853 2644 988 2699 Nam
1019 2645 1304 2716 paulatim,
1342 2645 1432 2698 ubi
1463 2645 1706 2714 longius-

123 2737 248 2790 cule
279 2738 348 2789 ab
379 2735 630 2805 opposita
671 2736 793 2790 οωιί
823 2736 1043 2805 regione
1091 2734 1174 2789 sol
1206 2734 1544 2800 discesserit,
1595 2746 1702 2789 tam

125 2829 182 2879 in
221 2834 368 2889 ortu,
397 2839 562 2894 quam
594 2824 650 2879 in
690 2839 890 2880 occasu
931 2825 1087 2881 stella
1115 2825 1490 2895 conspicitur;
1542 2824 1706 2894 idque

123 2917 387 2972 continue
414 2917 472 2970 fit
515 2915 708 2971 diebus
737 2918 961 2986 aliquot.
981 2915 1242 2971 Geminus
1263 2917 1408 2971 enim
1440 2916 1614 2985 capite
1636 2914 1705 2968 Xl

122 3009 320 3065 scribit
358 3023 519 3063 veros
567 3019 723 3063 ortus
773 3017 828 3063 et
879 3023 1110 3064 occasus
1151 3011 1448 3063 matutinos
1495 3009 1705 3078 priores

1874 1904 2136 1959 Geminus
2165 1903 2218 1958 in
2249 1911 2632 1974 parapegmate
2656 1903 2820 1960 refert
2846 1920 2913 1960 ex
2932 1905 3144 1976 Calippi
3173 1906 3382 1961 descri-

1804 1997 1990 2066 ptione
2020 1994 2286 2066 Vergilias
2336 1995 2587 2049 occidere
2637 1995 2691 2048 in
2740 2003 2893 2065 parte
2937 1995 3149 2066 Scorpii
3183 1997 3266 2052 16.
3309 1999 3380 2050 At

1806 2087 2028 2142 Eudoxo
2077 2088 2134 2140 in
2174 2086 2273 2153 19;
2319 2085 2637 2140 Euctemoni
2676 2101 2806 2140 vero
2852 2087 2904 2140 in
2950 2087 3038 2151 15,
3088 2104 3211 2142 cum
3257 2098 3383 2144 ante

1806 2176 2145 2232 Democritus
2189 2176 2244 2229 in
2293 2175 2328 2228 4
2373 2176 2679 2230 statuisset.
2710 2174 2872 2230 Liber
2909 2177 2976 2232 de
3025 2177 3382 2234 inerrantium

1806 2269 2321 2340 significationibus,
2350 2267 2444 2337 qui
2477 2267 2768 2322 Ptolemaeo
2802 2268 3079 2334 tribuitur,
3112 2268 3381 2342 Vergilia-

1806 2377 1926 2416 rum
1965 2361 2184 2415 occasui
2216 2359 2486 2414 matutino
2519 2359 2703 2428 plures
2745 2360 2972 2414 ascribit
3003 2360 3142 2427 dies,
3185 2377 3383 2432 nempe

1811 2451 2065 2507 Octobris
2115 2467 2228 2517 χιχ,
2280 2466 2437 2516 xxm,
2488 2466 2663 2516 xxvii,
2709 2450 2978 2508 Kalendas
3023 2450 3379 2520 Novembres,

1804 2545 1945 2600 diem
1975 2544 2219 2614 ejusdem
2254 2560 2349 2608 vn,
2375 2559 2433 2597 ιιι
2463 2553 2516 2599 et
2545 2560 2666 2608 xm,
2699 2544 2794 2613 qui
2819 2559 3058 2600 occasus
3083 2547 3380 2616 superiori-

1805 2636 1907 2690 bus
1955 2637 2061 2692 illis
2107 2652 2138 2690 a
2170 2635 2398 2692 Gemino
2448 2637 2767 2692 memoratis
2805 2648 3246 2694 astronomorum
3283 2640 3378 2694 d’c-

1805 2730 1971 2782 cretis
2025 2728 2430 2782 accommodari
2481 2735 2735 2799 possunt,
2780 2730 2856 2784 ita
2885 2740 2942 2784 ut
2986 2747 3095 2785 non
3147 2747 3380 2787 occasus

1804 2821 1953 2885 veri,
1987 2821 2082 2876 sed
2116 2829 2442 2891 apparentes
2489 2821 2865 2890 intelligantur
2903 2838 2968 2879 eo
3013 2823 3175 2878 modo
3218 2839 3377 2894 quem

1805 2913 2048 2986 proxime
2086 2913 2494 2983 proposuimus.

1879 3005 2020 3061 Sane
2037 3004 2164 3060 Julii
2194 3005 2427 3060 Caesaris
2454 3014 2612 3062 aetate
2642 3022 2803 3062 verus
2829 3018 3060 3060 occasus
3077 3005 3379 3062 matutinus

122 3117 248 3156 esse
290 3099 716 3171 apparentibus;
770 3101 826 3154 in
873 3102 1206 3170 vespertinis
1251 3109 1444 3156 contra
1491 3100 1703 3170 priores
1807 3099 2086 3154 Pleiadum
2138 3097 2313 3152 fiebat‘
2347 3101 2401 3153 in
2456 3107 2653 3170 quarta
2702 3107 2854 3170 parte
2891 3098 3124 3168 Scorpii.
3167 3100 3250 3152 Ab
3274 3098 3377 3153 hoc

122 3207 248 3246 esse
284 3192 432 3246 veris
470 3197 812 3259 apparentes.
860 3188 1028 3260 Igitur
1066 3199 1394 3262 apparentes
1443 3199 1618 3251 ortus.
1651 3199 1705 3245 et

121 3297 359 3336 occasus
394 3280 670 3344 matutini,
697 3295 834 3348 quas
865 3279 1035 3333 Graeci
1064 3282 1456 3351 προανατολὰς,
1490 3289 1542 3336 et
1574 3297 1704 3350 προ-

122 3372 454 3432 καταδύσεις
495 3370 634 3441 ἑῴας
657 3370 990 3441 φαινομένας
1023 3373 1345 3436 nominant,
1387 3372 1585 3441 saepius
1619 3386 1705 3425 re-

122 3465 277 3535 petiti
323 3481 484 3518 veros
519 3470 844 3532 sequuntur,
876 3463 1116 3532 quandiu
1160 3463 1422 3518 mediocri
1469 3461 1705 3517 intersti-

123 3561 201 3613 tio
235 3559 373 3614 solis
413 3564 596 3610 ortum
633 3554 834 3610 cadens
867 3555 952 3610 vel
989 3556 1174 3610 oriens
1219 3554 1373 3610 stella
1405 3554 1701 3623 praevertit.

127 3651 217 3705 Sic
261 3651 430 3705 etiam
467 3657 594 3703 ante
642 3647 1012 3716 vespertinum
1060 3655 1242 3700 ortum
1299 3646 1598 3707 stellarum,
1649 3651 1704 3698 ct

124 3757 391 3798 occasum
464 3737 714 3810 ἀληθινὸν
767 3738 902 3793 ﬁunt
968 3747 1296 3809 apparentes
1357 3738 1700 3808 complures;

124 3833 307 3906 quoad
355 3830 782 3901 modicoeispatio
814 3829 1095 3886 conditum
1120 3831 1292 3886 solem
1318 3837 1456 3888 ortu
1473 3845 1594 3895 suo,
1622 3829 1703 3885 vel

126 3943 328 3982 occasu
362 3927 521 3980 stella
555 3925 935 3993 consequitur.

193 4020 332 4086 Qum
361 4020 583 4074 demum
614 4016 898 4072 varietatis
928 4017 1075 4071 illius
1105 4015 1286 4071 afferri
1312 4031 1474 4069 causa
1501 4023 1700 4085 potest,

123 4129 292 4184 quam
328 4115 492 4167 etiam
524 4111 699 4167 aetatis
740 4112 885 4166 inter
917 4108 1185 4178 ejusdem,
1221 4121 1284 4160 ac
1330 4107 1570 4176 regionis
1610 4121 1705 4158 au-

123 4216 312 4261 ctores
341 4204 661 4274 plerumque
690 4202 968 4256 cernimus
993 4218 1007 4254 :
1043 4199 1173 4254 dum
1217 4199 1356 4252 alius
1381 4198 1701 4261 orientibus,

123 4295 522 4351 cadentibusve
559 4293 731 4348 stellis
762 4294 866 4346 alia
899 4290 1205 4363 prmscribit
1234 4299 1500 4358 tempora,
1535 4287 1705 4341 diem-

122 4404 233 4459 que
253 4385 534 4448 diﬂundit,
563 4393 620 4438 ut
661 4384 730 4438 ab
761 4385 829 4439 iis
871 4381 1144 4445 terminis,
1187 4395 1326 4451 quos
1354 4396 1420 4434 ex
1460 4387 1706 4434 astrono-

1810 3197 2051 3257 tempore
2111 3187 2416 3256 interjectis
2467 3188 2662 3243 diebus
2720 3187 2932 3253 decem,
2983 3195 3076 3242 aut
3115 3196 3377 3259 quatuor-

1809 3279 2003 3344 decim,
2056 3279 2335 3350 continget
2382 3295 2654 3350 apparens
2701 3296 2930 3336 occasus
2966 3279 3054 3335 die
3086 3281 3155 3336 ab
3204 3281 3376 3352 arqui-

1808 3371 1991 3425 noctio
2039 3385 2186 3438 xuv,
2224 3371 2309 3425 vel
2371 3386 2560 3426 vam.
2623 3371 2866 3438 Quorum
2917 3382 3231 3444 utrumque,
3281 3375 3381 3430 sed

1810 3460 1943 3520 illud
1967 3463 2200 3519 maxime
2231 3463 2480 3534 Sosigeni
2511 3479 2575 3518 ac
2605 3463 2752 3519 Julio
2784 3464 2991 3520 Caesari
3024 3466 3324 3536 imputatur
3344 3480 3375 3520 ει

1808 3556 2004 3611 Plinio.

1883 3649 1994 3704 Sub
2016 3650 2158 3704 idem
2201 3658 2413 3721 tempus
2457 3652 2726 3718 autumni,
2767 3661 2893 3707 ante
2923 3650 3252 3707 matutinum
3291 3667 3375 3707 oc-

1809 3759 2015 3808 casum,
2066 3743 2348 3798 Pleiadum
2396 3746 2742 3814 vespcrtinus
2795 3741 2950 3800 ortus
2997 3744 3197 3798 accidit
3233 3764 3247 3801 :
3287 3745 3376 3799 cui

1808 3835 2026 3906 quidem
2055 3835 2258 3892 diversi
2289 3835 2431 3906 apud
2458 3837 2745 3892 Geminum
2774 3847 2826 3892 et
2862 3836 3207 3892 Ptolemaeum
3240 3853 3376 3908 prte-

1811 3926 1986 3981 stituti
2025 3934 2152 3980 sunt
2193 3927 2329 3981 dies.
2385 3925 2648 3981 Geminus
2701 3927 2777 3980 ait
2831 3925 3212 3981 Euctemonem
3257 3927 3313 3981 in
3346 3928 3378 3982 5

1809 4020 1984 4074 Librae
2009 4029 2161 4088 parte
2201 4019 2480 4082 statuisse,
2514 4017 2799 4072 Eudoxum
2829 4018 2886 4071 in
2916 4018 3002 4072 10.
3045 4017 3200 4083 Quod
3227 4026 3286 4072 ut
3311 4017 3380 4074 de

1809 4110 2044 4182 ἀληθινῷ
2089 4111 2372 4179 capiatur,
2429 4109 2658 4180 contigit
2707 4108 2928 4164 Hesiodi
2975 4109 3198 4164 saeculo.
3239 4108 3378 4162 Tum

1808 4205 1953 4258 enim
1993 4204 2049 4256 in
2097 4201 2272 4255 Libra:
2318 4201 2384 4254 10
2426 4208 2580 4270 parte
2624 4199 2944 4273 ἀκρονύχως
2970 4199 3290 4254 oriebantur
3322 4198 3382 4251 in

1809 4294 2014 4350 Graecia
2073 4291 2364 4362 Vergiliae:
2395 4292 2639 4346 Thaletis
2686 4300 2868 4346 autem
2918 4297 3164 4360 tempore
3197 4289 3250 4342 in
3287 4287 3376 4352 16,

1809 4383 1997 4438 eodem
2030 4382 2084 4436 in
2118 4382 2228 4436 situ
2283 4381 2542 4451 regionis.
2576 4385 2644 4434 At
2677 4380 2889 4436 Mctone
2927 4380 3165 4442 vivente,
3202 4379 3256 4434 in
3285 4379 3374 4443 19,

121 4480 285 4534 micis
319 4476 526 4548 regulis
557 4475 949 4547 triangulorum
978 4490 1100 4545 ope,
1139 4488 1202 4528 ac
1226 4470 1480 4528 methodo
1505 4472 1704 4525 consti-
1737 4493 1778 4547 ο
1807 4472 1935 4526 Julii
1973 4473 2207 4540 denique
2251 4472 2486 4526 Caesaris
2523 4486 2637 4525 aevo
2671 4475 2724 4524 in
2767 4471 2858 4525 25.
2906 4469 3084 4542 Atque
3128 4469 3210 4525 hae
3251 4477 3378 4524 sunt

118 4571 357 4633 tuimus,
406 4567 715 4638 plusculum
763 4567 1037 4621 interdum
1083 4565 1340 4621 recedere
1389 4563 1700 4617 videantur.

119 4663 178 4716 Id
228 4678 296 4718 co
329 4660 390 4714 fit
415 4661 561 4730 quod
592 4660 886 4730 scriptores
918 4660 1016 4723 illi,
1051 4660 1146 4728 qui
1192 4673 1372 4714 rerum
1416 4657 1498 4711 vel
1528 4662 1705 4726 gesta-

117 4765 249 4804 rum
293 4749 639 4813 memoriam,
669 4753 754 4804 vel
791 4747 1100 4802 communis
1127 4748 1196 4802 ad
1236 4762 1395 4802 usum
1431 4747 1554 4800 vita:
1577 4760 1704 4814 spe-

117 4841 396 4897 ctantium
439 4841 823 4896 tractationem
856 4841 1172 4904 instituunt,
1200 4839 1446 4910 populari
1475 4839 1702 4899 trutina,

115 4943 176 4988 et
213 4947 506 4996 sensuum,
536 4931 790 5001 vulgique
814 4932 1024 5001 judicio
1058 4940 1111 4986 et
1159 4932 1544 4994 restimatione,
1597 4945 1704 4984 non

119 5026 336 5089 limata,
370 5033 426 5078 et
447 5022 633 5077 subtili
662 5024 876 5079 ratione
909 5024 1012 5078 ista
1041 5025 1381 5079 describunt.
1419 5021 1600 5087 Quare
1636 5037 1700 5075 ex

117 5133 187 5171 eo
211 5115 366 5170 omni
411 5121 696 5182 tempore:
726 5116 868 5184 quod
917 5115 1159 5170 siderum
1195 5123 1352 5170 ortus
1388 5122 1444 5170 et
1470 5129 1702 5168 occasus

117 5208 377 5278 ἀκριϐεῖς
419 5205 681 5260 mediocri
723 5208 902 5276 spatio
950 5207 1037 5260 vel
1080 5207 1379 5261 matutinos
1429 5206 1699 5275 sequitur,

117 5302 209 5354 vel
247 5297 527 5354 antecedit
570 5299 947 5368 vespertinos;
997 5298 1088 5353 alii
1134 5300 1272 5353 alios
1312 5298 1519 5368 eligunt
1561 5298 1700 5361 dies,

116 5383 326 5464 quibus
357 5391 492 5445 oriri
517 5391 721 5450 stellas.
752 5393 836 5445 vel
861 5391 1112 5446 occidere
1153 5391 1532 5461 pronuntiant,
1565 5406 1704 5458 prm-

116 5487 314 5540 sertim
344 5498 473 5538 cum
505 5484 866 5554 ἐπισημασίαι
896 5482 1354 5547 vehementiores,
1384 5488 1437 5534 et
1461 5481 1701 5550 insignes

114 5577 266 5630 aeris
301 5575 639 5630 mutationes
675 5575 970 5629 incidunt:
1019 5590 1140 5643 quae
1188 5575 1350 5628 certis
1399 5572 1504 5626 illis
1557 5573 1700 5629 side-

117 5669 278 5723 ribus
346 5684 414 5722 cx
487 5668 709 5736 antiqua
771 5677 824 5721 et
883 5683 912 5720 a
971 5667 1272 5736 majoribus
1321 5665 1517 5719 tradita
1583 5665 1700 5734 opi-

115 5759 287 5816 nione
311 5759 486 5814 tribui
511 5759 775 5814 solebant.
800 5760 952 5825 Quod
984 5759 1048 5812 ad
1081 5759 1326 5824 elTectus,
1356 5765 1408 5812 et
1431 5759 1698 5828 ἐπισημα-

1806 4564 2071 4634 ἀληθιναὶ,
2103 4572 2156 4617 et
2184 4563 2471 4632 ἀκρόνυχοι
2497 4562 2739 4616 ὲπιτολαί
2756 4604 2770 4629 ,
2813 4579 2952 4634 quas
2975 4563 3158 4634 utique
3175 4578 3377 4633 prtere-

1807 4655 1940 4708 dunt
1976 4664 2321 4725 apparentes.
2358 4655 2446 4710 Ea:
2478 4672 2641 4727 porro
2672 4659 2920 4727 repetitis
2949 4659 3140 4713 diebus
3178 4657 3375 4728 saepius

1808 4745 2112 4801 incurrunt.
2168 4747 2244 4802 Ex
2299 4749 2499 4818 quibus
2544 4759 2694 4804 certa
2731 4751 2834 4805 sibi
2868 4750 3100 4821 quisque
3132 4760 3376 4821 tempora

1805 4840 2037 4908 sumpsit
2057 4879 2071 4902 ,
2105 4840 2305 4906 quibus
2336 4842 2467 4895 oriri
2501 4839 2746 4896 Pleiadas
2771 4843 2934 4911 paulo
2963 4851 3088 4912 post
3117 4857 3374 4898 occasum

1807 4932 1977 4986 solem
2007 4930 2232 4986 diceret.

1876 5026 1932 5080 In
1954 5025 2229 5080 Ptolemaai
2290 5027 2474 5082 libello
2515 5026 2708 5084 Latino
2733 5027 2986 5084 Octobris
3010 5029 3287 5096 Kalendis,
3319 5040 3372 5086 et

1805 5118 2048 5175 secundo
2098 5119 2204 5183 die,
2243 5135 2388 5173 nono
2410 5135 2473 5173 ac
2506 5119 2829 5176 duodecimo
2854 5162 2868 5187 ,
2912 5122 3050 5176 idem
3096 5122 3186 5178 ille
3219 5133 3374 5178 ortus

1805 5211 2116 5264 adnotatur.
2165 5209 2350 5266 Potest
2402 5211 2470 5265 de
2497 5219 2621 5267 ortu
2657 5229 2788 5268 vero
2829 5215 2904 5268 ita
2933 5214 3225 5284 scripsisse
3248 5217 3372 5270 libri

1805 5303 1968 5371 hujus
1999 5311 2192 5357 auctor
2215 5343 2228 5364 .
2261 5304 2351 5373 qui
2397 5305 2606 5374 putavit
2644 5307 2698 5359 in
2724 5305 2940 5360 Libram
2973 5308 3178 5377 ingredi
3204 5310 3370 5364 solem

1802 5394 1888 5448 die
1922 5392 2256 5463 Septembris
2286 5412 2370 5448 XIX
2398 5415 2415 5455 ;
2449 5413 2479 5451 a
2511 5413 2618 5467 quo
2661 5396 2914 5454 Kalendae
2950 5399 3198 5455 Octobris
3225 5401 3371 5455 deci-

1801 5503 1923 5540 mus
1945 5488 2138 5540 tertius
2167 5488 2283 5541 dies
2313 5497 2395 5542 est
2414 5528 2430 5553 ,
2463 5504 2645 5543 nonus
2666 5505 2794 5543 vero
2821 5492 3111 5547 vicesimus
3135 5491 3366 5561 primus.

1800 5576 2153 5633 duoilccimus
2221 5587 2446 5647 quartus
2484 5583 2538 5632 et
2583 5580 2900 5636 vicesimus.
2929 5581 3032 5647 Qui
3061 5589 3369 5650 postremus

1799 5670 1941 5720 ortui
1989 5669 2204 5722 Juliano
2240 5670 2546 5740 acronycho
2577 5671 2850 5736 convenit,
2902 5671 3083 5726 caeteri
3140 5669 3369 5726 Metonis

1801 5757 2138 5829 aliorumque
2163 5758 2361 5813 saeculo
2383 5757 2818 5828 quadrantJiaec
2853 5775 2918 5814 ex
2949 5759 3188 5814 auctoris
3223 5760 3369 5814 illius
