  <div class='ocr_page' id='page_1' title='image "/cluster/home/n/w/nwhite01/storage/ocr_20150623/19/hvd.32044011362951/699.png"; bbox 0 0 3808 6326; ppageno 0'>
   <div class='ocr_carea' id='block_1_1' title="bbox 473 19 944 28">
    <p class='ocr_par' dir='ltr' id='par_1_1' title="bbox 473 19 944 28">
     <span class='ocr_line' id='line_1_1' title="bbox 473 19 944 28; baseline -0.006 0"><span class='ocrx_word' id='word_1_1' title='bbox 473 21 508 28; x_wconf 80' lang='lat'><strong>..=-</strong></span> <span class='ocrx_word' id='word_1_2' title='bbox 517 19 944 28; x_wconf 51' lang='lat' dir='ltr'><strong>ﬁ..——_——_—-—~—_—</strong></span> 
     </span>
    </p>
   </div>
   <div class='ocr_carea' id='block_1_2' title="bbox 435 304 574 363">
    <p class='ocr_par' dir='ltr' id='par_1_2' title="bbox 435 304 574 363">
     <span class='ocr_line' id='line_1_2' title="bbox 435 304 574 363; baseline 0.014 -4"><span class='ocrx_word' id='word_1_3' title='bbox 435 304 574 363; x_wconf 72' lang='grc'><strong>1885</strong></span> 
     </span>
    </p>
   </div>
   <div class='ocr_carea' id='block_1_3' title="bbox 1452 293 2683 355">
    <p class='ocr_par' dir='ltr' id='par_1_3' title="bbox 1452 293 2683 355">
     <span class='ocr_line' id='line_1_3' title="bbox 1452 293 2683 355; baseline -0.004 -1"><span class='ocrx_word' id='word_1_4' title='bbox 1452 299 1542 354; x_wconf 71' lang='lat' dir='ltr'><strong>AT)</strong></span> <span class='ocrx_word' id='word_1_5' title='bbox 1579 298 1847 355; x_wconf 83' lang='lat' dir='ltr'><strong>EUSEBII</strong></span> <span class='ocrx_word' id='word_1_6' title='bbox 1874 294 2269 354; x_wconf 71' lang='lat' dir='ltr'><strong>CHRONICON</strong></span> <span class='ocrx_word' id='word_1_7' title='bbox 2308 293 2683 352; x_wconf 72' lang='lat' dir='ltr'><strong>APPENDIX.</strong></span> 
     </span>
    </p>
   </div>
   <div class='ocr_carea' id='block_1_4' title="bbox 3547 293 3680 352">
    <p class='ocr_par' dir='ltr' id='par_1_4' title="bbox 3547 293 3680 352">
     <span class='ocr_line' id='line_1_4' title="bbox 3547 293 3680 352; baseline 0.015 -2"><span class='ocrx_word' id='word_1_8' title='bbox 3547 293 3680 352; x_wconf 59' lang='grc'><strong>1681</strong></span> 
     </span>
    </p>
   </div>
   <div class='ocr_carea' id='block_1_5' title="bbox 431 405 3680 486">
    <p class='ocr_par' dir='ltr' id='par_1_5' title="bbox 431 405 3680 486">
     <span class='ocr_line' id='line_1_5' title="bbox 431 405 3680 486; baseline -0.003 -14"><span class='ocrx_word' id='word_1_9' title='bbox 431 417 570 472; x_wconf 81' lang='lat' dir='ltr'><strong>falsa</strong></span> <span class='ocrx_word' id='word_1_10' title='bbox 595 416 952 486; x_wconf 80' lang='lat' dir='ltr'><strong>persuasione</strong></span> <span class='ocrx_word' id='word_1_11' title='bbox 972 415 1040 470; x_wconf 91' lang='lat' dir='ltr'><strong>de</strong></span> <span class='ocrx_word' id='word_1_12' title='bbox 1070 415 1323 486; x_wconf 83' lang='lat' dir='ltr'><strong>ingressu</strong></span> <span class='ocrx_word' id='word_1_13' title='bbox 1360 413 1494 469; x_wconf 88' lang='lat' dir='ltr'><strong>solis</strong></span> <span class='ocrx_word' id='word_1_14' title='bbox 1530 413 1588 468; x_wconf 87' lang='lat' dir='ltr'><strong>in</strong></span> <span class='ocrx_word' id='word_1_15' title='bbox 1616 413 2005 470; x_wconf 84' lang='lat' dir='ltr'><strong>dodecatemo-</strong></span> <span class='ocrx_word' id='word_1_16' title='bbox 2034 423 2083 480; x_wconf 74' lang='grc' dir='ltr'><strong>Α</strong></span> <span class='ocrx_word' id='word_1_17' title='bbox 2111 411 2312 467; x_wconf 71' lang='lat' dir='ltr'><strong>coelum</strong></span> <span class='ocrx_word' id='word_1_18' title='bbox 2355 419 2457 474; x_wconf 90' lang='lat' dir='ltr'><strong>est,</strong></span> <span class='ocrx_word' id='word_1_19' title='bbox 2487 409 2760 466; x_wconf 89' lang='lat' dir='ltr'><strong>horizonti</strong></span> <span class='ocrx_word' id='word_1_20' title='bbox 2808 406 3028 481; x_wconf 79' lang='grc' dir='ltr'><strong>ἀτμώδη</strong></span> <span class='ocrx_word' id='word_1_21' title='bbox 3066 405 3360 480; x_wconf 85' lang='lat' dir='ltr'><strong>quemdam</strong></span> <span class='ocrx_word' id='word_1_22' title='bbox 3391 418 3569 462; x_wconf 82' lang='lat' dir='ltr'><strong>aerem</strong></span> <span class='ocrx_word' id='word_1_23' title='bbox 3600 408 3680 461; x_wconf 86' lang='lat' dir='ltr'><strong>in-</strong></span> 
     </span>
    </p>
   </div>
   <div class='ocr_carea' id='block_1_6' title="bbox 431 503 2008 574">
    <p class='ocr_par' dir='ltr' id='par_1_6' title="bbox 431 503 2008 574">
     <span class='ocr_line' id='line_1_6' title="bbox 431 503 2008 574; baseline -0.002 -14"><span class='ocrx_word' id='word_1_24' title='bbox 431 509 516 560; x_wconf 90' lang='lat' dir='ltr'><strong>ria</strong></span> <span class='ocrx_word' id='word_1_25' title='bbox 539 514 733 559; x_wconf 87' lang='lat' dir='ltr'><strong>octavo</strong></span> <span class='ocrx_word' id='word_1_26' title='bbox 754 514 878 560; x_wconf 90' lang='lat' dir='ltr'><strong>ante</strong></span> <span class='ocrx_word' id='word_1_27' title='bbox 901 503 1278 559; x_wconf 88' lang='lat' dir='ltr'><strong>cardines-die</strong></span> <span class='ocrx_word' id='word_1_28' title='bbox 1318 503 1462 557; x_wconf 87' lang='lat' dir='ltr'><strong>haud</strong></span> <span class='ocrx_word' id='word_1_29' title='bbox 1493 503 1730 559; x_wconf 82' lang='lat' dir='ltr'><strong>absurde</strong></span> <span class='ocrx_word' id='word_1_30' title='bbox 1759 506 2008 574; x_wconf 88' lang='lat' dir='ltr'><strong>suspica-</strong></span> 
     </span>
    </p>
   </div>
   <div class='ocr_carea' id='block_1_7' title="bbox 432 594 2007 668">
    <p class='ocr_par' dir='ltr' id='par_1_7' title="bbox 432 594 2007 668">
     <span class='ocr_line' id='line_1_7' title="bbox 432 594 2007 668; baseline -0.002 -15"><span class='ocrx_word' id='word_1_31' title='bbox 432 614 600 653; x_wconf 84' lang='lat' dir='ltr'><strong>mur:</strong></span> <span class='ocrx_word' id='word_1_32' title='bbox 633 599 874 666; x_wconf 77' lang='lat' dir='ltr'><strong>alioquin</strong></span> <span class='ocrx_word' id='word_1_33' title='bbox 928 597 994 650; x_wconf 85' lang='lat' dir='ltr'><strong>ad</strong></span> <span class='ocrx_word' id='word_1_34' title='bbox 1045 594 1373 666; x_wconf 81' lang='grc' dir='ltr'><strong>φαινομένην</strong></span> <span class='ocrx_word' id='word_1_35' title='bbox 1420 595 1672 667; x_wconf 77' lang='grc' dir='ltr'><strong>ἐπιτολὴν</strong></span> <span class='ocrx_word' id='word_1_36' title='bbox 1705 597 2007 668; x_wconf 72' lang='grc' dir='ltr'><strong>ἀκρόνυχον</strong></span> 
     </span>
    </p>
   </div>
   <div class='ocr_carea' id='block_1_8' title="bbox 432 687 950 755">
    <p class='ocr_par' dir='ltr' id='par_1_8' title="bbox 432 687 950 755">
     <span class='ocr_line' id='line_1_8' title="bbox 432 687 950 755; baseline -0.008 -14"><span class='ocrx_word' id='word_1_37' title='bbox 432 687 630 743; x_wconf 86' lang='lat' dir='ltr'><strong>referri</strong></span> <span class='ocrx_word' id='word_1_38' title='bbox 672 693 950 755; x_wconf 91' lang='lat' dir='ltr'><strong>poterunt.</strong></span> 
     </span>
    </p>
   </div>
   <div class='ocr_carea' id='block_1_9' title="bbox 504 772 2007 848">
    <p class='ocr_par' dir='ltr' id='par_1_9' title="bbox 504 772 2007 848">
     <span class='ocr_line' id='line_1_9' title="bbox 504 772 2007 848; baseline 0 -16"><span class='ocrx_word' id='word_1_39' title='bbox 504 776 763 845; x_wconf 73' lang='lat' dir='ltr'><strong>Sequitur</strong></span> <span class='ocrx_word' id='word_1_40' title='bbox 816 774 1163 844; x_wconf 90' lang='lat' dir='ltr'><strong>vespertinus</strong></span> <span class='ocrx_word' id='word_1_41' title='bbox 1220 788 1461 828; x_wconf 85' lang='lat' dir='ltr'><strong>occasus</strong></span> <span class='ocrx_word' id='word_1_42' title='bbox 1501 772 1804 840; x_wconf 81' lang='lat' dir='ltr'><strong>Pleiadum,</strong></span> <span class='ocrx_word' id='word_1_43' title='bbox 1846 793 2007 848; x_wconf 89' lang='lat' dir='ltr'><strong>quem</strong></span> 
     </span>
    </p>
   </div>
   <div class='ocr_carea' id='block_1_10' title="bbox 435 865 2011 939">
    <p class='ocr_par' dir='ltr' id='par_1_10' title="bbox 435 865 2011 939">
     <span class='ocr_line' id='line_1_10' title="bbox 435 865 2011 939; baseline 0.002 -18"><span class='ocrx_word' id='word_1_44' title='bbox 435 865 697 921; x_wconf 83' lang='lat' dir='ltr'><strong>Geminus</strong></span> <span class='ocrx_word' id='word_1_45' title='bbox 732 865 1123 920; x_wconf 86' lang='lat' dir='ltr'><strong>Euctemonem</strong></span> <span class='ocrx_word' id='word_1_46' title='bbox 1177 866 1251 918; x_wconf 92' lang='lat' dir='ltr'><strong>ait</strong></span> <span class='ocrx_word' id='word_1_47' title='bbox 1292 866 1346 918; x_wconf 91' lang='lat' dir='ltr'><strong>iu</strong></span> <span class='ocrx_word' id='word_1_48' title='bbox 1379 867 1446 920; x_wconf 86' lang='lat' dir='ltr'><strong>I0</strong></span> <span class='ocrx_word' id='word_1_49' title='bbox 1493 875 1647 936; x_wconf 88' lang='lat' dir='ltr'><strong>parte</strong></span> <span class='ocrx_word' id='word_1_50' title='bbox 1681 869 1879 924; x_wconf 77' lang='lat' dir='ltr'><strong>Arietis</strong></span> <span class='ocrx_word' id='word_1_51' title='bbox 1912 885 2011 939; x_wconf 83' lang='lat' dir='ltr'><strong>po--</strong></span> 
     </span>
    </p>
   </div>
   <div class='ocr_carea' id='block_1_11' title="bbox 445 956 2012 1028">
    <p class='ocr_par' dir='ltr' id='par_1_11' title="bbox 445 956 2012 1028">
     <span class='ocr_line' id='line_1_11' title="bbox 445 956 2012 1028; baseline 0.001 -15"><span class='ocrx_word' id='word_1_52' title='bbox 445 974 612 1024; x_wconf 84' lang='lat' dir='ltr'><strong>nere;</strong></span> <span class='ocrx_word' id='word_1_53' title='bbox 637 957 921 1011; x_wconf 81' lang='lat' dir='ltr'><strong>Eudoxum</strong></span> <span class='ocrx_word' id='word_1_54' title='bbox 948 965 1002 1012; x_wconf 85' lang='lat' dir='ltr'><strong>et</strong></span> <span class='ocrx_word' id='word_1_55' title='bbox 1034 956 1400 1010; x_wconf 75' lang='lat' dir='ltr'><strong>Democritum</strong></span> <span class='ocrx_word' id='word_1_56' title='bbox 1427 958 1482 1010; x_wconf 93' lang='lat' dir='ltr'><strong>in</strong></span> <span class='ocrx_word' id='word_1_57' title='bbox 1507 958 1592 1012; x_wconf 78' lang='lat' dir='ltr'><strong>I3.</strong></span> <span class='ocrx_word' id='word_1_58' title='bbox 1627 957 1738 1028; x_wconf 87' lang='lat' dir='ltr'><strong>Ego</strong></span> <span class='ocrx_word' id='word_1_59' title='bbox 1769 959 2012 1015; x_wconf 75' lang='lat' dir='ltr'><strong>Thaletis</strong></span> 
     </span>
    </p>
   </div>
   <div class='ocr_carea' id='block_1_12' title="bbox 433 1047 2014 1120">
    <p class='ocr_par' dir='ltr' id='par_1_12' title="bbox 433 1047 2014 1120">
     <span class='ocr_line' id='line_1_12' title="bbox 433 1047 2014 1120; baseline 0.001 -16"><span class='ocrx_word' id='word_1_60' title='bbox 433 1057 675 1120; x_wconf 85' lang='lat' dir='ltr'><strong>tempore</strong></span> <span class='ocrx_word' id='word_1_61' title='bbox 724 1063 988 1103; x_wconf 86' lang='lat' dir='ltr'><strong>occasum</strong></span> <span class='ocrx_word' id='word_1_62' title='bbox 1048 1047 1367 1102; x_wconf 78' lang='lat' dir='ltr'><strong>earumdem</strong></span> <span class='ocrx_word' id='word_1_63' title='bbox 1426 1048 1698 1104; x_wconf 79' lang='lat' dir='ltr'><strong>Iieliacum</strong></span> <span class='ocrx_word' id='word_1_64' title='bbox 1743 1051 2014 1107; x_wconf 88' lang='lat' dir='ltr'><strong>accidisse</strong></span> 
     </span>
    </p>
   </div>
   <div class='ocr_carea' id='block_1_13' title="bbox 435 1137 2009 1210">
    <p class='ocr_par' dir='ltr' id='par_1_13' title="bbox 435 1137 2009 1210">
     <span class='ocr_line' id='line_1_13' title="bbox 435 1137 2009 1210; baseline 0.001 -16"><span class='ocrx_word' id='word_1_65' title='bbox 435 1139 716 1210; x_wconf 86' lang='lat' dir='ltr'><strong>comperio</strong></span> <span class='ocrx_word' id='word_1_66' title='bbox 742 1141 796 1193; x_wconf 93' lang='lat' dir='ltr'><strong>in</strong></span> <span class='ocrx_word' id='word_1_67' title='bbox 829 1147 982 1210; x_wconf 90' lang='lat' dir='ltr'><strong>parte</strong></span> <span class='ocrx_word' id='word_1_68' title='bbox 997 1139 1202 1193; x_wconf 83' lang='lat' dir='ltr'><strong>Arietis</strong></span> <span class='ocrx_word' id='word_1_69' title='bbox 1230 1139 1326 1203; x_wconf 85' lang='lat' dir='ltr'><strong>I0;</strong></span> <span class='ocrx_word' id='word_1_70' title='bbox 1357 1137 1589 1194; x_wconf 82' lang='lat' dir='ltr'><strong>Metonis</strong></span> <span class='ocrx_word' id='word_1_71' title='bbox 1612 1147 1794 1195; x_wconf 88' lang='lat' dir='ltr'><strong>autem</strong></span> <span class='ocrx_word' id='word_1_72' title='bbox 1823 1143 1875 1194; x_wconf 91' lang='lat' dir='ltr'><strong>in</strong></span> <span class='ocrx_word' id='word_1_73' title='bbox 1910 1143 2009 1196; x_wconf 79' lang='lat' dir='ltr'><strong>I5:</strong></span> 
     </span>
    </p>
   </div>
   <div class='ocr_carea' id='block_1_14' title="bbox 433 1229 2015 1301">
    <p class='ocr_par' dir='ltr' id='par_1_14' title="bbox 433 1229 2015 1301">
     <span class='ocr_line' id='line_1_14' title="bbox 433 1229 2015 1301; baseline 0.002 -18"><span class='ocrx_word' id='word_1_74' title='bbox 433 1231 578 1301; x_wconf 89' lang='lat' dir='ltr'><strong>quod</strong></span> <span class='ocrx_word' id='word_1_75' title='bbox 602 1229 735 1285; x_wconf 91' lang='lat' dir='ltr'><strong>satis</strong></span> <span class='ocrx_word' id='word_1_76' title='bbox 747 1229 997 1299; x_wconf 89' lang='lat' dir='ltr'><strong>quadrat.</strong></span> <span class='ocrx_word' id='word_1_77' title='bbox 1015 1229 1262 1284; x_wconf 82' lang='lat' dir='ltr'><strong>Addebat</strong></span> <span class='ocrx_word' id='word_1_78' title='bbox 1279 1229 1616 1285; x_wconf 80' lang='lat' dir='ltr'><strong>Democritus</strong></span> <span class='ocrx_word' id='word_1_79' title='bbox 1637 1233 1803 1287; x_wconf 80' lang='lat' dir='ltr'><strong>latere</strong></span> <span class='ocrx_word' id='word_1_80' title='bbox 1819 1233 2015 1287; x_wconf 84' lang='lat' dir='ltr'><strong>deinde</strong></span> 
     </span>
    </p>
   </div>
   <div class='ocr_carea' id='block_1_15' title="bbox 434 1317 2017 1387">
    <p class='ocr_par' dir='ltr' id='par_1_15' title="bbox 434 1317 2017 1387">
     <span class='ocr_line' id='line_1_15' title="bbox 434 1317 2017 1387; baseline 0.002 -13"><span class='ocrx_word' id='word_1_81' title='bbox 434 1327 580 1374; x_wconf 89' lang='lat' dir='ltr'><strong>totos</strong></span> <span class='ocrx_word' id='word_1_82' title='bbox 607 1319 725 1373; x_wconf 91' lang='lat' dir='ltr'><strong>dies</strong></span> <span class='ocrx_word' id='word_1_83' title='bbox 751 1333 820 1371; x_wconf 65' lang='grc' dir='ltr'>ιι.</span> <span class='ocrx_word' id='word_1_84' title='bbox 848 1335 863 1372; x_wconf 88' lang='lat'><strong>:</strong></span> <span class='ocrx_word' id='word_1_85' title='bbox 889 1317 1033 1387; x_wconf 88' lang='lat' dir='ltr'><strong>quod</strong></span> <span class='ocrx_word' id='word_1_86' title='bbox 1066 1317 1286 1372; x_wconf 86' lang='lat' dir='ltr'><strong>Hesiodi</strong></span> <span class='ocrx_word' id='word_1_87' title='bbox 1323 1326 1586 1387; x_wconf 89' lang='lat' dir='ltr'><strong>tempore.</strong></span> <span class='ocrx_word' id='word_1_88' title='bbox 1609 1337 1797 1374; x_wconf 87' lang='lat' dir='ltr'><strong>verum</strong></span> <span class='ocrx_word' id='word_1_89' title='bbox 1848 1321 2017 1377; x_wconf 89' lang='lat' dir='ltr'><strong>fuisse</strong></span> 
     </span>
    </p>
   </div>
   <div class='ocr_carea' id='block_1_16' title="bbox 434 1405 2014 1477">
    <p class='ocr_par' dir='ltr' id='par_1_16' title="bbox 434 1405 2014 1477">
     <span class='ocr_line' id='line_1_16' title="bbox 434 1405 2014 1477; baseline 0.001 -15"><span class='ocrx_word' id='word_1_90' title='bbox 434 1407 958 1462; x_wconf 85' lang='lat' dir='ltr'><strong>demonstravimus.</strong></span> <span class='ocrx_word' id='word_1_91' title='bbox 1012 1405 1325 1472; x_wconf 83' lang='lat' dir='ltr'><strong>Quinetiam</strong></span> <span class='ocrx_word' id='word_1_92' title='bbox 1373 1405 1616 1463; x_wconf 83' lang='lat' dir='ltr'><strong>Thaletis</strong></span> <span class='ocrx_word' id='word_1_93' title='bbox 1647 1417 1894 1477; x_wconf 84' lang='lat' dir='ltr'><strong>tempore</strong></span> <span class='ocrx_word' id='word_1_94' title='bbox 1920 1427 2014 1464; x_wconf 88' lang='lat' dir='ltr'><strong>oc-</strong></span> 
     </span>
    </p>
   </div>
   <div class='ocr_carea' id='block_1_17' title="bbox 438 1497 2020 1562">
    <p class='ocr_par' dir='ltr' id='par_1_17' title="bbox 438 1497 2020 1562">
     <span class='ocr_line' id='line_1_17' title="bbox 438 1497 2020 1562; baseline 0.002 -10"><span class='ocrx_word' id='word_1_95' title='bbox 438 1512 600 1553; x_wconf 83' lang='lat' dir='ltr'><strong>casus</strong></span> <span class='ocrx_word' id='word_1_96' title='bbox 634 1497 879 1552; x_wconf 90' lang='lat' dir='ltr'><strong>heliacus</strong></span> <span class='ocrx_word' id='word_1_97' title='bbox 907 1497 961 1550; x_wconf 90' lang='lat' dir='ltr'><strong>in</strong></span> <span class='ocrx_word' id='word_1_98' title='bbox 986 1497 1188 1552; x_wconf 86' lang='lat' dir='ltr'><strong>Arietis</strong></span> <span class='ocrx_word' id='word_1_99' title='bbox 1231 1497 1296 1551; x_wconf 88' lang='grc'><strong>10</strong></span> <span class='ocrx_word' id='word_1_100' title='bbox 1321 1537 1336 1562; x_wconf 88' lang='grc'><em>,</em></span> <span class='ocrx_word' id='word_1_101' title='bbox 1380 1509 1532 1554; x_wconf 88' lang='lat' dir='ltr'><strong>ortus</strong></span> <span class='ocrx_word' id='word_1_102' title='bbox 1565 1499 1800 1554; x_wconf 82' lang='lat' dir='ltr'><strong>inTauri</strong></span> <span class='ocrx_word' id='word_1_103' title='bbox 1827 1502 1889 1554; x_wconf 88' lang='grc'><strong>16</strong></span> <span class='ocrx_word' id='word_1_104' title='bbox 1926 1503 2020 1556; x_wconf 79' lang='lat' dir='ltr'><strong>lie-</strong></span> 
     </span>
    </p>
   </div>
   <div class='ocr_carea' id='block_1_18' title="bbox 438 1588 2019 1662">
    <p class='ocr_par' dir='ltr' id='par_1_18' title="bbox 438 1588 2019 1662">
     <span class='ocr_line' id='line_1_18' title="bbox 438 1588 2019 1662; baseline 0.003 -19"><span class='ocrx_word' id='word_1_105' title='bbox 438 1588 944 1644; x_wconf 81' lang='lat' dir='ltr'><strong>batzintervallum</strong></span> <span class='ocrx_word' id='word_1_106' title='bbox 1009 1589 1224 1642; x_wconf 90' lang='lat' dir='ltr'><strong>dierum</strong></span> <span class='ocrx_word' id='word_1_107' title='bbox 1281 1604 1376 1643; x_wconf 90' lang='lat' dir='ltr'><strong>sex</strong></span> <span class='ocrx_word' id='word_1_108' title='bbox 1433 1599 1486 1645; x_wconf 90' lang='lat' dir='ltr'><strong>et</strong></span> <span class='ocrx_word' id='word_1_109' title='bbox 1535 1591 1778 1662; x_wconf 76' lang='lat' dir='ltr'><strong>triginta.</strong></span> <span class='ocrx_word' id='word_1_110' title='bbox 1815 1591 2019 1647; x_wconf 91' lang='lat' dir='ltr'><strong>Verum</strong></span> 
     </span>
    </p>
   </div>
   <div class='ocr_carea' id='block_1_19' title="bbox 439 1677 2020 1754">
    <p class='ocr_par' dir='ltr' id='par_1_19' title="bbox 439 1677 2020 1754">
     <span class='ocr_line' id='line_1_19' title="bbox 439 1677 2020 1754; baseline 0.004 -20"><span class='ocrx_word' id='word_1_111' title='bbox 439 1680 546 1735; x_wconf 87' lang='lat' dir='ltr'><strong>hoc</strong></span> <span class='ocrx_word' id='word_1_112' title='bbox 584 1681 640 1734; x_wconf 91' lang='lat' dir='ltr'><strong>in</strong></span> <span class='ocrx_word' id='word_1_113' title='bbox 705 1696 816 1734; x_wconf 90' lang='lat' dir='ltr'><strong>una</strong></span> <span class='ocrx_word' id='word_1_114' title='bbox 843 1677 1205 1752; x_wconf 80' lang='lat' dir='ltr'><strong>Vergiliarum</strong></span> <span class='ocrx_word' id='word_1_115' title='bbox 1252 1683 1436 1738; x_wconf 90' lang='lat' dir='ltr'><strong>lucida</strong></span> <span class='ocrx_word' id='word_1_116' title='bbox 1469 1685 1699 1754; x_wconf 88' lang='lat' dir='ltr'><strong>contigit</strong></span> <span class='ocrx_word' id='word_1_117' title='bbox 1735 1703 1748 1739; x_wconf 88' lang='lat'><strong>:</strong></span> <span class='ocrx_word' id='word_1_118' title='bbox 1779 1700 1903 1739; x_wconf 88' lang='lat' dir='ltr'><strong>nam</strong></span> <span class='ocrx_word' id='word_1_119' title='bbox 1934 1687 2020 1740; x_wconf 94' lang='lat' dir='ltr'><strong>ul-</strong></span> 
     </span>
    </p>
   </div>
   <div class='ocr_carea' id='block_1_20' title="bbox 437 1772 2019 1847">
    <p class='ocr_par' dir='ltr' id='par_1_20' title="bbox 437 1772 2019 1847">
     <span class='ocr_line' id='line_1_20' title="bbox 437 1772 2019 1847; baseline 0.004 -22"><span class='ocrx_word' id='word_1_120' title='bbox 437 1772 572 1827; x_wconf 86' lang='lat' dir='ltr'><strong>tima</strong></span> <span class='ocrx_word' id='word_1_121' title='bbox 617 1772 685 1826; x_wconf 86' lang='lat' dir='ltr'><strong>ad</strong></span> <span class='ocrx_word' id='word_1_122' title='bbox 728 1773 994 1827; x_wconf 87' lang='lat' dir='ltr'><strong>orientem</strong></span> <span class='ocrx_word' id='word_1_123' title='bbox 1027 1785 1265 1843; x_wconf 86' lang='lat' dir='ltr'><strong>quatuor</strong></span> <span class='ocrx_word' id='word_1_124' title='bbox 1294 1775 1379 1829; x_wconf 85' lang='lat' dir='ltr'><strong>vel</strong></span> <span class='ocrx_word' id='word_1_125' title='bbox 1412 1776 1653 1846; x_wconf 87' lang='lat' dir='ltr'><strong>quinque</strong></span> <span class='ocrx_word' id='word_1_126' title='bbox 1681 1777 1874 1832; x_wconf 82' lang='lat' dir='ltr'><strong>diebus</strong></span> <span class='ocrx_word' id='word_1_127' title='bbox 1896 1786 2019 1847; x_wconf 90' lang='lat' dir='ltr'><strong>post</strong></span> 
     </span>
    </p>
   </div>
   <div class='ocr_carea' id='block_1_21' title="bbox 440 1863 2017 1928">
    <p class='ocr_par' dir='ltr' id='par_1_21' title="bbox 440 1863 2017 1928">
     <span class='ocr_line' id='line_1_21' title="bbox 440 1863 2017 1928; baseline 0.004 -10"><span class='ocrx_word' id='word_1_128' title='bbox 440 1864 586 1918; x_wconf 88' lang='lat' dir='ltr'><strong>illam</strong></span> <span class='ocrx_word' id='word_1_129' title='bbox 617 1872 796 1916; x_wconf 90' lang='lat' dir='ltr'><strong>ortum</strong></span> <span class='ocrx_word' id='word_1_130' title='bbox 830 1863 1100 1918; x_wconf 87' lang='lat' dir='ltr'><strong>heliacum</strong></span> <span class='ocrx_word' id='word_1_131' title='bbox 1131 1865 1342 1928; x_wconf 84' lang='lat' dir='ltr'><strong>habuit,</strong></span> <span class='ocrx_word' id='word_1_132' title='bbox 1382 1873 1441 1918; x_wconf 87' lang='lat' dir='ltr'><strong>ut</strong></span> <span class='ocrx_word' id='word_1_133' title='bbox 1481 1867 1548 1920; x_wconf 93' lang='lat' dir='ltr'><strong>de</strong></span> <span class='ocrx_word' id='word_1_134' title='bbox 1578 1873 1693 1920; x_wconf 81' lang='lat' dir='ltr'><strong>toto</strong></span> <span class='ocrx_word' id='word_1_135' title='bbox 1730 1869 2017 1925; x_wconf 88' lang='lat' dir='ltr'><strong>asterismo</strong></span> 
     </span>
    </p>
   </div>
   <div class='ocr_carea' id='block_1_22' title="bbox 439 1954 2019 2018">
    <p class='ocr_par' dir='ltr' id='par_1_22' title="bbox 439 1954 2019 2018">
     <span class='ocr_line' id='line_1_22' title="bbox 439 1954 2019 2018; baseline 0.004 -8"><span class='ocrx_word' id='word_1_136' title='bbox 439 1954 789 2010; x_wconf 78' lang='lat' dir='ltr'><strong>verissimum</strong></span> <span class='ocrx_word' id='word_1_137' title='bbox 822 1954 916 2018; x_wconf 88' lang='lat' dir='ltr'><strong>sit,</strong></span> <span class='ocrx_word' id='word_1_138' title='bbox 945 1955 1172 2010; x_wconf 86' lang='lat' dir='ltr'><strong>latuisse</strong></span> <span class='ocrx_word' id='word_1_139' title='bbox 1201 1955 1320 2010; x_wconf 91' lang='lat' dir='ltr'><strong>dies</strong></span> <span class='ocrx_word' id='word_1_140' title='bbox 1353 1957 1594 2011; x_wconf 88' lang='lat' dir='ltr'><strong>totidem.</strong></span> <span class='ocrx_word' id='word_1_141' title='bbox 1628 1957 1860 2013; x_wconf 80' lang='lat' dir='ltr'><strong>Metonis</strong></span> <span class='ocrx_word' id='word_1_142' title='bbox 1893 1975 2019 2016; x_wconf 92' lang='lat' dir='ltr'><strong>ccce</strong></span> 
     </span>
    </p>
   </div>
   <div class='ocr_carea' id='block_1_23' title="bbox 441 2043 2016 2116">
    <p class='ocr_par' dir='ltr' id='par_1_23' title="bbox 441 2043 2016 2116">
     <span class='ocr_line' id='line_1_23' title="bbox 441 2043 2016 2116; baseline 0.004 -18"><span class='ocrx_word' id='word_1_143' title='bbox 441 2056 688 2116; x_wconf 91' lang='lat' dir='ltr'><strong>tempore</strong></span> <span class='ocrx_word' id='word_1_144' title='bbox 709 2045 901 2100; x_wconf 66' lang='lat' dir='ltr'><strong>lucida:</strong></span> <span class='ocrx_word' id='word_1_145' title='bbox 933 2043 1215 2099; x_wconf 87' lang='lat' dir='ltr'><strong>Pleiadum</strong></span> <span class='ocrx_word' id='word_1_146' title='bbox 1262 2060 1493 2102; x_wconf 88' lang='lat' dir='ltr'><strong>occasus</strong></span> <span class='ocrx_word' id='word_1_147' title='bbox 1534 2047 1778 2104; x_wconf 88' lang='lat' dir='ltr'><strong>heliacus</strong></span> <span class='ocrx_word' id='word_1_148' title='bbox 1822 2051 2016 2106; x_wconf 87' lang='lat' dir='ltr'><strong>incidit</strong></span> 
     </span>
    </p>
   </div>
   <div class='ocr_carea' id='block_1_24' title="bbox 442 2136 2017 2207">
    <p class='ocr_par' dir='ltr' id='par_1_24' title="bbox 442 2136 2017 2207">
     <span class='ocr_line' id='line_1_24' title="bbox 442 2136 2017 2207; baseline 0.005 -16"><span class='ocrx_word' id='word_1_149' title='bbox 442 2137 500 2191; x_wconf 89' lang='lat' dir='ltr'><strong>in</strong></span> <span class='ocrx_word' id='word_1_150' title='bbox 525 2136 754 2207; x_wconf 88' lang='lat' dir='ltr'><strong>gradum</strong></span> <span class='ocrx_word' id='word_1_151' title='bbox 795 2136 1000 2190; x_wconf 88' lang='lat' dir='ltr'><strong>Arietis</strong></span> <span class='ocrx_word' id='word_1_152' title='bbox 1026 2136 1114 2198; x_wconf 80' lang='grc'><strong>15,</strong></span> <span class='ocrx_word' id='word_1_153' title='bbox 1138 2143 1292 2190; x_wconf 91' lang='lat' dir='ltr'><strong>ortus</strong></span> <span class='ocrx_word' id='word_1_154' title='bbox 1326 2145 1615 2206; x_wconf 77' lang='lat' dir='ltr'><strong>postremae</strong></span> <span class='ocrx_word' id='word_1_155' title='bbox 1655 2139 1722 2193; x_wconf 91' lang='lat' dir='ltr'><strong>ad</strong></span> <span class='ocrx_word' id='word_1_156' title='bbox 1753 2142 2017 2199; x_wconf 86' lang='lat' dir='ltr'><strong>orientem</strong></span> 
     </span>
    </p>
   </div>
   <div class='ocr_carea' id='block_1_25' title="bbox 444 2227 2019 2298">
    <p class='ocr_par' dir='ltr' id='par_1_25' title="bbox 444 2227 2019 2298">
     <span class='ocr_line' id='line_1_25' title="bbox 444 2227 2019 2298; baseline 0.007 -18"><span class='ocrx_word' id='word_1_157' title='bbox 444 2229 688 2283; x_wconf 86' lang='lat' dir='ltr'><strong>heliacus</strong></span> <span class='ocrx_word' id='word_1_158' title='bbox 719 2229 772 2282; x_wconf 90' lang='lat' dir='ltr'><strong>in</strong></span> <span class='ocrx_word' id='word_1_159' title='bbox 803 2228 1027 2298; x_wconf 84' lang='lat' dir='ltr'><strong>gradum</strong></span> <span class='ocrx_word' id='word_1_160' title='bbox 1059 2227 1224 2283; x_wconf 84' lang='lat' dir='ltr'><strong>Tauri</strong></span> <span class='ocrx_word' id='word_1_161' title='bbox 1264 2228 1338 2284; x_wconf 72' lang='lat'><strong>25</strong></span> <span class='ocrx_word' id='word_1_162' title='bbox 1375 2248 1389 2283; x_wconf 90' lang='lat'>:</span> <span class='ocrx_word' id='word_1_163' title='bbox 1424 2231 1770 2287; x_wconf 84' lang='lat' dir='ltr'><strong>intervallum</strong></span> <span class='ocrx_word' id='word_1_164' title='bbox 1807 2235 2019 2291; x_wconf 90' lang='lat' dir='ltr'><strong>dierum</strong></span> 
     </span>
    </p>
   </div>
   <div class='ocr_carea' id='block_1_26' title="bbox 441 2316 2018 2390">
    <p class='ocr_par' dir='ltr' id='par_1_26' title="bbox 441 2316 2018 2390">
     <span class='ocr_line' id='line_1_26' title="bbox 441 2316 2018 2390; baseline 0.006 -19"><span class='ocrx_word' id='word_1_165' title='bbox 441 2331 576 2373; x_wconf 76' lang='lat' dir='ltr'><strong>xui.</strong></span> <span class='ocrx_word' id='word_1_166' title='bbox 635 2316 727 2372; x_wconf 91' lang='lat' dir='ltr'><strong>Sic</strong></span> <span class='ocrx_word' id='word_1_167' title='bbox 781 2317 836 2370; x_wconf 93' lang='lat' dir='ltr'><strong>in</strong></span> <span class='ocrx_word' id='word_1_168' title='bbox 892 2333 997 2370; x_wconf 93' lang='lat' dir='ltr'><strong>una</strong></span> <span class='ocrx_word' id='word_1_169' title='bbox 1044 2317 1223 2372; x_wconf 92' lang='lat' dir='ltr'><strong>lucida</strong></span> <span class='ocrx_word' id='word_1_170' title='bbox 1269 2317 1634 2390; x_wconf 77' lang='lat' dir='ltr'><strong>Vergiliarum</strong></span> <span class='ocrx_word' id='word_1_171' title='bbox 1673 2322 1858 2381; x_wconf 65' lang='lat' dir='ltr'><strong>Romae</strong></span> <span class='ocrx_word' id='word_1_172' title='bbox 1887 2325 2018 2381; x_wconf 85' lang='lat' dir='ltr'><strong>Julii</strong></span> 
     </span>
    </p>
   </div>
   <div class='ocr_carea' id='block_1_27' title="bbox 443 2413 2018 2486">
    <p class='ocr_par' dir='ltr' id='par_1_27' title="bbox 443 2413 2018 2486">
     <span class='ocr_line' id='line_1_27' title="bbox 443 2413 2018 2486; baseline 0.008 -20"><span class='ocrx_word' id='word_1_173' title='bbox 443 2413 676 2468; x_wconf 59' lang='lat' dir='ltr'><strong>Casaris</strong></span> <span class='ocrx_word' id='word_1_174' title='bbox 733 2423 975 2483; x_wconf 91' lang='lat' dir='ltr'><strong>tempore</strong></span> <span class='ocrx_word' id='word_1_175' title='bbox 1016 2413 1250 2483; x_wconf 90' lang='lat' dir='ltr'><strong>idipsum</strong></span> <span class='ocrx_word' id='word_1_176' title='bbox 1301 2416 1545 2486; x_wconf 86' lang='lat' dir='ltr'><strong>reperies</strong></span> <span class='ocrx_word' id='word_1_177' title='bbox 1580 2432 1744 2472; x_wconf 88' lang='lat' dir='ltr'><strong>:nam</strong></span> <span class='ocrx_word' id='word_1_178' title='bbox 1787 2435 2018 2479; x_wconf 89' lang='lat' dir='ltr'><strong>occasus</strong></span> 
     </span>
    </p>
   </div>
   <div class='ocr_carea' id='block_1_28' title="bbox 444 2503 2020 2575">
    <p class='ocr_par' dir='ltr' id='par_1_28' title="bbox 444 2503 2020 2575">
     <span class='ocr_line' id='line_1_28' title="bbox 444 2503 2020 2575; baseline 0.006 -15"><span class='ocrx_word' id='word_1_179' title='bbox 444 2505 687 2560; x_wconf 86' lang='lat' dir='ltr'><strong>heliacus</strong></span> <span class='ocrx_word' id='word_1_180' title='bbox 736 2503 792 2558; x_wconf 93' lang='lat' dir='ltr'><strong>in</strong></span> <span class='ocrx_word' id='word_1_181' title='bbox 849 2505 1019 2575; x_wconf 89' lang='lat' dir='ltr'><strong>gradu</strong></span> <span class='ocrx_word' id='word_1_182' title='bbox 1066 2505 1270 2561; x_wconf 89' lang='lat' dir='ltr'><strong>Arietis</strong></span> <span class='ocrx_word' id='word_1_183' title='bbox 1311 2507 1399 2573; x_wconf 91' lang='grc'><strong>18,</strong></span> <span class='ocrx_word' id='word_1_184' title='bbox 1434 2515 1588 2564; x_wconf 89' lang='lat' dir='ltr'><strong>ortus</strong></span> <span class='ocrx_word' id='word_1_185' title='bbox 1641 2511 1696 2564; x_wconf 90' lang='lat' dir='ltr'><strong>in</strong></span> <span class='ocrx_word' id='word_1_186' title='bbox 1744 2510 1909 2567; x_wconf 92' lang='lat' dir='ltr'><strong>Tauri</strong></span> <span class='ocrx_word' id='word_1_187' title='bbox 1949 2515 2020 2570; x_wconf 83' lang='lat'><strong>50</strong></span> 
     </span>
    </p>
   </div>
   <div class='ocr_carea' id='block_1_29' title="bbox 445 2596 2020 2661">
    <p class='ocr_par' dir='ltr' id='par_1_29' title="bbox 445 2596 2020 2661">
     <span class='ocr_line' id='line_1_29' title="bbox 445 2596 2020 2661; baseline 0.007 -13"><span class='ocrx_word' id='word_1_188' title='bbox 445 2596 631 2652; x_wconf 87' lang='lat' dir='ltr'><strong>factus</strong></span> <span class='ocrx_word' id='word_1_189' title='bbox 658 2604 779 2651; x_wconf 91' lang='lat' dir='ltr'><strong>est:</strong></span> <span class='ocrx_word' id='word_1_190' title='bbox 811 2596 1108 2651; x_wconf 87' lang='lat' dir='ltr'><strong>discrimen</strong></span> <span class='ocrx_word' id='word_1_191' title='bbox 1159 2597 1370 2652; x_wconf 91' lang='lat' dir='ltr'><strong>dierum</strong></span> <span class='ocrx_word' id='word_1_192' title='bbox 1403 2614 1535 2655; x_wconf 81' lang='lat' dir='ltr'><strong>xui.</strong></span> <span class='ocrx_word' id='word_1_193' title='bbox 1578 2599 1851 2659; x_wconf 63' lang='lat' dir='ltr'><strong>Ptolemmi</strong></span> <span class='ocrx_word' id='word_1_194' title='bbox 1885 2605 2020 2661; x_wconf 88' lang='lat' dir='ltr'><strong>liber</strong></span> 
     </span>
    </p>
   </div>
   <div class='ocr_carea' id='block_1_30' title="bbox 448 2687 2019 2770">
    <p class='ocr_par' dir='ltr' id='par_1_30' title="bbox 448 2687 2019 2770">
     <span class='ocr_line' id='line_1_30' title="bbox 448 2687 2019 2770; baseline 0.006 -29"><span class='ocrx_word' id='word_1_195' title='bbox 448 2687 680 2770; x_wconf 51' lang='lat' dir='ltr'><strong>Latinus</strong></span> <span class='ocrx_word' id='word_1_196' title='bbox 713 2688 918 2758; x_wconf 90' lang='lat' dir='ltr'><strong>Aprilis</strong></span> <span class='ocrx_word' id='word_1_197' title='bbox 957 2704 1014 2742; x_wconf 89' lang='grc' dir='ltr'><strong>ιιι</strong></span> <span class='ocrx_word' id='word_1_198' title='bbox 1047 2689 1277 2743; x_wconf 81' lang='lat' dir='ltr'><strong>ascribit</strong></span> <span class='ocrx_word' id='word_1_199' title='bbox 1319 2705 1578 2746; x_wconf 89' lang='lat' dir='ltr'><strong>occasum</strong></span> <span class='ocrx_word' id='word_1_200' title='bbox 1648 2697 2019 2765; x_wconf 85' lang='lat' dir='ltr'><strong>vespertinum</strong></span> 
     </span>
    </p>
   </div>
   <div class='ocr_carea' id='block_1_31' title="bbox 443 2776 2021 2850">
    <p class='ocr_par' dir='ltr' id='par_1_31' title="bbox 443 2776 2021 2850">
     <span class='ocr_line' id='line_1_31' title="bbox 443 2776 2021 2850; baseline 0.007 -20"><span class='ocrx_word' id='word_1_201' title='bbox 443 2776 811 2848; x_wconf 77' lang='lat' dir='ltr'><strong>Vergiliarum</strong></span> <span class='ocrx_word' id='word_1_202' title='bbox 846 2779 978 2850; x_wconf 90' lang='lat' dir='ltr'><strong>:qui</strong></span> <span class='ocrx_word' id='word_1_203' title='bbox 1037 2779 1156 2834; x_wconf 92' lang='lat' dir='ltr'><strong>dies</strong></span> <span class='ocrx_word' id='word_1_204' title='bbox 1183 2789 1267 2835; x_wconf 88' lang='lat' dir='ltr'><strong>est</strong></span> <span class='ocrx_word' id='word_1_205' title='bbox 1313 2780 1558 2837; x_wconf 90' lang='lat' dir='ltr'><strong>decimus</strong></span> <span class='ocrx_word' id='word_1_206' title='bbox 1602 2799 1779 2839; x_wconf 89' lang='lat' dir='ltr'><strong>nonus</strong></span> <span class='ocrx_word' id='word_1_207' title='bbox 1818 2801 1849 2839; x_wconf 90' lang='lat' dir='ltr'><strong>a</strong></span> <span class='ocrx_word' id='word_1_208' title='bbox 1883 2785 2021 2842; x_wconf 88' lang='lat' dir='ltr'><strong>falso</strong></span> 
     </span>
    </p>
   </div>
   <div class='ocr_carea' id='block_1_32' title="bbox 445 2868 2021 2945">
    <p class='ocr_par' dir='ltr' id='par_1_32' title="bbox 445 2868 2021 2945">
     <span class='ocr_line' id='line_1_32' title="bbox 445 2868 2021 2945; baseline 0.006 -24"><span class='ocrx_word' id='word_1_209' title='bbox 445 2883 607 2938; x_wconf 89' lang='lat' dir='ltr'><strong>quem</strong></span> <span class='ocrx_word' id='word_1_210' title='bbox 666 2869 876 2938; x_wconf 85' lang='lat' dir='ltr'><strong>putavit</strong></span> <span class='ocrx_word' id='word_1_211' title='bbox 940 2868 1142 2924; x_wconf 90' lang='lat' dir='ltr'><strong>Arietis</strong></span> <span class='ocrx_word' id='word_1_212' title='bbox 1199 2868 1470 2940; x_wconf 91' lang='lat' dir='ltr'><strong>ingressu.</strong></span> <span class='ocrx_word' id='word_1_213' title='bbox 1538 2869 1764 2928; x_wconf 88' lang='lat' dir='ltr'><strong>Ovidius</strong></span> <span class='ocrx_word' id='word_1_214' title='bbox 1821 2875 2021 2945; x_wconf 84' lang='lat' dir='ltr'><strong>Aprilis</strong></span> 
     </span>
    </p>
   </div>
   <div class='ocr_carea' id='block_1_33' title="bbox 446 2957 2019 3030">
    <p class='ocr_par' dir='ltr' id='par_1_33' title="bbox 446 2957 2019 3030">
     <span class='ocr_line' id='line_1_33' title="bbox 446 2957 2019 3030; baseline 0.006 -17"><span class='ocrx_word' id='word_1_215' title='bbox 446 2957 687 3013; x_wconf 87' lang='lat' dir='ltr'><strong>secundo</strong></span> <span class='ocrx_word' id='word_1_216' title='bbox 749 2959 964 3029; x_wconf 84' lang='lat' dir='ltr'><strong>posuit:</strong></span> <span class='ocrx_word' id='word_1_217' title='bbox 1000 2961 1092 3030; x_wconf 89' lang='lat' dir='ltr'><strong>qui</strong></span> <span class='ocrx_word' id='word_1_218' title='bbox 1119 2967 1172 3014; x_wconf 92' lang='lat' dir='ltr'><strong>et</strong></span> <span class='ocrx_word' id='word_1_219' title='bbox 1215 2961 1416 3017; x_wconf 90' lang='lat' dir='ltr'><strong>Arietis</strong></span> <span class='ocrx_word' id='word_1_220' title='bbox 1447 2963 1664 3018; x_wconf 88' lang='lat' dir='ltr'><strong>initium</strong></span> <span class='ocrx_word' id='word_1_221' title='bbox 1702 2965 1915 3021; x_wconf 90' lang='lat' dir='ltr'><strong>confert</strong></span> <span class='ocrx_word' id='word_1_222' title='bbox 1962 2969 2019 3022; x_wconf 90' lang='lat' dir='ltr'><strong>in</strong></span> 
     </span>
    </p>
   </div>
   <div class='ocr_carea' id='block_1_34' title="bbox 2111 497 3679 572">
    <p class='ocr_par' dir='ltr' id='par_1_34' title="bbox 2111 497 3679 572">
     <span class='ocr_line' id='line_1_34' title="bbox 2111 497 3679 572; baseline -0.003 -14"><span class='ocrx_word' id='word_1_223' title='bbox 2111 505 2312 560; x_wconf 90' lang='lat' dir='ltr'><strong>cubare</strong></span> <span class='ocrx_word' id='word_1_224' title='bbox 2343 503 2410 558; x_wconf 86' lang='lat' dir='ltr'><strong>ad</strong></span> <span class='ocrx_word' id='word_1_225' title='bbox 2445 503 2786 557; x_wconf 88' lang='lat' dir='ltr'><strong>altitudinem</strong></span> <span class='ocrx_word' id='word_1_226' title='bbox 2834 500 3071 572; x_wconf 92' lang='lat' dir='ltr'><strong>partium</strong></span> <span class='ocrx_word' id='word_1_227' title='bbox 3099 499 3328 554; x_wconf 88' lang='lat' dir='ltr'><strong>circiter</strong></span> <span class='ocrx_word' id='word_1_228' title='bbox 3367 497 3462 564; x_wconf 78' lang='lat' dir='ltr'><strong>‘I&#39;l,</strong></span> <span class='ocrx_word' id='word_1_229' title='bbox 3483 505 3575 553; x_wconf 84' lang='lat' dir='ltr'><strong>aut</strong></span> <span class='ocrx_word' id='word_1_230' title='bbox 3600 500 3679 562; x_wconf 86' lang='lat' dir='ltr'><strong>l8,</strong></span> 
     </span>
    </p>
   </div>
   <div class='ocr_carea' id='block_1_35' title="bbox 2109 591 3683 664">
    <p class='ocr_par' dir='ltr' id='par_1_35' title="bbox 2109 591 3683 664">
     <span class='ocr_line' id='line_1_35' title="bbox 2109 591 3683 664; baseline -0.003 -14"><span class='ocrx_word' id='word_1_231' title='bbox 2109 595 2338 650; x_wconf 88' lang='lat' dir='ltr'><strong>densum</strong></span> <span class='ocrx_word' id='word_1_232' title='bbox 2393 595 2552 660; x_wconf 89' lang='lat' dir='ltr'><strong>adeo,</strong></span> <span class='ocrx_word' id='word_1_233' title='bbox 2589 602 2650 648; x_wconf 93' lang='lat' dir='ltr'><strong>ut</strong></span> <span class='ocrx_word' id='word_1_234' title='bbox 2681 609 2777 664; x_wconf 90' lang='lat' dir='ltr'><strong>per</strong></span> <span class='ocrx_word' id='word_1_235' title='bbox 2808 593 2957 646; x_wconf 89' lang='lat' dir='ltr'><strong>illum</strong></span> <span class='ocrx_word' id='word_1_236' title='bbox 2983 591 3220 662; x_wconf 85' lang='lat' dir='ltr'><strong>majores</strong></span> <span class='ocrx_word' id='word_1_237' title='bbox 3245 592 3422 647; x_wconf 71' lang='lat' dir='ltr'><strong>stella:</strong></span> <span class='ocrx_word' id='word_1_238' title='bbox 3450 607 3558 647; x_wconf 90' lang='lat' dir='ltr'><strong>non</strong></span> <span class='ocrx_word' id='word_1_239' title='bbox 3582 599 3683 646; x_wconf 83' lang='lat' dir='ltr'><strong>tra-</strong></span> 
     </span>
    </p>
   </div>
   <div class='ocr_carea' id='block_1_36' title="bbox 2109 680 3683 753">
    <p class='ocr_par' dir='ltr' id='par_1_36' title="bbox 2109 680 3683 753">
     <span class='ocr_line' id='line_1_36' title="bbox 2109 680 3683 753; baseline -0.003 -14"><span class='ocrx_word' id='word_1_240' title='bbox 2109 686 2362 748; x_wconf 91' lang='lat' dir='ltr'><strong>Iuceant,</strong></span> <span class='ocrx_word' id='word_1_241' title='bbox 2425 684 2531 738; x_wconf 91' lang='lat' dir='ltr'><strong>nisi</strong></span> <span class='ocrx_word' id='word_1_242' title='bbox 2570 697 2736 753; x_wconf 90' lang='lat' dir='ltr'><strong>supra</strong></span> <span class='ocrx_word' id='word_1_243' title='bbox 2795 682 3137 736; x_wconf 65' lang='lat' dir='ltr'><strong>horizontem</strong></span> <span class='ocrx_word' id='word_1_244' title='bbox 3179 680 3448 751; x_wconf 80' lang='lat' dir='ltr'><strong>gradibus</strong></span> <span class='ocrx_word' id='word_1_245' title='bbox 3491 681 3683 750; x_wconf 91' lang='lat' dir='ltr'><strong>aliquot</strong></span> 
     </span>
    </p>
   </div>
   <div class='ocr_carea' id='block_1_37' title="bbox 2111 757 3684 841">
    <p class='ocr_par' dir='ltr' id='par_1_37' title="bbox 2111 757 3684 841">
     <span class='ocr_line' id='line_1_37' title="bbox 2111 757 3684 841; baseline -0.001 -14"><span class='ocrx_word' id='word_1_246' title='bbox 2111 774 2458 840; x_wconf 79' lang='lat' dir='ltr'><strong>exstiterint;</strong></span> <span class='ocrx_word' id='word_1_247' title='bbox 2494 772 2744 828; x_wconf 86' lang='lat' dir='ltr'><strong>Pleiades</strong></span> <span class='ocrx_word' id='word_1_248' title='bbox 2775 787 2905 826; x_wconf 84' lang='lat' dir='ltr'><strong>vero</strong></span> <span class='ocrx_word' id='word_1_249' title='bbox 2950 772 3006 825; x_wconf 91' lang='lat' dir='ltr'><strong>in</strong></span> <span class='ocrx_word' id='word_1_250' title='bbox 3051 771 3171 841; x_wconf 90' lang='lat' dir='ltr'><strong>ipso</strong></span> <span class='ocrx_word' id='word_1_251' title='bbox 3221 769 3402 841; x_wconf 85' lang='lat' dir='ltr'><strong>gradu</strong></span> <span class='ocrx_word' id='word_1_252' title='bbox 3444 757 3512 824; x_wconf 71' lang='grc'><strong>17</strong></span> <span class='ocrx_word' id='word_1_253' title='bbox 3555 785 3684 840; x_wconf 63' lang='grc' dir='ltr'><strong>δεῖρε</strong></span> 
     </span>
    </p>
   </div>
   <div class='ocr_carea' id='block_1_38' title="bbox 2112 865 3682 939">
    <p class='ocr_par' dir='ltr' id='par_1_38' title="bbox 2112 865 3682 939">
     <span class='ocr_line' id='line_1_38' title="bbox 2112 865 3682 939; baseline -0.004 -15"><span class='ocrx_word' id='word_1_254' title='bbox 2112 870 2436 925; x_wconf 81' lang='lat' dir='ltr'><strong>delitescant</strong></span> <span class='ocrx_word' id='word_1_255' title='bbox 2468 887 2482 920; x_wconf 87' lang='lat'><strong>:</strong></span> <span class='ocrx_word' id='word_1_256' title='bbox 2511 867 2658 939; x_wconf 89' lang='lat' dir='ltr'><strong>quod</strong></span> <span class='ocrx_word' id='word_1_257' title='bbox 2715 874 2979 922; x_wconf 91' lang='lat' dir='ltr'><strong>autumno</strong></span> <span class='ocrx_word' id='word_1_258' title='bbox 3028 881 3142 920; x_wconf 92' lang='lat' dir='ltr'><strong>non</strong></span> <span class='ocrx_word' id='word_1_259' title='bbox 3181 865 3358 920; x_wconf 89' lang='lat' dir='ltr'><strong>semel</strong></span> <span class='ocrx_word' id='word_1_260' title='bbox 3416 880 3479 920; x_wconf 92' lang='lat' dir='ltr'><strong>se</strong></span> <span class='ocrx_word' id='word_1_261' title='bbox 3509 865 3682 919; x_wconf 84' lang='lat' dir='ltr'><strong>obser-</strong></span> 
     </span>
    </p>
   </div>
   <div class='ocr_carea' id='block_1_39' title="bbox 2111 955 3680 1028">
    <p class='ocr_par' dir='ltr' id='par_1_39' title="bbox 2111 955 3680 1028">
     <span class='ocr_line' id='line_1_39' title="bbox 2111 955 3680 1028; baseline -0.005 -12"><span class='ocrx_word' id='word_1_262' title='bbox 2111 977 2270 1016; x_wconf 83' lang='lat' dir='ltr'><strong>vasse</strong></span> <span class='ocrx_word' id='word_1_263' title='bbox 2283 961 2589 1015; x_wconf 80' lang='lat' dir='ltr'><strong>confirmat.</strong></span> <span class='ocrx_word' id='word_1_264' title='bbox 2615 961 2693 1013; x_wconf 83' lang='lat' dir='ltr'><strong>Ex</strong></span> <span class='ocrx_word' id='word_1_265' title='bbox 2717 973 2826 1028; x_wconf 91' lang='lat' dir='ltr'><strong>quo</strong></span> <span class='ocrx_word' id='word_1_266' title='bbox 2851 972 2991 1013; x_wconf 86' lang='lat' dir='ltr'><strong>nova</strong></span> <span class='ocrx_word' id='word_1_267' title='bbox 3011 955 3252 1028; x_wconf 89' lang='lat' dir='ltr'><strong>quadam</strong></span> <span class='ocrx_word' id='word_1_268' title='bbox 3287 957 3511 1011; x_wconf 85' lang='lat' dir='ltr'><strong>ratione</strong></span> <span class='ocrx_word' id='word_1_269' title='bbox 3539 956 3680 1020; x_wconf 91' lang='lat' dir='ltr'><strong>oriri,</strong></span> 
     </span>
    </p>
   </div>
   <div class='ocr_carea' id='block_1_40' title="bbox 2112 1049 3684 1119">
    <p class='ocr_par' dir='ltr' id='par_1_40' title="bbox 2112 1049 3684 1119">
     <span class='ocr_line' id='line_1_40' title="bbox 2112 1049 3684 1119; baseline -0.003 -12"><span class='ocrx_word' id='word_1_270' title='bbox 2112 1054 2198 1108; x_wconf 88' lang='lat' dir='ltr'><strong>vel</strong></span> <span class='ocrx_word' id='word_1_271' title='bbox 2230 1052 2481 1108; x_wconf 87' lang='lat' dir='ltr'><strong>occidere</strong></span> <span class='ocrx_word' id='word_1_272' title='bbox 2524 1052 2681 1107; x_wconf 90' lang='lat' dir='ltr'><strong>stella</strong></span> <span class='ocrx_word' id='word_1_273' title='bbox 2731 1051 2954 1116; x_wconf 89' lang='lat' dir='ltr'><strong>dicitur,</strong></span> <span class='ocrx_word' id='word_1_274' title='bbox 2999 1049 3224 1119; x_wconf 88' lang='lat' dir='ltr'><strong>quando</strong></span> <span class='ocrx_word' id='word_1_275' title='bbox 3255 1065 3327 1104; x_wconf 91' lang='lat' dir='ltr'><strong>ex</strong></span> <span class='ocrx_word' id='word_1_276' title='bbox 3374 1049 3470 1102; x_wconf 91' lang='lat' dir='ltr'><strong>illo</strong></span> <span class='ocrx_word' id='word_1_277' title='bbox 3504 1050 3684 1118; x_wconf 80' lang='lat' dir='ltr'><strong>vapore</strong></span> 
     </span>
    </p>
   </div>
   <div class='ocr_carea' id='block_1_41' title="bbox 2116 1139 3681 1215">
    <p class='ocr_par' dir='ltr' id='par_1_41' title="bbox 2116 1139 3681 1215">
     <span class='ocr_line' id='line_1_41' title="bbox 2116 1139 3681 1215; baseline -0.003 -17"><span class='ocrx_word' id='word_1_278' title='bbox 2116 1145 2368 1215; x_wconf 88' lang='lat' dir='ltr'><strong>primitus</strong></span> <span class='ocrx_word' id='word_1_279' title='bbox 2394 1145 2640 1214; x_wconf 79' lang='lat' dir='ltr'><strong>emergit,</strong></span> <span class='ocrx_word' id='word_1_280' title='bbox 2678 1151 2771 1197; x_wconf 89' lang='lat' dir='ltr'><strong>aut</strong></span> <span class='ocrx_word' id='word_1_281' title='bbox 2799 1144 2853 1197; x_wconf 92' lang='lat' dir='ltr'><strong>in</strong></span> <span class='ocrx_word' id='word_1_282' title='bbox 2880 1158 3003 1197; x_wconf 91' lang='lat' dir='ltr'><strong>eum</strong></span> <span class='ocrx_word' id='word_1_283' title='bbox 3035 1141 3321 1196; x_wconf 90' lang='lat' dir='ltr'><strong>conditur.</strong></span> <span class='ocrx_word' id='word_1_284' title='bbox 3355 1139 3458 1195; x_wconf 84' lang='lat' dir='ltr'><strong>His</strong></span> <span class='ocrx_word' id='word_1_285' title='bbox 3479 1156 3545 1195; x_wconf 92' lang='lat' dir='ltr'><strong>ex</strong></span> <span class='ocrx_word' id='word_1_286' title='bbox 3567 1155 3681 1195; x_wconf 90' lang='lat' dir='ltr'><strong>cau-</strong></span> 
     </span>
    </p>
   </div>
   <div class='ocr_carea' id='block_1_42' title="bbox 2117 1232 3684 1306">
    <p class='ocr_par' dir='ltr' id='par_1_42' title="bbox 2117 1232 3684 1306">
     <span class='ocr_line' id='line_1_42' title="bbox 2117 1232 3684 1306; baseline -0.004 -15"><span class='ocrx_word' id='word_1_287' title='bbox 2117 1238 2195 1292; x_wconf 89' lang='lat' dir='ltr'><strong>sis</strong></span> <span class='ocrx_word' id='word_1_288' title='bbox 2227 1237 2562 1306; x_wconf 90' lang='lat' dir='ltr'><strong>scriptorum</strong></span> <span class='ocrx_word' id='word_1_289' title='bbox 2600 1236 2690 1289; x_wconf 92' lang='lat' dir='ltr'><strong>illa</strong></span> <span class='ocrx_word' id='word_1_290' title='bbox 2710 1235 2946 1289; x_wconf 89' lang='lat' dir='ltr'><strong>varietas</strong></span> <span class='ocrx_word' id='word_1_291' title='bbox 2969 1235 3023 1287; x_wconf 92' lang='lat' dir='ltr'><strong>in</strong></span> <span class='ocrx_word' id='word_1_292' title='bbox 3041 1232 3391 1302; x_wconf 88' lang='lat' dir='ltr'><strong>designando</strong></span> <span class='ocrx_word' id='word_1_293' title='bbox 3423 1233 3684 1287; x_wconf 87' lang='lat' dir='ltr'><strong>stellarum</strong></span> 
     </span>
    </p>
   </div>
   <div class='ocr_carea' id='block_1_43' title="bbox 2119 1322 3687 1398">
    <p class='ocr_par' dir='ltr' id='par_1_43' title="bbox 2119 1322 3687 1398">
     <span class='ocr_line' id='line_1_43' title="bbox 2119 1322 3687 1398; baseline -0.004 -16"><span class='ocrx_word' id='word_1_294' title='bbox 2119 1337 2268 1392; x_wconf 77' lang='lat' dir='ltr'><strong>ortu,</strong></span> <span class='ocrx_word' id='word_1_295' title='bbox 2301 1342 2610 1398; x_wconf 89' lang='lat' dir='ltr'><strong>occasuque</strong></span> <span class='ocrx_word' id='word_1_296' title='bbox 2646 1327 2865 1397; x_wconf 90' lang='lat' dir='ltr'><strong>petitur.</strong></span> <span class='ocrx_word' id='word_1_297' title='bbox 2894 1325 3028 1379; x_wconf 80' lang='lat' dir='ltr'><strong>Nam</strong></span> <span class='ocrx_word' id='word_1_298' title='bbox 3059 1325 3126 1378; x_wconf 89' lang='lat' dir='ltr'><strong>ad</strong></span> <span class='ocrx_word' id='word_1_299' title='bbox 3158 1323 3354 1394; x_wconf 77' lang='lat' dir='ltr'><strong>viginti</strong></span> <span class='ocrx_word' id='word_1_300' title='bbox 3385 1322 3506 1377; x_wconf 89' lang='lat' dir='ltr'><strong>dies</strong></span> <span class='ocrx_word' id='word_1_301' title='bbox 3535 1337 3687 1392; x_wconf 89' lang='lat' dir='ltr'><strong>usque</strong></span> 
     </span>
    </p>
   </div>
   <div class='ocr_carea' id='block_1_44' title="bbox 2117 1405 3688 1488">
    <p class='ocr_par' dir='ltr' id='par_1_44' title="bbox 2117 1405 3688 1488">
     <span class='ocr_line' id='line_1_44' title="bbox 2117 1405 3688 1488; baseline -0.001 -18"><span class='ocrx_word' id='word_1_302' title='bbox 2117 1425 2241 1488; x_wconf 88' lang='lat' dir='ltr'><strong>post</strong></span> <span class='ocrx_word' id='word_1_303' title='bbox 2284 1432 2467 1483; x_wconf 90' lang='lat' dir='ltr'><strong>veros,</strong></span> <span class='ocrx_word' id='word_1_304' title='bbox 2523 1405 2846 1487; x_wconf 84' lang='lat' dir='ltr'><strong>apparentes</strong></span> <span class='ocrx_word' id='word_1_305' title='bbox 2877 1415 2965 1470; x_wconf 90' lang='lat' dir='ltr'><strong>isti</strong></span> <span class='ocrx_word' id='word_1_306' title='bbox 2998 1421 3158 1469; x_wconf 89' lang='lat' dir='ltr'><strong>ortus</strong></span> <span class='ocrx_word' id='word_1_307' title='bbox 3208 1413 3688 1484; x_wconf 87' lang='lat' dir='ltr'><strong>immersionesque</strong></span> 
     </span>
    </p>
   </div>
   <div class='ocr_carea' id='block_1_45' title="bbox 2118 1509 2464 1581">
    <p class='ocr_par' dir='ltr' id='par_1_45' title="bbox 2118 1509 2464 1581">
     <span class='ocr_line' id='line_1_45' title="bbox 2118 1509 2464 1581; baseline 0 -16"><span class='ocrx_word' id='word_1_308' title='bbox 2118 1509 2464 1581; x_wconf 89' lang='lat' dir='ltr'><strong>contingunt.</strong></span> 
     </span>
    </p>
   </div>
   <div class='ocr_carea' id='block_1_46' title="bbox 2727 1619 3073 1676">
    <p class='ocr_par' dir='ltr' id='par_1_46' title="bbox 2727 1619 3073 1676">
     <span class='ocr_line' id='line_1_46' title="bbox 2727 1619 3073 1676; baseline -0.003 0"><span class='ocrx_word' id='word_1_309' title='bbox 2727 1619 2957 1676; x_wconf 78' lang='lat' dir='ltr'><strong>CAPUT</strong></span> <span class='ocrx_word' id='word_1_310' title='bbox 3002 1619 3073 1675; x_wconf 85' lang='lat' dir='ltr'><strong>X.</strong></span> 
     </span>
    </p>
   </div>
   <div class='ocr_carea' id='block_1_47' title="bbox 2121 1711 3688 1836">
    <p class='ocr_par' dir='ltr' id='par_1_47' title="bbox 2121 1711 3688 1836">
     <span class='ocr_line' id='line_1_47' title="bbox 2121 1711 3688 1836; baseline -0.001 -67"><span class='ocrx_word' id='word_1_311' title='bbox 2121 1715 2197 1769; x_wconf 91' lang='lat' dir='ltr'><strong>De</strong></span> <span class='ocrx_word' id='word_1_312' title='bbox 2228 1714 2479 1786; x_wconf 72' lang='lat' dir='ltr'><strong>bipertita</strong></span> <span class='ocrx_word' id='word_1_313' title='bbox 2515 1715 2642 1769; x_wconf 84' lang='lat' dir='ltr'><strong>anni</strong></span> <span class='ocrx_word' id='word_1_314' title='bbox 2695 1715 2940 1836; x_wconf 48' lang='lat' dir='ltr'><strong>seciioge,</strong></span> <span class='ocrx_word' id='word_1_315' title='bbox 2990 1730 3153 1836; x_wconf 60' lang='lat' dir='ltr'><strong>quam</strong></span> <span class='ocrx_word' id='word_1_316' title='bbox 3189 1711 3443 1784; x_wconf 73' lang='lat' dir='ltr'><strong>Vergiliis</strong></span> <span class='ocrx_word' id='word_1_317' title='bbox 3475 1713 3688 1785; x_wconf 76' lang='lat' dir='ltr'><strong>plerique</strong></span> 
     </span>
     <span class='ocr_line' id='line_1_48' title="bbox 2805 1800 3040 1836; baseline -0.004 0"><span class='ocrx_word' id='word_1_318' title='bbox 2805 1801 2848 1836; x_wconf 76' lang='lat' dir='ltr'><strong>ri</strong></span> <span class='ocrx_word' id='word_1_319' title='bbox 2892 1800 2995 1836; x_wconf 85' lang='lat' dir='ltr'><strong>uun</strong></span> <span class='ocrx_word' id='word_1_320' title='bbox 3027 1823 3040 1835; x_wconf 96' lang='lat'><strong>.</strong></span> 
     </span>
    </p>
   </div>
   <div class='ocr_carea' id='block_1_48' title="bbox 2805 1800 3040 1837">
    <p class='ocr_par' dir='ltr' id='par_1_48' title="bbox 2805 1800 3040 1837">
     <span class='ocr_line' id='line_1_49' title="bbox 2805 1800 3040 1837; baseline -0.004 -1"><span class='ocrx_word' id='word_1_321' title='bbox 2805 1800 3040 1837; x_wconf 78' lang='lat' dir='ltr'><strong>nouunt.</strong></span> 
     </span>
    </p>
   </div>
   <div class='ocr_carea' id='block_1_49' title="bbox 2189 1873 3688 1946">
    <p class='ocr_par' dir='ltr' id='par_1_49' title="bbox 2189 1873 3688 1946">
     <span class='ocr_line' id='line_1_50' title="bbox 2189 1873 3688 1946; baseline -0.001 -15"><span class='ocrx_word' id='word_1_322' title='bbox 2189 1877 2434 1933; x_wconf 90' lang='lat' dir='ltr'><strong>lllustres</strong></span> <span class='ocrx_word' id='word_1_323' title='bbox 2463 1877 2519 1932; x_wconf 93' lang='lat' dir='ltr'><strong>in</strong></span> <span class='ocrx_word' id='word_1_324' title='bbox 2549 1876 2688 1933; x_wconf 64' lang='lat' dir='ltr'><strong>caelo</strong></span> <span class='ocrx_word' id='word_1_325' title='bbox 2711 1873 2980 1946; x_wconf 82' lang='lat' dir='ltr'><strong>Vergilias</strong></span> <span class='ocrx_word' id='word_1_326' title='bbox 3005 1891 3070 1930; x_wconf 86' lang='lat' dir='ltr'><strong>ea</strong></span> <span class='ocrx_word' id='word_1_327' title='bbox 3099 1890 3191 1930; x_wconf 89' lang='lat' dir='ltr'><strong>res</strong></span> <span class='ocrx_word' id='word_1_328' title='bbox 3227 1874 3584 1944; x_wconf 89' lang='lat' dir='ltr'><strong>potissimum</strong></span> <span class='ocrx_word' id='word_1_329' title='bbox 3627 1875 3688 1930; x_wconf 90' lang='lat' dir='ltr'><strong>fe-</strong></span> 
     </span>
    </p>
   </div>
   <div class='ocr_carea' id='block_1_50' title="bbox 2119 1965 3684 2041">
    <p class='ocr_par' dir='ltr' id='par_1_50' title="bbox 2119 1965 3684 2041">
     <span class='ocr_line' id='line_1_51' title="bbox 2119 1965 3684 2041; baseline -0.003 -15"><span class='ocrx_word' id='word_1_330' title='bbox 2119 1971 2214 2036; x_wconf 94' lang='lat' dir='ltr'><strong>cit,</strong></span> <span class='ocrx_word' id='word_1_331' title='bbox 2250 1971 2394 2041; x_wconf 91' lang='lat' dir='ltr'><strong>quod</strong></span> <span class='ocrx_word' id='word_1_332' title='bbox 2418 1985 2604 2025; x_wconf 89' lang='lat' dir='ltr'><strong>earum</strong></span> <span class='ocrx_word' id='word_1_333' title='bbox 2639 1968 3023 2023; x_wconf 89' lang='lat' dir='ltr'><strong>observatione</strong></span> <span class='ocrx_word' id='word_1_334' title='bbox 3062 1983 3284 2022; x_wconf 88' lang='lat' dir='ltr'><strong>annuas</strong></span> <span class='ocrx_word' id='word_1_335' title='bbox 3328 1965 3684 2038; x_wconf 81' lang='lat' dir='ltr'><strong>tempestates,</strong></span> 
     </span>
    </p>
   </div>
   <div class='ocr_carea' id='block_1_51' title="bbox 2119 2058 3688 2131">
    <p class='ocr_par' dir='ltr' id='par_1_51' title="bbox 2119 2058 3688 2131">
     <span class='ocr_line' id='line_1_52' title="bbox 2119 2058 3688 2131; baseline -0.003 -13"><span class='ocrx_word' id='word_1_336' title='bbox 2119 2073 2234 2118; x_wconf 92' lang='lat' dir='ltr'><strong>tum</strong></span> <span class='ocrx_word' id='word_1_337' title='bbox 2282 2063 2478 2118; x_wconf 88' lang='lat' dir='ltr'><strong>messis</strong></span> <span class='ocrx_word' id='word_1_338' title='bbox 2530 2076 2593 2115; x_wconf 92' lang='lat' dir='ltr'><strong>ac</strong></span> <span class='ocrx_word' id='word_1_339' title='bbox 2627 2059 2884 2116; x_wconf 86' lang='lat' dir='ltr'><strong>sementis</strong></span> <span class='ocrx_word' id='word_1_340' title='bbox 2916 2067 3160 2129; x_wconf 88' lang='lat' dir='ltr'><strong>tempora</strong></span> <span class='ocrx_word' id='word_1_341' title='bbox 3201 2058 3550 2131; x_wconf 86' lang='lat' dir='ltr'><strong>distinguere</strong></span> <span class='ocrx_word' id='word_1_342' title='bbox 3569 2076 3688 2114; x_wconf 86' lang='lat' dir='ltr'><strong>mor-</strong></span> 
     </span>
    </p>
   </div>
   <div class='ocr_carea' id='block_1_52' title="bbox 2119 2147 3683 2223">
    <p class='ocr_par' dir='ltr' id='par_1_52' title="bbox 2119 2147 3683 2223">
     <span class='ocr_line' id='line_1_53' title="bbox 2119 2147 3683 2223; baseline -0.005 -15"><span class='ocrx_word' id='word_1_343' title='bbox 2119 2154 2256 2209; x_wconf 88' lang='lat' dir='ltr'><strong>tales</strong></span> <span class='ocrx_word' id='word_1_344' title='bbox 2284 2153 2556 2223; x_wconf 90' lang='lat' dir='ltr'><strong>quondam</strong></span> <span class='ocrx_word' id='word_1_345' title='bbox 2577 2151 2835 2207; x_wconf 85' lang='lat' dir='ltr'><strong>solerent.</strong></span> <span class='ocrx_word' id='word_1_346' title='bbox 2855 2148 3065 2203; x_wconf 80' lang='lat' dir='ltr'><strong>Etenim</strong></span> <span class='ocrx_word' id='word_1_347' title='bbox 3093 2148 3408 2204; x_wconf 90' lang='lat' dir='ltr'><strong>matutinus</strong></span> <span class='ocrx_word' id='word_1_348' title='bbox 3424 2147 3683 2202; x_wconf 84' lang='lat' dir='ltr'><strong>Pleiadum</strong></span> 
     </span>
    </p>
   </div>
   <div class='ocr_carea' id='block_1_53' title="bbox 2119 2241 3686 2314">
    <p class='ocr_par' dir='ltr' id='par_1_53' title="bbox 2119 2241 3686 2314">
     <span class='ocr_line' id='line_1_54' title="bbox 2119 2241 3686 2314; baseline -0.003 -14"><span class='ocrx_word' id='word_1_349' title='bbox 2119 2253 2306 2309; x_wconf 89' lang='lat' dir='ltr'><strong>ortus,</strong></span> <span class='ocrx_word' id='word_1_350' title='bbox 2338 2254 2392 2300; x_wconf 92' lang='lat' dir='ltr'><strong>et</strong></span> <span class='ocrx_word' id='word_1_351' title='bbox 2422 2243 2664 2314; x_wconf 79' lang='grc' dir='ltr'><strong>ἐπιτολὴ,</strong></span> <span class='ocrx_word' id='word_1_352' title='bbox 2715 2258 2876 2313; x_wconf 92' lang='lat' dir='ltr'><strong>quem</strong></span> <span class='ocrx_word' id='word_1_353' title='bbox 2933 2241 3202 2296; x_wconf 88' lang='lat' dir='ltr'><strong>heliacum</strong></span> <span class='ocrx_word' id='word_1_354' title='bbox 3240 2251 3470 2306; x_wconf 86' lang='lat' dir='ltr'><strong>vocant,</strong></span> <span class='ocrx_word' id='word_1_355' title='bbox 3505 2244 3686 2297; x_wconf 65' lang='lat' dir='ltr'><strong>aestatis</strong></span> 
     </span>
    </p>
   </div>
   <div class='ocr_carea' id='block_1_54' title="bbox 2121 2333 3687 2402">
    <p class='ocr_par' dir='ltr' id='par_1_54' title="bbox 2121 2333 3687 2402">
     <span class='ocr_line' id='line_1_55' title="bbox 2121 2333 3687 2402; baseline -0.003 -12"><span class='ocrx_word' id='word_1_356' title='bbox 2121 2352 2186 2392; x_wconf 90' lang='lat' dir='ltr'><strong>ac</strong></span> <span class='ocrx_word' id='word_1_357' title='bbox 2233 2337 2430 2400; x_wconf 87' lang='lat' dir='ltr'><strong>messis</strong></span> <span class='ocrx_word' id='word_1_358' title='bbox 2483 2337 2698 2390; x_wconf 92' lang='lat' dir='ltr'><strong>initium</strong></span> <span class='ocrx_word' id='word_1_359' title='bbox 2731 2335 2930 2402; x_wconf 88' lang='lat' dir='ltr'><strong>dabat;</strong></span> <span class='ocrx_word' id='word_1_360' title='bbox 2961 2349 3196 2390; x_wconf 88' lang='lat' dir='ltr'><strong>occasus</strong></span> <span class='ocrx_word' id='word_1_361' title='bbox 3237 2349 3373 2389; x_wconf 84' lang='lat' dir='ltr'><strong>vero</strong></span> <span class='ocrx_word' id='word_1_362' title='bbox 3407 2333 3687 2387; x_wconf 89' lang='lat' dir='ltr'><strong>matutinus</strong></span> 
     </span>
    </p>
   </div>
   <div class='ocr_carea' id='block_1_55' title="bbox 2120 2423 3684 2498">
    <p class='ocr_par' dir='ltr' id='par_1_55' title="bbox 2120 2423 3684 2498">
     <span class='ocr_line' id='line_1_56' title="bbox 2120 2423 3684 2498; baseline -0.003 -16"><span class='ocrx_word' id='word_1_363' title='bbox 2120 2428 2320 2483; x_wconf 88' lang='lat' dir='ltr'><strong>hiemis</strong></span> <span class='ocrx_word' id='word_1_364' title='bbox 2345 2435 2505 2498; x_wconf 91' lang='lat' dir='ltr'><strong>atque</strong></span> <span class='ocrx_word' id='word_1_365' title='bbox 2556 2426 2836 2482; x_wconf 87' lang='lat' dir='ltr'><strong>sementis.</strong></span> <span class='ocrx_word' id='word_1_366' title='bbox 2872 2424 2948 2478; x_wconf 80' lang='lat' dir='ltr'><strong>Ita</strong></span> <span class='ocrx_word' id='word_1_367' title='bbox 2996 2425 3256 2480; x_wconf 82' lang='lat' dir='ltr'><strong>bifariam</strong></span> <span class='ocrx_word' id='word_1_368' title='bbox 3294 2423 3684 2494; x_wconf 88' lang='lat' dir='ltr'><strong>quodammodo</strong></span> 
     </span>
    </p>
   </div>
   <div class='ocr_carea' id='block_1_56' title="bbox 2120 2517 3684 2594">
    <p class='ocr_par' dir='ltr' id='par_1_56' title="bbox 2120 2517 3684 2594">
     <span class='ocr_line' id='line_1_57' title="bbox 2120 2517 3684 2594; baseline -0.003 -18"><span class='ocrx_word' id='word_1_369' title='bbox 2120 2522 2502 2594; x_wconf 89' lang='lat' dir='ltr'><strong>partiebantur</strong></span> <span class='ocrx_word' id='word_1_370' title='bbox 2527 2535 2751 2574; x_wconf 89' lang='lat' dir='ltr'><strong>annum.</strong></span> <span class='ocrx_word' id='word_1_371' title='bbox 2783 2518 2962 2574; x_wconf 91' lang='lat' dir='ltr'><strong>Testis</strong></span> <span class='ocrx_word' id='word_1_372' title='bbox 2981 2529 3065 2573; x_wconf 92' lang='lat' dir='ltr'><strong>est</strong></span> <span class='ocrx_word' id='word_1_373' title='bbox 3095 2517 3374 2573; x_wconf 90' lang='lat' dir='ltr'><strong>Ilesiodus</strong></span> <span class='ocrx_word' id='word_1_374' title='bbox 3400 2518 3684 2587; x_wconf 88' lang='lat' dir='ltr'><strong>antiquitus</strong></span> 
     </span>
    </p>
   </div>
   <div class='ocr_carea' id='block_1_57' title="bbox 2121 2609 3685 2680">
    <p class='ocr_par' dir='ltr' id='par_1_57' title="bbox 2121 2609 3685 2680">
     <span class='ocr_line' id='line_1_58' title="bbox 2121 2609 3685 2680; baseline -0.004 -12"><span class='ocrx_word' id='word_1_375' title='bbox 2121 2614 2176 2670; x_wconf 91' lang='lat' dir='ltr'><strong>id</strong></span> <span class='ocrx_word' id='word_1_376' title='bbox 2212 2613 2268 2668; x_wconf 91' lang='lat' dir='ltr'><strong>in</strong></span> <span class='ocrx_word' id='word_1_377' title='bbox 2302 2612 2510 2669; x_wconf 65' lang='lat' dir='ltr'><strong>Graecia</strong></span> <span class='ocrx_word' id='word_1_378' title='bbox 2560 2611 2763 2666; x_wconf 84' lang='lat' dir='ltr'><strong>factum</strong></span> <span class='ocrx_word' id='word_1_379' title='bbox 2791 2626 2913 2666; x_wconf 90' lang='lat' dir='ltr'><strong>esse</strong></span> <span class='ocrx_word' id='word_1_380' title='bbox 2937 2610 3190 2665; x_wconf 86' lang='lat' dir='ltr'><strong>versibus</strong></span> <span class='ocrx_word' id='word_1_381' title='bbox 3233 2610 3328 2678; x_wconf 91' lang='lat' dir='ltr'><strong>iis,</strong></span> <span class='ocrx_word' id='word_1_382' title='bbox 3357 2612 3501 2680; x_wconf 86' lang='lat' dir='ltr'><strong>quos</strong></span> <span class='ocrx_word' id='word_1_383' title='bbox 3531 2609 3685 2680; x_wconf 88' lang='lat' dir='ltr'><strong>capite</strong></span> 
     </span>
    </p>
   </div>
   <div class='ocr_carea' id='block_1_58' title="bbox 2121 2697 3684 2778">
    <p class='ocr_par' dir='ltr' id='par_1_58' title="bbox 2121 2697 3684 2778">
     <span class='ocr_line' id='line_1_59' title="bbox 2121 2697 3684 2778; baseline -0.005 -15"><span class='ocrx_word' id='word_1_384' title='bbox 2121 2707 2395 2778; x_wconf 90' lang='lat' dir='ltr'><strong>superiori</strong></span> <span class='ocrx_word' id='word_1_385' title='bbox 2429 2706 2732 2764; x_wconf 92' lang='lat' dir='ltr'><strong>retulimus.</strong></span> <span class='ocrx_word' id='word_1_386' title='bbox 2765 2697 2901 2758; x_wconf 84' lang='lat' dir='ltr'><strong>Tum</strong></span> <span class='ocrx_word' id='word_1_387' title='bbox 2926 2704 3186 2772; x_wconf 89' lang='lat' dir='ltr'><strong>deinceps</strong></span> <span class='ocrx_word' id='word_1_388' title='bbox 3222 2703 3508 2759; x_wconf 88' lang='lat' dir='ltr'><strong>innumeri</strong></span> <span class='ocrx_word' id='word_1_389' title='bbox 3536 2703 3684 2757; x_wconf 57' lang='lat' dir='ltr'><strong>Graeci</strong></span> 
     </span>
    </p>
   </div>
   <div class='ocr_carea' id='block_1_59' title="bbox 2122 2789 3685 2868">
    <p class='ocr_par' dir='ltr' id='par_1_59' title="bbox 2122 2789 3685 2868">
     <span class='ocr_line' id='line_1_60' title="bbox 2122 2789 3685 2868; baseline -0.001 -15"><span class='ocrx_word' id='word_1_390' title='bbox 2122 2815 2186 2854; x_wconf 90' lang='lat' dir='ltr'><strong>ac</strong></span> <span class='ocrx_word' id='word_1_391' title='bbox 2227 2799 2406 2853; x_wconf 89' lang='lat' dir='ltr'><strong>Latini</strong></span> <span class='ocrx_word' id='word_1_392' title='bbox 2459 2799 2681 2868; x_wconf 88' lang='lat' dir='ltr'><strong>scriptis</strong></span> <span class='ocrx_word' id='word_1_393' title='bbox 2739 2789 3254 2864; x_wconf 46' lang='lat' dir='ltr'><strong>idem&#39;prodidere.</strong></span> <span class='ocrx_word' id='word_1_394' title='bbox 3294 2795 3483 2862; x_wconf 86' lang='lat' dir='ltr'><strong>Quare</strong></span> <span class='ocrx_word' id='word_1_395' title='bbox 3532 2795 3685 2852; x_wconf 83' lang='lat' dir='ltr'><strong>Theo-</strong></span> 
     </span>
    </p>
   </div>
   <div class='ocr_carea' id='block_1_60' title="bbox 2123 2886 3682 2961">
    <p class='ocr_par' dir='ltr' id='par_1_60' title="bbox 2123 2886 3682 2961">
     <span class='ocr_line' id='line_1_61' title="bbox 2123 2886 3682 2961; baseline -0.003 -17"><span class='ocrx_word' id='word_1_396' title='bbox 2123 2891 2382 2961; x_wconf 87' lang='lat' dir='ltr'><strong>phrastus</strong></span> <span class='ocrx_word' id='word_1_397' title='bbox 2409 2891 2549 2944; x_wconf 89' lang='lat' dir='ltr'><strong>libro</strong></span> <span class='ocrx_word' id='word_1_398' title='bbox 2575 2890 2650 2944; x_wconf 87' lang='lat' dir='ltr'><strong>De</strong></span> <span class='ocrx_word' id='word_1_399' title='bbox 2673 2890 2839 2960; x_wconf 82' lang='lat' dir='ltr'><strong>signis</strong></span> <span class='ocrx_word' id='word_1_400' title='bbox 2871 2888 3169 2958; x_wconf 83' lang='lat' dir='ltr'><strong>pluviarum</strong></span> <span class='ocrx_word' id='word_1_401' title='bbox 3193 2886 3474 2956; x_wconf 82' lang='lat' dir='ltr'><strong>Vergilias</strong></span> <span class='ocrx_word' id='word_1_402' title='bbox 3505 2903 3682 2942; x_wconf 90' lang='lat' dir='ltr'><strong>annum</strong></span> 
     </span>
    </p>
   </div>
   <div class='ocr_carea' id='block_1_61' title="bbox 2124 2976 3683 3051">
    <p class='ocr_par' dir='ltr' id='par_1_61' title="bbox 2124 2976 3683 3051">
     <span class='ocr_line' id='line_1_62' title="bbox 2124 2976 3683 3051; baseline -0.006 -13"><span class='ocrx_word' id='word_1_403' title='bbox 2124 2981 2376 3038; x_wconf 82' lang='lat' dir='ltr'><strong>bifariam</strong></span> <span class='ocrx_word' id='word_1_404' title='bbox 2430 2979 2620 3051; x_wconf 88' lang='lat' dir='ltr'><strong>partiri</strong></span> <span class='ocrx_word' id='word_1_405' title='bbox 2682 2979 2872 3035; x_wconf 81' lang='lat' dir='ltr'><strong>scribit</strong></span> <span class='ocrx_word' id='word_1_406' title='bbox 2919 2977 3003 3031; x_wconf 90' lang='lat' dir='ltr'><strong>his</strong></span> <span class='ocrx_word' id='word_1_407' title='bbox 3053 2977 3237 3032; x_wconf 81' lang='lat' dir='ltr'><strong>verbis</strong></span> <span class='ocrx_word' id='word_1_408' title='bbox 3281 2984 3295 3030; x_wconf 88' lang='lat'>:</span> <span class='ocrx_word' id='word_1_409' title='bbox 3340 2976 3683 3048; x_wconf 73' lang='grc' dir='ltr'><strong>Διχοτομεῖδὲ</strong></span> 
     </span>
    </p>
   </div>
   <div class='ocr_carea' id='block_1_62' title="bbox 446 3048 2018 3144">
    <p class='ocr_par' dir='ltr' id='par_1_62' title="bbox 446 3048 2018 3126">
     <span class='ocr_line' id='line_1_63' title="bbox 446 3048 2018 3126; baseline 0.006 -23"><span class='ocrx_word' id='word_1_410' title='bbox 446 3065 518 3103; x_wconf 89' lang='lat' dir='ltr'><strong>xv</strong></span> <span class='ocrx_word' id='word_1_411' title='bbox 555 3048 825 3104; x_wconf 71' lang='lat' dir='ltr'><strong>Kalendas</strong></span> <span class='ocrx_word' id='word_1_412' title='bbox 862 3050 1074 3120; x_wconf 90' lang='lat' dir='ltr'><strong>Apriles</strong></span> <span class='ocrx_word' id='word_1_413' title='bbox 1113 3066 1144 3105; x_wconf 92' lang='lat' dir='ltr'><strong>a</strong></span> <span class='ocrx_word' id='word_1_414' title='bbox 1175 3067 1286 3120; x_wconf 89' lang='lat' dir='ltr'><strong>quo</strong></span> <span class='ocrx_word' id='word_1_415' title='bbox 1323 3054 1596 3110; x_wconf 90' lang='lat' dir='ltr'><strong>secundus</strong></span> <span class='ocrx_word' id='word_1_416' title='bbox 1629 3053 1829 3126; x_wconf 89' lang='lat' dir='ltr'><strong>Aprilis</strong></span> <span class='ocrx_word' id='word_1_417' title='bbox 1875 3057 2018 3112; x_wconf 87' lang='lat' dir='ltr'><strong>deci-</strong></span> 
     </span>
    </p>
   </div>
   <div class='ocr_carea' id='block_1_63' title="bbox 2124 3048 3681 3144">
    <p class='ocr_par' dir='ltr' id='par_1_63' title="bbox 2124 3048 3681 3142">
     <span class='ocr_line' id='line_1_64' title="bbox 2124 3048 3681 3142; baseline -0.004 -17"><span class='ocrx_word' id='word_1_418' title='bbox 2124 3074 2213 3126; x_wconf 78' lang='grc' dir='ltr'>τὸν</span> <span class='ocrx_word' id='word_1_419' title='bbox 2236 3073 2331 3142; x_wconf 79' lang='grc' dir='ltr'>μὲν</span> <span class='ocrx_word' id='word_1_420' title='bbox 2353 3048 2592 3124; x_wconf 56' lang='grc' dir='ltr'>ὲνιξιυτὸν</span> <span class='ocrx_word' id='word_1_421' title='bbox 2613 3069 2810 3132; x_wconf 80' lang='grc' dir='ltr'><strong>Πλειὰς</strong></span> <span class='ocrx_word' id='word_1_422' title='bbox 2843 3085 2902 3121; x_wconf 83' lang='grc' dir='ltr'><strong>τε</strong></span> <span class='ocrx_word' id='word_1_423' title='bbox 2932 3068 3165 3139; x_wconf 83' lang='grc' dir='ltr'><strong>δυομὲνη</strong></span> <span class='ocrx_word' id='word_1_424' title='bbox 3188 3067 3284 3119; x_wconf 70' lang='grc' dir='ltr'>καὶ</span> <span class='ocrx_word' id='word_1_425' title='bbox 3314 3068 3681 3122; x_wconf 71' lang='grc' dir='ltr'><strong>ἀνατέλλουσα·</strong></span> 
     </span>
    </p>
   </div>
   <div class='ocr_carea' id='block_1_64' title="bbox 447 3141 2019 3204">
    <p class='ocr_par' dir='ltr' id='par_1_64' title="bbox 447 3141 2019 3204">
     <span class='ocr_line' id='line_1_65' title="bbox 447 3141 2019 3204; baseline 0.006 -10"><span class='ocrx_word' id='word_1_426' title='bbox 447 3156 572 3196; x_wconf 91' lang='lat' dir='ltr'><strong>mus</strong></span> <span class='ocrx_word' id='word_1_427' title='bbox 605 3149 792 3196; x_wconf 86' lang='lat' dir='ltr'><strong>sextus</strong></span> <span class='ocrx_word' id='word_1_428' title='bbox 851 3149 937 3196; x_wconf 92' lang='lat' dir='ltr'><strong>est</strong></span> <span class='ocrx_word' id='word_1_429' title='bbox 981 3142 1118 3197; x_wconf 91' lang='lat' dir='ltr'><strong>dies.</strong></span> <span class='ocrx_word' id='word_1_430' title='bbox 1150 3141 1276 3198; x_wconf 83' lang='lat' dir='ltr'><strong>llaec</strong></span> <span class='ocrx_word' id='word_1_431' title='bbox 1321 3159 1428 3199; x_wconf 88' lang='lat' dir='ltr'><strong>non</strong></span> <span class='ocrx_word' id='word_1_432' title='bbox 1462 3146 1602 3201; x_wconf 92' lang='lat' dir='ltr'><strong>male</strong></span> <span class='ocrx_word' id='word_1_433' title='bbox 1645 3161 1767 3200; x_wconf 91' lang='lat' dir='ltr'><strong>cum</strong></span> <span class='ocrx_word' id='word_1_434' title='bbox 1819 3163 2019 3204; x_wconf 89' lang='lat' dir='ltr'><strong>occasu</strong></span> 
     </span>
    </p>
   </div>
   <div class='ocr_carea' id='block_1_65' title="bbox 447 3229 2022 3297">
    <p class='ocr_par' dir='ltr' id='par_1_65' title="bbox 447 3229 2022 3297">
     <span class='ocr_line' id='line_1_66' title="bbox 447 3229 2022 3297; baseline 0.008 -12"><span class='ocrx_word' id='word_1_435' title='bbox 447 3231 644 3287; x_wconf 68' lang='lat' dir='ltr'><strong>lucida:</strong></span> <span class='ocrx_word' id='word_1_436' title='bbox 671 3229 950 3287; x_wconf 90' lang='lat' dir='ltr'><strong>Pleiadum</strong></span> <span class='ocrx_word' id='word_1_437' title='bbox 985 3235 1358 3290; x_wconf 89' lang='lat' dir='ltr'><strong>astronomico</strong></span> <span class='ocrx_word' id='word_1_438' title='bbox 1399 3239 1770 3294; x_wconf 75' lang='lat' dir='ltr'><strong>consentiunt.</strong></span> <span class='ocrx_word' id='word_1_439' title='bbox 1817 3238 2022 3297; x_wconf 82' lang='lat' dir='ltr'><strong>Exinde</strong></span> 
     </span>
    </p>
   </div>
   <div class='ocr_carea' id='block_1_66' title="bbox 446 3321 2017 3398">
    <p class='ocr_par' dir='ltr' id='par_1_66' title="bbox 446 3321 2017 3398">
     <span class='ocr_line' id='line_1_67' title="bbox 446 3321 2017 3398; baseline 0.006 -22"><span class='ocrx_word' id='word_1_440' title='bbox 446 3337 524 3376; x_wconf 88' lang='lat' dir='ltr'><strong>xu</strong></span> <span class='ocrx_word' id='word_1_441' title='bbox 557 3322 759 3391; x_wconf 86' lang='lat' dir='ltr'><strong>Aprilis</strong></span> <span class='ocrx_word' id='word_1_442' title='bbox 799 3321 1162 3394; x_wconf 85' lang='lat' dir='ltr'><strong>Vergiliarum</strong></span> <span class='ocrx_word' id='word_1_443' title='bbox 1213 3327 1483 3398; x_wconf 90' lang='lat' dir='ltr'><strong>reliquum</strong></span> <span class='ocrx_word' id='word_1_444' title='bbox 1528 3328 1782 3383; x_wconf 90' lang='lat' dir='ltr'><strong>occidere</strong></span> <span class='ocrx_word' id='word_1_445' title='bbox 1808 3331 2017 3388; x_wconf 89' lang='lat' dir='ltr'><strong>scribit.</strong></span> 
     </span>
    </p>
   </div>
   <div class='ocr_carea' id='block_1_67' title="bbox 449 3411 1687 3485">
    <p class='ocr_par' dir='ltr' id='par_1_67' title="bbox 449 3411 1687 3485">
     <span class='ocr_line' id='line_1_68' title="bbox 449 3411 1687 3485; baseline 0.003 -19"><span class='ocrx_word' id='word_1_446' title='bbox 449 3411 625 3466; x_wconf 88' lang='lat' dir='ltr'><strong>Etiam</strong></span> <span class='ocrx_word' id='word_1_447' title='bbox 649 3413 751 3467; x_wconf 90' lang='lat' dir='ltr'><strong>hoc</strong></span> <span class='ocrx_word' id='word_1_448' title='bbox 789 3423 1174 3477; x_wconf 90' lang='lat' dir='ltr'><strong>consentanee,</strong></span> <span class='ocrx_word' id='word_1_449' title='bbox 1209 3422 1268 3469; x_wconf 92' lang='lat' dir='ltr'><strong>ut</strong></span> <span class='ocrx_word' id='word_1_450' title='bbox 1289 3415 1402 3485; x_wconf 86' lang='lat' dir='ltr'><strong>jam</strong></span> <span class='ocrx_word' id='word_1_451' title='bbox 1430 3416 1687 3470; x_wconf 85' lang='lat' dir='ltr'><strong>diximus.</strong></span> 
     </span>
    </p>
   </div>
   <div class='ocr_carea' id='block_1_68' title="bbox 519 3501 2015 3574">
    <p class='ocr_par' dir='ltr' id='par_1_68' title="bbox 519 3501 2015 3574">
     <span class='ocr_line' id='line_1_69' title="bbox 519 3501 2015 3574; baseline 0.004 -19"><span class='ocrx_word' id='word_1_452' title='bbox 519 3503 590 3555; x_wconf 90' lang='lat' dir='ltr'><strong>At</strong></span> <span class='ocrx_word' id='word_1_453' title='bbox 642 3501 850 3558; x_wconf 90' lang='lat' dir='ltr'><strong>Plinius</strong></span> <span class='ocrx_word' id='word_1_454' title='bbox 910 3503 1005 3557; x_wconf 92' lang='lat' dir='ltr'><strong>lib.</strong></span> <span class='ocrx_word' id='word_1_455' title='bbox 1061 3502 1248 3566; x_wconf 79' lang='lat' dir='ltr'><strong>XVIII,</strong></span> <span class='ocrx_word' id='word_1_456' title='bbox 1295 3519 1416 3574; x_wconf 91' lang='lat' dir='ltr'><strong>cap.</strong></span> <span class='ocrx_word' id='word_1_457' title='bbox 1461 3503 1658 3568; x_wconf 79' lang='lat' dir='ltr'><strong>XXVI,</strong></span> <span class='ocrx_word' id='word_1_458' title='bbox 1683 3506 1844 3560; x_wconf 89' lang='lat' dir='ltr'><strong>tertio</strong></span> <span class='ocrx_word' id='word_1_459' title='bbox 1871 3503 2015 3561; x_wconf 88' lang='lat' dir='ltr'><strong>Non.</strong></span> 
     </span>
    </p>
   </div>
   <div class='ocr_carea' id='block_1_69' title="bbox 448 3591 2018 3666">
    <p class='ocr_par' dir='ltr' id='par_1_69' title="bbox 448 3591 2018 3666">
     <span class='ocr_line' id='line_1_70' title="bbox 448 3591 2018 3666; baseline 0.003 -20"><span class='ocrx_word' id='word_1_460' title='bbox 448 3591 654 3663; x_wconf 88' lang='lat' dir='ltr'><strong>Aprilis</strong></span> <span class='ocrx_word' id='word_1_461' title='bbox 704 3593 760 3647; x_wconf 90' lang='lat' dir='ltr'><strong>in</strong></span> <span class='ocrx_word' id='word_1_462' title='bbox 818 3595 999 3648; x_wconf 89' lang='lat' dir='ltr'><strong>Attica</strong></span> <span class='ocrx_word' id='word_1_463' title='bbox 1052 3596 1265 3666; x_wconf 90' lang='lat' dir='ltr'><strong>vesperi</strong></span> <span class='ocrx_word' id='word_1_464' title='bbox 1308 3596 1574 3650; x_wconf 90' lang='lat' dir='ltr'><strong>occultari</strong></span> <span class='ocrx_word' id='word_1_465' title='bbox 1605 3595 1872 3666; x_wconf 87' lang='lat' dir='ltr'><strong>Vergilias</strong></span> <span class='ocrx_word' id='word_1_466' title='bbox 1923 3599 2018 3661; x_wconf 92' lang='lat' dir='ltr'><strong>ait,</strong></span> 
     </span>
    </p>
   </div>
   <div class='ocr_carea' id='block_1_70' title="bbox 451 3684 2023 3753">
    <p class='ocr_par' dir='ltr' id='par_1_70' title="bbox 451 3684 2023 3753">
     <span class='ocr_line' id='line_1_71' title="bbox 451 3684 2023 3753; baseline 0.004 -16"><span class='ocrx_word' id='word_1_467' title='bbox 451 3685 671 3738; x_wconf 90' lang='lat' dir='ltr'><strong>easdem</strong></span> <span class='ocrx_word' id='word_1_468' title='bbox 704 3685 969 3753; x_wconf 87' lang='lat' dir='ltr'><strong>postridie</strong></span> <span class='ocrx_word' id='word_1_469' title='bbox 999 3686 1053 3738; x_wconf 93' lang='lat' dir='ltr'><strong>in</strong></span> <span class='ocrx_word' id='word_1_470' title='bbox 1077 3684 1316 3750; x_wconf 76' lang='lat' dir='ltr'><strong>Bmotin;</strong></span> <span class='ocrx_word' id='word_1_471' title='bbox 1348 3685 1547 3741; x_wconf 56' lang='lat' dir='ltr'><strong>Caesari</strong></span> <span class='ocrx_word' id='word_1_472' title='bbox 1576 3696 1756 3743; x_wconf 89' lang='lat' dir='ltr'><strong>autem</strong></span> <span class='ocrx_word' id='word_1_473' title='bbox 1782 3695 1835 3742; x_wconf 93' lang='lat' dir='ltr'><strong>ct</strong></span> <span class='ocrx_word' id='word_1_474' title='bbox 1859 3689 2023 3743; x_wconf 87' lang='lat' dir='ltr'><strong>Chal-</strong></span> 
     </span>
    </p>
   </div>
   <div class='ocr_carea' id='block_1_71' title="bbox 452 3773 2019 3847">
    <p class='ocr_par' dir='ltr' id='par_1_71' title="bbox 452 3773 2019 3847">
     <span class='ocr_line' id='line_1_72' title="bbox 452 3773 2019 3847; baseline 0.005 -19"><span class='ocrx_word' id='word_1_475' title='bbox 452 3776 586 3829; x_wconf 59' lang='lat' dir='ltr'><strong>daeis</strong></span> <span class='ocrx_word' id='word_1_476' title='bbox 616 3773 804 3830; x_wconf 84' lang='lat' dir='ltr'><strong>Nonis.</strong></span> <span class='ocrx_word' id='word_1_477' title='bbox 835 3777 1175 3831; x_wconf 91' lang='lat' dir='ltr'><strong>Columnclla</strong></span> <span class='ocrx_word' id='word_1_478' title='bbox 1206 3778 1300 3830; x_wconf 91' lang='lat' dir='ltr'><strong>lib.</strong></span> <span class='ocrx_word' id='word_1_479' title='bbox 1345 3773 1433 3843; x_wconf 84' lang='lat' dir='ltr'><strong>IX,</strong></span> <span class='ocrx_word' id='word_1_480' title='bbox 1461 3793 1581 3847; x_wconf 90' lang='lat' dir='ltr'><strong>cap.</strong></span> <span class='ocrx_word' id='word_1_481' title='bbox 1613 3779 1673 3841; x_wconf 87' lang='lat' dir='ltr'><strong>ll,</strong></span> <span class='ocrx_word' id='word_1_482' title='bbox 1707 3787 1911 3833; x_wconf 89' lang='lat' dir='ltr'><strong>octavo</strong></span> <span class='ocrx_word' id='word_1_483' title='bbox 1941 3779 2019 3836; x_wconf 92' lang='lat' dir='ltr'><strong>Id.</strong></span> 
     </span>
    </p>
   </div>
   <div class='ocr_carea' id='block_1_72' title="bbox 452 3865 2022 3938">
    <p class='ocr_par' dir='ltr' id='par_1_72' title="bbox 452 3865 2022 3938">
     <span class='ocr_line' id='line_1_73' title="bbox 452 3865 2022 3938; baseline 0.006 -21"><span class='ocrx_word' id='word_1_484' title='bbox 452 3865 659 3934; x_wconf 88' lang='lat' dir='ltr'><strong>Aprilis</strong></span> <span class='ocrx_word' id='word_1_485' title='bbox 685 3866 778 3933; x_wconf 92' lang='lat' dir='ltr'><strong>qui</strong></span> <span class='ocrx_word' id='word_1_486' title='bbox 811 3865 929 3919; x_wconf 91' lang='lat' dir='ltr'><strong>dies</strong></span> <span class='ocrx_word' id='word_1_487' title='bbox 951 3874 1035 3921; x_wconf 88' lang='lat' dir='ltr'><strong>est</strong></span> <span class='ocrx_word' id='word_1_488' title='bbox 1080 3875 1291 3931; x_wconf 90' lang='lat' dir='ltr'><strong>sextus,</strong></span> <span class='ocrx_word' id='word_1_489' title='bbox 1321 3866 1582 3938; x_wconf 84' lang='lat' dir='ltr'><strong>Vergilias</strong></span> <span class='ocrx_word' id='word_1_490' title='bbox 1615 3884 1840 3938; x_wconf 87' lang='lat' dir='ltr'><strong>vespere</strong></span> <span class='ocrx_word' id='word_1_491' title='bbox 1860 3873 2022 3928; x_wconf 86' lang='lat' dir='ltr'><strong>celari</strong></span> 
     </span>
    </p>
   </div>
   <div class='ocr_carea' id='block_1_73' title="bbox 454 3946 2018 4022">
    <p class='ocr_par' dir='ltr' id='par_1_73' title="bbox 454 3946 2018 4022">
     <span class='ocr_line' id='line_1_74' title="bbox 454 3946 2018 4022; baseline 0.006 -11"><span class='ocrx_word' id='word_1_492' title='bbox 454 3956 620 4022; x_wconf 90' lang='lat' dir='ltr'><strong>dicit;</strong></span> <span class='ocrx_word' id='word_1_493' title='bbox 655 3955 868 4011; x_wconf 90' lang='lat' dir='ltr'><strong>decimo</strong></span> <span class='ocrx_word' id='word_1_494' title='bbox 896 3973 1023 4013; x_wconf 89' lang='lat' dir='ltr'><strong>vero</strong></span> <span class='ocrx_word' id='word_1_495' title='bbox 1053 3946 1322 4014; x_wconf 82' lang='lat' dir='ltr'><strong>Kalendas</strong></span> <span class='ocrx_word' id='word_1_496' title='bbox 1354 3959 1522 4016; x_wconf 77' lang='lat' dir='ltr'><strong>Maias</strong></span> <span class='ocrx_word' id='word_1_497' title='bbox 1549 3963 1673 4015; x_wconf 91' lang='lat' dir='ltr'><strong>cum</strong></span> <span class='ocrx_word' id='word_1_498' title='bbox 1704 3962 1818 4017; x_wconf 90' lang='lat' dir='ltr'><strong>sole</strong></span> <span class='ocrx_word' id='word_1_499' title='bbox 1844 3966 1972 4019; x_wconf 89' lang='lat' dir='ltr'><strong>oriri</strong></span> <span class='ocrx_word' id='word_1_500' title='bbox 2004 3984 2018 4021; x_wconf 88' lang='lat'><strong>:</strong></span> 
     </span>
    </p>
   </div>
   <div class='ocr_carea' id='block_1_74' title="bbox 453 4051 1409 4120">
    <p class='ocr_par' dir='ltr' id='par_1_74' title="bbox 453 4051 1409 4120">
     <span class='ocr_line' id='line_1_75' title="bbox 453 4051 1409 4120; baseline 0.005 -18"><span class='ocrx_word' id='word_1_501' title='bbox 453 4064 616 4120; x_wconf 91' lang='lat' dir='ltr'><strong>quem</strong></span> <span class='ocrx_word' id='word_1_502' title='bbox 645 4055 827 4104; x_wconf 91' lang='lat' dir='ltr'><strong>ortum</strong></span> <span class='ocrx_word' id='word_1_503' title='bbox 860 4051 1158 4106; x_wconf 90' lang='lat' dir='ltr'><strong>cosmicum</strong></span> <span class='ocrx_word' id='word_1_504' title='bbox 1192 4060 1409 4108; x_wconf 89' lang='lat' dir='ltr'><strong>vocant.</strong></span> 
     </span>
    </p>
   </div>
   <div class='ocr_carea' id='block_1_75' title="bbox 523 4136 2021 4214">
    <p class='ocr_par' dir='ltr' id='par_1_75' title="bbox 523 4136 2021 4214">
     <span class='ocr_line' id='line_1_76' title="bbox 523 4136 2021 4214; baseline 0.007 -24"><span class='ocrx_word' id='word_1_505' title='bbox 523 4136 804 4193; x_wconf 87' lang='lat' dir='ltr'><strong>Postremo</strong></span> <span class='ocrx_word' id='word_1_506' title='bbox 833 4155 932 4195; x_wconf 90' lang='lat' dir='ltr'><strong>nec</strong></span> <span class='ocrx_word' id='word_1_507' title='bbox 958 4140 1087 4194; x_wconf 89' lang='lat' dir='ltr'><strong>illud</strong></span> <span class='ocrx_word' id='word_1_508' title='bbox 1117 4141 1297 4196; x_wconf 91' lang='lat' dir='ltr'><strong>hocin</strong></span> <span class='ocrx_word' id='word_1_509' title='bbox 1321 4143 1534 4214; x_wconf 89' lang='lat' dir='ltr'><strong>negotio</strong></span> <span class='ocrx_word' id='word_1_510' title='bbox 1565 4145 2021 4201; x_wconf 88' lang='lat' dir='ltr'><strong>contemnendum</strong></span> 
     </span>
    </p>
   </div>
   <div class='ocr_carea' id='block_1_76' title="bbox 453 4228 2023 4307">
    <p class='ocr_par' dir='ltr' id='par_1_76' title="bbox 453 4228 2023 4307">
     <span class='ocr_line' id='line_1_77' title="bbox 453 4228 2023 4307; baseline 0.007 -24"><span class='ocrx_word' id='word_1_511' title='bbox 453 4228 705 4284; x_wconf 81' lang='lat' dir='ltr'><strong>videtur:</strong></span> <span class='ocrx_word' id='word_1_512' title='bbox 731 4228 836 4285; x_wconf 90' lang='lat' dir='ltr'><strong>diei</strong></span> <span class='ocrx_word' id='word_1_513' title='bbox 886 4231 1212 4304; x_wconf 90' lang='lat' dir='ltr'><strong>principlum</strong></span> <span class='ocrx_word' id='word_1_514' title='bbox 1261 4249 1371 4288; x_wconf 93' lang='lat' dir='ltr'><strong>non</strong></span> <span class='ocrx_word' id='word_1_515' title='bbox 1403 4231 1471 4290; x_wconf 90' lang='lat' dir='ltr'><strong>ab</strong></span> <span class='ocrx_word' id='word_1_516' title='bbox 1505 4237 1624 4307; x_wconf 89' lang='lat' dir='ltr'><strong>ipso</strong></span> <span class='ocrx_word' id='word_1_517' title='bbox 1649 4245 1857 4292; x_wconf 90' lang='lat' dir='ltr'><strong>tantum</strong></span> <span class='ocrx_word' id='word_1_518' title='bbox 1891 4239 2023 4294; x_wconf 87' lang='lat' dir='ltr'><strong>solis</strong></span> 
     </span>
    </p>
   </div>
   <div class='ocr_carea' id='block_1_77' title="bbox 454 4318 2026 4392">
    <p class='ocr_par' dir='ltr' id='par_1_77' title="bbox 454 4318 2026 4392">
     <span class='ocr_line' id='line_1_78' title="bbox 454 4318 2026 4392; baseline 0.006 -19"><span class='ocrx_word' id='word_1_519' title='bbox 454 4326 669 4385; x_wconf 84' lang='lat' dir='ltr'><strong>exortu,</strong></span> <span class='ocrx_word' id='word_1_520' title='bbox 696 4318 793 4374; x_wconf 87' lang='lat' dir='ltr'><strong>sed</strong></span> <span class='ocrx_word' id='word_1_521' title='bbox 822 4319 891 4374; x_wconf 88' lang='lat' dir='ltr'><strong>ab</strong></span> <span class='ocrx_word' id='word_1_522' title='bbox 913 4335 1112 4376; x_wconf 91' lang='lat' dir='ltr'><strong>aurora</strong></span> <span class='ocrx_word' id='word_1_523' title='bbox 1140 4321 1257 4392; x_wconf 89' lang='lat' dir='ltr'><strong>ipsa</strong></span> <span class='ocrx_word' id='word_1_524' title='bbox 1275 4361 1290 4387; x_wconf 96' lang='lat'><strong>,</strong></span> <span class='ocrx_word' id='word_1_525' title='bbox 1330 4319 1414 4378; x_wconf 85' lang='lat' dir='ltr'><strong>vel</strong></span> <span class='ocrx_word' id='word_1_526' title='bbox 1449 4324 1886 4382; x_wconf 90' lang='lat' dir='ltr'><strong>increbrescente</strong></span> <span class='ocrx_word' id='word_1_527' title='bbox 1914 4343 2026 4382; x_wconf 88' lang='lat' dir='ltr'><strong>ma-</strong></span> 
     </span>
    </p>
   </div>
   <div class='ocr_carea' id='block_1_78' title="bbox 2123 3154 3685 3234">
    <p class='ocr_par' dir='ltr' id='par_1_78' title="bbox 2123 3154 3685 3234">
     <span class='ocr_line' id='line_1_79' title="bbox 2123 3154 3685 3234; baseline -0.004 -17"><span class='ocrx_word' id='word_1_528' title='bbox 2123 3165 2230 3218; x_wconf 83' lang='grc' dir='ltr'><strong>ἀπὸ</strong></span> <span class='ocrx_word' id='word_1_529' title='bbox 2257 3164 2364 3234; x_wconf 86' lang='grc' dir='ltr'><strong>γὰρ</strong></span> <span class='ocrx_word' id='word_1_530' title='bbox 2384 3163 2587 3226; x_wconf 76' lang='grc' dir='ltr'>δύσεως</span> <span class='ocrx_word' id='word_1_531' title='bbox 2627 3163 2787 3234; x_wconf 81' lang='grc' dir='ltr'><strong>μέχρι</strong></span> <span class='ocrx_word' id='word_1_532' title='bbox 2819 3161 3084 3230; x_wconf 74' lang='grc' dir='ltr'><strong>ἀνατολῆς</strong></span> <span class='ocrx_word' id='word_1_533' title='bbox 3116 3161 3176 3212; x_wconf 82' lang='grc' dir='ltr'><strong>τὸ</strong></span> <span class='ocrx_word' id='word_1_534' title='bbox 3203 3161 3380 3231; x_wconf 78' lang='grc' dir='ltr'><strong>ἥμισυ</strong></span> <span class='ocrx_word' id='word_1_535' title='bbox 3414 3154 3508 3214; x_wconf 74' lang='grc' dir='ltr'><strong>τοῦ</strong></span> <span class='ocrx_word' id='word_1_536' title='bbox 3531 3163 3685 3212; x_wconf 69' lang='grc' dir='ltr'><strong>ἐνιαυ-</strong></span> 
     </span>
    </p>
   </div>
   <div class='ocr_carea' id='block_1_79' title="bbox 2119 3251 3684 3324">
    <p class='ocr_par' dir='ltr' id='par_1_79' title="bbox 2119 3251 3684 3324">
     <span class='ocr_line' id='line_1_80' title="bbox 2119 3251 3684 3324; baseline -0.004 -14"><span class='ocrx_word' id='word_1_537' title='bbox 2119 3257 2218 3310; x_wconf 77' lang='grc' dir='ltr'><strong>τοῦ</strong></span> <span class='ocrx_word' id='word_1_538' title='bbox 2271 3259 2437 3310; x_wconf 79' lang='grc' dir='ltr'><strong>ἐστιν.</strong></span> <span class='ocrx_word' id='word_1_539' title='bbox 2469 3275 2487 3309; x_wconf 77' lang='grc' dir='ltr'><strong>ι</strong></span> <span class='ocrx_word' id='word_1_540' title='bbox 2531 3255 2730 3312; x_wconf 88' lang='lat' dir='ltr'><strong>Secant</strong></span> <span class='ocrx_word' id='word_1_541' title='bbox 2778 3271 2976 3308; x_wconf 90' lang='lat' dir='ltr'><strong>annum</strong></span> <span class='ocrx_word' id='word_1_542' title='bbox 3027 3254 3288 3322; x_wconf 81' lang='lat' dir='ltr'><strong>bipartito</strong></span> <span class='ocrx_word' id='word_1_543' title='bbox 3342 3251 3684 3324; x_wconf 85' lang='lat' dir='ltr'><strong>Vergiliarum</strong></span> 
     </span>
    </p>
   </div>
   <div class='ocr_carea' id='block_1_80' title="bbox 2123 3345 3684 3415">
    <p class='ocr_par' dir='ltr' id='par_1_80' title="bbox 2123 3345 3684 3415">
     <span class='ocr_line' id='line_1_81' title="bbox 2123 3345 3684 3415; baseline -0.006 -9"><span class='ocrx_word' id='word_1_544' title='bbox 2123 3357 2350 3406; x_wconf 87' lang='lat' dir='ltr'><strong>exortus</strong></span> <span class='ocrx_word' id='word_1_545' title='bbox 2383 3359 2436 3404; x_wconf 91' lang='lat' dir='ltr'><strong>et</strong></span> <span class='ocrx_word' id='word_1_546' title='bbox 2463 3363 2716 3404; x_wconf 87' lang='lat' dir='ltr'><strong>occasus.</strong></span> <span class='ocrx_word' id='word_1_547' title='bbox 2755 3346 2838 3400; x_wconf 92' lang='lat' dir='ltr'><strong>Ab</strong></span> <span class='ocrx_word' id='word_1_548' title='bbox 2868 3361 3066 3401; x_wconf 90' lang='lat' dir='ltr'><strong>occasu</strong></span> <span class='ocrx_word' id='word_1_549' title='bbox 3095 3346 3242 3400; x_wconf 90' lang='lat' dir='ltr'><strong>enim</strong></span> <span class='ocrx_word' id='word_1_550' title='bbox 3274 3345 3501 3399; x_wconf 89' lang='lat' dir='ltr'><strong>illarum</strong></span> <span class='ocrx_word' id='word_1_551' title='bbox 3531 3357 3684 3415; x_wconf 83' lang='lat' dir='ltr'><strong>usque</strong></span> 
     </span>
    </p>
   </div>
   <div class='ocr_carea' id='block_1_81' title="bbox 2122 3434 3686 3505">
    <p class='ocr_par' dir='ltr' id='par_1_81' title="bbox 2122 3434 3686 3505">
     <span class='ocr_line' id='line_1_82' title="bbox 2122 3434 3686 3505; baseline -0.006 -11"><span class='ocrx_word' id='word_1_552' title='bbox 2122 3441 2192 3495; x_wconf 84' lang='lat' dir='ltr'><strong>ad</strong></span> <span class='ocrx_word' id='word_1_553' title='bbox 2217 3449 2491 3504; x_wconf 83' lang='lat' dir='ltr'><strong>exortum,</strong></span> <span class='ocrx_word' id='word_1_554' title='bbox 2529 3439 2655 3494; x_wconf 90' lang='lat' dir='ltr'><strong>anni</strong></span> <span class='ocrx_word' id='word_1_555' title='bbox 2712 3437 2999 3493; x_wconf 90' lang='lat' dir='ltr'><strong>dimidium</strong></span> <span class='ocrx_word' id='word_1_556' title='bbox 3045 3444 3146 3490; x_wconf 88' lang='lat' dir='ltr'><strong>est.</strong></span> <span class='ocrx_word' id='word_1_557' title='bbox 3188 3454 3208 3488; x_wconf 76' lang='grc' dir='ltr'><strong>ι</strong></span> <span class='ocrx_word' id='word_1_558' title='bbox 3247 3434 3412 3501; x_wconf 83' lang='lat' dir='ltr'><strong>Quod</strong></span> <span class='ocrx_word' id='word_1_559' title='bbox 3453 3437 3617 3505; x_wconf 91' lang='lat' dir='ltr'><strong>ipsum</strong></span> <span class='ocrx_word' id='word_1_560' title='bbox 3642 3440 3686 3487; x_wconf 87' lang='lat' dir='ltr'><strong>et</strong></span> 
     </span>
    </p>
   </div>
   <div class='ocr_carea' id='block_1_82' title="bbox 2121 3523 3685 3602">
    <p class='ocr_par' dir='ltr' id='par_1_82' title="bbox 2121 3523 3685 3602">
     <span class='ocr_line' id='line_1_83' title="bbox 2121 3523 3685 3602; baseline -0.006 -17"><span class='ocrx_word' id='word_1_561' title='bbox 2121 3531 2298 3587; x_wconf 87' lang='lat' dir='ltr'><strong>Varro</strong></span> <span class='ocrx_word' id='word_1_562' title='bbox 2351 3529 2711 3602; x_wconf 87' lang='lat' dir='ltr'><strong>sequiturlib.</strong></span> <span class='ocrx_word' id='word_1_563' title='bbox 2756 3527 2775 3582; x_wconf 92' lang='lat' dir='ltr'><strong>l</strong></span> <span class='ocrx_word' id='word_1_564' title='bbox 2813 3527 2888 3581; x_wconf 88' lang='lat' dir='ltr'><strong>De</strong></span> <span class='ocrx_word' id='word_1_565' title='bbox 2921 3544 2975 3581; x_wconf 85' lang='lat' dir='ltr'><strong>re</strong></span> <span class='ocrx_word' id='word_1_566' title='bbox 3015 3535 3176 3593; x_wconf 84' lang='lat' dir='ltr'><strong>rust.,</strong></span> <span class='ocrx_word' id='word_1_567' title='bbox 3209 3540 3338 3594; x_wconf 89' lang='lat' dir='ltr'><strong>cap.</strong></span> <span class='ocrx_word' id='word_1_568' title='bbox 3378 3523 3614 3590; x_wconf 78' lang='lat' dir='ltr'><strong>XXVlll;</strong></span> <span class='ocrx_word' id='word_1_569' title='bbox 3642 3535 3685 3577; x_wconf 85' lang='lat' dir='ltr'><strong>ct</strong></span> 
     </span>
    </p>
   </div>
   <div class='ocr_carea' id='block_1_83' title="bbox 2122 3615 3685 3688">
    <p class='ocr_par' dir='ltr' id='par_1_83' title="bbox 2122 3615 3685 3688">
     <span class='ocr_line' id='line_1_84' title="bbox 2122 3615 3685 3688; baseline -0.006 -12"><span class='ocrx_word' id='word_1_570' title='bbox 2122 3622 2324 3678; x_wconf 88' lang='lat' dir='ltr'><strong>diserte</strong></span> <span class='ocrx_word' id='word_1_571' title='bbox 2371 3621 2578 3677; x_wconf 88' lang='lat' dir='ltr'><strong>Plinius</strong></span> <span class='ocrx_word' id='word_1_572' title='bbox 2615 3621 2707 3674; x_wconf 92' lang='lat' dir='ltr'><strong>lib.</strong></span> <span class='ocrx_word' id='word_1_573' title='bbox 2745 3618 2935 3686; x_wconf 78' lang='lat' dir='ltr'><strong>XVIII,</strong></span> <span class='ocrx_word' id='word_1_574' title='bbox 2993 3633 3113 3688; x_wconf 90' lang='lat' dir='ltr'><strong>cap.</strong></span> <span class='ocrx_word' id='word_1_575' title='bbox 3148 3615 3350 3681; x_wconf 69' lang='lat' dir='ltr'><strong>XXIX,</strong></span> <span class='ocrx_word' id='word_1_576' title='bbox 3386 3618 3481 3672; x_wconf 89' lang='lat' dir='ltr'><strong>ubi</strong></span> <span class='ocrx_word' id='word_1_577' title='bbox 3519 3615 3685 3686; x_wconf 81' lang='lat' dir='ltr'><strong>Vergi-</strong></span> 
     </span>
    </p>
   </div>
   <div class='ocr_carea' id='block_1_84' title="bbox 2124 3709 3684 3779">
    <p class='ocr_par' dir='ltr' id='par_1_84' title="bbox 2124 3709 3684 3779">
     <span class='ocr_line' id='line_1_85' title="bbox 2124 3709 3684 3779; baseline -0.006 -10"><span class='ocrx_word' id='word_1_578' title='bbox 2124 3715 2228 3770; x_wconf 90' lang='lat' dir='ltr'><strong>lias</strong></span> <span class='ocrx_word' id='word_1_579' title='bbox 2276 3732 2295 3766; x_wconf 77' lang='grc' dir='ltr'><strong>ι</strong></span> <span class='ocrx_word' id='word_1_580' title='bbox 2341 3723 2533 3770; x_wconf 90' lang='lat' dir='ltr'><strong>exortu</strong></span> <span class='ocrx_word' id='word_1_581' title='bbox 2587 3729 2688 3767; x_wconf 89' lang='lat' dir='ltr'><strong>suo</strong></span> <span class='ocrx_word' id='word_1_582' title='bbox 2743 3719 2985 3766; x_wconf 68' lang='lat' dir='ltr'><strong>aestatem</strong></span> <span class='ocrx_word' id='word_1_583' title='bbox 3055 3709 3300 3779; x_wconf 87' lang='lat' dir='ltr'><strong>incipere</strong></span> <span class='ocrx_word' id='word_1_584' title='bbox 3346 3709 3456 3775; x_wconf 87' lang='lat' dir='ltr'><strong>ait,</strong></span> <span class='ocrx_word' id='word_1_585' title='bbox 3508 3722 3684 3763; x_wconf 79' lang='lat' dir='ltr'><strong>occasu</strong></span> 
     </span>
    </p>
   </div>
   <div class='ocr_carea' id='block_1_85' title="bbox 2123 3801 3684 3873">
    <p class='ocr_par' dir='ltr' id='par_1_85' title="bbox 2123 3801 3684 3873">
     <span class='ocr_line' id='line_1_86' title="bbox 2123 3801 3684 3873; baseline -0.006 -12"><span class='ocrx_word' id='word_1_586' title='bbox 2123 3807 2379 3872; x_wconf 90' lang='lat' dir='ltr'><strong>hiemem,</strong></span> <span class='ocrx_word' id='word_1_587' title='bbox 2439 3805 2687 3860; x_wconf 90' lang='lat' dir='ltr'><strong>semestri</strong></span> <span class='ocrx_word' id='word_1_588' title='bbox 2747 3801 2926 3873; x_wconf 91' lang='lat' dir='ltr'><strong>spatio</strong></span> <span class='ocrx_word' id='word_1_589' title='bbox 2966 3802 3108 3855; x_wconf 91' lang='lat' dir='ltr'><strong>intra</strong></span> <span class='ocrx_word' id='word_1_590' title='bbox 3153 3817 3213 3856; x_wconf 88' lang='lat' dir='ltr'><strong>se</strong></span> <span class='ocrx_word' id='word_1_591' title='bbox 3259 3817 3497 3864; x_wconf 88' lang='lat' dir='ltr'><strong>messes,</strong></span> <span class='ocrx_word' id='word_1_592' title='bbox 3522 3801 3684 3854; x_wconf 80' lang='lat' dir='ltr'><strong>vinde-</strong></span> 
     </span>
    </p>
   </div>
   <div class='ocr_carea' id='block_1_86' title="bbox 2124 3895 3676 3967">
    <p class='ocr_par' dir='ltr' id='par_1_86' title="bbox 2124 3895 3676 3967">
     <span class='ocr_line' id='line_1_87' title="bbox 2124 3895 3676 3967; baseline -0.006 -16"><span class='ocrx_word' id='word_1_593' title='bbox 2124 3897 2390 3967; x_wconf 85' lang='lat' dir='ltr'><strong>miasque,</strong></span> <span class='ocrx_word' id='word_1_594' title='bbox 2453 3905 2507 3950; x_wconf 92' lang='lat' dir='ltr'><strong>ct</strong></span> <span class='ocrx_word' id='word_1_595' title='bbox 2549 3895 2790 3949; x_wconf 88' lang='lat' dir='ltr'><strong>omnium</strong></span> <span class='ocrx_word' id='word_1_596' title='bbox 2840 3895 3215 3948; x_wconf 89' lang='lat' dir='ltr'><strong>maturitatem</strong></span> <span class='ocrx_word' id='word_1_597' title='bbox 3279 3895 3608 3965; x_wconf 84' lang='lat' dir='ltr'><strong>complcxas.</strong></span> <span class='ocrx_word' id='word_1_598' title='bbox 3661 3909 3676 3941; x_wconf 78' lang='grc' dir='ltr'><strong>ι</strong></span> 
     </span>
    </p>
   </div>
   <div class='ocr_carea' id='block_1_87' title="bbox 2131 3991 2542 4045">
    <p class='ocr_par' dir='ltr' id='par_1_87' title="bbox 2131 3991 2542 4045">
     <span class='ocr_line' id='line_1_88' title="bbox 2131 3991 2542 4045; baseline -0.005 0"><span class='ocrx_word' id='word_1_599' title='bbox 2131 3991 2332 4045; x_wconf 83' lang='lat' dir='ltr'><strong>Aratus</strong></span> <span class='ocrx_word' id='word_1_600' title='bbox 2361 4005 2492 4045; x_wconf 92' lang='lat' dir='ltr'><strong>vero</strong></span> <span class='ocrx_word' id='word_1_601' title='bbox 2527 4007 2542 4043; x_wconf 91' lang='lat'><strong>:</strong></span> 
     </span>
    </p>
   </div>
   <div class='ocr_carea' id='block_1_88' title="bbox 2122 4095 3678 4173">
    <p class='ocr_par' dir='ltr' id='par_1_88' title="bbox 2122 4095 3678 4173">
     <span class='ocr_line' id='line_1_89' title="bbox 2122 4095 3678 4173; baseline -0.006 -16"><span class='ocrx_word' id='word_1_602' title='bbox 2122 4107 2193 4173; x_wconf 72' lang='lat' dir='ltr'><strong>Al</strong></span> <span class='ocrx_word' id='word_1_603' title='bbox 2208 4102 2322 4173; x_wconf 83' lang='grc' dir='ltr'><strong>μὲν</strong></span> <span class='ocrx_word' id='word_1_604' title='bbox 2338 4103 2492 4172; x_wconf 82' lang='grc' dir='ltr'><em>ὅμως</em></span> <span class='ocrx_word' id='word_1_605' title='bbox 2521 4101 2712 4173; x_wconf 60' lang='grc' dir='ltr'><strong>ὀλίγαι</strong></span> <span class='ocrx_word' id='word_1_606' title='bbox 2739 4100 2834 4154; x_wconf 77' lang='grc' dir='ltr'><strong>καὶ</strong></span> <span class='ocrx_word' id='word_1_607' title='bbox 2851 4097 3139 4173; x_wconf 62' lang='grc' dir='ltr'><strong>ὰφςγτέες</strong></span> <span class='ocrx_word' id='word_1_608' title='bbox 3157 4115 3171 4129; x_wconf 83' lang='grc'>⁶</span> <span class='ocrx_word' id='word_1_609' title='bbox 3205 4099 3354 4173; x_wconf 39' lang='lat' dir='ltr'><strong>(illi</strong></span> <span class='ocrx_word' id='word_1_610' title='bbox 3378 4095 3678 4167; x_wconf 69' lang='grc' dir='ltr'><strong>ὀνομαστοὶ</strong></span> 
     </span>
    </p>
   </div>
   <div class='ocr_carea' id='block_1_89' title="bbox 2123 4170 3622 4241">
    <p class='ocr_par' dir='ltr' id='par_1_89' title="bbox 2123 4170 3622 4241">
     <span class='ocr_line' id='line_1_90' title="bbox 2123 4170 3622 4241; baseline -0.005 -15"><span class='ocrx_word' id='word_1_611' title='bbox 2123 4170 2270 4241; x_wconf 67' lang='grc' dir='ltr'><strong>Ἠρι,</strong></span> <span class='ocrx_word' id='word_1_612' title='bbox 2301 4170 2398 4227; x_wconf 63' lang='grc' dir='ltr'><strong>καὶ</strong></span> <span class='ocrx_word' id='word_1_613' title='bbox 2423 4171 2692 4241; x_wconf 80' lang='grc' dir='ltr'><strong>ἑσπέριαι</strong></span> <span class='ocrx_word' id='word_1_614' title='bbox 2713 4188 2724 4200; x_wconf 89' lang='grc'>·</span> <span class='ocrx_word' id='word_1_615' title='bbox 2760 4172 2910 4236; x_wconf 85' lang='grc' dir='ltr'><strong>Ζεὺς</strong></span> <span class='ocrx_word' id='word_1_616' title='bbox 2933 4170 2983 4223; x_wconf 80' lang='grc' dir='ltr'><strong>δ’</strong></span> <span class='ocrx_word' id='word_1_617' title='bbox 3022 4171 3213 4235; x_wconf 85' lang='grc' dir='ltr'><strong>αἴτιος</strong></span> <span class='ocrx_word' id='word_1_618' title='bbox 3235 4172 3622 4241; x_wconf 52' lang='lat' dir='ltr'><strong>salaces-tat,</strong></span> 
     </span>
    </p>
   </div>
   <div class='ocr_carea' id='block_1_90' title="bbox 2129 4239 3608 4311">
    <p class='ocr_par' dir='ltr' id='par_1_90' title="bbox 2129 4239 3608 4311">
     <span class='ocr_line' id='line_1_91' title="bbox 2129 4239 3608 4311; baseline -0.003 -15"><span class='ocrx_word' id='word_1_619' title='bbox 2129 4239 2225 4309; x_wconf 63' lang='grc' dir='ltr'><strong>’Ὀζ-</strong></span> <span class='ocrx_word' id='word_1_620' title='bbox 2245 4245 2423 4311; x_wconf 76' lang='grc' dir='ltr'><strong>σερίσι</strong></span> <span class='ocrx_word' id='word_1_621' title='bbox 2454 4243 2551 4295; x_wconf 80' lang='grc' dir='ltr'><strong>καὶ</strong></span> <span class='ocrx_word' id='word_1_622' title='bbox 2578 4240 2799 4309; x_wconf 84' lang='grc' dir='ltr'><strong>θέρεος,</strong></span> <span class='ocrx_word' id='word_1_623' title='bbox 2823 4242 2917 4294; x_wconf 79' lang='grc' dir='ltr'><strong>καὶ</strong></span> <span class='ocrx_word' id='word_1_624' title='bbox 2951 4241 3232 4311; x_wconf 68' lang='grc' dir='ltr'><strong>χείματος</strong></span> <span class='ocrx_word' id='word_1_625' title='bbox 3257 4239 3608 4309; x_wconf 76' lang='grc' dir='ltr'><strong>ἀρχομένοιο</strong></span> 
     </span>
    </p>
   </div>
   <div class='ocr_carea' id='block_1_91' title="bbox 2123 4309 3627 4382">
    <p class='ocr_par' dir='ltr' id='par_1_91' title="bbox 2123 4309 3627 4382">
     <span class='ocr_line' id='line_1_92' title="bbox 2123 4309 3627 4382; baseline -0.004 -15"><span class='ocrx_word' id='word_1_626' title='bbox 2123 4309 2450 4382; x_wconf 75' lang='grc' dir='ltr'><strong>Σημαῖνειν</strong></span> <span class='ocrx_word' id='word_1_627' title='bbox 2475 4311 2824 4375; x_wconf 76' lang='grc' dir='ltr'><strong>ἐκέλευσεν,</strong></span> <span class='ocrx_word' id='word_1_628' title='bbox 2849 4309 3253 4380; x_wconf 80' lang='grc' dir='ltr'><strong>ἐπερχομένου</strong></span> <span class='ocrx_word' id='word_1_629' title='bbox 3276 4312 3324 4362; x_wconf 82' lang='grc' dir='ltr'><strong>τ’</strong></span> <span class='ocrx_word' id='word_1_630' title='bbox 3358 4311 3627 4378; x_wconf 32' lang='grc' dir='ltr'>ἀρότοιο.-</span> 
     </span>
    </p>
   </div>
   <div class='ocr_carea' id='block_1_92' title="bbox 453 4406 2355 4493">
    <p class='ocr_par' dir='ltr' id='par_1_92' title="bbox 453 4406 2355 4493">
     <span class='ocr_line' id='line_1_93' title="bbox 453 4406 2355 4493; baseline 0.005 -27"><span class='ocrx_word' id='word_1_631' title='bbox 453 4413 630 4467; x_wconf 90' lang='lat' dir='ltr'><strong>tutino</strong></span> <span class='ocrx_word' id='word_1_632' title='bbox 650 4416 975 4485; x_wconf 84' lang='lat' dir='ltr'><strong>crepusculo</strong></span> <span class='ocrx_word' id='word_1_633' title='bbox 993 4418 1330 4487; x_wconf 87' lang='lat' dir='ltr'><strong>populariter</strong></span> <span class='ocrx_word' id='word_1_634' title='bbox 1360 4420 1534 4490; x_wconf 84' lang='lat' dir='ltr'><strong>accipi</strong></span> <span class='ocrx_word' id='word_1_635' title='bbox 1568 4439 1582 4474; x_wconf 68' lang='grc' dir='ltr'><em>τ</em></span> <span class='ocrx_word' id='word_1_636' title='bbox 1612 4421 1773 4478; x_wconf 81' lang='lat' dir='ltr'><strong>linem</strong></span> <span class='ocrx_word' id='word_1_637' title='bbox 1803 4438 2022 4493; x_wconf 85' lang='lat' dir='ltr'><strong>quoque</strong></span> <span class='ocrx_word' id='word_1_638' title='bbox 2054 4427 2099 4482; x_wconf 89' lang='lat' dir='ltr'><strong>D</strong></span> <span class='ocrx_word' id='word_1_639' title='bbox 2124 4406 2315 4460; x_wconf 60' lang='lat' dir='ltr'><strong>Cicero</strong></span> <span class='ocrx_word' id='word_1_640' title='bbox 2341 4423 2355 4460; x_wconf 71' lang='grc' dir='ltr'>ε</span> 
     </span>
    </p>
   </div>
   <div class='ocr_carea' id='block_1_93' title="bbox 452 4502 2023 4582">
    <p class='ocr_par' dir='ltr' id='par_1_93' title="bbox 452 4502 2023 4582">
     <span class='ocr_line' id='line_1_94' title="bbox 452 4502 2023 4582; baseline 0.008 -27"><span class='ocrx_word' id='word_1_641' title='bbox 452 4503 588 4558; x_wconf 87' lang='lat' dir='ltr'><strong>alias</strong></span> <span class='ocrx_word' id='word_1_642' title='bbox 610 4502 677 4558; x_wconf 87' lang='lat' dir='ltr'><strong>ab</strong></span> <span class='ocrx_word' id='word_1_643' title='bbox 700 4519 899 4560; x_wconf 90' lang='lat' dir='ltr'><strong>occasu</strong></span> <span class='ocrx_word' id='word_1_644' title='bbox 920 4507 1072 4569; x_wconf 83' lang='lat' dir='ltr'><strong>solis.</strong></span> <span class='ocrx_word' id='word_1_645' title='bbox 1101 4508 1236 4562; x_wconf 91' lang='lat' dir='ltr'><strong>alias</strong></span> <span class='ocrx_word' id='word_1_646' title='bbox 1265 4509 1332 4563; x_wconf 92' lang='lat' dir='ltr'><strong>ab</strong></span> <span class='ocrx_word' id='word_1_647' title='bbox 1375 4510 1644 4566; x_wconf 90' lang='lat' dir='ltr'><strong>Iucidiore</strong></span> <span class='ocrx_word' id='word_1_648' title='bbox 1677 4516 2023 4582; x_wconf 80' lang='lat' dir='ltr'><strong>Crepusculo.</strong></span> 
     </span>
    </p>
   </div>
   <div class='ocr_carea' id='block_1_94' title="bbox 455 4592 2024 4676">
    <p class='ocr_par' dir='ltr' id='par_1_94' title="bbox 455 4592 2024 4676">
     <span class='ocr_line' id='line_1_95' title="bbox 455 4592 2024 4676; baseline 0.01 -29"><span class='ocrx_word' id='word_1_649' title='bbox 455 4592 547 4649; x_wconf 89' lang='lat' dir='ltr'><strong>Sic</strong></span> <span class='ocrx_word' id='word_1_650' title='bbox 573 4595 789 4652; x_wconf 85' lang='lat' dir='ltr'><strong>Orionis</strong></span> <span class='ocrx_word' id='word_1_651' title='bbox 829 4600 1226 4670; x_wconf 71' lang='grc' dir='ltr'><strong>προκατάδυσιν</strong></span> <span class='ocrx_word' id='word_1_652' title='bbox 1273 4600 1414 4672; x_wconf 78' lang='grc' dir='ltr'><strong>ἑῴαν</strong></span> <span class='ocrx_word' id='word_1_653' title='bbox 1462 4603 1664 4660; x_wconf 84' lang='lat' dir='ltr'><strong>Aratus</strong></span> <span class='ocrx_word' id='word_1_654' title='bbox 1710 4604 2024 4676; x_wconf 81' lang='lat' dir='ltr'><strong>descripsit,</strong></span> 
     </span>
    </p>
   </div>
   <div class='ocr_carea' id='block_1_95' title="bbox 452 4683 984 4760">
    <p class='ocr_par' dir='ltr' id='par_1_95' title="bbox 452 4683 984 4760">
     <span class='ocr_line' id='line_1_96' title="bbox 452 4683 984 4760; baseline 0 -16"><span class='ocrx_word' id='word_1_655' title='bbox 452 4697 514 4744; x_wconf 93' lang='lat' dir='ltr'><strong>ut</strong></span> <span class='ocrx_word' id='word_1_656' title='bbox 540 4690 760 4760; x_wconf 90' lang='lat' dir='ltr'><strong>exponit</strong></span> <span class='ocrx_word' id='word_1_657' title='bbox 788 4683 936 4745; x_wconf 84' lang='lat' dir='ltr'><strong>Theo</strong></span> <span class='ocrx_word' id='word_1_658' title='bbox 971 4709 984 4744; x_wconf 89' lang='lat'><strong>:</strong></span> 
     </span>
    </p>
   </div>
   <div class='ocr_carea' id='block_1_96' title="bbox 629 4808 1585 4878">
    <p class='ocr_par' dir='ltr' id='par_1_96' title="bbox 629 4808 1585 4878">
     <span class='ocr_line' id='line_1_97' title="bbox 629 4808 1585 4878; baseline 0.003 -19"><span class='ocrx_word' id='word_1_659' title='bbox 629 4845 652 4878; x_wconf 91' lang='lat'><strong>._</strong></span> <span class='ocrx_word' id='word_1_660' title='bbox 721 4843 738 4862; x_wconf 91' lang='lat'><strong>.</strong></span> <span class='ocrx_word' id='word_1_661' title='bbox 793 4847 830 4878; x_wconf 87' lang='lat'><strong>_.</strong></span> <span class='ocrx_word' id='word_1_662' title='bbox 907 4811 940 4860; x_wconf 84' lang='lat' dir='ltr'><strong>d</strong></span> <span class='ocrx_word' id='word_1_663' title='bbox 967 4808 1034 4860; x_wconf 80' lang='grc' dir='ltr'><strong>δὲ</strong></span> <span class='ocrx_word' id='word_1_664' title='bbox 1074 4808 1275 4862; x_wconf 79' lang='grc' dir='ltr'><strong>δύεται</strong></span> <span class='ocrx_word' id='word_1_665' title='bbox 1303 4809 1446 4877; x_wconf 78' lang='grc' dir='ltr'><strong>ἠῶθι</strong></span> <span class='ocrx_word' id='word_1_666' title='bbox 1475 4810 1585 4878; x_wconf 81' lang='grc' dir='ltr'><strong>πρὸ</strong></span> 
     </span>
    </p>
   </div>
   <div class='ocr_carea' id='block_1_97' title="bbox 640 4875 1208 4946">
    <p class='ocr_par' dir='ltr' id='par_1_97' title="bbox 640 4875 1208 4946">
     <span class='ocr_line' id='line_1_98' title="bbox 640 4875 1208 4946; baseline 0.007 -18"><span class='ocrx_word' id='word_1_667' title='bbox 640 4875 870 4943; x_wconf 80' lang='grc' dir='ltr'><strong>Ἀθρόος</strong></span> <span class='ocrx_word' id='word_1_668' title='bbox 911 4877 1134 4946; x_wconf 79' lang='grc' dir='ltr'><strong>Ὠρίων.</strong></span> <span class='ocrx_word' id='word_1_669' title='bbox 1147 4919 1182 4933; x_wconf 94' lang='grc'><strong>..</strong></span> <span class='ocrx_word' id='word_1_670' title='bbox 1195 4919 1208 4932; x_wconf 93' lang='grc'><strong>.</strong></span> 
     </span>
    </p>
   </div>
   <div class='ocr_carea' id='block_1_98' title="bbox 451 4985 2028 5060">
    <p class='ocr_par' dir='ltr' id='par_1_98' title="bbox 451 4985 2028 5060">
     <span class='ocr_line' id='line_1_99' title="bbox 451 4985 2028 5060; baseline 0.008 -23"><span class='ocrx_word' id='word_1_671' title='bbox 451 4985 694 5039; x_wconf 76' lang='grc' dir='ltr'><strong>τουτέστι</strong></span> <span class='ocrx_word' id='word_1_672' title='bbox 722 4989 828 5059; x_wconf 81' lang='grc' dir='ltr'><strong>πρὸ</strong></span> <span class='ocrx_word' id='word_1_673' title='bbox 861 4989 958 5060; x_wconf 81' lang='grc' dir='ltr'><strong>τῆς</strong></span> <span class='ocrx_word' id='word_1_674' title='bbox 983 4989 1132 5059; x_wconf 67' lang='grc' dir='ltr'><strong>ἠοῦς,</strong></span> <span class='ocrx_word' id='word_1_675' title='bbox 1172 5008 1192 5042; x_wconf 76' lang='lat' dir='ltr'><strong>e</strong></span> <span class='ocrx_word' id='word_1_676' title='bbox 1232 4999 1359 5046; x_wconf 85' lang='lat' dir='ltr'><strong>ante</strong></span> <span class='ocrx_word' id='word_1_677' title='bbox 1396 5007 1673 5048; x_wconf 85' lang='lat' dir='ltr'><strong>auroram.</strong></span> <span class='ocrx_word' id='word_1_678' title='bbox 1712 5011 1731 5044; x_wconf 77' lang='grc' dir='ltr'><strong>ι</strong></span> <span class='ocrx_word' id='word_1_679' title='bbox 1766 4992 1926 5058; x_wconf 74' lang='lat' dir='ltr'><strong>Hinc.</strong></span> <span class='ocrx_word' id='word_1_680' title='bbox 1965 5004 2028 5050; x_wconf 87' lang='lat' dir='ltr'><strong>ut</strong></span> 
     </span>
    </p>
   </div>
   <div class='ocr_carea' id='block_1_99' title="bbox 451 5075 2024 5154">
    <p class='ocr_par' dir='ltr' id='par_1_99' title="bbox 451 5075 2024 5154">
     <span class='ocr_line' id='line_1_100' title="bbox 451 5075 2024 5154; baseline 0.008 -26"><span class='ocrx_word' id='word_1_681' title='bbox 451 5075 599 5146; x_wconf 92' lang='lat' dir='ltr'><strong>quod</strong></span> <span class='ocrx_word' id='word_1_682' title='bbox 655 5093 881 5148; x_wconf 69' lang='lat' dir='ltr'><strong>quaeque</strong></span> <span class='ocrx_word' id='word_1_683' title='bbox 928 5081 1082 5134; x_wconf 90' lang='lat' dir='ltr'><strong>stella</strong></span> <span class='ocrx_word' id='word_1_684' title='bbox 1125 5082 1450 5136; x_wconf 89' lang='lat' dir='ltr'><strong>alterutrum</strong></span> <span class='ocrx_word' id='word_1_685' title='bbox 1497 5085 1754 5154; x_wconf 70' lang='lat' dir='ltr'><strong>praecedit</strong></span> <span class='ocrx_word' id='word_1_686' title='bbox 1809 5085 2024 5140; x_wconf 90' lang='lat' dir='ltr'><strong>initium</strong></span> 
     </span>
    </p>
   </div>
   <div class='ocr_carea' id='block_1_100' title="bbox 451 5163 2023 5239">
    <p class='ocr_par' dir='ltr' id='par_1_100' title="bbox 451 5163 2023 5239">
     <span class='ocr_line' id='line_1_101' title="bbox 451 5163 2023 5239; baseline 0.008 -22"><span class='ocrx_word' id='word_1_687' title='bbox 451 5163 679 5220; x_wconf 83' lang='lat' dir='ltr'><strong>ﬁnemve</strong></span> <span class='ocrx_word' id='word_1_688' title='bbox 736 5169 1003 5238; x_wconf 87' lang='lat' dir='ltr'><strong>sequitur,</strong></span> <span class='ocrx_word' id='word_1_689' title='bbox 1059 5180 1130 5222; x_wconf 78' lang='lat' dir='ltr'><strong>ita</strong></span> <span class='ocrx_word' id='word_1_690' title='bbox 1164 5170 1283 5239; x_wconf 82' lang='lat' dir='ltr'><strong>eius</strong></span> <span class='ocrx_word' id='word_1_691' title='bbox 1331 5171 1560 5228; x_wconf 84' lang='lat' dir='ltr'><strong>orientis</strong></span> <span class='ocrx_word' id='word_1_692' title='bbox 1594 5173 1678 5228; x_wconf 89' lang='lat' dir='ltr'><strong>vel</strong></span> <span class='ocrx_word' id='word_1_693' title='bbox 1721 5173 2023 5230; x_wconf 88' lang='lat' dir='ltr'><strong>occidentis</strong></span> 
     </span>
    </p>
   </div>
   <div class='ocr_carea' id='block_1_101' title="bbox 451 5254 1459 5328">
    <p class='ocr_par' dir='ltr' id='par_1_101' title="bbox 451 5254 1459 5328">
     <span class='ocr_line' id='line_1_102' title="bbox 451 5254 1459 5328; baseline 0.01 -20"><span class='ocrx_word' id='word_1_694' title='bbox 451 5254 665 5310; x_wconf 88' lang='lat' dir='ltr'><strong>diversa</strong></span> <span class='ocrx_word' id='word_1_695' title='bbox 695 5259 869 5328; x_wconf 90' lang='lat' dir='ltr'><strong>spatia</strong></span> <span class='ocrx_word' id='word_1_696' title='bbox 895 5259 1155 5314; x_wconf 91' lang='lat' dir='ltr'><strong>constitui</strong></span> <span class='ocrx_word' id='word_1_697' title='bbox 1192 5263 1459 5318; x_wconf 92' lang='lat' dir='ltr'><strong>solebant.</strong></span> 
     </span>
    </p>
   </div>
   <div class='ocr_carea' id='block_1_102' title="bbox 520 5344 2022 5418">
    <p class='ocr_par' dir='ltr' id='par_1_102' title="bbox 520 5344 2022 5418">
     <span class='ocr_line' id='line_1_103' title="bbox 520 5344 2022 5418; baseline 0.009 -19"><span class='ocrx_word' id='word_1_698' title='bbox 520 5344 787 5405; x_wconf 65' lang='lat' dir='ltr'><strong>Praeterea</strong></span> <span class='ocrx_word' id='word_1_699' title='bbox 819 5350 1004 5405; x_wconf 93' lang='lat' dir='ltr'><strong>docuit</strong></span> <span class='ocrx_word' id='word_1_700' title='bbox 1037 5368 1139 5408; x_wconf 93' lang='lat' dir='ltr'><strong>nos</strong></span> <span class='ocrx_word' id='word_1_701' title='bbox 1182 5351 1510 5409; x_wconf 85' lang='lat' dir='ltr'><strong>Godefridus</strong></span> <span class='ocrx_word' id='word_1_702' title='bbox 1543 5353 1902 5418; x_wconf 84' lang='lat' dir='ltr'><strong>Vendelinus.</strong></span> <span class='ocrx_word' id='word_1_703' title='bbox 1936 5357 2022 5412; x_wconf 90' lang='lat' dir='ltr'><strong>vir</strong></span> 
     </span>
    </p>
   </div>
   <div class='ocr_carea' id='block_1_103' title="bbox 452 5437 2022 5511">
    <p class='ocr_par' dir='ltr' id='par_1_103' title="bbox 452 5437 2022 5511">
     <span class='ocr_line' id='line_1_104' title="bbox 452 5437 2022 5511; baseline 0.006 -19"><span class='ocrx_word' id='word_1_704' title='bbox 452 5437 510 5492; x_wconf 92' lang='lat' dir='ltr'><strong>in</strong></span> <span class='ocrx_word' id='word_1_705' title='bbox 538 5438 624 5494; x_wconf 90' lang='lat' dir='ltr'><strong>his</strong></span> <span class='ocrx_word' id='word_1_706' title='bbox 639 5439 946 5510; x_wconf 88' lang='lat' dir='ltr'><strong>disciplinis</strong></span> <span class='ocrx_word' id='word_1_707' title='bbox 977 5444 1223 5511; x_wconf 90' lang='lat' dir='ltr'><strong>apprime</strong></span> <span class='ocrx_word' id='word_1_708' title='bbox 1259 5444 1453 5499; x_wconf 89' lang='lat' dir='ltr'><strong>doctus</strong></span> <span class='ocrx_word' id='word_1_709' title='bbox 1499 5460 1563 5501; x_wconf 89' lang='lat' dir='ltr'><strong>ac</strong></span> <span class='ocrx_word' id='word_1_710' title='bbox 1584 5447 1888 5502; x_wconf 63' lang='lat' dir='ltr'><strong>caelestium</strong></span> <span class='ocrx_word' id='word_1_711' title='bbox 1925 5449 2022 5502; x_wconf 85' lang='lat' dir='ltr'><strong>ob-</strong></span> 
     </span>
    </p>
   </div>
   <div class='ocr_carea' id='block_1_104' title="bbox 453 5531 2020 5608">
    <p class='ocr_par' dir='ltr' id='par_1_104' title="bbox 453 5531 2020 5608">
     <span class='ocr_line' id='line_1_105' title="bbox 453 5531 2020 5608; baseline 0.008 -27"><span class='ocrx_word' id='word_1_712' title='bbox 453 5531 822 5584; x_wconf 89' lang='lat' dir='ltr'><strong>servationum</strong></span> <span class='ocrx_word' id='word_1_713' title='bbox 856 5547 957 5585; x_wconf 93' lang='lat' dir='ltr'><strong>usu</strong></span> <span class='ocrx_word' id='word_1_714' title='bbox 988 5533 1243 5599; x_wconf 87' lang='lat' dir='ltr'><strong>detritus,</strong></span> <span class='ocrx_word' id='word_1_715' title='bbox 1281 5536 1725 5592; x_wconf 89' lang='lat' dir='ltr'><strong>animadversum</strong></span> <span class='ocrx_word' id='word_1_716' title='bbox 1749 5554 1780 5592; x_wconf 89' lang='lat' dir='ltr'><strong>a</strong></span> <span class='ocrx_word' id='word_1_717' title='bbox 1810 5555 1868 5594; x_wconf 93' lang='lat' dir='ltr'><strong>se</strong></span> <span class='ocrx_word' id='word_1_718' title='bbox 1896 5555 2020 5608; x_wconf 89' lang='lat' dir='ltr'><strong>par-</strong></span> 
     </span>
    </p>
   </div>
   <div class='ocr_carea' id='block_1_105' title="bbox 453 5617 2017 5700">
    <p class='ocr_par' dir='ltr' id='par_1_105' title="bbox 453 5617 2017 5700">
     <span class='ocr_line' id='line_1_106' title="bbox 453 5617 2017 5700; baseline 0.011 -32"><span class='ocrx_word' id='word_1_719' title='bbox 453 5617 552 5670; x_wconf 88' lang='lat' dir='ltr'><strong>tim</strong></span> <span class='ocrx_word' id='word_1_720' title='bbox 604 5620 661 5673; x_wconf 90' lang='lat' dir='ltr'><strong>in</strong></span> <span class='ocrx_word' id='word_1_721' title='bbox 707 5621 1032 5677; x_wconf 83' lang='lat' dir='ltr'><strong>Massiliensi</strong></span> <span class='ocrx_word' id='word_1_722' title='bbox 1086 5627 1388 5694; x_wconf 90' lang='lat' dir='ltr'><strong>provincia,</strong></span> <span class='ocrx_word' id='word_1_723' title='bbox 1440 5630 1638 5697; x_wconf 88' lang='lat' dir='ltr'><strong>partim</strong></span> <span class='ocrx_word' id='word_1_724' title='bbox 1690 5628 1745 5682; x_wconf 91' lang='lat' dir='ltr'><strong>in</strong></span> <span class='ocrx_word' id='word_1_725' title='bbox 1808 5629 2017 5700; x_wconf 87' lang='lat' dir='ltr'><strong>Belgio,</strong></span> 
     </span>
    </p>
   </div>
   <div class='ocr_carea' id='block_1_106' title="bbox 453 5707 2018 5783">
    <p class='ocr_par' dir='ltr' id='par_1_106' title="bbox 453 5707 2018 5783">
     <span class='ocr_line' id='line_1_107' title="bbox 453 5707 2018 5783; baseline 0.008 -21"><span class='ocrx_word' id='word_1_726' title='bbox 453 5707 658 5763; x_wconf 66' lang='lat' dir='ltr'><strong>astivis</strong></span> <span class='ocrx_word' id='word_1_727' title='bbox 709 5711 900 5770; x_wconf 85' lang='lat' dir='ltr'><strong>diebus</strong></span> <span class='ocrx_word' id='word_1_728' title='bbox 920 5721 972 5769; x_wconf 87' lang='lat' dir='ltr'><strong>ct</strong></span> <span class='ocrx_word' id='word_1_729' title='bbox 1011 5725 1291 5783; x_wconf 87' lang='lat' dir='ltr'><strong>autumno,</strong></span> <span class='ocrx_word' id='word_1_730' title='bbox 1326 5733 1448 5774; x_wconf 88' lang='lat' dir='ltr'><strong>cum</strong></span> <span class='ocrx_word' id='word_1_731' title='bbox 1493 5733 1748 5775; x_wconf 91' lang='lat' dir='ltr'><strong>serenum</strong></span> <span class='ocrx_word' id='word_1_732' title='bbox 1787 5721 2018 5776; x_wconf 80' lang='lat' dir='ltr'><strong>maxime</strong></span> 
     </span>
    </p>
   </div>
   <div class='ocr_carea' id='block_1_107' title="bbox 2201 4494 3538 4566">
    <p class='ocr_par' dir='ltr' id='par_1_107' title="bbox 2201 4494 3538 4566">
     <span class='ocr_line' id='line_1_108' title="bbox 2201 4494 3538 4566; baseline -0.004 -15"><span class='ocrx_word' id='word_1_733' title='bbox 2201 4500 2271 4552; x_wconf 78' lang='lat' dir='ltr'><strong>At</strong></span> <span class='ocrx_word' id='word_1_734' title='bbox 2301 4513 2545 4566; x_wconf 85' lang='lat' dir='ltr'><strong>magnum</strong></span> <span class='ocrx_word' id='word_1_735' title='bbox 2577 4513 2760 4550; x_wconf 85' lang='lat' dir='ltr'><strong>nomen</strong></span> <span class='ocrx_word' id='word_1_736' title='bbox 2781 4495 2934 4565; x_wconf 79' lang='lat' dir='ltr'><strong>signi.</strong></span> <span class='ocrx_word' id='word_1_737' title='bbox 2963 4494 3269 4562; x_wconf 80' lang='lat' dir='ltr'><strong>clarumque</strong></span> <span class='ocrx_word' id='word_1_738' title='bbox 3300 4503 3538 4558; x_wconf 79' lang='lat' dir='ltr'><strong>vocatur,</strong></span> 
     </span>
    </p>
   </div>
   <div class='ocr_carea' id='block_1_108' title="bbox 2210 4566 3541 4636">
    <p class='ocr_par' dir='ltr' id='par_1_108' title="bbox 2210 4566 3541 4636">
     <span class='ocr_line' id='line_1_109' title="bbox 2210 4566 3541 4636; baseline -0.002 -17"><span class='ocrx_word' id='word_1_739' title='bbox 2210 4568 2509 4636; x_wconf 64' lang='lat' dir='ltr'><strong>Propterea.</strong></span> <span class='ocrx_word' id='word_1_740' title='bbox 2545 4567 2678 4636; x_wconf 83' lang='lat' dir='ltr'><strong>quod</strong></span> <span class='ocrx_word' id='word_1_741' title='bbox 2703 4576 2750 4620; x_wconf 84' lang='lat' dir='ltr'><strong>et</strong></span> <span class='ocrx_word' id='word_1_742' title='bbox 2773 4567 2969 4621; x_wconf 59' lang='lat' dir='ltr'><strong>{astatis</strong></span> <span class='ocrx_word' id='word_1_743' title='bbox 3000 4566 3297 4633; x_wconf 86' lang='lat' dir='ltr'><strong>primordia</strong></span> <span class='ocrx_word' id='word_1_744' title='bbox 3318 4566 3541 4628; x_wconf 85' lang='lat' dir='ltr'><strong>clarent,</strong></span> 
     </span>
    </p>
   </div>
   <div class='ocr_carea' id='block_1_109' title="bbox 2199 4629 3506 4705">
    <p class='ocr_par' dir='ltr' id='par_1_109' title="bbox 2199 4629 3506 4705">
     <span class='ocr_line' id='line_1_110' title="bbox 2199 4629 3506 4705; baseline -0.002 -15"><span class='ocrx_word' id='word_1_745' title='bbox 2199 4629 2268 4690; x_wconf 82' lang='lat' dir='ltr'><strong>Et</strong></span> <span class='ocrx_word' id='word_1_746' title='bbox 2299 4629 2415 4705; x_wconf 78' lang='lat' dir='ltr'><strong>post</strong></span> <span class='ocrx_word' id='word_1_747' title='bbox 2449 4629 2648 4691; x_wconf 73' lang='lat' dir='ltr'><strong>hiberni</strong></span> <span class='ocrx_word' id='word_1_748' title='bbox 2679 4629 3019 4704; x_wconf 77' lang='lat' dir='ltr'><strong>prwpandens</strong></span> <span class='ocrx_word' id='word_1_749' title='bbox 3071 4638 3320 4702; x_wconf 83' lang='lat' dir='ltr'><strong>temporis</strong></span> <span class='ocrx_word' id='word_1_750' title='bbox 3357 4646 3506 4688; x_wconf 82' lang='lat' dir='ltr'><strong>ortus</strong></span> 
     </span>
    </p>
   </div>
   <div class='ocr_carea' id='block_1_110' title="bbox 2198 4705 3542 4772">
    <p class='ocr_par' dir='ltr' id='par_1_110' title="bbox 2198 4705 3542 4772">
     <span class='ocr_line' id='line_1_111' title="bbox 2198 4705 3542 4772; baseline -0.001 -12"><span class='ocrx_word' id='word_1_751' title='bbox 2198 4708 2476 4772; x_wconf 81' lang='lat' dir='ltr'><strong>Admonet,</strong></span> <span class='ocrx_word' id='word_1_752' title='bbox 2504 4718 2561 4760; x_wconf 82' lang='lat' dir='ltr'><strong>ut</strong></span> <span class='ocrx_word' id='word_1_753' title='bbox 2585 4710 2827 4760; x_wconf 73' lang='lat' dir='ltr'><strong>mandant</strong></span> <span class='ocrx_word' id='word_1_754' title='bbox 2857 4706 3104 4770; x_wconf 80' lang='lat' dir='ltr'><strong>mortales</strong></span> <span class='ocrx_word' id='word_1_755' title='bbox 3136 4706 3338 4758; x_wconf 78' lang='lat' dir='ltr'><strong>semina</strong></span> <span class='ocrx_word' id='word_1_756' title='bbox 3367 4705 3542 4759; x_wconf 84' lang='lat' dir='ltr'><strong>terris.</strong></span> 
     </span>
    </p>
   </div>
   <div class='ocr_carea' id='block_1_111' title="bbox 2200 4815 3676 4887">
    <p class='ocr_par' dir='ltr' id='par_1_111' title="bbox 2200 4815 3676 4887">
     <span class='ocr_line' id='line_1_112' title="bbox 2200 4815 3676 4887; baseline -0.003 -11"><span class='ocrx_word' id='word_1_757' title='bbox 2200 4821 2310 4876; x_wconf 88' lang='lat' dir='ltr'><strong>Sed</strong></span> <span class='ocrx_word' id='word_1_758' title='bbox 2346 4821 2616 4877; x_wconf 88' lang='lat' dir='ltr'><strong>matutino</strong></span> <span class='ocrx_word' id='word_1_759' title='bbox 2663 4821 2718 4876; x_wconf 89' lang='lat' dir='ltr'><strong>id</strong></span> <span class='ocrx_word' id='word_1_760' title='bbox 2739 4828 2860 4876; x_wconf 89' lang='lat' dir='ltr'><strong>ortu</strong></span> <span class='ocrx_word' id='word_1_761' title='bbox 2886 4828 2940 4875; x_wconf 91' lang='lat' dir='ltr'><strong>et</strong></span> <span class='ocrx_word' id='word_1_762' title='bbox 2971 4833 3172 4874; x_wconf 89' lang='lat' dir='ltr'><strong>occasu</strong></span> <span class='ocrx_word' id='word_1_763' title='bbox 3202 4817 3385 4874; x_wconf 84' lang='lat' dir='ltr'><strong>facere</strong></span> <span class='ocrx_word' id='word_1_764' title='bbox 3413 4815 3676 4887; x_wconf 78' lang='lat' dir='ltr'><strong>Vergilias.</strong></span> 
     </span>
    </p>
   </div>
   <div class='ocr_carea' id='block_1_112' title="bbox 2129 4908 3676 4984">
    <p class='ocr_par' dir='ltr' id='par_1_112' title="bbox 2129 4908 3676 4984">
     <span class='ocr_line' id='line_1_113' title="bbox 2129 4908 3676 4984; baseline -0.008 -14"><span class='ocrx_word' id='word_1_765' title='bbox 2129 4915 2331 4970; x_wconf 86' lang='lat' dir='ltr'><strong>Aratus</strong></span> <span class='ocrx_word' id='word_1_766' title='bbox 2387 4915 2608 4982; x_wconf 92' lang='lat' dir='ltr'><strong>cecinit,</strong></span> <span class='ocrx_word' id='word_1_767' title='bbox 2665 4931 2774 4970; x_wconf 93' lang='lat' dir='ltr'><strong>non</strong></span> <span class='ocrx_word' id='word_1_768' title='bbox 2828 4914 3086 4984; x_wconf 87' lang='lat' dir='ltr'><strong>exprimit</strong></span> <span class='ocrx_word' id='word_1_769' title='bbox 3133 4913 3351 4967; x_wconf 82' lang='lat' dir='ltr'><strong>Cicero.</strong></span> <span class='ocrx_word' id='word_1_770' title='bbox 3385 4913 3458 4965; x_wconf 85' lang='lat' dir='ltr'><strong>At</strong></span> <span class='ocrx_word' id='word_1_771' title='bbox 3508 4908 3676 4963; x_wconf 85' lang='lat' dir='ltr'><strong>Festus</strong></span> 
     </span>
    </p>
   </div>
   <div class='ocr_carea' id='block_1_113' title="bbox 2126 5002 3422 5079">
    <p class='ocr_par' dir='ltr' id='par_1_113' title="bbox 2126 5002 3422 5079">
     <span class='ocr_line' id='line_1_114' title="bbox 2126 5002 3422 5079; baseline -0.005 -18"><span class='ocrx_word' id='word_1_772' title='bbox 2126 5007 2365 5064; x_wconf 83' lang='lat' dir='ltr'><strong>Avienus</strong></span> <span class='ocrx_word' id='word_1_773' title='bbox 2393 5007 2499 5064; x_wconf 88' lang='lat' dir='ltr'><strong>hoc</strong></span> <span class='ocrx_word' id='word_1_774' title='bbox 2541 5007 2988 5079; x_wconf 88' lang='lat' dir='ltr'><strong>interpretatione</strong></span> <span class='ocrx_word' id='word_1_775' title='bbox 3016 5020 3118 5060; x_wconf 90' lang='lat' dir='ltr'><strong>sua</strong></span> <span class='ocrx_word' id='word_1_776' title='bbox 3146 5002 3422 5060; x_wconf 89' lang='lat' dir='ltr'><strong>reddidit:</strong></span> 
     </span>
    </p>
   </div>
   <div class='ocr_carea' id='block_1_114' title="bbox 2269 5117 3394 5192">
    <p class='ocr_par' dir='ltr' id='par_1_114' title="bbox 2269 5117 3394 5192">
     <span class='ocr_line' id='line_1_115' title="bbox 2269 5117 3394 5192; baseline -0.005 -16"><span class='ocrx_word' id='word_1_777' title='bbox 2269 5162 2284 5176; x_wconf 97' lang='lat'><strong>.</strong></span> <span class='ocrx_word' id='word_1_778' title='bbox 2362 5162 2378 5177; x_wconf 94' lang='lat'><strong>.</strong></span> <span class='ocrx_word' id='word_1_779' title='bbox 2457 5163 2472 5178; x_wconf 96' lang='lat'><strong>.</strong></span> <span class='ocrx_word' id='word_1_780' title='bbox 2549 5164 2562 5176; x_wconf 95' lang='lat'><strong>.</strong></span> <span class='ocrx_word' id='word_1_781' title='bbox 2641 5120 2785 5175; x_wconf 86' lang='lat' dir='ltr'><strong>Nam</strong></span> <span class='ocrx_word' id='word_1_782' title='bbox 2812 5122 2859 5175; x_wconf 84' lang='lat' dir='ltr'><strong>si</strong></span> <span class='ocrx_word' id='word_1_783' title='bbox 2886 5137 2940 5192; x_wconf 72' lang='lat' dir='ltr'><strong>se</strong></span> <span class='ocrx_word' id='word_1_784' title='bbox 2967 5120 3172 5192; x_wconf 72' lang='lat' dir='ltr'><strong>gurgite</strong></span> <span class='ocrx_word' id='word_1_785' title='bbox 3196 5117 3394 5192; x_wconf 71' lang='lat' dir='ltr'><strong>tollunt</strong></span> 
     </span>
    </p>
   </div>
   <div class='ocr_carea' id='block_1_115' title="bbox 2205 5187 3367 5265">
    <p class='ocr_par' dir='ltr' id='par_1_115' title="bbox 2205 5187 3367 5265">
     <span class='ocr_line' id='line_1_116' title="bbox 2205 5187 3367 5265; baseline -0.006 -18"><span class='ocrx_word' id='word_1_786' title='bbox 2205 5192 2472 5265; x_wconf 58' lang='lat' dir='ltr'><strong>Yergiliar,</strong></span> <span class='ocrx_word' id='word_1_787' title='bbox 2501 5209 2692 5265; x_wconf 55' lang='lat' dir='ltr'><strong>curulis</strong></span> <span class='ocrx_word' id='word_1_788' title='bbox 2721 5193 2775 5244; x_wconf 84' lang='lat' dir='ltr'><strong>in</strong></span> <span class='ocrx_word' id='word_1_789' title='bbox 2795 5187 2936 5265; x_wconf 71' lang='lat' dir='ltr'><strong>[lava</strong></span> <span class='ocrx_word' id='word_1_790' title='bbox 2964 5187 3174 5244; x_wconf 69' lang='lat' dir='ltr'><strong>novalia</strong></span> <span class='ocrx_word' id='word_1_791' title='bbox 3201 5187 3367 5265; x_wconf 68' lang='lat' dir='ltr'><strong>[alces</strong></span> 
     </span>
    </p>
   </div>
   <div class='ocr_carea' id='block_1_116' title="bbox 2195 5262 3488 5329">
    <p class='ocr_par' dir='ltr' id='par_1_116' title="bbox 2195 5262 3488 5329">
     <span class='ocr_line' id='line_1_117' title="bbox 2195 5262 3488 5329; baseline -0.006 -12"><span class='ocrx_word' id='word_1_792' title='bbox 2195 5262 2452 5318; x_wconf 71' lang='lat' dir='ltr'><strong>Exercere</strong></span> <span class='ocrx_word' id='word_1_793' title='bbox 2476 5263 2606 5316; x_wconf 84' lang='lat' dir='ltr'><strong>dies.</strong></span> <span class='ocrx_word' id='word_1_794' title='bbox 2631 5262 2691 5316; x_wconf 91' lang='lat' dir='ltr'><strong>Si</strong></span> <span class='ocrx_word' id='word_1_795' title='bbox 2705 5262 2930 5314; x_wconf 83' lang='lat' dir='ltr'><strong>condunt</strong></span> <span class='ocrx_word' id='word_1_796' title='bbox 2958 5275 3164 5329; x_wconf 72' lang='lat' dir='ltr'><strong>wquore</strong></span> <span class='ocrx_word' id='word_1_797' title='bbox 3193 5262 3446 5327; x_wconf 75' lang='lat' dir='ltr'><strong>flammas</strong></span> <span class='ocrx_word' id='word_1_798' title='bbox 3473 5294 3488 5316; x_wconf 93' lang='lat'><strong>,</strong></span> 
     </span>
    </p>
   </div>
   <div class='ocr_carea' id='block_1_117' title="bbox 2197 5330 3490 5403">
    <p class='ocr_par' dir='ltr' id='par_1_117' title="bbox 2197 5330 3490 5403">
     <span class='ocr_line' id='line_1_118' title="bbox 2197 5330 3490 5403; baseline -0.009 -15"><span class='ocrx_word' id='word_1_799' title='bbox 2197 5333 2461 5388; x_wconf 83' lang='lat' dir='ltr'><strong>Tellurem</strong></span> <span class='ocrx_word' id='word_1_800' title='bbox 2490 5349 2668 5403; x_wconf 84' lang='lat' dir='ltr'><strong>presso</strong></span> <span class='ocrx_word' id='word_1_801' title='bbox 2690 5330 3024 5400; x_wconf 77' lang='lat' dir='ltr'><strong>proscindere</strong></span> <span class='ocrx_word' id='word_1_802' title='bbox 3048 5341 3251 5398; x_wconf 85' lang='lat' dir='ltr'><strong>tempus</strong></span> <span class='ocrx_word' id='word_1_803' title='bbox 3283 5337 3490 5392; x_wconf 85' lang='lat' dir='ltr'><strong>aratro.</strong></span> 
     </span>
    </p>
   </div>
   <div class='ocr_carea' id='block_1_118' title="bbox 2194 5434 3676 5516">
    <p class='ocr_par' dir='ltr' id='par_1_118' title="bbox 2194 5434 3676 5516">
     <span class='ocr_line' id='line_1_119' title="bbox 2194 5434 3676 5516; baseline -0.011 -14"><span class='ocrx_word' id='word_1_804' title='bbox 2194 5444 2320 5501; x_wconf 69' lang='lat' dir='ltr'><strong>Haec</strong></span> <span class='ocrx_word' id='word_1_805' title='bbox 2360 5445 2489 5501; x_wconf 81' lang='lat' dir='ltr'><strong>anni</strong></span> <span class='ocrx_word' id='word_1_806' title='bbox 2516 5445 2775 5516; x_wconf 88' lang='lat' dir='ltr'><strong>bipartita</strong></span> <span class='ocrx_word' id='word_1_807' title='bbox 2805 5443 3126 5499; x_wconf 89' lang='lat' dir='ltr'><strong>distributio</strong></span> <span class='ocrx_word' id='word_1_808' title='bbox 3159 5439 3450 5497; x_wconf 91' lang='lat' dir='ltr'><strong>commode</strong></span> <span class='ocrx_word' id='word_1_809' title='bbox 3480 5445 3532 5492; x_wconf 89' lang='lat' dir='ltr'><strong>et</strong></span> <span class='ocrx_word' id='word_1_810' title='bbox 3561 5434 3676 5486; x_wconf 75' lang='grc' dir='ltr'><strong>πλα-</strong></span> 
     </span>
    </p>
   </div>
   <div class='ocr_carea' id='block_1_119' title="bbox 2121 5523 3676 5608">
    <p class='ocr_par' dir='ltr' id='par_1_119' title="bbox 2121 5523 3676 5608">
     <span class='ocr_line' id='line_1_120' title="bbox 2121 5523 3676 5608; baseline -0.01 -18"><span class='ocrx_word' id='word_1_811' title='bbox 2121 5539 2300 5602; x_wconf 82' lang='grc' dir='ltr'>τυκῶς</span> <span class='ocrx_word' id='word_1_812' title='bbox 2344 5537 2661 5608; x_wconf 90' lang='lat' dir='ltr'><strong>accipienda</strong></span> <span class='ocrx_word' id='word_1_813' title='bbox 2689 5545 2792 5599; x_wconf 90' lang='lat' dir='ltr'><strong>est,</strong></span> <span class='ocrx_word' id='word_1_814' title='bbox 2830 5550 2941 5589; x_wconf 92' lang='lat' dir='ltr'><strong>non</strong></span> <span class='ocrx_word' id='word_1_815' title='bbox 2979 5535 3207 5605; x_wconf 70' lang='lat' dir='ltr'><strong>praecise</strong></span> <span class='ocrx_word' id='word_1_816' title='bbox 3247 5546 3313 5586; x_wconf 90' lang='lat' dir='ltr'><strong>ac</strong></span> <span class='ocrx_word' id='word_1_817' title='bbox 3357 5528 3547 5600; x_wconf 83' lang='lat' dir='ltr'><strong>rigide.</strong></span> <span class='ocrx_word' id='word_1_818' title='bbox 3573 5523 3676 5575; x_wconf 82' lang='lat' dir='ltr'><strong>Non</strong></span> 
     </span>
    </p>
   </div>
   <div class='ocr_carea' id='block_1_120' title="bbox 2125 5624 3676 5697">
    <p class='ocr_par' dir='ltr' id='par_1_120' title="bbox 2125 5624 3676 5697">
     <span class='ocr_line' id='line_1_121' title="bbox 2125 5624 3676 5697; baseline -0.009 -12"><span class='ocrx_word' id='word_1_819' title='bbox 2125 5631 2270 5685; x_wconf 89' lang='lat' dir='ltr'><strong>enim</strong></span> <span class='ocrx_word' id='word_1_820' title='bbox 2305 5639 2497 5688; x_wconf 73' lang='lat' dir='ltr'><strong>exacte</strong></span> <span class='ocrx_word' id='word_1_821' title='bbox 2532 5644 2772 5684; x_wconf 89' lang='lat' dir='ltr'><strong>annuum</strong></span> <span class='ocrx_word' id='word_1_822' title='bbox 2809 5628 3048 5697; x_wconf 89' lang='lat' dir='ltr'><strong>spatium</strong></span> <span class='ocrx_word' id='word_1_823' title='bbox 3080 5626 3297 5688; x_wconf 84' lang='lat' dir='ltr'><strong>illatum</strong></span> <span class='ocrx_word' id='word_1_824' title='bbox 3334 5631 3481 5686; x_wconf 90' lang='lat' dir='ltr'><strong>ortu,</strong></span> <span class='ocrx_word' id='word_1_825' title='bbox 3511 5624 3563 5672; x_wconf 79' lang='lat' dir='ltr'><strong>et</strong></span> <span class='ocrx_word' id='word_1_826' title='bbox 3600 5627 3676 5666; x_wconf 78' lang='lat' dir='ltr'><strong>oc-</strong></span> 
     </span>
    </p>
   </div>
   <div class='ocr_carea' id='block_1_121' title="bbox 2124 5698 3674 5788">
    <p class='ocr_par' dir='ltr' id='par_1_121' title="bbox 2124 5698 3674 5788">
     <span class='ocr_line' id='line_1_122' title="bbox 2124 5698 3674 5788; baseline -0.01 -12"><span class='ocrx_word' id='word_1_827' title='bbox 2124 5735 2255 5777; x_wconf 88' lang='lat' dir='ltr'><strong>casu</strong></span> <span class='ocrx_word' id='word_1_828' title='bbox 2278 5721 2527 5777; x_wconf 87' lang='lat' dir='ltr'><strong>bifariam</strong></span> <span class='ocrx_word' id='word_1_829' title='bbox 2561 5720 2846 5778; x_wconf 88' lang='lat' dir='ltr'><strong>dividitur.</strong></span> <span class='ocrx_word' id='word_1_830' title='bbox 2877 5718 3035 5785; x_wconf 88' lang='lat' dir='ltr'><strong>Quod</strong></span> <span class='ocrx_word' id='word_1_831' title='bbox 3055 5735 3124 5775; x_wconf 90' lang='lat' dir='ltr'><strong>ex</strong></span> <span class='ocrx_word' id='word_1_832' title='bbox 3154 5717 3485 5788; x_wconf 79' lang='lat' dir='ltr'><strong>Hippocrate</strong></span> <span class='ocrx_word' id='word_1_833' title='bbox 3515 5698 3674 5772; x_wconf 64' lang='lat' dir='ltr'><strong>collisi</strong></span> 
     </span>
    </p>
   </div>
  </div>
