3808 6308
156 340 293 397 I385

931 332 1392 391 DISSERTA'I‘IO
1431 331 1520 388 DF.
1559 330 1745 389 ORTU
1790 331 1877 387 ET
1916 333 2182 391 OCCASU
2224 335 2547 393 SIDERUM.

3245 338 3380 395 I586

154 466 333 530 potest.
362 478 374 512 ;
401 456 561 525 cujus
588 406 674 510 est
711 451 945 508 eximius
981 449 1085 505 hac
1116 441 1183 505 de
1212 466 1272 506 re
1299 451 1456 507 locus
1484 451 1625 507 libro
1644 449 1712 503 lll
1742 452 1789 508 A
1885 450 2046 506 Anno
2072 452 2305 524 denique
2319 451 2536 508 Juliano
2558 454 2756 525 primo,
2782 456 2865 510 sol
2891 456 2946 510 in
2975 456 3231 514 Geminos
3253 474 3383 514 vero

146 549 291 617 Περὶ
316 547 571 615 manu,
601 544 697 616 qui
740 544 1055 599 necessario
1099 543 1190 597 hic
1221 542 1566 599 adnotandus
1611 554 1717 602 est.

158 640 260 694 ’[δν
308 640 409 710 μὲν
460 635 704 692 ἐνιαυτὸν
758 637 815 698 ὲς
867 634 1106 706 τέσσαρα
1153 635 1322 707 μέρεα
1361 635 1717 707 διαιρὲουσινο

156 729 299 799 ἆπερ
339 726 579 799 μάλιστα
619 722 973 794 γινώσκουσιν
1000 726 1050 777 οἱ
1085 724 1305 778 πολλοί·
1343 725 1601 795 χειμῶνα,
1625 721 1720 798 ἦρ,

157 820 335 893 θέρος,
384 819 741 890 φθινόπωρον.
784 818 896 871 Καὶ
941 817 1180 889 χειμῶνα
1222 817 1320 889 μὲν
1370 818 1478 872 ἀπὸ
1533 819 1726 875 Πλειά-

154 912 257 965 δων
286 910 470 973 δύσιος
501 909 628 982 ἄχρι
666 909 957 981 ἰσημερίης
982 908 1233 981 ἐαρινῆς·
1265 908 1363 981 ἔαρ
1386 909 1444 962 δὲ
1468 909 1575 963 ἀπὸ
1606 913 1724 982 ἰση-

158 1002 354 1075 μερίης
392 1003 553 1074 μέχρι
591 1001 916 1075 ’Δρκτούρου
953 1000 1238 1072 ὲπιτολῆς·
1280 1000 1621 1074 φθινόπωρον
1667 1001 1725 1055 δὲ

155 1091 265 1148 ἀπὸ
293 1090 626 1164 Ἀρκτούρου
648 1092 813 1163 μέχρι
840 1089 1112 1144 Πλειάδων
1141 1088 1341 1154 δύσιος.
1374 1109 1393 1143 ι
1423 1090 1639 1146 Annum
1669 1091 1727 1145 in

158 1195 344 1254 partes
387 1192 620 1253 quatuor
663 1181 915 1236 dividunt
949 1198 967 1236 :
1024 1195 1162 1250 quas
1204 1181 1448 1252 plerique
1494 1183 1727 1238 maxime

156 1273 524 1345 dignoscunt,
569 1272 823 1336 hiemem,
880 1286 1006 1337 ver,
1046 1281 1325 1339 aestatem,
1381 1278 1722 1329 autumnum.

159 1366 227 1420 Et
285 1366 520 1421 hiemem
544 1365 764 1436 quidem
813 1365 882 1420 ab
903 1380 1104 1421 occasu
1147 1365 1506 1438 Vergiliarum
1553 1383 1728 1438 usque

160 1455 228 1509 ad
275 1454 662 1524 aequinoctium
702 1468 962 1518 vernum;
1008 1471 1103 1511 ver
1145 1464 1325 1511 autem
1375 1456 1445 1511 ab
1478 1456 1726 1528 aequino-

160 1547 271 1602 ctio
321 1562 494 1601 verno
542 1560 717 1616 usque
771 1547 839 1601 ad
877 1555 1056 1601 ortum
1120 1545 1512 1618 Vergiliarum;
1560 1555 1727 1603 testa-

162 1648 270 1694 tem
333 1652 364 1690 a
404 1636 767 1708 Vergiliarum
820 1647 944 1693 ortu
1009 1637 1077 1693 ad
1117 1648 1297 1694 ortum
1339 1637 1729 1708 Arcturi}'au-

161 1735 413 1783 tumnum
438 1743 567 1784 vero
588 1728 658 1783 ab
669 1731 900 1782 Arcturo
922 1729 986 1784 ad
1012 1744 1266 1785 occasum
1282 1729 1665 1802 Vergiliarum.
1700 1751 1721 1786 ι

161 1823 222 1875 In
281 1822 385 1876 hac
433 1820 562 1874 anni
609 1820 1009 1891 quadripartita
1070 1823 1340 1878 divisione
1410 1838 1521 1878 non
1602 1831 1730 1879 sunt

159 1913 391 1985 aequalia
422 1919 724 1983 segmenta,
758 1914 852 1968 sed
896 1914 1056 1980 longe
1085 1914 1260 1983 major
1286 1916 1493 1970 aestatis
1532 1924 1585 1971 et
1614 1916 1731 1972 hie-

163 2006 265 2058 mis
296 2012 385 2058 est
431 2002 648 2067 modos,
676 2018 839 2074 quam
878 2005 1023 2060 veris
1058 2014 1113 2061 et
1158 2007 1439 2073 autumni;
1493 2008 1581 2062 cui
1614 2006 1730 2064 dies

163 2092 307 2148 haud
341 2094 579 2172 amplius
635 2094 996 2166 quadraginta
1049 2095 1331 2153 liniuntur.
1387 2097 1733 2169 Hippocratis

162 2182 392 2246 mulo,
420 2184 523 2238 hoc
552 2191 636 2238 est
669 2181 921 2247 Metonis,
976 2183 1213 2242 Pleiadis
1245 2196 1401 2244 ortus
1429 2190 1733 2246 matutinus

166 2282 222 2332 et
278 2274 529 2331 heliacus
575 2274 806 2346 contigit
860 2276 915 2331 in
969 2275 1136 2332 Tauri
1180 2290 1333 2349 parte
1376 2279 1461 2344 i9,
1515 2279 1735 2335 Arcturi

160 2374 317 2422 ortus
345 2366 404 2420 in
423 2362 665 2433 Virginis
682 2365 754 2420 25
771 2367 1148 2431 :intervallum
1167 2369 1447 2439 signorum
1476 2379 1731 2440 quatuor,

164 2455 432 2526 graduum
457 2453 508 2509 6.
543 2452 776 2509 Tantum
821 2458 1010 2512 aestivo
1059 2469 1336 2529 segmento
1376 2458 1734 2529 Hippocrates

162 2545 424 2600 emetitur
449 2561 466 2613 ;
495 2552 551 2599 at
577 2561 747 2601 verno
768 2547 998 2617 tempori
1023 2548 1139 2603 dies
1163 2563 1270 2601 non
1303 2551 1536 2619 amplius
1566 2567 1658 2606 sex
1680 2560 1734 2607 et

163 2635 386 2706 triginta
410 2641 747 2704 competunt.
781 2633 995 2692 Rursus
1028 2652 1260 2692 occasus
1290 2641 1639 2708 vespertinus
1669 2655 1734 2696 ac

161 2741 326 2782 verus
349 2724 628 2779 Pleiadum
664 2726 825 2780 [iebat
849 2726 903 2780 in
928 2726 1097 2798 gradu
1118 2727 1296 2784 Librae
1329 2729 1419 2784 28.
1452 2729 1639 2802 Itaque
1666 2733 1736 2789 ab

161 2824 284 2872 ortu
345 2817 566 2871 Arcturi
610 2816 677 2871 ad
734 2833 993 2874 occasum
1045 2814 1331 2875 Pleiadum’
1361 2823 1564 2893 gradus
1608 2834 1738 2880 sunt

160 2911 390 2966 omnino
438 2909 529 2965 55.
572 2908 815 2980 Denique
843 2912 913 2967 ab
951 2927 1153 2971 occasu
1195 2912 1431 2971 Pleiadis
1467 2916 1533 2971 ad
1575 2917 1738 2986 tequi-

161 3003 411 3058 noctium
443 3016 673 3058 vernum
720 3012 957 3073 quatuor
992 3004 1108 3061 fere
1160 3006 1441 3077 signorum
1494 3008 1739 3063 intersti-

1824 555 1974 599 motu
2004 544 2175 600 subiit
2204 544 2330 601 Maii
2355 545 2444 601 die
2472 561 2621 612 xmv,
2644 546 2780 601 hora
2810 548 2899 612 Il,
2924 548 3026 613 δι’,
3048 547 3256 615 Romae,
3289 553 3383 607 ubi

1824 636 1981 691 initio
1999 636 2348 694 Geminorum
2377 647 2531 695 ortus
2546 638 2789 695 heliacus
2818 639 3179 712 Vergiliarum
3208 643 3384 699 factus

1823 739 1928 787 est.
1983 730 2051 787 At
2107 729 2391 802 Scorpium
2421 733 2543 788 iniit
2575 731 2827 789 Octobris
2864 750 2991 799 xxv,
3017 735 3150 790 hora
3181 737 3235 803 5,
3258 736 3340 793 53'
3368 757 3383 793 :

1824 822 1983 892 cujus
2008 824 2209 894 gradus
2246 833 2494 894 quartus,
2526 826 2587 879 .iu
2633 841 2792 896 quem
2825 828 3126 883 matutinus
3159 843 3389 885 occasus

1826 918 2099 985 convenit,
2154 918 2387 973 incurrit
2435 919 2491 974 in
2537 918 2790 976 Octobris
2839 938 3034 979 xxvm.
3083 921 3388 983 Discrimen

1825 1009 2114 1080 utriusque
2142 1010 2259 1065 dies
2282 1026 2446 1075 CLVII,
2476 1013 2621 1083 quod
2662 1029 2693 1067 a
2740 1014 2967 1069 dimidio
3017 1030 3164 1070 anno
3222 1016 3390 1072 distat

1826 1097 2018 1153 diebus
2046 1114 2172 1153 xxv:
2197 1097 2329 1155 fere.
2361 1098 2487 1156 Haec
2513 1102 2780 1156 intervalli
2807 1103 3063 1173 paulatim
3092 1107 3388 1163 crescentis

1826 1191 2061 1245 varietas
2090 1206 2156 1246 ex
2175 1191 2485 1261 aequinoctii
2508 1194 2904 1257 antecessione,
2930 1210 3030 1250 nec
3048 1212 3153 1250 non
3185 1205 3390 1252 octavae

1828 1281 2071 1350 sphaerae,
2107 1296 2231 1335 cum
2277 1283 2452 1338 stellis
2480 1282 2535 1338 in
2574 1288 2964 1355 consequentia
2986 1289 3387 1360 progressione,

1828 1378 1940 1424 tum
1971 1372 2160 1441 apogei
2185 1372 2317 1429 solis
2354 1373 2655 1429 mutatione
2683 1378 2949 1431 nascitur.

2433 1512 2660 1569 CAPUT
2699 1514 2790 1570 XI.

1833 1600 1907 1656 De
1925 1599 2195 1658 Caniculte
2242 1614 2363 1658 ortu
2417 1617 2466 1659 et
2522 1622 2708 1661 occasu
2757 1616 2985 1663 veterum
3035 1610 3153 1664 loca
3187 1611 3392 1666 multa:

1999 1674 2223 1744 itemque
2258 1675 2322 1731 de
2365 1676 2627 1747 Procyne,
2661 1678 2938 1748 diligenter
2970 1695 3214 1743 expensa.

1758 1785 1803 1840 B
1900 1785 2144 1841 Alterum
2171 1796 2295 1858 post
2321 1785 2590 1860 Vergilias
2618 1791 2792 1857 sidus,
2820 1793 2873 1846 in
2897 1808 3006 1863 quo
3032 1801 3083 1847 et
3109 1809 3265 1848 usum
3292 1810 3392 1850 ex-

1832 1876 2107 1945 periemur
2159 1879 2399 1934 methodi
2456 1889 2691 1948 nostrae;
2743 1891 2798 1938 et
2847 1884 3176 1955 scriptorum
3224 1886 3292 1941 de
3328 1900 3396 1941 eo

1833 1968 1952 2021 loca
1983 1970 2144 2038 paulo
2192 1970 2563 2040 expendemus
2603 1974 2951 2039 accuratius,
2995 1976 3256 2031 Canicula
3287 1984 3394 2042 est,

1832 2073 1998 2127 quam
2033 2058 2203 2115 Graeci
2254 2061 2461 2132 Σείριον
2494 2064 2807 2134 appellant:
2838 2067 2983 2137 quod
3012 2083 3210 2123 nomen
3234 2069 3399 2124 latius

1833 2149 1976 2219 apud
2006 2152 2261 2221 antiquos
2288 2154 2620 2220 extenditur,
2653 2170 2779 2211 nam
2809 2165 2865 2213 et
2898 2158 3069 2214 solem
3107 2160 3400 2231 aliquando

1834 2240 2123 2311 signiﬁcat.
2160 2240 2230 2297 Ut
2260 2242 2406 2314 apud
2428 2243 2723 2301 Hesiodum
2745 2246 2786 2300 ll
2822 2247 3002 2318 ‘Epr.,
3028 2249 3124 2305 ubi
3151 2250 3399 2306 autumni

1833 2338 2049 2402 tempus
2084 2332 2161 2386 ita
2196 2333 2490 2390 describit:

1943 2506 1968 2544 ._
2036 2503 2070 2544 ._
2129 2504 2150 2544 ._
2222 2507 2237 2522 .
2314 2507 2330 2521 .
2392 2468 2487 2544 Αὴ
2510 2468 2619 2538 γὰρ
2643 2470 2777 2544 τότε
2803 2474 3033 2544 Σείριος
3064 2475 3261 2544 ἀστὴρ

1834 2535 2019 2612 gotth
2040 2536 2194 2612 ὐπᾷρ
2217 2535 2488 2612 ξιεφαλῆξ
2516 2535 2914 2612 ἐξήριι-ρεερέωνῖ
2935 2535 3260 2612 ἀνθρώπώὲ

1840 2608 2107 2676 Ἔρχεται
2120 2607 2386 2676 ἠμάτιος·
2409 2608 2619 2662 πλεῖον
2642 2609 2711 2664 δέ
2738 2607 2804 2665 is
2824 2607 3329 2685 νυκτόςῖέπαιιρεῖ.

1980 2781 1994 2794 .
2074 2781 2088 2794 .
2167 2782 2182 2795 .
2260 2783 2275 2797 .
2354 2741 2798 2803 Namtuncsolis
2829 2750 2986 2804 stella

1840 2807 2073 2884 {fautum
2098 2828 2259 2884 supra
2282 2825 2437 2881 caput
2460 2816 2571 2884 [ato
2593 2817 2938 2873 obuoxiorum
2959 2821 3227 2876 hominum

1849 2880 1998 2935 Venit
2033 2883 2265 2936 interdiu
2295 2902 2315 2939 :
2343 2880 2469 2954 plus
2489 2896 2664 2940 autem
2692 2888 2754 2944 de
2784 2900 2931 2945 nocte
2965 2891 3178 2948 obtinet.

1908 3013 2238 3088 Interpretes
2268 3033 2460 3075 omnes
2491 3018 2546 3073 in
2585 3019 2639 3074 id
2687 3024 3057 3091 consentiunt,
3085 3025 3285 3082 Sirium
3315 3029 3405 3085 hic

162 3096 304 3148 tium
344 3101 453 3149 est.
478 3095 656 3164 Atque
691 3102 749 3149 ut
801 3107 1151 3166 apparentem
1193 3113 1448 3154 occasum
1479 3098 1734 3173 Vergilia-

1840 3122 1962 3163 esse
2012 3108 2204 3174 solem,
2237 3108 2328 3164 διὰ
2358 3110 2420 3164 τὸ
2464 3113 2743 3183 σειριάειν,
2798 3116 2946 3186 quod
2996 3126 3080 3173 est
3121 3118 3402 3191 λάμπεινε

160 3199 283 3238 rum
325 3198 443 3238 non
474 3198 662 3239 verum
700 3185 1076 3253 adhibeamus,
1099 3187 1245 3243 haud
1275 3190 1505 3245 multum
1534 3191 1602 3246 de
1630 3193 1735 3247 hoc

160 3276 395 3331 hiberno
442 3275 729 3331 intervallo
775 3276 1081 3334 detractum
1124 3278 1311 3335 fuerit.
1357 3280 1518 3337 Tales
1569 3283 1737 3353 igitur

161 3366 293 3420 anni
336 3364 639 3422 divisiones
665 3368 837 3439 magis
868 3368 935 3424 ad
973 3385 1220 3434 sensum,
1257 3380 1310 3425 ct
1333 3372 1477 3427 aeris
1503 3374 1736 3442 emtique

159 3455 599 3522 vicissitudines,
669 3475 834 3530 quam
896 3460 963 3514 ad
1011 3462 1417 3532 proportionem
1455 3466 1736 3536 aequalita-

162 3557 387 3619 temque
442 3549 683 3619 partium
741 3552 1007 3607 institutae
1058 3562 1210 3610 sunt.
1254 3553 1513 3621 Quod-ut
1547 3557 1601 3611 in
1627 3574 1737 3613 uno

163 3638 535 3711 Vergiliarum
590 3642 770 3698 sidere
832 3645 905 3699 ita
946 3661 1070 3701 esse
1125 3655 1492 3705 monstremus
1530 3667 1544 3703 :
1584 3660 1737 3706 ortus

162 3744 353 3783 earum
380 3730 624 3787 heliacus
663 3730 893 3789 Metonis
923 3750 1038 3791 κιο
1057 3736 1112 3790 in
1142 3736 1307 3792 Tauri
1339 3739 1565 3808 gradum
1596 3740 1737 3794 inci-

162 3818 329 3874 debat
354 3818 452 3886 I9;
482 3835 714 3878 occasus
746 3821 800 3876 in
822 3822 997 3880 Librae
1023 3826 1093 3881 28
1127 3846 1140 3882 :
1184 3828 1527 3885 intervallum
1551 3834 1738 3902 signo-

167 3926 287 3964 rum
312 3927 366 3975 v,
413 3911 678 3981 graduum
704 3913 737 3967 9
760 3930 775 3980 ;
799 3915 869 3970 ab
890 3931 1090 3972 occasu
1134 3919 1202 3973 ad
1230 3929 1432 3987 ortum,
1456 3924 1734 3994 signorum

166 4018 243 4069 vi,
274 4003 547 4074 graduum
593 4003 682 4059 2i.
708 4003 862 4071 Quod
889 4008 935 4061 si
974 4008 1090 4065 dies
1124 4011 1437 4082 interjectos
1466 4017 1739 4072 aestimare

166 4093 426 4159 velimus,
449 4109 572 4148 cum
607 4095 834 4153 Metonis
850 4103 1091 4169 tempore
1111 4116 1274 4158 verus
1297 4105 1428 4159 solis
1458 4104 1739 4176 ingressus

168 4183 226 4240 in
280 4183 526 4240 Taurum
564 4187 794 4246 Athenis
850 4193 1137 4263 contigerit
1182 4194 1387 4264 Aprilis
1446 4194 1533 4252 die
1582 4198 1777 4263 xxvr,’

169 4276 309 4332 hora
338 4277 433 4343 I7,
459 4278 542 4333 57'
566 4297 578 4332 :
605 4280 663 4334 in
700 4280 920 4338 Libram
951 4292 1130 4340 autem
1164 4301 1293 4341 vero
1316 4295 1470 4342 motu
1509 4290 1740 4345 subierit

172 4364 518 4438 Septembris
567 4385 763 4439 xxvm,
818 4374 949 4428 hora
991 4375 1082 4441 20,
1124 4375 1247 4444 10';
1296 4378 1538 4435 heliacus
1573 4397 1739 4450 porro

1843 3215 2021 3270 neque
2078 3201 2237 3256 aliter
2274 3206 2378 3257 hoc
2420 3203 2540 3258 loco
2586 3206 2931 3277 interpretari
2977 3211 3176 3280 possis,
3214 3219 3405 3268 contra

1841 3306 2004 3361 quam
2032 3292 2115 3346 vir
2159 3291 2352 3347 doctus
2394 3294 2743 3352 existimavit.
2791 3298 2908 3353 Non
2940 3301 3083 3359 enim
3110 3305 3406 3372 parallelos

1842 3396 2002 3450 quem
2029 3381 2291 3437 Canicula
2315 3384 2598 3452 describit,
2626 3387 2911 3459 inzequalia
2933 3404 3212 3463 segmenta
3240 3411 3408 3468 supra

1844 3481 2044 3527 terram
2072 3475 2256 3541 habet,
2295 3476 2546 3549 infraque
2599 3480 2835 3539 diversis
2873 3484 2930 3539 in
2961 3487 3091 3541 anni
3115 3496 3408 3560 tempesta-

1843 3568 1991 3622 tibus
2024 3568 2199 3639 :quod
2216 3570 2285 3625 de
2305 3568 2448 3625 Sirio
2462 3579 2620 3641 poeta
2641 3574 2809 3631 canit.
2829 3575 3154 3649 Hesychius,
3178 3582 3405 3655 Σείριος,

1841 3659 1871 3710 ὁ
1894 3657 2062 3728 ἥλιος,
2096 3660 2192 3714 καὶ
2217 3661 2245 3714 ὁ
2267 3658 2362 3714 τοῦ
2396 3661 2573 3728 Κυνὸς
2605 3665 2799 3739 ἀστήρ.
2825 3667 2970 3723 Idem
2992 3668 3060 3724 ab
3080 3670 3409 3729 Archilocho

1843 3763 1941 3819 pro
1972 3750 2087 3805 sole
2121 3768 2135 3805 :
2158 3751 2225 3806 ab
2245 3752 2405 3824 Ibyco
2432 3770 2529 3825 pro
2549 3757 2713 3814 astris
2736 3761 2991 3818 omnibus
3015 3766 3269 3834 usurpari
3312 3766 3412 3821 do-

1844 3848 1948 3893 cct.
1981 3838 2139 3896 Hunc
2179 3841 2422 3914 Egyptii
2471 3845 2665 3902 Sothin
2728 3853 3069 3922 appellavere
3119 3855 3216 3911 (ait
3264 3857 3409 3915 Orus

1843 3928 2037 4000 Apollo
2068 3933 2162 3987 lib.
2197 3932 2240 3998 I,
2270 3950 2391 4005 cap.
2422 3934 2511 4008 III)
2535 3940 2622 3993 cui
2652 3950 2707 3995 et
2740 3942 3103 4013 principatum
3135 3958 3409 4005 astrorum

1843 4021 2187 4079 tribuet-unt:
2208 4032 2263 4080 et
2287 4042 2355 4081 ex
2385 4028 2505 4097 ejus
2525 4038 2646 4085 ortu
2673 4030 2739 4086 de
2756 4036 2893 4088 anni
2924 4035 3093 4090 totius
3109 4044 3257 4092 statu
3280 4054 3413 4095 con-

1843 4111 2110 4184 jecturam
2170 4131 2364 4186 capere
2417 4121 2684 4177 solebant.
2733 4122 2868 4178 Nam
2905 4143 2924 4177 ‹
2963 4126 3128 4197 hujus
3186 4130 3411 4187 effectus

1847 4206 2168 4277 amplissimi
2221 4209 2277 4264 in
2306 4218 2452 4265 terra
2501 4214 2836 4279 sentiuntur,
2877 4237 2897 4269 ι
2925 4228 2984 4272 ιιι
3023 4220 3266 4291 loquitur
3296 4224 3408 4279 Pli-

1846 4298 1972 4352 nius
2001 4298 2118 4369 (lib.
2148 4296 2213 4364 II,
2241 4315 2363 4370 cap.
2398 4299 2512 4372 XL)
2539 4320 2555 4370 ;
2585 4305 2857 4377 pracipue
2894 4325 3045 4374 vero,
3073 4313 3220 4382 quod
3262 4315 3411 4371 illius

1847 4398 2040 4444 exortu
2068 4391 2202 4448 solis
2231 4406 2462 4461 vapores
2510 4397 2733 4452 accendi
2774 4408 3054 4468 putantur.
3084 4421 3105 4455 ι
3152 4404 3412 4462 Sentiunt

166 4456 411 4514 Pleiadis
433 4470 591 4518 ortus
619 4463 674 4518 in
698 4462 825 4519 Maii
855 4482 922 4521 xv
959 4467 1136 4536 diem;
1172 4485 1402 4526 occasus
1438 4474 1739 4530 matutinus
1763 4487 1817 4549 ι)
1844 4483 1898 4539 id
1924 4482 2116 4547 maria,
2160 4491 2214 4538 et
2259 4491 2438 4551 terrae,
2482 4506 2501 4539 ι
2531 4496 2592 4542 ut
2616 4489 2757 4544 idem
2774 4456 2982 4561 inquit,
3010 4511 3029 4546 ι
3072 4496 3255 4552 multa:
3281 4514 3413 4554 vero

166 4552 229 4606 in
291 4551 548 4610 Octobris
605 4571 733 4611 xxvi
794 4558 1054 4615 ceciderit
1113 4580 1126 4615 :
1181 4562 1528 4619 intervallum
1601 4566 1746 4623 inter

169 4653 494 4717 utrumque,
545 4647 760 4704 dierum
802 4660 889 4706 est
946 4667 1100 4709 cuv.
1133 4653 1292 4722 Quod
1330 4658 1485 4714 abest
1518 4660 1586 4715 ab
1617 4662 1747 4716 anni

168 4738 425 4805 dimidio,
456 4739 561 4795 hoc
619 4751 703 4796 est
733 4743 927 4800 diebus
955 4759 1195 4812 CLxxxu,
1237 4748 1388 4805 horis
1434 4751 1523 4817 18,
1552 4753 1745 4811 diebus

167 4829 286 4886 fere
316 4848 450 4887 xvn.

242 4922 337 4978 Sic
385 4923 605 4980 Hesiodi
633 4933 875 4996 tempore
904 4943 1048 4984 anno
1071 4932 1278 5001 periodi
1321 4934 1550 4992 Julianae
1583 4939 1743 5007 57M,

164 5017 437 5086 quoniam
495 5017 880 5088 aequinoctium
948 5037 1173 5076 vernum
1235 5028 1463 5099 ἀκριϐὲς
1519 5032 1747 5103 contigit

168 5105 360 5161 Martii
418 5123 572 5175 xxxi,
610 5109 747 5164 hora
776 5111 830 5175 1,
874 5111 957 5167 24⁹
1001 5114 1233 5172 Athenis
1264 5134 1277 5170 :
1304 5120 1585 5190 ingressus
1614 5124 1744 5178 item

166 5197 227 5253 iu
274 5195 521 5253 Taurum
577 5214 741 5257 verus
779 5200 904 5256 Maii
942 5219 981 5268 ι,
1007 5205 1141 5261 hora
1169 5206 1224 5271 4,
1270 5209 1371 5265 18’.
1404 5209 1538 5266 item
1570 5213 1743 5282 aequi-

165 5291 420 5346 noctium
444 5293 760 5348 autumnale
786 5292 1040 5353 Octobris
1064 5314 1127 5364 ιι,
1170 5300 1305 5356 hora
1340 5303 1541 5375 17,53!
1575 5306 1745 5362 Athe-

165 5384 295 5453 nis;
329 5384 677 5441 intervallum
729 5388 872 5445 inter
900 5389 1026 5446 Maii
1060 5408 1096 5447 ι
1134 5393 1301 5459 diem,
1338 5395 1393 5451 in
1429 5414 1590 5469 quem
1620 5414 1745 5471 gra-

164 5476 277 5533 dus
296 5474 463 5531 Tauri
490 5477 576 5543 II,
594 5488 646 5533 et
667 5479 910 5536 heliacus
931 5491 1085 5540 ortus
1106 5484 1465 5558 Vergiliarum
1492 5492 1741 5555 cadebat,

164 5574 225 5620 et
265 5582 338 5621 xx
367 5565 645 5631 Octobris,
672 5569 762 5623 cui
790 5570 992 5640 gradus
1008 5572 1179 5631 Librae
1206 5576 1293 5641 19,
1324 5587 1486 5649 atque
1510 5596 1742 5637 occasus

163 5658 488 5715 earumdem
510 5661 754 5718 beliacus
781 5668 1159 5737 competebat;
1191 5669 1399 5725 dierum
1430 5681 1514 5729 est
1550 5689 1735 5730 cum.

162 5752 325 5819 Quod
348 5753 509 5825 longe
530 5754 684 5811 abest
706 5755 775 5810 ab
790 5759 918 5813 anni
941 5760 1186 5825 dimidio,
1206 5777 1398 5835 nempe
1428 5766 1620 5823 diebus
1649 5786 1737 5827 xx.

611 5853 879 5917 ΡΑτιιοι..
922 5857 1038 5919 Gn.
1086 5857 1259 5923 XIX.

1846 4582 1900 4631 et
1922 4574 2070 4631 ferae.
2091 4574 2276 4647 Neque
2304 4586 2388 4631 est
2411 4580 2590 4635 minor
2612 4581 2662 4637 ei
2687 4586 2983 4650 veneratio,
3010 4603 3173 4658 quam
3203 4589 3414 4647 descri-

1848 4671 1957 4740 ptis
1982 4671 2037 4725 in
2074 4670 2207 4727 deos
2252 4671 2443 4728 stellis.
2481 4694 2500 4728 ι
2535 4674 2604 4729 At
2634 4673 2895 4732 Geminus
2935 4693 3055 4748 cap.
3095 4676 3213 4734 XIV
3248 4681 3412 4753 longa

1846 4770 1900 4818 et
1950 4762 2167 4818 erudita
2232 4764 2603 4833 disputatione
2676 4769 2950 4839 vulgarem
3007 4769 3153 4825 hunc
3211 4773 3413 4828 refellit

1846 4868 2121 4923 errorem,
2177 4863 2303 4910 ortu
2347 4857 2544 4912 sideris
2582 4859 2767 4923 ullius,
2823 4868 2916 4914 aut
2967 4877 3165 4916 occasu
3211 4867 3413 4920 mutari

1846 4954 2057 5003 natura:
2107 4954 2308 5002 statum
2346 4948 2709 5018 opinantium.
2757 4949 2875 5006 Non
2923 4954 3066 5008 enim
3122 4956 3330 5025 majore
3360 4957 3412 5013 vi

1846 5038 1972 5095 aliis
2001 5039 2120 5094 aliae
2147 5039 2388 5108 praedita;
2422 5050 2551 5095 sunt
2600 5043 2770 5099 Stellze
2798 5066 2810 5100 :
2842 5060 2944 5101 nec
2971 5055 3182 5111 exortu,
3211 5049 3292 5104 vel
3314 5064 3413 5105 oc-

1847 5144 1981 5185 casu
2019 5145 2120 5186 suo
2149 5137 2503 5202 tempestates
2550 5135 2690 5191 ullas
2715 5136 2954 5193 excitare
2983 5140 3235 5208 putandae
3262 5150 3410 5199 sunt.

1850 5217 1956 5275 Sed
1986 5236 2154 5292 penes
2187 5222 2357 5277 solem
2384 5238 2550 5280 causa
2568 5234 2652 5281 est
2678 5227 3118 5284 vicissitudinum
3144 5234 3410 5287 istarum:

1846 5328 2078 5383 quarum
2102 5314 2156 5369 in
2190 5322 2434 5386 tempora
2466 5332 2591 5372 cum
2616 5319 2911 5390 insignium
2944 5324 3304 5393 quorumdam
3334 5325 3414 5379 si-

1847 5404 2038 5460 derum
2056 5414 2302 5472 exortus,
2327 5409 2408 5465 vel
2436 5424 2668 5467 occasus
2695 5412 3071 5481 incurrerent,
3108 5417 3222 5471 lizec
3267 5417 3414 5471 velut

1846 5495 2022 5567 signa,
2056 5497 2165 5554 illis
2207 5499 2466 5557 nctandis
2504 5516 2569 5556 ac
2601 5501 2955 5574 designandis
3007 5506 3249 5562 adhiberi
3296 5508 3413 5577 pla-

1846 5591 1979 5643 cuit.
2010 5590 2188 5663 Atque
2223 5592 2327 5649 hoc
2345 5592 2408 5647 in
2432 5601 2557 5649 ortu
2581 5594 2856 5652 Caniculae
2883 5606 3185 5669 prasertun
3215 5600 3415 5657 astruit

1846 5679 2129 5745 Geminus,
2147 5683 2239 5753 qui
2268 5700 2393 5739 cum
2424 5686 2479 5740 in
2501 5701 2620 5740 eam
2649 5690 2777 5743 anni
2802 5697 3173 5761 tempestatem
3195 5690 3412 5745 incum-

1847 5772 2019 5839 beret,
2071 5774 2126 5830 in
2171 5790 2295 5851 qua‘
2331 5777 2703 5836 vehementior
2740 5793 2904 5838 aemus
2940 5782 3195 5845 exsistit,
3247 5781 3414 5853 hujus

3101 5878 3177 5941 Ut
