3808 6350
416 317 549 376 15-ίῖ

1389 313 1480 366 AD
1518 275 1782 366 EL'SECII
1822 309 2216 365 CIIRONICON
2264 310 2631 367 APPENDIX.

3519 318 3541 370 ί
3551 317 3636 369 338

414 447 649 502 primum
679 431 1020 504 signiﬁcandi
1049 447 1246 487 munus
1269 474 1283 492 ,
1323 442 1445 501 post
1470 431 1734 484 elliciendi
1764 444 1982 499 quoque
2010 435 2058 488 Α
2086 427 2296 482 heliaco
2330 431 2398 482 ad
2430 430 2729 483 cosmicum
2765 440 2945 482 ortum
2981 427 3280 484 transitum
3322 413 3475 486 fecit.
3500 433 3637 484 Anno

418 525 529 574 vim
586 537 916 592 caisamque
946 521 1221 591 pepularis
1249 522 1326 574 illi
1350 535 1655 574 consensus
1703 520 1974 574 attribuit.

412 614 494 667 Ad
521 612 574 667 id
603 630 729 668 vero
753 613 1087 683 probandum
1117 629 1240 666 cum
1273 614 1377 666 alia
1411 613 1629 666 adhibet
1659 622 1977 681 argumenta

411 707 589 760 media
617 721 681 760 ex
711 703 1052 774 phil050phia
1090 705 1432 775 deprompta,
1479 715 1590 757 tum
1639 704 1743 758 hoc
1783 719 1974 767 unum,

409 797 556 866 quod
604 804 658 850 et
716 810 879 848 sensu
932 795 1050 866 ipso
1073 795 1437 858 discernitur,
1474 803 1528 848 et
1566 795 1632 848 ad
1667 795 1975 848 institutum

409 898 656 940 nostrum
690 885 845 938 valde
890 886 1147 956 pertinet.
1203 884 1336 939 Nam
1382 887 1427 940 si
1469 886 1670 941 orienti
1704 884 1974 939 Caniculae

408 977 804 1029 incrementum
857 975 987 1029 illud
1043 975 1278 1036 ardoris,
1340 985 1599 1045 tanquam
1652 973 1975 1037 causaa,tri-

407 1068 679 1120 bucndum
722 1066 1051 1132 foret;'tum
1103 1067 1155 1122 id
1198 1067 1335 1122 eﬁici
1393 1069 1630 1122 maxime
1671 1075 1970 1137 oporteret,

405 1159 624 1229 quando
654 1174 778 1213 cum
815 1161 929 1215 sole
955 1159 1247 1228 conjuncta
1275 1166 1456 1214 ortum
1487 1177 1611 1215 cum
1653 1161 1772 1231 ipso
1805 1159 1969 1226 facit;

405 1265 568 1318 quam
603 1249 864 1318 ἀνατολὴν
902 1250 1117 1318 proprie
1178 1250 1363 1303 vocari
1405 1266 1569 1319 supra
1608 1250 1866 1304 diximus.
1904 1252 1973 1304 At

404 1354 493 1394 res
546 1355 706 1394 secus
737 1356 796 1395 se
849 1341 1029 1395 habet.
1056 1340 1173 1394 Non
1202 1342 1345 1394 enim
1395 1342 1449 1394 in
1493 1350 1615 1395 ortu
1655 1342 1771 1404 illo,
1809 1359 1970 1411 quem

402 1446 505 1485 nos
560 1431 823 1500 κοσμικὸν
881 1433 1154 1501 appellare
1181 1432 1461 1486 solemus:
1493 1432 1586 1486 sed
1628 1433 1683 1486 in
1734 1432 1967 1494 heliaco,

403 1526 517 1578 sive
572 1522 793 1593 ἐπιτολῇ
835 1524 1129 1578 vehemens
1150 1524 1298 1578 calor
1324 1523 1576 1587 eﬁicitur;
1627 1540 1728 1577 nec
1777 1523 1966 1577 eodem

402 1615 604 1683 ubique
657 1623 936 1684 tempore;
993 1616 1088 1670 sed
1132 1616 1261 1670 alibi
1307 1617 1502 1679 citius,
1543 1616 1670 1668 alibi
1716 1615 1965 1669 tardius:

400 1722 586 1780 pro-eo
609 1722 671 1764 ac
691 1706 984 1773 maturius,
1007 1715 1100 1761 aut
1135 1708 1310 1763 serius
1351 1709 1481 1762 ευιιε
1507 1709 1772 1777 explicata
1799 1708 1967 1762 radiis

2086 518 2262 588 primo
2283 517 2523 584 Juliano,
2558 529 2713 576 ortus
2744 521 3016 574 cosmicus
3049 519 3181 574 Sirii
3212 519 3402 574 Roma
3431 523 3639 590 contigit

2085 611 2141 664 in
2168 610 2338 680 gradu
2367 609 2568 665 Cancri
2612 612 2702 675 22,
2729 612 2814 666 48'
2842 630 2858 678 ;
2887 610 3017 666 Julii
3047 613 3274 666 circiter
3311 628 3434 676 xvi;
3486 611 3636 665 helia-

2084 720 2182 758 cus
2212 705 2266 757 in
2293 705 2464 774 gradu
2495 703 2695 759 Leonis
2727 705 2777 766 7,
2817 705 2898 758 45'
2924 724 2939 771 ;
2974 705 3209 775 Augusti
3254 704 3371 760 fere
3396 704 3637 760 secundo.

2081 799 2243 851 Anno
2289 797 2510 851 labente
2550 812 2764 850 uocxxx
2797 796 3023 861 Christi,
3078 806 3237 851 ortus
3291 799 3564 851 cosmicus
3593 795 3637 849 in

2081 887 2308 956 gradum
2356 885 2555 940 Leonis
2593 886 2644 950 7,
2680 887 2784 953 16';
2825 885 3084 941 Heliacus
3130 887 3185 940 iu
3221 885 3426 941 Leonis
3453 885 3539 950 20,
3572 886 3640 939 ὅθί

2085 976 2338 1037 incurrit,
2381 975 2613 1044 Augusti
2649 976 2870 1030 circiter
2895 977 2982 1032 12.
3031 975 3222 1046 Itaque
3252 976 3636 1030 canicularium

2080 1066 2290 1122 dierum
2322 1067 2539 1120 initium
2571 1067 2640 1120 ab
2668 1075 2793 1120 ortu
2833 1067 3047 1122 heliaco
3077 1067 3311 1122 descivit
3350 1106 3366 1129 ,
3418 1082 3481 1120 ac
3511 1081 3637 1120 scm-

2080 1175 2175 1229 per
2202 1160 2417 1229 longius
2439 1159 2634 1215 deinde
2663 1162 2894 1216 recedet.
2932 1159 3086 1215 lianc
3117 1162 3471 1231 μετάπτωσιν
3505 1159 3640 1214 orbis

2080 1251 2278 1304 srellati
2328 1251 2508 1320 prisca
2539 1258 2670 1306 actas
2696 1251 2978 1320 ignorabat
3011 1271 3025 1304 :
3060 1250 3296 1321 ideoque
3339 1251 3644 1321 designatos

2078 1343 2242 1397 semel
2286 1358 2315 1394 a
2350 1344 2650 1410 majoribus
2682 1345 2798 1400 suis
2835 1355 2988 1398 ortus
3020 1360 3371 1414 occasusque
3397 1353 3644 1397 constan—

2077 1443 2160 1489 ter
2188 1436 2481 1502 tenebant;
2513 1453 2577 1490 ac
2611 1449 2724 1490 tum
2771 1436 3011 1519 heliacos
3042 1453 3167 1491 cum
3202 1436 3479 1498 ,cosmicis
3527 1451 3639 1505 pro-

2075 1529 2284 1582 miscue
2333 1528 2641 1594 habebant,
2687 1538 2802 1584 tum
2846 1531 2939 1600 qui
2991 1539 3276 1584 certorum
3316 1537 3477 1583 erant
3507 1528 3643 1582 laco-

2076 1634 2195 1670 rum
2226 1619 2454 1688 pr0prii,
2488 1620 2638 1672 nullo
2669 1619 2982 1674 discrimine
3031 1621 3098 1674 ad
3156 1621 3297 1674 alios
3341 1634 3642 1673 accommo-

2075 1705 2299 1760 dabant.
2330 1708 2411 1761 Ad
2441 1708 2556 1762 hzec
2583 1707 2693 1762 fere
2731 1711 2906 1778 capita
2932 1711 3171 1764 varietas
3203 1711 3388 1762 omnis
3439 1710 3530 1762 illa
3563 1724 3640 1763 reo

401 1802 663 1858 Canicula
695 1800 998 1872 consurgit.
1031 1798 1102 1854 Ut
1155 1801 1211 1854 in
1255 1799 1446 1853 Rhodo
1499 1809 1621 1868 post
1654 1801 1891 1854 tricenos
1938 1814 1968 1852 a
2003 1793 2042 1844 Β
2072 1796 2213 1850 ferre
2247 1807 2448 1867 potest,
2487 1815 2607 1868 qua:
2637 1799 2779 1868 apud
2810 1805 3066 1870 antiquos
3115 1801 3422 1870 Scriptores
3452 1800 3553 1852 hoc
3591 1801 3640 1853 in

401 1898 638 1952 solstitio
654 1897 771 1951 dies
791 1897 1002 1960 oritur;
1029 1893 1152 1947 aliis
1185 1893 1240 1947 in
1271 1893 1407 1946 locis
1431 1900 1553 1960 post
1582 1891 1963 1960 quadraginta.

401 1992 528 2044 alibi
569 1997 692 2060 post
745 1987 1161 2058 quinquaginta.
1219 1985 1294 2038 Ex
1337 2001 1446 2054 quo
1496 1990 1962 2053 parapegniatum,

400 2080 601 2158 inquit,
627 2080 843 2133 vacillat
872 2078 1041 2133 ﬁdes:
1076 2092 1307 2146 quorum
1356 2085 1609 2130 auctores
1653 2076 1705 2128 in
1733 2090 1967 2144 pronun-

400 2157 605 2227 tiandi's
649 2187 716 2225 ex
765 2179 888 2225 ortu
923 2170 1161 2226 siderum
1195 2177 1248 2222 et
1281 2182 1480 2222 occasu
1526 2167 1967 2236 tempestatibus,

399 2274 540 2330 quas
581 2260 949 2331 ὲπςσημασιας
1003 2266 1218 2320 vocant,
1272 2273 1382 2311 non
1434 2266 1551 2311 arte
1604 2274 1668 2310 ac
1711 2255 1965 2311 niethodo

400 2359 572 2414 certa,
604 2351 696 2406 sed
730 2352 1111 2406 observatione
1135 2365 1198 2404 ac
1245 2349 1548 2419 longissimi
1579 2349 1838 2418 temporis
1870 2364 1966 2403 ex-

398 2443 661 2512 perientia
685 2443 953 2497 nituntur.
987 2441 1139 2496 Ilanc
1167 2439 1378 2496 Gemini
1428 2441 1694 2495 rationem
1729 2441 1962 2508 primum

399 2533 636 2589 nominis
670 2534 841 2604 ipsius
871 2535 1078 2588 notatio
1109 2533 1412 2588 conﬁrmat.
1447 2532 1655 2602 Quippe
1680 2531 1785 2584 vim
1819 2532 1960 2584 illam

396 2634 782 2697 tempestatum
813 2626 1179 2698 impultricem
1219 2633 1380 2694 atque
1413 2625 1562 2694 ipsos
1599 2623 1962 2678 mutationum

395 2717 620 2774 effectus
639 2717 813 2773 Graeci
840 2717 938 2782 τὰς
989 2717 1378 2788 ἐπισημασίας,
1411 2715 1592 2769 Latini
1628 2735 1646 2767 ι
1686 2713 1963 2784 signiﬁca-

395 2807 574 2863 tiones
621 2827 641 2860 ι
688 2808 994 2873 nominant;
1051 2816 1112 2861 ut
1150 2809 1252 2860 boc
1295 2806 1629 2877 intelligatur
1677 2803 1731 2858 in
1788 2804 1962 2859 stellis

383 2893 608 2953 illarum
651 2898 852 2953 indicia
879 2914 990 2953 non
1037 2915 1235 2954 causas
1276 2899 1431 2953 initio
1453 2899 1784 2952 constitutas
1817 2911 1959 2950 esse.

393 2989 532 3044 Tum
556 2991 734 3045 octavi
754 2991 924 3055 orbis,
954 2999 1007 3044 et
1040 2991 1353 3044 hmrentium
1394 2989 1450 3043 in
1477 3004 1542 3044 eo
1571 2989 1809 3043 siderum
1835 3002 1962 3058 pro-

394 3083 606 3154 gressio
656 3095 873 3138 omnem
930 3098 993 3136 ex
1021 3082 1304 3136 doctorum
1329 3082 1527 3134 animis
1563 3079 1954 3133 dubitationem

395 3175 638 3228 sustulit.
666 3172 799 3226 Nam
853 3187 972 3243 qum
1010 3174 1191 3226 sidera
1220 3173 1383 3226 certis
1413 3181 1571 3224 antea
1613 3170 1737 3224 coeli
1768 3172 1959 3224 statio-

395 3264 556 3320 nibus
584 3279 647 3318 ac
671 3263 1007 3333 temporibus
1033 3262 1187 3316 allixa
1208 3261 1589 3326 credebantur,
1611 3276 1673 3315 ea
1703 3262 1961 3331 paulatim

385 3354 571 3409 locum
623 3355 885 3409 mutando
913 3355 1070 3408 ﬁdem
1098 3353 1429 3416 fefellerunt,
1463 3369 1564 3407 nec
1593 3354 1648 3406 in
1679 3369 1773 3408 eas
1800 3353 1961 3407 hodie

387 3452 740 3514 tempestates
782 3444 1048 3509 incidunt,
1089 3445 1290 3514 quibus
1327 3444 1410 3498 vel
1452 3443 1844 3516 signiﬁcandis,
1876 3444 1960 3498 vel

381 3536 794 3592 commovendis
829 3537 1106 3591 attributae
1129 3537 1474 3594 videbantur.

459 3627 774 3683 Caniculam
791 3637 914 3683 ortu
944 3644 1045 3683 suo
1060 3629 1278 3683 :estivos
1307 3629 1518 3683 calores
1545 3627 1827 3682 intendere
1849 3642 1960 3680 non

385 3721 568 3775 ‘solum
590 3720 800 3788 antiqui
835 3735 1154 3789 persuasum
1187 3719 1482 3779 habebant,
1517 3719 1611 3774 sed
1649 3720 1958 3772 mortalium

384 3811 554 3865 hodie
585 3811 830 3869 omnium
879 3825 1004 3874 usu,
1047 3817 1101 3863 et
1147 3811 1422 3864 communi
1460 3825 1710 3864 sermone
1742 3825 1960 3880 percre-

391 3904 531 3958 bui‘t.
555 3901 693 3955 Cum
740 3909 921 3955 autem
965 3901 1164 3973 duplex
1194 3904 1265 3954 sit
1307 3911 1462 3958 ortus
1493 3900 1755 3967 siderum,
1789 3918 1959 3972 appa-

390 4009 543 4060 rens,
577 3993 694 4048 sive
745 3991 1032 4060 beliacus;
1069 4001 1122 4047 et
1144 4007 1328 4054 verus,
1359 3993 1451 4064 qui
1493 4000 1547 4047 et
1578 3992 1850 4048 cosmicus
1877 3992 1960 4047 di-

389 4085 578 4140 citur:
616 4091 767 4139 tanta
816 4084 909 4138 illa
963 4085 1047 4140 vis
1068 4091 1236 4140 aestus
1278 4085 1531 4157 augendi,
1557 4099 1620 4140 ac
1639 4096 1956 4140 caeterorum

388 4174 818 4240 elﬁciendorum,
849 4175 1080 4240 heliaco,
1102 4191 1213 4230 non
1240 4177 1482 4231 cosmico
1508 4176 1782 4247 quondam
1811 4175 1956 4230 ortui

386 4269 642 4338 imputari
682 4267 916 4332 solebat,
966 4275 1026 4322 ut
1045 4284 1110 4322 ex
1150 4267 1377 4323 Gemino
1405 4269 1568 4338 paulo
1607 4275 1732 4323 ante
1755 4267 1959 4323 refere-

386 4361 584 4416 bamus
611 4376 624 4412 :
655 4360 799 4431 quod
829 4368 882 4414 et
907 4363 1204 4429 scriptores
1233 4360 1326 4414 alii
1353 4374 1456 4414 nos
1489 4359 1719 4426 docent;
1755 4359 1848 4429 qui
1888 4371 1955 4412 ex

2074 1891 2292 1959 negotio
2327 1891 2560 1961 insignis
2586 1894 2847 1946 occurrit.

2141 1981 2331 2037 Ortum
2365 1983 2490 2037 Sirii
2511 1986 2756 2054 plerique
2789 1984 2843 2038 in
2871 1983 2925 2038 id
2956 1991 3300 2038 momentum
3337 1983 3636 2045 conferunt,

2067 2088 2176 2142 quo
2215 2073 2297 2128 sol
2332 2072 2568 2128 Leonem
2615 2075 2939 2144 ingreditur.
2983 2074 3256 2139 Quoniam
3293 2089 3431 2128 vero
3467 2075 3636 2128 solsti-

2068 2165 2140 2216 tia
2155 2173 2208 2219 et
2226 2165 2551 2234 aequinoctia
2578 2165 2632 2219 in
2655 2167 2862 2221 octavis
2882 2168 3146 2220 committi
3163 2167 3456 2237 signorum
3481 2165 3635 2235 parti-

2067 2256 2168 2310 bus
2220 2257 2462 2326 vulgaris
2492 2265 2609 2311 erat
2651 2260 2857 2329 opinio,
2898 2259 3028 2312 hinc
3061 2258 3289 2313 totidem
3327 2269 3458 2313 ante
3486 2273 3630 2312 veros

2068 2348 2350 2418 ingressus
2390 2348 2585 2403 diebus
2634 2351 2787 2404 initia
2855 2350 3433 2404 dodecatemoriorum
3492 2358 3633 2403 ante-

2065 2448 2365 2494 verterunt.
2401 2439 2709 2494 Solstitium
2742 2440 2872 2494 Julii
2905 2440 3141 2497 Caesaris
3169 2440 3324 2496 Junii
3357 2449 3552 2512 quarto
3582 2451 3629 2494 et

2066 2531 2328 2585 vicesimo
2348 2531 2436 2587 die
2462 2531 2697 2586 deﬁxum
2731 2542 2866 2587 erat.
2892 2531 3061 2603 Igitur
3084 2549 3154 2586 xv
3186 2531 3466 2588 Kalendas
3493 2530 3628 2593 Julii,

2065 2626 2178 2678 sive
2206 2623 2353 2679 Junii
2396 2640 2530 2689 xvu,
2564 2626 2616 2678 in
2647 2625 2918 2679 Cancrum
2953 2625 3034 2679 sol
3079 2625 3296 2695 ingredi
3332 2626 3625 2695 putabatur.

2066 2717 2120 2770 In
2148 2716 2383 2772 Leonem
2421 2734 2549 2772 vero
2578 2726 2701 2789 post
2731 2734 2898 2771 unum
2930 2727 2984 2772 et
3014 2719 3241 2787 triginta
3269 2718 3413 2781 dies,
3440 2735 3506 2771 xv
3535 2715 3629 2769 Iiao

2066 2808 2254 2863 lendas
2311 2807 2564 2877 Augusti.
2631 2807 2842 2862 Plinius
2891 2808 3032 2862 libro
3076 2808 3140 2874 II,
3198 2810 3384 2878 capite
3437 2805 3627 2865 XLVII.

2071 2917 2088 2946 ι
2121 2896 2522 2951 Ardentissimo
2564 2898 2771 2952 aestatis
2813 2907 3056 2967 tempore
3081 2901 3334 2954 exoritur
3370 2899 3630 2953 Caniculae

2066 2991 2241 3053 sidus,
2271 2989 2386 3043 sole
2413 2987 2643 3058 primam
2674 2997 2881 3059 partem
2908 2990 3108 3045 Leonis
3137 2992 3516 3062 ingrediente:
3545 2992 3626 3060 qui

2065 3079 2184 3132 dies
2239 3095 2307 3132 xv
2337 3086 2462 3132 ante
2501 3078 2730 3147 Augusti
2791 3077 3085 3135 Kalendas.
3122 3097 3143 3132 ι
3199 3078 3372 3134 Libro
3426 3092 3628 3150 quoque

2065 3167 2204 3220 XVII
2225 3208 2240 3231 ,
2289 3169 2465 3238 capite
2495 3165 2728 3230 XXVIII,
2761 3176 2883 3238 post
2909 3169 3202 3224 solstitium
3237 3171 3374 3225 oriri
3402 3173 3625 3226 Canicu-

2063 3259 2169 3311 lam
2205 3259 2280 3312 ait
2321 3259 2409 3313 die
2443 3275 2598 3314 xxiii.
2654 3258 2710 3313 Si
2753 3277 2848 3314 vni
2891 3260 3167 3316 Kalendas
3199 3259 3333 3314 Julii
3368 3264 3426 3315 ﬁt
3459 3261 3627 3316 solsti-

2061 3351 2220 3418 tium,
2259 3351 2536 3423 ingressus
2561 3354 2615 3406 in
2661 3353 2929 3407 Cancrum
2962 3371 3048 3408 xvi
3095 3354 3371 3411 Kalendas
3420 3355 3622 3413 accidit,

2061 3445 2153 3514 qui
2186 3451 2270 3499 est
2291 3442 2417 3498 Julii
2443 3460 2554 3498 xvu
2585 3444 2722 3499 dies.
2753 3443 2928 3498 Varro
2952 3445 3094 3499 libro
3118 3445 3159 3512 I,
3195 3449 3379 3517 capite
3402 3444 3622 3502 XXVIII.

2064 3551 2093 3587 a
2130 3517 2366 3590 solstitio
2384 3535 2450 3588 ad
2471 3543 2719 3588 exortum
2742 3534 3015 3588 Caniculae
3040 3536 3160 3591 dies
3189 3546 3446 3590 numerat
3474 3551 3624 3598 xxix;

2059 3624 2360 3679 Columella
2413 3625 2552 3679 libro
2582 3623 2673 3690 IX,
2703 3627 2880 3694 capite
2909 3615 3050 3691 XIV,
3077 3629 3197 3683 dies
3230 3643 3375 3694 xxx;
3432 3629 3540 3693 alii,
3569 3636 3624 3679 ut

2059 3716 2336 3773 Palladius
2367 3700 2506 3773 libro
2534 3718 2640 3786 VII,
2668 3720 2751 3773 tit.
2781 3718 2872 3786 IX,
2893 3720 3212 3775 Caniculam
3242 3738 3339 3776 xiv
3367 3720 3626 3777 Kalendas

2060 3811 2288 3880 Augusti
2312 3811 2446 3864 oriri
2470 3812 2727 3866 tradunt:
2753 3813 2844 3881 qui
2869 3821 2953 3866 est
2977 3828 3071 3866 xix
3103 3810 3236 3867 Julii
3267 3813 3391 3868 dies
3424 3833 3438 3868 :
3475 3829 3624 3884 quem

2058 3908 2112 3957 et
2137 3899 2459 3958 Ptolemaeus
2488 3901 2672 3957 Graece
2697 3917 2728 3956 a
2759 3902 2918 3958 nobis
2951 3903 3132 3958 editus
3177 3905 3322 3960 inter
3362 3904 3500 3960 alios
3523 3919 3623 3957 me-

2061 4002 2259 4047 morat.
2283 3990 2417 4046 Nam
2454 4002 2508 4048 et
2539 3993 2733 4063 Epiphi
2770 4009 2881 4057 xxr,
2926 3994 2978 4047 id
3008 4002 3092 4048 est
3127 3992 3259 4048 Julii
3288 4011 3382 4060 xv,
3414 4000 3468 4050 e‘t
3510 3992 3616 4063 Epi—

2061 4081 2152 4150 phi
2202 4098 2326 4146 xxv,
2366 4084 2458 4153 qui
2481 4091 2564 4138 est
2589 4082 2721 4136 Julii
2754 4099 2867 4148 xix,
2895 4091 2949 4137 et
2974 4082 3166 4154 Epiphi
3196 4101 3373 4150 xxvii,
3398 4083 3524 4139 Julii
3542 4099 3622 4138 ut

2059 4173 2212 4242 ponit
2248 4183 2426 4228 ortum
2453 4173 2728 4228 Canicula:
2754 4193 2766 4228 :
2795 4190 2904 4245 quo
2937 4175 3024 4229 die
3045 4176 3394 4232 Censorinus
3423 4191 3624 4249 quoque

2059 4262 2116 4316 in
2145 4261 2382 4335 Egypto
2423 4265 2555 4318 oriri
2584 4265 2773 4318 scribit
2795 4280 2918 4335 cap.
2954 4263 3094 4319 XXI.

2127 4355 2206 4409 Ac
2258 4357 2434 4425 major
2457 4371 2604 4428 pars,
2653 4365 2712 4410 ut
2759 4356 2897 4422 dixi,
2930 4355 3214 4421 Veterum,
3258 4358 3356 4429 qui
3387 4371 3510 4430 post
3537 4374 3622 4411 an-

387 4452 616 4507 orientis
661 4451 940 4507 Canicula:
981 4459 1270 4522 prospectu
1343 4451 1648 4505 futurorum
1695 4451 1954 4521 prasagia
1988 4458 2032 4514 ι)
2058 4446 2474 4502 numJulianum
2492 4453 2770 4506 conditum
2792 4452 3349 4520 scripserunt,ortum
3365 4451 3621 4506 Canicula:

387 4545 495 4612 peti
530 4544 688 4598 solita
708 4544 1104 4599 demonstrant.
1139 4541 1229 4597 Sic
1255 4541 1520 4598 Homerus
1550 4539 1714 4597 Iliad.
1745 4557 1800 4606 Χ,
1830 4539 1956 4595 Sirii

389 4633 708 4690 describens
736 4646 914 4690 ortum
949 4653 963 4689 :

389 4771 497 4836 ’ος
510 4771 590 4838 ῥά
618 4771 666 4823 τ’
694 4769 924 4836 ὀπώρης
951 4765 1108 4822 εἶσιν
1126 4785 1139 4798 ·
1166 4766 1429 4836 ἀρίζηλοι
1462 4768 1530 4821 δὲ
1556 4769 1807 4838 aliain-ai

388 4837 702 4894 Φιιίτὶοονται
723 4839 1003 4894 πολλοῖσι
1022 4839 1147 4907 μετ’
1163 4838 1421 4906 ἅστρασι
1448 4837 1667 4903 νυκτὸς
1690 4837 1950 4908 ἀμολγιῖι·

389 4913 501 4964 ’ον
522 4929 582 4963 τε
604 4911 731 4963 κύν’
780 4911 1056 4979 Ὠρίωνος
1081 4910 1404 4976 ἐπίκλησιν
1433 4909 1758 4979 καλέουσιν
1783 4926 1795 4939 ·

387 4982 806 5050 Λαμπρότατος
837 4977 967 5049 ἠμὲν
1003 4978 1087 5032 ὅδ’
1134 4979 1285 5043 ἐστὶ,
1345 4978 1533 5032 κακὸν
1595 4978 1662 5119 δῖ
1695 4996 1759 5102 ἓξ
1791 4977 1956 5047 σῆμα

1664 5066 1693 5101 τ
1760 5066 1951 5103 victm.

1664 5066 1951 5103 τετυκται.

464 5181 743 5236 Ileliacum
783 5192 964 5237 ortum
995 5181 1270 5250 intelligit,
1314 5196 1408 5250 qui
1447 5188 1634 5235 aestate
1667 5180 1952 5236 desinente

389 5269 466 5334 ﬁt,
497 5286 658 5340 quam
688 5272 910 5344 ὀπώραν
937 5280 1118 5333 vocat,
1150 5281 1390 5325 extrema
1439 5281 1630 5338 nocte,
1683 5281 1748 5326 'ut
1804 5282 1952 5327 recte

389 5359 709 5417 Eustathius
740 5363 983 5431 exponit.
1045 5363 1366 5431 Quanquam
1419 5363 1567 5418 Theo
1619 5362 1685 5415 ad
1726 5365 1950 5418 Aratum

388 5453 635 5522 ingentes
671 5453 794 5506 illos
839 5461 1004 5506 aestus
1054 5453 1197 5506 ortui
1237 5454 1476 5507 cosmico
1521 5453 1737 5507 videtur
1776 5457 1950 5509 ascri-

386 5543 533 5596 bere.
585 5543 749 5612 Atqui
809 5543 1051 5612 longiore
1108 5544 1362 5612 deinceps
1407 5558 1674 5597 annorum
1734 5547 1949 5601 evoluto

389 5639 585 5704 Spatia,
623 5643 910 5706 postquam
944 5636 1094 5690 sidus
1137 5635 1265 5689 illud
1301 5638 1380 5697 εἰς
1426 5635 1494 5688 τὰ
1544 5635 1782 5705 ἑπόμενα
1823 5654 1949 5707 pro-

383 5726 722 5785 gressionem
757 5725 968 5788 habuit.
999 5726 1854 5811 enimuggiaqiunis'inauil‘este
1879 5730 1946 5784 ab

2061 4537 2237 4606 primo
2253 4539 2307 4593 in
2320 4538 2555 4596 Leonem
2577 4543 2847 4613 ingressui
2864 4543 2998 4597 solis
3017 4541 3328 4612 assignant;
3354 4555 3414 4597 ut
3440 4543 3615 4604 Varro,

2059 4636 2118 4680 ut
2137 4627 2458 4696 Columella,
2477 4640 2534 4684 ut
2558 4629 2857 4696 Palladius,
2875 4637 2933 4684 ut
2951 4629 3227 4692 Manilius,
3247 4638 3306 4683 ut
3341 4631 3614 4690 Firmicus.

2058 4733 2122 4772 ac
2156 4720 2340 4775 caeteri
2381 4739 2397 4776 :
2443 4723 2538 4792 qui
2585 4723 2743 4792 quasi
2787 4737 2882 4792 per
2918 4736 3116 4776 manus
3166 4724 3434 4777 traditam
3491 4723 3613 4777 hanc

2057 4811 2369 4880 opinionem
2399 4814 2633 4883 posteris
2662 4814 3030 4870 tradiderunt.
3057 4813 3116 4866 In
3148 4830 3260 4884 quo
3306 4817 3612 4871 recentiores

2056 4906 2258 4976 quique
2299 4907 2591 4978 plurimum
2627 4909 2748 4966 falsi
2774 4917 2922 4965 sunt.
2976 4908 3112 4963 Nam
3144 4926 3327 4980 neque
3363 4909 3490 4964 Julii
3528 4922 3610 4961 εει

2056 4997 2203 5062 culo,
2259 5011 2435 5068 neque
2475 4999 2859 5065 Constantini;
2898 5015 3006 5070 quo
3039 4998 3342 5064 Firmicus,
3378 5016 3441 5053 ac
3473 4998 3608 5068 paulo

2055 5099 2195 5158 post,
2233 5100 2292 5145 ut
2333 5092 2694 5160 quorumdam
2740 5101 2821 5147 est
2849 5093 3056 5161 opinio,
3093 5091 3354 5146 Manilius
3402 5089 3604 5148 ﬂoruit;

2054 5187 2207 5235 ortus
2235 5181 2479 5235 heliacus
2508 5179 2662 5244 'Sirii,
2691 5184 2759 5237 de
2785 5195 2895 5250 quo
2921 5181 3011 5236 isti
3063 5182 3390 5250 loquuntur,
3428 5181 3478 5233 in
3515 5177 3607 5246 pri-

2053 5288 2195 5325 mam
2242 5281 2450 5343 partem
2481 5273 2700 5329 oLeonis
2753 5272 2938 5328 Romae
2969 5275 3182 5329 incidit.
3235 5273 3447 5328 Etenim
3485 5284 3606 5322 anno

2053 5364 2228 5432 primo
2259 5363 2475 5418 Juliano
2529 5367 2766 5419 cosmice
2818 5366 3098 5420 oriebatur
3138 5365 3405 5420 Canicula
3445 5361 3608 5414 Ιίοιιιιε

2051 5469 2175 5507 cum
2213 5453 2385 5524 gradu
2421 5454 2616 5508 Cancri
2645 5455 2736 5520 22,
2765 5457 2886 5521 48’,
2918 5457 3126 5511 heliace
3149 5471 3276 5510 cum
3309 5454 3476 5527 gradu
3499 5452 3606 5503 Leo-

2053 5544 2138 5599 nis
2164 5544 2214 5606 7,
2249 5545 2364 5599 43'.
2391 5547 2462 5598 At
2512 5546 2565 5598 in
2599 5545 2791 5600 Rhodo
2835 5546 3024 5600 eodem
3051 5546 3258 5601 sacculo
3287 5554 3444 5600 ortus
3479 5542 3605 5610 ejus-

2051 5637 2171 5690 dem
2215 5637 2490 5691 cosmicus
2531 5637 2585 5690 in
2632 5636 2829 5690 Cancri
2875 5637 3103 5706 gradum
3159 5637 3248 5700 16,
3281 5638 3416 5702 48⁹ς
3449 5631 3603 5687 Helia-

2051 5745 2155 5812 cus
2188 5727 2473 5814 inhLeonis
2505 5729 2807 5815 i‘cadebat.
2842 5729 2999 5801 Quod
3029 5731 3140 5786 illic
3171 5738 3336 5786 aetate
3359 5742 3456 5784 sua
3489 5737 3602 5778 con-
