3808 6310
167 335 305 393 1289

991 338 1442 395 DlSSEﬁ‘l‘ATlO
1483 339 1568 394 DE
1606 339 1792 394 ORTU
1835 339 1919 392 ET
1959 339 2225 397 OCCASU
2268 343 2589 404 SIDERUM.‘

3259 361 3390 415 i590

165 447 358 517 tigisse
387 455 621 505 testatur
647 450 928 517 Geminus,
959 463 1014 508 et
1037 462 1162 508 ante
1193 454 1339 508 hunc
1363 453 1727 524 Hipparchus.
1759 466 1803 520 Α
1834 472 1954 510 nem
1978 459 2111 512 oriri
2140 459 2368 516 dixerat.
2411 461 2553 519 Sane
2600 466 2777 535 primo
2811 482 2956 523 anno
2984 469 3204 527 Juliano
3233 492 3391 531 verus

166 536 243 591 Ex
275 555 387 608 quo
423 541 492 595 de
523 541 736 596 Gemini
782 551 941 597 aetate
972 544 1289 613 conjectura
1320 556 1510 600 nostra
1551 546 1732 599 firma-

165 638 272 683 tur.
304 629 417 686 Nos
449 635 591 687 enim
622 634 717 687 lib.
753 632 796 685 ll
833 634 909 688 De
931 635 1071 690 doct.
1112 646 1291 705 temp.,
1323 653 1444 707 cap.
1464 638 1554 702 Vl,
1579 650 1732 693 sexto

169 717 337 775 Urbis
374 725 578 777 saeculo
620 725 796 794 ipsum
855 726 1106 782 ﬂoruisse
1137 728 1629 785 demonstravimus
1665 747 1729 786 ex

161 824 248 874 eo,
278 815 427 882 quod
454 825 577 869 ante
606 832 780 872 annos
819 817 980 882 CXX,
1027 835 1188 890 quam
1225 823 1509 885 scriberet,
1545 823 1649 877 lsia
1673 825 1729 878 in

164 897 374 954 Eudoxi
410 905 616 972 τροπὰς
645 907 904 962 incidisse
940 910 1158 977 prodit:
1200 912 1266 964 de
1297 926 1404 981 quo
1435 927 1629 966 rursus
1674 916 1729 968 in

160 989 316 1044 Notis
365 991 434 1046 ad
485 992 693 1050 Gemini
731 1013 853 1068 pag.
898 999 965 1052 19
995 1002 1301 1056 accuratius
1329 1010 1639 1059 estactum.

229 1080 417 1136 Redeo
448 1084 515 1137 ad
581 1096 758 1140 ortum
795 1089 1088 1146 Caniculae.
1147 1094 1314 1157 Quem
1345 1109 1468 1148 cum
1514 1094 1727 1150 Gemini

158 1174 468 1230 rationibus
488 1178 818 1234 adamussim
838 1183 1264 1237 consentientem
1287 1185 1505 1242 exhibet
1526 1189 1730 1242 metho-

159 1260 262 1317 dus
285 1273 496 1320 nostra.
531 1267 740 1324 Plinius
774 1281 976 1336 autem,
1008 1282 1062 1327 et
1101 1276 1301 1336 caeteri,
1332 1277 1424 1345 qui
1459 1278 1603 1333 circa
1631 1278 1728 1332 Ju-

161 1354 215 1407 lii
247 1372 404 1420 xvlll,
439 1361 521 1413 vel
555 1377 666 1422 lux,
697 1363 751 1416 ill
795 1363 966 1431 prima
1001 1377 1152 1434 parte
1185 1367 1379 1423 Leonis
1429 1369 1560 1424 oriri
1590 1373 1728 1425 scri-

160 1457 421 1517 pserunt,
474 1452 608 1507 falsa
659 1454 746 1506 illa
795 1457 1146 1523 persuasione
1191 1461 1320 1513 moti
1359 1470 1506 1526 sunt,
1563 1479 1724 1533 quam

159 1556 326 1612 supra
387 1554 582 1612 quarto
629 1548 826 1615 capite,
878 1565 944 1603 ex
991 1562 1317 1620 praepostera
1376 1557 1724 1626 antiquorum

158 1634 464 1689 imitatione
489 1652 772 1707 perperam
802 1640 909 1694 illis
934 1641 1245 1712 obrepsisse
1274 1649 1722 1703 monstravimus.

157 1723 257 1779 Hic
297 1727 510 1795 primus
560 1744 747 1784 eorum
803 1731 903 1787 fuit
948 1748 1122 1788 error.
1172 1735 1270 1790 Cui
1306 1738 1442 1793 alter
1470 1743 1722 1809 accessit,

158 1819 301 1887 quod
341 1834 466 1872 cum
500 1836 684 1881 verus,
708 1830 760 1876 et
787 1825 1060 1879 cosmicus
1089 1836 1242 1881 ortus
1269 1827 1543 1885 Caniculae
1577 1833 1723 1887 circa

159 1907 211 1960 id
273 1915 529 1978 tempus,
570 1912 716 1980 quod
756 1914 825 1968 ab
869 1914 977 1970 illis
1031 1929 1354 1987 conceptum
1383 1929 1486 1985 est,
1541 1921 1724 1979 Romae

155 2001 531 2072 contingeret,
578 2003 829 2063 lleliacus
872 2017 1050 2063 autem
1088 2027 1196 2066 non
1236 2012 1290 2065 in
1326 2012 1499 2079 Italia,
1539 2017 1633 2071 sed
1669 2018 1723 2072 in

154 2089 390 2163 Atgypto
428 2094 534 2148 sub
573 2094 713 2150 idem
761 2105 976 2167 tempus
1038 2101 1346 2166 accideret,
1378 2105 1467 2158 isti
1491 2121 1610 2175 qum
1655 2109 1724 2162 ab

155 2181 558 2250 Alexandrinis,
582 2195 635 2242 et
670 2188 929 2258 Egyptiis
957 2192 1022 2248 ad
1049 2209 1207 2247 suum
1238 2204 1471 2250 tractum
1503 2213 1720 2253 accom-

153 2275 392 2338 modata,
427 2279 754 2349 scriptisque
778 2283 988 2350 prodita
1014 2294 1188 2349 erant,
1241 2288 1305 2340 ad
1353 2287 1597 2343 Italicum
1629 2307 1723 2360 ap-

153 2366 450 2436 plicarunt.
475 2368 640 2424 Ortus
663 2373 936 2428 cosmicus
965 2374 1091 2428 Sirii
1122 2390 1264 2429 anno
1298 2377 1476 2445 primo
1500 2377 1721 2433 .luliano

151 2458 496 2515 Alexandria;
550 2462 711 2518 fiebat
768 2465 823 2519 in
869 2467 1036 2536 gradu
1068 2465 1262 2521 Cancri
1304 2469 1392 2534 12,
1423 2471 1526 2535 27',
1573 2473 1720 2525 circa

151 2565 226 2606 vn
268 2548 400 2606 Julii
436 2571 450 2607 :
483 2553 729 2610 heliacus
776 2556 830 2610 in
875 2559 1045 2628 gradu
1091 2558 1180 2622 26,
1236 2559 1304 2622 9',
1339 2561 1441 2614 hoc
1474 2571 1558 2616 est
1589 2561 1717 2618 Julii

153 2642 264 2697 fere
290 2661 386 2699 xx.
420 2645 788 2712 Quamobrem
819 2651 964 2720 quod
1000 2651 1076 2704 illi
1111 2652 1177 2705 de
1208 2660 1364 2707 ortus
1390 2654 1717 2711 canicularis

150 2738 396 2802 tempore
440 2736 709 2802 scribunt,
742 2739 786 2792 si
831 2738 898 2792 de
941 2738 1128 2793 Italico
1173 2742 1295 2794 cmli
1327 2743 1507 2812 positu
1535 2760 1718 2799 sermo

148 2830 251 2887 est,
308 2825 378 2879 ad
432 2829 729 2882 cosmicum
787 2829 1069 2886 refertur:
1107 2834 1192 2887 sin
1222 2826 1530 2905 Egyptiaci
1575 2840 1718 2893 ratio

150 2911 390 2980 ducitur,
427 2914 672 2971 heliacus
699 2917 976 2975 habendus
1007 2929 1111 2976 est.
1141 2922 1458 2991 Columella,
1492 2928 1584 2997 qui
1625 2929 1718 2983 tri-

149 3004 354 3058 cesimo
380 3006 450 3058 ab
477 3006 733 3071 solstitio,
793 3017 847 3064 et
884 3011 952 3064 ab
980 3020 1171 3067 octava
1201 3023 1353 3083 parte
1397 3016 1592 3072 Cancri
1628 3020 1716 3075 die

149 3092 422 3149 Caniculae
450 3098 602 3166 ponit
647 3107 892 3154 exortum
913 3141 930 3166 ,
986 3105 1301 3173 imprudens
1354 3109 1406 3160 in
1433 3111 1710 3164 veritatem
1741 3146 1784 3202 ϐ

149 3183 405 3254 delapsus
428 3193 531 3240 est.
579 3185 669 3241 Sic
696 3189 839 3242 enim
875 3199 1082 3260 partem
1114 3195 1167 3248 in
1197 3194 1393 3252 Leonis
1431 3202 1713 3268 septimam

149 3274 261 3329 fere
305 3277 526 3330 redacta
559 3278 700 3332 ratio
731 3290 834 3335 est.
885 3280 991 3335 Sed
1023 3283 1080 3337 in
1121 3294 1362 3356 tempore
1410 3289 1718 3346 definiendo

147 3367 390 3437 vulgaris
424 3367 577 3422 illum
608 3385 767 3424 error
795 3373 1074 3442 abripuit;
1113 3391 1236 3430 nam
1277 3379 1402 3447 quia
1445 3381 1576 3435 solis
1632 3383 1718 3435 in-

149 3458 374 3530 troitum
423 3458 478 3511 in
528 3458 799 3516 Cancrum
850 3462 997 3518 Junii
1044 3481 1152 3520 xvll
1205 3469 1423 3523 circiter
1451 3472 1714 3542 illigavit,

148 3547 348 3604 Leonis
374 3548 582 3604 aditum
611 3551 738 3608 Julii
771 3571 900 3609 xvnl
922 3566 1347 3615 consentaneum
1379 3570 1462 3618 est
1490 3565 1714 3629 ascribi,

149 3649 331 3694 ortum
369 3656 501 3695 vero
527 3641 802 3698 Caniculae
830 3643 957 3700 Julii
1005 3663 1138 3702 xxlli
1173 3651 1256 3705 vel
1288 3667 1434 3718 xxiv,
1467 3653 1520 3708 in
1567 3666 1718 3725 parte

150 3730 351 3789 Leonis
384 3733 605 3790 circiter
647 3737 899 3806 septima.
946 3737 1002 3792 ln
1030 3755 1139 3809 quo
1168 3748 1347 3796 tamen
1397 3744 1534 3814 fugit
1565 3748 1715 3801 illum

149 3825 312 3879 ratio.
361 3825 570 3895 Quippe
591 3825 847 3882 Kalendis
899 3827 1176 3900 Augustis,
1236 3833 1316 3886 vel
1352 3837 1513 3902 paulo
1572 3846 1713 3905 post,

149 3914 396 3972 heliacus
428 3916 700 3972 Canicula:
743 3927 896 3974 ortus
931 3936 1026 3989 per
1079 3923 1130 3975 id
1183 3931 1394 3992 tempus
1444 3929 1713 3996 congruit.

147 4004 268 4062 Non
323 4008 524 4062 minori
567 4009 987 4064 hallucinatione
1016 4010 1226 4066 Plinius
1269 4014 1526 4069 vicesimo
1557 4019 1716 4072 tertio

148 4105 276 4169 post
309 4099 606 4153 solstitium
639 4101 726 4155 die
752 4102 881 4154 oriri
909 4101 1222 4157 Caniculam
1255 4105 1456 4160 heliace
1483 4111 1709 4176 putavit,

147 4204 276 4243 cum
307 4204 500 4244 revera
529 4191 750 4246 totidem
778 4202 900 4262 post
929 4195 1223 4249 solstitium
1251 4195 1443 4252 diebus
1477 4200 1715 4256 cosmioe

148 4288 307 4335 aetate
330 4278 460 4334 Julii
495 4281 726 4337 Caesaris
756 4285 1012 4338 oriretur.

221 4370 468 4441 Scaliger
493 4371 647 4428 Notis
684 4375 752 4428 ad
783 4375 987 4429 Manilii
1031 4377 1126 4432 lib.
1163 4376 1206 4430 v
1239 4379 1383 4449 (pag.
1408 4381 1556 4449 ius),
1586 4396 1713 4450 poe—

149 4473 260 4516 tam
293 4479 454 4517 suum
481 4465 727 4536 corrigit,
765 4467 856 4536 qui
892 4483 956 4522 ex
980 4472 1255 4523 communi
1291 4471 1544 4540 opinione
1576 4474 1712 4527 dixit
1742 4483 1789 4538 ι)

148 4555 208 4608 in
254 4562 410 4624 parte
455 4554 652 4611 Leonis
692 4565 871 4612 ortum
919 4558 1094 4616 facere
1142 4558 1342 4615 Sirium
1385 4581 1398 4616 :
1437 4582 1457 4613 ι
1497 4563 1712 4627 Melius,

148 4643 352 4715 inquit,
404 4643 629 4700 dixisset
672 4647 873 4701 Canem
911 4649 1181 4718 principio
1241 4650 1436 4705 Cancri
1485 4653 1618 4707 oriri
1660 4657 1716 4711 in

147 4735 370 4792 ﬁnitore
419 4737 730 4793 barbarico.
777 4737 988 4794 Saecqu
1016 4740 1222 4794 Manilii
1248 4743 1528 4797 oriebatur
1557 4744 1611 4798 in
1643 4761 1716 4798 vn

146 4828 372 4884 Cancri.
410 4848 430 4880 θ
473 4827 538 4883 Ut
568 4829 794 4899 Augusti
819 4833 1017 4884 saeculo
1044 4832 1237 4886 demus
1271 4833 1516 4889 ﬂoruisse
1542 4837 1716 4889 Mani-

146 4923 307 4984 lium,
353 4919 500 4990 quod
549 4928 700 4974 ratus
731 4928 816 4975 est
863 4921 1124 4990 Scaliger,
1161 4937 1339 4991 neque
1384 4923 1538 4977 initio
1577 4924 1718 4979 Can-

147 5015 253 5078 cri,
297 5028 477 5081 neque
519 5027 641 5066 cum
672 5013 792 5080 ejus
831 5013 997 5081 gradu
1040 5029 1110 5066 vn
1161 5022 1277 5066 orta
1312 5027 1395 5069 est
1434 5015 1712 5072 Canicula.

59 5095 63 5098 ’
148 5104 364 5174 Quippe
398 5118 561 5158 verus
582 5105 728 5158 illius
757 5111 911 5157 ortus
956 5103 1299 5158 Alexandriae
1334 5106 1388 5158 in
1423 5108 1593 5176 gradu
1624 5108 1711 5172 12,

145 5197 232 5249 27'
260 5215 276 5262 ;
309 5195 555 5249 heliacus
583 5195 638 5247 in
678 5193 771 5260 26,
816 5193 879 5248 9'
910 5195 1128 5248 accidit.
1175 5195 1258 5249 Ab
1291 5204 1413 5249 ortu
1443 5213 1574 5252 vero
1606 5215 1712 5253 non

145 5269 383 5346 munitm
424 5288 676 5343 abhorret
739 5286 996 5344 Plinius:
1041 5291 1135 5360 qui
1203 5291 1298 5346 lib.
1345 5288 1534 5354 xvnl,
1591 5306 1712 5359 cap.

147 5379 703 5446 XXIX,Caniculam
734 5378 866 5432 oriri
917 5381 992 5435 ait
1047 5383 1101 5434 in
1150 5381 1383 5453 Egypto
1427 5397 1482 5435 lv
1531 5380 1715 5436 Nonas

144 5472 342 5539 Julias.
397 5467 457 5525 In
484 5471 631 5524 hunc
660 5471 808 5524 enim
849 5471 990 5527 diem
1027 5473 1346 5529 undecimus
1376 5473 1488 5528 fere
1520 5472 1715 5528 Cancri

145 5562 357 5634 gradus
380 5562 630 5616 incurrit.
665 5561 903 5616 Tametsi
929 5563 995 5617 de
1025 5562 1287 5635 Procyne,
1329 5578 1438 5618 non
1468 5563 1534 5618 de
1554 5564 1716 5618 Cani-

145 5655 298 5720 cula,
348 5652 563 5707 videtur
619 5652 723 5707 hoc
765 5655 1425 5720 posteriusintellexisse
1481 5653 1712 5712 Plinius.

142 5748 286 5800 Nam
315 5742 495 5811 capite
529 5741 886 5808 antecedenti,
925 5759 974 5797 iv
1018 5737 1201 5800 Nonas
1224 5744 1461 5815 Egypto
1505 5744 1714 5816 Procy-
1763 5776 1770 5786 ι

1833 556 2006 614 ortus,
2044 551 2158 605 sive
2205 554 2478 609 cosmicus
2524 554 2784 628 Procynis
2829 560 3014 619 Roma:
3058 581 3178 620 cum
3222 571 3390 637 gradu

1833 634 1916 697 11,
1949 637 2008 690 0’
2041 639 2234 694 Cancri
2270 644 2430 696 ﬂebat
2467 662 2480 697 :
2523 646 2766 702 heliacus
2798 666 2920 705 cum
2952 656 3194 723 ejusdem
3225 634 3389 728 gradu

1829 726 1921 787 27,
1965 728 2080 783 δι’.
2110 730 2180 783 At
2211 732 2265 785 in
2303 732 2536 804 Aigypto
2570 741 2841 794 cosmicus
2888 748 3112 817 contigit
3142 750 3194 802 in
3223 726 3386 820 gradu

1830 816 2027 872 Cancri
2062 820 2117 882 6,
2152 823 2274 889 17';
2323 824 2567 882 heliacus
2600 829 2652 882 in
2683 830 2771 891 Ἥ,
2801 833 2879 887 5'.
2931 816 3182 895 Manilius
3213 816 3390 898 autem

1830 907 1925 961 lib.
1951 906 2018 974 ν,
2051 919 2105 964 et
2135 911 2428 976 Firmicus.
2481 926 2554 971 ut.
2587 931 2732 976 recte
2766 922 3006 996 Scaliger
3060 933 3388 996 emendavit,

1830 998 2127 1070 Procynem
2195 1005 2250 1059 in
2303 1007 2498 1064 Cancri
2559 1021 2711 1081 parte
2763 1032 2908 1071 xxvn
2961 1021 3092 1074 oriri
3148 1026 3386 1082 volunt:

1829 1092 1972 1159 quod
2015 1102 2067 1146 et
2114 1093 2239 1150 Julii
2281 1101 2500 1163 saeculo,
2553 1119 2660 1158 non
2688 1104 2907 1162 Firlllici
2960 1123 3389 1172 consentaneum

1827 1195 1933 1236 est.

1897 1273 2014 1329 Duo
2059 1287 2188 1332 sunt
2235 1281 2290 1332 in
2342 1284 2481 1337 creto
2523 1285 2722 1350 sidera,
2767 1291 2963 1360 quibus
2996 1294 3162 1349 Canis
3193 1313 3388 1354 nomen

1827 1369 2083 1436 competit
2118 1389 2130 1424 :
2164 1370 2432 1444 Procyon,
2469 1386 2521 1430 et
2549 1378 2729 1433 Κύων.
2775 1383 2870 1436 llle
2909 1383 3225 1452 Antecanis,
3278 1400 3392 1446 sive

1826 1457 2166 1516 minusculus
2199 1463 2365 1520 Canis
2406 1479 2651 1533 vocatur,
2716 1472 2785 1524 ad
2837 1474 3065 1530 lacteum
3123 1481 3388 1536 circulum

1827 1550 2056 1617 positus,
2083 1554 2225 1608 inter
2245 1557 2674 1625 ieqllinoctialem
2699 1563 2961 1619 circulum
2991 1577 3042 1621 ct
3071 1571 3386 1632 zodiacum;

1825 1641 2071 1712 duasque
2128 1647 2312 1702 stellas
2354 1649 2514 1703 habet
2545 1669 2560 1717 ;
2607 1652 2661 1704 ili
2691 1655 2831 1709 collo
2862 1673 3022 1710 unam
3051 1698 3065 1721 ,
3099 1662 3153 1714 in
3187 1662 3390 1718 femore

1826 1726 2074 1794 alteram,
2112 1746 2232 1801 qua:
2261 1742 2314 1788 et
2336 1733 2583 1808 Procyon
2613 1743 2916 1809 appellatur
2953 1749 3190 1816 proprie.
3217 1752 3388 1818 Cujus

1824 1817 1982 1889 origo
2016 1823 2264 1878 vocabuli
2297 1843 2362 1881 ex
2405 1843 2472 1882 eo
2516 1831 2742 1900 petitur,
2775 1837 2917 1904 quod
2949 1838 3113 1896 Canis
3167 1857 3228 1896 ac
3260 1843 3388 1900 Sirii

1823 1910 2091 1975 praecedat
2119 1920 2320 1971 ortum.
2355 1918 2520 1974 Canis
2554 1929 2733 1976 autem
2761 1925 2914 1980 sidus
2943 1937 3025 1983 est
3051 1932 3113 1984 ad
3140 1944 3387 1988 austrum

1823 1997 1966 2053 infra
2019 2005 2452 2073 aequinoctialem
2496 2011 2788 2070 circulum.
2844 2015 3000 2082 Quod
3046 2036 3168 2075 cum
3204 2027 3389 2081 stellas

1822 2089 2018 2145 habeat
2042 2094 2245 2163 plures,
2281 2100 2606 2169 praecipuam
2641 2113 2819 2167 tamen
2849 2108 2904 2162 in
2937 2123 3032 2164 ore
3082 2127 3145 2166 ac
3172 2116 3388 2170 maxilla

1823 2182 1992 2250 gerit:
2033 2201 2193 2254 quam
2224 2187 2424 2242 Sirium
2447 2201 2664 2255 vocant,
2705 2195 2881 2251 Latini
2908 2199 3247 2267 Caniculam,
3285 2207 3388 2262 etsi

1821 2271 2079 2326 Canicula
2125 2291 2515 2347 nonnunquam
2566 2298 2663 2350 pro
2691 2291 2805 2338 toto
2835 2287 2951 2355 ipso
2997 2291 3173 2346 sidere
3217 2299 3392 2350 smni-

1820 2367 1929 2418 tur.
1959 2362 2168 2420 Plinius
2196 2368 2291 2423 lib.
2330 2369 2515 2434 XVlll,
2554 2388 2676 2442 cap.
2706 2373 2919 2431 XXVlll
2957 2393 3111 2451 negat
3149 2384 3386 2458 Procyni

1820 2469 2016 2510 nomen
2065 2459 2206 2528 apud
2266 2459 2543 2519 Romanos
2574 2467 2742 2520 ullum
2773 2483 2914 2524 esse.
2982 2491 3001 2524 ‹
3046 2474 3197 2540 Quod
3233 2480 3386 2535 sidus

1820 2543 1962 2612 apud
2008 2545 2306 2612 Romanos,
2367 2550 2562 2621 inquit,
2614 2570 2721 2609 non
2769 2556 2929 2614 habet
2991 2577 3209 2627 nomen,
3277 2571 3385 2626 nisi

1819 2633 2131 2692 Caniculam
2154 2640 2293 2695 hanc
2317 2643 2544 2701 velimus
2582 2647 2807 2718 intelligi
2832 2667 2846 2700 :
2876 2652 2980 2706 lioc
3000 2665 3088 2710 est
3121 2660 3382 2716 minorem

1818 2724 2017 2782 Canem
2037 2771 2051 2794 ,
2086 2740 2144 2786 ut
2175 2732 2230 2786 in
2255 2735 2418 2789 astris
2442 2737 2718 2808 pingitur:
2745 2742 2808 2793 ad
2840 2753 3029 2798 aestum
3062 2763 3384 2821 magnopere

1815 2819 2117 2885 pertinens.
2156 2840 2176 2873 ι
2225 2821 2301 2876 Ita
2329 2823 2624 2884 Peliserius
2651 2832 3034 2888 emendaverat
3067 2838 3120 2890 in
3163 2819 3380 2898 ora—co-

1817 2908 1954 2963 dicis
1980 2911 2086 2976 sui,
2131 2927 2229 2983 pro
2254 2930 2362 2984 quo
2391 2919 2553 2988 vulgo
2588 2920 2783 2990 legitur
2812 2941 2826 2976 :
2864 2942 2882 2973 ι
2918 2924 3014 2980 Est
3063 2938 3243 2985 autem
3270 2950 3386 2988 ma-

1816 3012 2052 3068 gnopere
2103 3004 2401 3071 pertinens.
2449 3027 2469 3059 ο
2527 3007 2802 3067 Pertinere
2834 3013 2900 3067 ad
2943 3025 3133 3072 aestum
3182 3019 3386 3095 Procy-

1816 3102 1939 3142 nem
1991 3091 2088 3156 ait,
2135 3097 2392 3162 quoniam
2424 3115 2443 3146 ‹
2483 3099 2792 3155 confessum
2833 3103 2975 3158 inter
3015 3122 3203 3166 omnes
3231 3091 3385 3169 sidus

1823 3180 2051 3246 indicat,
2096 3187 2240 3253 quod
2297 3187 2460 3244 Canis
2512 3201 2688 3245 ortum
2735 3209 3014 3253 vocamus.
3046 3219 3065 3252 ι
3129 3202 3386 3275 Adeoque

1818 3273 2091 3342 ingentem
2123 3277 2273 3332 illum
2305 3289 2498 3335 aestum
2530 3283 2814 3340 denuntiat
2847 3306 2859 3342 :
2896 3288 3006 3345 imo
3043 3300 3097 3347 et
3141 3310 3203 3349 ex
3230 3273 3384 3366 parte

1819 3363 1970 3419 facit.
2004 3363 2139 3421 Hinc
2167 3367 2424 3426 Horatius
2446 3373 2538 3429 lib.
2574 3373 2659 3441 111,
2704 3375 2820 3431 Ode
2847 3379 2914 3432 50
2945 3397 2958 3431 :

2310 3481 2436 3556 qu
2461 3484 2701 3556 Procyon
2729 3490 2862 3556 furit

2169 3549 2239 3602 Et
2267 3554 2424 3606 stella
2452 3549 2625 3610 vesani
2649 3549 2839 3614 Leonis

2169 3620 2293 3675 Sole
2315 3624 2424 3677 dies
2455 3627 2706 3694 referente
2727 3631 2913 3686 siccos.

1886 3729 2002 3786 Nisi
2056 3733 2180 3802 quis
2239 3737 2474 3793 fortasse
2507 3739 2805 3813 Procynem
2863 3747 2932 3802 ab
2983 3749 3208 3809 Horatio
3254 3773 3379 3816 cum

1819 3820 1964 3876 Sirio
2005 3825 2270 3881 confundi
2301 3831 2450 3890 velit,
2482 3833 2737 3901 quoniam
2768 3837 2942 3906 prima
2972 3841 3085 3898 hinc
3108 3850 3382 3908 asterismi

1815 3911 1979 3967 Canis
2008 3917 2161 3970 stella
2195 3928 2318 3972 ante
2351 3928 2596 3986 caeteras,
2633 3924 2875 3996 adeoque
2914 3940 3038 3986 ante
3073 3942 3243 3991 totum
3300 3941 3382 4011 ip-

1815 4016 1936 4056 sum
1972 4004 2170 4060 Canem
2211 4018 2450 4077 apparet.
2519 4012 2610 4068 Sic
2643 4016 2787 4069 enim
2825 4016 3061 4075 Galenus
3109 4025 3164 4078 in
3225 4004 3382 4084 lib.-l

1814 4093 2055 4162 Epidem.
2109 4095 2451 4168 Hippocratis
2487 4141 2502 4165 ,
2563 4104 2724 4158 Κύων
2753 4109 2866 4176 ῖμὲν
2905 4112 3010 4183 γὰρ
3049 4113 3109 4166 τὸ
3163 4117 3386 4188 σύμπαν

1813 4185 2028 4257 ἄστρον·
2056 4189 2083 4240 ὁ
2111 4188 2168 4240 δὲ
2199 4190 2290 4241 ἐπὶ
2318 4191 2414 4260 τῆς
2444 4193 2632 4260 γένυος
2656 4197 2818 4250 αὑτοῦ
2850 4193 3086 4270 Σείριος·
3116 4207 3174 4258 ὂν
3209 4185 3384 4278 ὀνρθῶς

1813 4275 1878 4328 ἄν
1921 4293 2004 4340 τις
2058 4278 2308 4348 ὀνομάζοι
2365 4283 2458 4336 τὸν
2494 4285 2776 4354 Πρόκυνα,
2812 4290 2872 4343 οὐ
2926 4292 3016 4346 τὸν
3064 4275 3250 4351 Κύναί
3280 4301 3381 4354 Si-

1813 4365 1954 4418 rium
1985 4367 2062 4420 ait
2115 4369 2374 4438 appellari
2409 4386 2439 4424 a
2496 4377 2780 4432 nonnullis
2826 4379 2982 4445 κύνα,
3022 4387 3165 4453 quod
3206 4395 3380 4447 totius

1815 4473 2013 4512 nomen
2041 4469 2126 4514 est
2155 4460 2351 4517 sideris
2377 4481 2390 4514 :
2421 4465 2624 4520 rectius
2656 4475 2834 4523 tamen
2864 4469 3164 4545 Procynem
3195 4485 3382 4552 appet»

1819 4548 1920 4602 lari
1950 4564 2133 4620 posse,
2173 4568 2334 4621 quam
2365 4553 2589 4610 Canem.
2636 4556 2806 4623 Quem
2841 4563 3026 4619 Galeni
3077 4548 3281 4639 locum,
3323 4589 3380 4632 lit

1817 4646 1870 4694 et
1897 4640 2002 4693 alia
2029 4639 2142 4695 fere
2170 4642 2353 4694 omnia
2384 4644 2451 4699 de
2481 4646 2758 4714 Canicula,
2789 4651 2842 4705 in
2872 4652 3198 4727 farraginem
3232 4663 3375 4720 Soli-

1815 4731 2036 4785 nianam
2075 4734 2270 4786 avertit
2318 4733 2623 4794 Salmasius
2669 4755 2734 4794 ex
2770 4740 3019 4802 Bisciolae
3062 4756 3234 4808 nostri
3283 4758 3377 4816 lib.

1815 4822 1910 4878 Xll
1943 4824 2075 4877 tonli
2104 4823 2146 4878 11
2202 4820 2635 4895 sllbsecivarum,
2680 4847 2798 4902 cap.
2835 4834 2874 4888 ll
2907 4855 2922 4904 ;
2983 4856 3157 4912 neque
3187 4859 3377 4905 aucto-

1816 4929 1952 4977 rem,
2009 4931 2039 4968 a
2077 4931 2185 4984 quo
2218 4916 2322 4970 ista
2364 4917 2662 4985 didicerat,
2694 4925 2775 4977 vel
2814 4926 2995 4984 littera
3041 4937 3376 5007 nominavit;

1817 5005 1908 5072 qui
1942 5004 2060 5072 ejus
2088 5015 2170 5059 est
2215 5021 2351 5061 mos.
2411 5007 2598 5062 Utrum
2645 5021 2826 5068 autem
2859 5015 3155 5091 Procynem
3185 5004 3382 5102 perpe;

1820 5105 1910 5150 tuo
1949 5112 2047 5166 pro
2078 5096 2339 5152 Canicula
2388 5099 2599 5156 Plinius
2637 5110 2929 5176 acceperit,
2972 5115 3115 5182 quod
3156 5096 3377 5178 Exerci-

1818 5189 1982 5242 tatori
2009 5189 2244 5252 videtur,
2275 5189 2520 5248 dicemus
2556 5209 2678 5265 cap.
2711 5198 2730 5252 l
2767 5200 2888 5255 libri
2919 5207 3155 5274 septimi.

1888 5275 1958 5331 Ut
2010 5279 2065 5332 in
2097 5287 2221 5333 ortu
2251 5295 2352 5334 suo
2388 5282 2712 5340 immodicos
2743 5299 2912 5346 aestus
2945 5297 3184 5355 excitare
3217 5303 3378 5359 Cani-

1817 5371 2016 5433 cuiam,
2066 5370 2146 5425 sic
2175 5371 2514 5428 occidentem
2562 5375 2766 5447 frigora
2804 5390 2860 5436 et
2909 5368 3162 5446 inimicas
3200 5393 3375 5465 frugi-

1816 5461 1921 5517 bus
1955 5462 2180 5532 pruinas
2213 5477 2557 5522 commovere
2585 5470 2883 5540 scriptores
2907 5489 3180 5535 asserunt.
3213 5461 3379 5540 Mani-

1817 5554 1923 5608 lius
1961 5553 2056 5609 lib.
2087 5552 2129 5620 Ι,
2165 5554 2393 5612 Plinius;
2431 5558 2525 5613 lib.
2562 5559 2746 5633 XVIII,
2794 5580 2914 5635 cap.
2962 5569 3165 5640 XXIX;
3216 5575 3376 5632 colu-

1817 5648 1978 5702 mella
2016 5648 2110 5702 lib.
2151 5641 2240 5713 X1,
2271 5664 2393 5719 cap.
2430 5650 2492 5706 ll.
2533 5671 2551 5702 ε
2587 5651 2768 5709 Pridie
2801 5657 3027 5714 Kalend.
3069 5662 3376 5725 Maias'Ca-
3437 5729 3442 5736 ,

1819 5743 1906 5796 nis
1967 5756 2026 5796 se
2073 5756 2299 5811 vespere
2357 5744 2532 5810 celat;
2575 5754 2953 5818 tenlpeSlatem
3004 5755 3294 5824 significat.
3353 5783 3375 5825 ι
