  <div class='ocr_page' id='page_1' title='image "/cluster/home/n/w/nwhite01/storage/ocr_20150623/19/hvd.32044011362951/703.png"; bbox 0 0 3808 6344; ppageno 0'>
   <div class='ocr_carea' id='block_1_1' title="bbox 413 335 548 392">
    <p class='ocr_par' dir='ltr' id='par_1_1' title="bbox 413 335 548 392">
     <span class='ocr_line' id='line_1_1' title="bbox 413 335 548 392; baseline 0.022 -3"><span class='ocrx_word' id='word_1_1' title='bbox 413 335 548 392; x_wconf 70' lang='grc'>1391</span> 
     </span>
    </p>
   </div>
   <div class='ocr_carea' id='block_1_2' title="bbox 1421 333 2644 391">
    <p class='ocr_par' dir='ltr' id='par_1_2' title="bbox 1421 333 2644 391">
     <span class='ocr_line' id='line_1_2' title="bbox 1421 333 2644 391; baseline 0.002 -3"><span class='ocrx_word' id='word_1_2' title='bbox 1421 334 1510 388; x_wconf 79' lang='lat' dir='ltr'>AD</span> <span class='ocrx_word' id='word_1_3' title='bbox 1551 334 1825 390; x_wconf 76' lang='grc' dir='ltr'>ΕυδΕΒιιι</span> <span class='ocrx_word' id='word_1_4' title='bbox 1846 333 2250 391; x_wconf 73' lang='lat' dir='ltr'>CHRONICON</span> <span class='ocrx_word' id='word_1_5' title='bbox 2279 335 2644 391; x_wconf 74' lang='lat' dir='ltr'>APPENDI&#39;X.</span> 
     </span>
    </p>
   </div>
   <div class='ocr_carea' id='block_1_3' title="bbox 3501 328 3613 385">
    <p class='ocr_par' dir='ltr' id='par_1_3' title="bbox 3501 328 3613 385">
     <span class='ocr_line' id='line_1_3' title="bbox 3501 328 3613 385; baseline 0 -1"><span class='ocrx_word' id='word_1_6' title='bbox 3501 328 3613 385; x_wconf 60' lang='lat'>139%</span> 
     </span>
    </p>
   </div>
   <div class='ocr_carea' id='block_1_4' title="bbox 410 419 3612 526">
    <p class='ocr_par' dir='ltr' id='par_1_4' title="bbox 410 419 3612 526">
     <span class='ocr_line' id='line_1_4' title="bbox 410 419 3612 526; baseline -0.002 -18"><span class='ocrx_word' id='word_1_7' title='bbox 410 453 574 508; x_wconf 84' lang='lat' dir='ltr'>Plinii</span> <span class='ocrx_word' id='word_1_8' title='bbox 612 453 798 518; x_wconf 87' lang='lat' dir='ltr'>verba,</span> <span class='ocrx_word' id='word_1_9' title='bbox 833 455 960 526; x_wconf 87' lang='lat' dir='ltr'>quia</span> <span class='ocrx_word' id='word_1_10' title='bbox 985 453 1245 510; x_wconf 90' lang='lat' dir='ltr'>mendosa</span> <span class='ocrx_word' id='word_1_11' title='bbox 1280 461 1428 515; x_wconf 89' lang='lat' dir='ltr'>sunt,</span> <span class='ocrx_word' id='word_1_12' title='bbox 1461 455 1765 524; x_wconf 74' lang='lat' dir='ltr'>castigandi</span> <span class='ocrx_word' id='word_1_13' title='bbox 1801 471 1965 510; x_wconf 85' lang='lat' dir='ltr'>causa</span> <span class='ocrx_word' id='word_1_14' title='bbox 1995 463 2042 516; x_wconf 79' lang='grc' dir='ltr'><strong>Α</strong></span> <span class='ocrx_word' id='word_1_15' title='bbox 2106 475 2123 508; x_wconf 75' lang='grc' dir='ltr'>ι</span> <span class='ocrx_word' id='word_1_16' title='bbox 2165 455 2269 511; x_wconf 88' lang='lat' dir='ltr'>Per</span> <span class='ocrx_word' id='word_1_17' title='bbox 2329 456 2459 510; x_wconf 93' lang='lat' dir='ltr'>illud</span> <span class='ocrx_word' id='word_1_18' title='bbox 2541 465 2756 526; x_wconf 78' lang='lat' dir='ltr'>tempus</span> <span class='ocrx_word' id='word_1_19' title='bbox 2830 455 3008 510; x_wconf 81' lang='lat' dir='ltr'>solum</span> <span class='ocrx_word' id='word_1_20' title='bbox 3097 419 3314 508; x_wconf 56' lang='lat' dir='ltr'>summa</span> <span class='ocrx_word' id='word_1_21' title='bbox 3365 448 3612 519; x_wconf 88' lang='lat' dir='ltr'>spicarum</span> 
     </span>
    </p>
   </div>
   <div class='ocr_carea' id='block_1_5' title="bbox 415 543 1973 616">
    <p class='ocr_par' dir='ltr' id='par_1_5' title="bbox 415 543 1973 616">
     <span class='ocr_line' id='line_1_5' title="bbox 415 543 1973 616; baseline 0.001 -16"><span class='ocrx_word' id='word_1_22' title='bbox 415 547 748 602; x_wconf 81' lang='lat' dir='ltr'>referemus.</span> <span class='ocrx_word' id='word_1_23' title='bbox 805 544 1000 601; x_wconf 80' lang='lat' dir='ltr'>Narrat</span> <span class='ocrx_word' id='word_1_24' title='bbox 1055 545 1306 600; x_wconf 89' lang='lat' dir='ltr'>instituta</span> <span class='ocrx_word' id='word_1_25' title='bbox 1352 543 1637 616; x_wconf 86' lang='lat' dir='ltr'>Robigalia</span> <span class='ocrx_word' id='word_1_26' title='bbox 1687 562 1739 602; x_wconf 92' lang='lat' dir='ltr'>a.</span> <span class='ocrx_word' id='word_1_27' title='bbox 1793 547 1847 601; x_wconf 89' lang='lat' dir='ltr'>d.</span> <span class='ocrx_word' id='word_1_28' title='bbox 1897 565 1973 602; x_wconf 89' lang='lat' dir='ltr'>vn</span> 
     </span>
    </p>
   </div>
   <div class='ocr_carea' id='block_1_6' title="bbox 416 635 1974 708">
    <p class='ocr_par' dir='ltr' id='par_1_6' title="bbox 416 635 1974 708">
     <span class='ocr_line' id='line_1_6' title="bbox 416 635 1974 708; baseline 0.001 -18"><span class='ocrx_word' id='word_1_29' title='bbox 416 635 645 694; x_wconf 84' lang='lat' dir='ltr'>Kalend.</span> <span class='ocrx_word' id='word_1_30' title='bbox 690 638 814 692; x_wconf 94' lang='lat' dir='ltr'>Mai.</span> <span class='ocrx_word' id='word_1_31' title='bbox 866 656 879 691; x_wconf 90' lang='lat'><strong>:</strong></span> <span class='ocrx_word' id='word_1_32' title='bbox 940 655 958 689; x_wconf 70' lang='grc' dir='ltr'>ι</span> <span class='ocrx_word' id='word_1_33' title='bbox 1000 635 1155 702; x_wconf 86' lang='lat' dir='ltr'>Quod</span> <span class='ocrx_word' id='word_1_34' title='bbox 1211 645 1335 706; x_wconf 90' lang='lat' dir='ltr'>post</span> <span class='ocrx_word' id='word_1_35' title='bbox 1372 638 1489 692; x_wconf 89' lang='lat' dir='ltr'>dies</span> <span class='ocrx_word' id='word_1_36' title='bbox 1536 637 1870 708; x_wconf 88' lang='lat' dir='ltr'>undeviginti</span> <span class='ocrx_word' id='word_1_37' title='bbox 1905 639 1974 692; x_wconf 90' lang='lat' dir='ltr'>ab</span> 
     </span>
    </p>
   </div>
   <div class='ocr_carea' id='block_1_7' title="bbox 414 727 1978 798">
    <p class='ocr_par' dir='ltr' id='par_1_7' title="bbox 414 727 1978 798">
     <span class='ocr_line' id='line_1_7' title="bbox 414 727 1978 798; baseline 0 -16"><span class='ocrx_word' id='word_1_38' title='bbox 414 729 742 798; x_wconf 71' lang='lat' dir='ltr'>aequinoctio</span> <span class='ocrx_word' id='word_1_39' title='bbox 782 742 978 791; x_wconf 89' lang='lat' dir='ltr'>verno,</span> <span class='ocrx_word' id='word_1_40' title='bbox 1024 743 1121 797; x_wconf 89' lang='lat' dir='ltr'>per</span> <span class='ocrx_word' id='word_1_41' title='bbox 1169 727 1224 781; x_wconf 90' lang='lat' dir='ltr'>id</span> <span class='ocrx_word' id='word_1_42' title='bbox 1272 728 1625 798; x_wconf 78' lang='lat' dir='ltr'><strong>quatriduum</strong></span> <span class='ocrx_word' id='word_1_43' title='bbox 1678 729 1824 782; x_wconf 87' lang='lat' dir='ltr'>varia</span> <span class='ocrx_word' id='word_1_44' title='bbox 1853 744 1978 798; x_wconf 86' lang='lat' dir='ltr'>gen-</span> 
     </span>
    </p>
   </div>
   <div class='ocr_carea' id='block_1_8' title="bbox 420 818 1971 887">
    <p class='ocr_par' dir='ltr' id='par_1_8' title="bbox 420 818 1971 887">
     <span class='ocr_line' id='line_1_8' title="bbox 420 818 1971 887; baseline 0.001 -14"><span class='ocrx_word' id='word_1_45' title='bbox 420 821 552 874; x_wconf 89' lang='lat' dir='ltr'>tium</span> <span class='ocrx_word' id='word_1_46' title='bbox 573 819 951 875; x_wconf 77' lang='lat' dir='ltr'>observatione</span> <span class='ocrx_word' id='word_1_47' title='bbox 981 822 1036 873; x_wconf 89' lang='lat' dir='ltr'>in</span> <span class='ocrx_word' id='word_1_48' title='bbox 1061 836 1114 875; x_wconf 83' lang='lat' dir='ltr'>iv</span> <span class='ocrx_word' id='word_1_49' title='bbox 1137 819 1372 875; x_wconf 91' lang='lat' dir='ltr'>Kalend.</span> <span class='ocrx_word' id='word_1_50' title='bbox 1407 818 1534 873; x_wconf 81' lang='lat' dir='ltr'>Maii</span> <span class='ocrx_word' id='word_1_51' title='bbox 1560 820 1723 876; x_wconf 89' lang='lat' dir='ltr'>Canis</span> <span class='ocrx_word' id='word_1_52' title='bbox 1752 821 1971 887; x_wconf 89' lang='lat' dir='ltr'>occidit,</span> 
     </span>
    </p>
   </div>
   <div class='ocr_carea' id='block_1_9' title="bbox 419 911 1973 982">
    <p class='ocr_par' dir='ltr' id='par_1_9' title="bbox 419 911 1973 982">
     <span class='ocr_line' id='line_1_9' title="bbox 419 911 1973 982; baseline -0.001 -15"><span class='ocrx_word' id='word_1_53' title='bbox 419 913 572 967; x_wconf 88' lang='lat' dir='ltr'>sidus</span> <span class='ocrx_word' id='word_1_54' title='bbox 606 921 659 966; x_wconf 90' lang='lat' dir='ltr'>et</span> <span class='ocrx_word' id='word_1_55' title='bbox 690 926 784 981; x_wconf 89' lang='lat' dir='ltr'>per</span> <span class='ocrx_word' id='word_1_56' title='bbox 815 927 875 966; x_wconf 90' lang='lat' dir='ltr'>se</span> <span class='ocrx_word' id='word_1_57' title='bbox 901 911 1217 974; x_wconf 81' lang='lat' dir='ltr'>vehemens,</span> <span class='ocrx_word' id='word_1_58' title='bbox 1252 920 1306 967; x_wconf 89' lang='lat' dir='ltr'>et</span> <span class='ocrx_word' id='word_1_59' title='bbox 1349 912 1436 966; x_wconf 91' lang='lat' dir='ltr'>cui</span> <span class='ocrx_word' id='word_1_60' title='bbox 1470 913 1832 982; x_wconf 82' lang='lat' dir='ltr'>praeoccidere</span> <span class='ocrx_word' id='word_1_61' title='bbox 1873 912 1973 966; x_wconf 89' lang='lat' dir='ltr'>Ca-</span> 
     </span>
    </p>
   </div>
   <div class='ocr_carea' id='block_1_10' title="bbox 417 1002 1975 1060">
    <p class='ocr_par' dir='ltr' id='par_1_10' title="bbox 417 1002 1975 1060">
     <span class='ocr_line' id='line_1_10' title="bbox 417 1002 1975 1060; baseline 0.001 -4"><span class='ocrx_word' id='word_1_62' title='bbox 417 1003 653 1056; x_wconf 88' lang='lat' dir='ltr'>niculam</span> <span class='ocrx_word' id='word_1_63' title='bbox 701 1017 926 1058; x_wconf 90' lang='lat' dir='ltr'>necesse</span> <span class='ocrx_word' id='word_1_64' title='bbox 952 1003 1056 1058; x_wconf 87' lang='lat' dir='ltr'>sit.</span> <span class='ocrx_word' id='word_1_65' title='bbox 1091 1023 1111 1055; x_wconf 74' lang='grc' dir='ltr'><strong><em>ι</em></strong></span> <span class='ocrx_word' id='word_1_66' title='bbox 1159 1003 1204 1056; x_wconf 79' lang='grc' dir='ltr'>Α</span> <span class='ocrx_word' id='word_1_67' title='bbox 1245 1019 1323 1057; x_wconf 87' lang='lat' dir='ltr'>vn</span> <span class='ocrx_word' id='word_1_68' title='bbox 1381 1002 1654 1060; x_wconf 79' lang='lat' dir='ltr'>Kalendas</span> <span class='ocrx_word' id='word_1_69' title='bbox 1692 1003 1862 1058; x_wconf 82' lang='lat' dir='ltr'>Maias</span> <span class='ocrx_word' id='word_1_70' title='bbox 1909 1003 1975 1057; x_wconf 90' lang='lat' dir='ltr'>ad</span> 
     </span>
    </p>
   </div>
   <div class='ocr_carea' id='block_1_11' title="bbox 417 1093 1977 1166">
    <p class='ocr_par' dir='ltr' id='par_1_11' title="bbox 417 1093 1977 1166">
     <span class='ocr_line' id='line_1_11' title="bbox 417 1093 1977 1166; baseline 0.002 -19"><span class='ocrx_word' id='word_1_71' title='bbox 417 1108 470 1147; x_wconf 80' lang='lat' dir='ltr'>tv</span> <span class='ocrx_word' id='word_1_72' title='bbox 502 1100 672 1148; x_wconf 90' lang='lat' dir='ltr'>totum</span> <span class='ocrx_word' id='word_1_73' title='bbox 695 1093 796 1148; x_wconf 82' lang='lat' dir='ltr'>hoc</span> <span class='ocrx_word' id='word_1_74' title='bbox 817 1095 1165 1164; x_wconf 83' lang='lat' dir='ltr'><strong>quatriduum</strong></span> <span class='ocrx_word' id='word_1_75' title='bbox 1194 1094 1441 1166; x_wconf 87' lang='lat' dir='ltr'>frugibus</span> <span class='ocrx_word' id='word_1_76' title='bbox 1468 1095 1830 1150; x_wconf 88' lang='lat' dir='ltr'>decretorium</span> <span class='ocrx_word' id='word_1_77' title='bbox 1855 1110 1977 1150; x_wconf 91' lang='lat' dir='ltr'>esse</span> 
     </span>
    </p>
   </div>
   <div class='ocr_carea' id='block_1_12' title="bbox 415 1185 1978 1256">
    <p class='ocr_par' dir='ltr' id='par_1_12' title="bbox 415 1185 1978 1256">
     <span class='ocr_line' id='line_1_12' title="bbox 415 1185 1978 1256; baseline 0.001 -18"><span class='ocrx_word' id='word_1_78' title='bbox 415 1185 549 1239; x_wconf 86' lang='lat' dir='ltr'>dicit</span> <span class='ocrx_word' id='word_1_79' title='bbox 573 1203 588 1240; x_wconf 89' lang='lat'><strong>:</strong></span> <span class='ocrx_word' id='word_1_80' title='bbox 611 1195 664 1240; x_wconf 90' lang='lat' dir='ltr'>et</span> <span class='ocrx_word' id='word_1_81' title='bbox 689 1186 757 1240; x_wconf 87' lang='lat' dir='ltr'>ab</span> <span class='ocrx_word' id='word_1_82' title='bbox 785 1187 1115 1256; x_wconf 70' lang='lat' dir='ltr'>aequinoctio</span> <span class='ocrx_word' id='word_1_83' title='bbox 1144 1202 1312 1242; x_wconf 91' lang='lat' dir='ltr'>verno</span> <span class='ocrx_word' id='word_1_84' title='bbox 1335 1187 1452 1242; x_wconf 89' lang='lat' dir='ltr'>dies</span> <span class='ocrx_word' id='word_1_85' title='bbox 1485 1196 1730 1242; x_wconf 88' lang='lat' dir='ltr'>numerat</span> <span class='ocrx_word' id='word_1_86' title='bbox 1754 1186 1978 1240; x_wconf 83' lang='lat' dir='ltr'>undevi-</span> 
     </span>
    </p>
   </div>
   <div class='ocr_carea' id='block_1_13' title="bbox 413 1277 1974 1348">
    <p class='ocr_par' dir='ltr' id='par_1_13' title="bbox 413 1277 1974 1348">
     <span class='ocr_line' id='line_1_13' title="bbox 413 1277 1974 1348; baseline 0 -17"><span class='ocrx_word' id='word_1_87' title='bbox 413 1279 569 1348; x_wconf 92' lang='lat' dir='ltr'>ginti.</span> <span class='ocrx_word' id='word_1_88' title='bbox 585 1277 993 1348; x_wconf 62' lang='lat' dir='ltr'>IEquinoctium</span> <span class='ocrx_word' id='word_1_89' title='bbox 1013 1294 1237 1333; x_wconf 90' lang='lat' dir='ltr'>vernum</span> <span class='ocrx_word' id='word_1_90' title='bbox 1255 1278 1473 1334; x_wconf 88' lang='lat' dir='ltr'>aPlinio</span> <span class='ocrx_word' id='word_1_91' title='bbox 1494 1280 1774 1335; x_wconf 89' lang='lat' dir='ltr'>confertur</span> <span class='ocrx_word' id='word_1_92' title='bbox 1800 1281 1854 1334; x_wconf 93' lang='lat' dir='ltr'>in</span> <span class='ocrx_word' id='word_1_93' title='bbox 1881 1295 1974 1332; x_wconf 81' lang='lat' dir='ltr'>vni</span> 
     </span>
    </p>
   </div>
   <div class='ocr_carea' id='block_1_14' title="bbox 412 1367 1979 1438">
    <p class='ocr_par' dir='ltr' id='par_1_14' title="bbox 412 1367 1979 1438">
     <span class='ocr_line' id='line_1_14' title="bbox 412 1367 1979 1438; baseline 0.001 -17"><span class='ocrx_word' id='word_1_94' title='bbox 412 1369 586 1438; x_wconf 78' lang='lat' dir='ltr'>April,</span> <span class='ocrx_word' id='word_1_95' title='bbox 603 1367 884 1429; x_wconf 83' lang='lat' dir='ltr'>Kalendas.</span> <span class='ocrx_word' id='word_1_96' title='bbox 906 1385 935 1422; x_wconf 88' lang='lat' dir='ltr'>a</span> <span class='ocrx_word' id='word_1_97' title='bbox 953 1384 1061 1438; x_wconf 89' lang='lat' dir='ltr'>quo</span> <span class='ocrx_word' id='word_1_98' title='bbox 1080 1370 1355 1425; x_wconf 89' lang='lat' dir='ltr'>secundus</span> <span class='ocrx_word' id='word_1_99' title='bbox 1370 1379 1423 1424; x_wconf 91' lang='lat' dir='ltr'>et</span> <span class='ocrx_word' id='word_1_100' title='bbox 1437 1371 1744 1426; x_wconf 87' lang='lat' dir='ltr'>tricesimus</span> <span class='ocrx_word' id='word_1_101' title='bbox 1760 1371 1874 1425; x_wconf 90' lang='lat' dir='ltr'>dies</span> <span class='ocrx_word' id='word_1_102' title='bbox 1895 1379 1979 1426; x_wconf 92' lang='lat' dir='ltr'>est</span> 
     </span>
    </p>
   </div>
   <div class='ocr_carea' id='block_1_15' title="bbox 412 1459 1978 1532">
    <p class='ocr_par' dir='ltr' id='par_1_15' title="bbox 412 1459 1978 1532">
     <span class='ocr_line' id='line_1_15' title="bbox 412 1459 1978 1532; baseline 0.001 -18"><span class='ocrx_word' id='word_1_103' title='bbox 412 1477 465 1514; x_wconf 71' lang='lat' dir='ltr'>vn</span> <span class='ocrx_word' id='word_1_104' title='bbox 493 1459 760 1515; x_wconf 81' lang='lat' dir='ltr'>Kalendas</span> <span class='ocrx_word' id='word_1_105' title='bbox 792 1459 980 1515; x_wconf 84' lang='lat' dir='ltr'>Maias.</span> <span class='ocrx_word' id='word_1_106' title='bbox 1018 1459 1328 1530; x_wconf 85' lang='lat' dir='ltr'>Legendum</span> <span class='ocrx_word' id='word_1_107' title='bbox 1365 1461 1548 1532; x_wconf 87' lang='lat' dir='ltr'>itaque</span> <span class='ocrx_word' id='word_1_108' title='bbox 1583 1463 1774 1517; x_wconf 87' lang='lat' dir='ltr'>fuerit:</span> <span class='ocrx_word' id='word_1_109' title='bbox 1807 1482 1825 1514; x_wconf 72' lang='grc' dir='ltr'>ί</span> <span class='ocrx_word' id='word_1_110' title='bbox 1855 1471 1978 1532; x_wconf 87' lang='lat' dir='ltr'>post</span> 
     </span>
    </p>
   </div>
   <div class='ocr_carea' id='block_1_16' title="bbox 413 1535 1979 1622">
    <p class='ocr_par' dir='ltr' id='par_1_16' title="bbox 413 1535 1979 1622">
     <span class='ocr_line' id='line_1_16' title="bbox 413 1535 1979 1622; baseline 0.003 -16"><span class='ocrx_word' id='word_1_111' title='bbox 413 1553 532 1607; x_wconf 91' lang='lat' dir='ltr'>dies</span> <span class='ocrx_word' id='word_1_112' title='bbox 581 1569 747 1607; x_wconf 90' lang='lat' dir='ltr'>unum</span> <span class='ocrx_word' id='word_1_113' title='bbox 778 1535 1110 1622; x_wconf 42' lang='lat' dir='ltr'>et.triginta.</span> <span class='ocrx_word' id='word_1_114' title='bbox 1147 1573 1164 1605; x_wconf 74' lang='grc' dir='ltr'><strong><em>ι</em></strong></span> <span class='ocrx_word' id='word_1_115' title='bbox 1211 1553 1357 1608; x_wconf 84' lang='lat' dir='ltr'>Idem</span> <span class='ocrx_word' id='word_1_116' title='bbox 1393 1553 1604 1610; x_wconf 83' lang='lat' dir='ltr'>Plinius</span> <span class='ocrx_word' id='word_1_117' title='bbox 1629 1571 1698 1610; x_wconf 91' lang='lat' dir='ltr'>ex</span> <span class='ocrx_word' id='word_1_118' title='bbox 1733 1553 1979 1610; x_wconf 72' lang='lat' dir='ltr'>Varrone</span> 
     </span>
    </p>
   </div>
   <div class='ocr_carea' id='block_1_17' title="bbox 413 1643 1980 1716">
    <p class='ocr_par' dir='ltr' id='par_1_17' title="bbox 413 1643 1980 1716">
     <span class='ocr_line' id='line_1_17' title="bbox 413 1643 1980 1716; baseline 0.001 -18"><span class='ocrx_word' id='word_1_119' title='bbox 413 1643 581 1698; x_wconf 80' lang='lat' dir='ltr'><strong>refert</strong></span> <span class='ocrx_word' id='word_1_120' title='bbox 626 1659 880 1699; x_wconf 85' lang='lat' dir='ltr'>occasum</span> <span class='ocrx_word' id='word_1_121' title='bbox 915 1643 1190 1698; x_wconf 63' lang='lat' dir='ltr'>Caniculae</span> <span class='ocrx_word' id='word_1_122' title='bbox 1243 1645 1298 1698; x_wconf 90' lang='lat' dir='ltr'>in</span> <span class='ocrx_word' id='word_1_123' title='bbox 1340 1644 1617 1699; x_wconf 84' lang='lat' dir='ltr'>decimam</span> <span class='ocrx_word' id='word_1_124' title='bbox 1662 1644 1826 1700; x_wconf 87' lang='lat' dir='ltr'>Tauri</span> <span class='ocrx_word' id='word_1_125' title='bbox 1854 1662 1980 1716; x_wconf 85' lang='lat' dir='ltr'>par-</span> 
     </span>
    </p>
   </div>
   <div class='ocr_carea' id='block_1_18' title="bbox 400 1734 1978 1810">
    <p class='ocr_par' dir='ltr' id='par_1_18' title="bbox 400 1734 1978 1810">
     <span class='ocr_line' id='line_1_18' title="bbox 400 1734 1978 1810; baseline 0.003 -21"><span class='ocrx_word' id='word_1_126' title='bbox 400 1744 544 1792; x_wconf 82' lang='lat' dir='ltr'>tem.</span> <span class='ocrx_word' id='word_1_127' title='bbox 581 1734 736 1802; x_wconf 87' lang='lat' dir='ltr'>Quod</span> <span class='ocrx_word' id='word_1_128' title='bbox 789 1736 938 1790; x_wconf 92' lang='lat' dir='ltr'>illius</span> <span class='ocrx_word' id='word_1_129' title='bbox 995 1738 1187 1792; x_wconf 61' lang='lat' dir='ltr'>saeculi</span> <span class='ocrx_word' id='word_1_130' title='bbox 1244 1737 1487 1806; x_wconf 87' lang='lat' dir='ltr'>opinioni</span> <span class='ocrx_word' id='word_1_131' title='bbox 1543 1739 1814 1808; x_wconf 84' lang='lat' dir='ltr'>congruit,</span> <span class='ocrx_word' id='word_1_132' title='bbox 1857 1754 1978 1810; x_wconf 80' lang='lat' dir='ltr'>quae</span> 
     </span>
    </p>
   </div>
   <div class='ocr_carea' id='block_1_19' title="bbox 2074 543 3612 619">
    <p class='ocr_par' dir='ltr' id='par_1_19' title="bbox 2074 543 3612 619">
     <span class='ocr_line' id='line_1_19' title="bbox 2074 543 3612 619; baseline -0.005 -17"><span class='ocrx_word' id='word_1_133' title='bbox 2074 549 2252 618; x_wconf 84' lang='lat' dir='ltr'>capita</span> <span class='ocrx_word' id='word_1_134' title='bbox 2323 554 2672 619; x_wconf 81' lang='lat' dir='ltr'>gravantur;</span> <span class='ocrx_word' id='word_1_135' title='bbox 2721 554 2775 600; x_wconf 89' lang='lat' dir='ltr'>et</span> <span class='ocrx_word' id='word_1_136' title='bbox 2856 561 2967 614; x_wconf 67' lang='lat' dir='ltr'>pra:</span> <span class='ocrx_word' id='word_1_137' title='bbox 3037 543 3328 616; x_wconf 81' lang='lat' dir='ltr'>frugibus,</span> <span class='ocrx_word' id='word_1_138' title='bbox 3387 556 3455 596; x_wconf 91' lang='lat' dir='ltr'>ac</span> <span class='ocrx_word' id='word_1_139' title='bbox 3521 555 3612 594; x_wconf 86' lang='lat' dir='ltr'>me-</span> 
     </span>
    </p>
   </div>
   <div class='ocr_carea' id='block_1_20' title="bbox 2076 632 3612 708">
    <p class='ocr_par' dir='ltr' id='par_1_20' title="bbox 2076 632 3612 708">
     <span class='ocr_line' id='line_1_20' title="bbox 2076 632 3612 708; baseline -0.005 -14"><span class='ocrx_word' id='word_1_140' title='bbox 2076 641 2222 695; x_wconf 88' lang='lat' dir='ltr'><strong>tendi</strong></span> <span class='ocrx_word' id='word_1_141' title='bbox 2256 641 2570 695; x_wconf 89' lang='lat' dir='ltr'>maturitate</span> <span class='ocrx_word' id='word_1_142' title='bbox 2619 639 2992 703; x_wconf 89' lang='lat' dir='ltr'>inclinantur;</span> <span class='ocrx_word' id='word_1_143' title='bbox 3041 646 3302 708; x_wconf 86' lang='lat' dir='ltr'>tanquam</span> <span class='ocrx_word' id='word_1_144' title='bbox 3348 634 3417 689; x_wconf 92' lang='lat' dir='ltr'>ad</span> <span class='ocrx_word' id='word_1_145' title='bbox 3447 648 3503 689; x_wconf 89' lang='lat' dir='ltr'>se</span> <span class='ocrx_word' id='word_1_146' title='bbox 3531 632 3612 687; x_wconf 87' lang='lat' dir='ltr'>fal-</span> 
     </span>
    </p>
   </div>
   <div class='ocr_carea' id='block_1_21' title="bbox 2074 725 3612 800">
    <p class='ocr_par' dir='ltr' id='par_1_21' title="bbox 2074 725 3612 800">
     <span class='ocr_line' id='line_1_21' title="bbox 2074 725 3612 800; baseline -0.006 -13"><span class='ocrx_word' id='word_1_147' title='bbox 2074 747 2190 787; x_wconf 87' lang='lat' dir='ltr'>cem</span> <span class='ocrx_word' id='word_1_148' title='bbox 2236 732 2484 786; x_wconf 90' lang='lat' dir='ltr'>invitent.</span> <span class='ocrx_word' id='word_1_149' title='bbox 2513 751 2552 789; x_wconf 73' lang='grc' dir='ltr'>,ι</span> <span class='ocrx_word' id='word_1_150' title='bbox 2596 731 2722 800; x_wconf 84' lang='lat' dir='ltr'>Agit</span> <span class='ocrx_word' id='word_1_151' title='bbox 2776 737 2956 784; x_wconf 89' lang='lat' dir='ltr'>autem</span> <span class='ocrx_word' id='word_1_152' title='bbox 2991 728 3059 783; x_wconf 92' lang='lat' dir='ltr'>de</span> <span class='ocrx_word' id='word_1_153' title='bbox 3103 726 3347 782; x_wconf 86' lang='lat' dir='ltr'>Sabbato</span> <span class='ocrx_word' id='word_1_154' title='bbox 3388 725 3612 779; x_wconf 60' lang='lat' dir='ltr'>deutert»</span> 
     </span>
    </p>
   </div>
   <div class='ocr_carea' id='block_1_22' title="bbox 2075 814 3613 892">
    <p class='ocr_par' dir='ltr' id='par_1_22' title="bbox 2075 814 3613 892">
     <span class='ocr_line' id='line_1_22' title="bbox 2075 814 3613 892; baseline -0.008 -17"><span class='ocrx_word' id='word_1_155' title='bbox 2075 830 2269 892; x_wconf 89' lang='lat' dir='ltr'>proto;</span> <span class='ocrx_word' id='word_1_156' title='bbox 2302 820 2447 891; x_wconf 90' lang='lat' dir='ltr'>quod</span> <span class='ocrx_word' id='word_1_157' title='bbox 2497 837 2620 876; x_wconf 90' lang='lat' dir='ltr'>esse</span> <span class='ocrx_word' id='word_1_158' title='bbox 2659 819 2800 874; x_wconf 90' lang='lat' dir='ltr'>idem</span> <span class='ocrx_word' id='word_1_159' title='bbox 2827 815 3108 872; x_wconf 80' lang='lat' dir='ltr'>existimat</span> <span class='ocrx_word' id='word_1_160' title='bbox 3137 830 3201 868; x_wconf 92' lang='lat' dir='ltr'>ac</span> <span class='ocrx_word' id='word_1_161' title='bbox 3231 814 3470 884; x_wconf 89' lang='lat' dir='ltr'>primam</span> <span class='ocrx_word' id='word_1_162' title='bbox 3511 825 3613 881; x_wconf 80' lang='lat' dir='ltr'>azy-</span> 
     </span>
    </p>
   </div>
   <div class='ocr_carea' id='block_1_23' title="bbox 2075 903 3613 978">
    <p class='ocr_par' dir='ltr' id='par_1_23' title="bbox 2075 903 3613 978">
     <span class='ocr_line' id='line_1_23' title="bbox 2075 903 3613 978; baseline -0.007 -12"><span class='ocrx_word' id='word_1_163' title='bbox 2075 928 2289 967; x_wconf 89' lang='lat' dir='ltr'>morum</span> <span class='ocrx_word' id='word_1_164' title='bbox 2327 912 2491 967; x_wconf 89' lang='lat' dir='ltr'>diem.</span> <span class='ocrx_word' id='word_1_165' title='bbox 2530 909 2710 976; x_wconf 81' lang='lat' dir='ltr'>Quare</span> <span class='ocrx_word' id='word_1_166' title='bbox 2739 925 2806 970; x_wconf 84' lang='lat' dir='ltr'>ex</span> <span class='ocrx_word' id='word_1_167' title='bbox 2843 908 2966 978; x_wconf 88' lang='lat' dir='ltr'>ejus</span> <span class='ocrx_word' id='word_1_168' title='bbox 2994 907 3322 962; x_wconf 86' lang='lat' dir='ltr'>auctoritate</span> <span class='ocrx_word' id='word_1_169' title='bbox 3354 904 3540 972; x_wconf 88' lang='lat' dir='ltr'>liquet,</span> <span class='ocrx_word' id='word_1_170' title='bbox 3571 903 3613 955; x_wconf 87' lang='lat' dir='ltr'>in</span> 
     </span>
    </p>
   </div>
   <div class='ocr_carea' id='block_1_24' title="bbox 2077 1002 3614 1075">
    <p class='ocr_par' dir='ltr' id='par_1_24' title="bbox 2077 1002 3614 1075">
     <span class='ocr_line' id='line_1_24' title="bbox 2077 1002 3614 1075; baseline -0.007 -17"><span class='ocrx_word' id='word_1_171' title='bbox 2077 1002 2332 1075; x_wconf 64' lang='lat' dir='ltr'>Egypto,</span> <span class='ocrx_word' id='word_1_172' title='bbox 2381 1015 2469 1066; x_wconf 84' lang='lat' dir='ltr'>et,</span> <span class='ocrx_word' id='word_1_173' title='bbox 2524 1003 2674 1073; x_wconf 92' lang='lat' dir='ltr'>quod</span> <span class='ocrx_word' id='word_1_174' title='bbox 2735 1010 2845 1056; x_wconf 91' lang='lat' dir='ltr'>tam</span> <span class='ocrx_word' id='word_1_175' title='bbox 2915 1002 3096 1071; x_wconf 74' lang='lat' dir='ltr'>reipsa</span> <span class='ocrx_word' id='word_1_176' title='bbox 3147 1011 3496 1067; x_wconf 88' lang='lat' dir='ltr'>consequens</span> <span class='ocrx_word' id='word_1_177' title='bbox 3530 1007 3614 1060; x_wconf 86' lang='lat' dir='ltr'>est,</span> 
     </span>
    </p>
   </div>
   <div class='ocr_carea' id='block_1_25' title="bbox 2077 1091 3616 1166">
    <p class='ocr_par' dir='ltr' id='par_1_25' title="bbox 2077 1091 3616 1166">
     <span class='ocr_line' id='line_1_25' title="bbox 2077 1091 3616 1166; baseline -0.005 -14"><span class='ocrx_word' id='word_1_178' title='bbox 2077 1113 2240 1166; x_wconf 92' lang='lat' dir='ltr'>quam</span> <span class='ocrx_word' id='word_1_179' title='bbox 2267 1097 2336 1152; x_wconf 90' lang='lat' dir='ltr'>ab</span> <span class='ocrx_word' id='word_1_180' title='bbox 2381 1095 2571 1152; x_wconf 90' lang='lat' dir='ltr'>eodem</span> <span class='ocrx_word' id='word_1_181' title='bbox 2613 1095 2994 1159; x_wconf 85' lang='lat' dir='ltr'>concluditur;</span> <span class='ocrx_word' id='word_1_182' title='bbox 3023 1094 3205 1151; x_wconf 88' lang='lat' dir='ltr'>.etiam</span> <span class='ocrx_word' id='word_1_183' title='bbox 3243 1094 3299 1146; x_wconf 91' lang='lat' dir='ltr'>in</span> <span class='ocrx_word' id='word_1_184' title='bbox 3329 1091 3616 1154; x_wconf 69' lang='lat' dir='ltr'>Palaestina,</span> 
     </span>
    </p>
   </div>
   <div class='ocr_carea' id='block_1_26' title="bbox 2075 1181 3618 1258">
    <p class='ocr_par' dir='ltr' id='par_1_26' title="bbox 2075 1181 3618 1258">
     <span class='ocr_line' id='line_1_26' title="bbox 2075 1181 3618 1258; baseline -0.005 -16"><span class='ocrx_word' id='word_1_185' title='bbox 2075 1196 2320 1244; x_wconf 88' lang='lat' dir='ltr'>maturas</span> <span class='ocrx_word' id='word_1_186' title='bbox 2348 1203 2446 1258; x_wconf 90' lang='lat' dir='ltr'>per</span> <span class='ocrx_word' id='word_1_187' title='bbox 2473 1188 2614 1243; x_wconf 93' lang='lat' dir='ltr'>idem</span> <span class='ocrx_word' id='word_1_188' title='bbox 2661 1195 2874 1256; x_wconf 88' lang='lat' dir='ltr'>tempus</span> <span class='ocrx_word' id='word_1_189' title='bbox 2903 1193 3118 1256; x_wconf 84' lang='lat' dir='ltr'>segetes</span> <span class='ocrx_word' id='word_1_190' title='bbox 3147 1185 3214 1238; x_wconf 92' lang='lat' dir='ltr'>ad</span> <span class='ocrx_word' id='word_1_191' title='bbox 3240 1198 3477 1238; x_wconf 86' lang='lat' dir='ltr'>messem</span> <span class='ocrx_word' id='word_1_192' title='bbox 3504 1181 3618 1235; x_wconf 84' lang='lat' dir='ltr'>fuis-</span> 
     </span>
    </p>
   </div>
   <div class='ocr_carea' id='block_1_27' title="bbox 2076 1273 3620 1342">
    <p class='ocr_par' dir='ltr' id='par_1_27' title="bbox 2076 1273 3620 1342">
     <span class='ocr_line' id='line_1_27' title="bbox 2076 1273 3620 1342; baseline -0.004 -10"><span class='ocrx_word' id='word_1_193' title='bbox 2076 1293 2153 1332; x_wconf 92' lang='lat' dir='ltr'>se.</span> <span class='ocrx_word' id='word_1_194' title='bbox 2210 1277 2350 1332; x_wconf 92' lang='lat' dir='ltr'>Sunt</span> <span class='ocrx_word' id='word_1_195' title='bbox 2403 1279 2550 1332; x_wconf 90' lang='lat' dir='ltr'>enim</span> <span class='ocrx_word' id='word_1_196' title='bbox 2595 1277 2758 1332; x_wconf 89' lang='lat' dir='ltr'>ambo</span> <span class='ocrx_word' id='word_1_197' title='bbox 2797 1276 2876 1330; x_wconf 92' lang='lat' dir='ltr'>illi</span> <span class='ocrx_word' id='word_1_198' title='bbox 2928 1283 3140 1331; x_wconf 91' lang='lat' dir='ltr'>tractus</span> <span class='ocrx_word' id='word_1_199' title='bbox 3181 1275 3285 1330; x_wconf 89' lang='lat' dir='ltr'>sub</span> <span class='ocrx_word' id='word_1_200' title='bbox 3312 1274 3502 1328; x_wconf 86' lang='lat' dir='ltr'>eadem</span> <span class='ocrx_word' id='word_1_201' title='bbox 3529 1273 3620 1342; x_wconf 91' lang='lat' dir='ltr'>poli</span> 
     </span>
    </p>
   </div>
   <div class='ocr_carea' id='block_1_28' title="bbox 2077 1371 2509 1428">
    <p class='ocr_par' dir='ltr' id='par_1_28' title="bbox 2077 1371 2509 1428">
     <span class='ocr_line' id='line_1_28' title="bbox 2077 1371 2509 1428; baseline 0.009 -4"><span class='ocrx_word' id='word_1_202' title='bbox 2077 1372 2366 1426; x_wconf 88' lang='lat' dir='ltr'>altitudine</span> <span class='ocrx_word' id='word_1_203' title='bbox 2394 1371 2509 1428; x_wconf 91' lang='lat' dir='ltr'>siti.</span> 
     </span>
    </p>
   </div>
   <div class='ocr_carea' id='block_1_29' title="bbox 2146 1456 3624 1527">
    <p class='ocr_par' dir='ltr' id='par_1_29' title="bbox 2146 1456 3624 1527">
     <span class='ocr_line' id='line_1_29' title="bbox 2146 1456 3624 1527; baseline -0.003 -14"><span class='ocrx_word' id='word_1_204' title='bbox 2146 1459 2269 1514; x_wconf 84' lang='lat' dir='ltr'>Haec</span> <span class='ocrx_word' id='word_1_205' title='bbox 2289 1476 2414 1514; x_wconf 92' lang='lat' dir='ltr'>cum</span> <span class='ocrx_word' id='word_1_206' title='bbox 2433 1461 2485 1514; x_wconf 90' lang='lat' dir='ltr'>in</span> <span class='ocrx_word' id='word_1_207' title='bbox 2505 1458 3085 1514; x_wconf 81' lang='lat' dir='ltr'>Animadversionibus</span> <span class='ocrx_word' id='word_1_208' title='bbox 3105 1456 3503 1527; x_wconf 84' lang='lat' dir='ltr'>Epiphanianis</span> <span class='ocrx_word' id='word_1_209' title='bbox 3517 1465 3624 1509; x_wconf 85' lang='lat' dir='ltr'>ante</span> 
     </span>
    </p>
   </div>
   <div class='ocr_carea' id='block_1_30' title="bbox 2076 1546 3622 1621">
    <p class='ocr_par' dir='ltr' id='par_1_30' title="bbox 2076 1546 3622 1621">
     <span class='ocr_line' id='line_1_30' title="bbox 2076 1546 3622 1621; baseline -0.001 -18"><span class='ocrx_word' id='word_1_210' title='bbox 2076 1550 2283 1620; x_wconf 90' lang='lat' dir='ltr'>aliquot</span> <span class='ocrx_word' id='word_1_211' title='bbox 2336 1565 2510 1607; x_wconf 90' lang='lat' dir='ltr'>annos</span> <span class='ocrx_word' id='word_1_212' title='bbox 2561 1551 2936 1606; x_wconf 88' lang='lat' dir='ltr'>observassem</span> <span class='ocrx_word' id='word_1_213' title='bbox 2993 1550 3097 1621; x_wconf 81' lang='lat' dir='ltr'>(Ad</span> <span class='ocrx_word' id='word_1_214' title='bbox 3166 1550 3315 1602; x_wconf 64' lang='lat' dir='ltr'>hier.</span> <span class='ocrx_word' id='word_1_215' title='bbox 3370 1546 3534 1611; x_wconf 83' lang='lat' dir='ltr'><strong>XXX,</strong></span> <span class='ocrx_word' id='word_1_216' title='bbox 3576 1564 3622 1601; x_wconf 92' lang='lat' dir='ltr'>n.</span> 
     </span>
    </p>
   </div>
   <div class='ocr_carea' id='block_1_31' title="bbox 2075 1640 3626 1714">
    <p class='ocr_par' dir='ltr' id='par_1_31' title="bbox 2075 1640 3626 1714">
     <span class='ocr_line' id='line_1_31' title="bbox 2075 1640 3626 1714; baseline -0.002 -18"><span class='ocrx_word' id='word_1_217' title='bbox 2075 1642 2290 1714; x_wconf 82' lang='lat' dir='ltr'><strong>XXXI),</strong></span> <span class='ocrx_word' id='word_1_218' title='bbox 2319 1645 2434 1698; x_wconf 89' lang='lat' dir='ltr'>visa</span> <span class='ocrx_word' id='word_1_219' title='bbox 2466 1660 2576 1698; x_wconf 91' lang='lat' dir='ltr'>non</span> <span class='ocrx_word' id='word_1_220' title='bbox 2613 1643 2816 1698; x_wconf 90' lang='lat' dir='ltr'>nemini</span> <span class='ocrx_word' id='word_1_221' title='bbox 2854 1642 3093 1698; x_wconf 90' lang='lat' dir='ltr'>absurda</span> <span class='ocrx_word' id='word_1_222' title='bbox 3138 1657 3226 1697; x_wconf 89' lang='lat' dir='ltr'>res</span> <span class='ocrx_word' id='word_1_223' title='bbox 3258 1649 3383 1706; x_wconf 90' lang='lat' dir='ltr'>est,</span> <span class='ocrx_word' id='word_1_224' title='bbox 3414 1641 3504 1710; x_wconf 92' lang='lat' dir='ltr'>qui</span> <span class='ocrx_word' id='word_1_225' title='bbox 3535 1640 3626 1694; x_wconf 68' lang='grc' dir='ltr'>[ει.</span> 
     </span>
    </p>
   </div>
   <div class='ocr_carea' id='block_1_32' title="bbox 2077 1731 3628 1806">
    <p class='ocr_par' dir='ltr' id='par_1_32' title="bbox 2077 1731 3628 1806">
     <span class='ocr_line' id='line_1_32' title="bbox 2077 1731 3628 1806; baseline -0.003 -16"><span class='ocrx_word' id='word_1_226' title='bbox 2077 1750 2193 1790; x_wconf 89' lang='lat' dir='ltr'>sam</span> <span class='ocrx_word' id='word_1_227' title='bbox 2223 1736 2534 1806; x_wconf 87' lang='lat' dir='ltr'>opinionem</span> <span class='ocrx_word' id='word_1_228' title='bbox 2559 1751 2681 1791; x_wconf 88' lang='lat' dir='ltr'>esse</span> <span class='ocrx_word' id='word_1_229' title='bbox 2701 1745 2945 1792; x_wconf 88' lang='lat' dir='ltr'>nostram</span> <span class='ocrx_word' id='word_1_230' title='bbox 2977 1737 3187 1806; x_wconf 83' lang='lat' dir='ltr'>putavit</span> <span class='ocrx_word' id='word_1_231' title='bbox 3220 1750 3390 1804; x_wconf 87' lang='lat' dir='ltr'>super</span> <span class='ocrx_word' id='word_1_232' title='bbox 3408 1731 3628 1787; x_wconf 86' lang='lat' dir='ltr'>Sabban</span> 
     </span>
    </p>
   </div>
   <div class='ocr_carea' id='block_1_33' title="bbox 402 1825 3628 1899">
    <p class='ocr_par' dir='ltr' id='par_1_33' title="bbox 402 1825 3628 1899">
     <span class='ocr_line' id='line_1_33' title="bbox 402 1825 3628 1899; baseline 0 -17"><span class='ocrx_word' id='word_1_233' title='bbox 402 1828 720 1899; x_wconf 88' lang='lat' dir='ltr'>ingressum</span> <span class='ocrx_word' id='word_1_234' title='bbox 758 1829 814 1884; x_wconf 91' lang='lat' dir='ltr'>in</span> <span class='ocrx_word' id='word_1_235' title='bbox 837 1828 1276 1884; x_wconf 91' lang='lat' dir='ltr'>dodecatemoria</span> <span class='ocrx_word' id='word_1_236' title='bbox 1309 1840 1504 1884; x_wconf 85' lang='lat' dir='ltr'>octavo</span> <span class='ocrx_word' id='word_1_237' title='bbox 1549 1841 1678 1886; x_wconf 89' lang='lat' dir='ltr'>ante</span> <span class='ocrx_word' id='word_1_238' title='bbox 1717 1833 1976 1888; x_wconf 85' lang='lat' dir='ltr'>cardines</span> <span class='ocrx_word' id='word_1_239' title='bbox 2009 1830 2052 1888; x_wconf 70' lang='grc'><strong>8</strong></span> <span class='ocrx_word' id='word_1_240' title='bbox 2078 1828 2482 1898; x_wconf 89' lang='lat' dir='ltr'>deuteroproto.</span> <span class='ocrx_word' id='word_1_241' title='bbox 2531 1828 2687 1894; x_wconf 88' lang='lat' dir='ltr'>Quod</span> <span class='ocrx_word' id='word_1_242' title='bbox 2719 1845 2841 1882; x_wconf 88' lang='lat' dir='ltr'>cum</span> <span class='ocrx_word' id='word_1_243' title='bbox 2873 1828 3150 1899; x_wconf 89' lang='lat' dir='ltr'>Scaligero</span> <span class='ocrx_word' id='word_1_244' title='bbox 3177 1828 3312 1882; x_wconf 91' lang='lat' dir='ltr'>illud</span> <span class='ocrx_word' id='word_1_245' title='bbox 3352 1843 3477 1883; x_wconf 88' lang='lat' dir='ltr'>esse</span> <span class='ocrx_word' id='word_1_246' title='bbox 3505 1825 3628 1882; x_wconf 82' lang='lat' dir='ltr'>Sab-</span> 
     </span>
    </p>
   </div>
   <div class='ocr_carea' id='block_1_34' title="bbox 397 1919 1973 1991">
    <p class='ocr_par' dir='ltr' id='par_1_34' title="bbox 397 1919 1973 1991">
     <span class='ocr_line' id='line_1_34' title="bbox 397 1919 1973 1991; baseline 0.003 -16"><span class='ocrx_word' id='word_1_247' title='bbox 397 1921 502 1975; x_wconf 91' lang='lat' dir='ltr'>-die</span> <span class='ocrx_word' id='word_1_248' title='bbox 532 1921 973 1991; x_wconf 64' lang='lat' dir='ltr'>repraesentabat.</span> <span class='ocrx_word' id='word_1_249' title='bbox 1010 1919 1080 1975; x_wconf 94' lang='lat' dir='ltr'>Ut</span> <span class='ocrx_word' id='word_1_250' title='bbox 1119 1921 1283 1990; x_wconf 87' lang='lat' dir='ltr'>igitur</span> <span class='ocrx_word' id='word_1_251' title='bbox 1304 1924 1360 1975; x_wconf 89' lang='lat' dir='ltr'>in</span> <span class='ocrx_word' id='word_1_252' title='bbox 1397 1922 1635 1976; x_wconf 86' lang='lat' dir='ltr'>Taurum</span> <span class='ocrx_word' id='word_1_253' title='bbox 1667 1924 1858 1979; x_wconf 85' lang='lat' dir='ltr'>subeat</span> <span class='ocrx_word' id='word_1_254' title='bbox 1891 1927 1973 1979; x_wconf 86' lang='lat' dir='ltr'>sol</span> 
     </span>
    </p>
   </div>
   <div class='ocr_carea' id='block_1_35' title="bbox 412 2013 1975 2086">
    <p class='ocr_par' dir='ltr' id='par_1_35' title="bbox 412 2013 1975 2086">
     <span class='ocr_line' id='line_1_35' title="bbox 412 2013 1975 2086; baseline 0.003 -18"><span class='ocrx_word' id='word_1_255' title='bbox 412 2030 509 2068; x_wconf 85' lang='lat' dir='ltr'>xm</span> <span class='ocrx_word' id='word_1_256' title='bbox 538 2013 807 2069; x_wconf 90' lang='lat' dir='ltr'>Kalendas</span> <span class='ocrx_word' id='word_1_257' title='bbox 839 2013 1030 2078; x_wconf 80' lang='lat' dir='ltr'>Maias,</span> <span class='ocrx_word' id='word_1_258' title='bbox 1080 2014 1292 2069; x_wconf 83' lang='lat' dir='ltr'>decima</span> <span class='ocrx_word' id='word_1_259' title='bbox 1340 2031 1467 2086; x_wconf 86' lang='lat' dir='ltr'>pars</span> <span class='ocrx_word' id='word_1_260' title='bbox 1518 2017 1638 2086; x_wconf 86' lang='lat' dir='ltr'>ejus</span> <span class='ocrx_word' id='word_1_261' title='bbox 1691 2019 1747 2072; x_wconf 89' lang='lat' dir='ltr'>in</span> <span class='ocrx_word' id='word_1_262' title='bbox 1783 2036 1834 2074; x_wconf 85' lang='lat' dir='ltr'>tv</span> <span class='ocrx_word' id='word_1_263' title='bbox 1868 2019 1975 2074; x_wconf 83' lang='lat' dir='ltr'>Ka-</span> 
     </span>
    </p>
   </div>
   <div class='ocr_carea' id='block_1_36' title="bbox 400 2107 1976 2176">
    <p class='ocr_par' dir='ltr' id='par_1_36' title="bbox 400 2107 1976 2176">
     <span class='ocr_line' id='line_1_36' title="bbox 400 2107 1976 2176; baseline 0.003 -15"><span class='ocrx_word' id='word_1_264' title='bbox 400 2107 604 2161; x_wconf 79' lang='lat' dir='ltr'>lendas</span> <span class='ocrx_word' id='word_1_265' title='bbox 635 2107 839 2160; x_wconf 85' lang='lat' dir='ltr'>incidet</span> <span class='ocrx_word' id='word_1_266' title='bbox 872 2122 890 2160; x_wconf 92' lang='lat'><strong><em>:</em></strong></span> <span class='ocrx_word' id='word_1_267' title='bbox 921 2122 1031 2176; x_wconf 92' lang='lat' dir='ltr'>quo</span> <span class='ocrx_word' id='word_1_268' title='bbox 1067 2107 1153 2162; x_wconf 91' lang='lat' dir='ltr'>die</span> <span class='ocrx_word' id='word_1_269' title='bbox 1191 2107 1516 2166; x_wconf 73' lang='lat' dir='ltr'>Ptolemmus</span> <span class='ocrx_word' id='word_1_270' title='bbox 1563 2108 1750 2166; x_wconf 54' lang='lat' dir='ltr'>Graece</span> <span class='ocrx_word' id='word_1_271' title='bbox 1792 2125 1824 2164; x_wconf 88' lang='lat' dir='ltr'>a</span> <span class='ocrx_word' id='word_1_272' title='bbox 1875 2128 1976 2166; x_wconf 90' lang='lat' dir='ltr'>no-</span> 
     </span>
    </p>
   </div>
   <div class='ocr_carea' id='block_1_37' title="bbox 413 2199 1976 2267">
    <p class='ocr_par' dir='ltr' id='par_1_37' title="bbox 413 2199 1976 2267">
     <span class='ocr_line' id='line_1_37' title="bbox 413 2199 1976 2267; baseline 0.004 -15"><span class='ocrx_word' id='word_1_273' title='bbox 413 2199 499 2254; x_wconf 86' lang='lat' dir='ltr'>bis</span> <span class='ocrx_word' id='word_1_274' title='bbox 530 2199 776 2267; x_wconf 85' lang='lat' dir='ltr'>vulgatus</span> <span class='ocrx_word' id='word_1_275' title='bbox 817 2213 1075 2254; x_wconf 89' lang='lat' dir='ltr'>occasum</span> <span class='ocrx_word' id='word_1_276' title='bbox 1106 2199 1271 2254; x_wconf 91' lang='lat' dir='ltr'>Canis</span> <span class='ocrx_word' id='word_1_277' title='bbox 1299 2200 1598 2257; x_wconf 85' lang='lat' dir='ltr'>adnotavit.</span> <span class='ocrx_word' id='word_1_278' title='bbox 1632 2201 1852 2258; x_wconf 73' lang='lat' dir='ltr'>Tabulae</span> <span class='ocrx_word' id='word_1_279' title='bbox 1886 2221 1976 2258; x_wconf 86' lang='lat' dir='ltr'>no-</span> 
     </span>
    </p>
   </div>
   <div class='ocr_carea' id='block_1_38' title="bbox 413 2289 1974 2349">
    <p class='ocr_par' dir='ltr' id='par_1_38' title="bbox 413 2289 1974 2349">
     <span class='ocr_line' id='line_1_38' title="bbox 413 2289 1974 2349; baseline 0.004 -7"><span class='ocrx_word' id='word_1_280' title='bbox 413 2297 542 2343; x_wconf 80' lang='lat' dir='ltr'>strae</span> <span class='ocrx_word' id='word_1_281' title='bbox 590 2289 860 2342; x_wconf 85' lang='lat' dir='ltr'>beliacum</span> <span class='ocrx_word' id='word_1_282' title='bbox 897 2302 1152 2344; x_wconf 88' lang='lat' dir='ltr'>occasum</span> <span class='ocrx_word' id='word_1_283' title='bbox 1213 2290 1341 2345; x_wconf 89' lang='lat' dir='ltr'>Sirii</span> <span class='ocrx_word' id='word_1_284' title='bbox 1389 2291 1623 2346; x_wconf 89' lang='lat' dir='ltr'>reddunt</span> <span class='ocrx_word' id='word_1_285' title='bbox 1681 2292 1867 2349; x_wconf 69' lang='lat' dir='ltr'>Romze</span> <span class='ocrx_word' id='word_1_286' title='bbox 1919 2295 1974 2348; x_wconf 91' lang='lat' dir='ltr'>in</span> 
     </span>
    </p>
   </div>
   <div class='ocr_carea' id='block_1_39' title="bbox 410 2380 1977 2452">
    <p class='ocr_par' dir='ltr' id='par_1_39' title="bbox 410 2380 1977 2452">
     <span class='ocr_line' id='line_1_39' title="bbox 410 2380 1977 2452; baseline 0.003 -18"><span class='ocrx_word' id='word_1_287' title='bbox 410 2383 581 2452; x_wconf 89' lang='lat' dir='ltr'>gradu</span> <span class='ocrx_word' id='word_1_288' title='bbox 605 2380 768 2436; x_wconf 89' lang='lat' dir='ltr'>Tauri</span> <span class='ocrx_word' id='word_1_289' title='bbox 811 2381 867 2446; x_wconf 85' lang='lat'><strong>5,</strong></span> <span class='ocrx_word' id='word_1_290' title='bbox 901 2382 962 2437; x_wconf 79' lang='grc'>51</span> <span class='ocrx_word' id='word_1_291' title='bbox 979 2388 1014 2437; x_wconf 93' lang='lat'>&#39;.</span> <span class='ocrx_word' id='word_1_292' title='bbox 1055 2381 1229 2447; x_wconf 91' lang='lat' dir='ltr'>Quem</span> <span class='ocrx_word' id='word_1_293' title='bbox 1263 2383 1345 2437; x_wconf 91' lang='lat' dir='ltr'>sol</span> <span class='ocrx_word' id='word_1_294' title='bbox 1395 2384 1577 2438; x_wconf 87' lang='lat' dir='ltr'>adibat</span> <span class='ocrx_word' id='word_1_295' title='bbox 1617 2382 1746 2439; x_wconf 82' lang='lat' dir='ltr'>Julii</span> <span class='ocrx_word' id='word_1_296' title='bbox 1793 2386 1977 2441; x_wconf 79' lang='lat' dir='ltr'>Caesa-</span> 
     </span>
    </p>
   </div>
   <div class='ocr_carea' id='block_1_40' title="bbox 400 2472 1976 2532">
    <p class='ocr_par' dir='ltr' id='par_1_40' title="bbox 400 2472 1976 2532">
     <span class='ocr_line' id='line_1_40' title="bbox 400 2472 1976 2532; baseline 0.003 -6"><span class='ocrx_word' id='word_1_297' title='bbox 400 2475 490 2528; x_wconf 88' lang='lat' dir='ltr'>-ris</span> <span class='ocrx_word' id='word_1_298' title='bbox 524 2480 687 2528; x_wconf 69' lang='lat' dir='ltr'>aetate</span> <span class='ocrx_word' id='word_1_299' title='bbox 719 2473 881 2527; x_wconf 88' lang='lat' dir='ltr'>tertio</span> <span class='ocrx_word' id='word_1_300' title='bbox 931 2473 1153 2528; x_wconf 88' lang='lat' dir='ltr'>circiter</span> <span class='ocrx_word' id='word_1_301' title='bbox 1202 2472 1476 2529; x_wconf 87' lang='lat' dir='ltr'>Kalendas</span> <span class='ocrx_word' id='word_1_302' title='bbox 1515 2474 1706 2529; x_wconf 81' lang='lat' dir='ltr'>Maias.</span> <span class='ocrx_word' id='word_1_303' title='bbox 1766 2474 1976 2532; x_wconf 86' lang='lat' dir='ltr'>Plinius</span> 
     </span>
    </p>
   </div>
   <div class='ocr_carea' id='block_1_41' title="bbox 401 2563 1977 2635">
    <p class='ocr_par' dir='ltr' id='par_1_41' title="bbox 401 2563 1977 2635">
     <span class='ocr_line' id='line_1_41' title="bbox 401 2563 1977 2635; baseline 0.003 -16"><span class='ocrx_word' id='word_1_304' title='bbox 401 2566 663 2635; x_wconf 60' lang='lat' dir='ltr'>&#39;vero,qui</span> <span class='ocrx_word' id='word_1_305' title='bbox 693 2581 767 2619; x_wconf 87' lang='lat' dir='ltr'>vn</span> <span class='ocrx_word' id='word_1_306' title='bbox 796 2563 1065 2620; x_wconf 84' lang='lat' dir='ltr'>Kalendas</span> <span class='ocrx_word' id='word_1_307' title='bbox 1105 2565 1405 2633; x_wconf 86' lang='lat' dir='ltr'>adnotavit,</span> <span class='ocrx_word' id='word_1_308' title='bbox 1436 2582 1504 2622; x_wconf 91' lang='lat' dir='ltr'>ex</span> <span class='ocrx_word' id='word_1_309' title='bbox 1537 2568 1977 2632; x_wconf 79' lang='grc' dir='ltr'>ὲπικαταδύσεως</span> 
     </span>
    </p>
   </div>
   <div class='ocr_carea' id='block_1_42' title="bbox 409 2657 1978 2728">
    <p class='ocr_par' dir='ltr' id='par_1_42' title="bbox 409 2657 1978 2728">
     <span class='ocr_line' id='line_1_42' title="bbox 409 2657 1978 2728; baseline 0.004 -18"><span class='ocrx_word' id='word_1_310' title='bbox 409 2658 737 2728; x_wconf 79' lang='grc' dir='ltr'>φαινομένης</span> <span class='ocrx_word' id='word_1_311' title='bbox 791 2657 1001 2712; x_wconf 89' lang='lat' dir='ltr'>ratione</span> <span class='ocrx_word' id='word_1_312' title='bbox 1055 2658 1340 2712; x_wconf 85' lang='lat' dir='ltr'>conciliari</span> <span class='ocrx_word' id='word_1_313' title='bbox 1379 2667 1576 2727; x_wconf 89' lang='lat' dir='ltr'>potest.</span> <span class='ocrx_word' id='word_1_314' title='bbox 1635 2659 1768 2712; x_wconf 86' lang='lat' dir='ltr'>Nam</span> <span class='ocrx_word' id='word_1_315' title='bbox 1832 2662 1978 2717; x_wconf 84' lang='lat' dir='ltr'>illius</span> 
     </span>
    </p>
   </div>
   <div class='ocr_carea' id='block_1_43' title="bbox 412 2748 1974 2820">
    <p class='ocr_par' dir='ltr' id='par_1_43' title="bbox 412 2748 1974 2820">
     <span class='ocr_line' id='line_1_43' title="bbox 412 2748 1974 2820; baseline 0.004 -19"><span class='ocrx_word' id='word_1_316' title='bbox 412 2748 616 2802; x_wconf 75' lang='lat' dir='ltr'>laxiora</span> <span class='ocrx_word' id='word_1_317' title='bbox 641 2748 816 2802; x_wconf 89' lang='lat' dir='ltr'>solent</span> <span class='ocrx_word' id='word_1_318' title='bbox 839 2763 962 2803; x_wconf 88' lang='lat' dir='ltr'>esse</span> <span class='ocrx_word' id='word_1_319' title='bbox 985 2749 1177 2819; x_wconf 87' lang='lat' dir='ltr'>spatia,</span> <span class='ocrx_word' id='word_1_320' title='bbox 1196 2758 1254 2804; x_wconf 92' lang='lat' dir='ltr'><strong>ut</strong></span> <span class='ocrx_word' id='word_1_321' title='bbox 1273 2764 1438 2820; x_wconf 89' lang='lat' dir='ltr'>supra</span> <span class='ocrx_word' id='word_1_322' title='bbox 1461 2750 1974 2808; x_wconf 88' lang='lat' dir='ltr'>demonstravimus.</span> 
     </span>
    </p>
   </div>
   <div class='ocr_carea' id='block_1_44' title="bbox 410 2837 1976 2898">
    <p class='ocr_par' dir='ltr' id='par_1_44' title="bbox 410 2837 1976 2898">
     <span class='ocr_line' id='line_1_44' title="bbox 410 2837 1976 2898; baseline 0.003 -4"><span class='ocrx_word' id='word_1_323' title='bbox 410 2837 671 2894; x_wconf 89' lang='lat' dir='ltr'>Geminus</span> <span class='ocrx_word' id='word_1_324' title='bbox 719 2839 796 2892; x_wconf 89' lang='lat' dir='ltr'>ait</span> <span class='ocrx_word' id='word_1_325' title='bbox 839 2839 1041 2893; x_wconf 82' lang='lat' dir='ltr'>Canem</span> <span class='ocrx_word' id='word_1_326' title='bbox 1083 2841 1406 2896; x_wconf 89' lang='lat' dir='ltr'>Euctemoni</span> <span class='ocrx_word' id='word_1_327' title='bbox 1456 2841 1512 2895; x_wconf 91' lang='lat' dir='ltr'>iu</span> <span class='ocrx_word' id='word_1_328' title='bbox 1553 2843 1779 2897; x_wconf 88' lang='lat' dir='ltr'>secundi</span> <span class='ocrx_word' id='word_1_329' title='bbox 1809 2841 1976 2898; x_wconf 81' lang='lat' dir='ltr'>Tauri</span> 
     </span>
    </p>
   </div>
   <div class='ocr_carea' id='block_1_45' title="bbox 411 2929 1395 3002">
    <p class='ocr_par' dir='ltr' id='par_1_45' title="bbox 411 2929 1395 3002">
     <span class='ocr_line' id='line_1_45' title="bbox 411 2929 1395 3002; baseline 0.003 -18"><span class='ocrx_word' id='word_1_330' title='bbox 411 2938 587 3001; x_wconf 74' lang='lat' dir='ltr'>parte,</span> <span class='ocrx_word' id='word_1_331' title='bbox 640 2929 864 2985; x_wconf 81' lang='lat' dir='ltr'>Eudoxo</span> <span class='ocrx_word' id='word_1_332' title='bbox 899 2932 956 2986; x_wconf 93' lang='lat' dir='ltr'>in</span> <span class='ocrx_word' id='word_1_333' title='bbox 988 2942 1180 3002; x_wconf 86' lang='lat' dir='ltr'>quarta</span> <span class='ocrx_word' id='word_1_334' title='bbox 1209 2932 1395 2987; x_wconf 88' lang='lat' dir='ltr'>celari.</span> 
     </span>
    </p>
   </div>
   <div class='ocr_carea' id='block_1_46' title="bbox 991 3042 1385 3102">
    <p class='ocr_par' dir='ltr' id='par_1_46' title="bbox 991 3042 1385 3102">
     <span class='ocr_line' id='line_1_46' title="bbox 991 3042 1385 3102; baseline 0.008 -3"><span class='ocrx_word' id='word_1_335' title='bbox 991 3042 1220 3100; x_wconf 77' lang='lat' dir='ltr'>CAPUT</span> <span class='ocrx_word' id='word_1_336' title='bbox 1272 3044 1385 3102; x_wconf 86' lang='lat' dir='ltr'>XII.</span> 
     </span>
    </p>
   </div>
   <div class='ocr_carea' id='block_1_47' title="bbox 411 3157 1976 3230">
    <p class='ocr_par' dir='ltr' id='par_1_47' title="bbox 411 3157 1976 3230">
     <span class='ocr_line' id='line_1_47' title="bbox 411 3157 1976 3230; baseline 0.001 -18"><span class='ocrx_word' id='word_1_337' title='bbox 411 3159 488 3213; x_wconf 80' lang='lat' dir='ltr'>De</span> <span class='ocrx_word' id='word_1_338' title='bbox 514 3170 740 3228; x_wconf 83' lang='lat' dir='ltr'>tempore</span> <span class='ocrx_word' id='word_1_339' title='bbox 760 3159 944 3230; x_wconf 61' lang='lat' dir='ltr'>messis</span> <span class='ocrx_word' id='word_1_340' title='bbox 965 3161 1018 3214; x_wconf 80' lang='lat' dir='ltr'>in</span> <span class='ocrx_word' id='word_1_341' title='bbox 1048 3157 1284 3230; x_wconf 10' lang='lat' dir='ltr'>.Egyplor</span> <span class='ocrx_word' id='word_1_342' title='bbox 1307 3171 1355 3214; x_wconf 90' lang='lat' dir='ltr'>et</span> <span class='ocrx_word' id='word_1_343' title='bbox 1381 3160 1678 3215; x_wconf 64' lang='lat' dir='ltr'>Palaestina</span> <span class='ocrx_word' id='word_1_344' title='bbox 1713 3178 1777 3215; x_wconf 84' lang='lat' dir='ltr'>ea:</span> <span class='ocrx_word' id='word_1_345' title='bbox 1817 3177 1976 3214; x_wconf 86' lang='lat' dir='ltr'>occa-</span> 
     </span>
    </p>
   </div>
   <div class='ocr_carea' id='block_1_48' title="bbox 479 3228 1976 3300">
    <p class='ocr_par' dir='ltr' id='par_1_48' title="bbox 479 3228 1976 3300">
     <span class='ocr_line' id='line_1_48' title="bbox 479 3228 1976 3300; baseline 0 -16"><span class='ocrx_word' id='word_1_346' title='bbox 479 3235 624 3284; x_wconf 74' lang='lat' dir='ltr'>sione</span> <span class='ocrx_word' id='word_1_347' title='bbox 643 3240 788 3284; x_wconf 78' lang='lat' dir='ltr'>ortus</span> <span class='ocrx_word' id='word_1_348' title='bbox 815 3228 1093 3300; x_wconf 77' lang='lat' dir='ltr'>Pleiadum</span> <span class='ocrx_word' id='word_1_349' title='bbox 1116 3228 1134 3292; x_wconf 78' lang='lat'>;</span> <span class='ocrx_word' id='word_1_350' title='bbox 1161 3228 1226 3283; x_wconf 76' lang='lat' dir='ltr'>ac</span> <span class='ocrx_word' id='word_1_351' title='bbox 1253 3229 1316 3284; x_wconf 86' lang='lat' dir='ltr'>de</span> <span class='ocrx_word' id='word_1_352' title='bbox 1329 3230 1558 3285; x_wconf 80' lang='lat' dir='ltr'>Sabbalo</span> <span class='ocrx_word' id='word_1_353' title='bbox 1584 3232 1976 3300; x_wconf 75' lang='lat' dir='ltr'>deuteroprolo;</span> 
     </span>
    </p>
   </div>
   <div class='ocr_carea' id='block_1_49' title="bbox 480 3298 1976 3368">
    <p class='ocr_par' dir='ltr' id='par_1_49' title="bbox 480 3298 1976 3368">
     <span class='ocr_line' id='line_1_49' title="bbox 480 3298 1976 3368; baseline 0.003 -17"><span class='ocrx_word' id='word_1_354' title='bbox 480 3300 632 3367; x_wconf 81' lang='lat' dir='ltr'>cujus</span> <span class='ocrx_word' id='word_1_355' title='bbox 684 3300 824 3353; x_wconf 83' lang='lat' dir='ltr'>ratio</span> <span class='ocrx_word' id='word_1_356' title='bbox 878 3301 932 3352; x_wconf 87' lang='lat' dir='ltr'>in</span> <span class='ocrx_word' id='word_1_357' title='bbox 991 3298 1372 3368; x_wconf 82' lang='lat' dir='ltr'>Epiphanianis</span> <span class='ocrx_word' id='word_1_358' title='bbox 1422 3298 1976 3356; x_wconf 70' lang='lat' dir='ltr'>Animadversionibus</span> 
     </span>
    </p>
   </div>
   <div class='ocr_carea' id='block_1_50' title="bbox 481 3369 1977 3440">
    <p class='ocr_par' dir='ltr' id='par_1_50' title="bbox 481 3369 1977 3440">
     <span class='ocr_line' id='line_1_50' title="bbox 481 3369 1977 3440; baseline 0.002 -19"><span class='ocrx_word' id='word_1_359' title='bbox 481 3371 680 3424; x_wconf 81' lang='lat' dir='ltr'>tradita</span> <span class='ocrx_word' id='word_1_360' title='bbox 727 3369 1058 3435; x_wconf 81' lang='lat' dir='ltr'>defenditur,</span> <span class='ocrx_word' id='word_1_361' title='bbox 1104 3380 1386 3440; x_wconf 76' lang='lat' dir='ltr'>contraque</span> <span class='ocrx_word' id='word_1_362' title='bbox 1451 3387 1568 3425; x_wconf 83' lang='lat' dir='ltr'>eam</span> <span class='ocrx_word' id='word_1_363' title='bbox 1615 3371 1818 3440; x_wconf 86' lang='lat' dir='ltr'>objecta</span> <span class='ocrx_word' id='word_1_364' title='bbox 1867 3373 1977 3424; x_wconf 82' lang='lat' dir='ltr'>sol-</span> 
     </span>
    </p>
   </div>
   <div class='ocr_carea' id='block_1_51' title="bbox 479 3439 1978 3496">
    <p class='ocr_par' dir='ltr' id='par_1_51' title="bbox 479 3439 1978 3496">
     <span class='ocr_line' id='line_1_51' title="bbox 479 3439 1978 3496; baseline 0 -3"><span class='ocrx_word' id='word_1_365' title='bbox 479 3450 689 3493; x_wconf 65' lang='lat' dir='ltr'>vuntur.</span> <span class='ocrx_word' id='word_1_366' title='bbox 734 3440 946 3492; x_wconf 77' lang='lat' dir='ltr'>Primus</span> <span class='ocrx_word' id='word_1_367' title='bbox 995 3442 1188 3493; x_wconf 78' lang='lat' dir='ltr'>mensis</span> <span class='ocrx_word' id='word_1_368' title='bbox 1234 3439 1309 3492; x_wconf 27' lang='lat' dir='ltr'>ab’</span> <span class='ocrx_word' id='word_1_369' title='bbox 1337 3439 1570 3495; x_wconf 73' lang='lat' dir='ltr'>Hebraeis</span> <span class='ocrx_word' id='word_1_370' title='bbox 1603 3439 1682 3494; x_wconf 80' lang='lat' dir='ltr'>ad</span> <span class='ocrx_word' id='word_1_371' title='bbox 1724 3458 1978 3496; x_wconf 83' lang='lat' dir='ltr'>novarum</span> 
     </span>
    </p>
   </div>
   <div class='ocr_carea' id='block_1_52' title="bbox 480 3509 1978 3582">
    <p class='ocr_par' dir='ltr' id='par_1_52' title="bbox 480 3509 1978 3582">
     <span class='ocr_line' id='line_1_52' title="bbox 480 3509 1978 3582; baseline 0.003 -22"><span class='ocrx_word' id='word_1_372' title='bbox 480 3511 692 3582; x_wconf 71' lang='lat' dir='ltr'>frugum</span> <span class='ocrx_word' id='word_1_373' title='bbox 719 3520 917 3582; x_wconf 67' lang='lat' dir='ltr'>tempus</span> <span class='ocrx_word' id='word_1_374' title='bbox 946 3509 1397 3582; x_wconf 76' lang='lat' dir='ltr'>accommodatus.</span> <span class='ocrx_word' id='word_1_375' title='bbox 1437 3509 1726 3564; x_wconf 78' lang='lat' dir='ltr'>Malurilas</span> <span class='ocrx_word' id='word_1_376' title='bbox 1763 3512 1978 3582; x_wconf 72' lang='lat' dir='ltr'>frugum</span> 
     </span>
    </p>
   </div>
   <div class='ocr_carea' id='block_1_53' title="bbox 480 3578 1816 3649">
    <p class='ocr_par' dir='ltr' id='par_1_53' title="bbox 480 3578 1816 3649">
     <span class='ocr_line' id='line_1_53' title="bbox 480 3578 1816 3649; baseline 0.004 -17"><span class='ocrx_word' id='word_1_377' title='bbox 480 3581 690 3647; x_wconf 67' lang='lat' dir='ltr'>duplex.</span> <span class='ocrx_word' id='word_1_378' title='bbox 724 3578 780 3632; x_wconf 82' lang='grc' dir='ltr'><em>Μ</em></span> <span class='ocrx_word' id='word_1_379' title='bbox 788 3580 900 3633; x_wconf 85' lang='lat' dir='ltr'>arci</span> <span class='ocrx_word' id='word_1_380' title='bbox 944 3581 1276 3649; x_wconf 71' lang='lat' dir='ltr'>evangelista:</span> <span class='ocrx_word' id='word_1_381' title='bbox 1308 3580 1453 3634; x_wconf 83' lang='lat' dir='ltr'>locus</span> <span class='ocrx_word' id='word_1_382' title='bbox 1482 3583 1816 3639; x_wconf 79' lang='lat' dir='ltr'>illustratur.</span> 
     </span>
    </p>
   </div>
   <div class='ocr_carea' id='block_1_54' title="bbox 481 3689 1978 3759">
    <p class='ocr_par' dir='ltr' id='par_1_54' title="bbox 481 3689 1978 3759">
     <span class='ocr_line' id='line_1_54' title="bbox 481 3689 1978 3759; baseline 0.003 -16"><span class='ocrx_word' id='word_1_383' title='bbox 481 3689 676 3743; x_wconf 78' lang='lat' dir='ltr'>Mirum</span> <span class='ocrx_word' id='word_1_384' title='bbox 711 3689 1062 3759; x_wconf 86' lang='lat' dir='ltr'>quibusdam,</span> <span class='ocrx_word' id='word_1_385' title='bbox 1093 3706 1193 3744; x_wconf 90' lang='lat' dir='ltr'>nec</span> <span class='ocrx_word' id='word_1_386' title='bbox 1229 3692 1365 3746; x_wconf 87' lang='lat' dir='ltr'>satis</span> <span class='ocrx_word' id='word_1_387' title='bbox 1390 3691 1652 3746; x_wconf 86' lang='lat' dir='ltr'>credibile</span> <span class='ocrx_word' id='word_1_388' title='bbox 1673 3708 1846 3747; x_wconf 76' lang='lat' dir='ltr'>vnsum</span> <span class='ocrx_word' id='word_1_389' title='bbox 1874 3703 1978 3758; x_wconf 89' lang='lat' dir='ltr'>est,</span> 
     </span>
    </p>
   </div>
   <div class='ocr_carea' id='block_1_55' title="bbox 411 3779 1981 3850">
    <p class='ocr_par' dir='ltr' id='par_1_55' title="bbox 411 3779 1981 3850">
     <span class='ocr_line' id='line_1_55' title="bbox 411 3779 1981 3850; baseline 0.001 -16"><span class='ocrx_word' id='word_1_390' title='bbox 411 3781 556 3850; x_wconf 89' lang='lat' dir='ltr'>quod</span> <span class='ocrx_word' id='word_1_391' title='bbox 583 3795 648 3834; x_wconf 88' lang='lat' dir='ltr'>ex</span> <span class='ocrx_word' id='word_1_392' title='bbox 684 3779 907 3848; x_wconf 78' lang='lat' dir='ltr'>Hesiodi</span> <span class='ocrx_word' id='word_1_393' title='bbox 957 3787 1014 3833; x_wconf 91' lang='lat' dir='ltr'><strong>et</strong></span> <span class='ocrx_word' id='word_1_394' title='bbox 1049 3781 1281 3834; x_wconf 91' lang='lat' dir='ltr'>aliorum</span> <span class='ocrx_word' id='word_1_395' title='bbox 1327 3781 1682 3850; x_wconf 89' lang='lat' dir='ltr'>antiquorum</span> <span class='ocrx_word' id='word_1_396' title='bbox 1720 3782 1981 3836; x_wconf 83' lang='lat' dir='ltr'>testifica-</span> 
     </span>
    </p>
   </div>
   <div class='ocr_carea' id='block_1_56' title="bbox 413 3870 1975 3945">
    <p class='ocr_par' dir='ltr' id='par_1_56' title="bbox 413 3870 1975 3945">
     <span class='ocr_line' id='line_1_56' title="bbox 413 3870 1975 3945; baseline 0.002 -22"><span class='ocrx_word' id='word_1_397' title='bbox 413 3873 559 3924; x_wconf 87' lang='lat' dir='ltr'>tione</span> <span class='ocrx_word' id='word_1_398' title='bbox 605 3877 843 3932; x_wconf 78' lang='lat' dir='ltr'>constat,</span> <span class='ocrx_word' id='word_1_399' title='bbox 880 3871 984 3924; x_wconf 90' lang='lat' dir='ltr'>sub</span> <span class='ocrx_word' id='word_1_400' title='bbox 1011 3883 1259 3924; x_wconf 89' lang='lat' dir='ltr'>exortum</span> <span class='ocrx_word' id='word_1_401' title='bbox 1293 3870 1654 3942; x_wconf 83' lang='lat' dir='ltr'>Vergiliarum</span> <span class='ocrx_word' id='word_1_402' title='bbox 1688 3878 1975 3945; x_wconf 84' lang='lat' dir='ltr'>tempesti-</span> 
     </span>
    </p>
   </div>
   <div class='ocr_carea' id='block_1_57' title="bbox 412 3960 1980 4024">
    <p class='ocr_par' dir='ltr' id='par_1_57' title="bbox 412 3960 1980 4024">
     <span class='ocr_line' id='line_1_57' title="bbox 412 3960 1980 4024; baseline 0.005 -8"><span class='ocrx_word' id='word_1_403' title='bbox 412 3977 534 4016; x_wconf 87' lang='lat' dir='ltr'>vam</span> <span class='ocrx_word' id='word_1_404' title='bbox 566 3961 621 4014; x_wconf 90' lang='lat' dir='ltr'>in</span> <span class='ocrx_word' id='word_1_405' title='bbox 648 3960 856 4015; x_wconf 68' lang='lat' dir='ltr'>Graecia</span> <span class='ocrx_word' id='word_1_406' title='bbox 897 3975 1130 4016; x_wconf 84' lang='lat' dir='ltr'>messem</span> <span class='ocrx_word' id='word_1_407' title='bbox 1172 3960 1362 4018; x_wconf 87' lang='lat' dir='ltr'>fuisse.</span> <span class='ocrx_word' id='word_1_408' title='bbox 1398 3963 1533 4018; x_wconf 82' lang='lat' dir='ltr'>Nam</span> <span class='ocrx_word' id='word_1_409' title='bbox 1572 3966 1787 4020; x_wconf 86' lang='lat' dir='ltr'>illarum</span> <span class='ocrx_word' id='word_1_410' title='bbox 1827 3976 1980 4024; x_wconf 89' lang='lat' dir='ltr'>ortus</span> 
     </span>
    </p>
   </div>
   <div class='ocr_carea' id='block_1_58' title="bbox 412 4052 1977 4126">
    <p class='ocr_par' dir='ltr' id='par_1_58' title="bbox 412 4052 1977 4126">
     <span class='ocr_line' id='line_1_58' title="bbox 412 4052 1977 4126; baseline 0.005 -17"><span class='ocrx_word' id='word_1_411' title='bbox 412 4054 658 4109; x_wconf 82' lang='lat' dir='ltr'>heliacus</span> <span class='ocrx_word' id='word_1_412' title='bbox 709 4056 764 4108; x_wconf 88' lang='lat' dir='ltr'>in</span> <span class='ocrx_word' id='word_1_413' title='bbox 797 4070 940 4109; x_wconf 89' lang='lat' dir='ltr'>anno</span> <span class='ocrx_word' id='word_1_414' title='bbox 977 4052 1196 4110; x_wconf 83' lang='lat' dir='ltr'>Juliano</span> <span class='ocrx_word' id='word_1_415' title='bbox 1227 4057 1402 4126; x_wconf 90' lang='lat' dir='ltr'>primo</span> <span class='ocrx_word' id='word_1_416' title='bbox 1453 4057 1641 4114; x_wconf 75' lang='lat' dir='ltr'>Romae</span> <span class='ocrx_word' id='word_1_417' title='bbox 1689 4059 1868 4116; x_wconf 88' lang='lat' dir='ltr'>factus</span> <span class='ocrx_word' id='word_1_418' title='bbox 1897 4069 1977 4117; x_wconf 80' lang='lat' dir='ltr'>es&#39;</span> 
     </span>
    </p>
   </div>
   <div class='ocr_carea' id='block_1_59' title="bbox 411 4146 1978 4219">
    <p class='ocr_par' dir='ltr' id='par_1_59' title="bbox 411 4146 1978 4219">
     <span class='ocr_line' id='line_1_59' title="bbox 411 4146 1978 4219; baseline 0.005 -19"><span class='ocrx_word' id='word_1_419' title='bbox 411 4146 698 4203; x_wconf 88' lang='lat' dir='ltr'>Tauronos</span> <span class='ocrx_word' id='word_1_420' title='bbox 737 4163 930 4215; x_wconf 87' lang='lat' dir='ltr'>xxvm,</span> <span class='ocrx_word' id='word_1_421' title='bbox 958 4148 1051 4218; x_wconf 90' lang='lat' dir='ltr'>qui</span> <span class='ocrx_word' id='word_1_422' title='bbox 1088 4148 1141 4201; x_wconf 89' lang='lat' dir='ltr'>in</span> <span class='ocrx_word' id='word_1_423' title='bbox 1174 4148 1297 4202; x_wconf 83' lang='lat' dir='ltr'>Maii</span> <span class='ocrx_word' id='word_1_424' title='bbox 1329 4165 1419 4204; x_wconf 82' lang='lat' dir='ltr'>xxi</span> <span class='ocrx_word' id='word_1_425' title='bbox 1450 4151 1594 4205; x_wconf 87' lang='lat' dir='ltr'>diem</span> <span class='ocrx_word' id='word_1_426' title='bbox 1628 4153 1890 4219; x_wconf 84' lang='lat' dir='ltr'>cadebat;</span> <span class='ocrx_word' id='word_1_427' title='bbox 1926 4154 1978 4208; x_wconf 87' lang='lat' dir='ltr'>in</span> 
     </span>
    </p>
   </div>
   <div class='ocr_carea' id='block_1_60' title="bbox 411 4237 1980 4311">
    <p class='ocr_par' dir='ltr' id='par_1_60' title="bbox 411 4237 1980 4311">
     <span class='ocr_line' id='line_1_60' title="bbox 411 4237 1980 4311; baseline 0.003 -17"><span class='ocrx_word' id='word_1_428' title='bbox 411 4238 646 4311; x_wconf 64' lang='lat' dir='ltr'>Egypto</span> <span class='ocrx_word' id='word_1_429' title='bbox 679 4255 830 4300; x_wconf 89' lang='lat' dir='ltr'>vero,</span> <span class='ocrx_word' id='word_1_430' title='bbox 862 4237 1153 4295; x_wconf 88' lang='lat' dir='ltr'>Tauronos</span> <span class='ocrx_word' id='word_1_431' title='bbox 1186 4257 1300 4305; x_wconf 87' lang='lat' dir='ltr'>xxI,</span> <span class='ocrx_word' id='word_1_432' title='bbox 1340 4240 1466 4296; x_wconf 88' lang='lat' dir='ltr'>Maii</span> <span class='ocrx_word' id='word_1_433' title='bbox 1509 4258 1622 4298; x_wconf 78' lang='lat' dir='ltr'>xiv.</span> <span class='ocrx_word' id='word_1_434' title='bbox 1665 4243 1980 4299; x_wconf 87' lang='lat' dir='ltr'>Atllesiodi</span> 
     </span>
    </p>
   </div>
   <div class='ocr_carea' id='block_1_61' title="bbox 411 4332 1980 4400">
    <p class='ocr_par' dir='ltr' id='par_1_61' title="bbox 411 4332 1980 4400">
     <span class='ocr_line' id='line_1_61' title="bbox 411 4332 1980 4400; baseline 0.001 -14"><span class='ocrx_word' id='word_1_435' title='bbox 411 4341 652 4400; x_wconf 90' lang='lat' dir='ltr'>tempore</span> <span class='ocrx_word' id='word_1_436' title='bbox 696 4332 963 4387; x_wconf 86' lang='lat' dir='ltr'>maturius</span> <span class='ocrx_word' id='word_1_437' title='bbox 1019 4332 1197 4385; x_wconf 91' lang='lat' dir='ltr'>adhuc</span> <span class='ocrx_word' id='word_1_438' title='bbox 1249 4341 1404 4388; x_wconf 90' lang='lat' dir='ltr'>ortus</span> <span class='ocrx_word' id='word_1_439' title='bbox 1444 4334 1532 4388; x_wconf 91' lang='lat' dir='ltr'>ille</span> <span class='ocrx_word' id='word_1_440' title='bbox 1567 4335 1749 4390; x_wconf 82' lang='lat' dir='ltr'>ﬁebat.</span> <span class='ocrx_word' id='word_1_441' title='bbox 1785 4335 1891 4390; x_wconf 89' lang='lat' dir='ltr'>Sed</span> <span class='ocrx_word' id='word_1_442' title='bbox 1925 4343 1980 4388; x_wconf 89' lang='lat' dir='ltr'>ut</span> 
     </span>
    </p>
   </div>
   <div class='ocr_carea' id='block_1_62' title="bbox 409 4421 1980 4505">
    <p class='ocr_par' dir='ltr' id='par_1_62' title="bbox 409 4421 1980 4505">
     <span class='ocr_line' id='line_1_62' title="bbox 409 4421 1980 4505; baseline 0.001 -27"><span class='ocrx_word' id='word_1_443' title='bbox 409 4423 476 4478; x_wconf 91' lang='lat' dir='ltr'>de</span> <span class='ocrx_word' id='word_1_444' title='bbox 509 4422 718 4477; x_wconf 81' lang='lat' dir='ltr'>Graecia</span> <span class='ocrx_word' id='word_1_445' title='bbox 751 4421 933 4486; x_wconf 90' lang='lat' dir='ltr'>modo,</span> <span class='ocrx_word' id='word_1_446' title='bbox 964 4431 1019 4478; x_wconf 85' lang='lat' dir='ltr'>et</span> <span class='ocrx_word' id='word_1_447' title='bbox 1052 4422 1204 4477; x_wconf 89' lang='lat' dir='ltr'>ltalia</span> <span class='ocrx_word' id='word_1_448' title='bbox 1239 4425 1576 4480; x_wconf 88' lang='lat' dir='ltr'>nihildicam</span> <span class='ocrx_word' id='word_1_449' title='bbox 1601 4467 1616 4491; x_wconf 94' lang='lat'>,</span> <span class='ocrx_word' id='word_1_450' title='bbox 1661 4427 1716 4480; x_wconf 92' lang='lat' dir='ltr'>in</span> <span class='ocrx_word' id='word_1_451' title='bbox 1745 4427 1980 4505; x_wconf 63' lang='lat' dir='ltr'>Egypto</span> 
     </span>
    </p>
   </div>
   <div class='ocr_carea' id='block_1_63' title="bbox 411 4506 2312 4588">
    <p class='ocr_par' dir='ltr' id='par_1_63' title="bbox 411 4506 2312 4588">
     <span class='ocr_line' id='line_1_63' title="bbox 411 4506 2312 4588; baseline -0.004 -17"><span class='ocrx_word' id='word_1_452' title='bbox 411 4530 544 4572; x_wconf 89' lang='lat' dir='ltr'>sane</span> <span class='ocrx_word' id='word_1_453' title='bbox 595 4530 659 4570; x_wconf 90' lang='lat' dir='ltr'>ac</span> <span class='ocrx_word' id='word_1_454' title='bbox 706 4515 994 4572; x_wconf 72' lang='lat' dir='ltr'>Palaestina</span> <span class='ocrx_word' id='word_1_455' title='bbox 1027 4517 1188 4587; x_wconf 90' lang='lat' dir='ltr'>longe</span> <span class='ocrx_word' id='word_1_456' title='bbox 1240 4525 1366 4573; x_wconf 89' lang='lat' dir='ltr'>ante</span> <span class='ocrx_word' id='word_1_457' title='bbox 1405 4519 1678 4572; x_wconf 89' lang='lat' dir='ltr'>beliacum</span> <span class='ocrx_word' id='word_1_458' title='bbox 1714 4517 1973 4588; x_wconf 84' lang='lat' dir='ltr'>Vergilia-</span> <span class='ocrx_word' id='word_1_459' title='bbox 2005 4519 2059 4579; x_wconf 81' lang='grc'><strong>1)</strong></span> <span class='ocrx_word' id='word_1_460' title='bbox 2083 4506 2258 4588; x_wconf 63' lang='grc' dir='ltr'>⁰¹¹ξ¹ι¹⁵</span> <span class='ocrx_word' id='word_1_461' title='bbox 2299 4507 2312 4542; x_wconf 74' lang='grc'>³</span> 
     </span>
    </p>
   </div>
   <div class='ocr_carea' id='block_1_64' title="bbox 412 4607 1971 4676">
    <p class='ocr_par' dir='ltr' id='par_1_64' title="bbox 412 4607 1971 4676">
     <span class='ocr_line' id='line_1_64' title="bbox 412 4607 1971 4676; baseline 0 -14"><span class='ocrx_word' id='word_1_462' title='bbox 412 4623 532 4662; x_wconf 89' lang='lat' dir='ltr'>rum</span> <span class='ocrx_word' id='word_1_463' title='bbox 561 4613 810 4662; x_wconf 87' lang='lat' dir='ltr'>exortum</span> <span class='ocrx_word' id='word_1_464' title='bbox 863 4621 1098 4661; x_wconf 89' lang='lat' dir='ltr'>messem</span> <span class='ocrx_word' id='word_1_465' title='bbox 1147 4607 1595 4676; x_wconf 88' lang='lat' dir='ltr'>auspicabantur.</span> <span class='ocrx_word' id='word_1_466' title='bbox 1649 4607 1784 4662; x_wconf 85' lang='lat' dir='ltr'>Nam</span> <span class='ocrx_word' id='word_1_467' title='bbox 1829 4608 1971 4662; x_wconf 71' lang='lat' dir='ltr'>&#39;l‘hec</span> 
     </span>
    </p>
   </div>
   <div class='ocr_carea' id='block_1_65' title="bbox 413 4695 1952 4762">
    <p class='ocr_par' dir='ltr' id='par_1_65' title="bbox 413 4695 1952 4762">
     <span class='ocr_line' id='line_1_65' title="bbox 413 4695 1952 4762; baseline 0.001 -9"><span class='ocrx_word' id='word_1_468' title='bbox 413 4699 469 4753; x_wconf 89' lang='lat' dir='ltr'>in</span> <span class='ocrx_word' id='word_1_469' title='bbox 494 4697 901 4753; x_wconf 81' lang='lat' dir='ltr'>connnentariis</span> <span class='ocrx_word' id='word_1_470' title='bbox 926 4695 995 4750; x_wconf 92' lang='lat' dir='ltr'>ad</span> <span class='ocrx_word' id='word_1_471' title='bbox 1019 4699 1242 4750; x_wconf 86' lang='lat' dir='ltr'>Aratum</span> <span class='ocrx_word' id='word_1_472' title='bbox 1270 4699 1424 4753; x_wconf 91' lang='lat' dir='ltr'>testis</span> <span class='ocrx_word' id='word_1_473' title='bbox 1445 4708 1549 4762; x_wconf 91' lang='lat' dir='ltr'>est,</span> <span class='ocrx_word' id='word_1_474' title='bbox 1579 4700 1782 4753; x_wconf 85' lang='lat' dir='ltr'>mensis</span> <span class='ocrx_word' id='word_1_475' title='bbox 1808 4698 1952 4754; x_wconf 89' lang='lat' dir='ltr'>Phar</span> 
     </span>
    </p>
   </div>
   <div class='ocr_carea' id='block_1_66' title="bbox 413 4786 1974 4856">
    <p class='ocr_par' dir='ltr' id='par_1_66' title="bbox 413 4786 1974 4856">
     <span class='ocr_line' id='line_1_66' title="bbox 413 4786 1974 4856; baseline 0 -14"><span class='ocrx_word' id='word_1_476' title='bbox 413 4789 585 4842; x_wconf 85' lang='lat' dir='ltr'>tnuthi</span> <span class='ocrx_word' id='word_1_477' title='bbox 615 4803 722 4841; x_wconf 79' lang='lat' dir='ltr'>xxv</span> <span class='ocrx_word' id='word_1_478' title='bbox 762 4786 872 4851; x_wconf 89' lang='lat' dir='ltr'>die,</span> <span class='ocrx_word' id='word_1_479' title='bbox 912 4788 1004 4856; x_wconf 89' lang='lat' dir='ltr'>qui</span> <span class='ocrx_word' id='word_1_480' title='bbox 1036 4787 1240 4856; x_wconf 85' lang='lat' dir='ltr'>Aprilis</span> <span class='ocrx_word' id='word_1_481' title='bbox 1285 4803 1356 4840; x_wconf 88' lang='lat' dir='ltr'>xx</span> <span class='ocrx_word' id='word_1_482' title='bbox 1392 4787 1707 4856; x_wconf 84' lang='lat' dir='ltr'>respondet,</span> <span class='ocrx_word' id='word_1_483' title='bbox 1747 4789 1974 4843; x_wconf 84' lang='lat' dir='ltr'>orienti-</span> 
     </span>
    </p>
   </div>
   <div class='ocr_carea' id='block_1_67' title="bbox 414 4875 1980 4947">
    <p class='ocr_par' dir='ltr' id='par_1_67' title="bbox 414 4875 1980 4947">
     <span class='ocr_line' id='line_1_67' title="bbox 414 4875 1980 4947; baseline 0.001 -14"><span class='ocrx_word' id='word_1_484' title='bbox 414 4879 514 4933; x_wconf 90' lang='lat' dir='ltr'>bus</span> <span class='ocrx_word' id='word_1_485' title='bbox 541 4877 794 4947; x_wconf 78' lang='lat' dir='ltr'>Vergiliis</span> <span class='ocrx_word' id='word_1_486' title='bbox 822 4879 1016 4932; x_wconf 88' lang='lat' dir='ltr'>messis</span> <span class='ocrx_word' id='word_1_487' title='bbox 1039 4878 1095 4930; x_wconf 87' lang='lat' dir='ltr'>in</span> <span class='ocrx_word' id='word_1_488' title='bbox 1127 4875 1361 4947; x_wconf 63' lang='lat' dir='ltr'>Egypto</span> <span class='ocrx_word' id='word_1_489' title='bbox 1390 4884 1603 4946; x_wconf 89' lang='lat' dir='ltr'>tempus</span> <span class='ocrx_word' id='word_1_490' title='bbox 1634 4894 1773 4933; x_wconf 91' lang='lat' dir='ltr'>esse.</span> <span class='ocrx_word' id='word_1_491' title='bbox 1818 4877 1881 4931; x_wconf 81' lang='lat' dir='ltr'><strong>Et</strong></span> <span class='ocrx_word' id='word_1_492' title='bbox 1912 4879 1980 4934; x_wconf 85' lang='lat' dir='ltr'>de</span> 
     </span>
    </p>
   </div>
   <div class='ocr_carea' id='block_1_68' title="bbox 413 4973 1974 5044">
    <p class='ocr_par' dir='ltr' id='par_1_68' title="bbox 413 4973 1974 5044">
     <span class='ocr_line' id='line_1_68' title="bbox 413 4973 1974 5044; baseline 0.004 -22"><span class='ocrx_word' id='word_1_493' title='bbox 413 4973 653 5026; x_wconf 82' lang='lat' dir='ltr'>cosmico</span> <span class='ocrx_word' id='word_1_494' title='bbox 675 4988 772 5026; x_wconf 88' lang='lat' dir='ltr'>seu</span> <span class='ocrx_word' id='word_1_495' title='bbox 803 4987 951 5036; x_wconf 88' lang='lat' dir='ltr'>vero,</span> <span class='ocrx_word' id='word_1_496' title='bbox 981 4989 1089 5026; x_wconf 78' lang='lat' dir='ltr'>non</span> <span class='ocrx_word' id='word_1_497' title='bbox 1131 4973 1340 5027; x_wconf 90' lang='lat' dir='ltr'>heliaco</span> <span class='ocrx_word' id='word_1_498' title='bbox 1367 4981 1562 5027; x_wconf 91' lang='lat' dir='ltr'>exortu</span> <span class='ocrx_word' id='word_1_499' title='bbox 1595 4974 1858 5044; x_wconf 86' lang='lat' dir='ltr'>loquitur,</span> <span class='ocrx_word' id='word_1_500' title='bbox 1885 4975 1974 5044; x_wconf 89' lang='lat' dir='ltr'><strong>qui</strong></span> 
     </span>
    </p>
   </div>
   <div class='ocr_carea' id='block_1_69' title="bbox 412 5061 1975 5135">
    <p class='ocr_par' dir='ltr' id='par_1_69' title="bbox 412 5061 1975 5135">
     <span class='ocr_line' id='line_1_69' title="bbox 412 5061 1975 5135; baseline 0.003 -21"><span class='ocrx_word' id='word_1_501' title='bbox 412 5061 650 5118; x_wconf 84' lang='lat' dir='ltr'>Theonis</span> <span class='ocrx_word' id='word_1_502' title='bbox 697 5064 898 5118; x_wconf 65' lang='lat' dir='ltr'>saeculo</span> <span class='ocrx_word' id='word_1_503' title='bbox 947 5065 1094 5118; x_wconf 88' lang='lat' dir='ltr'>circa</span> <span class='ocrx_word' id='word_1_504' title='bbox 1131 5065 1264 5119; x_wconf 88' lang='lat' dir='ltr'>illud</span> <span class='ocrx_word' id='word_1_505' title='bbox 1311 5073 1524 5135; x_wconf 90' lang='lat' dir='ltr'>tempus</span> <span class='ocrx_word' id='word_1_506' title='bbox 1553 5066 1772 5120; x_wconf 89' lang='lat' dir='ltr'>accidit.</span> <span class='ocrx_word' id='word_1_507' title='bbox 1823 5066 1975 5133; x_wconf 68' lang='lat' dir='ltr'>Quod</span> 
     </span>
    </p>
   </div>
   <div class='ocr_carea' id='block_1_70' title="bbox 412 5156 1966 5227">
    <p class='ocr_par' dir='ltr' id='par_1_70' title="bbox 412 5156 1966 5227">
     <span class='ocr_line' id='line_1_70' title="bbox 412 5156 1966 5227; baseline 0.005 -19"><span class='ocrx_word' id='word_1_508' title='bbox 412 5171 479 5208; x_wconf 88' lang='lat' dir='ltr'>ne</span> <span class='ocrx_word' id='word_1_509' title='bbox 527 5156 652 5224; x_wconf 89' lang='lat' dir='ltr'>quis</span> <span class='ocrx_word' id='word_1_510' title='bbox 705 5172 905 5210; x_wconf 85' lang='lat' dir='ltr'>vanum</span> <span class='ocrx_word' id='word_1_511' title='bbox 945 5158 1239 5222; x_wconf 74' lang='lat' dir='ltr'>existimet,</span> <span class='ocrx_word' id='word_1_512' title='bbox 1271 5157 1587 5227; x_wconf 68' lang='lat' dir='ltr'>IEgyptium</span> <span class='ocrx_word' id='word_1_513' title='bbox 1626 5160 1854 5214; x_wconf 89' lang='lat' dir='ltr'>alterum</span> <span class='ocrx_word' id='word_1_514' title='bbox 1900 5161 1966 5215; x_wconf 90' lang='lat' dir='ltr'>ci-</span> 
     </span>
    </p>
   </div>
   <div class='ocr_carea' id='block_1_71' title="bbox 413 5244 1973 5318">
    <p class='ocr_par' dir='ltr' id='par_1_71' title="bbox 413 5244 1973 5318">
     <span class='ocr_line' id='line_1_71' title="bbox 413 5244 1973 5318; baseline 0.003 -19"><span class='ocrx_word' id='word_1_515' title='bbox 413 5247 539 5299; x_wconf 90' lang='lat' dir='ltr'>tabo</span> <span class='ocrx_word' id='word_1_516' title='bbox 597 5244 777 5316; x_wconf 88' lang='lat' dir='ltr'>priore</span> <span class='ocrx_word' id='word_1_517' title='bbox 833 5247 926 5300; x_wconf 92' lang='lat' dir='ltr'>illo</span> <span class='ocrx_word' id='word_1_518' title='bbox 986 5248 1158 5318; x_wconf 86' lang='lat' dir='ltr'>magis</span> <span class='ocrx_word' id='word_1_519' title='bbox 1224 5249 1388 5304; x_wconf 91' lang='lat' dir='ltr'>etiam</span> <span class='ocrx_word' id='word_1_520' title='bbox 1431 5249 1689 5306; x_wconf 88' lang='lat' dir='ltr'>idoneum</span> <span class='ocrx_word' id='word_1_521' title='bbox 1741 5259 1973 5318; x_wconf 86' lang='lat' dir='ltr'>testem;</span> 
     </span>
    </p>
   </div>
   <div class='ocr_carea' id='block_1_72' title="bbox 412 5331 1978 5410">
    <p class='ocr_par' dir='ltr' id='par_1_72' title="bbox 412 5331 1978 5410">
     <span class='ocr_line' id='line_1_72' title="bbox 412 5331 1978 5410; baseline 0.004 -22"><span class='ocrx_word' id='word_1_522' title='bbox 412 5331 754 5388; x_wconf 85' lang='lat' dir='ltr'>S.lsidorum</span> <span class='ocrx_word' id='word_1_523' title='bbox 787 5335 1141 5402; x_wconf 80' lang='lat' dir='ltr'>Pelusiotam,</span> <span class='ocrx_word' id='word_1_524' title='bbox 1162 5337 1254 5406; x_wconf 87' lang='lat' dir='ltr'>qui</span> <span class='ocrx_word' id='word_1_525' title='bbox 1289 5337 1384 5393; x_wconf 91' lang='lat' dir='ltr'>lib.</span> <span class='ocrx_word' id='word_1_526' title='bbox 1417 5337 1504 5402; x_wconf 88' lang='lat' dir='ltr'>lll,</span> <span class='ocrx_word' id='word_1_527' title='bbox 1534 5341 1694 5410; x_wconf 87' lang='lat' dir='ltr'>epist.</span> <span class='ocrx_word' id='word_1_528' title='bbox 1719 5342 1817 5396; x_wconf 80' lang='lat' dir='ltr'>HO</span> <span class='ocrx_word' id='word_1_529' title='bbox 1842 5344 1978 5396; x_wconf 87' lang='lat' dir='ltr'>scri-</span> 
     </span>
    </p>
   </div>
   <div class='ocr_carea' id='block_1_73' title="bbox 413 5425 1974 5498">
    <p class='ocr_par' dir='ltr' id='par_1_73' title="bbox 413 5425 1974 5498">
     <span class='ocr_line' id='line_1_73' title="bbox 413 5425 1974 5498; baseline 0.006 -20"><span class='ocrx_word' id='word_1_530' title='bbox 413 5425 491 5478; x_wconf 88' lang='lat' dir='ltr'>bit</span> <span class='ocrx_word' id='word_1_531' title='bbox 523 5425 628 5480; x_wconf 85' lang='lat' dir='ltr'>sub</span> <span class='ocrx_word' id='word_1_532' title='bbox 658 5426 712 5479; x_wconf 93' lang='lat' dir='ltr'>id</span> <span class='ocrx_word' id='word_1_533' title='bbox 742 5436 979 5494; x_wconf 90' lang='lat' dir='ltr'>tempus,</span> <span class='ocrx_word' id='word_1_534' title='bbox 1012 5441 1122 5496; x_wconf 91' lang='lat' dir='ltr'>quo</span> <span class='ocrx_word' id='word_1_535' title='bbox 1151 5427 1321 5483; x_wconf 69' lang='lat' dir='ltr'>Judazi</span> <span class='ocrx_word' id='word_1_536' title='bbox 1359 5429 1567 5486; x_wconf 86' lang='lat' dir='ltr'>Pascha</span> <span class='ocrx_word' id='word_1_537' title='bbox 1601 5433 1974 5498; x_wconf 88' lang='lat' dir='ltr'>celebrabant,</span> 
     </span>
    </p>
   </div>
   <div class='ocr_carea' id='block_1_74' title="bbox 411 5510 1976 5594">
    <p class='ocr_par' dir='ltr' id='par_1_74' title="bbox 411 5510 1976 5594">
     <span class='ocr_line' id='line_1_74' title="bbox 411 5510 1976 5594; baseline 0.008 -32"><span class='ocrx_word' id='word_1_538' title='bbox 411 5510 594 5571; x_wconf 81' lang='lat' dir='ltr'>spicas</span> <span class='ocrx_word' id='word_1_539' title='bbox 641 5511 754 5579; x_wconf 81' lang='lat' dir='ltr'>jam</span> <span class='ocrx_word' id='word_1_540' title='bbox 787 5520 1032 5568; x_wconf 90' lang='lat' dir='ltr'>maturas</span> <span class='ocrx_word' id='word_1_541' title='bbox 1060 5516 1128 5567; x_wconf 91' lang='lat' dir='ltr'>ad</span> <span class='ocrx_word' id='word_1_542' title='bbox 1151 5531 1381 5572; x_wconf 86' lang='lat' dir='ltr'>messem</span> <span class='ocrx_word' id='word_1_543' title='bbox 1409 5519 1601 5576; x_wconf 78' lang='lat' dir='ltr'>videri.</span> <span class='ocrx_word' id='word_1_544' title='bbox 1663 5523 1748 5574; x_wconf 84' lang='grc' dir='ltr'>Ἐν</span> <span class='ocrx_word' id='word_1_545' title='bbox 1784 5524 1976 5594; x_wconf 77' lang='grc' dir='ltr'>ἐκείνῳ</span> 
     </span>
    </p>
   </div>
   <div class='ocr_carea' id='block_1_75' title="bbox 410 5599 1973 5679">
    <p class='ocr_par' dir='ltr' id='par_1_75' title="bbox 410 5599 1973 5679">
     <span class='ocr_line' id='line_1_75' title="bbox 410 5599 1973 5679; baseline 0.007 -28"><span class='ocrx_word' id='word_1_546' title='bbox 410 5601 517 5664; x_wconf 71' lang='grc' dir='ltr'>γὰρ</span> <span class='ocrx_word' id='word_1_547' title='bbox 552 5599 632 5670; x_wconf 83' lang='grc' dir='ltr'>τῷ</span> <span class='ocrx_word' id='word_1_548' title='bbox 664 5601 838 5672; x_wconf 86' lang='grc' dir='ltr'>καιρῷ</span> <span class='ocrx_word' id='word_1_549' title='bbox 865 5603 1008 5672; x_wconf 83' lang='grc' dir='ltr'>μόνῳ</span> <span class='ocrx_word' id='word_1_550' title='bbox 1049 5605 1456 5676; x_wconf 74' lang='grc' dir='ltr'>καρηϐαροῦσιν</span> <span class='ocrx_word' id='word_1_551' title='bbox 1480 5610 1527 5660; x_wconf 81' lang='grc' dir='ltr'>οἱ</span> <span class='ocrx_word' id='word_1_552' title='bbox 1564 5609 1851 5679; x_wconf 79' lang='grc' dir='ltr'>ἀστάχυες,</span> <span class='ocrx_word' id='word_1_553' title='bbox 1883 5612 1973 5664; x_wconf 66' lang='grc' dir='ltr'>καὶ</span> 
     </span>
    </p>
   </div>
   <div class='ocr_carea' id='block_1_76' title="bbox 409 5693 1972 5770">
    <p class='ocr_par' dir='ltr' id='par_1_76' title="bbox 409 5693 1972 5770">
     <span class='ocr_line' id='line_1_76' title="bbox 409 5693 1972 5770; baseline 0.006 -26"><span class='ocrx_word' id='word_1_554' title='bbox 409 5693 685 5745; x_wconf 71' lang='grc' dir='ltr'>κέκλινται</span> <span class='ocrx_word' id='word_1_555' title='bbox 714 5695 819 5746; x_wconf 80' lang='grc' dir='ltr'>ὑπὸ</span> <span class='ocrx_word' id='word_1_556' title='bbox 864 5693 956 5746; x_wconf 77' lang='grc' dir='ltr'>τοῦ</span> <span class='ocrx_word' id='word_1_557' title='bbox 1005 5695 1238 5763; x_wconf 77' lang='grc' dir='ltr'>καρποῦ,</span> <span class='ocrx_word' id='word_1_558' title='bbox 1280 5699 1371 5750; x_wconf 68' lang='grc' dir='ltr'>καὶ</span> <span class='ocrx_word' id='word_1_559' title='bbox 1411 5698 1510 5767; x_wconf 80' lang='grc' dir='ltr'>τῆς</span> <span class='ocrx_word' id='word_1_560' title='bbox 1577 5701 1711 5770; x_wconf 78' lang='grc' dir='ltr'>πρὸς</span> <span class='ocrx_word' id='word_1_561' title='bbox 1769 5702 1972 5770; x_wconf 62' lang='grc' dir='ltr'>ἄμητοε.</span> 
     </span>
    </p>
   </div>
   <div class='ocr_carea' id='block_1_77' title="bbox 405 5782 1971 5862">
    <p class='ocr_par' dir='ltr' id='par_1_77' title="bbox 405 5782 1971 5862">
     <span class='ocr_line' id='line_1_77' title="bbox 405 5782 1971 5862; baseline 0.008 -29"><span class='ocrx_word' id='word_1_562' title='bbox 405 5782 576 5853; x_wconf 72' lang='grc' dir='ltr'>ὥρας,</span> <span class='ocrx_word' id='word_1_563' title='bbox 616 5784 776 5837; x_wconf 72' lang='grc' dir='ltr'>οἱονεὶ</span> <span class='ocrx_word' id='word_1_564' title='bbox 819 5785 914 5858; x_wconf 74' lang='grc' dir='ltr'>τὴν</span> <span class='ocrx_word' id='word_1_565' title='bbox 968 5785 1242 5857; x_wconf 78' lang='grc' dir='ltr'>δρεπάνην</span> <span class='ocrx_word' id='word_1_566' title='bbox 1274 5790 1356 5857; x_wconf 76' lang='grc' dir='ltr'>ἐφ’</span> <span class='ocrx_word' id='word_1_567' title='bbox 1391 5791 1617 5854; x_wconf 62' lang='grc' dir='ltr'>ἑαυτοὺς</span> <span class='ocrx_word' id='word_1_568' title='bbox 1651 5791 1971 5862; x_wconf 67' lang='grc' dir='ltr'>⁶καλοῦντες.</span> 
     </span>
    </p>
   </div>
   <div class='ocr_carea' id='block_1_78' title="bbox 2070 5407 2622 5476">
    <p class='ocr_par' dir='ltr' id='par_1_78' title="bbox 2070 5407 2622 5476">
     <span class='ocr_line' id='line_1_78' title="bbox 2070 5407 2622 5476; baseline 0.009 -21"><span class='ocrx_word' id='word_1_569' title='bbox 2070 5407 2291 5476; x_wconf 81' lang='lat' dir='ltr'>.optime</span> <span class='ocrx_word' id='word_1_570' title='bbox 2353 5407 2587 5461; x_wconf 79' lang='lat' dir='ltr'>infertur</span> <span class='ocrx_word' id='word_1_571' title='bbox 2609 5446 2622 5466; x_wconf 88' lang='lat'>.</span> 
     </span>
    </p>
   </div>
   <div class='ocr_carea' id='block_1_79' title="bbox 2069 5498 3644 5568">
    <p class='ocr_par' dir='ltr' id='par_1_79' title="bbox 2069 5498 3644 5568">
     <span class='ocr_line' id='line_1_79' title="bbox 2069 5498 3644 5568; baseline 0 -20"><span class='ocrx_word' id='word_1_572' title='bbox 2069 5498 2272 5560; x_wconf 73' lang='lat' dir='ltr'>lre&#39;scit,</span> <span class='ocrx_word' id='word_1_573' title='bbox 2322 5499 2560 5552; x_wconf 90' lang='lat' dir='ltr'>nondum</span> <span class='ocrx_word' id='word_1_574' title='bbox 2611 5507 2740 5551; x_wconf 92' lang='lat' dir='ltr'>tunc</span> <span class='ocrx_word' id='word_1_575' title='bbox 2795 5499 3058 5568; x_wconf 78' lang='lat' dir='ltr'>temporis</span> <span class='ocrx_word' id='word_1_576' title='bbox 3100 5499 3357 5567; x_wconf 89' lang='lat' dir='ltr'>potuisse</span> <span class='ocrx_word' id='word_1_577' title='bbox 3389 5513 3510 5553; x_wconf 89' lang='lat' dir='ltr'>esse</span> <span class='ocrx_word' id='word_1_578' title='bbox 3545 5508 3644 5548; x_wconf 79' lang='lat' dir='ltr'>ma—</span> 
     </span>
    </p>
   </div>
   <div class='ocr_carea' id='block_1_80' title="bbox 2071 5595 2345 5641">
    <p class='ocr_par' dir='ltr' id='par_1_80' title="bbox 2071 5595 2345 5641">
     <span class='ocr_line' id='line_1_80' title="bbox 2071 5595 2345 5641; baseline 0 -1"><span class='ocrx_word' id='word_1_579' title='bbox 2071 5595 2288 5641; x_wconf 77' lang='grc' dir='ltr'>-ιιιι-ιιω.</span> <span class='ocrx_word' id='word_1_580' title='bbox 2326 5607 2345 5640; x_wconf 74' lang='grc' dir='ltr'><strong><em>ι</em></strong></span> 
     </span>
    </p>
   </div>
   <div class='ocr_carea' id='block_1_81' title="bbox 2078 1920 3631 1992">
    <p class='ocr_par' dir='ltr' id='par_1_81' title="bbox 2078 1920 3631 1992">
     <span class='ocr_line' id='line_1_81' title="bbox 2078 1920 3631 1992; baseline 0.001 -19"><span class='ocrx_word' id='word_1_581' title='bbox 2078 1920 2265 1973; x_wconf 91' lang='lat' dir='ltr'>hatum</span> <span class='ocrx_word' id='word_1_582' title='bbox 2295 1920 2661 1986; x_wconf 88' lang='lat' dir='ltr'>ostendimus,</span> <span class='ocrx_word' id='word_1_583' title='bbox 2698 1921 2844 1992; x_wconf 91' lang='lat' dir='ltr'>quod</span> <span class='ocrx_word' id='word_1_584' title='bbox 2877 1921 3114 1992; x_wconf 90' lang='lat' dir='ltr'>primum</span> <span class='ocrx_word' id='word_1_585' title='bbox 3144 1931 3230 1977; x_wconf 91' lang='lat' dir='ltr'>est</span> <span class='ocrx_word' id='word_1_586' title='bbox 3259 1921 3373 1974; x_wconf 81' lang='grc' dir='ltr'>ἀπὸ</span> <span class='ocrx_word' id='word_1_587' title='bbox 3406 1923 3502 1991; x_wconf 80' lang='grc' dir='ltr'>τῆς</span> <span class='ocrx_word' id='word_1_588' title='bbox 3528 1921 3631 1975; x_wconf 76' lang='grc' dir='ltr'>δευ-</span> 
     </span>
    </p>
   </div>
   <div class='ocr_carea' id='block_1_82' title="bbox 2075 1999 3632 2086">
    <p class='ocr_par' dir='ltr' id='par_1_82' title="bbox 2075 1999 3632 2086">
     <span class='ocr_line' id='line_1_82' title="bbox 2075 1999 3632 2086; baseline 0.001 -20"><span class='ocrx_word' id='word_1_589' title='bbox 2075 2014 2237 2084; x_wconf 82' lang='grc' dir='ltr'>τέρας</span> <span class='ocrx_word' id='word_1_590' title='bbox 2267 2013 2362 2066; x_wconf 80' lang='grc' dir='ltr'><strong>τοῦ</strong></span> <span class='ocrx_word' id='word_1_591' title='bbox 2399 2016 2608 2086; x_wconf 81' lang='grc' dir='ltr'>Πάσχα,</span> <span class='ocrx_word' id='word_1_592' title='bbox 2645 2016 2700 2070; x_wconf 90' lang='lat' dir='ltr'>in</span> <span class='ocrx_word' id='word_1_593' title='bbox 2730 2029 2836 2086; x_wconf 92' lang='lat' dir='ltr'>qua</span> <span class='ocrx_word' id='word_1_594' title='bbox 2875 2015 3187 2085; x_wconf 85' lang='lat' dir='ltr'>manipulus</span> <span class='ocrx_word' id='word_1_595' title='bbox 3218 1999 3490 2069; x_wconf 82' lang='lat' dir='ltr'>novarum</span> <span class='ocrx_word' id='word_1_596' title='bbox 3535 2016 3632 2068; x_wconf 83' lang='lat' dir='ltr'>fru—</span> 
     </span>
    </p>
   </div>
   <div class='ocr_carea' id='block_1_83' title="bbox 2075 2105 3632 2177">
    <p class='ocr_par' dir='ltr' id='par_1_83' title="bbox 2075 2105 3632 2177">
     <span class='ocr_line' id='line_1_83' title="bbox 2075 2105 3632 2177; baseline 0.001 -15"><span class='ocrx_word' id='word_1_597' title='bbox 2075 2123 2202 2177; x_wconf 86' lang='lat' dir='ltr'>gum</span> <span class='ocrx_word' id='word_1_598' title='bbox 2234 2108 2418 2162; x_wconf 69' lang='lat' dir='ltr'>oﬂ‘erri</span> <span class='ocrx_word' id='word_1_599' title='bbox 2465 2118 2848 2164; x_wconf 88' lang='lat' dir='ltr'>consueverat.</span> <span class='ocrx_word' id='word_1_600' title='bbox 2888 2105 3008 2172; x_wconf 84' lang='lat' dir='ltr'>Quo</span> <span class='ocrx_word' id='word_1_601' title='bbox 3043 2108 3207 2162; x_wconf 91' lang='lat' dir='ltr'>etiam</span> <span class='ocrx_word' id='word_1_602' title='bbox 3266 2108 3321 2161; x_wconf 91' lang='lat' dir='ltr'>in</span> <span class='ocrx_word' id='word_1_603' title='bbox 3377 2111 3497 2162; x_wconf 90' lang='lat' dir='ltr'>loco</span> <span class='ocrx_word' id='word_1_604' title='bbox 3524 2124 3632 2164; x_wconf 81' lang='lat' dir='ltr'>sen-</span> 
     </span>
    </p>
   </div>
   <div class='ocr_carea' id='block_1_84' title="bbox 2077 2197 3634 2270">
    <p class='ocr_par' dir='ltr' id='par_1_84' title="bbox 2077 2197 3634 2270">
     <span class='ocr_line' id='line_1_84' title="bbox 2077 2197 3634 2270; baseline 0.003 -20"><span class='ocrx_word' id='word_1_605' title='bbox 2077 2200 2301 2252; x_wconf 90' lang='lat' dir='ltr'>tentiam</span> <span class='ocrx_word' id='word_1_606' title='bbox 2360 2199 2508 2253; x_wconf 86' lang='lat' dir='ltr'>illam</span> <span class='ocrx_word' id='word_1_607' title='bbox 2573 2199 2975 2269; x_wconf 84' lang='lat' dir='ltr'>redarguimus,</span> <span class='ocrx_word' id='word_1_608' title='bbox 3029 2215 3150 2270; x_wconf 70' lang='lat' dir='ltr'>quae</span> <span class='ocrx_word' id='word_1_609' title='bbox 3201 2197 3505 2255; x_wconf 89' lang='lat' dir='ltr'>Sabbatum</span> <span class='ocrx_word' id='word_1_610' title='bbox 3560 2216 3634 2255; x_wconf 82' lang='lat' dir='ltr'>se-</span> 
     </span>
    </p>
   </div>
   <div class='ocr_carea' id='block_1_85' title="bbox 2075 2288 3632 2358">
    <p class='ocr_par' dir='ltr' id='par_1_85' title="bbox 2075 2288 3632 2358">
     <span class='ocr_line' id='line_1_85' title="bbox 2075 2288 3632 2358; baseline -0.003 -14"><span class='ocrx_word' id='word_1_611' title='bbox 2075 2289 2548 2358; x_wconf 82' lang='lat' dir='ltr'>cundo-primum</span> <span class='ocrx_word' id='word_1_612' title='bbox 2600 2289 2720 2345; x_wconf 90' lang='lat' dir='ltr'>ideo</span> <span class='ocrx_word' id='word_1_613' title='bbox 2776 2288 3134 2344; x_wconf 90' lang='lat' dir='ltr'>Pentecosten</span> <span class='ocrx_word' id='word_1_614' title='bbox 3182 2304 3308 2344; x_wconf 90' lang='lat' dir='ltr'>esse</span> <span class='ocrx_word' id='word_1_615' title='bbox 3366 2288 3632 2351; x_wconf 86' lang='lat' dir='ltr'>malebat,</span> 
     </span>
    </p>
   </div>
   <div class='ocr_carea' id='block_1_86' title="bbox 2075 2377 3633 2447">
    <p class='ocr_par' dir='ltr' id='par_1_86' title="bbox 2075 2377 3633 2447">
     <span class='ocr_line' id='line_1_86' title="bbox 2075 2377 3633 2447; baseline -0.001 -16"><span class='ocrx_word' id='word_1_616' title='bbox 2075 2377 2334 2447; x_wconf 90' lang='lat' dir='ltr'>quoniam</span> <span class='ocrx_word' id='word_1_617' title='bbox 2368 2387 2593 2432; x_wconf 65' lang='lat' dir='ltr'>maturae</span> <span class='ocrx_word' id='word_1_618' title='bbox 2625 2387 2754 2432; x_wconf 89' lang='lat' dir='ltr'>tunc</span> <span class='ocrx_word' id='word_1_619' title='bbox 2783 2385 2939 2433; x_wconf 83' lang='lat' dir='ltr'>erant</span> <span class='ocrx_word' id='word_1_620' title='bbox 2967 2378 3153 2447; x_wconf 64' lang='lat' dir='ltr'>spica),</span> <span class='ocrx_word' id='word_1_621' title='bbox 3189 2385 3247 2431; x_wconf 91' lang='lat' dir='ltr'>ut</span> <span class='ocrx_word' id='word_1_622' title='bbox 3285 2392 3384 2434; x_wconf 85' lang='lat' dir='ltr'>eas</span> <span class='ocrx_word' id='word_1_623' title='bbox 3421 2378 3633 2446; x_wconf 89' lang='lat' dir='ltr'>apostoli</span> 
     </span>
    </p>
   </div>
   <div class='ocr_carea' id='block_1_87' title="bbox 2079 2469 3633 2540">
    <p class='ocr_par' dir='ltr' id='par_1_87' title="bbox 2079 2469 3633 2540">
     <span class='ocr_line' id='line_1_87' title="bbox 2079 2469 3633 2540; baseline 0 -16"><span class='ocrx_word' id='word_1_624' title='bbox 2079 2471 2319 2524; x_wconf 88' lang='lat' dir='ltr'>Sabbato</span> <span class='ocrx_word' id='word_1_625' title='bbox 2345 2470 2438 2524; x_wconf 94' lang='lat' dir='ltr'>illo</span> <span class='ocrx_word' id='word_1_626' title='bbox 2465 2470 2855 2526; x_wconf 86' lang='lat' dir='ltr'>confricarent.</span> <span class='ocrx_word' id='word_1_627' title='bbox 2907 2469 3022 2526; x_wconf 87' lang='lat' dir='ltr'>Sub</span> <span class='ocrx_word' id='word_1_628' title='bbox 3052 2470 3271 2524; x_wconf 89' lang='lat' dir='ltr'>initium</span> <span class='ocrx_word' id='word_1_629' title='bbox 3303 2479 3492 2524; x_wconf 88' lang='lat' dir='ltr'>autem</span> <span class='ocrx_word' id='word_1_630' title='bbox 3524 2485 3633 2540; x_wconf 70' lang='lat' dir='ltr'>azy—</span> 
     </span>
    </p>
   </div>
   <div class='ocr_carea' id='block_1_88' title="bbox 2076 2563 3632 2633">
    <p class='ocr_par' dir='ltr' id='par_1_88' title="bbox 2076 2563 3632 2633">
     <span class='ocr_line' id='line_1_88' title="bbox 2076 2563 3632 2633; baseline -0.001 -17"><span class='ocrx_word' id='word_1_631' title='bbox 2076 2578 2290 2617; x_wconf 84' lang='lat' dir='ltr'>morum</span> <span class='ocrx_word' id='word_1_632' title='bbox 2337 2571 2564 2618; x_wconf 70' lang='lat' dir='ltr'>matura:</span> <span class='ocrx_word' id='word_1_633' title='bbox 2613 2578 2734 2620; x_wconf 91' lang='lat' dir='ltr'>esse</span> <span class='ocrx_word' id='word_1_634' title='bbox 2773 2579 2882 2618; x_wconf 87' lang='lat' dir='ltr'>non</span> <span class='ocrx_word' id='word_1_635' title='bbox 2914 2571 3166 2633; x_wconf 89' lang='lat' dir='ltr'>poterant</span> <span class='ocrx_word' id='word_1_636' title='bbox 3203 2563 3632 2633; x_wconf 68' lang='lat' dir='ltr'>quandoquidem</span> 
     </span>
    </p>
   </div>
   <div class='ocr_carea' id='block_1_89' title="bbox 2078 2655 3632 2726">
    <p class='ocr_par' dir='ltr' id='par_1_89' title="bbox 2078 2655 3632 2726">
     <span class='ocr_line' id='line_1_89' title="bbox 2078 2655 3632 2726; baseline 0 -19"><span class='ocrx_word' id='word_1_637' title='bbox 2078 2655 2535 2726; x_wconf 86' lang='lat' dir='ltr'>quinquagesimo</span> <span class='ocrx_word' id='word_1_638' title='bbox 2581 2655 2708 2712; x_wconf 89' lang='lat' dir='ltr'>inde</span> <span class='ocrx_word' id='word_1_639' title='bbox 2751 2655 2839 2710; x_wconf 91' lang='lat' dir='ltr'>die</span> <span class='ocrx_word' id='word_1_640' title='bbox 2869 2655 2976 2710; x_wconf 88' lang='lat' dir='ltr'>falx</span> <span class='ocrx_word' id='word_1_641' title='bbox 3015 2657 3249 2726; x_wconf 88' lang='lat' dir='ltr'>primum</span> <span class='ocrx_word' id='word_1_642' title='bbox 3309 2657 3632 2710; x_wconf 81' lang='lat' dir='ltr'>mittebatur.</span> 
     </span>
    </p>
   </div>
   <div class='ocr_carea' id='block_1_90' title="bbox 2081 2747 3634 2812">
    <p class='ocr_par' dir='ltr' id='par_1_90' title="bbox 2081 2747 3634 2812">
     <span class='ocr_line' id='line_1_90' title="bbox 2081 2747 3634 2812; baseline 0.001 -13"><span class='ocrx_word' id='word_1_643' title='bbox 2081 2747 2202 2802; x_wconf 62' lang='lat' dir='ltr'>llaec</span> <span class='ocrx_word' id='word_1_644' title='bbox 2255 2764 2368 2802; x_wconf 89' lang='lat' dir='ltr'>non</span> <span class='ocrx_word' id='word_1_645' title='bbox 2425 2747 2560 2803; x_wconf 87' lang='lat' dir='ltr'>falsa</span> <span class='ocrx_word' id='word_1_646' title='bbox 2589 2749 2764 2804; x_wconf 91' lang='lat' dir='ltr'>solum</span> <span class='ocrx_word' id='word_1_647' title='bbox 2799 2764 2957 2812; x_wconf 85' lang='lat' dir='ltr'>esse,</span> <span class='ocrx_word' id='word_1_648' title='bbox 3014 2749 3109 2804; x_wconf 89' lang='lat' dir='ltr'>sed</span> <span class='ocrx_word' id='word_1_649' title='bbox 3157 2749 3324 2803; x_wconf 88' lang='lat' dir='ltr'>etiam</span> <span class='ocrx_word' id='word_1_650' title='bbox 3377 2750 3634 2802; x_wconf 86' lang='lat' dir='ltr'>contraria</span> 
     </span>
    </p>
   </div>
   <div class='ocr_carea' id='block_1_91' title="bbox 2079 2835 3635 2909">
    <p class='ocr_par' dir='ltr' id='par_1_91' title="bbox 2079 2835 3635 2909">
     <span class='ocr_line' id='line_1_91' title="bbox 2079 2835 3635 2909; baseline -0.002 -18"><span class='ocrx_word' id='word_1_651' title='bbox 2079 2837 2376 2909; x_wconf 82' lang='lat' dir='ltr'>Scriptura:</span> <span class='ocrx_word' id='word_1_652' title='bbox 2432 2837 2952 2893; x_wconf 81' lang='lat' dir='ltr'>demonstravimus.</span> <span class='ocrx_word' id='word_1_653' title='bbox 3005 2835 3175 2907; x_wconf 85' lang='lat' dir='ltr'>Negat</span> <span class='ocrx_word' id='word_1_654' title='bbox 3226 2851 3362 2891; x_wconf 86' lang='lat' dir='ltr'>vero</span> <span class='ocrx_word' id='word_1_655' title='bbox 3420 2837 3635 2905; x_wconf 85' lang='lat' dir='ltr'>scriptor</span> 
     </span>
    </p>
   </div>
   <div class='ocr_carea' id='block_1_92' title="bbox 2080 2928 3638 3001">
    <p class='ocr_par' dir='ltr' id='par_1_92' title="bbox 2080 2928 3638 3001">
     <span class='ocr_line' id='line_1_92' title="bbox 2080 2928 3638 3001; baseline -0.003 -17"><span class='ocrx_word' id='word_1_656' title='bbox 2080 2934 2171 2986; x_wconf 91' lang='lat' dir='ltr'>ille</span> <span class='ocrx_word' id='word_1_657' title='bbox 2224 2946 2488 3001; x_wconf 90' lang='lat' dir='ltr'>nuperus,</span> <span class='ocrx_word' id='word_1_658' title='bbox 2536 2938 2589 2986; x_wconf 91' lang='lat' dir='ltr'>et</span> <span class='ocrx_word' id='word_1_659' title='bbox 2621 2930 2936 2985; x_wconf 90' lang='lat' dir='ltr'>damnatam</span> <span class='ocrx_word' id='word_1_660' title='bbox 2987 2929 3098 2983; x_wconf 89' lang='lat' dir='ltr'>illic</span> <span class='ocrx_word' id='word_1_661' title='bbox 3149 2943 3181 2982; x_wconf 90' lang='lat' dir='ltr'>a</span> <span class='ocrx_word' id='word_1_662' title='bbox 3233 2928 3398 2982; x_wconf 88' lang='lat' dir='ltr'>nobis</span> <span class='ocrx_word' id='word_1_663' title='bbox 3435 2935 3638 2983; x_wconf 80' lang='lat' dir='ltr'>senten-</span> 
     </span>
    </p>
   </div>
   <div class='ocr_carea' id='block_1_93' title="bbox 2069 3019 3641 3092">
    <p class='ocr_par' dir='ltr' id='par_1_93' title="bbox 2069 3019 3641 3092">
     <span class='ocr_line' id='line_1_93' title="bbox 2069 3019 3641 3092; baseline -0.004 -15"><span class='ocrx_word' id='word_1_664' title='bbox 2069 3024 2206 3077; x_wconf 83' lang='lat' dir='ltr'>‘tiam</span> <span class='ocrx_word' id='word_1_665' title='bbox 2241 3022 2379 3077; x_wconf 90' lang='lat' dir='ltr'>tueri</span> <span class='ocrx_word' id='word_1_666' title='bbox 2436 3022 2634 3092; x_wconf 78' lang='lat' dir='ltr'>pergit,</span> <span class='ocrx_word' id='word_1_667' title='bbox 2695 3036 2760 3077; x_wconf 93' lang='lat' dir='ltr'>ac</span> <span class='ocrx_word' id='word_1_668' title='bbox 2823 3020 3012 3076; x_wconf 90' lang='lat' dir='ltr'>mirari</span> <span class='ocrx_word' id='word_1_669' title='bbox 3046 3035 3106 3074; x_wconf 87' lang='lat' dir='ltr'>se</span> <span class='ocrx_word' id='word_1_670' title='bbox 3141 3019 3300 3083; x_wconf 87' lang='lat' dir='ltr'>dicit,</span> <span class='ocrx_word' id='word_1_671' title='bbox 3329 3034 3455 3074; x_wconf 90' lang='lat' dir='ltr'>eam</span> <span class='ocrx_word' id='word_1_672' title='bbox 3509 3019 3641 3072; x_wconf 72' lang='lat' dir='ltr'>velut</span> 
     </span>
    </p>
   </div>
   <div class='ocr_carea' id='block_1_94' title="bbox 2078 3111 3640 3184">
    <p class='ocr_par' dir='ltr' id='par_1_94' title="bbox 2078 3111 3640 3184">
     <span class='ocr_line' id='line_1_94' title="bbox 2078 3111 3640 3184; baseline -0.006 -15"><span class='ocrx_word' id='word_1_673' title='bbox 2078 3114 2380 3184; x_wconf 71' lang='lat' dir='ltr'>Scriptura:</span> <span class='ocrx_word' id='word_1_674' title='bbox 2430 3114 2766 3169; x_wconf 88' lang='lat' dir='ltr'>contrariam</span> <span class='ocrx_word' id='word_1_675' title='bbox 2799 3128 2920 3169; x_wconf 89' lang='lat' dir='ltr'>esse</span> <span class='ocrx_word' id='word_1_676' title='bbox 2968 3111 3249 3181; x_wconf 76' lang='lat' dir='ltr'>reiectam.</span> <span class='ocrx_word' id='word_1_677' title='bbox 3281 3111 3388 3165; x_wconf 85' lang='lat' dir='ltr'>Cui</span> <span class='ocrx_word' id='word_1_678' title='bbox 3435 3111 3640 3181; x_wconf 84' lang='lat' dir='ltr'>quidem</span> 
     </span>
    </p>
   </div>
   <div class='ocr_carea' id='block_1_95' title="bbox 2081 3205 3640 3274">
    <p class='ocr_par' dir='ltr' id='par_1_95' title="bbox 2081 3205 3640 3274">
     <span class='ocr_line' id='line_1_95' title="bbox 2081 3205 3640 3274; baseline -0.004 -12"><span class='ocrx_word' id='word_1_679' title='bbox 2081 3209 2162 3264; x_wconf 91' lang='lat' dir='ltr'>sic</span> <span class='ocrx_word' id='word_1_680' title='bbox 2200 3208 2303 3262; x_wconf 89' lang='lat' dir='ltr'>hoc</span> <span class='ocrx_word' id='word_1_681' title='bbox 2344 3208 2467 3262; x_wconf 90' lang='lat' dir='ltr'>loco</span> <span class='ocrx_word' id='word_1_682' title='bbox 2516 3205 2892 3268; x_wconf 90' lang='lat' dir='ltr'>satisfaciam,</span> <span class='ocrx_word' id='word_1_683' title='bbox 2929 3215 2989 3259; x_wconf 88' lang='lat' dir='ltr'>ut</span> <span class='ocrx_word' id='word_1_684' title='bbox 3017 3207 3084 3259; x_wconf 89' lang='lat' dir='ltr'>de</span> <span class='ocrx_word' id='word_1_685' title='bbox 3133 3205 3338 3260; x_wconf 83' lang='lat' dir='ltr'>messis</span> <span class='ocrx_word' id='word_1_686' title='bbox 3391 3213 3640 3274; x_wconf 86' lang='lat' dir='ltr'>tempore,</span> 
     </span>
    </p>
   </div>
   <div class='ocr_carea' id='block_1_96' title="bbox 2079 3295 3585 3370">
    <p class='ocr_par' dir='ltr' id='par_1_96' title="bbox 2079 3295 3585 3370">
     <span class='ocr_line' id='line_1_96' title="bbox 2079 3295 3585 3370; baseline -0.004 -18"><span class='ocrx_word' id='word_1_687' title='bbox 2079 3297 2226 3370; x_wconf 88' lang='lat' dir='ltr'>quod</span> <span class='ocrx_word' id='word_1_688' title='bbox 2266 3313 2560 3368; x_wconf 71' lang='lat' dir='ltr'>coeperam,</span> <span class='ocrx_word' id='word_1_689' title='bbox 2598 3298 2813 3368; x_wconf 90' lang='lat' dir='ltr'>plenius</span> <span class='ocrx_word' id='word_1_690' title='bbox 2836 3305 3000 3366; x_wconf 90' lang='lat' dir='ltr'>atque</span> <span class='ocrx_word' id='word_1_691' title='bbox 3038 3295 3263 3350; x_wconf 84' lang='lat' dir='ltr'>uberius</span> <span class='ocrx_word' id='word_1_692' title='bbox 3296 3296 3585 3365; x_wconf 81' lang='lat' dir='ltr'>explicem.</span> 
     </span>
    </p>
   </div>
   <div class='ocr_carea' id='block_1_97' title="bbox 2149 3385 3645 3462">
    <p class='ocr_par' dir='ltr' id='par_1_97' title="bbox 2149 3385 3645 3462">
     <span class='ocr_line' id='line_1_97' title="bbox 2149 3385 3645 3462; baseline -0.005 -18"><span class='ocrx_word' id='word_1_693' title='bbox 2149 3391 2319 3461; x_wconf 87' lang='lat' dir='ltr'>Igitur</span> <span class='ocrx_word' id='word_1_694' title='bbox 2343 3392 2437 3462; x_wconf 94' lang='lat' dir='ltr'><strong>qui</strong></span> <span class='ocrx_word' id='word_1_695' title='bbox 2470 3399 2692 3461; x_wconf 86' lang='lat' dir='ltr'>pr0pter</span> <span class='ocrx_word' id='word_1_696' title='bbox 2716 3390 2901 3444; x_wconf 85' lang='lat' dir='ltr'>vulsas</span> <span class='ocrx_word' id='word_1_697' title='bbox 2947 3389 3014 3442; x_wconf 91' lang='lat' dir='ltr'>ab</span> <span class='ocrx_word' id='word_1_698' title='bbox 3050 3388 3320 3456; x_wconf 89' lang='lat' dir='ltr'>apostolis</span> <span class='ocrx_word' id='word_1_699' title='bbox 3357 3395 3415 3442; x_wconf 91' lang='lat' dir='ltr'>et</span> <span class='ocrx_word' id='word_1_700' title='bbox 3453 3385 3645 3441; x_wconf 87' lang='lat' dir='ltr'>confri-</span> 
     </span>
    </p>
   </div>
   <div class='ocr_carea' id='block_1_98' title="bbox 2080 3480 3643 3554">
    <p class='ocr_par' dir='ltr' id='par_1_98' title="bbox 2080 3480 3643 3554">
     <span class='ocr_line' id='line_1_98' title="bbox 2080 3480 3643 3554; baseline -0.006 -15"><span class='ocrx_word' id='word_1_701' title='bbox 2080 3496 2233 3541; x_wconf 89' lang='lat' dir='ltr'>catas</span> <span class='ocrx_word' id='word_1_702' title='bbox 2281 3494 2490 3554; x_wconf 80' lang='lat' dir='ltr'>segetes</span> <span class='ocrx_word' id='word_1_703' title='bbox 2538 3485 2808 3554; x_wconf 85' lang='lat' dir='ltr'>negabant</span> <span class='ocrx_word' id='word_1_704' title='bbox 2860 3482 3156 3536; x_wconf 87' lang='lat' dir='ltr'>Sabbatum</span> <span class='ocrx_word' id='word_1_705' title='bbox 3221 3480 3643 3548; x_wconf 83' lang='lat' dir='ltr'>deuteroproton</span> 
     </span>
    </p>
   </div>
   <div class='ocr_carea' id='block_1_99' title="bbox 2081 3571 3644 3645">
    <p class='ocr_par' dir='ltr' id='par_1_99' title="bbox 2081 3571 3644 3645">
     <span class='ocr_line' id='line_1_99' title="bbox 2081 3571 3644 3645; baseline -0.007 -14"><span class='ocrx_word' id='word_1_706' title='bbox 2081 3593 2251 3631; x_wconf 89' lang='lat' dir='ltr'>unum</span> <span class='ocrx_word' id='word_1_707' title='bbox 2291 3576 2598 3645; x_wconf 91' lang='lat' dir='ltr'>quempiam</span> <span class='ocrx_word' id='word_1_708' title='bbox 2655 3589 2720 3628; x_wconf 89' lang='lat' dir='ltr'>ex</span> <span class='ocrx_word' id='word_1_709' title='bbox 2769 3586 3080 3643; x_wconf 79' lang='lat' dir='ltr'>azymorum</span> <span class='ocrx_word' id='word_1_710' title='bbox 3132 3586 3256 3624; x_wconf 90' lang='lat' dir='ltr'>esse</span> <span class='ocrx_word' id='word_1_711' title='bbox 3307 3571 3546 3635; x_wconf 88' lang='lat' dir='ltr'>diebus;</span> <span class='ocrx_word' id='word_1_712' title='bbox 3597 3571 3644 3620; x_wconf 89' lang='lat' dir='ltr'>in</span> 
     </span>
    </p>
   </div>
   <div class='ocr_carea' id='block_1_100' title="bbox 2080 3660 3648 3737">
    <p class='ocr_par' dir='ltr' id='par_1_100' title="bbox 2080 3660 3648 3737">
     <span class='ocr_line' id='line_1_100' title="bbox 2080 3660 3648 3737; baseline -0.005 -17"><span class='ocrx_word' id='word_1_713' title='bbox 2080 3666 2227 3737; x_wconf 90' lang='lat' dir='ltr'>quod</span> <span class='ocrx_word' id='word_1_714' title='bbox 2280 3666 2526 3736; x_wconf 91' lang='lat' dir='ltr'>plerique</span> <span class='ocrx_word' id='word_1_715' title='bbox 2571 3663 2942 3726; x_wconf 88' lang='lat' dir='ltr'>consentiunt,</span> <span class='ocrx_word' id='word_1_716' title='bbox 2994 3675 3078 3725; x_wconf 91' lang='lat' dir='ltr'>ea,</span> <span class='ocrx_word' id='word_1_717' title='bbox 3118 3675 3285 3728; x_wconf 89' lang='lat' dir='ltr'>quam</span> <span class='ocrx_word' id='word_1_718' title='bbox 3319 3660 3648 3731; x_wconf 81' lang='lat' dir='ltr'>oppugnavi-</span> 
     </span>
    </p>
   </div>
   <div class='ocr_carea' id='block_1_101' title="bbox 2081 3750 3648 3824">
    <p class='ocr_par' dir='ltr' id='par_1_101' title="bbox 2081 3750 3648 3824">
     <span class='ocr_line' id='line_1_101' title="bbox 2081 3750 3648 3824; baseline -0.007 -11"><span class='ocrx_word' id='word_1_719' title='bbox 2081 3773 2226 3822; x_wconf 91' lang='lat' dir='ltr'>mus,</span> <span class='ocrx_word' id='word_1_720' title='bbox 2258 3759 2469 3813; x_wconf 89' lang='lat' dir='ltr'>ratione</span> <span class='ocrx_word' id='word_1_721' title='bbox 2512 3755 2855 3821; x_wconf 90' lang='lat' dir='ltr'>nitebantur;</span> <span class='ocrx_word' id='word_1_722' title='bbox 2905 3754 3051 3824; x_wconf 92' lang='lat' dir='ltr'>quod</span> <span class='ocrx_word' id='word_1_723' title='bbox 3095 3768 3164 3807; x_wconf 87' lang='lat' dir='ltr'>xv</span> <span class='ocrx_word' id='word_1_724' title='bbox 3199 3752 3291 3805; x_wconf 90' lang='lat' dir='ltr'>die</span> <span class='ocrx_word' id='word_1_725' title='bbox 3332 3750 3526 3813; x_wconf 82' lang='lat' dir='ltr'>Nisan,</span> <span class='ocrx_word' id='word_1_726' title='bbox 3566 3758 3648 3802; x_wconf 84' lang='lat' dir='ltr'>aut</span> 
     </span>
    </p>
   </div>
   <div class='ocr_carea' id='block_1_102' title="bbox 2084 3841 3647 3915">
    <p class='ocr_par' dir='ltr' id='par_1_102' title="bbox 2084 3841 3647 3915">
     <span class='ocr_line' id='line_1_102' title="bbox 2084 3841 3647 3915; baseline -0.005 -13"><span class='ocrx_word' id='word_1_727' title='bbox 2084 3865 2154 3902; x_wconf 88' lang='lat' dir='ltr'>xx</span> <span class='ocrx_word' id='word_1_728' title='bbox 2190 3847 2369 3903; x_wconf 85' lang='lat' dir='ltr'>Martii</span> <span class='ocrx_word' id='word_1_729' title='bbox 2407 3855 2634 3902; x_wconf 62' lang='lat' dir='ltr'>matura</span> <span class='ocrx_word' id='word_1_730' title='bbox 2663 3861 2785 3902; x_wconf 86' lang='lat' dir='ltr'>esse</span> <span class='ocrx_word' id='word_1_731' title='bbox 2814 3845 2980 3915; x_wconf 76' lang='lat' dir='ltr'>spica:</span> <span class='ocrx_word' id='word_1_732' title='bbox 3007 3858 3116 3898; x_wconf 90' lang='lat' dir='ltr'>non</span> <span class='ocrx_word' id='word_1_733' title='bbox 3145 3851 3428 3913; x_wconf 88' lang='lat' dir='ltr'>poterant.</span> <span class='ocrx_word' id='word_1_734' title='bbox 3475 3862 3496 3894; x_wconf 69' lang='grc' dir='ltr'>ι</span> <span class='ocrx_word' id='word_1_735' title='bbox 3528 3841 3647 3897; x_wconf 77' lang='lat' dir='ltr'>Nam</span> 
     </span>
    </p>
   </div>
   <div class='ocr_carea' id='block_1_103' title="bbox 2083 3935 3650 4008">
    <p class='ocr_par' dir='ltr' id='par_1_103' title="bbox 2083 3935 3650 4008">
     <span class='ocr_line' id='line_1_103' title="bbox 2083 3935 3650 4008; baseline -0.006 -15"><span class='ocrx_word' id='word_1_736' title='bbox 2083 3939 2320 4002; x_wconf 89' lang='lat' dir='ltr'>festum,</span> <span class='ocrx_word' id='word_1_737' title='bbox 2393 3936 2690 4008; x_wconf 88' lang='lat' dir='ltr'>inquiunt,</span> <span class='ocrx_word' id='word_1_738' title='bbox 2783 3935 3185 4006; x_wconf 90' lang='lat' dir='ltr'>primitivorum</span> <span class='ocrx_word' id='word_1_739' title='bbox 3275 3935 3650 3990; x_wconf 89' lang='lat' dir='ltr'>celebrabatur</span> 
     </span>
    </p>
   </div>
   <div class='ocr_carea' id='block_1_104' title="bbox 2081 4027 3650 4100">
    <p class='ocr_par' dir='ltr' id='par_1_104' title="bbox 2081 4027 3650 4100">
     <span class='ocr_line' id='line_1_104' title="bbox 2081 4027 3650 4100; baseline -0.004 -16"><span class='ocrx_word' id='word_1_740' title='bbox 2081 4031 2538 4100; x_wconf 84' lang='lat' dir='ltr'>quinquagesimo</span> <span class='ocrx_word' id='word_1_741' title='bbox 2566 4029 2654 4084; x_wconf 91' lang='lat' dir='ltr'>die</span> <span class='ocrx_word' id='word_1_742' title='bbox 2702 4037 2824 4099; x_wconf 91' lang='lat' dir='ltr'>post</span> <span class='ocrx_word' id='word_1_743' title='bbox 2857 4027 3066 4084; x_wconf 87' lang='lat' dir='ltr'>Pascha</span> <span class='ocrx_word' id='word_1_744' title='bbox 3097 4047 3110 4083; x_wconf 88' lang='lat'><strong>:</strong></span> <span class='ocrx_word' id='word_1_745' title='bbox 3148 4028 3541 4083; x_wconf 86' lang='lat' dir='ltr'>celebrabatur</span> <span class='ocrx_word' id='word_1_746' title='bbox 3564 4042 3650 4080; x_wconf 80' lang='lat' dir='ltr'>au-</span> 
     </span>
    </p>
   </div>
   <div class='ocr_carea' id='block_1_105' title="bbox 2083 4119 3650 4191">
    <p class='ocr_par' dir='ltr' id='par_1_105' title="bbox 2083 4119 3650 4191">
     <span class='ocr_line' id='line_1_105' title="bbox 2083 4119 3650 4191; baseline -0.004 -15"><span class='ocrx_word' id='word_1_747' title='bbox 2083 4131 2190 4176; x_wconf 89' lang='lat' dir='ltr'>tem</span> <span class='ocrx_word' id='word_1_748' title='bbox 2221 4123 2579 4190; x_wconf 89' lang='lat' dir='ltr'>simulatque</span> <span class='ocrx_word' id='word_1_749' title='bbox 2632 4123 2808 4191; x_wconf 91' lang='lat' dir='ltr'>prima</span> <span class='ocrx_word' id='word_1_750' title='bbox 2838 4120 2947 4174; x_wconf 87' lang='lat' dir='ltr'>falx</span> <span class='ocrx_word' id='word_1_751' title='bbox 2997 4120 3051 4173; x_wconf 91' lang='lat' dir='ltr'>in</span> <span class='ocrx_word' id='word_1_752' title='bbox 3104 4135 3346 4174; x_wconf 86' lang='lat' dir='ltr'>messem</span> <span class='ocrx_word' id='word_1_753' title='bbox 3413 4119 3650 4174; x_wconf 86' lang='lat' dir='ltr'>mitteba-</span> 
     </span>
    </p>
   </div>
   <div class='ocr_carea' id='block_1_106' title="bbox 2083 4209 3652 4282">
    <p class='ocr_par' dir='ltr' id='par_1_106' title="bbox 2083 4209 3652 4282">
     <span class='ocr_line' id='line_1_106' title="bbox 2083 4209 3652 4282; baseline -0.004 -15"><span class='ocrx_word' id='word_1_754' title='bbox 2083 4221 2190 4267; x_wconf 91' lang='lat' dir='ltr'>tur.</span> <span class='ocrx_word' id='word_1_755' title='bbox 2234 4213 2350 4267; x_wconf 85' lang='lat' dir='ltr'>l\&#39;on</span> <span class='ocrx_word' id='word_1_756' title='bbox 2381 4228 2512 4282; x_wconf 86' lang='lat' dir='ltr'>ergo</span> <span class='ocrx_word' id='word_1_757' title='bbox 2543 4218 2797 4282; x_wconf 91' lang='lat' dir='ltr'>poterant</span> <span class='ocrx_word' id='word_1_758' title='bbox 2838 4211 2893 4265; x_wconf 93' lang='lat' dir='ltr'>in</span> <span class='ocrx_word' id='word_1_759' title='bbox 2936 4209 3076 4265; x_wconf 88' lang='lat' dir='ltr'>festo</span> <span class='ocrx_word' id='word_1_760' title='bbox 3109 4225 3458 4280; x_wconf 78' lang='lat' dir='ltr'>azymorum,</span> <span class='ocrx_word' id='word_1_761' title='bbox 3497 4211 3548 4264; x_wconf 93' lang='lat' dir='ltr'><strong>id</strong></span> <span class='ocrx_word' id='word_1_762' title='bbox 3577 4218 3652 4263; x_wconf 88' lang='lat' dir='ltr'>est</span> 
     </span>
    </p>
   </div>
   <div class='ocr_carea' id='block_1_107' title="bbox 2079 4303 3645 4375">
    <p class='ocr_par' dir='ltr' id='par_1_107' title="bbox 2079 4303 3645 4375">
     <span class='ocr_line' id='line_1_107' title="bbox 2079 4303 3645 4375; baseline -0.004 -16"><span class='ocrx_word' id='word_1_763' title='bbox 2079 4305 2470 4375; x_wconf 88' lang='lat' dir='ltr'>quinquaginta</span> <span class='ocrx_word' id='word_1_764' title='bbox 2517 4311 2642 4359; x_wconf 91' lang='lat' dir='ltr'>ante</span> <span class='ocrx_word' id='word_1_765' title='bbox 2673 4303 2883 4370; x_wconf 91' lang='lat' dir='ltr'>diebus,</span> <span class='ocrx_word' id='word_1_766' title='bbox 2917 4311 3125 4373; x_wconf 85' lang='lat' dir='ltr'>segetes</span> <span class='ocrx_word' id='word_1_767' title='bbox 3167 4317 3295 4357; x_wconf 87' lang='lat' dir='ltr'>esse</span> <span class='ocrx_word' id='word_1_768' title='bbox 3355 4310 3602 4355; x_wconf 71' lang='lat' dir='ltr'>maturae.</span> <span class='ocrx_word' id='word_1_769' title='bbox 3629 4317 3645 4350; x_wconf 74' lang='grc' dir='ltr'>ι</span> 
     </span>
    </p>
   </div>
   <div class='ocr_carea' id='block_1_108' title="bbox 2082 4391 3650 4465">
    <p class='ocr_par' dir='ltr' id='par_1_108' title="bbox 2082 4391 3650 4465">
     <span class='ocr_line' id='line_1_108' title="bbox 2082 4391 3650 4465; baseline -0.004 -15"><span class='ocrx_word' id='word_1_770' title='bbox 2082 4397 2281 4450; x_wconf 88' lang='lat' dir='ltr'>Contra</span> <span class='ocrx_word' id='word_1_771' title='bbox 2314 4397 2454 4450; x_wconf 89' lang='lat' dir='ltr'>hanc</span> <span class='ocrx_word' id='word_1_772' title='bbox 2487 4413 2553 4451; x_wconf 90' lang='lat' dir='ltr'>ex</span> <span class='ocrx_word' id='word_1_773' title='bbox 2593 4397 2770 4465; x_wconf 89' lang='lat' dir='ltr'>capite</span> <span class='ocrx_word' id='word_1_774' title='bbox 2800 4393 2972 4450; x_wconf 90' lang='lat' dir='ltr'>Levit.</span> <span class='ocrx_word' id='word_1_775' title='bbox 3023 4391 3215 4456; x_wconf 86' lang='lat' dir='ltr'><strong>XXIII,</strong></span> <span class='ocrx_word' id='word_1_776' title='bbox 3248 4394 3285 4446; x_wconf 74' lang='lat'>2</span> <span class='ocrx_word' id='word_1_777' title='bbox 3335 4395 3487 4448; x_wconf 91' lang='lat' dir='ltr'>istud</span> <span class='ocrx_word' id='word_1_778' title='bbox 3515 4394 3650 4460; x_wconf 81' lang='lat' dir='ltr'>obje-</span> 
     </span>
    </p>
   </div>
   <div class='ocr_carea' id='block_1_109' title="bbox 2300 4485 3648 4556">
    <p class='ocr_par' dir='ltr' id='par_1_109' title="bbox 2300 4485 3648 4556">
     <span class='ocr_line' id='line_1_109' title="bbox 2300 4485 3648 4556; baseline -0.007 -13"><span class='ocrx_word' id='word_1_779' title='bbox 2300 4507 2312 4542; x_wconf 92' lang='lat'><strong>:</strong></span> <span class='ocrx_word' id='word_1_780' title='bbox 2369 4504 2635 4543; x_wconf 83' lang='lat' dir='ltr'>novarum</span> <span class='ocrx_word' id='word_1_781' title='bbox 2707 4486 2925 4556; x_wconf 90' lang='lat' dir='ltr'>frugum</span> <span class='ocrx_word' id='word_1_782' title='bbox 2997 4487 3345 4556; x_wconf 91' lang='lat' dir='ltr'>manipulum</span> <span class='ocrx_word' id='word_1_783' title='bbox 3398 4485 3648 4554; x_wconf 88' lang='lat' dir='ltr'>postridie</span> 
     </span>
    </p>
   </div>
   <div class='ocr_carea' id='block_1_110' title="bbox 2086 4575 3648 4650">
    <p class='ocr_par' dir='ltr' id='par_1_110' title="bbox 2086 4575 3648 4650">
     <span class='ocr_line' id='line_1_110' title="bbox 2086 4575 3648 4650; baseline -0.004 -18"><span class='ocrx_word' id='word_1_784' title='bbox 2086 4580 2273 4649; x_wconf 81' lang='lat' dir='ltr'>primae</span> <span class='ocrx_word' id='word_1_785' title='bbox 2319 4594 2630 4650; x_wconf 88' lang='lat' dir='ltr'>azymorum</span> <span class='ocrx_word' id='word_1_786' title='bbox 2662 4577 2901 4632; x_wconf 89' lang='lat' dir='ltr'>oblatum</span> <span class='ocrx_word' id='word_1_787' title='bbox 2945 4575 3142 4642; x_wconf 90' lang='lat' dir='ltr'>fuisse;</span> <span class='ocrx_word' id='word_1_788' title='bbox 3197 4577 3436 4646; x_wconf 89' lang='lat' dir='ltr'>proinde</span> <span class='ocrx_word' id='word_1_789' title='bbox 3489 4586 3648 4631; x_wconf 85' lang='lat' dir='ltr'>matu-</span> 
     </span>
    </p>
   </div>
   <div class='ocr_carea' id='block_1_111' title="bbox 2088 4670 3648 4742">
    <p class='ocr_par' dir='ltr' id='par_1_111' title="bbox 2088 4670 3648 4742">
     <span class='ocr_line' id='line_1_111' title="bbox 2088 4670 3648 4742; baseline -0.005 -16"><span class='ocrx_word' id='word_1_790' title='bbox 2088 4689 2176 4727; x_wconf 89' lang='lat' dir='ltr'>ras</span> <span class='ocrx_word' id='word_1_791' title='bbox 2203 4673 2314 4742; x_wconf 91' lang='lat' dir='ltr'>jam</span> <span class='ocrx_word' id='word_1_792' title='bbox 2347 4673 2517 4728; x_wconf 88' lang='lat' dir='ltr'>fuisse</span> <span class='ocrx_word' id='word_1_793' title='bbox 2544 4679 2773 4742; x_wconf 86' lang='lat' dir='ltr'>segetes.</span> <span class='ocrx_word' id='word_1_794' title='bbox 2805 4670 2995 4739; x_wconf 69' lang='lat' dir='ltr'>.Neque</span> <span class='ocrx_word' id='word_1_795' title='bbox 3032 4686 3165 4724; x_wconf 90' lang='lat' dir='ltr'>vero</span> <span class='ocrx_word' id='word_1_796' title='bbox 3197 4670 3648 4740; x_wconf 86' lang='lat' dir='ltr'>quinquagesimo</span> 
     </span>
    </p>
   </div>
   <div class='ocr_carea' id='block_1_112' title="bbox 2088 4761 3650 4835">
    <p class='ocr_par' dir='ltr' id='par_1_112' title="bbox 2088 4761 3650 4835">
     <span class='ocr_line' id='line_1_112' title="bbox 2088 4761 3650 4835; baseline -0.001 -17"><span class='ocrx_word' id='word_1_797' title='bbox 2088 4773 2209 4834; x_wconf 88' lang='lat' dir='ltr'>post</span> <span class='ocrx_word' id='word_1_798' title='bbox 2247 4764 2336 4820; x_wconf 91' lang='lat' dir='ltr'>die</span> <span class='ocrx_word' id='word_1_799' title='bbox 2364 4779 2535 4820; x_wconf 92' lang='lat' dir='ltr'>novas</span> <span class='ocrx_word' id='word_1_800' title='bbox 2564 4764 2749 4835; x_wconf 85' lang='lat' dir='ltr'>fruges</span> <span class='ocrx_word' id='word_1_801' title='bbox 2775 4806 2790 4830; x_wconf 94' lang='lat'><strong>,</strong></span> <span class='ocrx_word' id='word_1_802' title='bbox 2832 4763 2926 4818; x_wconf 86' lang='lat' dir='ltr'>sed</span> <span class='ocrx_word' id='word_1_803' title='bbox 2963 4779 3031 4818; x_wconf 88' lang='lat' dir='ltr'>ex</span> <span class='ocrx_word' id='word_1_804' title='bbox 3070 4763 3228 4818; x_wconf 88' lang='lat' dir='ltr'>novis</span> <span class='ocrx_word' id='word_1_805' title='bbox 3268 4762 3528 4834; x_wconf 90' lang='lat' dir='ltr'>frugibus</span> <span class='ocrx_word' id='word_1_806' title='bbox 3558 4761 3650 4831; x_wconf 88' lang='lat' dir='ltr'>pri-</span> 
     </span>
    </p>
   </div>
   <div class='ocr_carea' id='block_1_113' title="bbox 2080 4857 3194 4928">
    <p class='ocr_par' dir='ltr' id='par_1_113' title="bbox 2080 4857 3194 4928">
     <span class='ocr_line' id='line_1_113' title="bbox 2080 4857 3194 4928; baseline -0.002 -18"><span class='ocrx_word' id='word_1_807' title='bbox 2080 4857 2359 4918; x_wconf 69' lang='lat' dir='ltr'>Jnitiarum</span> <span class='ocrx_word' id='word_1_808' title='bbox 2390 4872 2562 4928; x_wconf 88' lang='lat' dir='ltr'>panes</span> <span class='ocrx_word' id='word_1_809' title='bbox 2594 4863 3011 4926; x_wconf 64' lang='lat' dir='ltr'>repraesentatos</span> <span class='ocrx_word' id='word_1_810' title='bbox 3049 4869 3194 4910; x_wconf 89' lang='lat' dir='ltr'>esse.</span> 
     </span>
    </p>
   </div>
   <div class='ocr_carea' id='block_1_114' title="bbox 2153 4946 3643 5018">
    <p class='ocr_par' dir='ltr' id='par_1_114' title="bbox 2153 4946 3643 5018">
     <span class='ocr_line' id='line_1_114' title="bbox 2153 4946 3643 5018; baseline -0.005 -15"><span class='ocrx_word' id='word_1_811' title='bbox 2153 4949 2224 5003; x_wconf 85' lang='lat' dir='ltr'>At</span> <span class='ocrx_word' id='word_1_812' title='bbox 2278 4963 2468 5002; x_wconf 89' lang='lat' dir='ltr'>recens</span> <span class='ocrx_word' id='word_1_813' title='bbox 2511 4949 2600 5004; x_wconf 90' lang='lat' dir='ltr'>ille</span> <span class='ocrx_word' id='word_1_814' title='bbox 2643 4948 2880 5018; x_wconf 85' lang='lat' dir='ltr'>scriptor</span> <span class='ocrx_word' id='word_1_815' title='bbox 2931 4947 3220 5003; x_wconf 82' lang='lat' dir='ltr'>adversum</span> <span class='ocrx_word' id='word_1_816' title='bbox 3273 4963 3382 5004; x_wconf 88' lang='lat' dir='ltr'>nos</span> <span class='ocrx_word' id='word_1_817' title='bbox 3427 4946 3643 5016; x_wconf 82' lang='lat' dir='ltr'>exeipit,</span> 
     </span>
    </p>
   </div>
   <div class='ocr_carea' id='block_1_115' title="bbox 2085 5041 3647 5110">
    <p class='ocr_par' dir='ltr' id='par_1_115' title="bbox 2085 5041 3647 5110">
     <span class='ocr_line' id='line_1_115' title="bbox 2085 5041 3647 5110; baseline -0.004 -16"><span class='ocrx_word' id='word_1_818' title='bbox 2085 5057 2197 5094; x_wconf 91' lang='lat' dir='ltr'>non</span> <span class='ocrx_word' id='word_1_819' title='bbox 2231 5042 2412 5110; x_wconf 88' lang='lat' dir='ltr'>spicas</span> <span class='ocrx_word' id='word_1_820' title='bbox 2440 5050 2711 5107; x_wconf 90' lang='lat' dir='ltr'>maturas,</span> <span class='ocrx_word' id='word_1_821' title='bbox 2749 5041 2844 5098; x_wconf 91' lang='lat' dir='ltr'>sed</span> <span class='ocrx_word' id='word_1_822' title='bbox 2883 5041 3062 5094; x_wconf 90' lang='lat' dir='ltr'>adhuc</span> <span class='ocrx_word' id='word_1_823' title='bbox 3107 5041 3393 5101; x_wconf 82' lang='lat' dir='ltr'>virentes:</span> <span class='ocrx_word' id='word_1_824' title='bbox 3433 5057 3531 5096; x_wconf 88' lang='lat' dir='ltr'>nec</span> <span class='ocrx_word' id='word_1_825' title='bbox 3564 5051 3647 5092; x_wconf 87' lang='lat' dir='ltr'>eas</span> 
     </span>
    </p>
   </div>
   <div class='ocr_carea' id='block_1_116' title="bbox 2086 5129 3645 5196">
    <p class='ocr_par' dir='ltr' id='par_1_116' title="bbox 2086 5129 3645 5196">
     <span class='ocr_line' id='line_1_116' title="bbox 2086 5129 3645 5196; baseline -0.004 -10"><span class='ocrx_word' id='word_1_826' title='bbox 2086 5131 2352 5194; x_wconf 76' lang='lat' dir='ltr'>tritieeas,</span> <span class='ocrx_word' id='word_1_827' title='bbox 2401 5132 2497 5187; x_wconf 89' lang='lat' dir='ltr'>sed</span> <span class='ocrx_word' id='word_1_828' title='bbox 2549 5131 2898 5193; x_wconf 76' lang='lat' dir='ltr'>hordeaceus,</span> <span class='ocrx_word' id='word_1_829' title='bbox 2926 5131 3137 5185; x_wconf 90' lang='lat' dir='ltr'>oblatas</span> <span class='ocrx_word' id='word_1_830' title='bbox 3167 5146 3314 5185; x_wconf 88' lang='lat' dir='ltr'>esse.</span> <span class='ocrx_word' id='word_1_831' title='bbox 3384 5151 3404 5182; x_wconf 78' lang='grc' dir='ltr'>σ</span> <span class='ocrx_word' id='word_1_832' title='bbox 3461 5129 3645 5196; x_wconf 83' lang='lat' dir='ltr'>Quare,</span> 
     </span>
    </p>
   </div>
   <div class='ocr_carea' id='block_1_117' title="bbox 2071 5222 3646 5294">
    <p class='ocr_par' dir='ltr' id='par_1_117' title="bbox 2071 5222 3646 5294">
     <span class='ocr_line' id='line_1_117' title="bbox 2071 5222 3646 5294; baseline -0.005 -14"><span class='ocrx_word' id='word_1_833' title='bbox 2071 5225 2285 5293; x_wconf 87' lang='lat' dir='ltr'>.nquit,</span> <span class='ocrx_word' id='word_1_834' title='bbox 2349 5224 2394 5280; x_wconf 91' lang='lat' dir='ltr'>si</span> <span class='ocrx_word' id='word_1_835' title='bbox 2437 5225 2628 5280; x_wconf 91' lang='lat' dir='ltr'>diebus</span> <span class='ocrx_word' id='word_1_836' title='bbox 2675 5239 2989 5294; x_wconf 83' lang='lat' dir='ltr'>azymorum</span> <span class='ocrx_word' id='word_1_837' title='bbox 3033 5225 3200 5293; x_wconf 69' lang='lat' dir='ltr'>spica:</span> <span class='ocrx_word' id='word_1_838' title='bbox 3270 5226 3492 5294; x_wconf 68' lang='lat' dir='ltr'>messis</span> <span class='ocrx_word' id='word_1_839' title='bbox 3531 5222 3646 5275; x_wconf 88' lang='lat' dir='ltr'>bor-</span> 
     </span>
    </p>
   </div>
   <div class='ocr_carea' id='block_1_118' title="bbox 2085 5291 3643 5384">
    <p class='ocr_par' dir='ltr' id='par_1_118' title="bbox 2085 5291 3643 5384">
     <span class='ocr_line' id='line_1_118' title="bbox 2085 5291 3643 5384; baseline -0.003 -16"><span class='ocrx_word' id='word_1_840' title='bbox 2085 5291 2319 5380; x_wconf 67' lang='lat' dir='ltr'>deaceaz,</span> <span class='ocrx_word' id='word_1_841' title='bbox 2351 5330 2472 5384; x_wconf 64' lang='lat' dir='ltr'>qua:</span> <span class='ocrx_word' id='word_1_842' title='bbox 2521 5322 2652 5368; x_wconf 91' lang='lat' dir='ltr'>tunc</span> <span class='ocrx_word' id='word_1_843' title='bbox 2693 5291 3095 5381; x_wconf 63' lang='lat' dir='ltr'>offerebantur,</span> <span class='ocrx_word' id='word_1_844' title='bbox 3150 5315 3337 5368; x_wconf 87' lang='lat' dir='ltr'>adhuc</span> <span class='ocrx_word' id='word_1_845' title='bbox 3378 5291 3643 5372; x_wconf 55' lang='lat' dir='ltr'>virebunt,</span> 
     </span>
    </p>
   </div>
   <div class='ocr_carea' id='block_1_119' title="bbox 2697 5405 3644 5476">
    <p class='ocr_par' dir='ltr' id='par_1_119' title="bbox 2697 5405 3644 5476">
     <span class='ocr_line' id='line_1_119' title="bbox 2697 5405 3644 5476; baseline -0.005 -17"><span class='ocrx_word' id='word_1_846' title='bbox 2697 5405 2976 5469; x_wconf 88' lang='lat' dir='ltr'>triticum,</span> <span class='ocrx_word' id='word_1_847' title='bbox 3035 5405 3185 5476; x_wconf 89' lang='lat' dir='ltr'>quod</span> <span class='ocrx_word' id='word_1_848' title='bbox 3241 5408 3428 5463; x_wconf 86' lang='lat' dir='ltr'>serius</span> <span class='ocrx_word' id='word_1_849' title='bbox 3484 5411 3644 5459; x_wconf 80' lang='lat' dir='ltr'>matu-</span> 
     </span>
    </p>
   </div>
   <div class='ocr_carea' id='block_1_120' title="bbox 2077 5687 3643 5772">
    <p class='ocr_par' dir='ltr' id='par_1_120' title="bbox 2077 5687 3643 5772">
     <span class='ocr_line' id='line_1_120' title="bbox 2077 5687 3643 5772; baseline -0.001 -17"><span class='ocrx_word' id='word_1_850' title='bbox 2077 5748 2080 5752; x_wconf 72' lang='grc'>,</span> <span class='ocrx_word' id='word_1_851' title='bbox 2110 5687 2118 5693; x_wconf 55' lang='grc'><em>’</em></span> <span class='ocrx_word' id='word_1_852' title='bbox 2154 5702 2356 5756; x_wconf 81' lang='lat' dir='ltr'>Verum</span> <span class='ocrx_word' id='word_1_853' title='bbox 2389 5718 2500 5756; x_wconf 88' lang='lat' dir='ltr'>non</span> <span class='ocrx_word' id='word_1_854' title='bbox 2532 5703 2859 5758; x_wconf 86' lang='lat' dir='ltr'>hordeaceas</span> <span class='ocrx_word' id='word_1_855' title='bbox 2892 5705 3070 5760; x_wconf 89' lang='lat' dir='ltr'>solum</span> <span class='ocrx_word' id='word_1_856' title='bbox 3101 5747 3117 5772; x_wconf 92' lang='lat'>,</span> <span class='ocrx_word' id='word_1_857' title='bbox 3161 5708 3257 5762; x_wconf 89' lang='lat' dir='ltr'>sed</span> <span class='ocrx_word' id='word_1_858' title='bbox 3303 5709 3468 5762; x_wconf 86' lang='lat' dir='ltr'>etiam</span> <span class='ocrx_word' id='word_1_859' title='bbox 3524 5702 3643 5758; x_wconf 82' lang='lat' dir='ltr'>triti-</span> 
     </span>
    </p>
   </div>
   <div class='ocr_carea' id='block_1_121' title="bbox 2075 5795 3644 5877">
    <p class='ocr_par' dir='ltr' id='par_1_121' title="bbox 2075 5795 3644 5877">
     <span class='ocr_line' id='line_1_121' title="bbox 2075 5795 3644 5877; baseline 0.001 -32"><span class='ocrx_word' id='word_1_860' title='bbox 2075 5811 2207 5873; x_wconf 78' lang='lat' dir='ltr'>ceas</span> <span class='ocrx_word' id='word_1_861' title='bbox 2224 5809 2437 5876; x_wconf 63' lang='lat' dir='ltr'>messes</span> <span class='ocrx_word' id='word_1_862' title='bbox 2463 5795 2590 5874; x_wconf 54' lang='lat' dir='ltr'>sub</span> <span class='ocrx_word' id='word_1_863' title='bbox 2605 5810 2923 5875; x_wconf 72' lang='lat' dir='ltr'>azymorum</span> <span class='ocrx_word' id='word_1_864' title='bbox 2947 5808 3192 5877; x_wconf 62' lang='lat' dir='ltr'>tempus</span> <span class='ocrx_word' id='word_1_865' title='bbox 3218 5811 3463 5856; x_wconf 81' lang='lat' dir='ltr'>maturas</span> <span class='ocrx_word' id='word_1_866' title='bbox 3495 5799 3644 5855; x_wconf 73' lang='lat' dir='ltr'>inter-</span> 
     </span>
    </p>
   </div>
  </div>
