3808 6310
181 337 330 407 “1395

1001 347 1452 406 DISSEIITATIO
1491 349 1578 406 DE
1619 348 1805 405 ORTU
1846 349 1932 403 ΕΤ
1965 348 2232 406 OCCASU
2277 349 2599 408 SIDERUM.

3294 357 3429 414 1391

187 463 317 516 dum
352 460 547 526 fuisse,
583 461 627 518 si
659 461 957 532 Scriptura:
1001 463 1160 518 fidem
1202 465 1492 529 habemus,
1537 481 1761 521 necesse
1790 471 1834 526 Α
1862 457 1971 534 quo
2013 481 2208 535 passus
2243 475 2326 521 est
2351 468 2624 528 Christus,
2653 481 2836 522 mense
2886 467 3100 538 integro
3140 468 3301 527 citius
3328 472 3428 525 Pa-

184 561 271 608 est
323 553 571 608 credere.
618 553 754 609 Nam
785 553 1008 609 Levitici
1053 554 1221 608 XXIII
1289 555 1340 609 id
1382 571 1488 610 non
1527 558 1763 612 obscure

187 643 452 696 declarat.
486 642 586 697 Ubi
620 651 910 714 postquam
943 653 1212 698 commate
1240 647 1306 700 10
1337 649 1590 718 praecepit
1616 647 1764 720 Moy-

187 751 300 798 ses,
331 746 390 790 ut
422 745 546 807 post
581 737 888 792 demessam
918 745 1160 807 segetem
1201 738 1476 808 spicarum
1508 741 1762 809 manipu-

189 827 295 888 los,
326 836 382 880 et
411 829 684 898 primitias
711 827 992 894 offerrent,
1028 829 1252 898 subjicit
1280 845 1421 884 com.
1465 831 1532 885 I5
1565 849 1578 884 :
1611 849 1628 882 ‹
1660 829 1763 885 Pa-

191 935 340 981 nem,
387 927 440 973 et
469 920 768 989 polentam,
803 927 858 974 et
898 921 1078 990 pultes
1109 937 1216 974 non
1244 921 1544 976 comedetis
1574 938 1640 977 ex
1679 938 1764 978 se-

191 1020 333 1080 gete,
367 1026 542 1080 usque
573 1011 639 1064 ad
675 1012 818 1066 diem
868 1027 975 1081 qua
1025 1012 1264 1068 offeratis
1299 1030 1362 1068 ex
1409 1029 1472 1068 ea
1510 1013 1622 1070 Deo
1672 1032 1765 1069 ve—

192 1111 330 1159 stro.
370 1122 389 1156 ι
426 1102 485 1158 Si
524 1121 804 1175 nunquam
865 1114 1113 1162 maturze.
1160 1107 1322 1161 etiam
1355 1105 1420 1160 ad
1454 1105 1764 1161 confrican-

192 1194 344 1260 dum,
384 1206 597 1264 segetes
642 1206 799 1251 erant
854 1213 1168 1269 azymorum
1225 1207 1505 1268 tempore.
1562 1200 1765 1254 frustra

193 1286 261 1341 de
292 1286 546 1356 paniﬁcio
563 1299 867 1352 caveretur,
897 1304 964 1344 ne
994 1298 1121 1344 ante
1151 1291 1390 1344 oblatum
1415 1289 1579 1345 Omer
1609 1293 1768 1362 panis

194 1392 273 1432 ex.
312 1378 470 1431 novis
508 1376 752 1449 frugibus
797 1380 967 1435 fieret.
1022 1379 1206 1452 Itaque
1260 1391 1584 1452 argumento
1635 1384 1766 1439 illud

193 1478 300 1529 est;
327 1469 498 1522 etiam
534 1471 781 1525 triticum
813 1472 1109 1542 aliquando
1138 1482 1409 1527 maturum
1444 1473 1634 1530 fuisse.
1659 1475 1766 1530 Sed

194 1574 419 1625 omnem
475 1561 836 1629 pervicaciam
897 1563 1139 1618 retundit
1188 1565 1346 1618 adita:
1392 1564 1461 1619 ab
1508 1565 1770 1619 Israelitis

198 1647 523 1714 Palaestinae,
584 1667 648 1708 ac
689 1654 996 1710 transmissi
1052 1653 1313 1711 Iordanis
1353 1656 1602 1720 historia,
1652 1672 1773 1726 qua:

195 1736 363 1795 Iosue
397 1755 522 1811 cap.
559 1739 626 1794 III
657 1751 712 1796 et
750 1743 1108 1813 sequentibus
1141 1745 1476 1800 continetur.

270 1874 639 1932 Transierunt
687 1879 832 1933 enim
884 1878 1178 1934 Jordanem
1246 1887 1489 1950 tempore
1552 1881 1766 1936 messis.

204 1966 516 2025 “Iordanis
570 1977 748 2024 autem
805 1970 1006 2040 (inquit
1051 1986 1198 2025 vers.
1243 1971 1438 2041 capitis
1482 1971 1651 2042 tertii)
1691 1973 1769 2026 ri-

203 2073 301 2127 pas
355 2059 492 2114 alvei
539 2060 622 2114 sui
675 2069 914 2130 tempore
967 2064 1163 2117 messis
1198 2062 1538 2132 impleverat.
1578 2083 1596 2114 »
1655 2063 1773 2128 Quo

200 2147 531 2202 transmisso
577 2147 892 2202 circumcisi
921 2159 1070 2212 sunt,
1116 2157 1170 2203 et
1203 2151 1520 2220 aliquandiu
1567 2151 1771 2207 substi—

203 2244 419 2296 terunt.
466 2238 639 2292 donec
688 2239 910 2292 vulnera
965 2248 1326 2305 sanarentur;
1367 2241 1512 2311 (cap.
1582 2239 1666 2305 V,
1717 2241 1773 2309 8)

202 2337 390 2398 postea
422 2327 630 2382 Pascha
657 2329 1017 2390 celebrarunt.
1045 2347 1062 2380 ι
1084 2338 1275 2399 quarta
1295 2330 1502 2385 decima
1521 2330 1608 2385 die
1625 2347 1776 2384 men-

202 2419 278 2472 sis
308 2417 377 2471 ad
420 2434 726 2487 vesperam.
765 2438 782 2468 ι
822 2417 977 2473 Ilaud
1019 2419 1182 2474 dubie
1211 2437 1277 2474 ex
1323 2419 1488 2475 Mosis
1527 2424 1776 2491 prescri-

202 2519 296 2581 pto
321 2549 338 2575 ,
369 2509 618 2580 adeoque
653 2527 838 2566 mense
869 2512 1064 2582 primo.
1116 2511 1278 2566 Addit
1322 2511 1542 2568 eosdem
1590 2529 1775 2570 come-

201 2603 352 2656 disse
385 2601 455 2656 de
494 2601 742 2673 frugibus
790 2602 1052 2672 postridie
1099 2618 1320 2674 azymos
1368 2619 1538 2674 panes
1583 2612 1637 2660 et
1679 2621 1777 2675 po-

203 2693 438 2760 lentam;
491 2709 556 2748 ac
614 2701 729 2748 tum
782 2709 982 2749 manna
1029 2695 1318 2756 defecisse.
1366 2711 1490 2751 cum
1540 2697 1774 2768 primum

205 2783 454 2854 frugibus
492 2783 649 2839 novis
704 2784 1024 2842 Cbananaaae
1084 2787 1232 2842 vesci
1286 2795 1590 2857 cmperunt.
1641 2787 1776 2855 Quis

208 2883 275 2924 c:
327 2883 396 2923 eo
435 2883 545 2922 non
590 2868 757 2931 videt,
816 2887 924 2925 non
955 2871 1118 2926 modo
1146 2879 1387 2926 maturas
1415 2872 1481 2926 ad
1513 2873 1775 2930 vellican-

205 2957 333 3012 dum
359 2968 570 3029 segetes
609 2975 794 3014 mense
829 2963 1002 3031 primo
1031 2961 1221 3027 fuisse,
1264 2962 1357 3019 sed
1383 2955 1546 3018 etiam
1571 2966 1639 3019 ad
1677 2981 1774 3035 pa-

206 3067 330 3106 nem
366 3067 429 3106 ex
465 3051 572 3106 illis
625 3049 972 3107 faciendum?
1012 3054 1166 3109 Adde
1209 3055 1414 3109 mensis
1453 3055 1626 3125 ipsius
1675 3071 1775 3110 vo-

206 3142 488 3205 cabulum,
525 3143 670 3212 quod
713 3143 854 3199 Abib
903 3153 1188 3214 propterea
1243 3144 1450 3200 dictum
1500 3155 1604 3210 est,
1661 3138 1844 3203 siveC

205 3250 496 3298 novorum,
532 3235 602 3289 ob
630 3250 800 3290 novas
846 3237 1033 3305 utique
1076 3236 1281 3307 fruges.
1332 3235 1484 3290 Adde
1533 3235 1776 3293 Theonis

205 3334 259 3382 et
307 3325 503 3381 lsidori
549 3323 839 3380 Pelusiotze
892 3326 1009 3379 loca
1043 3326 1156 3391 illa,
1211 3341 1331 3396 quae
1384 3325 1540 3380 initio
1581 3326 1776 3396 capitis

206 3417 556 3484 adduximus,
603 3433 671 3472 ex
721 3418 919 3487 quibus
954 3425 1199 3488 apparet,
1258 3399 1472 3472 tam.iu
1512 3417 1773 3489 Egypto,

204 3523 373 3578 quam
405 3508 460 3561 in
496 3506 792 3562 Palaestina
815 3509 1010 3563 messis
1044 3516 1173 3563 tunc
1199 3508 1430 3578 coepisse
1468 3515 1704 3579 tempus.

278 3637 350 3696 Ut
405 3646 588 3694 autem
636 3655 725 3694 res
771 3640 1075 3696 illustretur
1120 3642 1332 3711 magis;
1383 3641 1493 3698 duo
1532 3643 1775 3713 quaedam

207 3726 565 3796 proponenda
615 3736 762 3782 sunt.
793 3729 1072 3793 .Alterum,
1106 3745 1347 3786 mensem
1380 3731 1637 3800 primum,
1680 3749 1777 3788 seu

206 3832 515 3881 novorum,
565 3819 792 3874 minime
843 3821 985 3890 apud
1051 3819 1269 3878 Iudaeos
1316 3802 1528 3879 veteres
1577 3831 1776 3879 statum

208 3908 402 3976 fuisse,
429 3923 494 3964 ac
522 3917 673 3964 certo
695 3918 938 3980 tempore
966 3911 1220 3968 deﬁxum.
1249 3913 1608 3984 Namjdocent
1659 3930 1778 3969 ma-

207 4001 391 4071 gistri,
441 4016 566 4055 cum
620 4001 870 4072 pluribus
900 4003 1025 4059 aliis
1067 4004 1134 4059 de
1167 4007 1349 4061 causis
1383 4001 1614 4076 proférri
1643 4021 1778 4060 con-

211 4092 461 4148 suevisse
486 4109 729 4148 mensem
761 4095 911 4150 illum
933 4137 948 4162 ,
990 4102 1045 4152 et
1087 4095 1500 4151 intercalatione
1555 4097 1780 4153 submo-

210 4185 366 4249 veri;
399 4193 512 4238 tum
556 4185 627 4239 ob
652 4184 838 4256 fruges
869 4202 1040 4243 novas
1083 4188 1324 4242 nondum
1366 4187 1604 4244 adultas.
1661 4187 1779 4254 Qua

208 4276 279 4332 de
307 4291 368 4331 re
406 4274 528 4332 fuse
559 4276 740 4346 agitur
783 4279 837 4331 in
869 4275 1206 4333 Talmudicis
1245 4275 1501 4348 Digestis,
1552 4286 1605 4332 et
1634 4277 1779 4347 apud

210 4368 280 4423 Β.
325 4367 530 4424 Mosem
571 4367 958 4424 Maimoniden.
1019 4369 1157 4424 Tum
1197 4370 1348 4425 Aben
1390 4368 1526 4424 Ezra
1557 4371 1612 4424 in
1655 4385 1776 4442 cap.

1864 556 1995 610 scha
2022 557 2352 611 celebratum
2382 567 2487 613 est.

1933 647 2199 702 Pratterca
2240 647 2522 702 sciendum
2570 656 2678 710 est,
2729 647 3068 703 maturitatis
3094 649 3150 704 in
3181 648 3438 721 frugibus

1861 738 2087 808 gradum
2119 753 2242 793 esse
2281 739 2710 808 duplicem._Aut
2741 740 2888 795 enim
2912 749 3124 794 matura
3149 757 3303 812 seges
3347 754 3431 799 est

1865 829 1931 882 ad
1959 828 2148 884 falcem
2179 849 2191 884 :
2235 831 2378 900 quod
2411 839 2632 900 tempus
2673 831 2888 888 Marcus
2917 835 3250 904 evangelista
3304 851 3427 907 cap.

1865 918 1955 983 IV,
1990 919 2060 973 29
2103 919 2359 975 obscuris
2417 922 2596 974 verbis
2627 921 2852 984 indicat,
2894 937 3014 990 qua:
3045 923 3218 976 obiter
3263 923 3433 992 expli-

1866 1012 2039 1066 canda
2089 1012 2447 1066 ευιιιε⁸⁹οταν
2493 1011 2551 1064 δὲ
2597 1009 2823 1082 παραδῷ
2875 1013 2904 1064 ὁ
2937 1010 3166 1081 καρπὸς,
3232 1011 3433 1076 εὐθέως

1865 1103 2178 1157 ἀποστέλλει
2203 1103 2262 1156 τὸ
2288 1103 2569 1174 δρέπανον.
2616 1101 2788 1174 Vulgo
2830 1103 2908 1158 sic
2935 1104 3229 1174 accipiunt,
3277 1105 3432 1174 quasi

1870 1194 2117 1266 παραδῷ.
2165 1196 2257 1258 sit,
2316 1213 2333 1247 ι
2376 1194 2674 1264 prodiderit
2707 1211 2784 1258 se,
2821 1213 2839 1247 ι
2890 1203 2944 1250 ει
2973 1195 3220 1250 absolute
3249 1211 3436 1250 suma-

1869 1295 2001 1341 tur:
2049 1286 2193 1356 quod
2239 1293 2323 1341 est
2358 1285 2896 1344 inusitatumJIalim
2946 1286 3026 1340 sic
3067 1287 3432 1356 interpretari,

1873 1396 1892 1428 ε
1931 1394 2052 1432 eum
2104 1378 2451 1448 permiserint
2520 1376 2735 1445 fruges,
2781 1397 2799 1428 ι
2857 1377 2909 1430 id
2959 1385 3064 1442 est,
3119 1392 3242 1432 cum
3279 1379 3434 1447 plena

1872 1467 2192 1522 maturitate
2235 1481 2506 1521 messores
2552 1467 2786 1520 invitare
2836 1467 3120 1537 eruperint.
3172 1464 3436 1535 Vulgatus

1871 1557 2143 1628 interpres
2177 1566 2427 1612 nontam
2461 1557 2622 1612 verba
2655 1571 2816 1627 quam
2857 1557 3182 1612 sententiam
3215 1572 3438 1626 expres-

1871 1650 1962 1704 sit.
1995 1648 2379 1717 €onjecturam
2433 1657 2678 1704 nostram
2721 1649 2944 1719 adjuvat
2971 1647 3434 1719 Theophylactus,

1871 1739 1964 1809 qui
1995 1739 2075 1794 sic
2103 1740 2348 1808 exponit,
2381 1746 2474 1792 aut
2497 1739 2622 1810 legit
2647 1758 2660 1793 :
2691 1740 2824 1802 61m;
2839 1738 2894 1790 δὲ
2924 1736 3148 1809 παραδῷ
3169 1735 3231 1789 τὸ
3261 1735 3435 1806 θέρος.

1872 1829 2049 1894 Quod,
2087 1831 2192 1884 nisi
2227 1838 2284 1883 ut
2314 1845 2416 1884 nos
2455 1828 2706 1895 fecimus,
2733 1829 3007 1899 explicare
3038 1841 3298 1900 nequeas.
3332 1827 3442 1881 Aut

1873 1922 2039 1991 igitur
2069 1922 2226 1991 plena
2260 1922 2315 1975 in
2367 1920 2614 1991 frugibus
2661 1921 2947 1975 maturitas
2990 1919 3095 1974 ista
3127 1926 3436 1988 spectatur;

1873 2024 1966 2065 aut
2000 2012 2175 2066 adhuc
2201 2012 2392 2067 viridis
2425 2019 2508 2066 est
2537 2022 2641 2066 tam
2671 2012 2821 2083 spica
2845 2027 3005 2082 quam
3031 2027 3214 2067 semen
3240 2009 3436 2080 ipsum,

1873 2101 1946 2154 ita
1975 2109 2155 2155 tamen
2183 2109 2243 2154 ut
2271 2101 2389 2156 esui
2427 2109 2716 2170 utrumque
2749 2102 2820 2157 sit
2856 2109 3062 2171 aptum,
3092 2115 3157 2155 ac
3197 2098 3439 2154 vellicari

1872 2193 2244 2263 destringique
2292 2194 2484 2262 possit.
2540 2194 2652 2247 lmo
2709 2197 2934 2248 suavius
2983 2203 3070 2248 est
3127 2208 3227 2248 esu
3256 2191 3440 2247 virens

1873 2284 2071 2347 adhuc,
2103 2292 2155 2339 et
2179 2285 2340 2339 molle
2371 2285 2635 2348 triticum,
2664 2301 2826 2353 quam
2869 2284 3160 2348 torridum,
3191 2292 3245 2339 et
3273 2281 3439 2337 messi

1874 2376 2203 2445 proximum.
2243 2375 2298 2429 In
2333 2374 2572 2430 Sabbato
2627 2376 2719 2429 illo
2770 2375 3178 2445 deuteroproto,
3234 2374 3302 2429 de
3329 2388 3441 2444 quo

1875 2481 2053 2522 sermo
2078 2465 2236 2520 nobis
2263 2472 2368 2532 est,
2393 2473 2618 2518 maturae
2646 2480 2754 2518 non
2802 2464 2869 2518 ad
2897 2479 3050 2519 esum
3074 2471 3302 2524 tantum,
3342 2462 3437 2516 sed

1874 2556 1943 2610 ad
1975 2570 2208 2611 messem
2233 2570 2450 2624 quoque
2474 2562 2683 2625 segetes
2718 2553 2954 2609 fuerunt.
2985 2553 3117 2606 Erat
3147 2552 3288 2607 enim
3319 2551 3445 2606 dies

1875 2647 2078 2717 Aprilis
2099 2663 2254 2700 χχιιι.
2286 2645 2423 2701 Aliis
2454 2645 2808 2716 temporibus,
2850 2642 3068 2714 quando
3107 2641 3316 2697 Pascha
3354 2642 3437 2695 ci-

1876 2737 1984 2792 tius
2022 2736 2323 2800 accidebat,
2361 2734 2695 2790 hordeaceus
2747 2734 3058 2803 manipulus
3089 2731 3436 2794 offerebatur,

1877 2838 1971 2882 aut
2017 2827 2272 2882 viridium
2313 2825 2490 2880 adhuc
2526 2826 2695 2880 tritici
2723 2825 3015 2896 spicarum.
3059 2823 3246 2878 Utrius
3271 2838 3436 2894 gene-

1876 2921 1954 2976 ris
1994 2920 2162 2990 spicis
2215 2925 2490 2974 constarct
2540 2915 2704 2972 Omer
2748 2917 3034 2986 Scriptura
3083 2930 3191 2970 non
3231 2913 3436 2968 definit.

1877 3011 2142 3079 Quocirca
2198 3011 2360 3080 iusta:
2397 3010 2692 3079 suspicioni
2715 3009 2869 3063 locus
2894 3015 2997 3069 est,
3027 3007 3333 3078 promiscue
3363 3005 3441 3058 al-

1878 3112 2146 3158 terutrum
2190 3100 2372 3156 offerri
2415 3098 2496 3153 fas
2528 3098 2716 3161 fuisse,
2753 3105 2914 3166 prout
2955 3095 3216 3150 utriusvis
3261 3099 3440 3146 matu-

1877 3194 2010 3249 ritas
2056 3193 2110 3248 in
2170 3192 2466 3263 legitimum
2523 3191 2666 3245 diem
2717 3187 3022 3242 incidisset.
3075 3185 3208 3240 Nam
3263 3199 3438 3252 neque

1877 3285 2058 3355 plena,
2091 3293 2146 3337 et
2179 3283 2245 3336 ad
2274 3297 2508 3337 messem
2538 3281 2729 3335 idonea
2758 3278 3047 3333 maturitas
3077 3275 3438 3347 exspectaba-

1876 3386 1987 3439 tur,
2047 3389 2223 3445 neque
2271 3380 2452 3426 tamen
2489 3371 2694 3425 lactens
2723 3367 2900 3422 adhuc
2947 3381 3132 3422 semen
3182 3365 3247 3418 ad
3279 3362 3466 3417 Omer~

1875 3467 2252 3527 adhibebatur,
2283 3465 2374 3519 sed
2411 3464 2602 3518 saltem
2636 3460 2828 3516 viride.
2874 3458 2958 3512 At,
2983 3472 3106 3512 cum
3155 3455 3316 3527 paulo
3358 3456 3438 3507 ci-

1875 3559 1985 3614 tius
2007 3557 2216 3612 Pascha
2247 3556 2604 3626 contingeret,
2636 3567 2800 3623 quam
2839 3549 2906 3605 ad
2926 3549 3266 3604 oblationem
3299 3547 3468 3600 trit.i-.

1877 3663 2006 3702 ceus
2047 3645 2343 3701 fasciculus
2373 3645 2683 3714 comparari
2719 3649 2922 3712 posset,
2972 3639 3299 3696 succidanea
3324 3645 3470 3697 erat,

1878 3738 2074 3794 messis
2097 3738 2424 3803 hordeacea,
2455 3746 2643 3807 utpote
2672 3734 2989 3804 praecocior.

1875 3869 1893 3885 .
1945 3827 2229 3883 Postremo
2255 3843 2363 3882 non
2391 3826 2608 3882 videtur
2632 3823 2984 3882 interdictum
3023 3820 3129 3874 ulla
3183 3818 3299 3889 lege
3344 3817 3443 3872 Ju—

1877 3918 2030 3985 dzeis,
2058 3935 2128 3974 ne
2175 3928 2299 3974 ante
2329 3918 2573 3973 oblatum
2620 3914 2960 3984 manipulum
3003 3925 3237 3969 messem
3292 3909 3442 3965 face-

1878 4020 2020 4076 rent,
2044 4011 2208 4065 etiam
2253 4010 2634 4064 hordeaceam.
2667 4008 2780 4060 lmo
2810 4014 2934 4060 ante
2964 4003 3160 4058 factam
3189 4020 3330 4068 esse,
3361 4003 3443 4055 lo-

1877 4119 1976 4157 cus
2020 4103 2109 4158 ille
2156 4101 2382 4159 Levitici
2412 4097 2596 4166 XXIII,
2633 4097 2718 4161 IO,
2760 4095 3145 4152 demonstrat:
3181 4093 3314 4150 Cum
3361 4095 3445 4147 in-

1877 4196 2043 4267 gressi
2074 4195 2281 4264 fueritis
2310 4203 2526 4260 terram,
2554 4208 2710 4262 quant
2739 4208 2831 4260 ego
2864 4188 3000 4242 dabo
3021 4186 3185 4249 vobis,
3225 4195 3272 4240 et
3305 4203 3442 4239 mes-

1879 4286 2092 4342 suert’tt’s
2149 4294 2390 4356 segetem,
2428 4283 2602 4354 feretis
2649 4279 2949 4349 manipulos
2999 4279 3288 4346 spicarum,
3333 4284 3440 4332 etc.

1880 4379 2036 4446 Quod
2067 4388 2249 4433 tamen
2293 4391 2404 4430 non
2441 4381 2730 4446 perpetuo,
2786 4371 2880 4426 sed
2927 4367 3197 4424 interdum
3221 4368 3440 4430 accidit,

211 4457 309 4514 XII
347 4458 518 4514 Exodi
565 4461 814 4530 pluribus
861 4461 1001 4516 idem
1048 4460 1302 4530 explicat,
1353 4461 1447 4515 ubi
1502 4462 1644 4516 inter
1673 4462 1772 4514 alia

1883 4471 2179 4528 secundum
2230 4485 2291 4525 ea
2345 4484 2467 4540 qua:
2515 4468 2701 4539 paulo.
2726 4473 2852 4521 ante
2900 4463 3158 4519 diximus.
3206 4461 3351 4517 Idem
3391 4470 3445 4516 et

209 4551 426 4616 scribit,
477 4552 614 4607 nihil
651 4553 718 4607 de
765 4553 942 4606 lunari
992 4567 1178 4607 mense
1209 4554 1278 4608 ab
1306 4553 1614 4626 legislature
1649 4569 1780 4608 cau-

212 4654 328 4712 tum
378 4659 543 4710 esse;
583 4645 676 4699 sed
705 4645 808 4699 hoc
845 4660 1012 4698 unum
1052 4647 1396 4716 praecepisse,
1441 4653 1502 4700 ut
1563 4647 1616 4700 in
1660 4647 1792 4716 ipso.

209 4749 479 4790 novarum
513 4733 727 4804 frugum
766 4749 954 4788 mense
983 4732 1193 4788 Pascha
1232 4736 1593 4790 celebrarent.
1633 4734 1778 4801 Quo-

209 4827 360 4881 circa
395 4841 498 4897 pro
524 4843 590 4882 eo
633 4833 796 4895 atque
829 4825 1013 4895 fruges
1062 4828 1226 4881 citius
1278 4835 1371 4881 aut
1413 4829 1620 4884 tardius
1660 4843 1779 4882 cre-

209 4920 460 4983 vissent,
493 4919 568 4973 ita
597 4919 778 4974 serius
803 4918 1028 4974 ociusve
1073 4921 1307 4989 primum
1341 4920 1464 4974 illos
1513 4919 1779 4974 indixisse

209 5026 456 5067 mensem
477 5051 492 5074 ,
527 5026 593 5066 ac
621 5027 1010 5081 nonnunquam
1046 5029 1219 5067 annos
1252 5011 1608 5066 intercalares
1640 5012 1779 5068 duos

210 5103 586 5158 continuasse.
620 5101 764 5158 Sane
815 5103 958 5172 quod
995 5103 1060 5156 ad
1122 5119 1244 5158 eum
1297 5118 1499 5157 annum
1547 5111 1780 5174 spectat,

211 5195 271 5249 in
300 5208 464 5264 quem
506 5191 805 5248 Sabbatum
853 5195 987 5250 illud
1042 5194 1492 5264 deuteroproton,
1544 5208 1662 5264 quo
1711 5194 1782 5250 de

212 5286 414 5357 agitur,
446 5283 662 5351 incidit,
711 5287 805 5356 qui
842 5285 945 5339 fuit
983 5286 1260 5358 κηρύξεως
1293 5287 1526 5357 primus,
1554 5303 1781 5343 neome-

212 5376 306 5431 nia
332 5374 622 5430 Paschalis
648 5374 848 5444 Aprilis
875 5390 912 5428 ιι
949 5376 1248 5445 contigisse
1266 5375 1499 5440 videtur,
1531 5375 1662 5432 feria
1681 5393 1779 5442 vti,

214 5467 393 5539 prima
448 5467 567 5522 dies
601 5480 910 5537 azymorum
944 5467 1146 5536 Aprilis
1182 5484 1293 5530 3m,
1344 5467 1472 5523 feria
1515 5485 1615 5524 vn.
1670 5471 1780 5524 lta—

215 5577 322 5632 que
353 5561 654 5615 Sabbatum
695 5558 1117 5628 deuteroproton
1153 5562 1206 5614 in
1245 5577 1378 5616 χχιιι
1407 5562 1548 5615 diem
1577 5563 1780 5632 Aprilis

218 5651 474 5713 incurrit,
507 5649 598 5718 qui
629 5657 857 5718 quartus
887 5659 966 5714 es).
997 5651 1064 5704 ab
1103 5667 1168 5706 eo
1209 5667 1368 5720 quem
1420 5650 1778 5722 Vergiliarum

219 5744 389 5808 nrtui,
417 5750 474 5798 et
515 5740 667 5796 initio
702 5742 894 5795 messis
913 5741 1058 5798 Theo
1091 5744 1336 5809 praelinit.
1370 5743 1432 5798 At
1463 5759 1604 5799 anno
1638 5745 1777 5803 ipso.

1879 4565 1946 4619 de
1991 4563 2314 4618 Pentecoste
2342 4561 2502 4616 debet
2557 4575 2681 4615 esse
2720 4557 3021 4628 judicium;
3058 4555 3208 4609 nullo
3243 4569 3445 4623 pra-ce-

1881 4663 1974 4725 pto
1997 4654 2222 4708 vetitum
2258 4650 2460 4706 Iudaeis
2489 4664 2632 4714 esse,
2661 4663 2731 4702 ne.
2752 4653 2878 4700 ante
2915 4641 3114 4699 festum
3139 4643 3242 4696 hoc
3276 4642 3446 4712 frugi-

1881 4746 1982 4800 bus
2014 4744 2171 4799 novis
2211 4759 2273 4797 ac
2305 4741 2537 4813 panibus
2560 4755 2625 4795 ex
2652 4734 3034 4794 hisconfectis
3063 4744 3436 4795 vescerentur;

1881 4833 2027 4906 quod
2079 4833 2352 4903 opinionis
2398 4830 2637 4884 fautores
2676 4825 2967 4880 contraria:
3014 4834 3276 4879 sumunt:
3314 4823 3445 4891 quin

1883 4927 2070 4998 potius
2105 4925 2159 4980 id
2191 4931 2350 4978 antea
2384 4921 2468 4976 fas
2505 4921 2691 4984 fuisse,
2721 4917 2964 4972 declarat
2985 4915 3216 4970 historia
3249 4914 3445 4984 capitis

1882 5019 2029 5074 tertii
2084 5027 2136 5072 et
2193 5015 2370 5085 quinti
2424 5012 2624 5075 Josue,
2682 5025 2845 5079 quam
2903 5009 3212 5063 citavimus.
3261 5005 3446 5076 Neque

1882 5109 2246 5180 primitiarum
2314 5104 2635 5159 vocabulum
2696 5101 2749 5154 id
2819 5105 3080 5170 perpetuo
3132 5097 3443 5169 significat.

1882 5197 2026 5269 quod
2063 5196 2305 5252 omnium
2329 5196 2560 5265 primum
2592 5199 2696 5257 est,
2734 5200 2788 5246 et
2821 5197 2945 5244 ante
2973 5187 3120 5259 quod
3153 5189 3356 5242 nullum
3391 5188 3445 5239 in

1882 5303 1986 5342 usu
2044 5285 2188 5348 fuit;
2240 5282 2337 5338 sed
2390 5279 2660 5337 interdum
2723 5279 3048 5349 simpliciter
3093 5294 3192 5349 pro
3252 5291 3444 5347 quavis

1882 5371 2178 5433 oblatione,
2205 5369 2288 5424 vel
2307 5383 2366 5423 re
2397 5367 2462 5421 ad
2485 5367 2745 5421 honorem
2765 5363 2856 5418 Dei
2877 5363 3115 5435 seposita
3134 5378 3197 5416 ac
3221 5361 3442 5422 selecta,

1882 5461 2313 5526 utExod.XXV,
2339 5461 2394 5528 2',
2410 5469 2464 5517 et
2494 5456 2710 5522 XXXV,
2729 5457 2764 5511 5
2786 5464 2835 5512 et
2855 5457 2918 5510 2|
2947 5473 2962 5521 ;
3002 5455 3224 5510 Numer.
3249 5449 3443 5514 XXXI,

1883 5558 1970 5614 29.
2025 5556 2206 5622 Quare
2241 5552 2458 5608 tametsi
2514 5549 2772 5621 primitivi
2828 5563 2996 5619 panes
3043 5547 3096 5600 in
3130 5545 3446 5598 Pentecoste

1883 5650 2050 5704 oblati
2108 5647 2337 5710 fuerint,
2377 5644 2599 5698 minime
2644 5656 2708 5695 ex
2744 5655 2808 5695 eo
2851 5638 3097 5708 sequitur
3123 5650 3292 5690 novas
3323 5641 3447 5686 ante

1887 5743 1988 5797 hoc
2024 5749 2237 5798 tempus
2279 5737 2460 5798 fruges
2511 5751 2617 5790 non
2651 5733 2895 5795 attigisse
2929 5729 3162 5785 Iudaeos.
3203 5725 3356 5786 Quod
3391 5725 3466 5778 in.
