3808 6326
386 323 526 380 1395

1359 315 1450 369 AD
1493 312 1754 370 EUSEBII
1792 311 2185 369 CHRONICON
2218 310 2580 368 APPE‘NDIX.

3479 317 3611 374 £396

384 433 803 492 Commentariis
837 434 952 488 suis
977 431 1188 488 erudite
1213 429 1531 487 Bonirerius
1556 441 1742 486 noster
1763 431 1946 486 obser-
1971 436 2013 490 Δ
2043 429 2351 492 oll‘erretur,
2374 427 2595 498 quando
2630 423 2805 482 serius
2834 424 3042 478 Pascha
3077 426 3444 497 contingeret.
3475 429 3609 487 idem

384 534 474 580 vat
509 545 522 580 :
557 526 646 580 cui
696 524 868 588 idem,
927 522 1071 592 quod
1127 523 1181 575 in
1226 530 1460 576 mentem
1510 521 1644 575 mihi
1702 529 1942 585 venerat,

385 617 656 687 placuisse
686 616 856 684 prius,
892 614 1127 667 maximo
1160 629 1277 667 sum
1306 629 1470 682 opere
1497 613 1739 682 gavisus.

456 707 591 761 Hinc
622 708 730 765 illa.
768 722 885 774 qua:
911 713 1103 758 contra
1157 720 1256 759 nos
1291 705 1454 757 allata
1505 714 1654 768 sunt,
1689 703 1944 758 universa

385 801 688 852 solvuntur.
720 798 775 850 Si
807 812 901 864 per
935 811 1248 863 azymorum
1283 796 1419 859 dies,
1473 795 1750 864 inquiunt,
1783 795 1948 864 spica:

384 888 580 944 messis
609 887 916 940 hordeacea:
949 887 1125 940 adhuc
1147 885 1416 949 virebant,
1437 885 1676 939 triticum
1707 886 1945 939 nondum

384 991 656 1034 maturum
682 995 804 1035 esse
841 979 1035 1048 potuit.
1065 977 1478 1048 Respondemus
1507 1018 1522 1042 ,
1559 979 1798 1033 virentes
1836 978 1948 1047 spi-

383 1089 476 1126 cas
500 1073 586 1127 hic
617 1072 756 1127 sumi
790 1087 886 1142 pro
920 1070 1250 1133 recentibus,
1273 1084 1382 1123 non
1415 1071 1629 1140 penitus
1658 1070 1943 1132 viridibus,

383 1171 436 1216 et
466 1163 790 1218 immaturis.
826 1162 958 1216 Nam
983 1162 1246 1218 ilebraice
1272 1171 1355 1218 est
1380 1161 1549 1215 Levit.
1583 1177 1644 1222 ll,
1680 1161 1766 1224 Η,
1809 1169 1947 1219 Ξῖἒκ

383 1236 496 1334 ηῆρ
551 1255 695 1322 spica
741 1270 956 1315 recens,
1009 1264 1174 1314 tosta,
1227 1261 1280 1308 et
1335 1238 1489 1337 θῑτρ
1548 1263 1657 1310 an:
1711 1253 1945 1305 triticum

382 1354 651 1397 contusum
687 1346 844 1412 spica'
871 1345 1053 1411 plenae.
1108 1347 1182 1398 ita
1216 1342 1280 1396 IV
1326 1342 1455 1415 Reg.
1492 1361 1562 1407 iv,
1594 1343 1682 1398 42.
1736 1343 1947 1397 Carmel

383 1435 700 1502 frumentum
738 1453 930 1490 norum
961 1437 1120 1491 vertit
1171 1438 1456 1506 interpres.
1491 1435 1600 1490 Nec
1641 1444 1723 1490 est
1751 1435 1946 1489 absur-

381 1525 533 1589 dum,
573 1541 680 1596 quo
711 1533 952 1596 tempore
981 1528 1201 1582 metitur
1237 1528 1521 1587 hordeum,
1569 1526 1811 1580 triticeas
1837 1525 1948 1594 spi-

383 1632 496 1676 cas,
524 1617 570 1673 si
599 1617 776 1674 minus
809 1619 876 1673 ad
906 1634 1162 1683 messem,
1199 1627 1346 1673 certe
1373 1617 1439 1672 ad
1471 1615 1803 1672 vescendum
1833 1629 1945 1668 ma-

381 1713 438 1762 tu
447 1724 534 1763 ras
565 1725 704 1765 €838.

449 1797 720 1870 Iosephus
766 1801 802 1853 l.
847 1799 914 1854 Ill
955 1800 1128 1871 0rig.,
1153 1815 1274 1870 cap.
1315 1799 1362 1852 Χ
1393 1800 1594 1854 sentire
1631 1799 1845 1854 videtur
1878 1817 1944 1855 ex

382 1887 682 1946 hordeacea
714 1908 891 1947 messe
941 1892 1303 1962 primitiarum
1342 1892 1582 1945 oblatum
1614 1907 1737 1945 esse
1772 1893 1946 1946 mani-

383 1981 591 2051 pulum.
619 1981 725 2038 Sed
757 1984 891 2038 nihil
922 1983 1027 2038 boc
1055 1983 1234 2038 obstat
1276 1984 1408 2052 quin
1441 1998 1508 2037 ex
1541 1982 1664 2037 aliis
1698 1982 1946 2053 frugibus

2049 536 2213 590 porro
2267 519 2512 589 subjicit,
2553 519 2622 572 ab
2668 516 2850 571 oblato
2888 517 3169 586 manipulo
3194 519 3410 587 publice
3437 523 3609 591 priva-

2047 612 2253 679 timque
2297 618 2499 664 metere
2557 607 2778 662 licuisse
2817 626 2830 660 :
2869 606 2963 658 καὶ
3001 607 3120 659 τότε
3166 607 3353 660 λοιπὸν
3387 609 3612 682 δημοσίᾳ

2048 701 2221 767 ἔξεστι
2250 703 2402 764 πᾶσι,
2440 701 2534 753 καὶ
2565 699 2671 770 ἰδίᾳ
2695 697 2927 768 Θερίζειν
2949 736 2964 761 ,
2989 701 3144 767 quasi
3179 699 3231 752 id
3265 707 3394 754 ante
3424 716 3532 755 non
3559 703 3610 756 li-

2048 793 2243 846 cuerit.
2278 791 2381 846 Sed
2412 791 2576 858 hujus
2606 791 2683 844 rei
2719 789 2928 842 nullum
2963 790 3018 841 in
3050 789 3225 843 sacris
3252 789 3408 845 libris
3441 799 3610 846 exstat

2048 885 2422 939 interdictum.
2450 883 2561 937 Nos
2591 889 2770 934 autem
2795 879 2861 935 de
2903 880 3103 950 priscis
3130 878 3446 934 Judazorum
3487 890 3613 937 tem-

2048 977 2296 1048 poribus,
2322 991 2430 1030 non
2454 974 2673 1044 Josepbi
2717 982 2874 1028 artate
2896 973 3191 1041 loquimur.
3237 972 3404 1043 Atqui
3423 974 3508 1028 vel
3551 992 3610 1030 ex

2047 1069 2152 1124 hoc
2182 1069 2300 1140 ipso
2349 1067 2595 1137 ejusdem
2639 1065 2886 1120 historici
2930 1066 3050 1118 loco
3079 1064 3306 1119 evidens
3360 1074 3467 1124 est.
3517 1069 3613 1121 sub

2046 1162 2257 1218 Pascha
2295 1177 2527 1217 messem
2573 1161 2627 1214 in
2647 1159 2856 1230 .Judara
2908 1170 3184 1228 peractam
3221 1181 3235 1214 :
3273 1161 3425 1230 quod
3463 1162 3614 1216 nobis

2048 1257 2183 1311 satis
2217 1262 2323 1313 est.
2353 1253 2511 1318 Nam,
2547 1254 2594 1308 si
2625 1261 2748 1324 post
2777 1253 3068 1307 delibatam
3125 1254 3401 1309 oblatione
3447 1254 3614 1309 mani-

2047 1348 2158 1418 puli
2189 1357 2444 1418 segetem,
2476 1335 2678 1401 métere
2712 1345 2793 1400 fas
2833 1346 2972 1410 fuit,
3001 1361 3132 1416 ergo
3157 1355 3387 1401 matura:
3411 1346 3522 1416 jam
3550 1347 3613 1400 ad

2047 1442 2279 1494 messem
2325 1444 2481 1494 erant
2521 1449 2752 1509 segetes,
2778 1439 2941 1492 etiam
2972 1439 3220 1502 triticea,
3283 1448 3450 1508 atque
3501 1439 3614 1492 ista

2047 1530 2240 1584 saltem
2284 1529 2351 1583 ad
2403 1544 2582 1584 esum.
2641 1528 2792 1584 Unde
2839 1528 3137 1584 Salibatum
3186 1531 3612 1601 deuteroproton

2048 1621 2280 1690 septimo
2311 1620 2380 1674 ab
2412 1620 2688 1675 oblatione
2718 1621 2980 1691 manipuli
3024 1621 3112 1676 die
3155 1623 3474 1692 contigisse,
3517 1625 3611 1676 mi-

2048 1713 2192 1766 nime
2216 1727 2282 1765 ex
2304 1726 2370 1765 eo
2401 1711 2458 1764 tit
2485 1711 2805 1774 absurdum,
2837 1712 2983 1782 quod
3013 1721 3128 1766 tum
3158 1713 3404 1768 virentes
3435 1714 3610 1783 spicas

2050 1804 2304 1858 manibus
2359 1804 2476 1858 suis
2527 1804 2759 1874 apostoli
2812 1803 3187 1860 defricarent:
3241 1806 3392 1876 quod
3427 1815 3609 1860 contra

2047 1894 2530 1963 reprehensionem
2579 1910 2839 1964 nuperam
2891 1897 3228 1966 propositum
3278 1904 3399 1952 erat
3437 1905 3610 1951 osten-

2047 1984 2194 2040 dere.

393 2147 3595 2188 h_—_———n———_—_-———_____—_

557 2319 754 2445 DE
852 2318 1761 2449 GR/ECORUM
1854 2322 2263 2452 ERIS
2362 2326 2558 2455 AC
2641 2330 3443 2464 COMPUTIS

1594 2572 2423 2668 DISSERTATIO.

1173 2753 1461 2822 (Dionysius
1500 2750 1754 2809 Pennus,
1783 2749 1850 2800 Do
1881 2743 2104 2797 doctrina
2134 2755 2419 2817 temporum,
2441 2760 2478 2804 ι.
2504 2754 2591 2819 ll],
2614 2771 2664 2821 p.
2693 2757 2824 2822 153.)

951 2972 1256 3034 CAPUT
1304 2975 1365 3032 Ι.

381 3089 460 3146 D3
484 3089 680 3158 triplici
711 3087 1012 3143 Graecorum
1057 3105 1186 3152 arra,
1225 3104 1340 3158 qua
1376 3087 1445 3140 ad
1489 3085 1940 3158 duas__redigitur.

456 3155 771 3214 -lluuratur
827 3159 1100 3213 Panodori
1165 3155 1537 3228 Clt'ronotogia.
1600 3155 1892 3218 Maximus,

451 3228 697 3299 Georgius
734 3228 1030 3300 Syncetlus,
1067 3228 1421 3297 Theophanes,
1453 3228 1644 3297 aliique
1675 3235 1946 3279 notantur.

451 3344 759 3399 Graecorum
811 3353 1116 3415 computos,
1168 3359 1416 3413 utrasque
1469 3343 1771 3413 przecipuas
1826 3357 1949 3396 esse

384 3444 516 3499 tres,
549 3438 688 3490 inter
715 3435 960 3490 eruditos
1009 3438 1282 3490 convenit.
1306 3435 1438 3489 Nam
1487 3435 1648 3488 aliam
1699 3450 1821 3489 esse
1865 3433 1945 3487 di-

383 3535 532 3588 cunt.
569 3543 690 3598 qua:
727 3527 796 3582 ab
833 3528 988 3582 initio
1037 3543 1222 3582 rerum
1267 3527 1336 3580 ad
1387 3525 1593 3581 Christi
1636 3525 1689 3578 in
1732 3533 1947 3579 uterum

385 3615 621 3687 Virginis
666 3617 979 3681 adventum,
1028 3627 1120 3671 aut
1170 3617 1402 3670 natalem
1446 3630 1619 3670 annos
1667 3621 1947 3682 computat

383 3709 542 3771 5495,
599 3709 781 3773 aliam,
839 3724 957 3777 qua:
1004 3723 1178 3761 annos
1224 3714 1476 3760 numerat
1525 3705 1686 3769 550i,
1729 3705 1947 3759 tertiam

385 3816 504 3872 qua:
534 3799 674 3854 5509
703 3799 1010 3853 constituit.
1054 3797 1290 3850 Primam
1321 3796 1714 3851 Antiochenam
1763 3796 1948 3865 appel-

386 3892 500 3943 lant
533 3890 719 3960 aliqui,
749 3889 1040 3944 secundam
1073 3887 1463 3957 Ethiopicam,
1486 3887 1699 3942 tertiam
1718 3887 1949 3942 Alexan-

386 3981 618 4035 drinam.
686 3979 927 4049 Scaliger
975 3979 1041 4033 ad
1108 3978 1380 4049 Excerpta
1451 3977 1667 4033 Maximi
1717 3979 1948 4049 primam

389 4072 629 4124 nominat
657 4069 924 4132 lunarem,
957 4069 1188 4124 mediam
1232 4067 1573 4132 orientalem,
1618 4076 1947 4138 postremam

388 4161 694 4230 pzischalem
723 4180 739 4216 :
775 4175 1006 4231 quarum
1044 4161 1466 4230 appellationum
1495 4161 1734 4231 origines
1760 4161 1948 4230 dispu-

387 4261 463 4305 tat
513 4253 671 4307 initio
709 4252 832 4306 libri
877 4249 922 4306 ν
963 4249 1039 4306 De
1089 4250 1446 4304 emendatione
1490 4262 1797 4319 temporum.
1841 4250 1947 4304 Sed

384 4358 479 4396 cas
522 4357 551 4394 a
595 4342 752 4397 nobis
782 4341 1096 4396 confutatos
1141 4341 1344 4404 babes,
1381 4342 1705 4412 penitusque
1755 4341 1946 4394 convi-

383 4440 500 4484 ctas
545 4431 601 4485 in
646 4446 790 4486 nono
824 4430 899 4484 De
935 4431 1175 4484 doctrina
1221 4445 1510 4501 temporum
1539 4432 1717 4503 capite
1759 4431 1825 4498 ν,
1854 4431 1945 4485 ubi
1977 4463 2024 4519 η

383 4524 516 4576 nihil
568 4523 622 4578 in
659 4524 930 4594 computis
973 4524 1094 4579 istis
1132 4523 1336 4579 vidisse
1360 4564 1374 4587 ,
1430 4539 1606 4593 neque
1642 4524 1771 4594 quid
1805 4524 1946 4578 scri-

384 4617 534 4670 heret
567 4615 904 4672 intellexisse
940 4617 1214 4670 hominem
1246 4617 1562 4686 plenissime
1605 4617 1947 4671 demonstra-

383 4709 595 4774 vimus;
619 4724 683 4764 ac
717 4709 886 4764 multa
914 4709 968 4762 in
993 4723 1110 4763 eam
1135 4724 1248 4762 rem
1279 4710 1654 4778 congessimus
1685 4716 1738 4762 et
1763 4709 1949 4777 ignota

383 4802 546 4872 vulgo
595 4809 650 4857 et
697 4802 839 4856 scitu
880 4801 1231 4872 dignissima;
1270 4811 1322 4856 et
1358 4801 1427 4854 ad
1477 4801 1552 4866 id,
1599 4799 1746 4870 quod
1785 4800 1947 4854 modo

383 4895 584 4964 agitur,
620 4894 866 4964 apprime
905 4893 1250 4960 necessaria;
1280 4909 1400 4962 qua:
1440 4891 1662 4947 minime
1689 4892 1792 4945 hoc
1825 4892 1947 4946 loco

381 4985 672 5052 repetenda
707 4995 855 5040 sunt.
883 4984 1000 5040 Non
1051 4999 1224 5053 pauca
1269 4994 1456 5040 tamen
1496 4985 1606 5038 illic
1659 4984 1945 5039 omisimus

385 5077 602 5145 propria
653 5077 826 5148 magis
857 5078 1093 5132 instituti
1123 5077 1303 5147 hujus,
1339 5088 1391 5132 et
1428 5078 1706 5146 paschalis
1727 5077 1946 5132 Graeco-

383 5182 506 5220 rum
546 5167 810 5230 methodi,
839 5183 1003 5236 quam
1030 5167 1098 5222 ad
1127 5169 1480 5224 illustrandos
1511 5167 1746 5229 Maximi,
1775 5166 1945 5222 lsaaci

383 5258 727 5328 aliorumque
755 5267 1060 5329 computos,
1083 5260 1175 5330 qui
1205 5261 1260 5315 in
1276 5262 1594 5315 Auctarium
1619 5263 1774 5316 relati
1796 5267 1944 5317 sunt.

385 5347 745 5402 enarrandam
795 5349 1160 5417 suscepimus,
1227 5351 1384 5419 cujus
1443 5350 1656 5404 initium
1710 5350 1948 5421 disputa-

387 5439 553 5494 tionis
583 5440 654 5494 ab
680 5455 788 5494 aara
816 5440 907 5494 illa
939 5442 1159 5511 triplici,
1207 5451 1261 5497 et
1302 5443 1580 5497 communi
1618 5443 1686 5498 de
1738 5443 1806 5498 iis
1831 5443 1947 5512 opi—

387 5534 550 5586 nione
579 5533 886 5598 doctorum,
910 5542 1080 5602 atque
1116 5548 1302 5589 errore
1339 5534 1589 5600 ducetur,
1619 5543 1679 5590 ut
1727 5535 1796 5589 ab
1838 5535 1946 5590 illis

387 5622 592 5677 irustra
641 5625 934 5678 doceamus
981 5632 1092 5681 tres
1135 5641 1259 5682 esse
1311 5627 1602 5684 distinctas
1649 5629 1942 5694 hactenus,

391 5729 514 5768 cum
547 5713 654 5770 sint
689 5730 875 5772 revera
905 5717 1282 5773 tantummodo
1307 5717 1448 5773 dure.

2120 2970 2330 3027 Etenim
2363 2982 2766 3045 computorum,
2801 2977 2916 3032 sive
2949 2977 3056 3030 τῶν
3087 2977 3306 3049 egeam
3339 2981 3612 3034 annalium

2048 3062 2337 3120 diversitas
2380 3066 2435 3119 in
2487 3082 2551 3120 eo
2597 3069 2838 3138 ponitur,
2875 3077 2932 3124 ut
2963 3070 3014 3123 in
3061 3085 3230 3124 unum
3275 3077 3332 3125 et
3370 3073 3608 3127 eumdem

1972 3132 2017 3191 (ἶ
2049 3168 2271 3220 annum,
2302 3170 2401 3209 ceu
2441 3171 2783 3213 communem
2815 3161 3126 3225 terminum,
3173 3161 3431 3234 dispares
3471 3179 3607 3217 sum-

2048 3259 2149 3297 ma:
2181 3243 2453 3302 desinant.
2475 3247 2628 3312 Quod
2669 3250 2714 3303 si
2752 3249 2873 3304 aliis
2903 3260 3064 3320 atque
3105 3251 3230 3306 aliis
3261 3251 3428 3306 annis
3460 3253 3608 3307 iidrm

2048 3334 2420 3389 inscribantur
2461 3336 2626 3400 tituli,
2673 3353 2782 3392 non
2835 3337 2995 3392 debet
3038 3347 3329 3408 propterea
3371 3341 3612 3394 diversus

2049 3425 2310 3495 appellari
2342 3437 2667 3496 computus;
2697 3429 2841 3498 quod
2877 3429 2943 3483 ad
2988 3430 3410 3499 longinquiores
3452 3445 3610 3484 annos

2049 3517 2225 3586 major
2253 3534 2552 3581 numerus;
2585 3520 2764 3573 minor
2796 3527 2979 3574 autem
3005 3521 3072 3574 ad
3104 3522 3526 3592 propinquiores
3553 3520 3611 3572 ab

2048 3609 2235 3662 eodem
2269 3611 2446 3680 capite
2491 3609 2688 3666 ductus
2727 3613 3055 3666 extenditur.
3099 3610 3169 3666 Ut
3195 3614 3344 3666 enim
3378 3612 3609 3680 exemplo

2049 3701 2143 3756 ﬁat
2167 3701 2314 3772 quod
2347 3703 2471 3756 dico
2493 3703 2713 3768 clarius,
2743 3712 2993 3759 sumatur
3023 3704 3091 3757 ab
3119 3704 3255 3759 orbe
3293 3704 3520 3759 condito
3552 3701 3612 3755 ad

2049 3810 2251 3849 annum
2322 3811 2442 3850 nam
2508 3794 2832 3851 Christiana:
2886 3796 3121 3866 primum
3180 3804 3373 3850 certus
3428 3795 3612 3865 aliquis

2049 3896 2359 3956 computus,
2390 3887 2535 3941 velut
2571 3887 2661 3941 ille
2696 3896 2881 3941 noster
2909 3901 3178 3940 annorum
3223 3887 3389 3950 3983,
3437 3887 3491 3940 in
3531 3901 3613 3940 eo-

2049 3994 2156 4047 que
2185 3978 2417 4034 divcrsis
2440 3979 2598 4032 annis
2624 3979 2810 4034 eadem
2837 3979 3071 4048 illigetur
3098 3978 3332 4046 cpocha,
3365 3979 3610 4031 nimirum

2051 4068 2216 4123 Urbis
2242 4069 2474 4123 condita:
2499 4087 2511 4122 :
2545 4084 2708 4138 quam
2739 4069 2878 4122 alius
2913 4069 2967 4121 in
2997 4083 3062 4121 eo
3086 4083 3234 4121 anno
3275 4068 3498 4136 deligat,
3527 4067 3611 4136 qui

2049 4171 2130 4217 est
2153 4169 2278 4216 ante
2303 4176 2468 4215 aeram
2493 4160 2860 4216 Christianam
2897 4159 3019 4221 754,
3052 4159 3191 4214 alter
3225 4160 3489 4213 tredecim
3525 4173 3612 4210 an-

2049 4255 2136 4310 nis
2161 4261 2382 4324 Postea;
2416 4252 2709 4314 Pictorem,
2741 4260 2832 4305 aut
2869 4251 3056 4306 nescio
3085 4266 3248 4320 quem
3280 4251 3514 4305 alterum
3552 4265 3612 4303 ex

2048 4345 2323 4400 veteribus
2349 4352 2624 4399 auctorem
2658 4351 2905 4408 secutus,
2939 4350 3068 4412 puta
3092 4343 3147 4395 in
3174 4357 3242 4396 eo
3273 4341 3369 4408 qui
3402 4341 3474 4396 sit
3500 4347 3613 4393 ante

2050 4438 2330 4492 Christum
2363 4437 2487 4490 745.
2522 4435 2642 4490 Duo
2676 4438 2840 4506 igitur
2875 4436 2950 4489 illi
2987 4435 3040 4488 in
3090 4433 3282 4489 eadem
3328 4433 3398 4487 ad
3443 4443 3610 4487 ortum

2049 4529 2253 4584 Christi
2284 4543 2498 4583 summa
2515 4529 2940 4592 consentientes,
2976 4526 3030 4580 in
3057 4525 3217 4580 annis
3245 4535 3429 4578 autem
3447 4524 3610 4576 diver-

2050 4621 2128 4676 sis
2176 4620 2420 4690 ejusdem
2477 4619 2697 4689 epoclite
2749 4617 3120 4683 dissidentes;
3157 4617 3239 4672 sic
3271 4623 3332 4670 ut
3374 4616 3521 4684 prior
3551 4612 3611 4664 ab

2049 4712 2237 4768 eodem
2282 4711 2471 4767 mundi
2511 4711 2671 4766 initio
2701 4710 2769 4765 ad
2802 4710 3000 4766 Urbem
3049 4707 3331 4763 conditam
3375 4710 3610 4760 numeret

2050 4821 2223 4862 annos
2253 4805 2413 4868 3230,
2445 4806 2602 4868 alter,
2634 4819 2807 4859 annos
2834 4803 2994 4866 5245,
3025 4818 3130 4856 non
3155 4802 3348 4870 utique
3372 4800 3609 4854 diversos

2050 4898 2118 4952 ab
2173 4897 2382 4951 Adamo
2428 4905 2713 4966 computos
2775 4895 3059 4950 instituere
3123 4893 3427 4947 dicuntur:
3476 4886 3605 4961 quod

2047 4997 2163 5044 tum
2194 4988 2412 5044 demum
2441 4987 2700 5050 facerent,
2745 4985 2793 5040 si
2839 4984 2908 5038 ad
2953 4983 3205 5038 eumdem
3253 4998 3482 5046 annum,
3523 4978 3604 5048 qui

2048 5082 2120 5139 sit
2147 5091 2272 5137 ante
2311 5081 2676 5136 Christianam
2720 5093 2882 5133 seram
2929 5076 3055 5142 754,
3091 5075 3303 5146 periodi
3347 5090 3477 5129 vero
3520 5071 3605 5125 Ju-

2047 5174 2206 5228 lianae
2223 5171 2382 5236 5960,
2409 5172 2546 5224 alter
2571 5171 2640 5224 ab
2672 5169 2876 5224 Adamo
2903 5173 3215 5223 numeraret
3251 5181 3429 5219 annos
3457 5162 3600 5218 5250.

2047 5267 2183 5320 alter
2211 5264 2392 5328 5243;
2435 5272 2489 5317 et
2521 5262 2667 5332 quod
2700 5275 3043 5337 consequens
3075 5264 3182 5322 est,
3216 5257 3309 5312 ille
3355 5256 3424 5311 ad
3459 5253 3601 5310 Chri-

2047 5364 2191 5412 stum
2225 5369 2397 5409 annos
2415 5353 2576 5417 5985,
2603 5353 2704 5407 iste
2732 5349 2892 5406 5996.

2120 5445 2211 5501 Sic
2235 5446 2400 5516 igitur
2422 5455 2535 5500 tres
2571 5444 2696 5499 illos
2726 5445 3034 5498 (Succorum
3063 5450 3374 5511 computos,
3406 5449 3518 5495 uta
3552 5453 3605 5494 se

2047 5539 2292 5595 distincti
2349 5538 2579 5593 invicem
2641 5537 2952 5604 diversique
3003 5535 3150 5599 sint,
3192 5534 3248 5588 in
3303 5549 3471 5588 unum
3517 5529 3604 5582 ali-

2047 5644 2209 5700 quem
2257 5630 2573 5699 conspirare
2628 5626 2916 5680 terminum
2967 5633 3207 5695 oportet,
3267 5625 3335 5679 ad
3387 5635 3602 5700 eumque

2047 5699 2156 5778 non
2188 5720 2375 5776 eodem
2421 5736 2451 5774 a
2497 5718 2676 5787 capite
2718 5728 2771 5772 et
2807 5716 3031 5771 exordio
3068 5714 3422 5772 descendere.
3466 5699 3603 5767 Tali;
