3808 6316
189 339 213 396 1
226 339 325 396 397

1173 332 1624 388 DISSEBTATIO
1663 330 1751 386 DE
1785 330 2190 387 GRECORUM
2233 331 2434 387 .ERIS.

3280 333 3417 389 1508

186 466 270 513 est
313 463 496 510 autem
543 453 947 509 incarnationis
997 468 1173 507 annus
1204 454 1468 508 natalisve
1513 451 1752 517 Christi;
1783 449 2063 511 AAdamo
2110 467 2217 504 aera
2270 451 2605 521 perducitur,
2653 451 2900 507 eumdem
2940 466 3061 507 esse
3102 466 3224 505 cum
3274 466 3418 506 anno

184 548 253 603 ad
321 562 487 616 quem
551 545 885 614 singulorum
939 558 1146 598 summa
1194 551 1544 614 propagatur.
1597 542 1755 596 Hunc

184 643 438 697 eumdem
492 639 667 694 tribus
716 638 825 693 illis
871 639 998 694 aeris
1045 637 1404 692 constitutum
1445 653 1567 694 esse
1608 638 1753 692 docti

185 733 264 786 illi
306 730 573 800 suspicati
621 736 767 794 sunt,
806 728 900 798 qui
936 744 1029 782 eas
1053 745 1081 780 a
1110 744 1168 782 se
1191 739 1379 782 mutuo
1409 735 1752 798 separarunt.

186 821 296 878 Sed
326 837 436 876 non
459 821 533 874 ita
562 836 620 875 se
661 835 750 874 res
784 820 965 874 habet.
993 818 1128 873 Nam
1160 836 1226 874 ex
1249 820 1426 875 tribus
1455 820 1575 874 duae
1603 829 1751 884 sunt,

185 929 308 985 quae
352 912 585 973 diversis
633 913 793 966 annis
846 912 944 982 τὴν
989 911 1395 983 ἐνανθρώπησιν
1454 914 1752 981 assignant,

183 1006 439 1062 videlicet
468 1005 580 1069 illa,
613 1019 730 1073 qua:
755 1018 927 1057 annos
956 1004 1115 1066 5495,
1137 1012 1190 1058 et
1221 1003 1493 1073 quae5501
1524 1003 1751 1072 colligit.

185 1095 360 1152 Unius
419 1110 552 1166 ergo
597 1095 839 1164 computi
884 1109 1111 1150 summae
1152 1094 1268 1148 istae
1317 1093 1438 1148 dure
1476 1101 1628 1159 sunt,
1660 1093 1752 1162 qui

183 1205 311 1244 cum
338 1189 506 1243 tertio
540 1202 808 1241 annorum
838 1186 978 1243 5509
1017 1188 1248 1243 natalem
1272 1187 1518 1246 eumdem
1547 1186 1749 1242 Christi

187 1281 436 1351 respicit,
471 1288 526 1334 et
554 1279 624 1334 ab
654 1279 746 1333 illo
777 1285 1062 1348 propterea
1088 1278 1211 1346 jure
1238 1278 1611 1346 distinguitur.

254 1369 414 1434 Quod
449 1383 559 1422 non
583 1370 830 1423 eumdem
871 1369 925 1422 in
959 1383 1158 1422 annum
1191 1351 1620 1428 lncarnationem
1651 1367 1754 1422 Do-

182 1461 319 1515 mini
358 1460 668 1523 conferant,
702 1460 794 1538 qui
823 1460 889 1514 ad
919 1474 1038 1514 eam
1077 1467 1367 1514 numerant
1398 1473 1570 1514 annos
1592 1459 1751 1526 5493,

183 1562 240 1608 et
265 1556 359 1622 qui
387 1553 558 1619 5501;
591 1552 660 1606 iis
707 1568 772 1606 ex
803 1552 1119 1609 auctoribus
1159 1558 1397 1616 constat,
1427 1553 1522 1622 qui
1545 1552 1753 1607 utrius-

187 1659 293 1713 que
365 1643 449 1697 vel
528 1643 861 1708 inventores,
941 1643 1023 1700 vel
1088 1642 1326 1698 fautores
1407 1645 1747 1698 exstiterunt.

187 1735 433 1796 Priorem
484 1741 800 1808 computum
870 1733 1165 1791 Panodoro
1221 1735 1436 1788 cuidam
1503 1735 1752 1789 inscribit

184 1826 456 1895 Georgius
511 1824 797 1894 Syncellus
830 1825 1109 1884 monacho
1151 1825 1365 1880 erudito
1408 1832 1466 1879 et
1504 1825 1746 1895 antiquo.

188 1917 335 1972 Vixit
362 1917 510 1972 enim
538 1917 775 1971 Arcadio
803 1917 1124 1986 imperante,
1155 1928 1222 1974 et,
1247 1917 1313 1971 ad
1343 1923 1549 1974 exactae
1586 1918 1750 1971 chroo

186 2008 420 2078 nologize
464 2008 752 2063 scientiam
799 2024 958 2062 usum
1007 2008 1232 2078 insuper
1275 2010 1457 2063 attulit
1498 2017 1750 2064 astronov

184 2100 454 2154 micarum
484 2113 702 2164 rerum;
767 2099 924 2168 cujus
976 2100 1031 2153 in
1069 2097 1286 2170 Georgii
1325 2099 1393 2154 de
1436 2100 1529 2152 illo
1563 2115 1754 2152 narra-

184 2192 356 2254 tione,
416 2205 581 2260 quam
650 2189 899 2258 sequenti
955 2191 1133 2259 capite
1198 2205 1586 2261 praponemus,
1643 2206 1752 2244 non

184 2281 422 2336 obscura
453 2295 588 2335 sane
617 2281 847 2350 vestigia
879 2290 1194 2350 supersunt.
1223 2280 1399 2351 Atque
1428 2282 1517 2336 hic
1551 2298 1752 2336 annum

183 2389 307 2427 eum
368 2372 567 2429 Christi
612 2371 1073 2444 ἐνανορωπήσεως
1128 2389 1353 2429 summa:
1397 2390 1508 2428 suae
1547 2376 1758 2443 praesti-

181 2467 321 2531 tuit;
354 2480 384 2518 a
418 2480 528 2534 quo
556 2465 800 2534 vulgaris
835 2480 942 2519 aera
967 2476 1152 2520 nostra
1181 2463 1576 2534 proﬁciscitur:
1610 2465 1755 2534 quod

184 2573 309 2610 cum
365 2558 422 2610 in
483 2559 576 2611 lib.
634 2555 704 2610 IX
753 2557 829 2610 De
873 2557 1113 2611 doctrina
1161 2568 1466 2626 temporum,
1534 2571 1656 2628 cap.
1693 2559 1754 2622 V,

182 2651 539 2706 observatum
567 2651 681 2720 jam
723 2649 906 2714 fuerit,
957 2650 1168 2720 plenius
1213 2649 1314 2704 hoc
1366 2650 1487 2704 loco
1528 2649 1756 2706 demon-

188 2744 479 2798 strabitur.
515 2744 715 2797 Scribit
758 2742 1022 2813 Georgius
1067 2757 1269 2797 annum
1302 2743 1494 2798 mortis
1523 2743 1757 2798 Alexan-

180 2838 266 2891 dri
298 2836 476 2906 Magni
516 2851 547 2889 a
593 2852 701 2905 quo
744 2835 920 2888 Thoth
961 2834 1192 2904 Philippi
1238 2835 1436 2888 Aridzei
1486 2835 1756 2906 procedit,

180 2932 237 2984 in
270 2943 379 2982 atra
414 2925 687 2980 Panodori
724 2941 843 2980 esse
869 2927 937 2980 ab
968 2925 1178 2980 Adamo
1210 2927 1372 2989 5170,
1401 2941 1603 2980 annum
1628 2929 1757 2980 item

180 3018 381 3074 mortis
413 3017 739 3087 Cleopatrae,
775 3017 889 3071 sive
945 3017 1181 3087 primum
1220 3018 1526 3082 Actiacum,
1570 3035 1762 3074 nume-

181 3111 295 3163 rari
344 3107 516 3175 5463;
553 3124 581 3162 a
618 3123 728 3178 quo
755 3108 1015 3178 deinceps
1048 3108 1114 3162 ad
1141 3109 1371 3180 Augusti
1420 3111 1625 3164 obitum
1664 3127 1754 3180 pu-
1781 3133 1824 3193 ο

183 3208 376 3255 tantur
404 3201 532 3254 anni
561 3200 662 3254 43:
696 3200 776 3254 sic
805 3209 864 3254 ut
883 3215 1027 3254 anno
1054 3200 1302 3269 ejusdem
1335 3215 1456 3254 aera:
1481 3201 1621 3255 5506
1649 3202 1757 3256 Au-

183 3300 386 3363 gustus
434 3289 764 3356 excesserit;
810 3304 932 3343 cum
975 3304 1119 3343 anno
1139 3289 1278 3344 5493
1306 3289 1559 3344 Christus
1593 3289 1757 3345 adve-

183 3385 383 3440 nisset.
415 3380 495 3434 Ex
517 3381 585 3436 iis
608 3381 750 3434 inter
777 3394 839 3436 se
864 3379 1304 3450 comparatisita,
1327 3379 1473 3450 quod
1505 3381 1758 3435 volumus

184 3472 449 3527 efﬁcitur.
505 3471 664 3524 Anno
718 3469 932 3524 decimo
991 3475 1200 3538 quarto.
1243 3483 1367 3523 aer-ae
1435 3469 1756 3524 Christiame

183 3571 442 3618 n'iortuus
475 3569 560 3616 est
588 3562 901 3630 Augustus;
942 3559 1149 3627 periodi
1176 3558 1405 3613 Juliana
1425 3559 1585 3622 4727,
1614 3567 1673 3614 ut
1701 3561 1756 3614 iu

185 3655 333 3709 libro
363 3650 436 3705 De
463 3651 706 3706 doctrina
742 3659 1031 3719 temporum
1063 3649 1153 3714 XI,
1187 3665 1307 3720 cap.
1344 3648 1433 3713 Vl,
1470 3650 1755 3720 probatum

184 3752 294 3802 est.
334 3743 404 3799 Ut
433 3744 598 3814 igitur
623 3743 881 3797 detractis
911 3742 1069 3796 annis
1101 3758 1191 3796 xiv
1216 3742 1283 3796 de
1326 3740 1466 3794 4727
1504 3741 1757 3796 residuus

185 3845 275 3893 est
305 3837 376 3900 is,
427 3836 484 3888 in
512 3849 673 3903 quem
706 3833 944 3903 vulgaris
985 3832 1190 3887 Christi
1231 3832 1431 3886 natalis
1470 3833 1754 3901 competit:

185 3940 243 3985 et
263 3926 670 3998 sequenti47l-4
687 3927 896 3995 primus
917 3924 1600 3995 aerae'Christianaeincipit
1623 3943 1639 3992 ;
1668 3924 1762 3979 cui

187 4020 631 4074 lncarnationem
649 4017 962 4073 etNatalem
983 4017 1328 4087 computistze
1347 4026 1620 4072 nostrates
1634 4032 1757 4071 cum

183 4112 396 4167 Grzecis
419 4110 730 4166 afﬁxerunt:
764 4111 844 4164 sic
861 4110 929 4163 de
951 4123 1095 4163 anno
1117 4107 1388 4162 Panodori
1412 4106 1552 4161 5506
1587 4107 1774 4161 detra-.

184 4204 293 4258 etis
317 4219 432 4265 xlv,
449 4203 674 4256 exsistet
698 4216 873 4254 annus
890 4200 1028 4254 5495
1049 4217 1063 4267 ;
1085 4200 1172 4254 cui
1194 4198 1289 4270 τὴν
1308 4199 1556 4270 γέννησιν
1575 4197 1762 4252 Salva-

184 4295 328 4348 toris
345 4292 668 4346 Panodorus
683 4292 952 4347 attribuit.
975 4292 1189 4346 Rursus
1213 4289 1516 4343 Alexander
1534 4288 1761 4357 Magnus

186 4385 350 4455 periit
381 4398 528 4436 anno
563 4383 770 4452 periodi
801 4381 1033 4436 Juliana:
1069 4380 1235 4445 4590,
1271 4381 1364 4449 qui
1416 4389 1500 4433 est
1546 4387 1761 4433 trecen-

1857 542 2032 610 primo
2091 541 2440 613 Dionysiauo.
2503 542 2680 597 Doceo
2727 542 2838 617 jam
2894 543 3051 602 annis
3091 549 3215 595 octo
3241 556 3418 595 remo-

1857 637 1972 683 tum
2003 631 2072 685 ab
2101 645 2164 684 eo
2191 632 2420 693 alterum
2440 648 2586 698 esse,
2617 633 2709 702 qui
2749 633 3050 707 quinquies,
3071 631 3418 688 millesimum

1853 721 2348 790 quingentesimum
2415 723 2650 792 primum
2725 739 2927 775 annum
3003 731 3233 792 occupat
3298 737 3420 780 terte

1853 811 2091 877 Maximi,
2135 827 2197 866 ac
2228 811 2594 881 TheOphanis,
2652 824 2704 868 et
2755 812 2969 882 Georgii
3022 812 3280 883 Syncelli.
3327 813 3420 873 Et-

1853 903 2018 967 enim,
2055 904 2198 974 quod
2233 905 2340 966 lib.
2374 904 2446 959 IX
2485 906 2559 976 (p.
2594 906 2648 974 5)
2695 904 2767 958 De
2824 905 3066 958 doctrina
3107 916 3415 974 temporum,

1853 997 2290 1053 animadversum
2346 1006 2451 1062 est,
2503 997 2782 1058 character
2837 1013 3100 1057 annorum
3166 998 3432 1060 istorum,

1854 1104 1962 1157 quo
1992 1088 2377 1150 discernuntur
2406 1104 2439 1142 a
2484 1091 2664 1154 nobis,
2711 1090 2938 1147 indictio
2987 1098 3088 1153 est,
3115 1105 3276 1159 quam
3320 1105 3418 1143 no-

1855 1179 2062 1233 biscum
2090 1179 2165 1232 illi
2196 1194 2540 1236 communem
2569 1181 2837 1245 obtinent,
2865 1190 2976 1238 tum
3024 1180 3178 1244 feria,
3218 1182 3300 1235 vel
3336 1181 3419 1234 Iu-

1853 1272 2003 1324 naris
2033 1276 2166 1324 actas
2192 1271 2357 1330 certis
2388 1271 2581 1331 diebus
2609 1270 2894 1328 attributa.
2929 1269 3058 1336 Qua:
3086 1271 3131 1326 si
3162 1271 3421 1326 adhibere

1854 1361 2122 1424 velimus,
2169 1361 2224 1421 id
2260 1377 2381 1416 esse
2432 1377 2644 1425 verum,
2692 1362 2838 1431 quod
2874 1361 3010 1427 dixi,
3059 1363 3417 1433 reperiemus.

1853 1452 1970 1507 Duo
2000 1461 2126 1508 sunt
2174 1469 2284 1530 prae
2326 1457 2537 1510 caeteris
2584 1465 2862 1520 auctores,
2903 1455 2998 1526 qui
3035 1471 3142 1510 :era
3188 1463 3420 1509 utuntur

1852 1545 1987 1610 ista,
2022 1545 2287 1601 Maximus
2340 1555 2394 1601 et
2445 1546 2826 1617 TheOphaues.
2881 1547 3086 1602 Horum
3153 1547 3304 1618 prior
3364 1548 3418 1602 in
3509 1549 3512 1552 ’

1851 1636 2026 1712 prima
2082 1647 2234 1707 parte
2271 1638 2536 1707 computi,
2571 1653 2692 1708 cap.
2735 1637 2960 1705 XXXII,
2993 1639 3421 1709 evangelismum

1854 1729 2024 1784 beatae
2054 1728 2315 1799 Virginis,
2352 1732 2466 1786 sive
2513 1729 2968 1798 lucarnationem,
3013 1731 3272 1787 incidisse
3307 1732 3423 1789 vult

1855 1835 2000 1874 anno
2027 1820 2213 1873 mundi
2249 1821 2408 1884 5501,
2439 1823 2592 1890 cyclo
2619 1823 2751 1876 solis
2781 1840 2904 1886 xui,
2937 1824 3080 1881 lunae
3112 1838 3166 1886 x,
3194 1822 3327 1877 feria
3360 1838 3420 1886 ιι,

1853 1911 2099 1966 Natalem
2133 1922 2312 1967 autem
2337 1913 2538 1969 Christi
2580 1914 2768 1969 eodem
2811 1913 3143 1980 anno,,feria
3172 1930 3242 1968 iv.
3277 1913 3424 1980 Quo-

1857 2006 2015 2063 niam
2055 2006 2217 2075 igitur
2275 2005 2704 2076 Εὐαγγελισμὸς,
2751 2022 2915 2076 quam
2959 2007 3424 2060 Annuntiationcm

1856 2096 2042 2150 Latina
2059 2106 2216 2154 vocat.
2238 2097 2501 2160 Ecclesia,
2530 2106 2638 2152 tam
2667 2112 2695 2150 a
2720 2095 2923 2152 Graecis
2945 2113 3106 2167 quam
3139 2113 3168 2151 a
3197 2098 3421 2163 nostris,

1857 2187 2034 2241 Martii
2060 2204 2166 2247 xxv
2195 2187 2434 2256 ponitur,
2467 2201 2692 2241 necesse
2722 2196 2806 2240 est
2831 2185 3220 2242 .Dominicalem
3253 2185 3424 2243 fuisse

1856 2279 2093 2334 litteram
2137 2277 2195 2332 F.
2233 2277 2397 2331 Addit
2435 2292 2558 2347 cap.
2603 2276 2819 2330 XXXIII
2857 2278 3208 2332 indictionem
3250 2277 3425 2332 fuisse

1856 2379 1986 2424 tunc
2041 2387 2140 2434 xu,
2189 2371 2366 2440 capite
2414 2385 2577 2441 porro
2627 2368 2844 2421 XXXIV
2895 2371 3274 2442 χρηματισμὸν
3319 2371 3423 2425 Za-

1855 2463 2054 2517 chariae
2085 2461 2391 2531 Septembri
2420 2479 2566 2516 xxvn
2594 2462 2682 2516 die
2714 2464 3010 2534 contigisse
3043 2472 3255 2527 narrat,
3286 2464 3422 2518 feria

1856 2570 1909 2617 v,
1943 2555 2095 2624 cyclo
2126 2555 2257 2609 solis
2287 2571 2381 2616 xu,
2419 2555 2560 2607 lunae
2591 2570 2663 2610 Ix.
2700 2553 2935 2610 Proinde
2962 2556 3142 2610 littera
3177 2555 3426 2608 Domini-

1857 2647 1992 2702 calis
2022 2653 2138 2703 erat
2168 2645 2232 2701 G.
2265 2646 2396 2700 Item
2427 2657 2613 2701 natum
2653 2663 2776 2702 esse
2807 2647 3066 2702 Joannem
3094 2645 3240 2702 Junii
3271 2663 3421 2711 xxiv,

1860 2738 1992 2793 feria
2040 2755 2097 2803 n,
2125 2753 2318 2808 nempe
2348 2738 2528 2792 littera
2563 2738 2886 2792 Dominicali
2924 2737 2985 2796 F.
3021 2737 3097 2790 Ex
3136 2744 3216 2791 tot
3254 2752 3425 2790 anno-

1858 2847 1979 2884 rum
2002 2831 2444 2886 characterismis
2466 2831 2723 2897 efﬁcitur,
2756 2831 3029 2884 Zachariae
3044 2828 3426 2900 χρηματισμὸν
3447 2875 3453 2882 .

1859 2928 1912 2975 et
1939 2928 2260 2989 conceptum
2311 2918 2541 2978 Joannis
2593 2920 2789 2980 cadere
2832 2921 2910 2980 in.
2941 2935 3146 2974 annum
3210 2922 3422 2990 periodi

1859 3011 2086 3066 Juliana:
2114 3011 2273 3078 4721,
2306 3012 2398 3081 qui
2436 3021 2518 3067 est
2548 3027 2670 3066 :erre
2697 3013 3006 3072 communis
3027 3022 3284 3076 octavus,
3317 3029 3451 3082 quo.

1863 3099 2037 3154 littera
2071 3099 2184 3160 fuit
2205 3098 2249 3153 G
2281 3111 2403 3177 post
2435 3099 2709 3163 Martium.
2755 3100 3196 3157 lncarnationem
3242 3111 3448 3158 autem.

1857 3188 2208 3260 Natalemque
2238 3192 2465 3255 Christi,
2499 3200 2551 3247 et
2581 3202 2705 3248 ante
2734 3194 2880 3248 hunc
2915 3193 3189 3260 Joannis,
3217 3193 3273 3249 in
3323 3211 3424 3248 au-

1857 3295 1987 3333 num
2013 3278 2173 3344 4722,
2206 3295 2327 3334 terte
2375 3281 2705 3340 Christiana":
2763 3298 2993 3348 nonum,
3035 3285 3130 3352 qui
3187 3284 3423 3339 litteram

1858 3372 2046 3426 habuit
2078 3371 2139 3426 F.
2178 3370 2268 3425 Sic
2299 3375 2458 3430 annis
2486 3383 2608 3428 octo
2640 3373 2847 3430 tardior
2874 3381 2959 3429 est
2991 3375 3191 3430 natalis
3236 3375 3423 3431 Domi-.-

1858 3465 2013 3519 nicus
2070 3463 2125 3516 in
2175 3463 2278 3518 bac
2337 3480 2466 3528 tera,
2527 3481 2690 3541 quam
2741 3466 3136 3525 incommuni.
3183 3466 3455 3536 Idipsum,

1857 3556 2247 3619 ἀποδεικτικῶς
2275 3573 2492 3628 quoque
2518 3559 2793 3630 colligitur
2813 3576 2881 3616 ex
2911 3575 3031 3630 cap.
3059 3558 3275 3621 XXXIII
3309 3575 3429 3628 par-

1857 3649 1928 3702 tis
1962 3648 2150 3718 prima:
2179 3651 2422 3728 computi
2463 3650 2702 3705 Maximi.
2743 3652 2955 3725 Quippe
2991 3652 3223 3722 Augusti
3255 3653 3428 3722 impc-

1857 3741 1924 3794 rii
1957 3742 2255 3797 secundum
2287 3757 2491 3798 annum
2523 3745 2598 3798 ait
2626 3760 2746 3807 esse
2771 3747 3162 3812 mundi‘6460,
3189 3761 3297 3817 quo
3327 3746 3429 3802 fuit

1859 3832 2048 3887 indict.
2084 3849 2124 3900 ι,
2151 3833 2497 3897 incarnatum
2522 3851 2652 3890 vero
2688 3852 2810 3894 esse
2833 3837 3114 3895 Christum
3143 3853 3286 3892 anno
3309 3838 3426 3891 Au-

1858 3923 2002 3995 gusti
2024 3928 2173 3991 xuii,
2200 3925 2393 3985 indict.
2420 3943 2517 3988 xu.
2551 3927 2628 3983 Ex
2654 3945 2761 4000 quo
2792 3946 3136 4002 consequens
3167 3939 3252 3993 est
3285 3945 3428 3994 anno

1858 4015 1987 4070 Julii
2035 4031 2111 4071 xit
2161 4019 2369 4088 periodi
2406 4017 2634 4078 Juliana:
2665 4022 2811 4080 4680,
2851 4022 3085 4092 Augusti
3136 4022 3428 4092 imperium

1860 4108 2072 4172 iniisse,
2101 4117 2155 4163 et
2186 4124 2391 4165 annum
2431 4109 2562 4170 Julii
2600 4129 2715 4175 xm,
2758 4114 2965 4182 periodi
3008 4113 3246 4171 Julianae.
3287 4113 3444 4168 4681.

1862 4202 2158 4256 secundum
2191 4215 2313 4256 esse
2334 4202 2685 4260 monarcbiae.
2712 4202 2953 4274 Iutellige
2983 4205 3251 4262 labentem
3276 4212 3433 4262 utro:

1861 4292 2045 4362 bique.
2106 4289 2322 4351 Etenim
2383 4297 2852 4366 Augusti’annos.
2896 4310 2927 4349 a
2989 4294 3166 4351 Thoth
3211 4294 3428 4364 incipit.

1863 4381 2098 4437 Proinde
2149 4385 2361 4454 primus
2419 4383 2594 4440 Thoth
2652 4400 2842 4442 revera
2903 4384 3096 4441 incidit
3137 4384 3192 4438 in
3224 4399 3435 4447 annum,

187 4477 424 4530 tesimus
448 4474 744 4528 vicesimus
775 4483 1004 4542 quartus
1025 4479 1151 4526 ante
1179 4471 1755 4526 Christianam-atram.
1789 4477 1835 4532 1)
1862 4475 1990 4530 Julii
2024 4491 2104 4541 ni,
2155 4475 2366 4545 periodi
2409 4475 2647 4535 Juliana:
2678 4477 2809 4532 47H
2837 4495 2849 4530 :
2880 4485 2934 4530 at
2961 4491 3029 4531 ex
3069 4474 3285 4532 Maximi
3311 4476 3453 4536 cal-.

187 4565 377 4632 Quare
412 4567 555 4618 sicut
585 4563 785 4618 additis
807 4563 912 4619 524
949 4565 1016 4618 ad
1055 4562 1217 4626 4389,
1252 4561 1544 4617 conﬁcitur
1581 4577 1764 4617 annus-

189 4657 396 4712 natalis
423 4655 746 4709 communis
773 4655 831 4708 in
873 4652 1089 4708 Juliana
1129 4654 1354 4724 periodo
1382 4653 1540 4720 4715,
1574 4653 1654 4708 sic
1694 4651 1762 4706 ad

187 4763 400 4803 annum
431 4746 584 4802 5169ἰ
600 4747 802 4802 additis
833 4747 958 4809 524,
1005 4746 1292 4815 consurgit
1337 4759 1515 4800 annus
1559 4745 1613 4800 in
1654 4759 1763 4799 atra

185 4838 471 4894 Panodori
501 4837 660 4902 5493,
688 4838 782 4908 qui
811 4837 1306 4891 Alexandrinorum
1331 4836 1581 4906 populari
1610 4851 1763 4891 exor-

184 4934 284 4989 dio
315 4931 484 5002 cmpit
515 4931 584 4985 ab
617 4930 864 5000 Augusto
891 4937 1124 4984 exeunte
1145 4928 1274 4982 anui
1300 4928 1462 4990 4715,
1495 4927 1762 4983 ecclesia-

186 5024 335 5078 stica
384 5034 516 5075 vero
554 5018 946 5074 consuetudine
967 5033 999 5071 a
1027 5033 1156 5074 vere
1182 5018 1307 5072 anni
1334 5018 1495 5071 4714.
1519 5017 1764 5087 Denique

188 5115 410 5184 primus
445 5127 627 5166 annus
654 5110 934 5174 Actiacus,
981 5111 1096 5166 sive
1123 5110 1317 5165 mortis
1348 5109 1674 5180 Cleopatrae,
1705 5113 1763 5166 in

182 5203 414 5258 Juliana
441 5201 666 5270 periodo
690 5209 771 5256 est
799 5199 960 5264 4681,
985 5200 1052 5254 ad
1081 5215 1243 5270 quem
1267 5199 1509 5270 adjuncti
1540 5201 1669 5257 anni
1693 5200 1764 5255 43

183 5297 457 5351 desinunt
490 5293 546 5346 in
575 5307 777 5346 annum
792 5291 952 5357 4727,
975 5309 1084 5363 quo
1104 5293 1384 5364 August-us
1403 5293 1517 5348 fato
1543 5294 1763 5350 functus

184 5396 297 5444 est.
345 5384 552 5439 Eodem
595 5384 758 5437 modo
802 5385 848 5438 si
895 5384 964 5439 43
1002 5386 1230 5455 adjicias
1266 5387 1335 5440 ad
1370 5388 1532 5452 5463,
1565 5389 1764 5446 conﬁet

185 5480 248 5533 in
278 5475 555 5531 Panodori
586 5482 844 5545 computo
866 5490 1046 5531 annus
1075 5476 1235 5541 5506,
1261 5493 1370 5547 quo
1401 5480 1532 5535 item
1572 5496 1766 5536 exces-

187 5571 266 5624 sit
293 5569 581 5638 Augustus
611 5585 624 5621 :
661 5566 757 5623 sed
791 5568 978 5622 exiens
1005 5577 1230 5638 uterque
1253 5585 1430 5626 annus
1461 5572 1762 5638 habendus,

186 5666 463 5728 sequente
501 5657 639 5711 5507
671 5666 725 5711 et
764 5657 922 5712 5464.
969 5659 1240 5725 Quocirca
1275 5662 1413 5715 nihil
1451 5670 1535 5718 est
1562 5666 1766 5719 certius

184 5765 364 5822 quam
396 5748 796 5804 incarnationis
837 5765 1058 5815 annum,
1106 5753 1158 5806 in
1203 5769 1360 5822 quem
1397 5753 1664 5810 l’anodori
1696 5758 1762 5811 ab

1865 4568 1990 4621 culo
2027 4567 2259 4636 contigit
2303 4581 2450 4622 anno
2490 4567 2621 4624 Julii
2655 4585 2728 4631 xi,
2757 4567 2962 4638 periodi
2992 4566 3219 4626 Juliana:
3263 4566 3433 4621 4679.

1865 4656 2019 4714 Unde
2048 4672 2191 4713 anno
2233 4656 2364 4712 4681
2426 4658 2481 4712 in
2535 4673 2702 4712 cursu
2751 4665 2868 4712 erat
2923 4658 3116 4718 adhuc.
3155 4656 3431 4712 secundus

1862 4749 2092 4821 Augusti
2125 4764 2248 4803 cum
2283 4748 2578 4805 indictione
2600 4766 2638 4804 ι.
2664 4748 2815 4806 Adde
2843 4763 3015 4809 annos
3038 4763 3125 4802 xu
3147 4747 3386 4818 reliquos
3413 4763 3428 4812 ;

1864 4843 2108 4896 incurret
2149 4856 2335 4896 annus.
2358 4841 2589 4912 Augusti
2629 4857 2783 4905 xuii,
2814 4857 2922 4911 quo
2975 4842 3294 4902 incarnatus
3345 4850 3431 4894 est

1865 4933 2139 4998 Christus,
2179 4933 2235 4988 in
2281 4949 2482 4988 annum
2511 4932 2789 4990 lulianum
2823 4949 2932 4998 LIV,
2961 4933 3171 5005 periodi
3202 4933 3441 4993 Juliana;

1863 5028 2026 5094 4722,
2058 5027 2133 5081 ita
2168 5035 2227 5081 ut
2255 5043 2398 5083 anno
2438 5027 2654 5083 Juliano
2698 5031 2791 5083 Lili
2831 5044 2860 5081 a
2894 5027 3073 5084 Thoth
3122 5027 3326 5092 inierit,
3377 5034 3448 5081 et»

1865 5117 2065 5172 Martio
2124 5134 2310 5173 mense
2339 5119 2678 5189 insequentis
2709 5119 2838 5173 anni
2878 5118 3130 5181 tenuerit.
3159 5117 3336 5174 Vides
3371 5123 3446 5170 ut.

1866 5208 2025 5264 annis
2080 5215 2204 5263 octo
2235 5208 2503 5265 tardiores
2557 5211 2669 5264 sint
2717 5209 2936 5280 epochae
2984 5208 3289 5265 amnesin
3322 5207 3430 5261 isto

1866 5307 2145 5368 computo.
2196 5298 2329 5353 Nam
2362 5299 2540 5354 Thoth
2581 5300 2844 5369 Augustei
2879 5299 3094 5368 imperii
3130 5305 3214 5355 est
3253 5310 3430 5351 annus

1865 5392 2042 5447 Julius
2071 5394 2150 5456 ui,
2189 5407 2217 5445 a
2254 5391 2489 5446 Maximo
2522 5407 2651 5447 vero
2681 5391 2737 5444 ﬁt
2771 5407 2846 5445 χι.
2881 5390 3080 5449 Eadem
3101 5396 3154 5444 et
3188 5389 3242 5442 in
3273 5386 3432 5440 Nice-

1866 5485 2022 5554 phori
2071 5483 2342 5538 Chronico
2403 5483 2738 5554 perturbatio
2793 5489 2902 5548 est,
2952 5483 3045 5552 qui
3099 5496 3224 5535 cum
3286 5492 3430 5531 anno

1867 5574 2058 5629 Adami
2081 5575 2242 5641 5501,
2279 5576 2491 5648 imperii
2514 5574 2746 5644 Augusti
2778 5590 2911 5636 xui,
2961 5581 3127 5643 ponat
3173 5573 3430 5624 lncarna-

1867 5667 2067 5721 tionem
2112 5665 2354 5734 Domini;
2401 5666 2754 5724 nihilominus
2816 5680 3016 5719 annum
3066 5663 3296 5716 Nicaeum
3341 5677 3432 5730 sy-

1873 5759 1999 5814 nodi
2053 5769 2305 5814 numcrut
2356 5759 2423 5813 ab
2470 5757 2846 5812 lncarnatione
2898 5769 3149 5810 cccxvm.
3207 5761 3259 5808 et
3309 5762 3452 5810 Octo.
