3808 6330
397 254 552 350 ἰδυθ

1394 290 1480 344 AD
1522 291 1788 348 EUSEBII
1824 288 2217 349 GIIRONICON
2261 286 2622 343 APPENDIX.

3498 285 3628 340 17.00

415 415 574 469 annis
599 412 780 468 minus
820 411 970 466 dicit.
1017 409 1128 467 Nos
1175 412 1230 466 in
1287 427 1429 467 nono
1457 414 1535 469 De
1573 415 1814 472 doctrina
1844 429 1973 473 tem-
2000 425 2047 479 Α
2074 431 2196 471 esse
2221 414 2410 467 volunt
2449 408 2610 473 5777,
2641 401 3038 458 Incarnationis
3060 401 3199 468 277;
3229 398 3376 470 alqui
3409 414 3473 453 ex
3515 401 3626 454 illo-

412 519 618 572 porum,
640 515 758 571 cap.
801 499 887 564 ΙΥ.
917 501 1054 556 duos
1081 501 1200 556 illos
1226 516 1398 558 annos
1429 508 1828 578 χρηματισμοῦ.
1871 509 1973 565 Za-

413 594 614 648 eharia:
689 601 741 649 et
811 591 1205 647 Incarnationis
1277 609 1308 646 a
1382 593 1614 650 Maximo
1673 608 1970 670 conceptos

413 685 700 739 retulimus
748 685 802 738 in
860 682 1000 737 4710
1060 689 1114 738 et
1161 683 1294 736 47H
1351 684 1558 754 periodi
1592 685 1842 757 Juliante,
1874 693 1969 761 qui

415 775 603 828 iisdem
640 773 1066 827 Dominicalibus
1098 774 1296 829 litteris
1326 776 1696 835 instruuntur.
1728 779 1836 836 Sed
1887 782 1971 836 in-

412 863 578 918 dietio
634 861 750 926 XII,
796 877 958 932 quam
1008 863 1178 917 natali
1205 863 1412 922 Christi
1447 866 1718 926 Maximus
1751 886 1969 926 accom-

413 954 610 1016 modat,
635 968 836 1007 annum
871 953 1063 1008 suadet
1091 954 1254 1021 4722,
1287 972 1398 1027 quo
1455 955 1702 1015 Romana
1743 962 1969 1019 indictio

409 1051 525 1098 erat
561 1043 615 1097 in
660 1058 826 1098 cursu
866 1061 941 1098 xu
976 1060 1004 1098 a
1033 1042 1318 1116 Januario,
1352 1048 1434 1103 vel
1487 1064 1517 1102 a
1548 1048 1764 1116 Martio,
1807 1051 1969 1122 Apri-

409 1135 531 1200 Iive,
582 1143 640 1190 ut
687 1145 840 1206 putat
887 1136 1174 1194 Maximus.
1218 1138 1308 1193 Sic
1347 1139 1403 1194 in
1445 1140 1716 1211 baptismo
1762 1142 1967 1201 Christi

407 1242 471 1281 ac
509 1229 761 1297 passione
795 1227 942 1283 Iabes
989 1228 1176 1282 eadem
1227 1229 1466 1298 computi
1501 1231 1761 1296 cernitur,
1796 1234 1968 1304 siqui-

408 1317 526 1373 dem
562 1333 684 1390 cap.
743 1317 937 1372 XXXII
982 1319 1312 1390 baptizatum
1359 1336 1390 1374 a
1431 1319 1642 1378 Joanne
1687 1323 1967 1380 Christum

407 1417 670 1463 memorat
711 1424 854 1464 anno
892 1410 1052 1474 5550,
1095 1410 1229 1466 feria
1261 1427 1340 1466 ιιι.
1379 1411 1522 1482 Ergo
1555 1414 1734 1469 littera
1783 1415 1966 1471 Domi-

407 1502 518 1554 nic.
553 1499 613 1563 D,
648 1499 874 1568 adjectis
909 1517 1036 1554 xxix
1064 1501 1129 1556 ad
1167 1517 1288 1557 eum
1314 1519 1540 1570 annum,
1572 1520 1680 1574 quo
1713 1507 1966 1560 incarna-

404 1597 494 1642 tus
531 1595 634 1644 cst.
671 1589 826 1644 Unde
849 1596 933 1644 est
963 1588 1052 1644 hic
1089 1605 1265 1645 annus
1289 1592 1495 1662 periodi
1529 1593 1760 1650 Juliana:
1803 1596 1963 1662 4752,

403 1695 511 1748 quo
542 1680 608 1734 ad
639 1695 864 1735 vernum
924 1695 1096 1751 usque
1153 1697 1395 1738 mensem
1452 1683 1736 1739 labebatur
1787 1701 1964 1741 annus

404 1770 618 1824 Maximi
643 1771 781 1828 5550
815 1778 869 1827 et
906 1773 1035 1827 5551
1080 1773 1204 1830 inde
1239 1775 1525 1830 successit.
1573 1775 1707 1830 Item
1749 1779 1962 1847 passio-
1995 1756 2037 1813 Β

405 1880 524 1918 nem
564 1864 769 1919 Christi
809 1865 1034 1934 conjicit
1062 1865 1119 1920 in
1169 1881 1370 1921 annum
1402 1867 1565 1931 5554,
1588 1882 1652 1922 ac
1686 1867 1830 1923 diem
1857 1867 1963 1922 Pa-

401 1970 683 2018 rascevcs;
733 1973 852 2027 quae
881 1958 1096 2029 quidem
1131 1957 1308 2012 Martii
1351 1974 1484 2012 xxttt
1522 1958 1769 2030 contigit,
1804 1966 1865 2014 ut
1897 1977 1963 2016 ex

401 2040 634 2114 Georgio
681 2060 805 2098 mox
855 2045 1197 2116 probabitur,
1229 2046 1410 2102 littera
1451 2046 1717 2102 Dominic.
1765 2048 1965 2103 G.Ita-

400 2147 507 2201 que
535 2149 710 2188 annus
750 2133 851 2188 fuit
882 2137 1091 2206 periodi
1123 2135 1350 2192 Iuliana:
1377 2138 1539 2193 4755.
1587 2139 1720 2206 Quae
1748 2139 1965 2197 Graeco-

401 2238 520 2276 rum
549 2229 952 2282 sententia'non
986 2229 1158 2299 magis
1187 2229 1394 2300 reliqua
1428 2231 1496 2285 ab
1529 2231 1777 2301 historia,
1800 2248 1961 2304 quam

400 2315 468 2369 ab
490 2317 795 2388 evangelica
828 2320 1138 2376 narratione
1163 2322 1455 2392 discrepat.
1492 2322 1627 2378 Nam
1660 2325 1861 2380 Tiberii
1895 2342 1962 2381 xv

399 2405 511 2460 fere
542 2407 845 2477 baptizatus
873 2418 958 2464 est
992 2410 1274 2478 Christus;
1309 2421 1363 2467 et
1394 2411 1584 2468 eodem
1624 2414 1958 2484 imperante,

397 2499 580 2561 tertio,
608 2507 872 2568 quartove
905 2515 1048 2554 anno
1079 2511 1263 2572 postea
1289 2519 1485 2573 passus
1513 2524 1526 2558 :
1557 2511 1612 2558 at
1647 2520 1711 2560 ex
1741 2506 1958 2562 Maximi

397 2598 650 2658 computo
681 2591 948 2661 sequitur,
977 2593 1106 2648 Caio
1146 2594 1444 2664 imperante
1477 2603 1530 2650 et
1562 2597 1682 2667 ejus
1712 2613 1855 2652 anno
1877 2615 1961 2654 se-

395 2681 574 2734 cundo
599 2681 664 2735 ad
693 2683 1024 2753 baptismum
1057 2683 1285 2742 Joannis
1317 2690 1616 2746 accessisse
1671 2691 1957 2748 Dominum

395 2780 448 2826 et
492 2789 712 2843 passum
768 2791 888 2832 esse
920 2776 1133 2835 Claudii
1183 2781 1460 2836 secundo:
1509 2799 1629 2854 quae
1677 2795 1805 2840 sunt
1866 2786 1960 2841 ab-

397 2866 742 2920 surdissima.

466 2955 734 3027 Georgius
785 2957 1070 3029 Syncellus
1117 2962 1172 3016 in
1231 2963 1418 3020 eadem
1479 2975 1563 3021 est
1617 2983 1780 3023 causa
1833 2985 1955 3024 cum

2071 520 2192 558 rum
2223 508 2404 556 mente
2459 499 2508 554 is
2552 510 2675 552 esse
2719 493 2878 548 debet
2921 507 3042 546 terte
3106 499 3313 547 nostra:
3363 490 3490 545 285.
3542 490 3626 547 Sic

2070 593 2427 664 TheOphanes
2474 585 2820 644 Constantini
2870 584 3081 639 obitum
3129 583 3300 638 refert
3350 582 3406 636 in
3436 597 3626 636 annum

2069 685 2256 740 mundi
2282 683 2441 746 5829,
2471 678 2866 736 Incarnationis
2890 677 3030 732 529:
3087 691 3250 746 quem
3300 684 3510 730 certum
3553 685 3629 730 est

2068 791 2189 832 aera:
2217 772 2524 830 communis
2555 785 2698 825 anno
2726 769 2832 822 557
2872 767 3153 822 incidisse.
3189 766 3407 821 Rursus
3436 764 3623 819 Valen-

2069 869 2264 923 tiniani
2295 865 2576 923 exordium
2621 861 2834 918 confert
2889 862 2945 915 in
2999 875 3204 914 annum
3253 857 3447 912 mundi
3504 858 3629 912 5857

2067 967 2388 1024 exeuntem;
2423 965 2680 1026 sequente
2706 967 2826 1007 mox
2857 951 3016 1016 5858,
3053 951 3315 1021 quoniam
3346 948 3627 1004 Februario

2067 1059 2282 1105 creatus
2312 1057 2397 1104 est
2431 1048 2757 1116 imperator;
2794 1043 2998 1099 Christi
3033 1053 3210 1096 autem
3233 1049 3516 1112 computat
3539 1043 3629 1096 557

2068 1139 2251 1195 itidem
2284 1145 2594 1194 exeuntem.
2633 1135 2934 1190 Discrimen
2969 1148 3239 1187 annorum
3294 1131 3346 1195 7,
3381 1133 3631 1202 quemad-

2067 1230 2288 1286 modum
2330 1237 2384 1285 et
2426 1229 2480 1282 in
2526 1241 2670 1282 anno
2703 1225 2918 1281 concilii
2947 1225 3456 1290 Chalcedonensis,
3498 1225 3634 1294 quod

2069 1338 2213 1377 anno
2246 1321 2436 1376 mundi
2483 1319 2643 1385 5944,
2692 1318 2991 1372 indictione
3021 1333 3054 1371 v
3091 1317 3432 1372 celebratum
3459 1315 3634 1382 docet,

2067 1430 2211 1470 anno
2242 1412 2446 1470 Christi
2486 1412 2613 1466 444.
2645 1411 2806 1480 Atqui
2842 1425 2985 1464 anno
3019 1409 3118 1464 45I
3168 1426 3294 1464 tera:
3324 1420 3532 1466 nostra:
3558 1421 3636 1465 est

2067 1505 2331 1570 habitum,
2363 1504 2444 1559 sic
2483 1517 2591 1556 uno
2622 1500 2892 1556 interdum
2919 1515 3063 1554 anno
3098 1500 3169 1554 ab
3203 1501 3458 1554 instituta
3481 1492 3635 1552 chro-

2066 1595 2286 1666 nologia
2317 1592 2677 1661 Theophanes
2707 1590 2961 1644 aberrat:
2995 1603 3058 1642 ac
3104 1595 3314 1658 septem
3367 1603 3632 1643 annorum

2065 1683 2444 1740 tantummodo
2476 1683 2772 1738 discrimen
2807 1680 2970 1746 facit;
3002 1695 3126 1734 cum
3161 1685 3290 1734 octo
3313 1694 3442 1734 esse
3471 1695 3632 1736 anno-

2066 1793 2184 1831 rum
2213 1779 2462 1845 oporteat
2483 1789 2550 1827 ex
2579 1772 2725 1827 illius
2745 1771 3045 1826 ratiociniis
3070 1788 3082 1822 :
3111 1769 3274 1839 cujus
3297 1771 3443 1825 ratio
3459 1786 3527 1826 ex
3552 1773 3633 1834 iis,

2064 1884 2184 1940 quae
2224 1869 2290 1922 de
2325 1881 2592 1920 annorum
2635 1863 2807 1920 initiis
2839 1864 2895 1919 in
2932 1878 3077 1918 anno
3112 1861 3338 1920 Juliano
3368 1865 3632 1930 dicentur,

2065 1969 2339 2030 utcunque
2367 1957 2658 2013 constabit.

2133 2074 2212 2128 Ex
2259 2073 2346 2128 his
2371 2071 2626 2126 omnibus
2655 2070 2802 2140 quod
2853 2069 3006 2124 initio
3043 2070 3336 2140 posuimus
3389 2069 3629 2132 efﬁcitur.

2063 2167 2227 2221 trium
2265 2180 2497 2220 terarum
2527 2163 2663 2218 duas
2691 2161 3129 2217 Incarnationem
3160 2161 3377 2218 Christi
3409 2162 3631 2218 diversis

2063 2256 2220 2310 annis
2264 2255 2560 2325 aIIingere;
2592 2267 2656 2307 ac
2691 2253 2913 2323 prioris,
2943 2268 3062 2322 qua:
3088 2252 3226 2308 5501
3291 2262 3473 2324 putat,
3509 2254 3630 2308 ulti-

2061 2362 2210 2401 mum
2239 2347 2532 2401 convenire
2554 2345 2759 2400 Christi
2807 2358 2950 2398 anno
2982 2359 3166 2411 nono;
3199 2345 3444 2401 alterius
3487 2359 3628 2407 vero,

2061 2453 2180 2507 qua:
2206 2437 2345 2492 5495
2371 2443 2636 2501 numerat,
2670 2451 2815 2489 anno
2842 2437 3016 2506 primo
3041 2455 3054 2490 :
3079 2437 3334 2507 adeoque
3362 2454 3472 2492 non
3505 2439 3630 2493 duos

2063 2530 2288 2584 annales
2345 2539 2662 2598 computos:
2708 2526 2804 2582 sed
2857 2543 3025 2582 unum
3071 2537 3126 2583 et
3181 2530 3440 2583 eumdem
3499 2545 3626 2584 esse.

2062 2622 2276 2677 Etenim
2333 2635 2540 2676 annum
2592 2619 2919 2675 Christianae
2979 2620 3063 2673 vel
3119 2618 3474 2690 Dionysiana:
3521 2636 3630 2675 tera

2060 2715 2295 2783 primum
2327 2719 2558 2781 uterque
2587 2718 2877 2781 computus
2897 2709 3040 2766 5495
3065 2719 3326 2766 numerat
3353 2731 3368 2766 :
3400 2728 3500 2766 nec
3534 2729 3630 2766 non

2061 2821 2265 2859 annum
2332 2805 2578 2873 ejusdem
2644 2818 2767 2857 aera:
2821 2818 3026 2857 nonum
3093 2810 3331 2872 uterque
3397 2814 3630 2858 recenset

2059 2897 2218 2953 5501.
2255 2895 2464 2966 Quippe
2495 2896 2562 2950 de
2595 2908 2739 2950 anno
2766 2905 3019 2949 currente
3051 2894 3238 2948 mundi
3270 2896 3340 2948 ad
3386 2895 3628 2950 Incarna-

2061 2988 2227 3042 tionis
2254 3003 2459 3040 annum
2483 2985 2883 3054 assequendum
2920 2986 3133 3055 priores
3161 3001 3342 3041 annos
3375 2987 3516 3041 5500
3545 2988 3626 3041 de-

395 3042 650 3157 Maxinio.
687 3046 817 3101 Nam
867 3056 947 3152 et.
976 3066 1198 3119 passum
1249 3070 1370 3110 esse
1405 3057 1518 3110 vult
1547 3057 1824 3113 Christum
1860 3077 1955 3114 xui
1987 3097 2032 3157 ο
2067 3078 2332 3141 "unum;
2370 3042 2710 3146 ροειει-ίοίιεε
2753 3042 3016 3138 5492,.ει
3053 3092 3163 3146 quo
3220 3077 3404 3146 major
3455 3077 3623 3145 hujus,

396 3135 609 3201 Martii,
677 3141 1045 3203 resurrexisse
1107 3160 1236 3200 vero
1313 3163 1438 3210 xxv,
1500 3151 1677 3206 aetatis
1745 3154 1958 3224 expleto

397 3243 591 3291 xxxiii,
622 3244 764 3284 anno
793 3231 861 3286 ab
882 3232 1091 3288 Adamo
1119 3236 1402 3293 desinente
1441 3240 1602 3304 5555,
1653 3250 1708 3298 et
1741 3243 1960 3302 ineunte

395 3319 534 3373 5554
591 3337 658 3374 ex
707 3337 758 3375 a.
813 3322 867 3377 d.
911 3341 1004 3378 vui
1047 3325 1276 3382 Kalend.
1332 3328 1502 3399 April.
1558 3333 1817 3388 Praeterea
1861 3353 1959 3390 an-

394 3423 522 3461 num
546 3411 738 3466 mortis
762 3411 1054 3468 Alexandri
1094 3415 1267 3487 Magni
1291 3431 1541 3475 numerat
1571 3425 1758 3478 mundi
1795 3425 1954 3488 5170.

396 3498 559 3568 idque
589 3501 643 3555 in
668 3504 925 3559 confesso
952 3507 1026 3560 ait
1055 3514 1195 3578 apud
1236 3527 1425 3566 omnes
1455 3529 1598 3569 esse.
1631 3515 1698 3567 At
1727 3515 1956 3587 Augusti

397 3593 726 3648 monarchia:
776 3597 1028 3664 primum,
1075 3616 1196 3668 qua:
1234 3617 1375 3656 anno
1410 3613 1531 3673 post
1558 3615 1789 3662 mortem
1830 3608 1958 3664 Julii

395 3681 566 3735 altero
626 3687 812 3750 cmpit,
863 3701 982 3740 esse
1023 3688 1192 3753 5458;
1243 3691 1489 3758 ejusdem
1549 3710 1679 3749 vero
1729 3707 1957 3751 mortem

392 3774 691 3842 contigisse
721 3776 861 3829 inter
904 3777 1042 3831 5514
1069 3786 1120 3833 et
1168 3781 1328 3844 5515,
1363 3799 1486 3836 cum
1524 3784 1773 3840 Christus
1795 3803 1960 3856 prope

395 3863 668 3918 decimum
702 3867 952 3934 quintum
1004 3873 1180 3925 aetatis
1223 3888 1424 3927 annum
1466 3883 1668 3946 ageret.
1699 3876 1960 3934 Interval~

397 3955 507 4007 lum
562 3956 632 4010 ab
682 3971 826 4011 anno
875 3959 1014 4014 5170
1049 3962 1101 4014 in
1147 3979 1308 4032 quem
1342 3963 1520 4020 Thoth
1564 3965 1797 4040 Philippi
1828 3987 1959 4026 con-

393 4047 559 4114 gruit,
589 4049 653 4101 ad
684 4049 822 4104 5458
849 4054 1176 4108 monarchizn
1205 4057 1458 4126 Augusti,
1493 4067 1621 4113 sunt.
1650 4063 1775 4115 anni
1811 4062 1915 4118 288
1941 4084 1955 4131 ;

393 4156 533 4208 quos
569 4141 617 4194 si
647 4142 928 4200 addideris
965 4145 1033 4200 ad
1075 4165 1278 4202 annum
1311 4152 1516 4218 periodi
1539 4150 1768 4210 Juliante
1795 4156 1954 4220 4590,

393 4248 500 4299 quo
535 4241 781 4290 mortuus
820 4244 904 4290 est
943 4237 1248 4294 Alexander
1281 4241 1527 4311 Magnus,
1560 4244 1757 4300 confiet
1784 4263 1959 4305 annus

391 4323 550 4387 4678,
589 4326 792 4394 quiest
833 4339 1054 4391 octavus
1100 4341 1221 4401 post
1266 4343 1491 4389 mortem
1518 4333 1646 4391 Julii
1680 4337 1954 4395 Caesaris:

392 4433 512 4486 quae
547 4433 690 4472 anno
724 4419 862 4474 4670
891 4421 1082 4476 incidit

463 4509 676 4566 Rursus
701 4512 1043 4568 intervallum
1074 4517 1140 4570 ab
1171 4533 1314 4572 anno
1337 4520 1474 4573 5458
1522 4520 1589 4574 ad
1618 4521 1777 4587 5515,
1811 4539 1958 4578 mor-

393 4605 463 4656 tis
508 4602 761 4672 Augusti,
802 4606 932 4659 anni
971 4607 1040 4661 57
1068 4626 1082 4674 ;
1115 4624 1254 4678 quos
1293 4611 1337 4664 si
1387 4611 1453 4664 ad
1490 4627 1690 4666 annum
1746 4617 1956 4685 periodi

396 4691 620 4746 inlianze
655 4691 794 4749 4678
824 4694 1072 4764 adjicias,
1105 4700 1522 4758 exsistetannus
1551 4705 1755 4773 periodi
1780 4705 1953 4761 Julia-

390 4798 474 4836 nae
528 4784 689 4847 4755,
744 4801 854 4855 quo
916 4801 1176 4844 excessus
1211 4791 1439 4862 Augusti
1491 4795 1735 4865 contigit.
1793 4798 1955 4868 Atqui

392 4877 645 4931 convenit
667 4877 810 4932 hunc
857 4894 1001 4933 anno
1041 4883 1246 4950 periodi
1279 4883 1510 4940 Julianze
1559 4887 1698 4941 4727
1731 4889 1952 4945 obiisse.

393 4965 562 5034 Igitur
590 4969 746 5022 annis
769 4976 892 5025 octo
927 4986 1105 5025 veram
1125 4975 1382 5044 epocham
1411 4987 1654 5031 moratur
1671 4979 1955 5048 Georgius.

465 5058 602 5112 Hinc
632 5061 764 5114 illud
796 5063 1015 5142 accidit,
1045 5073 1103 5118 ut
1142 5066 1198 5119 in
1235 5069 1520 5124 annalibus
1561 5069 1777 5141 Georgii
1813 5071 1955 5144 Syn-

393 5147 538 5210 celli,
590 5158 644 5202 et
688 5150 780 5218 qui
811 5152 932 5220 ejus
981 5156 1318 5212 continuavit
1365 5174 1524 5228 opus,
1565 5158 1953 5232 Theophanis;

395 5253 496 5292 nec
543 5255 652 5292 non
693 5241 854 5310 hujus
905 5244 1217 5316 interpretis
1266 5250 1537 5316 Miscellte,
1577 5255 1705 5308 anni
1755 5255 1955 5313 Christi

394 5341 519 5383 octo
551 5331 734 5386 minus
776 5333 1057 5404 colligant,
1108 5357 1271 5409 quam
1322 5358 1429 5395 arra
1463 5347 1808 5402 communis:
1855 5366 1957 5406 nec

392 5431 550 5476 auter
600 5422 868 5480 Maximus
901 5427 1154 5485 instituit.
1186 5431 1283 5486 IIic
1316 5435 1461 5488 enim
1487 5435 1720 5493 IIeracIii
1750 5457 1954 5499 annum

394 5529 520 5566 xxxi
555 5530 676 5568 cum
711 5533 854 5570 anno
885 5519 1081 5575 Christi
1120 5524 1222 5577 655
1247 5527 1523 5595 componit
1553 5528 1608 5582 in
1632 5547 1776 5584 anno
1804 5550 1955 5588 cont-

393 5606 572 5659 munis
611 5623 730 5662 εει-τε
765 5609 899 5675 641,
932 5621 990 5663 ιιι
1025 5617 1185 5681 paulo
1233 5627 1355 5686 post
1395 5618 1629 5674 dicetur.
1686 5624 1952 5693 Georgius

392 5699 446 5743 et
486 5693 841 5766 Theophanes
894 5717 1092 5756 annum
1139 5708 1347 5774 primu.-
1402 5708 1719 5767 Diocletiani
1766 5717 1950 5770 mundi

2059 3185 2222 3238 quam
2287 3169 2457 3232 illius,
2526 3167 2774 3222 calculus
2836 3166 3090 3222 efﬁcitur.
3151 3167 3352 3224 Annus
3407 3167 3624 3236 exempli

2059 3275 2225 3315 causa
2265 3259 2452 3313 mundi
2492 3257 2636 3328 apud
2670 3257 2961 3312 Maximum
2991 3257 3132 3313 5155
3170 3258 3438 3315 detractis
3479 3258 3626 3318 5500.

2058 3352 2162 3406 erit
2207 3351 2275 3405 ab
2327 3349 2709 3405 lncarnatione
2738 3349 2862 3404 655.
2900 3347 3160 3404 Deductis
3184 3366 3316 3404 vero
3345 3349 3506 3412 5492,
3538 3365 3627 3419 pn-

2059 3442 2264 3496 tahitur
2303 3441 2427 3504 641,
2468 3441 2536 3496 ad
2597 3456 2761 3512 quem
2820 3457 3009 3496 revera
3073 3441 3347 3498 Maximus
3374 3451 3628 3513 perpetuo

2058 3543 2366 3605 respectum
2398 3533 2612 3588 habuit.
2650 3532 2839 3603 Itaque
2870 3534 2923 3587 in
2970 3535 3131 3588 annis
3182 3536 3377 3589 mundi
3409 3551 3625 3590 consen-

2059 3626 2202 3679 tiunt
2229 3625 2390 3679 ambo
2419 3625 2684 3693 computi,
2715 3626 2768 3678 in
2798 3625 2957 3681 annis
2988 3627 3397 3683 Incarnationis
3426 3627 3628 3682 dissen-

2057 3714 2218 3767 tiunt.
2245 3711 2363 3766 Non
2419 3713 2619 3768 debent
2655 3713 2819 3784 igitur
2862 3713 3049 3768 mundi
3079 3729 3204 3769 tera:
3254 3716 3341 3770 vel
3373 3715 3626 3786 computi,

2058 3806 2268 3862 censeri
2299 3807 2440 3873 duo;
2473 3806 2567 3862 sed
2597 3822 2740 3860 unus
2768 3806 3062 3872 duntaxat;
3089 3806 3252 3876 cujus
3290 3806 3359 3861 ad
3393 3809 3628 3864 diversos

2059 3913 2232 3952 annos
2279 3897 2481 3952 Christi
2521 3896 2928 3970 ὲνανθρώπησις
2958 3897 3234 3967 alligatur.
3283 3899 3470 3965 Quare
3520 3900 3627 3954 due

2059 4000 2293 4054 tantum,
2330 3989 2474 4060 quod
2503 3989 2839 4053 dicebamus,
2863 3989 3148 4058 praecipuae
3177 3999 3310 4045 sunt
3344 4007 3469 4047 terte
3494 3989 3628 4046 Gne-

2058 4098 2268 4145 corum,
2299 4097 2489 4151 nempe
2527 4097 2656 4144 una,
2690 4082 2849 4151 cujus
2878 4082 2934 4136 in
2973 4097 3178 4136 annum
3227 4082 3373 4138 5495
3427 4085 3629 4154 primus

2049 4187 2236 4237 annus
2269 4186 2390 4226 tera:
2429 4169 2787 4242 Dionysiante,
2843 4171 2926 4226 vel
2969 4172 3281 4228 communis
3337 4173 3622 4242 congruit:

2057 4271 2112 4316 et
2134 4263 2322 4322 altera,
2357 4276 2479 4330 quae
2527 4261 2776 4316 eumdem
2809 4276 3011 4316 annum
3068 4272 3329 4317 numerat
3387 4264 3458 4318 ab
3505 4265 3624 4318 orbe

2059 4353 2280 4407 condito
2309 4351 2471 4407 5509.
2495 4350 2806 4408 Posteriorc
2825 4351 2926 4406 hac
2954 4350 3176 4407 Isaacus
3195 4355 3505 4410 monachus
3529 4354 3624 4407 uti-

1989 4437 2031 4492 D
2063 4454 2182 4512 tur;
2213 4445 2308 4515 qui
2366 4459 2485 4514 cap.
2536 4443 2605 4499 III
2634 4446 2876 4516 computi
2903 4461 3103 4500 annum
3137 4447 3329 4501 mundi
3359 4447 3496 4503 6881
3533 4463 3624 4501 ιιιι-

2059 4547 2234 4592 merat
2280 4553 2427 4600 eum,
2481 4537 2575 4606 qui
2623 4538 2984 4608 aSeptembri
3035 4540 3202 4608 ccepit
3257 4541 3390 4594 anni
3433 4540 3621 4595 Christi

2062 4627 2222 4691 1572,
2255 4642 2367 4697 quo
2397 4642 2541 4681 anno
2591 4625 2844 4684 Octobris
2874 4645 3025 4696 xxvr,
3082 4629 3218 4685 feria
3265 4646 3327 4685 ιιι
3372 4633 3618 4701 contigit;

2059 4717 2282 4788 proinde
2305 4718 2483 4772 littera
2502 4717 2542 4773 G
2567 4718 2685 4779 fuit,
2702 4734 2764 4772 ac
2784 4720 3038 4774 nimirum
3058 4736 3236 4777 annus
3255 4721 3465 4780 Christi
3479 4723 3615 4778 I372.

2058 4807 2304 4878 Demptis
2333 4807 2472 4863 5508
2501 4809 2568 4864 de
2597 4810 2756 4872 6881,
2792 4811 2983 4880 reliqui
3016 4821 3146 4865 sunt
3189 4814 3350 4877 1575.
3383 4814 3616 4886 quando-

2058 4898 2276 4968 quidem
2331 4914 2509 4954 annus
2565 4899 2874 4954 Graecorum
2933 4901 3067 4956 6881
3120 4905 3320 4974 majori
3353 4908 3443 4962 sui
3477 4913 3612 4977 parte

2059 5003 2183 5043 cum
2218 4989 2353 5043 1575
2376 4990 2580 5044 Christi
2601 4993 2912 5059 concurrit;
2942 5000 3034 5046 aut
3053 5008 3085 5046 a
3116 5009 3289 5049 verno
3318 5013 3505 5053 mense
3527 5013 3611 5051 an-

2057 5080 2113 5136 ni
2167 5081 2411 5148 ejusdem
2450 5097 2516 5136 ex
2563 5082 2838 5137 communi
2867 5084 3124 5139 methodo
3165 5085 3391 5142 illorum
3421 5087 3612 5156 incipit,

2057 5171 2137 5227 uti
2166 5188 2291 5227 mox
2317 5174 2618 5228 ostendam.
2641 5173 2902 5228 Prazterea
2930 5173 3072 5230 Gaza
3091 5177 3230 5231 libro
3247 5177 3323 5232 οε
3345 5179 3612 5236 mensibus.

2057 5276 2158 5330 cap
2188 5261 2332 5329 XXI,
2365 5277 2565 5316 annum
2597 5261 2801 5316 Christi
2833 5261 3201 5317 Romanorum
3233 5266 3448 5318 calculo
3473 5263 3610 5320 1470.

2059 5351 2134 5405 ait
2161 5367 2191 5406 a
2222 5351 2425 5408 Graecis
2454 5353 2632 5422 putari
2666 5353 2853 5406 mundi
2885 5353 3045 5408 6978.
3080 5352 3246 5408 Deme
3280 5370 3454 5410 annos
3487 5351 3612 5408 5508

2056 5451 2266 5498 restant
2319 5445 2476 5499 1470.
2511 5444 2777 5509 Quocirca
2813 5459 2960 5506 cum,
2999 5453 3061 5497 ut
3099 5444 3261 5499 initio
3297 5447 3496 5516 capitis
3522 5445 3612 5496 hu-

2051 5535 2143 5605 jus
2192 5536 2550 5600 ostendimus,
2603 5536 2800 5591 diversi
2851 5536 2927 5589 illi
2973 5538 3215 5605 computi
3272 5544 3608 5594 censeantur,

2056 5627 2145 5699 qui
2181 5630 2245 5682 ad
2274 5630 2522 5685 eumdem
2557 5646 2759 5684 annum
2783 5645 2904 5687 tera!
2932 5640 3133 5685 nostra:
3166 5630 3416 5696 diversas
3453 5642 3609 5684 anno-

2055 5735 2172 5772 rum
2225 5735 2468 5776 summas
2509 5721 2800 5791 colligunt;
2844 5719 2950 5773 duo
3004 5725 3154 5786 sunt,
3196 5737 3304 5775 non
3361 5729 3490 5782 tres,
3538 5716 3605 5769 illi
