3808 6304
146 339 273 388 MOI

142 561 264 600 mus
301 559 512 599 annum
542 559 688 607 eum,
719 545 810 612 qui
845 544 1055 612 primus
1081 551 1166 598 est
1209 558 1332 598 mra:
1364 555 1582 608 nostrae,
1614 559 1716 597 nu-

143 643 320 690 merat
371 634 442 688 ab
476 633 686 688 Adamo
713 632 886 697 5493;
919 633 1187 703 posterior
1213 633 1374 695 5509,
1409 647 1507 687 uec
1532 633 1716 703 plures

142 725 462 780 Graecorum
492 723 700 794 antiqui
729 723 1066 792 computistaa
1093 734 1424 778 memorant:
1449 724 1540 794 qui
1571 723 1718 794 prio-

141 831 255 868 rem
285 823 488 870 vocant
534 813 675 867 κατὰ
705 813 1118 884 Ἀλεξανδρέας,
1155 829 1256 870 nos
1295 799 1717 870 Alexandrinam

141 904 510 973 appellemus;
532 902 888 973 posteriorem
918 903 1058 956 κατὰ
1099 904 1423 975 Ῥωμαίους,
1449 920 1548 960 nos
1573 905 1718 960 Con-

141 993 717 1064 stantinopolitauam,
753 1008 784 1046 a
817 1007 959 1047 nova
1013 991 1186 1048 Roma
1237 995 1600 1050 nominemus.
1637 994 1716 1050 lta

142 1086 508 1157 Theophanes
539 1100 646 1140 non
672 1099 781 1138 uno
808 1085 948 1138 loco.
972 1083 1041 1137 At
1069 1083 1318 1155 Scaliger
1351 1099 1520 1140 novas
1550 1101 1716 1156 quas-

142 1178 269 1231 dam
311 1177 389 1230 uti
424 1175 662 1230 rationes
695 1189 928 1228 terarum
979 1174 1227 1239 istarum,
1271 1176 1353 1229 sic
1397 1175 1716 1244 appellatio-

142 1283 242 1322 nes
289 1265 638 1334 excogitavit,
676 1273 939 1332 utrasque
969 1272 1147 1317 autem
1177 1262 1404 1328 alienas,
1435 1271 1488 1318 et
1519 1263 1716 1319 absur-

141 1358 266 1419 das,
297 1371 439 1425 quas
457 1355 554 1410 lib.
589 1354 656 1408 IX
685 1353 1015 1410 Dedoctriua
1044 1365 1354 1424 temporum,
1387 1369 1508 1425 cap.
1533 1353 1599 1420 γ,
1629 1371 1715 1410 re-

145 1447 406 1512 fellimus,
458 1461 523 1500 ac
571 1445 639 1500 de
668 1446 736 1501 iis
777 1446 938 1516 paulo
967 1453 1090 1516 post
1113 1445 1307 1500 iterum
1326 1439 1568 1516 ageiuus.
1595 1443 1714 1500 Erit

140 1537 235 1606 qui
268 1535 337 1589 ad
371 1535 494 1589 illas
522 1534 658 1589 duas
687 1536 905 1589 tertiam
929 1542 1082 1604 putet
1130 1533 1556 1605 adjungendam,
1591 1550 1713 1605 qua:

139 1642 346 1680 annum
373 1625 789 1690 lncarnationis,
815 1635 870 1682 et
893 1626 1090 1681 natalis
1111 1633 1391 1696 computat
1418 1627 1488 1680 ab
1505 1625 1712 1679 Adamo

139 1717 302 1780 5507,
328 1713 495 1787 quam
520 1715 781 1772 adhibent
823 1724 1076 1772 auctores
1117 1716 1324 1786 aliqui,
1376 1723 1434 1771 ut
1475 1715 1711 1770 Alexan-

1133 331 1590 389 DISSERTATIO
1629 332 1715 387 DE
1747 332 2158 392 GRACORUM
2195 333 2401 391 AEDIS.

143 455 464 508 Graecorum
497 453 776 522 computi;
809 467 1042 522 quorum
1087 452 1257 521 prior,
1300 459 1356 508 et
1399 452 1716 521 antiquissi-
1739 458 1790 514 Α

3246 337 3269 393 1
3282 338 3381 396 303

2425 448 2656 507 CAPUT
2700 449 2762 509 ll.

1817 587 1894 642 De
1923 597 2164 656 computo
2195 587 2379 641 annali
2406 601 2654 649 veterum,
2697 589 2952 658 imprimis
2983 588 3231 658 Africani
3272 606 3380 643 me-

1889 658 2034 711 tltodi
2085 659 2305 712 vinculis
2344 658 2536 710 soluto.
2583 658 2831 725 Ejusdem
2871 661 3115 726 Africani
3155 659 3381 714 Chroni-

1885 745 2003 782 cum
2032 743 2158 799 opus
2189 729 2512 799 illustratur,
2539 727 2716 782 Photii
2751 730 3005 784 obscurus
3039 729 3184 784 locus
3213 729 3381 799 expli-

1885 808 2058 853 catur.
2097 797 2240 853 ϐεδιὶ
2267 798 2530 866 Africani.

1885 908 2109 965 Veteres
2140 910 2196 964 in
2239 908 2448 964 Graecia
2475 908 2773 967 Christiani
2807 910 2862 965 in
2889 910 3048 966 annis
3076 910 3145 964 ab
3172 909 3379 966 Adamo

1815 1003 2072 1072 putandis
2116 1002 2254 1066 sola,
2283 1017 2405 1072 qua:
2451 1001 2506 1055 in
2541 1003 2716 1058 sacris
2764 1001 2921 1058 libris
2945 1009 3182 1066 exstant,
3211 1002 3382 1057 inter-

1813 1095 1955 1149 valla
1985 1095 2340 1164 spectabant;
2387 1109 2488 1149 nec
2525 1094 2750 1150 annales
2775 1104 3063 1164 computos
3108 1108 3238 1148 suos
3267 1093 3377 1148 ulla

1815 1183 2125 1254 paschalem
2183 1183 2252 1239 ad
2309 1181 2622 1239 methodum
2675 1183 2878 1254 σχέσει,
2909 1183 2992 1238 vel
3019 1182 3252 1239 artificio
3275 1183 3380 1236 im-

1813 1277 2044 1348 plicatos
2090 1275 2404 1332 habebant:
2442 1277 2510 1331 ad
2538 1276 2683 1348 quod
2734 1274 2996 1345 deinceps
3039 1289 3379 1346 consequen-

1813 1369 1948 1423 tium
1977 1369 2098 1424 illos
2131 1377 2436 1440 temporum
2469 1368 2720 1424 formavit
2751 1366 3046 1422 industria.
3111 1365 3180 1423 Ut
3212 1366 3377 1436 igitur

1811 1460 2046 1532 quisque
2078 1461 2330 1532 pluribus
2362 1469 2458 1514 aut
2489 1459 2839 1531 paucioribus
2881 1459 3043 1514 annis
3081 1457 3258 1528 spatia
3285 1456 3378 1510 illa

1813 1551 2160 1616 terminabat,
2196 1551 2271 1604 ita
2321 1550 2559 1620 majores
2601 1549 2909 1604 minoresve
2941 1563 3184 1603 summas
3221 1545 3379 1600 adhi-

1812 1639 1992 1704 bebat,
2025 1655 2134 1710 qua
2181 1639 2251 1694 de
2295 1639 2616 1710 Opinionum
2662 1637 2926 1693 varietate
2957 1637 3163 1692 dictum
3205 1642 3290 1692 est
3319 1635 3377 1689 in

1814 1745 1960 1786 nono
1989 1730 2065 1784 De
2083 1730 2326 1784 doctrina
2355 1739 2665 1799 temporum,
2695 1743 2816 1798 cap.
2853 1726 2918 1782 ll.

137 1791 354 1861 άνδηυπ
393 1807 711 1872 amnica";
761 1823 870 1862 ιιηο
900 1808 1081 1863 minus
1113 1806 1395 1862 ced'enus
1434 1806 1710 1877 (ρης-144)
1744 1801 1786 1856 Β
1885 1819 2029 1875 Inter
2073 1820 2172 1875 has
2205 1819 2439 1876 celebris
2457 1791 2562 1873 uilla
2602 1791 2706 1872 fuit
2752 1791 2997 1872 Africani
3042 1813 3274 1884 antiqui,
3323 1821 3380 1868 et

138 1903 234 1974 qui
261 1915 408 1956 anno
437 1901 578 1958 5506
602 1901 654 1955 id
686 1915 808 1956 esse
845 1899 1047 1955 factum
1079 1900 1299 1962 asserit,
1344 1905 1399 1953 et
1429 1899 1524 1969 qui
1557 1914 1714 1968 anno

137 1998 281 2053 5500
329 2004 512 2050 ortum
555 1996 802 2052 Christi:
849 1997 1161 2066 passionem
1206 1996 1364 2066 5555
1407 1997 1712 2068 assignant,

133 2098 326 2138 errare
347 2081 652 2137 contendit.
689 2081 793 2136 Sed
833 2082 973 2138 hanc
1003 2097 1168 2137 teram
1201 2083 1270 2137 ab
1303 2082 1418 2147 illa,
1461 2099 1584 2154 qua:
1630 2093 1714 2141 est

133 2176 332 2241 lsaaci,
397 2176 712 2247 discrepare
765 2192 876 2232 non
937 2177 1192 2242 arbitror,
1251 2178 1347 2233 sed
1405 2177 1461 2232 in
1523 2178 1712 2234 eodem

132 2280 402 2341 computo
427 2269 702 2326 diversum
729 2284 930 2324 annum
954 2267 1323 2324 lncarnationi
1348 2270 1711 2340 prazstituere,

133 2373 265 2432 puta
301 2363 527 2418 biennio
551 2376 715 2417 atram
747 2376 1089 2416 communem
1113 2368 1469 2416 antevertere.

205 2523 321 2578 Etsi
379 2522 448 2577 de
491 2522 778 2576 amborum
835 2523 1054 2577 illorum
1098 2522 1372 2577 sententia
1405 2522 1543 2576 nihil
1572 2523 1712 2578 certi

131 2611 402 2682 consequi
482 2627 810 2681 possumus,
889 2617 1179 2681 propterea
1237 2611 1382 2681 quod
1465 2612 1713 2681 imperite

130 2704 318 2758 omnia
353 2703 712 2772 permiscent,
745 2709 798 2757 et
824 2716 919 2757 eos
943 2701 1406 2756 characterismos
1431 2701 1710 2766 adhibent,

130 2795 224 2864 qui
304 2793 596 2848 conciliari
670 2793 906 2849 invicem
963 2802 1262 2864 nequeunt.
1328 2793 1402 2848 De
1465 2792 1714 2848 Chronici

131 2885 497 2940 Alexandrini
525 2884 645 2938 labe
675 2883 883 2938 dictum
919 2891 1006 2939 est
1037 2885 1092 2938 in
1122 2881 1217 2937 Xll
1247 2883 1323 2937 De
1354 2882 1494 2937 doct.
1529 2893 1711 2952 temp.,

117 2995 253 3052 (cap.
283 2977 356 3031 ιν
383 2997 396 3034 :
424 2976 706 3032 Cedrenus
732 2976 894 3046 paulo
929 2977 1102 3046 magis
1131 2991 1364 3031 concors
1390 2984 1472 3030 est
1502 2991 1708 3030 secum.

130 3069 332 3124 Natum
379 3075 659 3124 asseverat
690 3069 967 3123 Christum
1000 3082 1146 3122 anno
1179 3067 1371 3122 mundi
1403 3066 1568 3131 5506,
1604 3065 1710 3121 De-

128 3162 340 3216 cembr.
375 3177 504 3223 xxv,
536 3159 671 3214 feria
703 3175 776 3215 tv.
824 3158 950 3214 Fuit
993 3174 1121 3231 ergo
1169 3160 1350 3214 littera
1400 3157 1462 3224 F,
1508 3168 1561 3214 et
1589 3173 1711 3213 esse

128 3259 316 3320 potest
349 3265 530 3303 annus
574 3248 784 3319 periodi
827 3247 1058 3303 Iuliana:
1090 3248 1254 3312 4711,
1307 3247 1529 3303 biennio
1586 3255 1713 3303 ante

137 3357 496 3400 communem
541 3356 726 3396 atram.
763 3339 958 3396 Postea
994 3341 1329 3410 baptizatum
1373 3355 1496 3396 esse
1544 3339 1712 3394 refert

128 3435 440 3490 indictione
476 3430 518 3497 l,
551 3445 698 3485 anno
732 3431 921 3486 mundi
977 3431 1137 3496 5556,
1173 3429 1420 3485 Januarii
1456 3445 1528 3497 Vl,
1578 3429 1712 3484 feria

131 3541 163 3579 v
189 3543 206 3591 ;
239 3523 347 3578 fuit
381 3536 514 3592 ergo
542 3522 722 3576 littera
757 3520 819 3585 B,
841 3530 895 3578 et
927 3521 1028 3576 hac
1056 3522 1266 3576 ratione
1295 3536 1473 3576 annus
1503 3519 1711 3590 periodi

127 3616 364 3670 Iuliana:
395 3613 570 3680 4749.;
621 3613 712 3667 sed
746 3613 972 3668 indictio
1019 3621 1150 3668 tunc
1193 3620 1311 3668 erat
1340 3628 1370 3665 a
1404 3610 1712 3682 Septembri

128 3715 181 3759 et
213 3704 486 3759 Januario
520 3719 576 3758 ιι.
615 3701 813 3758 Verum
846 3711 906 3758 ut
935 3718 963 3758 a
993 3719 1160 3759 verno
1191 3719 1378 3759 mense
1405 3703 1585 3772 putari
1631 3705 1713 3755 in-

127 3797 324 3867 cipiat,
384 3795 560 3864 prima
613 3794 668 3848 in
718 3810 822 3849 usu
877 3802 993 3849 erat
1045 3791 1408 3859 Januar.’v1;
1464 3789 1712 3859 sequenti

128 3906 281 3944 anno
337 3888 512 3952 5057,
569 3889 646 3941 ait
704 3887 887 3942 lunam
919 3886 1182 3942 decimam
1219 3896 1466 3956 quartam
1537 3883 1713 3938 Martii

129 3999 312 4046 xxvu,
374 3981 510 4034 feria
552 3996 650 4034 vu.
699 3978 823 4034 Fuit
869 3994 999 4050 ergo
1029 3979 1211 4032 littera
1248 3978 1310 4042 C,
1343 3977 1529 4048 cyclus
1571 3976 1712 4030 luna:

127 4091 185 4136 x,
223 4089 288 4127 ac
318 4068 551 4142 proinde
578 4069 806 4125 Julianae
833 4069 1042 4140 periodi
1077 4083 1254 4123 annus
1286 4067 1445 4131 47M,
1480 4067 1589 4121 ἄνω
1624 4082 1718 4119 πο-

125 4165 350 4236 ταμῶν,
398 4161 544 4233 quod
577 4162 751 4216 aiunt.
797 4163 1015 4216 Annum
1063 4160 1322 4230 denique,
1378 4174 1488 4230 quo
1515 4171 1713 4229 passus

125 4265 218 4312 est
246 4255 530 4317 Christus,
562 4254 640 4308 ait
681 4270 805 4310 esse
834 4255 998 4319 5559,
1027 4268 1139 4324 quo
1172 4253 1350 4307 Martii
1384 4267 1546 4317 χχιιι,
1581 4249 1714 4306 feria

126 4365 183 4402 vi
224 4345 366 4411 fuit;
413 4355 465 4400 et
499 4346 708 4400 decima
751 4353 943 4416 quarta
995 4345 1176 4400 Martii
1227 4361 1374 4411 xxiv,
1426 4342 1561 4400 feria
1614 4358 1710 4398 vu.

128 4433 267 4486 Erat
302 4447 438 4502 ergo
481 4432 661 4487 littera
719 4430 785 4499 ϐ,
831 4435 1017 4504 cyclus
1044 4449 1175 4489 vero
1229 4434 1370 4488 luna:
1415 4447 1512 4486 χιιι
1544 4451 1558 4487 :
1592 4447 1712 4502 qua:

127 4533 457 4596 congruunt
511 4524 566 4578 in
613 4539 817 4580 annum
858 4527 1064 4596 periodi
1113 4525 1342 4582 Julianze
1384 4525 1527 4582 4744
1561 4543 1574 4580 :
1607 4541 1716 4597 quo

126 4633 334 4674 revera
369 4632 569 4685 passus
620 4625 705 4672 est
750 4632 818 4672 ex
871 4617 1160 4687 Epiphanii
1195 4627 1250 4672 et
1291 4618 1526 4672 aliorum
1569 4623 1720 4672 vete-

128 4723 260 4761 rum
316 4705 577 4776 Opinione
626 4707 901 4763 Christus.
957 4707 1323 4774 Quamobrem
1379 4707 1719 4763 lncarnatioo

128 4817 260 4856 nem
292 4799 511 4854 Domini
534 4798 815 4854 Cedrenus
840 4799 1076 4860 triennio
1105 4810 1230 4854 ante
1257 4800 1534 4869 vulgarem
1555 4813 1718 4853 atram

130 4893 359 4964 posuit;
399 4890 709 4961 passionem
737 4900 942 4955 autem,
976 4906 1120 4945 anno
1147 4892 1391 4960 ejusdem
1425 4907 1547 4945 mra:
1570 4906 1716 4943 χχχι.

132 4985 298 5039 [side
332 4999 445 5036 non
478 4992 563 5038 est
603 4984 824 5048 mirum,
861 4998 1065 5037 annum
1098 4983 1250 5037 illum
1296 4982 1718 5047 lncarnationis,

129 5075 282 5132 5506
315 5075 387 5128 ab
416 5074 510 5126 illo
539 5075 719 5143 puta;
753 5075 806 5128 in
839 5090 948 5129 aera
977 5074 1608 5142 Constantinopolitana.
1661 5071 1718 5126 Si

127 5176 286 5229 enim
316 5180 436 5226 tres
469 5185 643 5226 annos
674 5171 924 5238 adjicias,
957 5171 1046 5225 [iet
1076 5186 1250 5225 annus
1284 5169 1423 5224 5509
1449 5170 1722 5224 Constan-

132 5261 581 5333 tinopolitanus;
614 5259 844 5314 Juliana:
878 5259 1088 5330 periodi
1116 5260 1276 5322 4714,
1309 5259 1400 5329 qui
1435 5266 1518 5314 est
1555 5258 1719 5328 ipsis-

130 5357 317 5409 simus
353 5367 479 5406 aera:
530 5352 858 5406 communis.
916 5349 1034 5405 Non
1093 5359 1175 5405 est
1225 5351 1389 5420 igitur
1433 5359 1721 5420 computus

129 5445 321 5508 alius;
357 5443 454 5497 sed
483 5442 726 5512 ejusdem
756 5443 996 5512 computi
1043 5458 1216 5497 anuos
1262 5443 1508 5498 diversos
1538 5445 1722 5497 lucar-

129 5536 356 5592 natioui
404 5533 677 5604 praaliniit.
732 5533 810 5586 Ex
857 5534 940 5587 his
987 5533 1146 5588 facile
1194 5542 1277 5590 est
1327 5534 1545 5588 odorari
1604 5551 1723 5604 qua:

132 5634 539 5699 computorum
592 5625 822 5681 istorum
873 5627 1026 5698 origo
1064 5625 1270 5682 fuerit:
1305 5627 1450 5697 quod
1505 5629 1556 5682 iu
1606 5643 1719 5698 seq.

133 5739 264 5791 cap.
306 5717 699 5774 declarabitur.

1813 1909 2014 1964 eruditi
2043 1908 2384 1979 chronologi,
2415 1907 2508 1978 qui
2545 1905 2822 1961 Christum
2856 1920 2999 1960 anno
3030 1903 3214 1960 mundi
3241 1901 3375 1959 5501

1813 2001 2155 2056 incarnatum
2187 2016 2311 2056 esse
2331 2040 2345 2064 ,
2398 2015 2620 2070 passum
2652 2012 2782 2054 vero
2830 1994 3192 2064 555l,'a:tatis
3217 1993 3382 2048 trice-

1815 2092 1954 2147 simo
2005 2091 2183 2164 primo
2235 2092 2460 2146 circiter
2498 2090 2779 2146 asseruit:
2824 2096 2878 2144 et
2916 2088 3180 2158 originem
3233 2087 3384 2142 dedit

1813 2199 1936 2238 aera:
1987 2183 2090 2245 illi,
2147 2198 2310 2252 quam
2351 2181 2778 2236 Alexandrinam
2816 2180 3078 2250 appellari
3121 2178 3380 2236 diximus.

1813 2273 1984 2340 Quem
2015 2275 2162 2328 illius
2193 2282 2508 2342 computum
2558 2273 2703 2327 nacti
2749 2271 2977 2342 posteri,
3013 2271 3254 2326 auctoris
3295 2271 3382 2327 sui

1816 2364 2225 2436 chronologiam
2267 2363 2686 2434 interpolaruut,
2717 2377 2782 2416 ac
2813 2361 3118 2418 fmdissime
3159 2370 3384 2417 contur-

1815 2456 2029 2514 barunt.
2063 2454 2195 2510 Nam
2233 2455 2419 2511 decem
2449 2454 2672 2508 circiter
2703 2451 2862 2508 annis
2887 2454 2955 2508 ab
2983 2453 3106 2524 ejus
3133 2453 3343 2523 epocha
3363 2493 3380 2520 ,

1813 2564 1843 2604 a
1875 2547 2202 2619 Dionysiana
2249 2557 2430 2601 autem
2471 2552 2619 2607 octo,
2679 2543 2882 2600 Christi
2930 2543 3146 2600 Domini
3198 2543 3384 2600 lncar-

1813 2639 2089 2692 nationem
2131 2636 2539 2692 abstraxerunt.
2571 2633 2629 2689 Id
2659 2650 2768 2705 qua
2800 2634 3014 2690 ratione
3039 2633 3111 2690 sit
3136 2631 3339 2690 factum
3363 2675 3380 2700 ,

1811 2737 1867 2784 et
1890 2745 2012 2799 qua:
2041 2729 2256 2784 sincera
2289 2727 2436 2781 illius
2466 2726 2654 2797 opinio
2690 2725 2880 2791 fuerit,
2910 2725 3242 2796 investigare
3273 2741 3383 2781 non

1811 2823 1938 2886 erit,
1989 2821 2206 2892 opinor,
2257 2819 2535 2874 alienum:
2582 2817 2692 2872 imo
2746 2832 2878 2872 vero
2928 2817 3272 2875 Graacanicas
3313 2817 3384 2873 ad

1811 2926 1949 2966 teras
1988 2909 2368 2980 intelligendas
2411 2907 2707 2978 plurimum
2749 2907 2897 2966 illius
2925 2907 3207 2978 inquisitio
3235 2909 3386 2964 utili-

1811 3005 1941 3058 tatis
1975 3002 2186 3057 aﬂ'eret.

1886 3088 2088 3144 Scribit
2118 3089 2477 3163 Hieronymus
2502 3091 2556 3145 in
2593 3102 2755 3160 caput
2784 3107 2840 3146 ix
2868 3089 3132 3154 Danielis,
3167 3090 3384 3144 Africa-

1814 3198 1944 3237 num
1985 3182 2330 3238 existimasse
2373 3182 2579 3238 Christi
2633 3180 2849 3236 Domini
2897 3181 3207 3252 passionem
3241 3195 3385 3235 anno

1815 3273 2005 3343 quinto
2028 3273 2242 3327 decimo
2282 3272 2487 3329 Tiberii
2522 3272 2758 3330 Caesaris
2786 3273 3055 3329 accidisse
3090 3291 3103 3328 :
3132 3287 3291 3342 quem
3315 3271 3385 3326 ab

1812 3364 1947 3420 orbe
1975 3365 2196 3419 condito
2231 3365 2365 3420 5551
2402 3379 2744 3428 numerasse,
2781 3365 2956 3422 artatis
2985 3365 3186 3421 Christi
3220 3365 3384 3422 trice-

1813 3455 2012 3512 simum
2061 3456 2296 3524 primum
2352 3455 2594 3518 circiter,
2626 3451 2894 3525 Georgius
2925 3453 3209 3526 Syncellus
3242 3453 3386 3510 amr-

1813 3555 1945 3603 mat.
1999 3546 2228 3603 Photius
2261 3564 2391 3604 vero
2434 3565 2564 3603 num
2612 3547 2830 3604 XXXIV
2869 3548 3040 3605 refert
3066 3548 3386 3605 Africanum

1812 3655 1952 3709 opus
1994 3639 2319 3695 historicum
2367 3641 2607 3697 edidisse
2638 3641 2875 3696 divisum
2922 3642 2978 3697 in
3011 3641 3182 3698 libros
3223 3641 3388 3710 quin-

1812 3747 1950 3802 que;
1974 3730 2175 3802 quibus
2198 3738 2442 3801 tempora
2472 3732 2656 3787 omnia
2684 3731 3002 3801 complexus
3027 3739 3131 3797 est,
3158 3747 3187 3786 a
3210 3732 3387 3802 prima

1813 3840 1995 3880 rerum
2023 3824 2234 3894 origine
2272 3825 2338 3878 ad
2363 3823 2567 3878 Christi
2599 3824 2921 3896 παρουσίαν,
2952 3823 3056 3878 hoc
3086 3832 3172 3880 est
3203 3822 3386 3878 lncar-

1813 3917 2114 3979 nationem,
2147 3917 2284 3970 nihil
2318 3927 2375 3971 ut
2407 3933 2586 3972 rerum
2629 3917 3062 3974 necessariarum
3093 3917 3386 3984 omitteret,

1814 4007 2129 4063 summatim
2178 4014 2378 4060 cuncta
2413 4007 2781 4076 perscribens.
2823 4006 2954 4062 Inde
2979 4022 3109 4062 vero
3151 4007 3219 4062 ad
3263 4006 3381 4061 Ma-

1813 4099 1955 4154 criui
1988 4097 2276 4166 imperium
2310 4099 2518 4168 reliqua
2547 4099 2959 4168 perstrinxisse,
2992 4105 3156 4168 atque
3194 4097 3298 4152 hoc
3329 4099 3385 4152 in

1813 4203 1980 4260 Opere
2021 4193 2279 4242 testatum
2327 4202 2388 4242 se
2434 4201 2606 4241 annos
2659 4186 2728 4240 ab
2770 4185 2977 4240 Adamo
3025 4184 3386 4254 comprehen-

1815 4281 1963 4336 disse
1993 4277 2154 4334 5793.
2188 4276 2332 4332 Idem
2365 4285 2597 4332 testatur
2625 4283 2679 4331 et
2707 4275 2975 4346 Georgius
3007 4273 3294 4347 Syncellus
3328 4275 3384 4331 in

1815 4369 2099 4441 Excerptis
2130 4367 2394 4440 Scaligeri
2427 4370 2570 4440 (pag.
2603 4369 2720 4433 59),
2767 4370 2858 4424 ubi
2901 4384 2965 4422 ex
3012 4369 3272 4423 Africano
3299 4382 3387 4422 re-

1747 4471 1791 4526 ι)
1820 4465 1926 4521 fert
1959 4462 2027 4517 ad
2059 4460 2421 4533 olympiadem
2457 4475 2632 4531 usque
2653 4475 2752 4515 cet.
2787 4460 3081 4516 archontas
3114 4459 3184 4515 ab
3221 4458 3386 4514 Athe-

1819 4554 2108 4611 niensibus
2134 4552 2410 4609 numerari
2447 4552 2573 4617 905,
2604 4569 2635 4606 a
2670 4550 2924 4618 Creonte,
2951 4553 3045 4622 qui
3083 4551 3390 4622 Olympiade

1822 4663 1921 4702 xix
1967 4643 2220 4717 praefuit;
2268 4654 2601 4714 postremum
2651 4659 2780 4699 vero
2812 4641 2982 4698 fuisse
3019 4641 3387 4698 Philinum'ea

1826 4750 1988 4805 quam
2027 4733 2142 4788 dixi
2171 4733 2498 4804 Olympiade,
2533 4735 2854 4789 consulibus
2887 4731 3056 4786 Grato
3089 4732 3389 4788 Sabiniano

1819 4834 1872 4880 et
1902 4824 2158 4890 Seleuco;
2176 4827 2267 4893 qui
2294 4839 2324 4878 a
2347 4823 2513 4878 Bruto
2535 4827 2789 4881 consules
2823 4824 2973 4880 fuere
2994 4824 3119 4878 725.
3155 4823 3384 4880 Demum

1821 4915 2002 4984 colligi
2027 4917 2171 4984 (pag.
2203 4915 2290 4982 57)
2313 4929 2485 4969 annos
2511 4915 2650 4969 5725
2673 4917 2740 4969 ad
2767 4914 2984 4969 tertium
3009 4929 3232 4975 annum,
3270 4916 3388 4966 Ἀν-

1820 5005 2064 5069 τωνίνου,
2097 5006 2192 5056 καὶ
2234 5003 2524 5073 Αὐγὲντου.
2557 5001 2796 5056 Marcum
2827 5002 3162 5055 Antoninum
3190 5001 3385 5071 Alaga-

1821 5098 2006 5152 balum
2049 5096 2322 5165 intelligit.
2357 5095 2411 5148 In
2458 5094 2650 5150 iisdem
2686 5093 3073 5164 Scaligerianis
3116 5093 3387 5162 excerptis

1823 5189 2189 5260 fragmentum
2219 5187 2465 5241 Africani
2496 5187 2691 5256 lcgitur
2723 5187 2790 5242 de
2817 5183 3216 5256 olympiadibus
3239 5183 3385 5254 (pag.

1823 5283 1947 5352 517)
1975 5301 1988 5337 :
2021 5281 2074 5334 in
2109 5295 2220 5350 quo
2253 5279 2394 5349 apud
2433 5279 2794 5334 Atheuienses
2815 5279 2868 5332 in
2895 5277 3265 5348 olympiadum
3294 5277 3389 5356 de:

1825 5375 2121 5444 scriptione
2170 5373 2512 5426 Stadionicas
2566 5373 2641 5424 ait
2681 5370 2988 5440 percenseri
3035 5369 3162 5431 248,
3212 5381 3387 5448 annos

1826 5467 1952 5523 989.
2012 5465 2116 5520 Sed
2172 5465 2226 5519 in
2296 5463 2669 5534 Ὀλυμπιάδων
2720 5462 3007 5533 ἀναγραφῇ
3060 5461 3223 5516 etiam
3279 5456 3386 5512 249

1825 5555 2150 5626 olympiadis
2205 5554 2573 5609 Stadionicam
2635 5562 2882 5609 recenset
2913 5551 3174 5620 Scaliger.
3227 5548 3282 5602 Si
3318 5549 3386 5604 de

1829 5647 1985 5701 annis
2024 5647 2090 5699 ah
2125 5646 2330 5699 Adamo
2353 5645 2492 5700 579.5
2524 5643 2742 5699 auferas
2776 5643 2947 5704 5500,
2987 5641 3189 5696 residui
3223 5647 3382 5695 erunt

1828 5740 1933 5794 225
1963 5739 2030 5794 ab
2059 5736 2438 5793 incarnatione
2474 5735 2683 5792 Domini
2719 5733 3015 5792 secundum
3042 5731 3361 5788 Africanum
