3808 6334
409 295 582 388 ἰιοδ

1466 334 1555 388 ΔΙ)
1597 333 1868 392 EUSEBII
1907 336 2299 393 CllRONICON
2343 334 2699 390 APPENDIX.
2789 325 2795 330 ’

3543 338 3666 396 NN

445 451 550 507 Sed
599 467 777 508 annus
808 452 1005 508 tertius
1055 452 1335 522 Alagabalt
1387 467 1512 508 rem:
1560 458 1870 511 communis
1925 469 2011 512 est
2044 469 2278 527 Aporro
2330 455 2574 510 Geminis
2630 452 2844 508 duobus
2905 467 3049 511 coss.
3106 469 3254 508 anno
3317 453 3521 510 Tiberii
3573 473 3664 515 xv;

440 547 570 608 221,
606 548 659 600 in
700 561 859 615 quem
914 553 968 598 et
1011 544 1118 598 250
1164 546 1432 614 Olympias
1475 546 1730 604 incurrit.
1789 549 2014 605 Biennio

445 640 629 707 itaque
658 635 1039 705 Dionysianam
1071 635 1332 704 epocham
1378 639 1669 692 antevertit
1694 640 2009 705 Africanus,

442 739 498 783 et
549 727 982 781 lncarnationem
1032 724 1245 780 Domini
1293 728 1521 782 contulit
1563 730 1618 783 in
1677 745 1878 786 annum
1917 748 2012 800 pe-

445 821 582 873 riodi
609 818 837 872 Iuliana:
868 817 1032 871 4712.
1068 818 1222 884 Quod
1253 820 1476 890 insuper
1506 837 1572 877 ex
1607 838 1750 878 anno
1793 823 2015 880 Passio-

444 912 537 967 nis
581 911 650 964 ab
692 909 882 964 eodem
916 909 1180 966 Africano
1213 913 1514 967 constituto
1542 915 1833 985 colligitur.
1881 916 2014 971 Nam

445 1004 491 1056 si
523 1003 735 1058 decimo
781 1002 972 1072 quinto
995 1003 1240 1071 _Tiberii,
1288 1019 1484 1074 nempe
1523 1004 1765 1062 Geminis
1804 1009 2018 1064 duobus

443 1109 591 1150 coss.
652 1109 848 1164 passus
893 1102 979 1150 est
1036 1100 1181 1164 (qua:
1234 1094 1335 1148 fuit
1367 1097 1722 1165 plurimorum
1764 1107 2007 1154 veterum

447 1186 762 1253 sententia),
787 1195 843 1240 et
875 1185 922 1239 is
952 1200 1131 1239 annus
1157 1185 1343 1239 mundi
1375 1187 1507 1241 5551
1539 1189 1611 1242 ab
1633 1188 1894 1244 Africano
1918 1207 2022 1244 nu-

446 1287 692 1332 meratus
737 1285 845 1343 est,
880 1291 1005 1331 cum
1053 1275 1492 1332 lncarnationem
1541 1295 1685 1336 anno
1736 1281 1870 1336 5501
1923 1283 2024 1336 tri-

447 1371 682 1436 buisset,
732 1379 792 1424 ut
821 1378 1010 1425 auctor
1037 1378 1123 1424 est
1151 1368 1416 1440 Georgius
1446 1369 1730 1442 Syncellus
1760 1392 1774 1428 :
1808 1389 1933 1427 cum
1966 1373 2021 1428 in

448 1476 654 1517 annum
707 1477 831 1516 εει-ω
879 1462 1204 1517 Christiana:
1249 1461 1339 1526 29,
1377 1464 1494 1518 sive
1538 1465 1747 1533 periodi
1795 1463 2024 1521 Iuliana:

447 1554 589 1608 4742
627 1555 951 1609 consulatus
998 1553 1352 1608 Geminorum
1408 1564 1718 1626 competat;
1773 1557 2024 1614 deductis

449 1645 611 1700 annis
640 1646 717 1700 50.
749 1647 820 1700 de
859 1645 1024 1710 4742,
1072 1647 1318 1715 reliquus
1353 1645 1459 1701 erit
1489 1645 1887 1701 lncarnationis
1921 1665 2021 1702 an»

451 1755 555 1793 nus
600 1737 742 1792 4712
785 1737 838 1791 in
887 1736 1102 1792 Juliana
1149 1737 1394 1807 periodo.
1428 1737 1628 1794 Verum
1676 1739 1818 1808 apud
1862 1739 2026 1795 Euse-

451 1831 599 1884 bium
652 1846 748 1884 mi
799 1829 874 1884 De
934 1829 1220 1884 demonstr.
1276 1830 1420 1899 (pag.
1452 1855 1456 1858 -
1491 1829 1617 1899 245)
1661 1829 2024 1900 fragmentum

456 1923 606 1976 aliud
628 1924 873 1978 occurrit
899 1923 1142 1978 Africani
1175 1923 1244 1978 de
1269 1922 1532 1978 Passione
1559 1923 1792 1991 Domini,
1842 1933 1895 1980 et
1921 1924 2025 1980 Da-

455 2009 614 2064 nielis
646 2010 1076 2066 hebdomadibus
1095 2029 1110 2078 ;
1129 2013 1184 2066 in
1206 2028 1316 2082 quo
1337 2014 1518 2081 passio
1552 2015 1840 2083 conjicitur
1860 2016 1915 2070 in
1933 2031 2025 2071 an-

461 2116 592 2154 num
638 2103 936 2156 secundum
961 2103 1285 2172 Olympiadis
1313 2104 1439 2167 202,
1475 2104 1674 2160 Tiberii
1712 2123 1823 2160 xw.

524 2191 680 2246 Hunc
734 2193 910 2262 ipsum
958 2194 1200 2249 Africani
1252 2197 1431 2251 locum
1481 2212 1618 2266 pene
1675 2197 1744 2251 ad
1801 2199 2022 2253 verbum

453 2282 744 2350 exscripsit
775 2281 1145 2353 Hieronymus
1188 2283 1244 2336 in
1279 2285 1702 2339 Commentariis
1747 2286 1812 2340 ad
1863 2295 2024 2356 caput

453 2374 524 2428 IX
572 2373 829 2441 Danielis,
858 2383 913 2429 et
963 2383 1142 2430 tamen
1181 2377 1454 2430 decimum
1511 2377 1757 2446 quintum
1821 2376 2023 2432 Tiberii

453 2469 666 2538 posuit;
695 2483 824 2531 non,
870 2475 930 2523 ut
975 2479 1060 2524 est
1108 2471 1160 2522 in
1204 2467 1416 2531 Graeco,
1469 2467 1742 2524 decimum
1783 2479 2020 2524 sextum.

447 2560 776 2629 Quanquam
815 2561 923 2615 nisi
952 2561 1286 2631 olympiadis
1327 2576 1506 2614 annus
1535 2561 1821 2630 appositus
1857 2569 2020 2624 esset,

449 2653 749 2707 conciliare
798 2653 906 2706 ista
941 2652 1102 2707 facile
1137 2667 1446 2721 possemus,
1483 2652 1687 2722 quippe
1731 2668 1910 2706 annus
1954 2669 2022 2706 xv

449 2743 682 2813 Tiberii,
728 2745 775 2800 si
819 2746 890 2800 ab
922 2745 1170 2815 Augusto
1205 2760 1393 2799 mense
1428 2752 1670 2814 putetur,
1715 2761 1825 2815 quo
1854 2745 2024 2815 impe-

451 2851 575 2891 rare
609 2837 810 2907 C(Bpit;
852 2837 976 2890 iniit
1026 2851 1174 2890 anno
1204 2835 1410 2891 Christi
1439 2835 1530 2899 28,
1577 2847 1775 2906 quarto
1809 2837 2024 2892 labente

450 2926 780 2997 Olympiadis
834 2927 962 2989 201,
1021 2934 1076 2981 et
1131 2926 1199 2980 ad
1251 2926 1558 2997 Augustum
1616 2943 1855 2982 mensem
1894 2927 2022 2980 anni

449 3017 654 3072 Christi
681 3018 750 3071 29
781 3020 1135 3073 continuatus
1169 3026 1274 3082 est,
1312 3035 1421 3088 quo
1441 3021 1550 3073 duo
1585 3019 1792 3074 Gemini
1823 3036 2023 3076 consu-

450 3108 529 3164 les
577 3120 754 3164 erant.
798 3111 881 3164 Ita
928 3128 999 3166 xv
1031 3111 1238 3165 Tiberii
1274 3127 1471 3179 passus
1516 3113 1620 3166 erit
1663 3112 1940 3175 Christus,
1973 3114 2019 3167 si

452 3199 536 3254 his
564 3202 892 3257 consulibus
922 3203 1206 3258 acciderit.
1240 3200 1335 3256 Sin
1364 3211 1468 3270 est,
1498 3213 1556 3257 ut
1584 3204 2020 3259 Christianorum

449 3295 722 3353 veterum,
770 3291 1114 3361 aliorumque
1166 3308 1341 3356 more,
1387 3308 1560 3348 annos
1615 3293 1820 3349 Tiberii
1858 3309 1888 3348 a
1918 3294 2023 3348 Pa—

450 3380 627 3434 schali
655 3397 846 3438 mense
878 3383 1230 3438 antecedente
1261 3384 1490 3454 cmperit
1526 3385 1853 3454 Africanus;
1883 3387 2023 3442 idem

454 3489 632 3531 annus
668 3493 756 3530 XVI
808 3475 1011 3531 Tiberii
1049 3478 1259 3532 censeri
1293 3478 1488 3548 potuit.
1539 3476 1644 3532 Sed
1686 3493 1810 3532 cum
1850 3478 2024 3549 olym-

455 3566 633 3636 piadis
685 3568 792 3624 202
849 3584 1027 3624 annus
1075 3570 1349 3627 secundus
1408 3570 1698 3626 inchoatus
1755 3571 1826 3627 sit
1881 3587 2024 3626 anno

451 3656 654 3713 Christi
696 3659 788 3722 50,
841 3669 896 3712 et
944 3659 1010 3713 ad
1040 3668 1284 3715 aestatem
1332 3676 1514 3730 usque
1552 3662 1833 3730 sequentis
1891 3662 2020 3715 auni

453 3757 789 3818 propagatus
832 3748 1032 3815 fuerit;
1081 3764 1309 3806 necesse
1325 3751 1421 3805 'est
1449 3765 1594 3804 anno
1623 3766 1745 3805 mra:
1780 3766 2024 3804 commu-

453 3838 540 3892 nis
569 3838 659 3901 50,
695 3838 779 3891 vel
815 3837 878 3891 51
918 3853 1141 3906 passum
1173 3839 1281 3893 dici
1320 3840 1387 3894 ab
1418 3840 1677 3896 Africano
1709 3840 2022 3910 Christum;

456 3935 615 3996 prout
642 3941 847 3980 annum
889 3925 1093 3982 Tiberii
1124 3945 1237 3992 xw,
1268 3937 1363 3983 aut
1391 3930 1658 3985 labentem
1691 3931 2020 3996 adhibuerit,

453 4022 552 4067 aut
582 4029 611 4067 a
643 4013 894 4069 Paschali
939 4031 1128 4073 mense
1156 4020 1516 4088 praeverterit.
1554 4018 1610 4075 Si
1645 4037 1790 4076 anno
1824 4020 2023 4093 Diany-

455 4104 612 4159 siano
659 4104 728 4159 50
759 4103 1038 4160 Christum
1081 4108 1254 4162 voluit
1293 4125 1416 4165 esse
1455 4125 1676 4180 passum
1702 4151 1718 4176 ,
1764 4111 2022 4167 lncarna-

454 4193 652 4248 tionem
688 4209 910 4250 nccesse
931 4203 1017 4250 est
1043 4195 1120 4250 ab
1140 4197 1332 4252 eodem
1363 4198 1596 4253 locatam
1634 4216 1757 4257 esse
1793 4204 1850 4256 in
1875 4217 2020 4258 anno

454 4285 660 4354 periodi
704 4283 938 4342 Iuliana:
981 4287 1144 4354 4715,
1182 4303 1292 4342 uno
1337 4305 1481 4343 anno
1512 4299 1639 4346 ante
1675 4308 2019 4349 communem

451 4390 638 4439 teram,
689 4384 749 4430 ut
783 4377 1052 4447 hodieque
1096 4379 1340 4448 ponitur.
1377 4378 1471 4434 Sin
1521 4396 1666 4436 anno
1712 4382 1918 4438 Christi
1951 4385 2012 4438 51

2118 547 2304 601 mundi
2348 548 2488 601 5550
2541 555 2794 606 exeunte,
2830 560 2990 614 quem
3047 544 3180 598 5551
3241 545 3413 613 Aprili
3471 545 3668 601 circiter

2115 639 2364 707 excepit;
2425 653 2645 706 passum
2696 635 2932 705 denique
2982 651 3126 689 anno
3175 636 3366 690 mundi
3409 635 3670 690 desinente

2117 729 2277 792 555i,
2327 738 2592 797 sequente
2638 727 2778 782 5552
2820 743 2849 780 a
2893 725 3182 790 Paschate,
3223 727 3308 781 vel
3341 726 3512 795 Aprili
3558 728 3670 780 anni

2118 821 2324 876 Christi
2372 822 2678 875 communis
2723 819 2813 883 50,
2845 819 3053 875 Tiberii
3104 834 3216 883 xvi,
3267 827 3323 872 et
3371 819 3671 889 Olympiadis

2117 925 2222 964 ccu
2274 925 2418 964 anno
2466 909 2707 964 secundo
2755 909 2996 962 nondum
3043 907 3111 962 ab
3153 907 3361 962 estivis
3411 907 3672 962 mensibus

2119 1001 2410 1066 inchoato;
2450 1001 2544 1054 sed
2574 1000 2714 1053 κατὰ
2757 1000 3025 1071 πρόληψιν
3066 1015 3096 1054 a
3136 997 3425 1062 Januario,
3463 1010 3555 1052 aut
3581 999 3672 1052 aiio

2119 1094 2376 1164 quopiam
2421 1094 2578 1147 initio
2607 1094 2884 1164 popularis
2915 1092 3066 1155 anni,
3099 1106 3210 1162 quo
3239 1106 3378 1145 usus
3420 1101 3505 1144 est
3550 1090 3675 1144 Afri.

2121 1199 2313 1239 canus.
2358 1183 2574 1240 Scimus
2603 1185 2746 1240 enim
2780 1184 3121 1256 olympiadas
3161 1198 3582 1252 nonnunquam,
3609 1191 3675 1246 et,

2121 1279 2266 1349 quod
2310 1292 2655 1347 consequens
2686 1287 2790 1344 est,
2821 1278 3140 1348 olympiacae
3187 1275 3559 1331 tetraeteridis
3598 1289 3658 1328 an

2123 1386 2224 1427 nos
2253 1387 2362 1424 non
2394 1371 2464 1424 ab
2496 1370 2614 1440 ipso
2646 1380 2896 1440 tempore
2923 1385 3178 1440 agonum,
3216 1368 3312 1422 sed
3358 1383 3390 1421 a
3443 1368 3679 1437 populari

2123 1463 2400 1517 civitatum
2435 1476 2658 1516 suarum
2706 1461 2931 1515 exordio
2963 1476 2994 1514 a
3047 1461 3327 1531 plerisque
3369 1460 3675 1513 numerari:

2124 1554 2201 1608 ita
2228 1562 2288 1607 ut
2317 1555 2369 1607 in
2404 1569 2671 1608 annorum
2695 1555 2878 1608 exitus
2901 1552 3012 1606 ludi
3039 1553 3142 1622 ipsi
3175 1559 3589 1606 concurrerent.
3616 1547 3681 1604 Ita

2127 1661 2303 1702 annus
2352 1647 2542 1700 mundi
2573 1645 2734 1709 5725,
2784 1647 2900 1700 sive
2930 1645 2997 1698 ab
3025 1643 3411 1699 lncarnatione
3440 1643 3566 1708 225,
3593 1645 3682 1698 erit

2127 1734 2435 1789 communis
2466 1749 2587 1788 aera
2614 1733 2740 1794 221,
2769 1740 2823 1788 et
2848 1733 3125 1802 Alagabali
3158 1733 3380 1787 tertius.

2057 1805 2114 1858 Β·
2196 1823 2461 1888 Quocirca
2492 1823 2585 1894 qui
2615 1823 2932 1876 Africanum
2961 1822 3205 1877 referunt
3239 1825 3554 1892 passionem
3589 1822 3680 1877 Do-

2124 1913 2257 1966 mini
2312 1927 2456 1966 anno
2513 1912 2706 1966 Adami
2751 1911 2924 1976 5551,
2975 1913 3382 1967 lncarnationis
3428 1913 3491 1967 5t
3545 1915 3680 1966 attri-

2125 2003 2331 2066 buisse,
2361 2003 2427 2057 de
2449 2003 2607 2057 annis
2631 2003 3008 2058 desinentibus
3043 2003 3349 2071 intelligere
3376 2003 3678 2058 debuerunt.

2124 2091 2257 2144 Nam
2289 2092 2617 2159 baptismum
2664 2094 2732 2146 ab
2781 2108 2846 2148 eo
2893 2094 3150 2147 collatum
3183 2109 3309 2148 esse
3350 2094 3408 2148 in
3442 2095 3680 2149 consula-

2123 2193 2240 2238 tum
2302 2183 2652 2238 Geminorum
2704 2185 3000 2240 verisimile
3020 2193 3046 2250 :f
3064 2193 3180 2251 est;
3234 2201 3364 2240 cum
3433 2202 3500 2242 ex
3553 2186 3680 2240 Luca

2124 2285 2336 2331 constet
2366 2291 2510 2330 anno
2559 2292 2629 2329 xv
2674 2274 2878 2331 Tiberii
2911 2276 3059 2330 istud
3086 2277 3377 2343 evenisse;
3416 2285 3509 2331 aut
3538 2278 3600 2341 si,
3630 2286 3679 2330 ut

2124 2365 2481 2436 Epiphanius,
2515 2377 2569 2422 et
2613 2369 2702 2421 alii
2731 2369 2974 2438 quidam,
3016 2365 3310 2423 Novembri
3350 2385 3556 2431 mense,
3587 2384 3678 2423 non

2125 2467 2280 2514 sexto
2298 2457 2563 2524 Januarii,
2590 2459 2654 2512 ad
2680 2460 3008 2530 baptismum
3035 2461 3255 2516 venisse
3278 2460 3532 2526 credidit,
3555 2476 3676 2514 anno

2124 2550 2433 2604 communis
2461 2564 2582 2603 aera:
2613 2567 2815 2616 xxviii;
2869 2561 3015 2605 certe
3067 2551 3196 2604 hinc
3254 2552 3323 2606 ad
3383 2553 3675 2622 passionem

2125 2642 2333 2696 solidus
2364 2635 2541 2697 annus
2572 2643 2927 2713 interpositus
2955 2652 3218 2708 est,-cum
3266 2660 3475 2698 annum
3507 2647 3674 2700 saltem

2123 2749 2290 2786 unum
2321 2736 2386 2803 τῇ
2419 2733 2652 2804 ,κηρύξει
2685 2733 2975 2788 Africanus
3014 2734 3388 2803 imputaverit.
3429 2736 3606 2804 Atqui,
3635 2736 3672 2788 si

2123 2825 2443 2879 consulibus
2485 2825 2620 2898 ipsis
2651 2824 2892 2881 Geminis
2934 2825 3129 2880 Martio
3161 2843 3357 2884 mense
3384 2845 3575 2900 passus
3609 2829 3677 2884 lo-

2122 2923 2227 2977 ret,
2251 2925 2361 2970 tres
2391 2917 2459 2970 ab
2489 2915 2771 2982 Januario,
2799 2918 2881 2972 vel
2914 2933 2941 2970 a
2971 2917 3264 2973 Novembri
3297 2923 3539 2992 quinque
3566 2922 3678 2976 dun-

2123 3013 2272 3060 taxat
2301 3022 2520 3062 menses
2545 3007 2746 3064 Christi
2779 3009 3094 3079 pmdicatio
3122 3018 3357 3066 teneret.
3384 3013 3540 3081 Quod
3559 3014 3679 3069 Alri-

2123 3111 2320 3152 canum
2359 3100 2598 3155 sensisse
2628 3115 2736 3154 non
2769 3102 3025 3156 arbitror.

2049 3153 2096 3214 δ
2197 3189 2304 3244 Sed
2332 3153 2441 3246 duo
2643 3153 3110 3248 inﬂilloiltlricani
3153 3196 3402 3263 calculo,
3430 3216 3582 3269 quem
3622 3216 3675 3254 es

2121 3281 2316 3337 Photio
2382 3293 2438 3339 et
2503 3283 2738 3356 Georgio
2806 3287 3128 3352 retulimus,
3219 3290 3678 3347 animadversione

2122 3373 2327 3444 digna:
2363 3375 2594 3431 alterum
2637 3377 2782 3446 quod
2830 3375 3060 3433 Photius
3113 3380 3330 3446 scribit,
3380 3382 3676 3437 Africanum

2121 3465 2187 3518 ad
2219 3464 2447 3521 Macrini
2471 3468 2756 3537 imperium
2791 3483 2930 3538 opus
2957 3484 3116 3523 suum
3149 3469 3500 3540 perduxisse,
3530 3489 3679 3527 anno-

2122 3571 2243 3609 rum
2270 3557 2408 3611 5725
2434 3556 2714 3612 historiam
2738 3558 3115 3627 complexum;
3149 3561 3481 3617 mendosum
3508 3565 3676 3624 videri,

2122 3664 2186 3704 ac
2225 3664 2322 3719 pro
2359 3650 2640 3721 Μακρίνου
2692 3649 2977 3718 legendum
3018 3649 3089 3704 Η.
3134 3652 3484 3710 Ἀντωνίνου.
3520 3656 3679 3723 Quan-

2121 3757 2283 3813 quam
2313 3750 2367 3798 et
2412 3743 2558 3797 aliud
2591 3743 2947 3808 occurrebat;
2995 3742 3320 3801 Africanum
3359 3747 3679 3804 Stadionicas

2121 3851 2231 3888 non
2286 3835 2428 3888 ultra
2472 3833 2832 3905 Olympiadem
2877 3834 2984 3888 248
3032 3835 3088 3888 in
3119 3837 3366 3893 archivis
3399 3840 3678 3896 Athenien-

2121 3926 2264 3980 sium
2308 3924 2604 3986 invenisse,
2638 3941 2758 3994 quae
2803 3923 3070 3995 Olympias
3114 3925 3185 3978 ad
3236 3941 3446 3982 annum
3498 3928 3677 3984 Christi

2119 4017 2245 4082 217,
2276 4024 2329 4072 et
2356 4016 2584 4071 Macrini
2613 4017 2899 4086 imperium
2928 4017 3274 4086 extenditur;
3303 4027 3489 4077 tamen
3521 4035 3678 4076 rerum

2121 4116 2393 4179 gestarum
2434 4109 2754 4162 memoriam
2802 4109 2866 4162 ad
2922 4124 3096 4165 annos
3144 4120 3412 4180 praeterea
3463 4115 3682 4184 quinun

2118 4215 2470 4272 propagasse,
2500 4201 2552 4256 id
2586 4210 2668 4257 est
2695 4202 2759 4256 ad
2791 4218 2993 4257 annum
3026 4202 3231 4260 Christi
3265 4205 3364 4258 221
3402 4224 3418 4272 ;
3449 4207 3675 4260 Photium

2120 4308 2246 4347 vero
2267 4292 2517 4348 eumdem
2546 4293 2789 4348 historia:
2817 4295 3107 4348 terminum
3137 4302 3387 4364 putasse,
3413 4299 3506 4366 qui
3528 4299 3678 4367 olym-

2121 4385 2459 4456 pionicarum
2491 4394 2627 4440 erat.
2661 4383 2794 4440 Vide
2825 4402 2944 4456 quze
2976 4385 3070 4439 XII
3101 4386 3179 4440 De.
3217 4387 3470 4442 doctrina
3502 4399 3675 4456 tempo-

452 4470 760 4538 passionem
803 4471 1132 4540 assignavit,
1173 4471 1390 4527 Tiberio
1436 4490 1470 4526 v
1517 4483 1570 4529 et
1615 4474 1814 4544 Seiano
1845 4491 2016 4541 coss.,
2051 4497 2097 4554 ι)
2125 4494 2263 4540 rum,
2295 4494 2416 4549 cap.
2451 4477 2542 4533 XL
2569 4479 2827 4534 diximus.

451 4557 613 4624 plane
643 4566 702 4610 ut
734 4555 1094 4627 Epiphanius,
1125 4559 1327 4628 aliique
1352 4569 1565 4618 veteres
1589 4564 1837 4618 arbitrati
1871 4575 2018 4631 sunt,

452 4646 762 4702 lncarnatio
793 4657 1058 4720 congruet
1114 4649 1170 4703 in
1219 4665 1421 4705 annum
1451 4654 1686 4723 primum
1715 4671 1837 4711 tera:
1863 4657 2021 4712 Chri-

453 4738 671 4805 stianae;
702 4739 891 4795 itidem
920 4748 978 4794 ut
1005 4739 1318 4805 Panodoro,
1351 4758 1416 4798 ac
1448 4744 1654 4799 Graecis
1679 4745 2019 4818 iLatinisque

451 4830 798 4899 computistis
844 4831 1116 4900 placuisse
1161 4834 1435 4888 novimus.
1495 4835 1601 4889 Sed
1654 4835 1757 4891 hac
1807 4839 2020 4894 ratione

452 4934 628 4975 annus
661 4921 845 4975 mundi
873 4922 1014 4977 5725
1037 4964 1054 4989 ,
1109 4923 1206 4994 qui
1235 4925 1304 4980 ab
1337 4924 1712 4982 lncarnatione
1752 4927 1912 4983 debet
1951 4944 2018 4984 ex

453 5011 693 5067 Africani
722 5013 934 5068 calculo
959 5029 1083 5069 esse
1109 5014 1234 5079 225,
1264 5017 1368 5071 erit
1398 5019 1704 5074 communis
1735 5035 1856 5074 serae
1881 5019 2014 5088 225;

453 5117 562 5170 quo
591 5118 792 5157 annum
831 5103 1044 5172 imperii
1077 5107 1376 5161 secundum
1412 5108 1718 5163 Alexander
1744 5109 2018 5166 ﬂammea:

457 5193 598 5248 ﬁlius
657 5195 981 5251 inchoavit:
1028 5212 1150 5251 cum
1202 5206 1384 5253 tamen
1434 5199 1693 5254 Antonini
1737 5201 2016 5272 Alagabali

456 5286 673 5338 tertium
725 5288 984 5344 incidisse
1027 5291 1082 5344 in
1128 5305 1332 5344 annum
1371 5291 1528 5346 illum
1577 5293 1764 5348 mundi
1814 5293 2018 5351 diserte

456 5376 739 5446 scripserit
761 5378 1071 5436 Africanus.

528 5473 666 5538 Mea,
699 5482 760 5527 ut
801 5475 854 5528 in
887 5477 1110 5545 ancipiti
1141 5493 1204 5533 ac
1248 5479 1503 5548 perplexa
1532 5484 1849 5551 quaestio-ne,
1881 5498 2016 5539 con-

452 5563 666 5632 jectura
699 5573 803 5629 est,
836 5565 1134 5635 Christum,
1167 5586 1232 5625 ex
1261 5571 1507 5625 Africani
1538 5575 1813 5643 Opinione,
1840 5577 2018 5632 incar-

458 5662 644 5709 natum
699 5673 820 5712 esse
869 5673 1013 5712 anno
1062 5661 1268 5729 periodi
1318 5661 1543 5718 Iuliana;
1591 5665 1750 5728 4712,
1799 5667 2017 5722 biennio

461 5755 586 5802 ante
630 5763 972 5805 communem
1018 5767 1214 5820 aerum;
1269 5755 1455 5810 mundi
1487 5756 1648 5823 5501,
1681 5759 2009 5827 baptizatum

2192 4568 2436 4622 Alterum
2491 4579 2603 4632 est,
2653 4569 2796 4624 haud
2855 4569 2988 4626 satis
3043 4569 3259 4624 ﬁrmum
3314 4580 3673 4642 argumentum

2121 4673 2244 4714 esse
2276 4674 2436 4719 nova:
2459 4659 2857 4730 chronologim;
2889 4677 3008 4731 quae
3049 4677 3117 4716 ex
3159 4662 3254 4716 illo
3298 4662 3545 4717 Africani
3577 4663 3676 4716 loco

2121 4752 2400 4806 concludit
2456 4756 2696 4824 quinque
2753 4770 3021 4808 annorum
3083 4755 3258 4810 labem
3315 4756 3375 4810 in
3429 4755 3674 4810 Romanas

2122 4843 2295 4898 fastos
2332 4849 2385 4898 et
2428 4845 2655 4901 annales
2685 4846 2992 4916 irrepsisse,
3029 4861 3093 4901 ac
3127 4847 3360 4901 totidem
3396 4849 3675 4919 superﬂuos

2121 4935 2176 4989 in
2204 4933 2272 4990 iis
2315 4951 2458 4992 esse.
2491 4933 2586 4990 Vis
2619 4942 2702 4990 est
2733 4937 3221 5006 argumentationis
3251 4937 3543 5003 ejusmodi.
3582 4938 3675 4988 An-

2120 5044 2223 5084 nus
2250 5027 2496 5083 Al'ricani
2527 5028 2667 5085 5725
2693 5038 2776 5083 est
2804 5045 2926 5084 aera;
2956 5028 3161 5084 Christi
3208 5029 3337 5093 221,
3372 5029 3574 5100 periodi
3601 5025 3675 5080 Ju-

2119 5119 2279 5173 l'ianae
2301 5119 2461 5181 4954,
2486 5134 2595 5190 quo
2622 5121 2877 5174 consules
2907 5119 3056 5176 fuere
3092 5120 3298 5175 Gratus
3327 5129 3383 5176 et
3416 5120 3673 5174 Seleucus.

2120 5212 2234 5267 Hoc
2267 5228 2396 5268 vero
2425 5229 2522 5282 par
2555 5213 2840 5267 consulum
2871 5213 2948 5265 ait
2977 5215 3046 5267 ab
3087 5214 3298 5268 exactis
3331 5214 3550 5284 regibus
3569 5222 3676 5264 esse

2119 5304 2665 5374 septingentesimum
2732 5303 3053 5358 vicesimum
3126 5304 3408 5372 quintum.
3482 5299 3674 5356 Additis

2118 5411 2248 5466 ergo
2297 5410 2483 5465 regum
2531 5395 2689 5448 annis
2732 5394 2838 5447 245
2877 5393 2941 5446 ad
2975 5393 3118 5456 725,.
3145 5393 3284 5447 fiunt
3331 5394 3464 5448 anni
3509 5391 3673 5452 968,e

2119 5487 2318 5556 quibus
2351 5484 2598 5538 deductis
2627 5483 2752 5545 221,
2787 5490 2959 5538 restat
2992 5498 3171 5537 annus
3203 5482 3373 5538 Urbis
3409 5483 3506 5536 747
3537 5501 3549 5534 :
3581 5492 3672 5548 quo

2117 5577 2370 5632 Christus
2417 5593 2482 5632 ex
2527 5575 2833 5631 communis
2876 5589 2999 5629 εει-τε
3024 5575 3330 5630 ratiociniis
3379 5582 3531 5628 ortus
3570 5579 3669 5632 est;

2117 5669 2492 5739 quinquennio
2522 5669 2674 5738 prius
2701 5682 2862 5737 quam
2901 5667 3065 5736 vulgo
3094 5664 3325 5729 feratur,
3360 5667 3471 5719 imo
3497 5678 3670 5718 sexen-

2121 5763 2231 5817 nio.
2265 5760 2434 5817 Natus
2464 5761 2621 5816 enim
2651 5760 2869 5828 ponitur
2915 5773 3058 5812 anno
3092 5755 3257 5814 Urbis
3296 5758 3529 5813 conditae
3554 5751 3666 5808 753-.
