3808 6348
160 334 295 389 1305

1136 336 1594 394 DISSERTA’I‘IO
1633 337 1726 392 ne
1754 313 2167 395 eamcouuii
2204 339 2406 396 mus.

3191 397 3193 399 .
3261 344 3391 402 two

161 452 362 507 Verum
395 451 691 509 Africanus
719 454 781 509 in.
815 455 1136 512 consulibus
1164 458 1278 511 sive
1317 456 1728 526 magistratibus
1756 465 1801 519 Α
1829 464 1937 512 cta.
1997 455 2330 527 Theophilus
2379 455 2777 513 Alexandrinus
2829 459 3114 530 episcopus
3165 465 3397 531 pascha-

156 544 357 600 annuis
406 547 794 610 numerandis,
841 562 938 603 eos
982 563 1155 602 annos
1211 550 1467 614 exclusit,
1522 549 1724 618 quibus

156 635 293 690 nulli
342 637 605 692 consules
654 636 878 691 luerunt
910 657 924 693 :
961 640 1052 709 qui
1083 640 1300 710 quidem
1334 640 1387 693 iu
1421 637 1598 695 Fastis
1637 639 1724 693 in-

154 727 389 797 signiter
418 729 660 799 quinque
699 738 960 784 notantur
991 731 1067 784 ab.
1104 746 1246 784 anno
1289 729 1454 785 Urbis
1493 731 1596 786 578
1653 731 1723 786 ad

153 832 357 873 annum
378 820 514 887 382;
533 821 730 890 quibus
747 823 1064 876 continuum
1082 823 1472 892 interregnum,
1493 832 1544 877 et
1562 823 1724 894 ἀναρ-

151 909 243 979 χία
273 912 507 966 exstitit.
550 911 664 968 Mos
701 921 784 968 est
829 921 1006 968 autem
1038 914 1312 983 plerisque
1359 915 1721 984 scriptoribus

150 1003 204 1055 in
251 1018 561 1057 armuorum
612 1004 1027 1074 magistratuum
1077 1012 1169 1059 aut
1213 1019 1402 1074 regum
1455 1005 1719 1076 tempori-

149 1094 255 1148 bus
305 1095 729 1165 percensendis,
785 1113 880 1152 eos
939 1113 1114 1155 annos
1177 1099 1462 1163 omittere,
1521 1099 1719 1168 quibus

146 1187 288 1244 nulli
318 1187 543 1242 fuerunt
569 1207 584 1242 ε
612 1189 754 1258 quod
786 1203 815 1242 a
843 1189 1165 1259 quibusdam
1195 1189 1470 1245 veteribus
1513 1189 1568 1244 in
1610 1189 1721 1244 Ro-

146 1279 329 1334 manis
349 1278 661 1348 digerendis
695 1281 985 1336 annalibus
1004 1283 1351 1336 observatum
1381 1297 1502 1337 esse
1531 1282 1720 1352 dispu-

145 1379 228 1422 tat
274 1368 614 1440 Onuphrius,
651 1387 774 1425 cum
823 1372 891 1427 de
933 1373 1195 1428 varietate
1229 1376 1718 1444 computandorum

145 1460 317 1517 Urbis
356 1477 624 1516 annorum
655 1463 899 1519 disserit.

212 1573 504 1629 Postremo
536 1590 637 1630 nec
680 1575 812 1630 illud
863 1577 1178 1643 omiserim,
1219 1578 1370 1649 quod
1409 1594 1474 1634 ex
1519 1579 1716 1635 Photio

139 1675 195 1721 et
230 1665 472 1720 Eusebio
497 1675 712 1722 constat
740 1669 796 1722 in
831 1667 1107 1733 Chronico,
1138 1671 1335 1740 duplex
1360 1672 1426 1725 ab
1456 1672 1714 1726 Africano

139 1770 281 1825 opus
333 1758 749 1825 elucubratum;
808 1775 1039 1828 quorum
1098 1763 1329 1817 alterum
1390 1764 1711 1819 historicum
1745 1799 1786 1852 Β

140 1846 244 1901 fuit
289 1849 347 1902 in
401 1850 642 1920 quinque
701 1852 867 1908 libros
915 1853 1207 1923 partitum,
1264 1861 1318 1909 et
1383 1856 1451 1910 ad
1509 1871 1709 1909 annum

140 1941 361 1995 tertium
432 1943 749 2013 Alagabali,
827 1945 1016 2000 mundi
1078 1946 1258 2010 5725,
1320 1948 1642 2016 perductum
1691 1965 1706 2002 :

137 2031 209 2086 de
234 2049 347 2102 quo
379 2034 646 2090 hactenus
697 2036 865 2090 locuti
906 2053 1118 2101 sumus,
1157 2037 1387 2091 alterum
1429 2037 1574 2106 quod
1603 2039 1711 2089 Κε-

139 2124 298 2186 στοὺς
347 2123 633 2194 inscripsit
669 2127 722 2179 in
756 2126 929 2182 libros
956 2126 1074 2180 XIV
1112 2128 1406 2198 digestum.
1443 2126 1708 2182 Eusebius

137 2229 264 2268 vero
301 2212 320 2266 Ι
361 2213 562 2269 Chron.
588 2230 779 2270 novem
814 2217 984 2271 libros
1015 2224 1288 2272 numerat.
1325 2217 1496 2285 Cujus
1525 2216 1707 2286 operis

136 2315 523 2374 argumentum
569 2305 852 2375 multiplex
900 2305 1023 2360 fuit.
1071 2307 1209 2361 Nam
1255 2308 1324 2362 de
1365 2307 1588 2361 medicis
1621 2322 1704 2360 rc-

133 2401 255 2462 bus,
280 2399 553 2470 physicis,
585 2399 832 2464 rusticis,
864 2400 1130 2470 chymicis
1152 2401 1335 2465 etiam,
1371 2400 1438 2454 iis
1470 2401 1522 2452 in
1552 2399 1707 2454 libris

131 2495 393 2546 tractavit
427 2511 440 2545 :
477 2507 596 2562 qua:
647 2493 806 2546 ambo
856 2491 1102 2561 ejusdem
1147 2491 1391 2544 Africani
1444 2500 1593 2554 sunt,
1646 2496 1705 2542 ut

131 2591 370 2638 testatur
396 2583 628 2637 Photius
647 2623 661 2646 ,
692 2599 801 2638 non
830 2592 889 2638 ut
925 2583 1204 2653 Scaligero
1233 2584 1406 2637 visum
1435 2590 1556 2645 est,
1607 2582 1703 2652 qui

133 2683 389 2729 auctores
441 2675 716 2730 immerito
767 2674 1034 2728 distinxit.
1091 2674 1276 2744 Itaque
1319 2675 1516 2727 Κεστοὶ
1564 2673 1703 2727 nihil

131 2765 195 2817 ad
247 2765 666 2835 chronologiam
718 2764 1054 2831 attinebant;
1091 2774 1280 2820 contra
1332 2780 1493 2834 quam
1544 2764 1704 2820 nobis

131 2856 413 2911 exciderat
465 2857 558 2909 lib.
613 2855 709 2910 XII
757 2856 835 2910 De
897 2857 1140 2910 doctrina
1194 2867 1518 2925 temporum,
1580 2871 1700 2925 cap.

127 2946 286 3009 XLII,
325 2947 422 3001 tibi
451 2947 689 3010 Κεστοὺς
718 2961 843 3001 cum
880 2946 1216 3019 πενταὸίὸλῳ
1245 2948 1472 3002 historia
1510 2944 1702 3002 conlu-

127 3041 334 3095 dhnus.

733 3193 961 3250 CAPUT
1007 3193 1097 3250 III.

125 3309 200 3362 De
219 3308 532 3362 ercorum
560 3306 702 3368 aeris,
719 3314 973 3376 quatenus
1001 3304 1254 3376 methodis
1271 3305 1629 3373 paschalibus,
1648 3316 1702 3361 et

191 3378 356 3449 cyclis
381 3377 669 3446 implicata:
691 3385 834 3429 sunt.
869 3375 1138 3449 Panodori
1160 3377 1701 3449 computus_i_llustra-

191 3445 300 3502 tur.
331 3449 412 3500 Ab
460 3445 520 3500 eo
557 3455 875 3516 propagatus
912 3455 989 3502 est
1050 3447 1184 3500 alter
1221 3461 1370 3516 quem
1425 3445 1700 3501 Maximus

193 3519 434 3573 adhibet.

192 3631 479 3688 Hactenus
512 3646 692 3686 meras
722 3646 994 3687 annorum
1018 3645 1262 3686 summas
1292 3629 1365 3684 ab
1405 3631 1536 3686 orbe
1563 3646 1700 3686 con-

123 3726 240 3781 dito
292 3725 421 3780 sine
463 3723 572 3778 ulla
611 3724 911 3794 cyclorum,
947 3724 1027 3778 uti
1062 3723 1269 3779 dictum
1305 3734 1410 3786 est,
1445 3723 1702 3779 methodo

121 3817 529 3874 subducebant.
565 3813 784 3879 Postea,
811 3830 935 3871 cum
960 3816 1073 3886 jam
1120 3830 1253 3872 usus
1284 3816 1502 3870 artilicii
1539 3815 1702 3870 istius

118 3911 234 3964 fere
292 3908 349 3962 in
403 3905 653 3959 Ecclesia
699 3907 991 3975 cepisset,
1044 3905 1250 3974 placuit
1293 3920 1468 3960 annos
1510 3904 1701 3959 mundi

118 4003 198 4054 sic
230 3998 301 4052 ad
334 3995 590 4053 eumdem
622 4004 827 4066 aptare,
882 4004 942 4050 ut
992 3995 1168 4051 divisa
1201 4012 1415 4052 summa
1463 4011 1558 4065 per
1609 4011 1701 4066 cy-

115 4094 334 4146 clorum
386 4087 695 4158 periodum,
748 4087 1003 4158 proprius
1031 4086 1159 4140 anni
1199 4086 1468 4156 cujusque
1512 4087 1700 4156 cyclus

113 4186 441 4240 exsisteret.
467 4180 638 4247 Quem
673 4182 729 4234 in
763 4181 923 4234 linem
959 4179 1156 4252 partim
1193 4192 1461 4232 annorum
1493 4177 1702 4247 aliquot

113 4275 462 4333 detractione
505 4274 590 4326 vel
641 4272 947 4336 additione,
993 4270 1204 4340 priores
1249 4276 1538 4337 computos
1597 4267 1701 4323 im-

115 4370 448 4430 mutarunt;
505 4363 697 4432 partim
748 4362 816 4416 iis
858 4361 1107 4424 retentis,
1154 4358 1589 4413 Incarnationem
1634 4371 1698 4411 ac

1825 549 1929 601 lem
1988 549 2195 619 cyclum
2241 548 2475 603 instituit
2526 564 2791 604 annorum
2842 566 3175 616 ccccxsxvu,
3233 556 3392 623 cujus

1823 644 2038 693 centum
2101 639 2310 708 priores
2377 656 2549 695 annos
2605 642 2914 710 descripsit,
2971 659 3131 699 orsus
3184 659 3212 697 a
3261 660 3392 698 con-

1822 729 2001 783 sulatu
2062 727 2304 783 Gratiani
2347 747 2380 785 v
2443 740 2497 786 et
2559 731 2848 787 Theodosii
2900 734 3102 804 impp.,
3157 738 3250 804 qui
3304 743 3390 788 est

1823 834 1999 874 annus
2025 835 2147 874 mra
2175 821 2506 877 Christianae
2541 837 2806 889 cccuxx,
2839 825 2994 894 cyclo
3037 826 3175 878 luna:
3201 825 3243 878 Ι.
3289 825 3390 879 Hic

1821 927 1997 969 annus
2041 929 2106 968 ex
2142 913 2384 969 Africani
2428 917 2637 971 calculo
2682 917 2976 986 putabatur
3019 917 3087 971 ab
3136 919 3390 970 Incarna-

1821 1006 1970 1060 tione
2018 1021 2326 1069 cccuxxu,
2362 1008 2430 1061 ab
2469 1007 2677 1062 Adamo
2719 1009 2860 1064 5882
2901 1009 3016 1075 (lib.
3060 1024 3097 1061 ιι
3136 1007 3221 1062 De
3242 1008 3384 1062 door.

1820 1104 2001 1166 temp.,
2036 1112 2157 1168 cap.
2195 1095 2401 1168 LXIX).
2440 1096 2641 1152 Divisis
2672 1098 2812 1152 5882
2836 1113 2934 1166 per
2969 1098 3036 1152 I9
3062 1098 3384 1167 relinquun-

1819 1196 1910 1242 tur
1941 1188 2004 1252 lI,
2037 1189 2188 1259 atqui
2216 1189 2236 1241 l
2268 1189 2548 1244 residuum
2581 1205 2702 1244 esse
2731 1189 2969 1244 methodi
2997 1190 3270 1260 paschalis
3301 1192 3385 1246 in-

1818 1290 2040 1337 tererat.
2075 1282 2397 1338 Panodorus
2433 1299 2562 1354 ergo
2603 1283 2788 1338 decem
2823 1283 3100 1350 detractis,
3134 1284 3382 1339 eumdem

1818 1372 1971 1426 illum
2030 1388 2235 1426 annum
2285 1373 2595 1427 numeravit
2647 1374 2715 1427 ab
2765 1374 2896 1429 orbe
2953 1374 3173 1428 condito
3218 1372 3378 1435 5872',

1817 1463 2015 1533 quibus
2042 1481 2136 1533 per
2173 1465 2239 1517 19
2266 1465 2501 1534 partitis,
2531 1464 2718 1534 cyclus
2747 1466 2834 1518 ille
2865 1465 3004 1518 luna:
3030 1466 3256 1534 primus.
3287 1465 3380 1534 qni

1817 1555 2182 1624 quaerebatur,
2228 1557 2464 1610 exsistit.
2517 1553 2784 1611 Praaterea
2829 1555 3260 1611 lncarnationem
3315 1571 3380 1610 ac

1815 1645 2056 1701 Natalem
2104 1647 2302 1700 Christi
2335 1647 2552 1702 biennio
2583 1646 2841 1701 subduxit
2878 1648 2946 1702 ab
2971 1647 3210 1701 Africani
3238 1662 3373 1716 epo-

1815 1738 1952 1803 cha;
1988 1745 2042 1792 et
2072 1739 2126 1791 in
2159 1753 2361 1792 annum
2393 1739 2617 1808 redegit,
2648 1743 2740 1809 qui
2780 1740 3192 1793 trecentesimus
3221 1748 3378 1792 octo-

1812 1830 2051 1900 gesimus
2072 1836 2219 1884 retro
2240 1830 2533 1898 putabatur
2556 1830 2625 1883 ab
2653 1830 2876 1884 exordio
2905 1830 3042 1900 cycli
3067 1829 3374 1898 'l‘he0phili.

1813 1919 1870 1974 Si
1902 1935 2080 1975 annus
2115 1919 2256 1974 5872
2301 1919 2486 1973 mundi
2539 1919 2957 1974 trecentesimus
3007 1919 3376 1988 octogesimus

1810 2009 2086 2064 secundus
2117 2009 2406 2064 haberetur
2449 2009 2517 2062 ab
2551 2009 2832 2062 incarnato
2879 2008 3125 2069 Domino,
3162 2009 3378 2063 caderet

1808 2097 2116 2154 lncarnatio
2146 2100 2202 2153 in
2246 2114 2448 2153 annum
2495 2101 2564 2154 ab
2611 2099 2818 2153 Adamn
2847 2099 3004 2154 5691.
3058 2099 3376 2154 Panodorus

1808 2199 1990 2245 autem
2021 2206 2143 2245 eum
2176 2206 2379 2244 annum
2408 2191 2618 2260 putavit
2653 2191 2811 2246 5493.
2844 2189 3010 2260 Igitur
3035 2191 3246 2261 primus
3277 2206 3378 2244 an-

1809 2299 1910 2336 nus
1937 2283 2073 2353 cycli
2117 2281 2425 2350 Theophili,
2456 2297 2578 2335 aera:
2609 2281 3005 2336 Incarnationis
3032 2283 3101 2338 ab
3131 2283 3222 2336 illo
3267 2299 3374 2336 nu-

1807 2378 2046 2426 meratus
2095 2379 2180 2425 est
2221 2371 2640 2426 trecentesimus
2689 2372 3092 2438 octogesimus:
3125 2377 3244 2439 quae
3290 2379 3376 2426 est

1805 2461 2034 2530 insignis
2062 2462 2372 2516 observatio
2391 2461 2674 2516 vetustatis
2700 2476 2822 2514 teras
2852 2462 3176 2523 communis,
3207 2476 3372 2530 quam

1803 2550 2188 2621 Dionysianam
2232 2551 2539 2613 nominant,
2585 2563 2896 2618 quanquam
2938 2563 3046 2601 uno
3093 2563 3236 2602 anno
3281 2547 3371 2601 ln-

1803 2642 2176 2698 carnationem
2225 2643 2649 2706 antevertimus,
2696 2655 2764 2696 eo
2811 2639 2956 2709 quod
3003 2654 3110 2693 aera
3167 2638 3370 2693 Christi

1803 2751 1911 2790 non
1945 2734 2372 2790 Incarnationem
2401 2735 2628 2790 includit
2667 2734 2876 2802 ipsam;
2920 2731 3015 2786 sed
3051 2746 3079 2783 a
3110 2730 3370 2787 Kalendis

1800 2822 2076 2880 Ianuariis
2116 2825 2378 2894 proximis
2423 2838 2455 2877 a
2505 2822 2682 2878 Natali
2721 2822 2928 2890 incipit.
2998 2820 3364 2874 Nihilominus

1802 2917 2076 2970 luculenta
2139 2924 2223 2971 est
2271 2917 2384 2969 haec
2442 2914 2651 2969 notatio
2703 2913 2943 2984 vulgaris
2990 2927 3150 2976 aarae;
3207 2925 3366 2980 quam

1801 3007 2114 3076 chronologi
2169 3005 2390 3074 quidam
2446 3004 2783 3059 recentiores
2843 3009 2903 3056 ut
2951 3002 3178 3055 minime
3226 3000 3369 3053 anti—

1727 3130 1767 3184 C
1803 3113 1988 3169 quam,
2015 3105 2069 3151 et
2095 3114 2125 3151 a
2153 3096 2410 3168 Dionysio
2451 3096 2682 3161 primum
2715 3094 2925 3163 Exiguo
2965 3102 3234 3162 repertam
3268 3092 3368 3145 im-

1806 3197 2179 3260 punevexant
2208 3202 2272 3241 ac
2298 3187 2535 3241 ludibrio
2566 3186 2786 3240 habent.
2814 3184 2920 3240 Sed
2948 3185 3066 3255 ejus
3092 3193 3365 3240 auctorem

1804 3281 1994 3334 saltem
2042 3277 2385 3333 Panodorum
2431 3277 2602 3332 fuisse
2653 3289 2720 3331 ex
2765 3291 2832 3332 eo
2877 3276 3170 3339 vincimus,
3220 3274 3364 3346 quod

1803 3369 2066 3440 Georgius
2117 3368 2402 3440 Syncellus
2442 3368 2875 3422 lncarnatiouem
2925 3367 3131 3433 Christi
3173 3367 3364 3420 abillo

1803 3461 2030 3517 relatam
2058 3459 2256 3514 astruit
2287 3459 2343 3512 in
2368 3472 2569 3511 annum
2602 3457 2790 3511 mundi
2813 3457 2985 3523 5493;
3014 3471 3173 3527 quem
3204 3456 3367 3526 ipsis-

1775 3553 2000 3606 -simum
2041 3565 2164 3606 esse
2196 3549 2430 3619 primum
2461 3563 2583 3602 tera;
2615 3548 2919 3603 communis
2963 3562 3085 3619 cap.
3117 3545 3364 3616 sequenti

1803 3642 2319 3705 demonstrabimus,
2353 3640 2444 3694 tibi
2472 3638 2686 3710 Georgii
2715 3639 3072 3710 fragmentum
3100 3638 3229 3692 illud
3270 3653 3367 3692 ex-

1804 3737 2128 3792 scribemus.
2161 3735 2348 3790 Annos
2388 3733 2528 3788 5493
2556 3733 2600 3788 si
2629 3749 2723 3802 per
2752 3734 2816 3787 19
2846 3733 3100 3800 partiare.
3144 3732 3201 3784 lit
3225 3731 3367 3784 lunae

1804 3830 1990 3901 cyclus
2020 3828 2076 3892 2,
2125 3827 2220 3897 qui
2249 3826 2472 3897 perinde
2499 3841 2642 3880 anno
2684 3825 2862 3894 primo
2890 3823 3097 3878 Christi
3135 3821 3367 3876 nostrati

1802 3923 2075 3992 congruit.
2121 3919 2197 3972 Et
2234 3919 2336 3972 hac
2366 3917 2637 3972 Panodori
2685 3914 3118 3970 conformatione
3169 3911 3367 3967 accidit

1802 4021 1862 4067 ut
1891 4019 2179 4080 computus
2202 4010 2304 4064 iste
2336 4024 2528 4063 recens
2553 4010 2623 4063 ab
2651 4008 2783 4062 orbe
2806 4007 3026 4062 condito
3052 4015 3176 4060 octo
3207 4003 3366 4058 annis

1803 4106 1983 4159 minor
2008 4111 2156 4158 esset
2204 4102 2388 4171 priore
2423 4101 2535 4162 illo,
2571 4100 2665 4167 qui
2696 4099 2799 4152 luit
2836 4097 3100 4151 Africani.
3129 4095 3367 4150 Tametsi

1801 4197 1944 4251 enim
1968 4194 2154 4248 decem
2178 4207 2351 4246 annos
2378 4191 2446 4244 de
2465 4205 2531 4244 eo
2555 4188 2876 4243 Panodorus
2900 4187 3157 4249 abstulit,
3186 4194 3366 4239 tamen

1801 4297 2145 4340 communem
2190 4280 2489 4335 terminum
2539 4278 2760 4332 biennio
2808 4276 3122 4332 summovit.
3167 4271 3224 4327 Si
3281 4275 3367 4326 ln-

1800 4371 2135 4429 carnationis
2153 4369 2442 4439 pristinum
2463 4383 2666 4422 annum
2688 4366 3004 4421 retinuisset
3025 4365 3092 4418 ab
3108 4362 3366 4416 Africano

114 4458 447 4514 Passionem
505 4453 709 4508 Christi
760 4455 897 4509 alios
949 4455 1004 4506 iu
1049 4467 1245 4514 annos,
1282 4465 1446 4521 quam
1494 4450 1695 4518 quibus

1806 4466 2004 4522 editum
2025 4503 2044 4529 ,
2071 4463 2167 4533 qui
2199 4473 2282 4519 est
2312 4460 2517 4532 periodi
2548 4457 2778 4513 lulianus
2805 4457 2966 4520 4712,
2993 4455 3214 4510 biennio
3239 4464 3366 4508 ante

113 4541 348 4612 ascripti
398 4547 556 4594 erant
586 4539 762 4604 initio,
799 4541 1133 4608 relegarunt.
1186 4535 1300 4591 Hoc
1332 4543 1391 4589 ut
1428 4535 1693 4604 paulatim

111 4635 373 4692 evenisse
406 4632 723 4702 conjectura
757 4638 944 4686 nostra
984 4630 1106 4698 fert,
1137 4630 1410 4700 explicare
1438 4627 1695 4698 deinceps

112 4726 430 4798 aggrediar.

185 4839 480 4907 Princeps,
532 4845 795 4906 quantum
842 4836 1110 4908 suspicari
1161 4835 1308 4898 licet,
1356 4833 1411 4888 in
1459 4833 1694 4904 {Egypto

111 4931 468 4992 Panodorus,
503 4943 626 4982 cum
658 4927 1116 4983 animadverteret
1167 4941 1338 4980 annos
1386 4925 1456 4980 ab
1487 4924 1694 4978 Adamo

111 5039 178 5076 ex
224 5019 474 5074 Africani
511 5018 780 5073 sententia
810 5017 1091 5082 collectos,
1130 5016 1177 5072 si
1229 5031 1325 5086 per
1375 5014 1443 5068 I9
1487 5012 1694 5068 divide-

111 5116 329 5171 rentur,
363 5123 710 5177 nequaquam
743 5109 1012 5164 labentem
1054 5109 1196 5163 lunae
1216 5109 1430 5179 cyclum
1457 5105 1689 5170 eﬂicere,

115 5219 225 5257 non
253 5199 531 5256 dubitavit
558 5201 840 5270 captandas
867 5199 1287 5271 opportunitatis
1315 5199 1466 5254 illius
1495 5199 1688 5268 gratia,

118 5306 326 5360 paucos
381 5303 558 5343 annos
621 5304 652 5344 e
719 5304 930 5343 summa
986 5288 1296 5359 decerpere.
1357 5288 1478 5343 Jam
1546 5287 1692 5342 enim

119 5379 617 5436 Alexandrinorum
643 5378 852 5432 lunaris
874 5379 1060 5444 cyclus
1089 5379 1506 5448 percrebuerat;
1537 5378 1628 5446 qui
1662 5392 1694 5431 a

119 5471 368 5540 paschali
412 5469 526 5523 fere
558 5484 744 5525 mense
775 5485 997 5525 sumens
1032 5470 1268 5532 initium,
1313 5470 1454 5524 idem
1484 5477 1601 5524 erat
1629 5484 1693 5523 ac

117 5571 329 5628 noster,
382 5563 490 5615 hoc
519 5569 604 5616 est
643 5562 854 5630 primus
901 5563 1064 5616 unius
1113 5561 1322 5631 primus
1353 5561 1540 5616 itidem
1574 5569 1692 5616 erat

118 5655 352 5710 alterius
390 5672 405 5708 :
443 5651 880 5722 quandoquidem
910 5653 1184 5723 paschalis
1214 5654 1394 5708 omnis
1420 5651 1691 5707 Romano-

122 5762 248 5802 rum
286 5742 580 5800 nicthodus
605 5744 673 5798 ab
714 5742 1204 5800 Alexandrinorum
1225 5749 1322 5798 est
1350 5742 1495 5799 fonte
1521 5743 1707 5826 dedu-_

1797 4557 2061 4629 epocham
2102 4563 2382 4618 nostram;
2416 4567 2591 4606 annus
2635 4550 2844 4620 primus
2885 4548 3023 4618 cycli
3051 4544 3362 4615 TheOphili,

1800 4645 2007 4703 Christi
2059 4644 2196 4708 380,
2247 4642 2443 4698 luisset
2492 4656 2615 4695 tera:
2655 4637 3053 4694 Incarnationis
3094 4635 3364 4690 Panodori

1795 4738 1936 4804 382;
1967 4735 2156 4790 mundi
2184 4734 2345 4790 5872.
2385 4732 2597 4787 Ablatis
2626 4731 2785 4785 anuis
2805 4729 2911 4784 382
2934 4727 3002 4783 de
3031 4726 3191 4788 5872,
3226 4725 3364 4780 resi-

1794 4831 1888 4886 dui
1919 4836 2046 4883 sunt
2092 4825 2250 4881 5490.
2299 4824 2440 4894 Ergo
2489 4838 2668 4877 annus
2720 4821 2851 4876 5491
2906 4826 3052 4874 esset
3107 4817 3363 4872 Incarna-

1794 4921 1959 4978 tionis
2011 4933 2210 4973 annus.
2266 4917 2411 4972 Idem
2475 4915 2683 4985 primus
2750 4910 3034 4980 TheOphili
3083 4925 3258 4964 annus
3295 4925 3363 4964 ex

1795 5011 2040 5068 Africani
2083 5019 2340 5078 computo
2388 5015 2504 5063 erat
2534 5007 2604 5060 ab
2635 5005 2844 5059 Adamo
2879 5003 3040 5068 5882,
3084 5018 3114 5056 a
3153 5001 3360 5057 Christi

1795 5103 2178 5160 lncarnatione
2225 5101 2349 5155 582.
2398 5098 2694 5154 Subductis
2735 5096 2840 5150 582
2869 5094 2937 5150 de
2969 5095 3129 5160 5882,
3164 5093 3360 5164 reliqui

1796 5203 1924 5253 sunt
1955 5193 2082 5247 anni
2107 5192 2246 5247 5500
2281 5211 2294 5246 :
2337 5191 2562 5262 proinde
2593 5203 2736 5243 anno
2767 5189 2902 5244 5501
2928 5187 3246 5242 incarnatus
3279 5193 3365 5242 est

1794 5285 2048 5341 Christus
2085 5298 2153 5338 ex
2195 5282 2438 5336 Africani
2484 5280 2808 5335 ratiociniis.
2858 5278 3164 5334 Discrimen
3211 5293 3364 5332 com-

1796 5376 1912 5447 puti
1942 5372 2104 5442 hujus
2138 5381 2192 5427 et
2231 5374 2477 5436 alterius,
2513 5374 2643 5426 anni
2678 5372 2765 5425 10.
2802 5369 3004 5426 Verum
3042 5369 3362 5424 Panodorus

1794 5465 2038 5527 biennio,
2074 5473 2134 5518 ut
2175 5465 2379 5518 dictum
2420 5472 2524 5527 est,
2552 5462 2990 5517 Incarnationem
3024 5459 3356 5516 descendere

1791 5560 1958 5631 jussit
2001 5558 2068 5612 ad
2117 5574 2315 5612 annum
2350 5558 2488 5612 5495
2517 5573 2533 5609 :
2563 5556 2707 5611 unde
2753 5567 2876 5611 octo
2921 5568 3186 5609 annorum
3218 5551 3358 5605 dun-

1796 5658 1946 5706 taxat
1983 5651 2123 5706 inter
2155 5659 2444 5719 utrumque
2482 5655 2609 5702 nata
2639 5648 2940 5704 dill'erentia
2978 5656 3083 5701 est.
3117 5643 3354 5697 Accessit

1799 5743 1864 5800 ad
1899 5758 2018 5800 eam
2046 5744 2188 5814 cycli.
2217 5743 2426 5799 lunaris
2456 5742 2939 5812 opportunitatem,
2961 5748 3016 5796 et
3044 5735 3354 5793 indictionis
