3808 6334
417 341 555 394 1407

1431 334 1522 388 AD
1562 332 1832 390 EUSEBII
1871 327 2265 388 CIIRONICON
2303 327 2665 382 APPENDIX.

3521 327 3640 385 I108

414 467 570 509 usus.
595 449 750 507 Nam
782 449 990 506 unitate
1029 449 1235 511 addita,
1274 457 1328 502 et
1367 463 1580 504 summa
1610 463 1708 518 per
1755 446 1821 502 l5
1860 463 1984 518 par-
2019 451 2061 506 Α
2089 444 2237 513 quod
2265 454 2460 499 neuter
2491 444 2706 498 illorum
2755 441 3013 498 instituit.
3061 438 3202 494 llinc
3247 447 3475 510 apparet
3514 454 3641 498 recte

415 545 536 602 ti'a,
573 544 794 614 propria
825 543 1091 613 cujusque
1126 542 1257 596 anui
1291 540 1521 596 habetur
1558 539 1805 594 indictio.
1842 538 1986 593 Anni
2086 552 2190 590 nos
2212 536 2389 606 capite
2420 536 2438 590 1
2467 534 2752 596 docuisse,
2788 544 3102 602 computum
3147 533 3296 587 hunc
3328 533 3570 587 annalem
3597 544 3642 588 et

416 632 558 687 53⁸12
591 647 686 702 per
726 633 796 687 15
820 631 1096 687 distributi
1149 632 1468 702 relinquunt
1499 629 1550 684 7.
1597 626 1799 682 Verum
1845 641 1990 681 anno
2086 625 2553 687 Alexandrinum,
2603 623 2737 677 nihil
2778 639 2808 678 a
2842 621 3114 677 Panodori
3159 631 3423 693 computo
3462 624 3642 679 discre-

416 721 624 779 Christi
652 722 758 777 580
780 721 1006 777 indictio
1041 721 1145 776 fuit
1173 722 1240 777 8:
1279 723 1462 777 unitas
1483 735 1613 792 ergo
1643 718 1865 789 adjungi
1896 718 1991 774 de-

418 814 511 872 bet
536 815 602 869 ad
634 830 944 870 numerum.
976 813 1134 881 Quod
1157 815 1204 871 si
1229 829 1432 870 annum
1462 813 1705 868 Africani
1729 811 1870 867 5882
1898 827 2007 881 per_

422 904 489 959 15
519 904 812 969 divideres,
862 903 1092 960 indictio
1138 904 1176 959 2
1222 904 1558 976 proveniret,
1607 917 1730 973 quae
1779 901 1993 972 longius

419 995 576 1050 abest
605 992 677 1048 ab
712 1009 798 1054 ea.
827 1010 950 1066 qua
982 1004 1097 1050 tum
1131 996 1447 1066 putabatur.
1486 993 1849 1061 Quamobrem
1882 1008 1992 1047 non

418 1085 603 1140 minus
636 1085 978 1150 indictionis,
1023 1102 1190 1158 quam
1219 1087 1356 1158 cycli
1391 1086 1602 1140 lunaris
1635 1084 1996 1140 commoditas

418 1174 767 1232 Panodorum
802 1177 1040 1248 impulit,
1086 1186 1148 1232 ut
1179 1177 1428 1232 Africani
1467 1185 1782 1248 computum
1824 1175 1998 1230 inter-

420 1268 654 1338 polaret.
703 1265 764 1321 Si
795 1267 1016 1336 quidem
1051 1265 1372 1324 indictionis
1415 1282 1550 1322 usus
1592 1283 1690 1336 per
1732 1267 1822 1321 illa
1861 1276 1999 1321 tem-

421 1371 557 1428 pora
583 1357 958 1415 vehementius
985 1359 1394 1415 increbrescere
1423 1359 1609 1430 coepit,
1627 1367 1688 1413 ut
1715 1366 1798 1415 est
1827 1359 1881 1413 in
1903 1359 1998 1413 lib.

420 1447 493 1504 XI
513 1449 590 1504 De
606 1449 850 1506 doctrina
873 1461 1183 1520 temporum,
1214 1466 1338 1522 cap.
1369 1449 1506 1504 XLI.

493 1541 710 1598 Atenim
748 1557 1076 1612 persuasum
1117 1542 1221 1597 hoc
1254 1543 1532 1612 plerisque
1563 1541 1688 1606 fuit,
1720 1539 2000 1596 Christum

426 1633 716 1688 Dominum
751 1641 805 1689 et
834 1632 1013 1689 Martii
1044 1651 1207 1702 χχιιι,
1231 1643 1285 1690 ει
1315 1635 1446 1689 luna
1474 1650 1565 1688 xiv
1607 1633 1691 1690 vel
1721 1649 1810 1693 xv.
1838 1633 1890 1687 id
1915 1640 2002 1686 est

2088 732 2240 786 pare,
2271 717 2315 772 si
2350 717 2417 771 ad
2451 731 2624 772 annos
2651 716 2843 770 Adami
2888 717 2964 771 vel
2989 716 3178 770 mundi
3218 716 3506 785 respicias.
3525 715 3642 770 Tum

2092 809 2146 863 id
2174 816 2423 874 constat;
2471 811 2700 864 multum
2737 809 2880 864 hunc
2905 809 2976 864 ab
3004 824 3113 864 aera
3158 809 3411 864 Africani
3443 824 3558 865 esse
3575 811 3646 863 di-

2091 917 2331 956 versum.
2350 901 2617 968 Quocirca
2639 903 2786 974 quod
2807 903 2861 957 in
2883 902 2957 958 IX
2978 902 3057 958 De
3080 903 3331 958 doctrina
3356 914 3644 973 temporum,

2093 1010 2214 1066 cap.
2239 993 2304 1048 IV
2326 995 2585 1060 diximus,
2615 1011 2681 1051 ex
2717 995 2893 1052 tribus
2917 996 3155 1064 vulgatis
3179 996 3499 1052 Graecorum
3524 1013 3646 1052 com-

2095 1087 2270 1155 putis,
2297 1085 2638 1154 antiquitatis
2664 1087 2898 1156 palmam
2931 1087 2985 1142 ei
3018 1085 3231 1150 deberi,
3262 1087 3360 1158 qui
3395 1088 3462 1140 ad
3488 1085 3648 1141 lucar-

2097 1181 2369 1234 nationem
2403 1177 2607 1234 Christi
2651 1186 2902 1234 numerat
2950 1181 3237 1235 absolutos
3284 1195 3466 1236 annos
3509 1181 3650 1245 5500,

2096 1267 2204 1322 late
2240 1265 2294 1321 id
2328 1267 2706 1338 accipiendum
2739 1275 2851 1332 est;
2887 1275 2942 1324 et
2990 1269 3244 1334 καθόλου,
3303 1271 3360 1326 si
3407 1287 3652 1327 annorum

2097 1359 2478 1414 tantummodo
2535 1375 2749 1416 summa
2807 1369 3129 1431 spectetur,
3184 1363 3500 1432 cujusmodi
3551 1381 3656 1419 eam

2098 1447 2395 1503 Africanus
2428 1448 2686 1503 instituit.
2724 1447 2820 1503 Sin
2847 1464 2914 1505 eo
2941 1450 3110 1506 modo
3136 1452 3542 1517 consideretur,
3565 1470 3660 1524 quo

2101 1539 2170 1592 ab
2198 1537 2550 1609 computandi
2581 1539 2858 1610 magistris
2885 1543 3299 1597 accommodata
3343 1552 3530 1614 postea
3569 1554 3658 1602 est.

2102 1646 2226 1686 cum
2261 1647 2396 1687 usus
2444 1633 2684 1689 tnethodi
2731 1635 3003 1705 paschalis
3050 1637 3328 1708 implexa;
3369 1638 3555 1694 eadem
3591 1646 3665 1693 est

424 1725 746 1794 plenilunio,
774 1741 898 1781 esse
931 1741 1178 1797 passum,
1219 1727 1273 1781 id
1306 1733 1392 1782 est
1419 1732 1474 1781 tn
1510 1725 1779 1782 Paschate
1810 1723 2001 1780 Judai-
2037 1787 2074 1802 ﬁ
2104 1738 2228 1778 cum
2280 1725 2371 1778 illa
2404 1724 2712 1796 Panodori;
2756 1727 2853 1787 sed
2882 1730 3002 1802 ejus
3047 1739 3132 1786 est
3173 1731 3439 1787 tractatio
3468 1731 3667 1786 confor-

423 1831 510 1879 co,
548 1814 726 1870 Martii
776 1832 908 1871 vero
958 1833 1065 1874 xxv
1113 1819 1490 1874 resurrexisse

427 1907 565 1962 feria
595 1924 672 1972 τι,
710 1908 814 1963 hoc
844 1917 1026 1964 autem
1062 1909 1199 1965 feria
1226 1927 1244 1964 ι
1273 1910 1570 1980 contigisse
1599 1918 1753 1965 extra
1779 1917 2003 1965 contro-

428 2001 666 2055 versiam
704 2009 810 2056 est.
857 1999 1014 2066 Quod
1044 2000 1223 2055 Martii
1269 2016 1406 2056 χχιιι
1438 2017 1659 2072 passum
1697 2017 1820 2058 esse
1848 2003 2007 2056 Chri-

432 2101 579 2147 stum
605 2092 778 2148 Graaci
799 2096 1144 2166 computistae
1173 2095 1529 2158 crediderint,
1554 2105 1873 2166 argumento
1897 2103 2002 2159 est,

432 2184 579 2254 quod
641 2184 929 2250 Maximus,
973 2186 1260 2258 Georgius,
1305 2185 1633 2242 ’Chronicon
1681 2186 2006 2242 Alexandri-

433 2292 587 2340 num,
607 2276 908 2340 Cedrenus,
934 2285 988 2333 et
1015 2278 1107 2331 alii
1139 2278 1451 2348 complures
1476 2279 1554 2332 ita.
1575 2277 1833 2332 sentiunt.
1861 2278 2005 2343 Quin

430 2366 596 2421 etiam
633 2367 970 2424 Caesariense
1001 2369 1319 2431 concilium,
1360 2369 1507 2438 quod
1561 2368 1776 2425 Victore
1828 2370 2008 2440 ponti-

429 2457 531 2513 Iice
557 2459 706 2514 circa
740 2475 942 2514 annum
987 2461 1194 2517 Christi
1240 2460 1473 2516 CXCVII
1517 2462 1851 2517 celebratum
1900 2469 2006 2524 est,

429 2549 536 2604 hoc
562 2550 740 2620 ipsum
769 2551 980 2606 deliniit
1010 2536 1106 2607 lib.
1137 2551 1232 2604 xu
1253 2551 1332 2607 De
1359 2552 1500 2608 doct.
1537 2563 1694 2622 temp.
1724 2568 1869 2622 cap.,
1893 2549 2006 2604 χιι.

433 2639 708 2707 Quocirca
753 2642 859 2698 tria
897 2642 1013 2698 haec
1059 2641 1118 2698 in
1165 2643 1417 2700 eumdem
1467 2645 1817 2700 concurrisse
1863 2645 2008 2700 diem

433 2733 613 2789 Martii
645 2751 782 2789 χχιιι
821 2735 1068 2790 arbitrati
1101 2745 1249 2802 sunt,
1283 2737 1476 2793 feriam
1505 2752 1581 2800 vt,
1618 2746 1672 2792 et
1697 2738 1881 2792 lunam
1907 2753 2008 2803 xv;

433 2841 538 2881 nec
565 2842 673 2881 non
705 2827 1006 2898 legitimum
1035 2829 1212 2884 aetatis
1244 2829 1488 2893 modum,
1527 2836 1586 2883 ut
1623 2845 1797 2883 xxqu
1835 2845 2011 2884 annos

434 2917 657 2972 circiter
703 2919 880 2973 aetatis
925 2919 1196 2974 haberet:
1233 2920 1490 2989 quoniam
1541 2921 1817 2975 tricesimo
1867 2934 2013 2974 anno

433 3009 746 3079 baptizatus
787 3017 907 3074 est,
961 3024 1024 3064 ac
1076 3012 1177 3064 tria
1225 3009 1422 3064 deinde
1467 3009 1736 3066 Paschata
1781 3013 2009 3081 peregit.

432 3097 646 3164 Quibus
681 3099 934 3152 omnibus
974 3099 1314 3154 commodior
1347 3101 1533 3156 nullus
1561 3101 2010 3156 annus'inveniri

433 3191 634 3260 potuit,
653 3207 816 3261 quam
846 3191 939 3261 qui
959 3207 1081 3246 term
1101 3193 1416 3247 communis
1428 3199 1512 3247 est
1532 3207 1664 3251 mi.
1687 3193 1817 3247 etin
1842 3192 2018 3248 Pano-

435 3281 556 3336 dori
583 3292 842 3352 computo
871 3283 1014 3339 5555
1036 3285 1245 3348 exiens,
1271 3285 1555 3354 iniensque
1576 3284 1736 3349 5554,
1764 3285 2018 3356 idemque

437 3374 508 3429 ab
526 3373 928 3439 lncarnatione,
949 3376 1250 3432 secundum
1268 3375 1635 3440 Panodorum,
1653 3369 1739 3431 t2.
1759 3377 1892 3432 Nam
1916 3378 2019 3432 hoc

439 3479 585 3518 anno
624 3465 812 3534 cyclus
843 3474 962 3519 erat
1019 3467 1152 3521 solis
1199 3465 1480 3522 Romanus
1538 3483 1695 3532 χχιιι,
1727 3469 1906 3523 littera
1950 3467 2016 3536 ϐ,

444 3557 786 3628 proindeque
822 3558 1003 3614 Martii
1029 3558 1163 3615 feria
1195 3577 1269 3628 γι,
1295 3568 1350 3615 ει
1373 3560 1546 3615 Martii
1572 3578 1679 3616 xxv
1713 3560 2017 3625 Dominica,

439 3650 630 3721 cyclus
652 3650 793 3705 luna:
821 3651 1245 3719 Alexandrinus,
1273 3661 1328 3708 et
1353 3651 1634 3708 Romanus
1668 3652 1770 3707 fuit
1799 3671 1852 3718 v,
1887 3670 2020 3709 neo-

443 3741 623 3796 menia
656 3741 873 3796 Nicasna
898 3743 1076 3796 Martii
1109 3760 1163 3797 ιχ
1191 3753 1246 3798 ει
1273 3758 1432 3806 χχιιι,
1466 3745 1594 3798 luna
1621 3760 1710 3799 xv.
1742 3743 1885 3814 Ergo
1912 3761 2023 3800 non

444 3831 766 3886 dubitarunt
802 3833 893 3884 illo
915 3847 1058 3885 anno
1090 3820 1405 3901 passionem
1434 3832 1730 3889 accidisse.
1761 3833 1832 3888 Ut
1859 3835 2025 3906 igitur

446 3921 767 3977 tricesimus
786 3921 876 3976 hic
895 3929 948 3976 et
969 3923 1188 3988 tertius,
1207 3924 1292 3978 vel
1315 3932 1543 3994 quartus
1563 3927 1738 3984 artatis
1768 3938 1914 3985 esset
1936 3945 2026 3985 an—

449 4028 556 4067 nus
574 4013 798 4083 patienti
821 4013 1064 4079 Christo,
1088 4016 1493 4072 constituerunt
1509 4033 1655 4073 anno
1675 4023 1913 4091 computi
1935 4021 2028 4076 Pa-

453 4105 647 4160 nodori
684 4105 814 4160 5501
853 4107 1198 4162 incarnatum
1233 4123 1354 4163 esse
1385 4109 1697 4176 Christum;
1737 4127 1858 4166 teras
1911 4113 2029 4168 vul-

450 4199 595 4269 garis
610 4215 774 4260 nono,
791 4199 1000 4270 periodi
1017 4197 1249 4254 Julianaa
1268 4199 1432 4257 4722.
1456 4201 1531 4257 De
1551 4218 1657 4273 qua
1680 4204 1898 4259 illorum
1919 4206 2028 4276 opi-

455 4289 634 4351 nioue,
671 4297 724 4344 et
756 4290 1108 4361 chronologia
1140 4291 1206 4344 ad
1236 4289 1618 4361 Fragmentum
1647 4291 1864 4365 Georgii
1891 4293 2030 4366 Syn-

451 4379 572 4434 celli
586 4379 952 4448 disputabitur
965 4380 1139 4450 capite
1151 4380 1563 4451 sequenti.Huic
1577 4383 1792 4438 illorum
1806 4387 2034 4456 castiga-

1532 1836 1547 1874 :
1596 1832 1831 1888 quorum
1870 1817 2003 1872 illud
2035 1787 2076 1842 Β
2108 1813 2385 1884 ιιιειιιοῳιε
2416 1787 2704 1871 recentior.

2174 1988 2306 2046 Post
2342 1991 2488 2047 hunc
2513 1991 2781 2049 Panodori
2817 2007 3131 2066 computum
3156 2015 3475 2070 perperam,
3511 2011 3562 2056 et
3584 2003 3669 2056 ad-

2105 2095 2298 2137 versus
2339 2081 2762 2154 Evangeliorum
2797 2087 2954 2142 ﬁdem
2990 2103 3018 2142 a
3055 2087 3265 2147 Graecis
3294 2108 3360 2146 ea
3391 2109 3552 2162 quam
3587 2109 3671 2149 cx-

2107 2175 2289 2243 posui,
2321 2175 2532 2230 ratione
2561 2177 2914 2246 depravatum
2935 2219 2958 2243 ,
2997 2181 3138 2236 alter
3174 2185 3530 2254 excogitatus
3567 2193 3668 2248 est;

2107 2265 2200 2334 qui
2245 2265 2347 2321 hoc
2377 2267 2600 2322 excluso
2631 2269 2834 2338 priore,
2874 2271 3135 2342 pleraque
3182 2274 3238 2328 in
3287 2278 3442 2330 omni
3484 2276 3672 2331 Gracia

2107 2367 2160 2415 et
2186 2360 2409 2417 Oriente
2441 2362 2542 2417 hac
2576 2372 2735 2420 aetate
2761 2375 3012 2436 receptus
3045 2376 3152 2423 est.
3188 2369 3289 2423 Hic
3321 2369 3391 2424 ad
3424 2369 3673 2426 Panodori

2108 2454 2372 2522 epocham
2405 2455 2502 2525 τῆς
2531 2456 2996 2528 ὲνανθρωπήσεως
3027 2473 3203 2514 annos
3233 2459 3393 2514 addit
3423 2461 3672 2525 sedecim;

2109 2543 2177 2598 ad
2208 2546 2630 2602 Alexandrinam
2685 2547 2900 2603 Maximi
2948 2558 3004 2606 et
3053 2549 3273 2623 Georgii
3330 2568 3510 2608 annos
3545 2553 3674 2608 addit

2110 2643 2258 2700 octo,
2308 2638 2354 2692 si
2401 2639 2706 2709 simplicem
2756 2656 3026 2697 annorum
3076 2659 3376 2700 numerum
3419 2646 3671 2701 advertas.

2110 2726 2269 2792 Nam,
2307 2730 2354 2785 si
2404 2745 2583 2787 annus
2632 2732 2748 2801 ipse
2789 2741 3087 2804 spectetur,
3130 2744 3258 2792 octo
3317 2738 3453 2802 illis,
3496 2741 3673 2810 quibus

2112 2818 2538 2876 Alexandrinum
2583 2832 2900 2894 computum
2945 2841 3208 2896 superare
3247 2827 3497 2894 videtur,
3537 2832 3675 2885 annis

2112 2924 2179 2964 eo
2213 2909 2390 2963 minor
2414 2919 2499 2966 est
2536 2929 2548 2964 :
2584 2911 2688 2967 hoc
2715 2921 2801 2968 est
2832 2911 3265 2972 lncarnationem
3313 2919 3525 2975 Christi
3567 2921 3676 2974 toti-

2115 3002 2235 3055 dem
2268 3003 2427 3058 annis
2456 3005 2749 3074 anticipat;
2774 3013 2829 3059 et
2859 3021 2983 3060 cum
3014 3009 3220 3076 epocha
3257 3009 3539 3066 Panodori
3563 3029 3675 3067 con-

2117 3092 2283 3147 venit.
2308 3094 2469 3146 Anno
2499 3094 2679 3164 itaque
2708 3096 2895 3150 mundi
2925 3096 3064 3151 5509
3098 3098 3309 3154 Christi
3342 3102 3677 3174 ἐνανθρώπτπ

2121 3199 2203 3235 σιν
2229 3191 2518 3254 ortumque
2547 3185 2756 3239 tribuit.
2784 3186 2957 3256 Cujus
2983 3189 3204 3258 quidem
3232 3190 3561 3247 instituendi
3583 3203 3678 3246 tres

2120 3275 2344 3329 omnino
2374 3290 2570 3332 causas
2603 3277 2880 3332 exstitisse
2915 3294 3241 3347 persuasum
3277 3281 3482 3338 habeo.
3518 3283 3681 3337 Prima

2122 3369 2244 3433 fuit,
2279 3377 2340 3424 ut
2382 3371 2539 3426 annis
2586 3387 2680 3441 per
2726 3372 2792 3426 15
2823 3373 3064 3438 tributis,
3107 3374 3245 3428 citra
3293 3377 3528 3436 unitatis
3555 3376 3683 3446 adje-

2121 3463 2380 3526 ctionem,
2431 3463 2722 3518 haberetur
2764 3465 3012 3520 indictio.
3065 3465 3271 3525 Divisis
3299 3471 3448 3527 5509
3485 3487 3575 3544 per
3605 3473 3682 3536 l5,

2123 3556 2450 3623 relinquitur
2508 3555 2732 3611 indictio
2779 3555 2868 3622 IV,
2909 3559 3088 3627 qualis
3143 3574 3292 3616 anno
3351 3565 3534 3631 primo
3577 3579 3688 3618 are

2123 3643 2445 3699 Christiana:
2472 3644 2573 3698 fuit
2594 3665 2606 3699 :
2625 3661 2783 3716 quem
2809 3647 3179 3704 lncarnatioui
3207 3650 3494 3707 dicarunt.
3520 3653 3690 3707 Altera

2126 3735 2230 3789 fuit
2255 3736 2392 3806 cycli
2428 3734 2637 3791 Judaici
2676 3739 3062 3804 commoditas,
3099 3757 3262 3810 quem
3300 3751 3358 3798 et
3388 3743 3687 3800 Victorinus

2126 3842 2190 3880 ac
2234 3826 2412 3882 Latini
2463 3835 2517 3882 et
2567 3828 2945 3885 Occidentales
3000 3831 3247 3902 plerique
3312 3837 3494 3890 secuti
3555 3845 3688 3890 sunt.

2126 3920 2449 3990 Quanquam
2494 3921 2629 3976 nihil
2679 3931 2877 3993 praeter
2936 3925 3214 3994 cyclorum
3271 3927 3362 3982 vel
3419 3944 3694 3983 aureorum

2131 4027 2479 4066 umerorum
2511 4012 2758 4068 ordinem
2797 4013 3136 4082 expressisse
3165 4013 3396 4073 Graecos
3419 4018 3692 4078 existimo;

2128 4119 2230 4158 nec
2260 4104 2314 4157 in
2349 4102 2674 4158 celebrando
2720 4102 2985 4160 Paschate
3028 4106 3095 4160 ad
3129 4121 3227 4162 eos
3273 4124 3497 4165 errores
3527 4110 3692 4164 adlue-

2130 4197 2291 4260 sisse,
2322 4210 2461 4266 quos
2490 4197 2545 4250 in
2575 4193 2841 4250 Victorini
2876 4211 2940 4251 ac
2973 4197 3298 4254 Latinorum
3334 4213 3538 4257 sectam
3567 4216 3693 4272 prae-

2131 4294 2350 4356 postera
2392 4285 2701 4342 Judzeorum
2738 4288 2970 4343 imitatio
3001 4288 3328 4346 transfodit.
3373 4292 3567 4362 Cyclus
3603 4289 3693 4344 Ju—

2131 4379 2321 4435 daicus
2346 4395 2410 4434 ac
2425 4379 2651 4436 Latinus
2663 4381 2732 4436 ab
2745 4380 3112 4436 Alexandrino
3125 4390 3179 4438 et
3195 4381 3451 4439 Romano
3473 4378 3710 4438 ternario.

451 4471 587 4526 tioni
609 4472 892 4542 suﬂragari
914 4481 1174 4542 praeterea
1191 4481 1348 4530 vetus
1366 4474 1454 4528 illa
1473 4475 1695 4529 traditio
1712 4475 2025 4541 videbatur,
2058 4491 2104 4547 ι)
2133 4468 2428 4539 discrepat.
2461 4477 2522 4524 ιιι
2552 4471 2645 4541 qui
2683 4470 2892 4540 primus
2921 4476 3005 4525 est
3041 4468 3446 4536 Romanorum,
3493 4472 3696 4526 Latino-

452 4579 596 4618 auno
618 4565 804 4618 mundi
825 4565 958 4621 5501
994 4565 1340 4621 incarnatum
1366 4579 1489 4622 esse
1517 4567 1796 4622 Christum
1816 4608 1832 4633 ,
1863 4583 2027 4638 quam

453 4655 747 4714 Africanus
771 4659 1098 4714 auctoritate
1121 4674 1219 4715 sua
1243 4661 1674 4718 commendarat.
1702 4661 1779 4717 Ita
1801 4678 2029 4732 prorsus

458 4748 852 4804 admirabiliter
879 4751 1127 4821 contigit,
1172 4756 1234 4803 ut
1273 4749 1342 4804 ad
1373 4765 1538 4805 seram
1567 4751 1853 4821 pristinam
1877 4768 2033 4822 spre-

457 4837 530 4894 tis
559 4837 833 4894 Panodori
864 4841 1089 4896 calculis
1119 4839 1401 4908 redirent;
1435 4848 1550 4906 aut,
1599 4849 1658 4894 ut
1695 4841 1932 4910 priorem
1967 4842 2032 4894 il-

458 4929 572 4984 lum
603 4940 918 5002 computum
966 4940 1285 4988 constanter
1310 4933 1568 4988 Ecclesiae
1595 4933 1808 5004 aliquae,
1843 4933 2034 4987 civita-

460 5031 654 5094 tesque
686 5025 1046 5093 retinuerint;
1078 5025 1340 5096 deinceps
1372 5026 1521 5080 nulla
1553 5027 1606 5080 in
1634 5041 1699 5081 eo
1730 5025 2034 5079 mutatione

467 5112 631 5179 facta,
679 5113 916 5184 epochas
965 5115 1363 5171 lncarnationis
1407 5131 1472 5171 ac
1510 5116 1790 5173 Passionis
1829 5115 2032 5171 Christi

468 5207 842 5261 tantummodo
905 5206 1291 5262 sollicitarunt.
1343 5205 1543 5262 Verum
1594 5222 1697 5263 nec
1762 5209 1817 5261 in
1875 5207 2035 5262 annis

471 5298 654 5351 mundi
683 5313 806 5352 cum
827 5297 1084 5351 Africano
1105 5339 1120 5365 ,
1152 5314 1253 5353 nec
1275 5299 1331 5353 in
1351 5298 1508 5354 annis
1527 5298 1730 5354 Christi
1756 5297 2033 5368 putandis,

471 5405 595 5446 cum
641 5388 930 5443 Panodoro
976 5391 1413 5446 consentiebant.
1466 5389 1679 5446 Etenim
1723 5405 1899 5444 annus
1947 5390 2038 5444 ille

472 5497 594 5537 εει-ω
619 5481 944 5538 Christianae
973 5497 1152 5537 nonus
1192 5482 1263 5536 ab
1292 5482 1552 5536 Africano
1595 5489 1913 5536 numeratus
1953 5486 2039 5533 est

472 5575 661 5630 mundi
688 5574 822 5630 55H
848 5592 863 5640 ;
892 5573 1098 5628 Christi
1126 5572 1486 5633 undecimus:
1527 5590 1560 5628 a
1598 5573 1887 5628 Panodoro
1912 5586 2039 5625 vero

474 5665 660 5721 ruuudi
691 5666 852 5726 5501,
881 5664 1084 5720 Christi
1120 5680 1317 5721 nonus.
1356 5664 1426 5719 At
1469 5665 1544 5719 illi
1584 5664 1796 5727 mundi,
1836 5669 1893 5714 ut
1934 5659 2038 5714 Pa-

480 5758 742 5826 nodorus,
788 5759 962 5823 5501,
1003 5756 1205 5814 Christi
1239 5773 1368 5815 vero
1413 5744 1648 5824 primum
1702 5753 2037 5811 censebant:

2133 4578 2255 4617 rum
2286 4563 2357 4618 sit
2399 4577 2568 4628 xvnt;
2601 4563 2694 4632 qui
2725 4563 2938 4616 illorum
2973 4562 3212 4626 tertius,
3240 4563 3444 4618 borum
3487 4565 3558 4619 sit
3593 4579 3694 4624 χιχ,

2133 4659 2194 4706 ιιι
2221 4652 2317 4706 lib.
2352 4649 2420 4704 Vl
2448 4650 2527 4705 De
2553 4651 2796 4705 doctrina
2823 4661 3114 4719 temporum
3163 4652 3423 4722 pluribus
3459 4653 3699 4724 exposui-

2132 4757 2288 4808 mus;
2323 4743 2622 4813 prmsertim
2659 4742 2837 4812 capite
2871 4739 2939 4806 V,
2987 4740 3080 4796 ubi
3127 4744 3382 4799 numeris
3428 4745 3697 4798 amborum

2135 4832 2318 4887 aureis
2338 4831 2649 4887 Kalendarii
2673 4831 2906 4886 Romani
2931 4829 3050 4886 dies
3067 4831 3334 4900 utrinque
3366 4832 3696 4902 stipavimus.

2135 4923 2216 4977 lbi
2241 4923 2307 4976 ad
2337 4920 2916 4977 Kalendaslanuarias
2946 4919 3230 4976 Romanus
3256 4937 3526 4977 numerus
3549 4920 3702 4974 ascri-

2137 5023 2262 5086 ptus
2305 5024 2390 5070 est
2430 5029 2517 5078 ιιι,
2570 5014 2890 5069 Latinorum
2940 5030 3055 5069 χιχ.
3106 5013 3398 5083 Ejusmodi
3437 5016 3701 5086 cyclorum

2138 5107 2278 5160 ratio
2322 5105 2377 5160 in
2419 5115 2698 5174 postremo
2728 5105 2820 5158 illo
2851 5113 3108 5174 computo
3138 5106 3323 5161 locum
3361 5105 3544 5160 habet.
3576 5103 3702 5156 Nam

2137 5196 2330 5252 divisis
2355 5197 2495 5252 5509
2517 5213 2612 5267 per
2636 5196 2724 5263 l9,
2751 5203 2956 5251 restant
2977 5196 3065 5257 18,
3092 5198 3187 5265 qui
3207 5195 3480 5252 Iudaicus
3507 5195 3702 5265 cyclus.

2137 5295 2191 5344 et
2218 5287 2446 5342 Latinus
2476 5297 2596 5342 erat
2626 5302 2767 5340 anno
2797 5284 3217 5346 Incarnationis,
3256 5285 3377 5339 sive
3409 5281 3705 5342 communis

2137 5393 2259 5432 terte
2286 5378 2464 5447 primo
2491 5397 2504 5432 :
2538 5377 2605 5432 ad
2638 5393 2796 5448 quem
2843 5377 3027 5431 tribus
3059 5374 3316 5444 adjectis,
3360 5374 3588 5430 ellicitur
3609 5386 3699 5424 au-

2139 5487 2267 5527 reus
2301 5485 2565 5526 numerus
2592 5469 3082 5526 Alexandrinorum
3114 5467 3173 5530 2,
3209 5468 3307 5536 qui
3341 5467 3590 5523 eumdem
3615 5478 3708 5516 an-

2141 5578 2270 5616 num
2303 5572 2556 5634 occupat.
2594 5562 2683 5618 Sic
2714 5576 2859 5615 anno
2891 5559 3095 5615 Christi
3134 5559 3279 5614 1373
3307 5574 3510 5613 aureus
3534 5566 3712 5610 nurne-

2142 5670 2236 5709 rus
2284 5654 2687 5711 Alexandrinus
2735 5664 2851 5707 erat
2894 5666 2968 5704 vt.
3018 5649 3178 5704 llunc
3238 5664 3449 5703 annum
3502 5648 3709 5701 lsaacus

2143 5757 2390 5802 numerat
2421 5746 2578 5801 istius
2607 5761 2726 5799 tera:
2758 5743 2923 5799 688k
2958 5757 3068 5798 nuo
3108 5755 3347 5795 numero
3375 5756 3476 5794 uer
3504 5737 3564 5791 19.
3593 5748 3710 5788 oar-
