  <div class='ocr_page' id='page_1' title='image "/cluster/home/n/w/nwhite01/storage/ocr_20150623/19/hvd.32044011362951/712.png"; bbox 0 0 3808 6320; ppageno 0'>
   <div class='ocr_carea' id='block_1_1' title="bbox 103 317 236 374">
    <p class='ocr_par' dir='ltr' id='par_1_1' title="bbox 103 317 236 374">
     <span class='ocr_line' id='line_1_1' title="bbox 103 317 236 374; baseline 0 0"><span class='ocrx_word' id='word_1_1' title='bbox 103 317 236 374; x_wconf 69' lang='grc'><strong>1109</strong></span> 
     </span>
    </p>
   </div>
   <div class='ocr_carea' id='block_1_2' title="bbox 1092 313 2358 372">
    <p class='ocr_par' dir='ltr' id='par_1_2' title="bbox 1092 313 2358 372">
     <span class='ocr_line' id='line_1_2' title="bbox 1092 313 2358 372; baseline 0.002 -3"><span class='ocrx_word' id='word_1_2' title='bbox 1092 314 1542 371; x_wconf 70' lang='grc' dir='ltr'>υιεεειιτιιτιο</span> <span class='ocrx_word' id='word_1_3' title='bbox 1581 313 1670 368; x_wconf 85' lang='lat' dir='ltr'><strong>DE</strong></span> <span class='ocrx_word' id='word_1_4' title='bbox 1708 314 2116 372; x_wconf 61' lang='lat' dir='ltr'><strong>GRAECOBUM</strong></span> <span class='ocrx_word' id='word_1_5' title='bbox 2154 315 2358 372; x_wconf 62' lang='lat' dir='ltr'><strong>ERIS.</strong></span> 
     </span>
    </p>
   </div>
   <div class='ocr_carea' id='block_1_3' title="bbox 3213 323 3352 379">
    <p class='ocr_par' dir='ltr' id='par_1_3' title="bbox 3213 323 3352 379">
     <span class='ocr_line' id='line_1_3' title="bbox 3213 323 3352 379; baseline 0.007 -1"><span class='ocrx_word' id='word_1_6' title='bbox 3213 323 3352 379; x_wconf 70' lang='lat' dir='ltr'><strong>Nlo</strong></span> 
     </span>
    </p>
   </div>
   <div class='ocr_carea' id='block_1_4' title="bbox 113 429 3354 518">
    <p class='ocr_par' dir='ltr' id='par_1_4' title="bbox 113 429 3354 518">
     <span class='ocr_line' id='line_1_4' title="bbox 113 429 3354 518; baseline 0 -30"><span class='ocrx_word' id='word_1_7' title='bbox 113 433 230 499; x_wconf 86' lang='lat' dir='ltr'><strong>tito,</strong></span> <span class='ocrx_word' id='word_1_8' title='bbox 260 441 568 503; x_wconf 76' lang='lat' dir='ltr'><strong>supersunt</strong></span> <span class='ocrx_word' id='word_1_9' title='bbox 600 434 653 488; x_wconf 79' lang='lat'><strong>’5.</strong></span> <span class='ocrx_word' id='word_1_10' title='bbox 683 429 918 487; x_wconf 84' lang='lat' dir='ltr'><strong>Proinde</strong></span> <span class='ocrx_word' id='word_1_11' title='bbox 951 429 1212 486; x_wconf 69' lang='lat' dir='ltr'><strong>Iudaicus</strong></span> <span class='ocrx_word' id='word_1_12' title='bbox 1243 433 1346 487; x_wconf 90' lang='lat' dir='ltr'><strong>iste</strong></span> <span class='ocrx_word' id='word_1_13' title='bbox 1373 432 1558 501; x_wconf 79' lang='lat' dir='ltr'><strong>cyclus</strong></span> <span class='ocrx_word' id='word_1_14' title='bbox 1578 429 1680 484; x_wconf 76' lang='lat' dir='ltr'><strong>fuit</strong></span> <span class='ocrx_word' id='word_1_15' title='bbox 1706 465 1752 518; x_wconf 65' lang='grc' dir='ltr'><strong>Α</strong></span> <span class='ocrx_word' id='word_1_16' title='bbox 1780 429 1905 485; x_wconf 66' lang='lat' dir='ltr'><strong>Haec</strong></span> <span class='ocrx_word' id='word_1_17' title='bbox 1925 432 2108 486; x_wconf 86' lang='lat' dir='ltr'><strong>omnia</strong></span> <span class='ocrx_word' id='word_1_18' title='bbox 2129 433 2409 487; x_wconf 77' lang='lat' dir='ltr'><strong>consecuti</strong></span> <span class='ocrx_word' id='word_1_19' title='bbox 2439 439 2568 502; x_wconf 81' lang='lat' dir='ltr'><strong>sunt</strong></span> <span class='ocrx_word' id='word_1_20' title='bbox 2593 431 2792 488; x_wconf 92' lang='lat' dir='ltr'><strong>additis</strong></span> <span class='ocrx_word' id='word_1_21' title='bbox 2815 432 2880 487; x_wconf 88' lang='lat' dir='ltr'><strong>ad</strong></span> <span class='ocrx_word' id='word_1_22' title='bbox 2908 431 3178 488; x_wconf 84' lang='lat' dir='ltr'><strong>Panodori</strong></span> <span class='ocrx_word' id='word_1_23' title='bbox 3204 450 3354 490; x_wconf 85' lang='lat' dir='ltr'><strong>sum-</strong></span> 
     </span>
    </p>
   </div>
   <div class='ocr_carea' id='block_1_5' title="bbox 103 523 1674 595">
    <p class='ocr_par' dir='ltr' id='par_1_5' title="bbox 103 523 1674 595">
     <span class='ocr_line' id='line_1_5' title="bbox 103 523 1674 595; baseline -0.001 -17"><span class='ocrx_word' id='word_1_24' title='bbox 103 525 226 580; x_wconf 86' lang='lat' dir='ltr'><strong>auni</strong></span> <span class='ocrx_word' id='word_1_25' title='bbox 262 526 433 590; x_wconf 72' lang='lat'><strong>1575;</strong></span> <span class='ocrx_word' id='word_1_26' title='bbox 463 526 736 595; x_wconf 85' lang='lat' dir='ltr'><strong>duplicem</strong></span> <span class='ocrx_word' id='word_1_27' title='bbox 767 523 835 576; x_wconf 90' lang='lat' dir='ltr'><strong>ad</strong></span> <span class='ocrx_word' id='word_1_28' title='bbox 869 525 1011 577; x_wconf 87' lang='lat' dir='ltr'><strong>hanc</strong></span> <span class='ocrx_word' id='word_1_29' title='bbox 1035 539 1259 578; x_wconf 80' lang='lat' dir='ltr'><strong>causam</strong></span> <span class='ocrx_word' id='word_1_30' title='bbox 1295 533 1569 593; x_wconf 89' lang='lat' dir='ltr'><strong>postrema</strong></span> <span class='ocrx_word' id='word_1_31' title='bbox 1595 523 1674 576; x_wconf 86' lang='lat' dir='ltr'><strong>in-</strong></span> 
     </span>
    </p>
   </div>
   <div class='ocr_carea' id='block_1_6' title="bbox 103 616 1670 686">
    <p class='ocr_par' dir='ltr' id='par_1_6' title="bbox 103 616 1670 686">
     <span class='ocr_line' id='line_1_6' title="bbox 103 616 1670 686; baseline -0.004 -13"><span class='ocrx_word' id='word_1_32' title='bbox 103 633 263 686; x_wconf 77' lang='lat' dir='ltr'><strong>super</strong></span> <span class='ocrx_word' id='word_1_33' title='bbox 292 617 555 671; x_wconf 84' lang='lat' dir='ltr'><strong>accedere</strong></span> <span class='ocrx_word' id='word_1_34' title='bbox 585 619 778 686; x_wconf 87' lang='lat' dir='ltr'><strong>potuit,</strong></span> <span class='ocrx_word' id='word_1_35' title='bbox 824 623 883 669; x_wconf 92' lang='lat' dir='ltr'><strong>ut</strong></span> <span class='ocrx_word' id='word_1_36' title='bbox 913 631 1031 670; x_wconf 83' lang='lat' dir='ltr'><strong>eam</strong></span> <span class='ocrx_word' id='word_1_37' title='bbox 1062 616 1239 669; x_wconf 84' lang='lat' dir='ltr'><strong>labem</strong></span> <span class='ocrx_word' id='word_1_38' title='bbox 1272 616 1670 686; x_wconf 73' lang='lat' dir='ltr'><strong>abstergerent,</strong></span> 
     </span>
    </p>
   </div>
   <div class='ocr_carea' id='block_1_7' title="bbox 101 705 1677 779">
    <p class='ocr_par' dir='ltr' id='par_1_7' title="bbox 101 705 1677 779">
     <span class='ocr_line' id='line_1_7' title="bbox 101 705 1677 779; baseline 0.002 -20"><span class='ocrx_word' id='word_1_39' title='bbox 101 724 203 779; x_wconf 81' lang='lat' dir='ltr'><strong>qua</strong></span> <span class='ocrx_word' id='word_1_40' title='bbox 235 705 516 762; x_wconf 78' lang='lat' dir='ltr'><strong>Panodori</strong></span> <span class='ocrx_word' id='word_1_41' title='bbox 551 716 868 779; x_wconf 85' lang='lat' dir='ltr'><strong>computum</strong></span> <span class='ocrx_word' id='word_1_42' title='bbox 920 708 1253 778; x_wconf 89' lang='lat' dir='ltr'><strong>posteriores</strong></span> <span class='ocrx_word' id='word_1_43' title='bbox 1305 708 1401 762; x_wconf 92' lang='lat' dir='ltr'><strong>illo</strong></span> <span class='ocrx_word' id='word_1_44' title='bbox 1438 706 1677 762; x_wconf 84' lang='lat' dir='ltr'><strong>artiﬁces</strong></span> 
     </span>
    </p>
   </div>
   <div class='ocr_carea' id='block_1_8' title="bbox 101 798 1682 870">
    <p class='ocr_par' dir='ltr' id='par_1_8' title="bbox 101 798 1682 870">
     <span class='ocr_line' id='line_1_8' title="bbox 101 798 1682 870; baseline 0 -19"><span class='ocrx_word' id='word_1_45' title='bbox 101 798 444 865; x_wconf 81' lang='lat' dir='ltr'><strong>infecerant;</strong></span> <span class='ocrx_word' id='word_1_46' title='bbox 478 809 532 853; x_wconf 91' lang='lat' dir='ltr'><strong>et</strong></span> <span class='ocrx_word' id='word_1_47' title='bbox 562 799 834 870; x_wconf 78' lang='lat' dir='ltr'><strong>ingentem</strong></span> <span class='ocrx_word' id='word_1_48' title='bbox 868 799 1015 853; x_wconf 82' lang='lat' dir='ltr'><strong>hunc</strong></span> <span class='ocrx_word' id='word_1_49' title='bbox 1047 798 1530 853; x_wconf 89' lang='lat' dir='ltr'><strong>anachronismum</strong></span> <span class='ocrx_word' id='word_1_50' title='bbox 1576 799 1682 852; x_wconf 85' lang='lat' dir='ltr'><strong>tol-</strong></span> 
     </span>
    </p>
   </div>
   <div class='ocr_carea' id='block_1_9' title="bbox 101 888 1684 961">
    <p class='ocr_par' dir='ltr' id='par_1_9' title="bbox 101 888 1684 961">
     <span class='ocr_line' id='line_1_9' title="bbox 101 888 1684 961; baseline 0 -18"><span class='ocrx_word' id='word_1_51' title='bbox 101 890 274 944; x_wconf 89' lang='lat' dir='ltr'><strong>lerent</strong></span> <span class='ocrx_word' id='word_1_52' title='bbox 297 931 315 956; x_wconf 91' lang='lat'><strong>,</strong></span> <span class='ocrx_word' id='word_1_53' title='bbox 350 905 463 961; x_wconf 91' lang='lat' dir='ltr'><strong>quo</strong></span> <span class='ocrx_word' id='word_1_54' title='bbox 496 891 800 961; x_wconf 88' lang='lat' dir='ltr'><strong>baptismus</strong></span> <span class='ocrx_word' id='word_1_55' title='bbox 845 899 899 946; x_wconf 88' lang='lat' dir='ltr'><strong>et</strong></span> <span class='ocrx_word' id='word_1_56' title='bbox 943 891 1127 961; x_wconf 90' lang='lat' dir='ltr'><strong>passio</strong></span> <span class='ocrx_word' id='word_1_57' title='bbox 1157 889 1386 955; x_wconf 87' lang='lat' dir='ltr'><strong>Christi,</strong></span> <span class='ocrx_word' id='word_1_58' title='bbox 1417 890 1561 944; x_wconf 89' lang='lat' dir='ltr'><strong>ultra</strong></span> <span class='ocrx_word' id='word_1_59' title='bbox 1589 888 1684 943; x_wconf 51' lang='lat' dir='ltr'><strong>Tia</strong></span> 
     </span>
    </p>
   </div>
   <div class='ocr_carea' id='block_1_10' title="bbox 99 980 1679 1052">
    <p class='ocr_par' dir='ltr' id='par_1_10' title="bbox 99 980 1679 1052">
     <span class='ocr_line' id='line_1_10' title="bbox 99 980 1679 1052; baseline -0.001 -16"><span class='ocrx_word' id='word_1_60' title='bbox 99 980 239 1036; x_wconf 84' lang='lat' dir='ltr'><strong>berii</strong></span> <span class='ocrx_word' id='word_1_61' title='bbox 261 981 496 1049; x_wconf 90' lang='lat' dir='ltr'><strong>obitum,</strong></span> <span class='ocrx_word' id='word_1_62' title='bbox 521 981 578 1036; x_wconf 90' lang='lat' dir='ltr'><strong>in</strong></span> <span class='ocrx_word' id='word_1_63' title='bbox 599 981 716 1036; x_wconf 86' lang='lat' dir='ltr'><strong>Caii</strong></span> <span class='ocrx_word' id='word_1_64' title='bbox 736 989 791 1037; x_wconf 88' lang='lat' dir='ltr'><strong>et</strong></span> <span class='ocrx_word' id='word_1_65' title='bbox 817 981 1034 1037; x_wconf 83' lang='lat' dir='ltr'><strong>Claudii</strong></span> <span class='ocrx_word' id='word_1_66' title='bbox 1055 989 1304 1052; x_wconf 82' lang='lat' dir='ltr'><strong>tempora</strong></span> <span class='ocrx_word' id='word_1_67' title='bbox 1333 980 1679 1036; x_wconf 85' lang='lat' dir='ltr'><strong>dill‘unditur.</strong></span> 
     </span>
    </p>
   </div>
   <div class='ocr_carea' id='block_1_11' title="bbox 1778 522 3357 582">
    <p class='ocr_par' dir='ltr' id='par_1_11' title="bbox 1778 522 3357 582">
     <span class='ocr_line' id='line_1_11' title="bbox 1778 522 3357 582; baseline 0.004 -6"><span class='ocrx_word' id='word_1_68' title='bbox 1778 538 1922 576; x_wconf 88' lang='lat' dir='ltr'><strong>mam</strong></span> <span class='ocrx_word' id='word_1_69' title='bbox 1972 523 2232 578; x_wconf 88' lang='lat' dir='ltr'><strong>sedecim.</strong></span> <span class='ocrx_word' id='word_1_70' title='bbox 2293 523 2486 580; x_wconf 85' lang='lat' dir='ltr'><strong>Annus</strong></span> <span class='ocrx_word' id='word_1_71' title='bbox 2537 522 2940 579; x_wconf 86' lang='lat' dir='ltr'><strong>lncarnationis</strong></span> <span class='ocrx_word' id='word_1_72' title='bbox 2992 541 3021 578; x_wconf 91' lang='lat' dir='ltr'><strong>a</strong></span> <span class='ocrx_word' id='word_1_73' title='bbox 3070 524 3357 582; x_wconf 85' lang='lat' dir='ltr'><strong>Panodoro</strong></span> 
     </span>
    </p>
   </div>
   <div class='ocr_carea' id='block_1_12' title="bbox 1779 613 3358 685">
    <p class='ocr_par' dir='ltr' id='par_1_12' title="bbox 1779 613 3358 685">
     <span class='ocr_line' id='line_1_12' title="bbox 1779 613 3358 685; baseline 0.003 -19"><span class='ocrx_word' id='word_1_74' title='bbox 1779 613 1998 669; x_wconf 83' lang='lat' dir='ltr'><strong>habitus</strong></span> <span class='ocrx_word' id='word_1_75' title='bbox 2037 625 2122 668; x_wconf 87' lang='lat' dir='ltr'><strong>est</strong></span> <span class='ocrx_word' id='word_1_76' title='bbox 2150 613 2340 668; x_wconf 87' lang='lat' dir='ltr'><strong>mundi</strong></span> <span class='ocrx_word' id='word_1_77' title='bbox 2369 613 2549 681; x_wconf 54' lang='lat'><strong>5‘93;</strong></span> <span class='ocrx_word' id='word_1_78' title='bbox 2587 630 2697 685; x_wconf 92' lang='lat' dir='ltr'><strong>quo</strong></span> <span class='ocrx_word' id='word_1_79' title='bbox 2731 631 2827 684; x_wconf 91' lang='lat' dir='ltr'><strong>per</strong></span> <span class='ocrx_word' id='word_1_80' title='bbox 2859 616 2924 670; x_wconf 91' lang='grc'><strong>19</strong></span> <span class='ocrx_word' id='word_1_81' title='bbox 2960 617 3190 681; x_wconf 85' lang='lat' dir='ltr'><strong>tributo,</strong></span> <span class='ocrx_word' id='word_1_82' title='bbox 3221 619 3358 670; x_wconf 86' lang='lat' dir='ltr'><strong>resi-</strong></span> 
     </span>
    </p>
   </div>
   <div class='ocr_carea' id='block_1_13' title="bbox 1779 704 3360 776">
    <p class='ocr_par' dir='ltr' id='par_1_13' title="bbox 1779 704 3360 776">
     <span class='ocr_line' id='line_1_13' title="bbox 1779 704 3360 776; baseline 0.003 -18"><span class='ocrx_word' id='word_1_83' title='bbox 1779 704 1923 760; x_wconf 93' lang='lat' dir='ltr'><strong>duus</strong></span> <span class='ocrx_word' id='word_1_84' title='bbox 1959 714 2044 759; x_wconf 91' lang='lat' dir='ltr'><strong>est</strong></span> <span class='ocrx_word' id='word_1_85' title='bbox 2071 706 2258 776; x_wconf 78' lang='lat' dir='ltr'><strong>cyclus</strong></span> <span class='ocrx_word' id='word_1_86' title='bbox 2294 706 2434 760; x_wconf 70' lang='lat' dir='ltr'><strong>luna:</strong></span> <span class='ocrx_word' id='word_1_87' title='bbox 2466 722 2558 771; x_wconf 74' lang='lat' dir='ltr'><strong>XI;</strong></span> <span class='ocrx_word' id='word_1_88' title='bbox 2589 722 2686 776; x_wconf 90' lang='lat' dir='ltr'><strong>per</strong></span> <span class='ocrx_word' id='word_1_89' title='bbox 2718 707 2783 760; x_wconf 92' lang='grc'><strong>15</strong></span> <span class='ocrx_word' id='word_1_90' title='bbox 2817 715 2998 760; x_wconf 87' lang='lat' dir='ltr'><strong>autem</strong></span> <span class='ocrx_word' id='word_1_91' title='bbox 3030 706 3242 762; x_wconf 87' lang='lat' dir='ltr'><strong>divisus</strong></span> <span class='ocrx_word' id='word_1_92' title='bbox 3272 724 3360 762; x_wconf 55' lang='lat' dir='ltr'><strong>rec</strong></span> 
     </span>
    </p>
   </div>
   <div class='ocr_carea' id='block_1_14' title="bbox 1783 796 3359 868">
    <p class='ocr_par' dir='ltr' id='par_1_14' title="bbox 1783 796 3359 868">
     <span class='ocr_line' id='line_1_14' title="bbox 1783 796 3359 868; baseline 0.003 -19"><span class='ocrx_word' id='word_1_93' title='bbox 1783 797 1984 866; x_wconf 91' lang='lat' dir='ltr'><strong>linquit</strong></span> <span class='ocrx_word' id='word_1_94' title='bbox 2011 811 2074 850; x_wconf 87' lang='grc' dir='ltr'><strong>ιιι</strong></span> <span class='ocrx_word' id='word_1_95' title='bbox 2105 814 2120 850; x_wconf 89' lang='lat'><strong>:</strong></span> <span class='ocrx_word' id='word_1_96' title='bbox 2151 796 2382 866; x_wconf 84' lang='lat' dir='ltr'><strong>adjectis</strong></span> <span class='ocrx_word' id='word_1_97' title='bbox 2427 798 2493 852; x_wconf 90' lang='grc'><strong>16</strong></span> <span class='ocrx_word' id='word_1_98' title='bbox 2535 799 2604 853; x_wconf 90' lang='lat' dir='ltr'><strong>ad</strong></span> <span class='ocrx_word' id='word_1_99' title='bbox 2649 798 2810 862; x_wconf 72' lang='grc'><strong>5495,</strong></span> <span class='ocrx_word' id='word_1_100' title='bbox 2857 813 3179 868; x_wconf 82' lang='lat' dir='ltr'><strong>summaque</strong></span> <span class='ocrx_word' id='word_1_101' title='bbox 3217 799 3359 854; x_wconf 85' lang='lat'><strong>5509</strong></span> 
     </span>
    </p>
   </div>
   <div class='ocr_carea' id='block_1_15' title="bbox 1784 888 3359 960">
    <p class='ocr_par' dir='ltr' id='par_1_15' title="bbox 1784 888 3359 960">
     <span class='ocr_line' id='line_1_15' title="bbox 1784 888 3359 960; baseline 0.001 -16"><span class='ocrx_word' id='word_1_102' title='bbox 1784 905 1884 960; x_wconf 90' lang='lat' dir='ltr'><strong>per</strong></span> <span class='ocrx_word' id='word_1_103' title='bbox 1915 889 2106 944; x_wconf 90' lang='lat' dir='ltr'><strong>ambos</strong></span> <span class='ocrx_word' id='word_1_104' title='bbox 2132 891 2319 960; x_wconf 85' lang='lat' dir='ltr'><strong>cyclos</strong></span> <span class='ocrx_word' id='word_1_105' title='bbox 2346 888 2632 955; x_wconf 89' lang='lat' dir='ltr'><strong>distracta,</strong></span> <span class='ocrx_word' id='word_1_106' title='bbox 2669 889 2730 944; x_wconf 81' lang='lat' dir='ltr'><strong>ﬁt</strong></span> <span class='ocrx_word' id='word_1_107' title='bbox 2758 889 2988 943; x_wconf 89' lang='lat' dir='ltr'><strong>indictio</strong></span> <span class='ocrx_word' id='word_1_108' title='bbox 3019 905 3093 955; x_wconf 82' lang='lat' dir='ltr'><strong>tv,</strong></span> <span class='ocrx_word' id='word_1_109' title='bbox 3124 904 3252 944; x_wconf 88' lang='lat' dir='ltr'><strong>cum</strong></span> <span class='ocrx_word' id='word_1_110' title='bbox 3275 892 3359 945; x_wconf 90' lang='lat' dir='ltr'><strong>lu-</strong></span> 
     </span>
    </p>
   </div>
   <div class='ocr_carea' id='block_1_16' title="bbox 1783 979 2980 1052">
    <p class='ocr_par' dir='ltr' id='par_1_16' title="bbox 1783 979 2980 1052">
     <span class='ocr_line' id='line_1_16' title="bbox 1783 979 2980 1052; baseline 0.003 -18"><span class='ocrx_word' id='word_1_111' title='bbox 1783 980 1904 1034; x_wconf 89' lang='lat' dir='ltr'><strong>nari</strong></span> <span class='ocrx_word' id='word_1_112' title='bbox 1933 981 2091 1052; x_wconf 85' lang='lat' dir='ltr'><strong>cyclo</strong></span> <span class='ocrx_word' id='word_1_113' title='bbox 2115 995 2271 1046; x_wconf 69' lang='lat' dir='ltr'><strong>xm],</strong></span> <span class='ocrx_word' id='word_1_114' title='bbox 2298 979 2446 1052; x_wconf 89' lang='lat' dir='ltr'><strong>quod</strong></span> <span class='ocrx_word' id='word_1_115' title='bbox 2468 987 2587 1036; x_wconf 89' lang='lat' dir='ltr'><strong>erat</strong></span> <span class='ocrx_word' id='word_1_116' title='bbox 2615 981 2980 1052; x_wconf 83' lang='lat' dir='ltr'><strong>propositum.</strong></span> 
     </span>
    </p>
   </div>
   <div class='ocr_carea' id='block_1_17' title="bbox 1517 1133 1882 1190">
    <p class='ocr_par' dir='ltr' id='par_1_17' title="bbox 1517 1133 1882 1190">
     <span class='ocr_line' id='line_1_17' title="bbox 1517 1133 1882 1190; baseline 0.008 -4"><span class='ocrx_word' id='word_1_117' title='bbox 1517 1133 1746 1189; x_wconf 79' lang='lat' dir='ltr'><strong>CAPUT</strong></span> <span class='ocrx_word' id='word_1_118' title='bbox 1793 1134 1882 1190; x_wconf 82' lang='lat' dir='ltr'><strong>IV.</strong></span> 
     </span>
    </p>
   </div>
   <div class='ocr_carea' id='block_1_18' title="bbox 99 1252 3359 1375">
    <p class='ocr_par' dir='ltr' id='par_1_18' title="bbox 99 1252 3359 1375">
     <span class='ocr_line' id='line_1_18' title="bbox 99 1252 3359 1375; baseline 0 -65"><span class='ocrx_word' id='word_1_119' title='bbox 99 1257 488 1328; x_wconf 80' lang='lat' dir='ltr'><strong>Fragmentum</strong></span> <span class='ocrx_word' id='word_1_120' title='bbox 522 1255 848 1324; x_wconf 70' lang='lat' dir='ltr'><strong>Theophanis</strong></span> <span class='ocrx_word' id='word_1_121' title='bbox 878 1255 1082 1326; x_wconf 79' lang='lat' dir='ltr'><strong>insigne</strong></span> <span class='ocrx_word' id='word_1_122' title='bbox 1115 1253 1183 1307; x_wconf 85' lang='lat' dir='ltr'><strong>ad</strong></span> <span class='ocrx_word' id='word_1_123' title='bbox 1227 1252 1532 1308; x_wconf 65' lang='lat' dir='ltr'><strong>Graecorum</strong></span> <span class='ocrx_word' id='word_1_124' title='bbox 1561 1263 1926 1375; x_wconf 50' lang='lat' dir='ltr'><strong>conliputorum</strong></span> <span class='ocrx_word' id='word_1_125' title='bbox 1957 1254 2216 1308; x_wconf 84' lang='lat' dir='ltr'><strong>rationem</strong></span> <span class='ocrx_word' id='word_1_126' title='bbox 2250 1254 2654 1323; x_wconf 74' lang='lat' dir='ltr'><strong>explicandam;</strong></span> <span class='ocrx_word' id='word_1_127' title='bbox 2689 1256 2758 1308; x_wconf 87' lang='lat' dir='ltr'><strong>ad</strong></span> <span class='ocrx_word' id='word_1_128' title='bbox 2789 1255 2942 1327; x_wconf 84' lang='lat' dir='ltr'><strong>idque</strong></span> <span class='ocrx_word' id='word_1_129' title='bbox 2973 1255 3134 1313; x_wconf 71' lang='lat' dir='ltr'><strong>Notae</strong></span> <span class='ocrx_word' id='word_1_130' title='bbox 3179 1257 3359 1312; x_wconf 85' lang='lat' dir='ltr'><strong>eodem</strong></span> 
     </span>
     <span class='ocr_line' id='line_1_19' title="bbox 1561 1337 1896 1375; baseline 0 0"><span class='ocrx_word' id='word_1_131' title='bbox 1561 1340 1651 1375; x_wconf 77' lang='lat' dir='ltr'><strong>aer</strong></span> <span class='ocrx_word' id='word_1_132' title='bbox 1677 1337 1896 1375; x_wconf 78' lang='lat' dir='ltr'><strong>mentes.</strong></span> 
     </span>
    </p>
   </div>
   <div class='ocr_carea' id='block_1_19' title="bbox 1560 1337 1896 1393">
    <p class='ocr_par' dir='ltr' id='par_1_19' title="bbox 1560 1337 1896 1393">
     <span class='ocr_line' id='line_1_20' title="bbox 1560 1337 1896 1393; baseline 0.003 -16"><span class='ocrx_word' id='word_1_133' title='bbox 1560 1337 1896 1393; x_wconf 76' lang='lat' dir='ltr'><strong>pertinentes.</strong></span> 
     </span>
    </p>
   </div>
   <div class='ocr_carea' id='block_1_20' title="bbox 171 1441 1672 1516">
    <p class='ocr_par' dir='ltr' id='par_1_20' title="bbox 171 1441 1672 1516">
     <span class='ocr_line' id='line_1_21' title="bbox 171 1441 1672 1516; baseline 0 -20"><span class='ocrx_word' id='word_1_134' title='bbox 171 1444 299 1497; x_wconf 79' lang='grc' dir='ltr'><strong>Ὀτι</strong></span> <span class='ocrx_word' id='word_1_135' title='bbox 326 1442 429 1512; x_wconf 84' lang='grc' dir='ltr'><strong>μὲν</strong></span> <span class='ocrx_word' id='word_1_136' title='bbox 457 1441 642 1513; x_wconf 52' lang='grc' dir='ltr'>,εφλαᾏ</span> <span class='ocrx_word' id='word_1_137' title='bbox 665 1443 781 1512; x_wconf 66' lang='grc' dir='ltr'>οὐχὶ</span> <span class='ocrx_word' id='word_1_138' title='bbox 805 1442 861 1495; x_wconf 78' lang='grc' dir='ltr'><strong>δὲ</strong></span> <span class='ocrx_word' id='word_1_139' title='bbox 886 1443 1048 1513; x_wconf 46' lang='grc' dir='ltr'>δεφλγ¹</span> <span class='ocrx_word' id='word_1_140' title='bbox 1066 1445 1094 1496; x_wconf 84' lang='grc' dir='ltr'>ὁ</span> <span class='ocrx_word' id='word_1_141' title='bbox 1129 1443 1451 1516; x_wconf 80' lang='grc' dir='ltr'>Ἀφρικανὸς</span> <span class='ocrx_word' id='word_1_142' title='bbox 1478 1443 1672 1512; x_wconf 70' lang='grc' dir='ltr'>λέγων,</span> 
     </span>
    </p>
   </div>
   <div class='ocr_carea' id='block_1_21' title="bbox 97 1533 1676 1607">
    <p class='ocr_par' dir='ltr' id='par_1_21' title="bbox 97 1533 1676 1607">
     <span class='ocr_line' id='line_1_22' title="bbox 97 1533 1676 1607; baseline 0 -19"><span class='ocrx_word' id='word_1_143' title='bbox 97 1536 192 1588; x_wconf 78' lang='grc' dir='ltr'><strong>δύο</strong></span> <span class='ocrx_word' id='word_1_144' title='bbox 223 1534 519 1604; x_wconf 66' lang='grc' dir='ltr'>σφάλλεται</span> <span class='ocrx_word' id='word_1_145' title='bbox 549 1533 665 1605; x_wconf 79' lang='grc' dir='ltr'>ἔτη,</span> <span class='ocrx_word' id='word_1_146' title='bbox 695 1534 834 1587; x_wconf 88' lang='grc' dir='ltr'><strong>κατά</strong></span> <span class='ocrx_word' id='word_1_147' title='bbox 854 1534 952 1605; x_wconf 81' lang='grc' dir='ltr'><strong>τὴν</strong></span> <span class='ocrx_word' id='word_1_148' title='bbox 976 1535 1178 1607; x_wconf 77' lang='grc' dir='ltr'><strong>ἀψευδῆ</strong></span> <span class='ocrx_word' id='word_1_149' title='bbox 1204 1536 1311 1588; x_wconf 86' lang='grc' dir='ltr'>τῶν</span> <span class='ocrx_word' id='word_1_150' title='bbox 1332 1535 1676 1604; x_wconf 77' lang='grc' dir='ltr'>Εὑαγγελίων</span> 
     </span>
    </p>
   </div>
   <div class='ocr_carea' id='block_1_22' title="bbox 101 1624 1676 1699">
    <p class='ocr_par' dir='ltr' id='par_1_22' title="bbox 101 1624 1676 1699">
     <span class='ocr_line' id='line_1_23' title="bbox 101 1624 1676 1699; baseline -0.001 -19"><span class='ocrx_word' id='word_1_151' title='bbox 101 1629 400 1698; x_wconf 76' lang='grc' dir='ltr'><strong>ὑφήγησιν·</strong></span> <span class='ocrx_word' id='word_1_152' title='bbox 433 1629 448 1658; x_wconf 85' lang='grc'>¹</span> <span class='ocrx_word' id='word_1_153' title='bbox 481 1627 745 1698; x_wconf 81' lang='grc' dir='ltr'>πρόδηλον</span> <span class='ocrx_word' id='word_1_154' title='bbox 780 1627 908 1696; x_wconf 82' lang='grc' dir='ltr'>γὰρ,</span> <span class='ocrx_word' id='word_1_155' title='bbox 938 1627 1019 1680; x_wconf 85' lang='grc' dir='ltr'><strong>ὅτι</strong></span> <span class='ocrx_word' id='word_1_156' title='bbox 1052 1626 1129 1696; x_wconf 79' lang='grc' dir='ltr'><strong>τῷ</strong></span> <span class='ocrx_word' id='word_1_157' title='bbox 1167 1624 1210 1680; x_wconf 88' lang='grc' dir='ltr'>λ’</span> <span class='ocrx_word' id='word_1_158' title='bbox 1244 1627 1354 1680; x_wconf 77' lang='grc' dir='ltr'>ἔτει</span> <span class='ocrx_word' id='word_1_159' title='bbox 1391 1627 1676 1699; x_wconf 79' lang='grc' dir='ltr'>ἀρχομένῳ</span> 
     </span>
    </p>
   </div>
   <div class='ocr_carea' id='block_1_23' title="bbox 101 1718 1673 1792">
    <p class='ocr_par' dir='ltr' id='par_1_23' title="bbox 101 1718 1673 1792">
     <span class='ocr_line' id='line_1_24' title="bbox 101 1718 1673 1792; baseline -0.001 -19"><span class='ocrx_word' id='word_1_160' title='bbox 101 1738 228 1785; x_wconf 86' lang='grc' dir='ltr'>που,</span> <span class='ocrx_word' id='word_1_161' title='bbox 276 1721 310 1791; x_wconf 81' lang='grc' dir='ltr'><strong>ἢ</strong></span> <span class='ocrx_word' id='word_1_162' title='bbox 365 1719 546 1790; x_wconf 82' lang='grc' dir='ltr'>μικρῷ</span> <span class='ocrx_word' id='word_1_163' title='bbox 581 1719 736 1790; x_wconf 84' lang='grc' dir='ltr'>πρὸς,</span> <span class='ocrx_word' id='word_1_164' title='bbox 782 1718 816 1790; x_wconf 78' lang='grc' dir='ltr'><strong>ἦ</strong></span> <span class='ocrx_word' id='word_1_165' title='bbox 861 1719 1100 1783; x_wconf 73' lang='grc' dir='ltr'>ἔλαττον,</span> <span class='ocrx_word' id='word_1_166' title='bbox 1145 1719 1234 1774; x_wconf 85' lang='grc' dir='ltr'><strong>διὰ</strong></span> <span class='ocrx_word' id='word_1_167' title='bbox 1275 1721 1335 1773; x_wconf 83' lang='grc' dir='ltr'>τὸ</span> <span class='ocrx_word' id='word_1_168' title='bbox 1366 1721 1673 1792; x_wconf 73' lang='grc' dir='ltr'><strong>εἰρημένον,</strong></span> 
     </span>
    </p>
   </div>
   <div class='ocr_carea' id='block_1_24' title="bbox 1853 1442 3358 1518">
    <p class='ocr_par' dir='ltr' id='par_1_24' title="bbox 1853 1442 3358 1518">
     <span class='ocr_line' id='line_1_25' title="bbox 1853 1442 3358 1518; baseline 0.003 -22"><span class='ocrx_word' id='word_1_169' title='bbox 1853 1442 2008 1509; x_wconf 84' lang='lat' dir='ltr'><strong>Quod</strong></span> <span class='ocrx_word' id='word_1_170' title='bbox 2060 1443 2357 1500; x_wconf 80' lang='lat' dir='ltr'><strong>Africanus</strong></span> <span class='ocrx_word' id='word_1_171' title='bbox 2407 1460 2584 1501; x_wconf 90' lang='lat' dir='ltr'><strong>annos</strong></span> <span class='ocrx_word' id='word_1_172' title='bbox 2648 1445 2740 1517; x_wconf 85' lang='lat' dir='ltr'><strong>(ad</strong></span> <span class='ocrx_word' id='word_1_173' title='bbox 2785 1446 2985 1502; x_wconf 78' lang='lat' dir='ltr'><strong>Christi</strong></span> <span class='ocrx_word' id='word_1_174' title='bbox 3035 1449 3358 1518; x_wconf 71' lang='lat' dir='ltr'><strong>passionem)</strong></span> 
     </span>
    </p>
   </div>
   <div class='ocr_carea' id='block_1_25' title="bbox 1780 1533 3358 1608">
    <p class='ocr_par' dir='ltr' id='par_1_25' title="bbox 1780 1533 3358 1608">
     <span class='ocr_line' id='line_1_26' title="bbox 1780 1533 3358 1608; baseline 0.003 -22"><span class='ocrx_word' id='word_1_175' title='bbox 1780 1540 2106 1603; x_wconf 88' lang='lat' dir='ltr'><strong>computans</strong></span> <span class='ocrx_word' id='word_1_176' title='bbox 2146 1533 2308 1597; x_wconf 84' lang='grc'><strong>5551,</strong></span> <span class='ocrx_word' id='word_1_177' title='bbox 2346 1549 2456 1588; x_wconf 90' lang='lat' dir='ltr'><strong>non</strong></span> <span class='ocrx_word' id='word_1_178' title='bbox 2489 1534 2652 1598; x_wconf 77' lang='grc'><strong>5555,</strong></span> <span class='ocrx_word' id='word_1_179' title='bbox 2688 1542 2748 1589; x_wconf 86' lang='lat' dir='ltr'><strong>ut</strong></span> <span class='ocrx_word' id='word_1_180' title='bbox 2780 1537 2997 1592; x_wconf 87' lang='lat' dir='ltr'><strong>sincera</strong></span> <span class='ocrx_word' id='word_1_181' title='bbox 3033 1537 3358 1608; x_wconf 83' lang='lat' dir='ltr'><strong>Evangeliu-</strong></span> 
     </span>
    </p>
   </div>
   <div class='ocr_carea' id='block_1_26' title="bbox 1781 1625 3362 1690">
    <p class='ocr_par' dir='ltr' id='par_1_26' title="bbox 1781 1625 3362 1690">
     <span class='ocr_line' id='line_1_27' title="bbox 1781 1625 3362 1690; baseline 0.005 -14"><span class='ocrx_word' id='word_1_182' title='bbox 1781 1639 1903 1677; x_wconf 89' lang='lat' dir='ltr'><strong>rum</strong></span> <span class='ocrx_word' id='word_1_183' title='bbox 1935 1625 2178 1680; x_wconf 78' lang='lat' dir='ltr'><strong>narratio</strong></span> <span class='ocrx_word' id='word_1_184' title='bbox 2207 1626 2474 1690; x_wconf 85' lang='lat' dir='ltr'><strong>continet,</strong></span> <span class='ocrx_word' id='word_1_185' title='bbox 2509 1626 2726 1682; x_wconf 86' lang='lat' dir='ltr'><strong>duobus</strong></span> <span class='ocrx_word' id='word_1_186' title='bbox 2763 1628 2924 1684; x_wconf 87' lang='lat' dir='ltr'><strong>annis</strong></span> <span class='ocrx_word' id='word_1_187' title='bbox 2971 1628 3199 1685; x_wconf 83' lang='lat' dir='ltr'><strong>fallitur.</strong></span> <span class='ocrx_word' id='word_1_188' title='bbox 3248 1629 3362 1684; x_wconf 74' lang='lat' dir='ltr'><strong>Ma—</strong></span> 
     </span>
    </p>
   </div>
   <div class='ocr_carea' id='block_1_27' title="bbox 1782 1714 3356 1784">
    <p class='ocr_par' dir='ltr' id='par_1_27' title="bbox 1782 1714 3356 1784">
     <span class='ocr_line' id='line_1_28' title="bbox 1782 1714 3356 1784; baseline 0.004 -17"><span class='ocrx_word' id='word_1_189' title='bbox 1782 1714 2042 1770; x_wconf 78' lang='lat' dir='ltr'><strong>nifestum</strong></span> <span class='ocrx_word' id='word_1_190' title='bbox 2077 1723 2161 1771; x_wconf 83' lang='lat' dir='ltr'><strong>est</strong></span> <span class='ocrx_word' id='word_1_191' title='bbox 2194 1717 2367 1772; x_wconf 90' lang='lat' dir='ltr'><strong>enim-</strong></span> <span class='ocrx_word' id='word_1_192' title='bbox 2390 1731 2536 1771; x_wconf 89' lang='lat' dir='ltr'><strong>anno</strong></span> <span class='ocrx_word' id='word_1_193' title='bbox 2576 1717 2858 1774; x_wconf 88' lang='lat' dir='ltr'><strong>Christum</strong></span> <span class='ocrx_word' id='word_1_194' title='bbox 2894 1721 3356 1784; x_wconf 62' lang='lat' dir='ltr'><strong>aatatisjneunte,</strong></span> 
     </span>
    </p>
   </div>
   <div class='ocr_carea' id='block_1_28' title="bbox 113 1792 1676 1883">
    <p class='ocr_par' dir='ltr' id='par_1_28' title="bbox 113 1809 1676 1883">
     <span class='ocr_line' id='line_1_29' title="bbox 113 1809 1676 1883; baseline -0.001 -18"><span class='ocrx_word' id='word_1_195' title='bbox 113 1812 350 1879; x_wconf 81' lang='grc' dir='ltr'>Ἰησοῦς</span> <span class='ocrx_word' id='word_1_196' title='bbox 373 1811 441 1865; x_wconf 83' lang='grc' dir='ltr'><strong>δὲ</strong></span> <span class='ocrx_word' id='word_1_197' title='bbox 472 1809 550 1882; x_wconf 80' lang='grc' dir='ltr'><strong>ἦν</strong></span> <span class='ocrx_word' id='word_1_198' title='bbox 573 1811 715 1866; x_wconf 81' lang='grc' dir='ltr'>ὡσεὶ</span> <span class='ocrx_word' id='word_1_199' title='bbox 740 1811 891 1866; x_wconf 83' lang='grc' dir='ltr'><strong>ἐτῶν</strong></span> <span class='ocrx_word' id='word_1_200' title='bbox 913 1815 986 1876; x_wconf 80' lang='lat'><strong>.1&#39;,</strong></span> <span class='ocrx_word' id='word_1_201' title='bbox 1005 1812 1153 1883; x_wconf 86' lang='grc' dir='ltr'><strong>παρά</strong></span> <span class='ocrx_word' id='word_1_202' title='bbox 1173 1811 1251 1882; x_wconf 82' lang='grc' dir='ltr'><strong>τῷ</strong></span> <span class='ocrx_word' id='word_1_203' title='bbox 1276 1813 1494 1883; x_wconf 84' lang='grc' dir='ltr'>μεγάλῳ</span> <span class='ocrx_word' id='word_1_204' title='bbox 1521 1813 1676 1881; x_wconf 80' lang='grc' dir='ltr'>εὐαγ-</span> 
     </span>
    </p>
   </div>
   <div class='ocr_carea' id='block_1_29' title="bbox 1785 1792 3356 1883">
    <p class='ocr_par' dir='ltr' id='par_1_29' title="bbox 1785 1808 3356 1878">
     <span class='ocr_line' id='line_1_30' title="bbox 1785 1808 3356 1878; baseline 0.004 -18"><span class='ocrx_word' id='word_1_205' title='bbox 1785 1808 1884 1863; x_wconf 89' lang='lat' dir='ltr'><strong>hoc</strong></span> <span class='ocrx_word' id='word_1_206' title='bbox 1914 1817 1998 1863; x_wconf 91' lang='lat' dir='ltr'><strong>est</strong></span> <span class='ocrx_word' id='word_1_207' title='bbox 2029 1809 2193 1878; x_wconf 87' lang='lat' dir='ltr'><strong>paulo</strong></span> <span class='ocrx_word' id='word_1_208' title='bbox 2239 1809 2362 1878; x_wconf 87' lang='lat' dir='ltr'><strong>plus</strong></span> <span class='ocrx_word' id='word_1_209' title='bbox 2398 1809 2670 1873; x_wconf 81' lang='lat' dir='ltr'><strong>minusve,</strong></span> <span class='ocrx_word' id='word_1_210' title='bbox 2705 1810 3007 1874; x_wconf 90' lang='lat' dir='ltr'><strong>tricesimo,</strong></span> <span class='ocrx_word' id='word_1_211' title='bbox 3052 1815 3356 1867; x_wconf 85' lang='lat' dir='ltr'><strong>secundum</strong></span> 
     </span>
    </p>
   </div>
   <div class='ocr_carea' id='block_1_30' title="bbox 100 1901 1678 1974">
    <p class='ocr_par' dir='ltr' id='par_1_30' title="bbox 100 1901 1678 1974">
     <span class='ocr_line' id='line_1_31' title="bbox 100 1901 1678 1974; baseline 0.001 -20"><span class='ocrx_word' id='word_1_212' title='bbox 100 1903 324 1973; x_wconf 79' lang='grc' dir='ltr'>γελιστῇ</span> <span class='ocrx_word' id='word_1_213' title='bbox 364 1903 568 1973; x_wconf 73' lang='grc' dir='ltr'>Λουκᾷ,</span> <span class='ocrx_word' id='word_1_214' title='bbox 609 1901 929 1974; x_wconf 76' lang='grc' dir='ltr'>ἐϐαπτίσθη,</span> <span class='ocrx_word' id='word_1_215' title='bbox 963 1903 1056 1956; x_wconf 73' lang='grc' dir='ltr'>καὶ</span> <span class='ocrx_word' id='word_1_216' title='bbox 1082 1902 1320 1970; x_wconf 77' lang='grc' dir='ltr'><strong>ἐδίδαξεν</strong></span> <span class='ocrx_word' id='word_1_217' title='bbox 1361 1903 1454 1956; x_wconf 73' lang='grc' dir='ltr'><strong>καὶ</strong></span> <span class='ocrx_word' id='word_1_218' title='bbox 1487 1902 1678 1974; x_wconf 77' lang='grc' dir='ltr'>ἑθερά-</span> 
     </span>
    </p>
   </div>
   <div class='ocr_carea' id='block_1_31' title="bbox 101 1993 1680 2066">
    <p class='ocr_par' dir='ltr' id='par_1_31' title="bbox 101 1993 1680 2066">
     <span class='ocr_line' id='line_1_32' title="bbox 101 1993 1680 2066; baseline -0.001 -18"><span class='ocrx_word' id='word_1_219' title='bbox 101 2009 275 2048; x_wconf 83' lang='grc' dir='ltr'>πευσε</span> <span class='ocrx_word' id='word_1_220' title='bbox 320 1994 501 2046; x_wconf 78' lang='grc' dir='ltr'>πᾶσαν</span> <span class='ocrx_word' id='word_1_221' title='bbox 546 1995 720 2056; x_wconf 85' lang='grc' dir='ltr'>νόσον,</span> <span class='ocrx_word' id='word_1_222' title='bbox 756 1993 848 2046; x_wconf 68' lang='grc' dir='ltr'><strong>κα)⁸</strong></span> <span class='ocrx_word' id='word_1_223' title='bbox 890 1995 1066 2046; x_wconf 69' lang='grc' dir='ltr'>πᾶσαν</span> <span class='ocrx_word' id='word_1_224' title='bbox 1102 1993 1373 2064; x_wconf 80' lang='grc' dir='ltr'><strong>μαλακίαν</strong></span> <span class='ocrx_word' id='word_1_225' title='bbox 1418 1995 1512 2047; x_wconf 74' lang='grc' dir='ltr'><strong>ἐπὶ</strong></span> <span class='ocrx_word' id='word_1_226' title='bbox 1554 1993 1680 2066; x_wconf 89' lang='grc' dir='ltr'>τρία</span> 
     </span>
    </p>
   </div>
   <div class='ocr_carea' id='block_1_32' title="bbox 99 2081 1680 2157">
    <p class='ocr_par' dir='ltr' id='par_1_32' title="bbox 99 2081 1680 2157">
     <span class='ocr_line' id='line_1_33' title="bbox 99 2081 1680 2157; baseline 0.001 -21"><span class='ocrx_word' id='word_1_227' title='bbox 99 2085 219 2154; x_wconf 76' lang='grc' dir='ltr'>ἔτηο</span> <span class='ocrx_word' id='word_1_228' title='bbox 266 2083 344 2146; x_wconf 82' lang='grc' dir='ltr'><strong>ὡς</strong></span> <span class='ocrx_word' id='word_1_229' title='bbox 389 2081 528 2137; x_wconf 78' lang='grc' dir='ltr'>εἶναι</span> <span class='ocrx_word' id='word_1_230' title='bbox 566 2084 657 2138; x_wconf 80' lang='grc' dir='ltr'>τὸν</span> <span class='ocrx_word' id='word_1_231' title='bbox 693 2083 801 2138; x_wconf 76' lang='grc' dir='ltr'><strong>ἀπὸ</strong></span> <span class='ocrx_word' id='word_1_232' title='bbox 843 2084 942 2154; x_wconf 80' lang='grc' dir='ltr'><strong>τῆς</strong></span> <span class='ocrx_word' id='word_1_233' title='bbox 981 2083 1130 2147; x_wconf 80' lang='grc' dir='ltr'>θείας</span> <span class='ocrx_word' id='word_1_234' title='bbox 1163 2083 1476 2157; x_wconf 80' lang='grc' dir='ltr'><strong>συλλήψεως</strong></span> <span class='ocrx_word' id='word_1_235' title='bbox 1515 2085 1680 2138; x_wconf 79' lang='grc' dir='ltr'>αὑτοῦ</span> 
     </span>
    </p>
   </div>
   <div class='ocr_carea' id='block_1_33' title="bbox 98 2175 1678 2251">
    <p class='ocr_par' dir='ltr' id='par_1_33' title="bbox 98 2175 1678 2251">
     <span class='ocr_line' id='line_1_34' title="bbox 98 2175 1678 2251; baseline 0.001 -21"><span class='ocrx_word' id='word_1_236' title='bbox 98 2179 295 2248; x_wconf 79' lang='grc' dir='ltr'>χρόνον</span> <span class='ocrx_word' id='word_1_237' title='bbox 342 2177 646 2248; x_wconf 80' lang='grc' dir='ltr'>ἀρξάμενον</span> <span class='ocrx_word' id='word_1_238' title='bbox 687 2175 765 2247; x_wconf 81' lang='grc' dir='ltr'>τῷ</span> <span class='ocrx_word' id='word_1_239' title='bbox 795 2176 962 2248; x_wconf 66' lang='grc' dir='ltr'>,εφλα’</span> <span class='ocrx_word' id='word_1_240' title='bbox 987 2180 1005 2209; x_wconf 86' lang='grc'>³</span> <span class='ocrx_word' id='word_1_241' title='bbox 1045 2178 1153 2230; x_wconf 76' lang='grc' dir='ltr'>ἔτει</span> <span class='ocrx_word' id='word_1_242' title='bbox 1198 2178 1291 2231; x_wconf 83' lang='grc' dir='ltr'><strong>τοῦ</strong></span> <span class='ocrx_word' id='word_1_243' title='bbox 1337 2179 1565 2250; x_wconf 79' lang='grc' dir='ltr'><strong>κόσμου,</strong></span> <span class='ocrx_word' id='word_1_244' title='bbox 1612 2181 1678 2251; x_wconf 78' lang='grc' dir='ltr'><strong>τῇ</strong></span> 
     </span>
    </p>
   </div>
   <div class='ocr_carea' id='block_1_34' title="bbox 100 2266 1676 2340">
    <p class='ocr_par' dir='ltr' id='par_1_34' title="bbox 100 2266 1676 2340">
     <span class='ocr_line' id='line_1_35' title="bbox 100 2266 1676 2340; baseline 0.001 -21"><span class='ocrx_word' id='word_1_245' title='bbox 100 2266 296 2338; x_wconf 80' lang='grc' dir='ltr'>πρώτη</span> <span class='ocrx_word' id='word_1_246' title='bbox 321 2267 415 2320; x_wconf 78' lang='grc' dir='ltr'>τοῦ</span> <span class='ocrx_word' id='word_1_247' title='bbox 451 2267 854 2337; x_wconf 83' lang='grc' dir='ltr'>πρωτοκτίστου</span> <span class='ocrx_word' id='word_1_248' title='bbox 897 2267 1063 2337; x_wconf 81' lang='grc' dir='ltr'>μηνὸς</span> <span class='ocrx_word' id='word_1_249' title='bbox 1092 2267 1284 2334; x_wconf 83' lang='grc' dir='ltr'>Νισὰν,</span> <span class='ocrx_word' id='word_1_250' title='bbox 1321 2269 1550 2340; x_wconf 83' lang='grc' dir='ltr'>Μαρτίῳ</span> <span class='ocrx_word' id='word_1_251' title='bbox 1581 2270 1676 2334; x_wconf 86' lang='grc' dir='ltr'>κε’,</span> 
     </span>
    </p>
   </div>
   <div class='ocr_carea' id='block_1_35' title="bbox 101 2359 1680 2432">
    <p class='ocr_par' dir='ltr' id='par_1_35' title="bbox 101 2359 1680 2432">
     <span class='ocr_line' id='line_1_36' title="bbox 101 2359 1680 2432; baseline 0.001 -21"><span class='ocrx_word' id='word_1_252' title='bbox 101 2361 269 2430; x_wconf 84' lang='grc' dir='ltr'>μέχρι</span> <span class='ocrx_word' id='word_1_253' title='bbox 314 2360 415 2428; x_wconf 84' lang='grc' dir='ltr'>τῆς</span> <span class='ocrx_word' id='word_1_254' title='bbox 464 2359 724 2422; x_wconf 82' lang='grc' dir='ltr'>ζωοποιοῦ</span> <span class='ocrx_word' id='word_1_255' title='bbox 779 2360 1124 2423; x_wconf 79' lang='grc' dir='ltr'><strong>ἀναστάσεως</strong></span> <span class='ocrx_word' id='word_1_256' title='bbox 1177 2360 1318 2414; x_wconf 85' lang='grc' dir='ltr'><strong>κατά</strong></span> <span class='ocrx_word' id='word_1_257' title='bbox 1363 2360 1460 2432; x_wconf 76' lang='grc' dir='ltr'>τὴν</span> <span class='ocrx_word' id='word_1_258' title='bbox 1509 2362 1680 2431; x_wconf 78' lang='grc' dir='ltr'>αὐτὴν</span> 
     </span>
    </p>
   </div>
   <div class='ocr_carea' id='block_1_36' title="bbox 101 2449 1680 2522">
    <p class='ocr_par' dir='ltr' id='par_1_36' title="bbox 101 2449 1680 2522">
     <span class='ocr_line' id='line_1_37' title="bbox 101 2449 1680 2522; baseline 0.002 -20"><span class='ocrx_word' id='word_1_259' title='bbox 101 2449 495 2519; x_wconf 74' lang='grc' dir='ltr'>συμπεσοῦσαν</span> <span class='ocrx_word' id='word_1_260' title='bbox 536 2450 751 2521; x_wconf 81' lang='grc' dir='ltr'>ἡμέραν</span> <span class='ocrx_word' id='word_1_261' title='bbox 799 2449 878 2502; x_wconf 84' lang='grc' dir='ltr'><strong>κε’</strong></span> <span class='ocrx_word' id='word_1_262' title='bbox 922 2452 1189 2522; x_wconf 76' lang='grc' dir='ltr'><strong>Μαρτίου,</strong></span> <span class='ocrx_word' id='word_1_263' title='bbox 1241 2450 1378 2503; x_wconf 82' lang='grc' dir='ltr'><strong>ὲτῶν</strong></span> <span class='ocrx_word' id='word_1_264' title='bbox 1428 2450 1530 2519; x_wconf 58' lang='grc' dir='ltr'><strong>λγ,</strong></span> <span class='ocrx_word' id='word_1_265' title='bbox 1586 2453 1680 2505; x_wconf 73' lang='grc' dir='ltr'>καὶ</span> 
     </span>
    </p>
   </div>
   <div class='ocr_carea' id='block_1_37' title="bbox 99 2540 1680 2615">
    <p class='ocr_par' dir='ltr' id='par_1_37' title="bbox 99 2540 1680 2615">
     <span class='ocr_line' id='line_1_38' title="bbox 99 2540 1680 2615; baseline 0 -19"><span class='ocrx_word' id='word_1_266' title='bbox 99 2544 319 2614; x_wconf 77' lang='grc' dir='ltr'>ἡμέρας</span> <span class='ocrx_word' id='word_1_267' title='bbox 361 2544 490 2614; x_wconf 85' lang='grc' dir='ltr'>μιᾶς</span> <span class='ocrx_word' id='word_1_268' title='bbox 522 2542 598 2613; x_wconf 82' lang='grc' dir='ltr'>τῷ</span> <span class='ocrx_word' id='word_1_269' title='bbox 629 2543 784 2615; x_wconf 53' lang='grc' dir='ltr'>,εφλᾶ</span> <span class='ocrx_word' id='word_1_270' title='bbox 819 2543 928 2596; x_wconf 74' lang='grc' dir='ltr'>ἔτει</span> <span class='ocrx_word' id='word_1_271' title='bbox 959 2544 1243 2614; x_wconf 79' lang='grc' dir='ltr'>ἀρξαμένη</span> <span class='ocrx_word' id='word_1_272' title='bbox 1267 2543 1286 2574; x_wconf 90' lang='grc'>³</span> <span class='ocrx_word' id='word_1_273' title='bbox 1306 2560 1318 2573; x_wconf 89' lang='grc'><strong>·</strong></span> <span class='ocrx_word' id='word_1_274' title='bbox 1359 2544 1452 2612; x_wconf 75' lang='grc' dir='ltr'>ἀφ’</span> <span class='ocrx_word' id='word_1_275' title='bbox 1483 2540 1550 2615; x_wconf 80' lang='grc' dir='ltr'><strong>ἧς</strong></span> <span class='ocrx_word' id='word_1_276' title='bbox 1589 2545 1680 2596; x_wconf 73' lang='grc' dir='ltr'><strong>ἐπὶ</strong></span> 
     </span>
    </p>
   </div>
   <div class='ocr_carea' id='block_1_38' title="bbox 99 2633 1680 2706">
    <p class='ocr_par' dir='ltr' id='par_1_38' title="bbox 99 2633 1680 2706">
     <span class='ocr_line' id='line_1_39' title="bbox 99 2633 1680 2706; baseline 0.001 -20"><span class='ocrx_word' id='word_1_277' title='bbox 99 2636 201 2704; x_wconf 68' lang='grc' dir='ltr'>τὴν</span> <span class='ocrx_word' id='word_1_278' title='bbox 230 2637 311 2699; x_wconf 87' lang='grc' dir='ltr'>είς</span> <span class='ocrx_word' id='word_1_279' title='bbox 343 2635 603 2704; x_wconf 72' lang='grc' dir='ltr'>οὐρανοὺς</span> <span class='ocrx_word' id='word_1_280' title='bbox 631 2635 767 2706; x_wconf 84' lang='grc' dir='ltr'><strong>μετά</strong></span> <span class='ocrx_word' id='word_1_281' title='bbox 796 2634 1042 2706; x_wconf 89' lang='grc' dir='ltr'>σώματος</span> <span class='ocrx_word' id='word_1_282' title='bbox 1075 2635 1351 2706; x_wconf 82' lang='grc' dir='ltr'>θεοπρεπῆ</span> <span class='ocrx_word' id='word_1_283' title='bbox 1383 2633 1529 2688; x_wconf 89' lang='grc' dir='ltr'>θείαν</span> <span class='ocrx_word' id='word_1_284' title='bbox 1553 2635 1680 2688; x_wconf 85' lang='grc' dir='ltr'>ἀνά-</span> 
     </span>
    </p>
   </div>
   <div class='ocr_carea' id='block_1_39' title="bbox 97 2724 1680 2797">
    <p class='ocr_par' dir='ltr' id='par_1_39' title="bbox 97 2724 1680 2797">
     <span class='ocr_line' id='line_1_40' title="bbox 97 2724 1680 2797; baseline 0 -20"><span class='ocrx_word' id='word_1_285' title='bbox 97 2725 263 2796; x_wconf 73' lang='grc' dir='ltr'>ληψιν</span> <span class='ocrx_word' id='word_1_286' title='bbox 291 2726 499 2797; x_wconf 75' lang='grc' dir='ltr'>ἡμέραι</span> <span class='ocrx_word' id='word_1_287' title='bbox 531 2724 604 2794; x_wconf 86' lang='grc' dir='ltr'>μ’.</span> <span class='ocrx_word' id='word_1_288' title='bbox 643 2727 707 2778; x_wconf 77' lang='grc' dir='ltr'><strong>Εἰ</strong></span> <span class='ocrx_word' id='word_1_289' title='bbox 745 2725 801 2778; x_wconf 86' lang='grc' dir='ltr'><strong>δέ</strong></span> <span class='ocrx_word' id='word_1_290' title='bbox 839 2742 922 2789; x_wconf 89' lang='grc' dir='ltr'>τις</span> <span class='ocrx_word' id='word_1_291' title='bbox 961 2726 1180 2778; x_wconf 86' lang='grc' dir='ltr'>ἀπιστεῖ</span> <span class='ocrx_word' id='word_1_292' title='bbox 1214 2728 1326 2788; x_wconf 84' lang='grc' dir='ltr'>τοῖς</span> <span class='ocrx_word' id='word_1_293' title='bbox 1370 2725 1680 2796; x_wconf 80' lang='grc' dir='ltr'><strong>λεγομένοις</strong></span> 
     </span>
    </p>
   </div>
   <div class='ocr_carea' id='block_1_40' title="bbox 98 2816 1681 2889">
    <p class='ocr_par' dir='ltr' id='par_1_40' title="bbox 98 2816 1681 2889">
     <span class='ocr_line' id='line_1_41' title="bbox 98 2816 1681 2889; baseline 0.001 -20"><span class='ocrx_word' id='word_1_294' title='bbox 98 2818 234 2888; x_wconf 74' lang='grc' dir='ltr'>περὶ</span> <span class='ocrx_word' id='word_1_295' title='bbox 261 2817 432 2888; x_wconf 71' lang='grc' dir='ltr'>αὐτῆς</span> <span class='ocrx_word' id='word_1_296' title='bbox 463 2816 724 2886; x_wconf 87' lang='grc' dir='ltr'>πολλαχοῦ</span> <span class='ocrx_word' id='word_1_297' title='bbox 750 2816 1068 2889; x_wconf 82' lang='grc' dir='ltr'>λεγομένης,</span> <span class='ocrx_word' id='word_1_298' title='bbox 1096 2819 1176 2871; x_wconf 80' lang='grc' dir='ltr'><strong>ὅτι</strong></span> <span class='ocrx_word' id='word_1_299' title='bbox 1207 2819 1264 2871; x_wconf 81' lang='grc' dir='ltr'>ὲν</span> <span class='ocrx_word' id='word_1_300' title='bbox 1297 2819 1432 2889; x_wconf 81' lang='grc' dir='ltr'>αὐτῇ</span> <span class='ocrx_word' id='word_1_301' title='bbox 1462 2819 1552 2870; x_wconf 71' lang='grc' dir='ltr'>τὸν</span> <span class='ocrx_word' id='word_1_302' title='bbox 1586 2817 1681 2870; x_wconf 90' lang='grc' dir='ltr'>θά-</span> 
     </span>
    </p>
   </div>
   <div class='ocr_carea' id='block_1_41' title="bbox 97 2908 1678 2982">
    <p class='ocr_par' dir='ltr' id='par_1_41' title="bbox 97 2908 1678 2982">
     <span class='ocr_line' id='line_1_42' title="bbox 97 2908 1678 2982; baseline 0.001 -21"><span class='ocrx_word' id='word_1_303' title='bbox 97 2926 261 2962; x_wconf 85' lang='grc' dir='ltr'>νατον</span> <span class='ocrx_word' id='word_1_304' title='bbox 303 2909 554 2980; x_wconf 82' lang='grc' dir='ltr'><strong>πατήσας</strong></span> <span class='ocrx_word' id='word_1_305' title='bbox 584 2911 612 2963; x_wconf 81' lang='grc' dir='ltr'>ὁ</span> <span class='ocrx_word' id='word_1_306' title='bbox 640 2908 844 2980; x_wconf 79' lang='grc' dir='ltr'>Κύριος</span> <span class='ocrx_word' id='word_1_307' title='bbox 883 2909 1038 2980; x_wconf 81' lang='grc' dir='ltr'>ἡμῶν</span> <span class='ocrx_word' id='word_1_308' title='bbox 1074 2911 1462 2982; x_wconf 81' lang='grc' dir='ltr'>πρωτοκτίστῳ</span> <span class='ocrx_word' id='word_1_309' title='bbox 1498 2910 1678 2981; x_wconf 80' lang='grc' dir='ltr'>ἡμέρᾳ</span> 
     </span>
    </p>
   </div>
   <div class='ocr_carea' id='block_1_42' title="bbox 94 3000 1678 3074">
    <p class='ocr_par' dir='ltr' id='par_1_42' title="bbox 94 3000 1678 3074">
     <span class='ocr_line' id='line_1_43' title="bbox 94 3000 1678 3074; baseline 0 -20"><span class='ocrx_word' id='word_1_310' title='bbox 94 3000 250 3071; x_wconf 75' lang='grc' dir='ltr'><strong>ζωὴν</strong></span> <span class='ocrx_word' id='word_1_311' title='bbox 282 3003 418 3072; x_wconf 79' lang='grc' dir='ltr'>ἡμῖν</span> <span class='ocrx_word' id='word_1_312' title='bbox 455 3001 520 3053; x_wconf 85' lang='grc' dir='ltr'><strong>ὲκ</strong></span> <span class='ocrx_word' id='word_1_313' title='bbox 545 3000 754 3072; x_wconf 84' lang='grc' dir='ltr'>νεκρῶν</span> <span class='ocrx_word' id='word_1_314' title='bbox 783 3002 1051 3071; x_wconf 74' lang='grc' dir='ltr'><strong>ὲπήγασεο</strong></span> <span class='ocrx_word' id='word_1_315' title='bbox 1077 3001 1346 3054; x_wconf 86' lang='grc' dir='ltr'><strong>σκοπείτω</strong></span> <span class='ocrx_word' id='word_1_316' title='bbox 1373 3004 1450 3064; x_wconf 84' lang='grc' dir='ltr'>είς</span> <span class='ocrx_word' id='word_1_317' title='bbox 1479 3001 1576 3074; x_wconf 78' lang='grc' dir='ltr'><strong>τὴν</strong></span> <span class='ocrx_word' id='word_1_318' title='bbox 1612 3001 1678 3054; x_wconf 83' lang='grc' dir='ltr'>ια’</span> 
     </span>
    </p>
   </div>
   <div class='ocr_carea' id='block_1_43' title="bbox 97 3091 1677 3166">
    <p class='ocr_par' dir='ltr' id='par_1_43' title="bbox 97 3091 1677 3166">
     <span class='ocr_line' id='line_1_44' title="bbox 97 3091 1677 3166; baseline 0 -20"><span class='ocrx_word' id='word_1_319' title='bbox 97 3093 348 3166; x_wconf 80' lang='grc' dir='ltr'>περίοδον</span> <span class='ocrx_word' id='word_1_320' title='bbox 384 3091 494 3145; x_wconf 83' lang='grc' dir='ltr'>τῶν</span> <span class='ocrx_word' id='word_1_321' title='bbox 534 3092 653 3162; x_wconf 69' lang='grc' dir='ltr'>(ρλβ’</span> <span class='ocrx_word' id='word_1_322' title='bbox 683 3092 957 3148; x_wconf 78' lang='grc' dir='ltr'>κυκλικῶν</span> <span class='ocrx_word' id='word_1_323' title='bbox 983 3093 1139 3155; x_wconf 84' lang='grc' dir='ltr'>ὲτῶν,</span> <span class='ocrx_word' id='word_1_324' title='bbox 1174 3093 1315 3147; x_wconf 86' lang='grc' dir='ltr'><strong>κατά</strong></span> <span class='ocrx_word' id='word_1_325' title='bbox 1349 3095 1410 3146; x_wconf 81' lang='grc' dir='ltr'>τὸ</span> <span class='ocrx_word' id='word_1_326' title='bbox 1438 3100 1538 3162; x_wconf 87' lang='grc' dir='ltr'><strong>σιγ¹</strong></span> <span class='ocrx_word' id='word_1_327' title='bbox 1560 3094 1677 3158; x_wconf 75' lang='grc' dir='ltr'>ἔτος</span> 
     </span>
    </p>
   </div>
   <div class='ocr_carea' id='block_1_44' title="bbox 93 3183 1678 3257">
    <p class='ocr_par' dir='ltr' id='par_1_44' title="bbox 93 3183 1678 3257">
     <span class='ocr_line' id='line_1_45' title="bbox 93 3183 1678 3257; baseline -0.002 -16"><span class='ocrx_word' id='word_1_328' title='bbox 93 3187 197 3257; x_wconf 73' lang='grc' dir='ltr'><strong>τῆς</strong></span> <span class='ocrx_word' id='word_1_329' title='bbox 252 3185 429 3256; x_wconf 69' lang='grc' dir='ltr'>αὐτῆς</span> <span class='ocrx_word' id='word_1_330' title='bbox 473 3185 740 3256; x_wconf 81' lang='grc' dir='ltr'>περιόδου,</span> <span class='ocrx_word' id='word_1_331' title='bbox 794 3183 895 3257; x_wconf 79' lang='grc' dir='ltr'><strong>τὴν</strong></span> <span class='ocrx_word' id='word_1_332' title='bbox 944 3185 1538 3257; x_wconf 78' lang='grc' dir='ltr'><strong>τεσσαρεσκαιδεκάτην</strong></span> <span class='ocrx_word' id='word_1_333' title='bbox 1585 3183 1678 3237; x_wconf 70' lang='grc' dir='ltr'><strong>τοῦ</strong></span> 
     </span>
    </p>
   </div>
   <div class='ocr_carea' id='block_1_45' title="bbox 96 3277 1680 3352">
    <p class='ocr_par' dir='ltr' id='par_1_45' title="bbox 96 3277 1680 3352">
     <span class='ocr_line' id='line_1_46' title="bbox 96 3277 1680 3352; baseline -0.003 -20"><span class='ocrx_word' id='word_1_334' title='bbox 96 3283 229 3352; x_wconf 80' lang='grc' dir='ltr'>παρ’</span> <span class='ocrx_word' id='word_1_335' title='bbox 278 3278 554 3350; x_wconf 82' lang='grc' dir='ltr'>Ἑϐραίοις</span> <span class='ocrx_word' id='word_1_336' title='bbox 595 3278 807 3349; x_wconf 83' lang='grc' dir='ltr'><strong>Πάσχα,</strong></span> <span class='ocrx_word' id='word_1_337' title='bbox 853 3280 946 3332; x_wconf 71' lang='grc' dir='ltr'>καὶ</span> <span class='ocrx_word' id='word_1_338' title='bbox 977 3279 1268 3351; x_wconf 70' lang='grc' dir='ltr'>εὑρήσειςδ</span> <span class='ocrx_word' id='word_1_339' title='bbox 1298 3279 1437 3330; x_wconf 83' lang='grc' dir='ltr'>κατὰ</span> <span class='ocrx_word' id='word_1_340' title='bbox 1470 3277 1566 3347; x_wconf 81' lang='grc' dir='ltr'>τὴν</span> <span class='ocrx_word' id='word_1_341' title='bbox 1595 3283 1680 3345; x_wconf 83' lang='grc' dir='ltr'><strong>κγ’</strong></span> 
     </span>
    </p>
   </div>
   <div class='ocr_carea' id='block_1_46' title="bbox 93 3371 1680 3442">
    <p class='ocr_par' dir='ltr' id='par_1_46' title="bbox 93 3371 1680 3442">
     <span class='ocr_line' id='line_1_47' title="bbox 93 3371 1680 3442; baseline -0.002 -18"><span class='ocrx_word' id='word_1_342' title='bbox 93 3373 187 3425; x_wconf 81' lang='grc' dir='ltr'><strong>τοῦ</strong></span> <span class='ocrx_word' id='word_1_343' title='bbox 213 3371 389 3426; x_wconf 71' lang='grc' dir='ltr'>αὐτοῦ</span> <span class='ocrx_word' id='word_1_344' title='bbox 421 3371 668 3442; x_wconf 82' lang='grc' dir='ltr'>Μαρτίου</span> <span class='ocrx_word' id='word_1_345' title='bbox 703 3371 889 3442; x_wconf 82' lang='grc' dir='ltr'>μηνὸς,</span> <span class='ocrx_word' id='word_1_346' title='bbox 914 3373 971 3424; x_wconf 87' lang='grc' dir='ltr'><strong>ὲν</strong></span> <span class='ocrx_word' id='word_1_347' title='bbox 994 3371 1176 3442; x_wconf 74' lang='grc' dir='ltr'>ἡμέρα</span> <span class='ocrx_word' id='word_1_348' title='bbox 1205 3373 1518 3441; x_wconf 80' lang='grc' dir='ltr'>παρασκευῇ</span> <span class='ocrx_word' id='word_1_349' title='bbox 1549 3387 1680 3422; x_wconf 84' lang='grc' dir='ltr'>κατ-</span> 
     </span>
    </p>
   </div>
   <div class='ocr_carea' id='block_1_47' title="bbox 91 3461 1680 3534">
    <p class='ocr_par' dir='ltr' id='par_1_47' title="bbox 91 3461 1680 3534">
     <span class='ocr_line' id='line_1_48' title="bbox 91 3461 1680 3534; baseline -0.002 -18"><span class='ocrx_word' id='word_1_350' title='bbox 91 3464 351 3517; x_wconf 78' lang='grc' dir='ltr'>αντῶσαν</span> <span class='ocrx_word' id='word_1_351' title='bbox 383 3461 477 3514; x_wconf 76' lang='grc' dir='ltr'><strong>ἐπὶ</strong></span> <span class='ocrx_word' id='word_1_352' title='bbox 515 3463 576 3514; x_wconf 85' lang='grc' dir='ltr'><strong>τὸ</strong></span> <span class='ocrx_word' id='word_1_353' title='bbox 602 3464 866 3534; x_wconf 88' lang='grc' dir='ltr'>σωτήριον</span> <span class='ocrx_word' id='word_1_354' title='bbox 900 3463 1090 3526; x_wconf 83' lang='grc' dir='ltr'>πάθος,</span> <span class='ocrx_word' id='word_1_355' title='bbox 1120 3462 1148 3514; x_wconf 84' lang='grc' dir='ltr'><strong>ὃ</strong></span> <span class='ocrx_word' id='word_1_356' title='bbox 1180 3464 1318 3533; x_wconf 81' lang='grc' dir='ltr'><strong>ὑπὲρ</strong></span> <span class='ocrx_word' id='word_1_357' title='bbox 1341 3462 1496 3533; x_wconf 75' lang='grc' dir='ltr'>ἡμῶν</span> <span class='ocrx_word' id='word_1_358' title='bbox 1524 3465 1680 3514; x_wconf 77' lang='grc' dir='ltr'>ἐκου-</span> 
     </span>
    </p>
   </div>
   <div class='ocr_carea' id='block_1_48' title="bbox 96 3555 1681 3627">
    <p class='ocr_par' dir='ltr' id='par_1_48' title="bbox 96 3555 1681 3627">
     <span class='ocr_line' id='line_1_49' title="bbox 96 3555 1681 3627; baseline -0.003 -17"><span class='ocrx_word' id='word_1_359' title='bbox 96 3560 228 3622; x_wconf 88' lang='grc' dir='ltr'>σίως</span> <span class='ocrx_word' id='word_1_360' title='bbox 269 3556 504 3627; x_wconf 78' lang='grc' dir='ltr'><strong>ὑπέστη·</strong></span> <span class='ocrx_word' id='word_1_361' title='bbox 532 3556 625 3608; x_wconf 72' lang='grc' dir='ltr'>καὶ</span> <span class='ocrx_word' id='word_1_362' title='bbox 647 3556 837 3624; x_wconf 76' lang='grc' dir='ltr'>ταφεὶς</span> <span class='ocrx_word' id='word_1_363' title='bbox 865 3556 971 3609; x_wconf 83' lang='grc' dir='ltr'>ὑπὸ</span> <span class='ocrx_word' id='word_1_364' title='bbox 1014 3556 1209 3627; x_wconf 80' lang='grc' dir='ltr'>Ἰωσὴφ</span> <span class='ocrx_word' id='word_1_365' title='bbox 1237 3555 1332 3608; x_wconf 76' lang='grc' dir='ltr'><strong>τοῦ</strong></span> <span class='ocrx_word' id='word_1_366' title='bbox 1360 3555 1418 3621; x_wconf 74' lang='grc' dir='ltr'><strong>ἐξ</strong></span> <span class='ocrx_word' id='word_1_367' title='bbox 1455 3556 1681 3626; x_wconf 82' lang='grc' dir='ltr'>Ἀριμα-</span> 
     </span>
    </p>
   </div>
   <div class='ocr_carea' id='block_1_49' title="bbox 95 3646 1679 3718">
    <p class='ocr_par' dir='ltr' id='par_1_49' title="bbox 95 3646 1679 3718">
     <span class='ocr_line' id='line_1_50' title="bbox 95 3646 1679 3718; baseline -0.003 -15"><span class='ocrx_word' id='word_1_368' title='bbox 95 3651 268 3712; x_wconf 84' lang='grc' dir='ltr'>θείας,</span> <span class='ocrx_word' id='word_1_369' title='bbox 307 3648 403 3700; x_wconf 71' lang='grc' dir='ltr'>καὶ</span> <span class='ocrx_word' id='word_1_370' title='bbox 446 3646 780 3717; x_wconf 82' lang='grc' dir='ltr'><strong>Νικοδήμου,</strong></span> <span class='ocrx_word' id='word_1_371' title='bbox 826 3647 1023 3718; x_wconf 84' lang='grc' dir='ltr'>ἀνέστη</span> <span class='ocrx_word' id='word_1_372' title='bbox 1069 3651 1135 3718; x_wconf 83' lang='grc' dir='ltr'>τῇ</span> <span class='ocrx_word' id='word_1_373' title='bbox 1183 3647 1322 3718; x_wconf 85' lang='grc' dir='ltr'>μετά</span> <span class='ocrx_word' id='word_1_374' title='bbox 1365 3647 1464 3716; x_wconf 80' lang='grc' dir='ltr'><strong>τὴν</strong></span> <span class='ocrx_word' id='word_1_375' title='bbox 1510 3646 1679 3716; x_wconf 80' lang='grc' dir='ltr'>αὐτὴν</span> 
     </span>
    </p>
   </div>
   <div class='ocr_carea' id='block_1_50' title="bbox 95 3739 1678 3816">
    <p class='ocr_par' dir='ltr' id='par_1_50' title="bbox 95 3739 1678 3816">
     <span class='ocr_line' id='line_1_51' title="bbox 95 3739 1678 3816; baseline -0.002 -20"><span class='ocrx_word' id='word_1_376' title='bbox 95 3742 462 3816; x_wconf 80' lang='grc' dir='ltr'>παρασκευὴν</span> <span class='ocrx_word' id='word_1_377' title='bbox 492 3740 877 3811; x_wconf 71' lang='grc' dir='ltr'><strong>ἐπιφωσκούσῃ</strong></span> <span class='ocrx_word' id='word_1_378' title='bbox 913 3740 1286 3812; x_wconf 76' lang='grc' dir='ltr'>τρίτῃήμέρᾳ,</span> <span class='ocrx_word' id='word_1_379' title='bbox 1330 3741 1427 3811; x_wconf 79' lang='grc' dir='ltr'>μιᾷ</span> <span class='ocrx_word' id='word_1_380' title='bbox 1465 3739 1678 3793; x_wconf 82' lang='grc' dir='ltr'>Σαϐϐά-</span> 
     </span>
    </p>
   </div>
   <div class='ocr_carea' id='block_1_51' title="bbox 93 3831 1678 3904">
    <p class='ocr_par' dir='ltr' id='par_1_51' title="bbox 93 3831 1678 3904">
     <span class='ocr_line' id='line_1_52' title="bbox 93 3831 1678 3904; baseline -0.003 -15"><span class='ocrx_word' id='word_1_381' title='bbox 93 3854 224 3897; x_wconf 86' lang='grc' dir='ltr'>των,</span> <span class='ocrx_word' id='word_1_382' title='bbox 272 3832 471 3903; x_wconf 77' lang='grc' dir='ltr'>πρώτῃ</span> <span class='ocrx_word' id='word_1_383' title='bbox 510 3832 565 3885; x_wconf 78' lang='grc' dir='ltr'><strong>δὲ</strong></span> <span class='ocrx_word' id='word_1_384' title='bbox 607 3831 702 3884; x_wconf 81' lang='grc' dir='ltr'>τοῦ</span> <span class='ocrx_word' id='word_1_385' title='bbox 751 3832 876 3904; x_wconf 84' lang='grc' dir='ltr'>παρ’</span> <span class='ocrx_word' id='word_1_386' title='bbox 919 3831 1190 3903; x_wconf 85' lang='grc' dir='ltr'>Ἑϐραίοις</span> <span class='ocrx_word' id='word_1_387' title='bbox 1239 3833 1414 3886; x_wconf 86' lang='grc' dir='ltr'>Νισὰν</span> <span class='ocrx_word' id='word_1_388' title='bbox 1463 3831 1678 3900; x_wconf 86' lang='grc' dir='ltr'>πρώτου</span> 
     </span>
    </p>
   </div>
   <div class='ocr_carea' id='block_1_52' title="bbox 93 3922 1674 3995">
    <p class='ocr_par' dir='ltr' id='par_1_52' title="bbox 93 3922 1674 3995">
     <span class='ocr_line' id='line_1_53' title="bbox 93 3922 1674 3995; baseline -0.001 -18"><span class='ocrx_word' id='word_1_389' title='bbox 93 3925 292 3994; x_wconf 81' lang='grc' dir='ltr'>μηνός·</span> <span class='ocrx_word' id='word_1_390' title='bbox 326 3923 562 3994; x_wconf 67' lang='grc' dir='ltr'>ἥτιςάεὶ</span> <span class='ocrx_word' id='word_1_391' title='bbox 587 3925 652 3994; x_wconf 82' lang='grc' dir='ltr'>τῇ</span> <span class='ocrx_word' id='word_1_392' title='bbox 679 3929 755 3976; x_wconf 86' lang='grc' dir='ltr'><strong>κε’</strong></span> <span class='ocrx_word' id='word_1_393' title='bbox 788 3923 879 3976; x_wconf 76' lang='grc' dir='ltr'><strong>τοῦ</strong></span> <span class='ocrx_word' id='word_1_394' title='bbox 915 3923 1156 3994; x_wconf 88' lang='grc' dir='ltr'>Μαρτίου</span> <span class='ocrx_word' id='word_1_395' title='bbox 1187 3922 1354 3995; x_wconf 81' lang='grc' dir='ltr'>μηνὸς</span> <span class='ocrx_word' id='word_1_396' title='bbox 1389 3923 1486 3992; x_wconf 85' lang='grc' dir='ltr'>μία</span> <span class='ocrx_word' id='word_1_397' title='bbox 1521 3923 1614 3976; x_wconf 76' lang='grc' dir='ltr'>καὶ</span> <span class='ocrx_word' id='word_1_398' title='bbox 1640 3926 1674 3994; x_wconf 84' lang='grc' dir='ltr'>ή</span> 
     </span>
    </p>
   </div>
   <div class='ocr_carea' id='block_1_53' title="bbox 91 4021 442 4091">
    <p class='ocr_par' dir='ltr' id='par_1_53' title="bbox 91 4021 442 4091">
     <span class='ocr_line' id='line_1_54' title="bbox 91 4021 442 4091; baseline -0.011 -18"><span class='ocrx_word' id='word_1_399' title='bbox 91 4022 232 4091; x_wconf 71' lang='grc' dir='ltr'>αὐτή</span> <span class='ocrx_word' id='word_1_400' title='bbox 269 4021 442 4072; x_wconf 68' lang='grc' dir='ltr'>ἐστιν.</span> 
     </span>
    </p>
   </div>
   <div class='ocr_carea' id='block_1_54' title="bbox 179 4193 1675 4270">
    <p class='ocr_par' dir='ltr' id='par_1_54' title="bbox 179 4193 1675 4270">
     <span class='ocr_line' id='line_1_55' title="bbox 179 4193 1675 4270; baseline -0.002 -17"><span class='ocrx_word' id='word_1_401' title='bbox 179 4201 239 4253; x_wconf 90' lang='lat'><strong>&#39;0</strong></span> <span class='ocrx_word' id='word_1_402' title='bbox 279 4198 381 4270; x_wconf 76' lang='grc' dir='ltr'><strong>μὲν</strong></span> <span class='ocrx_word' id='word_1_403' title='bbox 411 4193 504 4252; x_wconf 77' lang='grc' dir='ltr'>οὖν</span> <span class='ocrx_word' id='word_1_404' title='bbox 549 4199 891 4270; x_wconf 82' lang='grc' dir='ltr'>Ἀφρικανὸς,</span> <span class='ocrx_word' id='word_1_405' title='bbox 928 4196 1229 4270; x_wconf 80' lang='grc' dir='ltr'>συμφώνως</span> <span class='ocrx_word' id='word_1_406' title='bbox 1252 4200 1318 4268; x_wconf 84' lang='grc' dir='ltr'><strong>τῇ</strong></span> <span class='ocrx_word' id='word_1_407' title='bbox 1346 4197 1675 4270; x_wconf 82' lang='grc' dir='ltr'>ἀποστολικῇ</span> 
     </span>
    </p>
   </div>
   <div class='ocr_carea' id='block_1_55' title="bbox 89 4286 1678 4360">
    <p class='ocr_par' dir='ltr' id='par_1_55' title="bbox 89 4286 1678 4360">
     <span class='ocr_line' id='line_1_56' title="bbox 89 4286 1678 4360; baseline -0.003 -16"><span class='ocrx_word' id='word_1_408' title='bbox 89 4289 399 4360; x_wconf 67' lang='grc' dir='ltr'>παραδόσει</span> <span class='ocrx_word' id='word_1_409' title='bbox 431 4286 508 4358; x_wconf 82' lang='grc' dir='ltr'>τῷ</span> <span class='ocrx_word' id='word_1_410' title='bbox 541 4287 671 4358; x_wconf 82' lang='grc' dir='ltr'>,εφα’</span> <span class='ocrx_word' id='word_1_411' title='bbox 694 4288 804 4342; x_wconf 80' lang='grc' dir='ltr'>ἔτει</span> <span class='ocrx_word' id='word_1_412' title='bbox 823 4290 920 4360; x_wconf 77' lang='grc' dir='ltr'><strong>τὴν</strong></span> <span class='ocrx_word' id='word_1_413' title='bbox 943 4288 1092 4342; x_wconf 82' lang='grc' dir='ltr'>θείαν</span> <span class='ocrx_word' id='word_1_414' title='bbox 1124 4288 1519 4360; x_wconf 82' lang='grc' dir='ltr'>χρονολογήσας</span> <span class='ocrx_word' id='word_1_415' title='bbox 1546 4288 1678 4358; x_wconf 82' lang='grc' dir='ltr'>σάρ-</span> 
     </span>
    </p>
   </div>
   <div class='ocr_carea' id='block_1_56' title="bbox 87 4380 1678 4453">
    <p class='ocr_par' dir='ltr' id='par_1_56' title="bbox 87 4380 1678 4453">
     <span class='ocr_line' id='line_1_57' title="bbox 87 4380 1678 4453; baseline -0.003 -17"><span class='ocrx_word' id='word_1_416' title='bbox 87 4400 291 4442; x_wconf 84' lang='grc' dir='ltr'>κωσιν,</span> <span class='ocrx_word' id='word_1_417' title='bbox 335 4380 465 4452; x_wconf 76' lang='grc' dir='ltr'>περὶ</span> <span class='ocrx_word' id='word_1_418' title='bbox 505 4381 566 4433; x_wconf 79' lang='grc' dir='ltr'>τὸ</span> <span class='ocrx_word' id='word_1_419' title='bbox 606 4380 775 4446; x_wconf 81' lang='grc' dir='ltr'>πάθος</span> <span class='ocrx_word' id='word_1_420' title='bbox 804 4383 899 4436; x_wconf 73' lang='grc' dir='ltr'>καὶ</span> <span class='ocrx_word' id='word_1_421' title='bbox 931 4383 1028 4453; x_wconf 79' lang='grc' dir='ltr'>τὴν</span> <span class='ocrx_word' id='word_1_422' title='bbox 1077 4381 1339 4452; x_wconf 84' lang='grc' dir='ltr'>σωτήριον</span> <span class='ocrx_word' id='word_1_423' title='bbox 1383 4380 1678 4433; x_wconf 83' lang='grc' dir='ltr'>ἀνάστασιν</span> 
     </span>
    </p>
   </div>
   <div class='ocr_carea' id='block_1_57' title="bbox 83 4470 1751 4560">
    <p class='ocr_par' dir='ltr' id='par_1_57' title="bbox 83 4470 1751 4560">
     <span class='ocr_line' id='line_1_58' title="bbox 83 4470 1751 4560; baseline -0.004 -31"><span class='ocrx_word' id='word_1_424' title='bbox 83 4476 249 4530; x_wconf 70' lang='grc' dir='ltr'>δυσὶν</span> <span class='ocrx_word' id='word_1_425' title='bbox 273 4475 423 4528; x_wconf 79' lang='grc' dir='ltr'>ἔτεσι</span> <span class='ocrx_word' id='word_1_426' title='bbox 450 4474 735 4544; x_wconf 81' lang='grc' dir='ltr'>διήμαρτε,</span> <span class='ocrx_word' id='word_1_427' title='bbox 769 4473 911 4527; x_wconf 78' lang='grc' dir='ltr'>κατὰ</span> <span class='ocrx_word' id='word_1_428' title='bbox 934 4475 993 4527; x_wconf 82' lang='grc' dir='ltr'>τὸ</span> <span class='ocrx_word' id='word_1_429' title='bbox 1015 4473 1174 4546; x_wconf 56' lang='grc' dir='ltr'>,εφλω</span> <span class='ocrx_word' id='word_1_430' title='bbox 1198 4472 1314 4536; x_wconf 73' lang='grc' dir='ltr'>ἔτος</span> <span class='ocrx_word' id='word_1_431' title='bbox 1342 4470 1437 4524; x_wconf 78' lang='grc' dir='ltr'><strong>τοῦ</strong></span> <span class='ocrx_word' id='word_1_432' title='bbox 1467 4471 1674 4560; x_wconf 69' lang='grc' dir='ltr'>κοσμου</span> <span class='ocrx_word' id='word_1_433' title='bbox 1709 4507 1751 4560; x_wconf 69' lang='grc' dir='ltr'><strong>ι)</strong></span> 
     </span>
    </p>
   </div>
   <div class='ocr_carea' id='block_1_58' title="bbox 82 4558 1677 4636">
    <p class='ocr_par' dir='ltr' id='par_1_58' title="bbox 82 4558 1677 4636">
     <span class='ocr_line' id='line_1_59' title="bbox 82 4558 1677 4636; baseline -0.004 -18"><span class='ocrx_word' id='word_1_434' title='bbox 82 4565 302 4636; x_wconf 75' lang='grc' dir='ltr'>ταύτην</span> <span class='ocrx_word' id='word_1_435' title='bbox 339 4561 679 4631; x_wconf 70' lang='grc' dir='ltr'>συναγαγώνο</span> <span class='ocrx_word' id='word_1_436' title='bbox 714 4563 969 4626; x_wconf 79' lang='grc' dir='ltr'>Εὐσέϐιος</span> <span class='ocrx_word' id='word_1_437' title='bbox 995 4563 1050 4615; x_wconf 83' lang='grc' dir='ltr'><strong>δὲ</strong></span> <span class='ocrx_word' id='word_1_438' title='bbox 1083 4563 1112 4615; x_wconf 88' lang='grc' dir='ltr'>ὁ</span> <span class='ocrx_word' id='word_1_439' title='bbox 1152 4560 1436 4631; x_wconf 80' lang='grc' dir='ltr'>Παμφίλου</span> <span class='ocrx_word' id='word_1_440' title='bbox 1469 4558 1538 4612; x_wconf 84' lang='grc' dir='ltr'><strong>τὰ</strong></span> <span class='ocrx_word' id='word_1_441' title='bbox 1571 4559 1677 4612; x_wconf 84' lang='grc' dir='ltr'><strong>ἀπὸ</strong></span> 
     </span>
    </p>
   </div>
   <div class='ocr_carea' id='block_1_59' title="bbox 97 4651 1678 4726">
    <p class='ocr_par' dir='ltr' id='par_1_59' title="bbox 97 4651 1678 4726">
     <span class='ocr_line' id='line_1_60' title="bbox 97 4651 1678 4726; baseline -0.005 -16"><span class='ocrx_word' id='word_1_442' title='bbox 97 4657 283 4726; x_wconf 80' lang='grc' dir='ltr'><strong>Ἀδὰμ</strong></span> <span class='ocrx_word' id='word_1_443' title='bbox 315 4656 423 4718; x_wconf 74' lang='grc' dir='ltr'><strong>ἕως</strong></span> <span class='ocrx_word' id='word_1_444' title='bbox 460 4651 709 4724; x_wconf 76' lang='grc' dir='ltr'>Ἀϐραὰμ</span> <span class='ocrx_word' id='word_1_445' title='bbox 739 4654 1025 4722; x_wconf 79' lang='grc' dir='ltr'>γενέσεως,</span> <span class='ocrx_word' id='word_1_446' title='bbox 1057 4653 1092 4724; x_wconf 80' lang='grc' dir='ltr'>ἦ</span> <span class='ocrx_word' id='word_1_447' title='bbox 1128 4651 1268 4706; x_wconf 83' lang='grc' dir='ltr'>κατὰ</span> <span class='ocrx_word' id='word_1_448' title='bbox 1301 4652 1427 4715; x_wconf 84' lang='grc' dir='ltr'>τοὺς</span> <span class='ocrx_word' id='word_1_449' title='bbox 1450 4651 1678 4723; x_wconf 84' lang='grc' dir='ltr'>χρόνους</span> 
     </span>
    </p>
   </div>
   <div class='ocr_carea' id='block_1_60' title="bbox 80 4745 1680 4820">
    <p class='ocr_par' dir='ltr' id='par_1_60' title="bbox 80 4745 1680 4820">
     <span class='ocr_line' id='line_1_61' title="bbox 80 4745 1680 4820; baseline -0.004 -17"><span class='ocrx_word' id='word_1_450' title='bbox 80 4751 263 4803; x_wconf 87' lang='grc' dir='ltr'>Νίνου</span> <span class='ocrx_word' id='word_1_451' title='bbox 291 4748 391 4802; x_wconf 71' lang='grc' dir='ltr'><strong>καὶ</strong></span> <span class='ocrx_word' id='word_1_452' title='bbox 413 4749 769 4820; x_wconf 86' lang='grc' dir='ltr'>Σεμιράμεως</span> <span class='ocrx_word' id='word_1_453' title='bbox 787 4747 894 4799; x_wconf 83' lang='grc' dir='ltr'>τῶν</span> <span class='ocrx_word' id='word_1_454' title='bbox 926 4747 1224 4818; x_wconf 82' lang='grc' dir='ltr'>Ἀσσυρίων</span> <span class='ocrx_word' id='word_1_455' title='bbox 1249 4745 1509 4817; x_wconf 86' lang='grc' dir='ltr'>βασιλέων</span> <span class='ocrx_word' id='word_1_456' title='bbox 1537 4745 1680 4816; x_wconf 84' lang='grc' dir='ltr'>ώμο·</span> 
     </span>
    </p>
   </div>
   <div class='ocr_carea' id='block_1_61' title="bbox 80 4835 1676 4911">
    <p class='ocr_par' dir='ltr' id='par_1_61' title="bbox 80 4835 1676 4911">
     <span class='ocr_line' id='line_1_62' title="bbox 80 4835 1676 4911; baseline -0.003 -19"><span class='ocrx_word' id='word_1_457' title='bbox 80 4841 362 4910; x_wconf 80' lang='grc' dir='ltr'>λόγηται,</span> <span class='ocrx_word' id='word_1_458' title='bbox 421 4841 699 4910; x_wconf 82' lang='grc' dir='ltr'>συντεμὼν</span> <span class='ocrx_word' id='word_1_459' title='bbox 746 4839 839 4910; x_wconf 76' lang='grc' dir='ltr'>ἔτη</span> <span class='ocrx_word' id='word_1_460' title='bbox 892 4844 1066 4911; x_wconf 56' lang='grc' dir='ltr'>,γρπαθ</span> <span class='ocrx_word' id='word_1_461' title='bbox 1103 4838 1124 4869; x_wconf 85' lang='grc'><strong><em>⁸</em></strong></span> <span class='ocrx_word' id='word_1_462' title='bbox 1173 4837 1546 4907; x_wconf 84' lang='grc' dir='ltr'>ὲστοιχείωσε,</span> <span class='ocrx_word' id='word_1_463' title='bbox 1597 4835 1676 4906; x_wconf 83' lang='grc' dir='ltr'><strong>τῷ</strong></span> 
     </span>
    </p>
   </div>
   <div class='ocr_carea' id='block_1_62' title="bbox 94 4928 1676 5002">
    <p class='ocr_par' dir='ltr' id='par_1_62' title="bbox 94 4928 1676 5002">
     <span class='ocr_line' id='line_1_63' title="bbox 94 4928 1676 5002; baseline -0.004 -15"><span class='ocrx_word' id='word_1_464' title='bbox 94 4931 388 5001; x_wconf 80' lang='grc' dir='ltr'><strong>Ἐϐραῖκῷ</strong></span> <span class='ocrx_word' id='word_1_465' title='bbox 429 4929 874 5002; x_wconf 77' lang='grc' dir='ltr'>ὲξακολουθήσας,</span> <span class='ocrx_word' id='word_1_466' title='bbox 917 4931 1012 4984; x_wconf 75' lang='grc' dir='ltr'>καὶ</span> <span class='ocrx_word' id='word_1_467' title='bbox 1048 4929 1139 4982; x_wconf 80' lang='grc' dir='ltr'>τὸν</span> <span class='ocrx_word' id='word_1_468' title='bbox 1174 4928 1424 5000; x_wconf 76' lang='grc' dir='ltr'>δεύτερον</span> <span class='ocrx_word' id='word_1_469' title='bbox 1466 4930 1676 4982; x_wconf 73' lang='grc' dir='ltr'>Καϊνᾶν</span> 
     </span>
    </p>
   </div>
   <div class='ocr_carea' id='block_1_63' title="bbox 79 5021 1673 5095">
    <p class='ocr_par' dir='ltr' id='par_1_63' title="bbox 79 5021 1673 5095">
     <span class='ocr_line' id='line_1_64' title="bbox 79 5021 1673 5095; baseline -0.001 -18"><span class='ocrx_word' id='word_1_470' title='bbox 79 5028 190 5095; x_wconf 77' lang='grc' dir='ltr'>ἔτη</span> <span class='ocrx_word' id='word_1_471' title='bbox 227 5025 304 5094; x_wconf 81' lang='grc' dir='ltr'>ρλ’</span> <span class='ocrx_word' id='word_1_472' title='bbox 339 5023 580 5092; x_wconf 78' lang='grc' dir='ltr'>ζήσαντα</span> <span class='ocrx_word' id='word_1_473' title='bbox 608 5024 713 5095; x_wconf 88' lang='grc' dir='ltr'><strong>πρὸ</strong></span> <span class='ocrx_word' id='word_1_474' title='bbox 739 5025 837 5093; x_wconf 85' lang='grc' dir='ltr'>τῆς</span> <span class='ocrx_word' id='word_1_475' title='bbox 859 5021 1170 5084; x_wconf 88' lang='grc' dir='ltr'>τεκνώσεως</span> <span class='ocrx_word' id='word_1_476' title='bbox 1200 5021 1273 5092; x_wconf 83' lang='grc' dir='ltr'>μὴ</span> <span class='ocrx_word' id='word_1_477' title='bbox 1307 5021 1673 5091; x_wconf 71' lang='grc' dir='ltr'>στοιχειώσαςο</span> 
     </span>
    </p>
   </div>
   <div class='ocr_carea' id='block_1_64' title="bbox 75 5113 1674 5186">
    <p class='ocr_par' dir='ltr' id='par_1_64' title="bbox 75 5113 1674 5186">
     <span class='ocr_line' id='line_1_65' title="bbox 75 5113 1674 5186; baseline -0.003 -14"><span class='ocrx_word' id='word_1_478' title='bbox 75 5113 146 5174; x_wconf 78' lang='grc' dir='ltr'>οὗ</span> <span class='ocrx_word' id='word_1_479' title='bbox 179 5119 213 5170; x_wconf 83' lang='grc' dir='ltr'><strong>ὁ</strong></span> <span class='ocrx_word' id='word_1_480' title='bbox 237 5116 384 5179; x_wconf 80' lang='grc' dir='ltr'>θεῖος</span> <span class='ocrx_word' id='word_1_481' title='bbox 413 5115 798 5186; x_wconf 85' lang='grc' dir='ltr'>εὐαγγελιστὴς</span> <span class='ocrx_word' id='word_1_482' title='bbox 827 5116 1037 5178; x_wconf 77' lang='grc' dir='ltr'>Λουκᾶς</span> <span class='ocrx_word' id='word_1_483' title='bbox 1065 5115 1334 5185; x_wconf 80' lang='grc' dir='ltr'>μέμνηται</span> <span class='ocrx_word' id='word_1_484' title='bbox 1367 5116 1423 5168; x_wconf 81' lang='grc' dir='ltr'>ὲν</span> <span class='ocrx_word' id='word_1_485' title='bbox 1452 5117 1516 5186; x_wconf 83' lang='grc' dir='ltr'>τῇ</span> <span class='ocrx_word' id='word_1_486' title='bbox 1557 5117 1674 5168; x_wconf 84' lang='grc' dir='ltr'>κατ’</span> 
     </span>
    </p>
   </div>
   <div class='ocr_carea' id='block_1_65' title="bbox 76 5204 1675 5277">
    <p class='ocr_par' dir='ltr' id='par_1_65' title="bbox 76 5204 1675 5277">
     <span class='ocr_line' id='line_1_66' title="bbox 76 5204 1675 5277; baseline -0.004 -13"><span class='ocrx_word' id='word_1_487' title='bbox 76 5207 260 5264; x_wconf 75' lang='grc' dir='ltr'>αὑτὸν</span> <span class='ocrx_word' id='word_1_488' title='bbox 295 5206 636 5277; x_wconf 81' lang='grc' dir='ltr'>γενεαλογίᾳ·</span> <span class='ocrx_word' id='word_1_489' title='bbox 679 5207 754 5268; x_wconf 83' lang='grc' dir='ltr'><strong>ὡς</strong></span> <span class='ocrx_word' id='word_1_490' title='bbox 797 5207 892 5259; x_wconf 71' lang='grc' dir='ltr'><strong>καὶ</strong></span> <span class='ocrx_word' id='word_1_491' title='bbox 939 5204 1172 5275; x_wconf 80' lang='grc' dir='ltr'>ἀλλαχοῦ</span> <span class='ocrx_word' id='word_1_492' title='bbox 1219 5205 1483 5258; x_wconf 87' lang='grc' dir='ltr'>λέλεκται.</span> <span class='ocrx_word' id='word_1_493' title='bbox 1513 5205 1586 5257; x_wconf 87' lang='grc' dir='ltr'>Τὸ</span> <span class='ocrx_word' id='word_1_494' title='bbox 1618 5206 1675 5259; x_wconf 77' lang='grc' dir='ltr'><strong>δὲ</strong></span> 
     </span>
    </p>
   </div>
   <div class='ocr_carea' id='block_1_66' title="bbox 76 5295 1674 5371">
    <p class='ocr_par' dir='ltr' id='par_1_66' title="bbox 76 5295 1674 5371">
     <span class='ocr_line' id='line_1_67' title="bbox 76 5295 1674 5371; baseline -0.006 -15"><span class='ocrx_word' id='word_1_495' title='bbox 76 5300 222 5356; x_wconf 82' lang='grc' dir='ltr'>καθ’</span> <span class='ocrx_word' id='word_1_496' title='bbox 251 5301 402 5371; x_wconf 81' lang='grc' dir='ltr'>ἡμᾶς</span> <span class='ocrx_word' id='word_1_497' title='bbox 425 5297 584 5350; x_wconf 77' lang='grc' dir='ltr'>τοῦτο</span> <span class='ocrx_word' id='word_1_498' title='bbox 613 5297 1003 5368; x_wconf 78' lang='grc' dir='ltr'>χρονογράφιον</span> <span class='ocrx_word' id='word_1_499' title='bbox 1039 5295 1146 5349; x_wconf 78' lang='grc' dir='ltr'><strong>ἀπὸ</strong></span> <span class='ocrx_word' id='word_1_500' title='bbox 1187 5295 1356 5366; x_wconf 77' lang='grc' dir='ltr'>’Δδὰμ</span> <span class='ocrx_word' id='word_1_501' title='bbox 1392 5296 1496 5358; x_wconf 79' lang='grc' dir='ltr'><strong>ἕως</strong></span> <span class='ocrx_word' id='word_1_502' title='bbox 1523 5295 1674 5363; x_wconf 78' lang='grc' dir='ltr'>γενέο</span> 
     </span>
    </p>
   </div>
   <div class='ocr_carea' id='block_1_67' title="bbox 78 5383 1675 5462">
    <p class='ocr_par' dir='ltr' id='par_1_67' title="bbox 78 5383 1675 5462">
     <span class='ocr_line' id='line_1_68' title="bbox 78 5383 1675 5462; baseline -0.005 -17"><span class='ocrx_word' id='word_1_503' title='bbox 78 5410 234 5456; x_wconf 80' lang='grc' dir='ltr'>σεως</span> <span class='ocrx_word' id='word_1_504' title='bbox 271 5389 526 5462; x_wconf 82' lang='grc' dir='ltr'>Ἀϐραὰμ</span> <span class='ocrx_word' id='word_1_505' title='bbox 549 5388 642 5460; x_wconf 74' lang='grc' dir='ltr'>ἔτη</span> <span class='ocrx_word' id='word_1_506' title='bbox 671 5387 800 5457; x_wconf 80' lang='grc' dir='ltr'>,γλβ’</span> <span class='ocrx_word' id='word_1_507' title='bbox 823 5389 844 5420; x_wconf 87' lang='grc'><strong>⁸</strong></span> <span class='ocrx_word' id='word_1_508' title='bbox 865 5387 1107 5458; x_wconf 86' lang='grc' dir='ltr'>περιέχει</span> <span class='ocrx_word' id='word_1_509' title='bbox 1137 5385 1442 5456; x_wconf 77' lang='grc' dir='ltr'>συμφώνως</span> <span class='ocrx_word' id='word_1_510' title='bbox 1468 5388 1532 5457; x_wconf 76' lang='grc' dir='ltr'><strong>τῇ</strong></span> <span class='ocrx_word' id='word_1_511' title='bbox 1557 5383 1675 5456; x_wconf 60' lang='grc' dir='ltr'>θεία</span> 
     </span>
    </p>
   </div>
   <div class='ocr_carea' id='block_1_68' title="bbox 77 5476 1676 5550">
    <p class='ocr_par' dir='ltr' id='par_1_68' title="bbox 77 5476 1676 5550">
     <span class='ocr_line' id='line_1_69' title="bbox 77 5476 1676 5550; baseline -0.008 -10"><span class='ocrx_word' id='word_1_512' title='bbox 77 5484 382 5543; x_wconf 58' lang='lat' dir='ltr'><strong>Mentissa);</strong></span> <span class='ocrx_word' id='word_1_513' title='bbox 415 5483 600 5550; x_wconf 80' lang='grc' dir='ltr'>γραφῇ</span> <span class='ocrx_word' id='word_1_514' title='bbox 646 5479 738 5531; x_wconf 75' lang='grc' dir='ltr'><strong>καὶ</strong></span> <span class='ocrx_word' id='word_1_515' title='bbox 770 5481 888 5547; x_wconf 80' lang='grc' dir='ltr'>ταῖς</span> <span class='ocrx_word' id='word_1_516' title='bbox 915 5480 1125 5547; x_wconf 79' lang='grc' dir='ltr'>γενεαῖς</span> <span class='ocrx_word' id='word_1_517' title='bbox 1154 5478 1249 5529; x_wconf 79' lang='grc' dir='ltr'><strong>τοῦ</strong></span> <span class='ocrx_word' id='word_1_518' title='bbox 1284 5476 1426 5530; x_wconf 89' lang='grc' dir='ltr'><strong>κατά</strong></span> <span class='ocrx_word' id='word_1_519' title='bbox 1464 5479 1676 5530; x_wconf 78' lang='grc' dir='ltr'>Δουκᾶν</span> 
     </span>
    </p>
   </div>
   <div class='ocr_carea' id='block_1_69' title="bbox 75 5568 1677 5645">
    <p class='ocr_par' dir='ltr' id='par_1_69' title="bbox 75 5568 1677 5645">
     <span class='ocr_line' id='line_1_70' title="bbox 75 5568 1677 5645; baseline -0.009 -11"><span class='ocrx_word' id='word_1_520' title='bbox 75 5575 460 5645; x_wconf 70' lang='grc' dir='ltr'>[εὐαγγελίου.</span> <span class='ocrx_word' id='word_1_521' title='bbox 498 5575 605 5625; x_wconf 73' lang='grc' dir='ltr'><strong>Καὶ</strong></span> <span class='ocrx_word' id='word_1_522' title='bbox 638 5571 745 5625; x_wconf 80' lang='grc' dir='ltr'><strong>ἀπὸ</strong></span> <span class='ocrx_word' id='word_1_523' title='bbox 785 5571 882 5642; x_wconf 81' lang='grc' dir='ltr'><strong>τῆς</strong></span> <span class='ocrx_word' id='word_1_524' title='bbox 926 5570 1228 5639; x_wconf 82' lang='grc' dir='ltr'>γεννήσεως</span> <span class='ocrx_word' id='word_1_525' title='bbox 1277 5569 1526 5639; x_wconf 78' lang='grc' dir='ltr'>Ἀϐραὰμ</span> <span class='ocrx_word' id='word_1_526' title='bbox 1573 5568 1677 5631; x_wconf 76' lang='grc' dir='ltr'><strong>ἕως</strong></span> 
     </span>
    </p>
   </div>
   <div class='ocr_carea' id='block_1_70' title="bbox 166 5728 1462 5805">
    <p class='ocr_par' dir='ltr' id='par_1_70' title="bbox 166 5728 1462 5805">
     <span class='ocr_line' id='line_1_71' title="bbox 166 5728 1462 5805; baseline -0.006 -18"><span class='ocrx_word' id='word_1_527' title='bbox 166 5733 194 5769; x_wconf 76' lang='grc'><strong><em>⁸</em></strong></span> <span class='ocrx_word' id='word_1_528' title='bbox 216 5733 265 5805; x_wconf 78' lang='grc' dir='ltr'>Ι.</span> <span class='ocrx_word' id='word_1_529' title='bbox 299 5730 577 5802; x_wconf 64' lang='grc' dir='ltr'><strong>ὑφήγησιν</strong></span> <span class='ocrx_word' id='word_1_530' title='bbox 606 5729 880 5800; x_wconf 66' lang='grc' dir='ltr'>πρόδηλον.</span> <span class='ocrx_word' id='word_1_531' title='bbox 911 5730 1051 5783; x_wconf 88' lang='grc' dir='ltr'><strong>Ὅτι.</strong></span> <span class='ocrx_word' id='word_1_532' title='bbox 1130 5728 1151 5759; x_wconf 82' lang='grc'><em>³</em></span> <span class='ocrx_word' id='word_1_533' title='bbox 1177 5742 1287 5782; x_wconf 86' lang='lat' dir='ltr'><strong>cor.</strong></span> <span class='ocrx_word' id='word_1_534' title='bbox 1313 5739 1462 5796; x_wconf 78' lang='grc' dir='ltr'>,εφα.</span> 
     </span>
    </p>
   </div>
   <div class='ocr_carea' id='block_1_71' title="bbox 1553 5723 2014 5799">
    <p class='ocr_par' dir='ltr' id='par_1_71' title="bbox 1553 5723 2014 5799">
     <span class='ocr_line' id='line_1_72' title="bbox 1553 5723 2014 5799; baseline -0.009 -19"><span class='ocrx_word' id='word_1_535' title='bbox 1553 5725 1573 5758; x_wconf 84' lang='grc'>³</span> <span class='ocrx_word' id='word_1_536' title='bbox 1607 5726 1649 5795; x_wconf 84' lang='lat' dir='ltr'><strong>f.</strong></span> <span class='ocrx_word' id='word_1_537' title='bbox 1682 5723 2014 5799; x_wconf 73' lang='grc' dir='ltr'>ἀρξαμένης.</span> 
     </span>
    </p>
   </div>
   <div class='ocr_carea' id='block_1_72' title="bbox 1779 1899 3361 1972">
    <p class='ocr_par' dir='ltr' id='par_1_72' title="bbox 1779 1899 3361 1972">
     <span class='ocr_line' id='line_1_73' title="bbox 1779 1899 3361 1972; baseline 0.003 -18"><span class='ocrx_word' id='word_1_538' title='bbox 1779 1901 1870 1954; x_wconf 90' lang='lat' dir='ltr'><strong>illa</strong></span> <span class='ocrx_word' id='word_1_539' title='bbox 1894 1899 2056 1955; x_wconf 68' lang='lat' dir='ltr'><strong>Lucae</strong></span> <span class='ocrx_word' id='word_1_540' title='bbox 2080 1901 2428 1972; x_wconf 58' lang='lat' dir='ltr'><strong>evangelista!</strong></span> <span class='ocrx_word' id='word_1_541' title='bbox 2448 1902 2615 1956; x_wconf 87' lang='lat' dir='ltr'><strong>verba</strong></span> <span class='ocrx_word' id='word_1_542' title='bbox 2646 1916 2768 1972; x_wconf 87' lang='lat' dir='ltr'><strong>cap.</strong></span> <span class='ocrx_word' id='word_1_543' title='bbox 2801 1903 2889 1969; x_wconf 85' lang='lat' dir='ltr'><strong>ill,</strong></span> <span class='ocrx_word' id='word_1_544' title='bbox 2928 1904 3000 1956; x_wconf 73' lang='lat'><strong>23</strong></span> <span class='ocrx_word' id='word_1_545' title='bbox 3029 1922 3041 1957; x_wconf 88' lang='lat'><strong>:</strong></span> <span class='ocrx_word' id='word_1_546' title='bbox 3070 1903 3229 1958; x_wconf 77' lang='lat' dir='ltr'><strong>Jews</strong></span> <span class='ocrx_word' id='word_1_547' title='bbox 3269 1921 3361 1959; x_wconf 73' lang='lat' dir='ltr'><strong>zu-</strong></span> 
     </span>
    </p>
   </div>
   <div class='ocr_carea' id='block_1_73' title="bbox 1781 1981 3357 2067">
    <p class='ocr_par' dir='ltr' id='par_1_73' title="bbox 1781 1981 3357 2067">
     <span class='ocr_line' id='line_1_74' title="bbox 1781 1981 3357 2067; baseline 0.004 -20"><span class='ocrx_word' id='word_1_548' title='bbox 1781 2004 1882 2048; x_wconf 89' lang='lat' dir='ltr'><strong>tem</strong></span> <span class='ocrx_word' id='word_1_549' title='bbox 1917 2004 2031 2049; x_wconf 87' lang='lat' dir='ltr'><strong>erat</strong></span> <span class='ocrx_word' id='word_1_550' title='bbox 2069 1996 2225 2066; x_wconf 72' lang='lat' dir='ltr'><strong>quasi</strong></span> <span class='ocrx_word' id='word_1_551' title='bbox 2261 1981 2522 2049; x_wconf 78' lang='lat' dir='ltr'><strong>annorum</strong></span> <span class='ocrx_word' id='word_1_552' title='bbox 2555 1997 2798 2066; x_wconf 83' lang='lat' dir='ltr'><strong>triginta,</strong></span> <span class='ocrx_word' id='word_1_553' title='bbox 2842 1997 3178 2067; x_wconf 84' lang='lat' dir='ltr'><strong>baptizatum</strong></span> <span class='ocrx_word' id='word_1_554' title='bbox 3211 2013 3357 2062; x_wconf 87' lang='lat' dir='ltr'><strong>esse.</strong></span> 
     </span>
    </p>
   </div>
   <div class='ocr_carea' id='block_1_74' title="bbox 1779 2085 3360 2160">
    <p class='ocr_par' dir='ltr' id='par_1_74' title="bbox 1779 2085 3360 2160">
     <span class='ocr_line' id='line_1_75' title="bbox 1779 2085 3360 2160; baseline 0.004 -22"><span class='ocrx_word' id='word_1_555' title='bbox 1779 2101 1843 2139; x_wconf 93' lang='lat' dir='ltr'><strong>ac</strong></span> <span class='ocrx_word' id='word_1_556' title='bbox 1884 2085 2172 2152; x_wconf 91' lang='lat' dir='ltr'><strong>docuisse;</strong></span> <span class='ocrx_word' id='word_1_557' title='bbox 2205 2094 2260 2141; x_wconf 92' lang='lat' dir='ltr'><strong>et</strong></span> <span class='ocrx_word' id='word_1_558' title='bbox 2293 2086 2517 2141; x_wconf 89' lang='lat' dir='ltr'><strong>morbos</strong></span> <span class='ocrx_word' id='word_1_559' title='bbox 2555 2101 2770 2152; x_wconf 89' lang='lat' dir='ltr'><strong>omnes,</strong></span> <span class='ocrx_word' id='word_1_560' title='bbox 2821 2088 3223 2160; x_wconf 82' lang='lat' dir='ltr'><strong>languoresque</strong></span> <span class='ocrx_word' id='word_1_561' title='bbox 3257 2107 3360 2145; x_wconf 88' lang='lat' dir='ltr'><strong>cu-</strong></span> 
     </span>
    </p>
   </div>
   <div class='ocr_carea' id='block_1_75' title="bbox 1780 2178 3362 2252">
    <p class='ocr_par' dir='ltr' id='par_1_75' title="bbox 1780 2178 3362 2252">
     <span class='ocr_line' id='line_1_76' title="bbox 1780 2178 3362 2252; baseline 0.003 -19"><span class='ocrx_word' id='word_1_562' title='bbox 1780 2193 1934 2234; x_wconf 87' lang='lat' dir='ltr'><strong>rasse</strong></span> <span class='ocrx_word' id='word_1_563' title='bbox 1966 2178 2127 2234; x_wconf 89' lang='lat' dir='ltr'><strong>annis</strong></span> <span class='ocrx_word' id='word_1_564' title='bbox 2154 2179 2362 2244; x_wconf 90' lang='lat' dir='ltr'><strong>tribus;</strong></span> <span class='ocrx_word' id='word_1_565' title='bbox 2403 2178 2541 2234; x_wconf 91' lang='lat' dir='ltr'><strong>adeo</strong></span> <span class='ocrx_word' id='word_1_566' title='bbox 2576 2187 2636 2233; x_wconf 90' lang='lat' dir='ltr'><strong>ut</strong></span> <span class='ocrx_word' id='word_1_567' title='bbox 2666 2186 2884 2250; x_wconf 86' lang='lat' dir='ltr'><strong>tempus</strong></span> <span class='ocrx_word' id='word_1_568' title='bbox 2920 2196 3102 2246; x_wconf 83' lang='lat' dir='ltr'><strong>omne,</strong></span> <span class='ocrx_word' id='word_1_569' title='bbox 3146 2183 3288 2252; x_wconf 82' lang='lat' dir='ltr'><strong>quod</strong></span> <span class='ocrx_word' id='word_1_570' title='bbox 3331 2199 3362 2238; x_wconf 86' lang='lat' dir='ltr'><strong>a</strong></span> 
     </span>
    </p>
   </div>
   <div class='ocr_carea' id='block_1_76' title="bbox 1779 2266 3364 2337">
    <p class='ocr_par' dir='ltr' id='par_1_76' title="bbox 1779 2266 3364 2337">
     <span class='ocr_line' id='line_1_77' title="bbox 1779 2266 3364 2337; baseline 0.003 -17"><span class='ocrx_word' id='word_1_571' title='bbox 1779 2266 1967 2320; x_wconf 91' lang='lat' dir='ltr'><strong>divino</strong></span> <span class='ocrx_word' id='word_1_572' title='bbox 1996 2267 2144 2320; x_wconf 91' lang='lat' dir='ltr'><strong>illius</strong></span> <span class='ocrx_word' id='word_1_573' title='bbox 2175 2273 2465 2337; x_wconf 87' lang='lat' dir='ltr'><strong>conceptu,</strong></span> <span class='ocrx_word' id='word_1_574' title='bbox 2497 2275 2551 2322; x_wconf 90' lang='lat' dir='ltr'><strong>et</strong></span> <span class='ocrx_word' id='word_1_575' title='bbox 2597 2267 2666 2322; x_wconf 87' lang='lat' dir='ltr'><strong>ab</strong></span> <span class='ocrx_word' id='word_1_576' title='bbox 2697 2283 2843 2322; x_wconf 91' lang='lat' dir='ltr'><strong>anno</strong></span> <span class='ocrx_word' id='word_1_577' title='bbox 2876 2271 3064 2324; x_wconf 89' lang='lat' dir='ltr'><strong>mundi</strong></span> <span class='ocrx_word' id='word_1_578' title='bbox 3100 2272 3260 2334; x_wconf 87' lang='grc'><strong>5501,</strong></span> <span class='ocrx_word' id='word_1_579' title='bbox 3297 2287 3364 2325; x_wconf 82' lang='lat' dir='ltr'><strong>ac</strong></span> 
     </span>
    </p>
   </div>
   <div class='ocr_carea' id='block_1_77' title="bbox 1779 2357 3361 2430">
    <p class='ocr_par' dir='ltr' id='par_1_77' title="bbox 1779 2357 3361 2430">
     <span class='ocr_line' id='line_1_78' title="bbox 1779 2357 3361 2430; baseline 0.004 -19"><span class='ocrx_word' id='word_1_580' title='bbox 1779 2357 1948 2413; x_wconf 89' lang='lat' dir='ltr'><strong>Nisan</strong></span> <span class='ocrx_word' id='word_1_581' title='bbox 1988 2358 2256 2428; x_wconf 88' lang='lat' dir='ltr'><strong>principis</strong></span> <span class='ocrx_word' id='word_1_582' title='bbox 2287 2359 2561 2414; x_wconf 89' lang='lat' dir='ltr'><strong>mensium</strong></span> <span class='ocrx_word' id='word_1_583' title='bbox 2589 2359 2677 2414; x_wconf 92' lang='lat' dir='ltr'><strong>die</strong></span> <span class='ocrx_word' id='word_1_584' title='bbox 2711 2362 2908 2430; x_wconf 86' lang='lat' dir='ltr'><strong>prima,</strong></span> <span class='ocrx_word' id='word_1_585' title='bbox 2935 2361 3114 2417; x_wconf 86' lang='lat' dir='ltr'><strong>Martii</strong></span> <span class='ocrx_word' id='word_1_586' title='bbox 3139 2381 3266 2427; x_wconf 80' lang='lat' dir='ltr'><strong>xxv,</strong></span> <span class='ocrx_word' id='word_1_587' title='bbox 3293 2364 3361 2418; x_wconf 91' lang='lat' dir='ltr'><strong>ad</strong></span> 
     </span>
    </p>
   </div>
   <div class='ocr_carea' id='block_1_78' title="bbox 1778 2448 3359 2523">
    <p class='ocr_par' dir='ltr' id='par_1_78' title="bbox 1778 2448 3359 2523">
     <span class='ocr_line' id='line_1_79' title="bbox 1778 2448 3359 2523; baseline 0.005 -22"><span class='ocrx_word' id='word_1_588' title='bbox 1778 2448 2049 2502; x_wconf 76' lang='lat' dir='ltr'><strong>vivificam</strong></span> <span class='ocrx_word' id='word_1_589' title='bbox 2082 2464 2257 2518; x_wconf 89' lang='lat' dir='ltr'><strong>usque</strong></span> <span class='ocrx_word' id='word_1_590' title='bbox 2291 2450 2754 2505; x_wconf 82' lang='lat' dir='ltr'><strong>resurrectionem</strong></span> <span class='ocrx_word' id='word_1_591' title='bbox 2785 2452 3118 2521; x_wconf 83' lang='lat' dir='ltr'><strong>extenditur,</strong></span> <span class='ocrx_word' id='word_1_592' title='bbox 3151 2470 3272 2523; x_wconf 71' lang='lat' dir='ltr'><strong>qtlze</strong></span> <span class='ocrx_word' id='word_1_593' title='bbox 3304 2456 3359 2509; x_wconf 92' lang='lat' dir='ltr'><strong>in</strong></span> 
     </span>
    </p>
   </div>
   <div class='ocr_carea' id='block_1_79' title="bbox 1779 2531 3363 2610">
    <p class='ocr_par' dir='ltr' id='par_1_79' title="bbox 1779 2531 3363 2610">
     <span class='ocr_line' id='line_1_80' title="bbox 1779 2531 3363 2610; baseline 0.003 -15"><span class='ocrx_word' id='word_1_594' title='bbox 1779 2540 2024 2595; x_wconf 89' lang='lat' dir='ltr'><strong>eamdem</strong></span> <span class='ocrx_word' id='word_1_595' title='bbox 2081 2556 2188 2594; x_wconf 79' lang='lat' dir='ltr'><strong>xxv</strong></span> <span class='ocrx_word' id='word_1_596' title='bbox 2235 2539 2412 2593; x_wconf 88' lang='lat' dir='ltr'><strong>Martii</strong></span> <span class='ocrx_word' id='word_1_597' title='bbox 2465 2531 2612 2596; x_wconf 88' lang='lat' dir='ltr'><strong>diem</strong></span> <span class='ocrx_word' id='word_1_598' title='bbox 2666 2542 2893 2610; x_wconf 90' lang='lat' dir='ltr'><strong>incidit;</strong></span> <span class='ocrx_word' id='word_1_599' title='bbox 2958 2559 3228 2599; x_wconf 90' lang='lat' dir='ltr'><strong>annorum</strong></span> <span class='ocrx_word' id='word_1_600' title='bbox 3289 2548 3363 2602; x_wconf 88' lang='lat' dir='ltr'><strong>sit</strong></span> 
     </span>
    </p>
   </div>
   <div class='ocr_carea' id='block_1_80' title="bbox 1779 2631 3363 2706">
    <p class='ocr_par' dir='ltr' id='par_1_80' title="bbox 1779 2631 3363 2706">
     <span class='ocr_line' id='line_1_81' title="bbox 1779 2631 3363 2706; baseline 0.004 -20"><span class='ocrx_word' id='word_1_601' title='bbox 1779 2647 1974 2698; x_wconf 76' lang='lat' dir='ltr'><strong>xum,</strong></span> <span class='ocrx_word' id='word_1_602' title='bbox 1996 2639 2050 2687; x_wconf 86' lang='lat' dir='ltr'><strong>et</strong></span> <span class='ocrx_word' id='word_1_603' title='bbox 2071 2633 2234 2686; x_wconf 89' lang='lat' dir='ltr'><strong>unius</strong></span> <span class='ocrx_word' id='word_1_604' title='bbox 2257 2631 2384 2695; x_wconf 91' lang='lat' dir='ltr'><strong>diei,</strong></span> <span class='ocrx_word' id='word_1_605' title='bbox 2413 2649 2534 2703; x_wconf 71' lang='lat' dir='ltr'><strong>quae</strong></span> <span class='ocrx_word' id='word_1_606' title='bbox 2557 2649 2761 2688; x_wconf 91' lang='lat' dir='ltr'><strong>annum</strong></span> <span class='ocrx_word' id='word_1_607' title='bbox 2785 2635 2926 2690; x_wconf 77' lang='grc'><strong>5554</strong></span> <span class='ocrx_word' id='word_1_608' title='bbox 2949 2636 3170 2706; x_wconf 90' lang='lat' dir='ltr'><strong>incepit.</strong></span> <span class='ocrx_word' id='word_1_609' title='bbox 3203 2637 3363 2694; x_wconf 81' lang='lat' dir='ltr'><strong>Unde</strong></span> 
     </span>
    </p>
   </div>
   <div class='ocr_carea' id='block_1_81' title="bbox 1781 2721 3360 2795">
    <p class='ocr_par' dir='ltr' id='par_1_81' title="bbox 1781 2721 3360 2795">
     <span class='ocr_line' id='line_1_82' title="bbox 1781 2721 3360 2795; baseline 0.005 -19"><span class='ocrx_word' id='word_1_610' title='bbox 1781 2721 1848 2776; x_wconf 91' lang='lat' dir='ltr'><strong>ad</strong></span> <span class='ocrx_word' id='word_1_611' title='bbox 1889 2721 2130 2776; x_wconf 87' lang='lat' dir='ltr'><strong>divinam</strong></span> <span class='ocrx_word' id='word_1_612' title='bbox 2181 2738 2307 2776; x_wconf 89' lang='lat' dir='ltr'><strong>cum</strong></span> <span class='ocrx_word' id='word_1_613' title='bbox 2358 2737 2592 2793; x_wconf 89' lang='lat' dir='ltr'><strong>corpore</strong></span> <span class='ocrx_word' id='word_1_614' title='bbox 2639 2726 3072 2795; x_wconf 89' lang='lat' dir='ltr'><strong>assumptionem</strong></span> <span class='ocrx_word' id='word_1_615' title='bbox 3121 2729 3269 2784; x_wconf 88' lang='lat' dir='ltr'><strong>illius</strong></span> <span class='ocrx_word' id='word_1_616' title='bbox 3305 2731 3360 2784; x_wconf 93' lang='lat' dir='ltr'><strong>in</strong></span> 
     </span>
    </p>
   </div>
   <div class='ocr_carea' id='block_1_82' title="bbox 1780 2813 3353 2887">
    <p class='ocr_par' dir='ltr' id='par_1_82' title="bbox 1780 2813 3353 2887">
     <span class='ocr_line' id='line_1_83' title="bbox 1780 2813 3353 2887; baseline 0.004 -17"><span class='ocrx_word' id='word_1_617' title='bbox 1780 2815 1979 2870; x_wconf 71' lang='lat' dir='ltr'><strong>emtum</strong></span> <span class='ocrx_word' id='word_1_618' title='bbox 2028 2813 2145 2870; x_wconf 84' lang='lat' dir='ltr'><strong>dies</strong></span> <span class='ocrx_word' id='word_1_619' title='bbox 2195 2814 2661 2870; x_wconf 84' lang='lat' dir='ltr'><strong>intercedunth.</strong></span> <span class='ocrx_word' id='word_1_620' title='bbox 2699 2815 2757 2870; x_wconf 88' lang='lat' dir='ltr'><strong>Si</strong></span> <span class='ocrx_word' id='word_1_621' title='bbox 2802 2819 2928 2887; x_wconf 91' lang='lat' dir='ltr'><strong>quis</strong></span> <span class='ocrx_word' id='word_1_622' title='bbox 2975 2830 3154 2875; x_wconf 88' lang='lat' dir='ltr'><strong>autem</strong></span> <span class='ocrx_word' id='word_1_623' title='bbox 3193 2821 3353 2878; x_wconf 82' lang='lat' dir='ltr'><strong>ﬁdem</strong></span> 
     </span>
    </p>
   </div>
   <div class='ocr_carea' id='block_1_83' title="bbox 1779 2907 3356 2978">
    <p class='ocr_par' dir='ltr' id='par_1_83' title="bbox 1779 2907 3356 2978">
     <span class='ocr_line' id='line_1_84' title="bbox 1779 2907 3356 2978; baseline 0.004 -16"><span class='ocrx_word' id='word_1_624' title='bbox 1779 2909 1962 2963; x_wconf 89' lang='lat' dir='ltr'><strong>minus</strong></span> <span class='ocrx_word' id='word_1_625' title='bbox 1991 2908 2218 2962; x_wconf 88' lang='lat' dir='ltr'><strong>adhibet</strong></span> <span class='ocrx_word' id='word_1_626' title='bbox 2266 2907 2355 2972; x_wconf 90' lang='lat' dir='ltr'><strong>iis,</strong></span> <span class='ocrx_word' id='word_1_627' title='bbox 2399 2924 2521 2978; x_wconf 65' lang='lat' dir='ltr'><strong>quae</strong></span> <span class='ocrx_word' id='word_1_628' title='bbox 2568 2911 2636 2964; x_wconf 91' lang='lat' dir='ltr'><strong>de</strong></span> <span class='ocrx_word' id='word_1_629' title='bbox 2677 2910 2766 2965; x_wconf 92' lang='lat' dir='ltr'><strong>die</strong></span> <span class='ocrx_word' id='word_1_630' title='bbox 2814 2911 2905 2964; x_wconf 91' lang='lat' dir='ltr'><strong>illa</strong></span> <span class='ocrx_word' id='word_1_631' title='bbox 2941 2927 3049 2965; x_wconf 91' lang='lat' dir='ltr'><strong>non</strong></span> <span class='ocrx_word' id='word_1_632' title='bbox 3093 2927 3204 2966; x_wconf 91' lang='lat' dir='ltr'><strong>uno</strong></span> <span class='ocrx_word' id='word_1_633' title='bbox 3235 2915 3356 2968; x_wconf 88' lang='lat' dir='ltr'><strong>loco</strong></span> 
     </span>
    </p>
   </div>
   <div class='ocr_carea' id='block_1_84' title="bbox 1780 2999 3357 3074">
    <p class='ocr_par' dir='ltr' id='par_1_84' title="bbox 1780 2999 3357 3074">
     <span class='ocr_line' id='line_1_85' title="bbox 1780 2999 3357 3074; baseline 0.004 -23"><span class='ocrx_word' id='word_1_634' title='bbox 1780 3008 2176 3064; x_wconf 86' lang='lat' dir='ltr'><strong>memorantur,</strong></span> <span class='ocrx_word' id='word_1_635' title='bbox 2207 2999 2469 3054; x_wconf 86' lang='lat' dir='ltr'><strong>nimirum</strong></span> <span class='ocrx_word' id='word_1_636' title='bbox 2501 2999 2792 3055; x_wconf 84' lang='lat' dir='ltr'><strong>Dominum</strong></span> <span class='ocrx_word' id='word_1_637' title='bbox 2821 3011 3067 3057; x_wconf 88' lang='lat' dir='ltr'><strong>nostrum</strong></span> <span class='ocrx_word' id='word_1_638' title='bbox 3091 3005 3357 3074; x_wconf 88' lang='lat' dir='ltr'><strong>primaria</strong></span> 
     </span>
    </p>
   </div>
   <div class='ocr_carea' id='block_1_85' title="bbox 1781 3089 3358 3160">
    <p class='ocr_par' dir='ltr' id='par_1_85' title="bbox 1781 3089 3358 3160">
     <span class='ocr_line' id='line_1_86' title="bbox 1781 3089 3358 3160; baseline 0.005 -18"><span class='ocrx_word' id='word_1_639' title='bbox 1781 3089 1836 3143; x_wconf 92' lang='lat' dir='ltr'><strong>in</strong></span> <span class='ocrx_word' id='word_1_640' title='bbox 1874 3091 1964 3143; x_wconf 87' lang='lat' dir='ltr'><strong>illa</strong></span> <span class='ocrx_word' id='word_1_641' title='bbox 1993 3091 2100 3155; x_wconf 86' lang='lat' dir='ltr'><strong>die,</strong></span> <span class='ocrx_word' id='word_1_642' title='bbox 2143 3092 2354 3146; x_wconf 87' lang='lat' dir='ltr'><strong>calcata</strong></span> <span class='ocrx_word' id='word_1_643' title='bbox 2391 3101 2586 3160; x_wconf 89' lang='lat' dir='ltr'><strong>morte,</strong></span> <span class='ocrx_word' id='word_1_644' title='bbox 2617 3094 2785 3147; x_wconf 90' lang='lat' dir='ltr'><strong>vitam</strong></span> <span class='ocrx_word' id='word_1_645' title='bbox 2825 3095 2986 3148; x_wconf 88' lang='lat' dir='ltr'><strong>nobis</strong></span> <span class='ocrx_word' id='word_1_646' title='bbox 3021 3110 3087 3149; x_wconf 80' lang='lat' dir='ltr'><strong>ex</strong></span> <span class='ocrx_word' id='word_1_647' title='bbox 3123 3098 3358 3152; x_wconf 86' lang='lat' dir='ltr'><strong>mortuis</strong></span> 
     </span>
    </p>
   </div>
   <div class='ocr_carea' id='block_1_86' title="bbox 1782 3181 3361 3258">
    <p class='ocr_par' dir='ltr' id='par_1_86' title="bbox 1782 3181 3361 3258">
     <span class='ocr_line' id='line_1_87' title="bbox 1782 3181 3361 3258; baseline 0.004 -21"><span class='ocrx_word' id='word_1_648' title='bbox 1782 3181 2059 3246; x_wconf 75' lang='lat' dir='ltr'><strong>eﬂudisse,</strong></span> <span class='ocrx_word' id='word_1_649' title='bbox 2094 3183 2160 3236; x_wconf 90' lang='lat' dir='ltr'><strong>ad</strong></span> <span class='ocrx_word' id='word_1_650' title='bbox 2192 3184 2530 3238; x_wconf 86' lang='lat' dir='ltr'><strong>undecimam</strong></span> <span class='ocrx_word' id='word_1_651' title='bbox 2566 3186 2850 3257; x_wconf 88' lang='lat' dir='ltr'><strong>periodum</strong></span> <span class='ocrx_word' id='word_1_652' title='bbox 2891 3188 3225 3258; x_wconf 83' lang='lat' dir='ltr'><strong>cyclicorum</strong></span> <span class='ocrx_word' id='word_1_653' title='bbox 3259 3205 3361 3244; x_wconf 88' lang='lat' dir='ltr'><strong>an-</strong></span> 
     </span>
    </p>
   </div>
   <div class='ocr_carea' id='block_1_87' title="bbox 1783 3273 3358 3346">
    <p class='ocr_par' dir='ltr' id='par_1_87' title="bbox 1783 3273 3358 3346">
     <span class='ocr_line' id='line_1_88' title="bbox 1783 3273 3358 3346; baseline 0.003 -19"><span class='ocrx_word' id='word_1_654' title='bbox 1783 3289 1978 3328; x_wconf 91' lang='lat' dir='ltr'><strong>norum</strong></span> <span class='ocrx_word' id='word_1_655' title='bbox 2011 3273 2134 3336; x_wconf 70' lang='lat'><strong>552,</strong></span> <span class='ocrx_word' id='word_1_656' title='bbox 2167 3281 2221 3330; x_wconf 89' lang='lat' dir='ltr'><strong>et</strong></span> <span class='ocrx_word' id='word_1_657' title='bbox 2266 3275 2387 3345; x_wconf 87' lang='lat' dir='ltr'><strong>ejus</strong></span> <span class='ocrx_word' id='word_1_658' title='bbox 2417 3290 2622 3330; x_wconf 90' lang='lat' dir='ltr'><strong>annum</strong></span> <span class='ocrx_word' id='word_1_659' title='bbox 2667 3275 2772 3330; x_wconf 75' lang='grc'><strong>213</strong></span> <span class='ocrx_word' id='word_1_660' title='bbox 2806 3277 3046 3331; x_wconf 86' lang='lat' dir='ltr'><strong>animum</strong></span> <span class='ocrx_word' id='word_1_661' title='bbox 3085 3279 3358 3346; x_wconf 87' lang='lat' dir='ltr'><strong>advertat,</strong></span> 
     </span>
    </p>
   </div>
   <div class='ocr_carea' id='block_1_88' title="bbox 1780 3366 3361 3438">
    <p class='ocr_par' dir='ltr' id='par_1_88' title="bbox 1780 3366 3361 3438">
     <span class='ocr_line' id='line_1_89' title="bbox 1780 3366 3361 3438; baseline 0.002 -17"><span class='ocrx_word' id='word_1_662' title='bbox 1780 3369 1837 3422; x_wconf 91' lang='lat' dir='ltr'><strong>in</strong></span> <span class='ocrx_word' id='word_1_663' title='bbox 1866 3383 2042 3438; x_wconf 83' lang='lat' dir='ltr'><strong>eoque</strong></span> <span class='ocrx_word' id='word_1_664' title='bbox 2083 3367 2352 3424; x_wconf 88' lang='lat' dir='ltr'><strong>decimam</strong></span> <span class='ocrx_word' id='word_1_665' title='bbox 2388 3376 2640 3437; x_wconf 86' lang='lat' dir='ltr'><strong>quartam</strong></span> <span class='ocrx_word' id='word_1_666' title='bbox 2689 3366 2901 3422; x_wconf 69' lang='lat' dir='ltr'><strong>Hebraei</strong></span> <span class='ocrx_word' id='word_1_667' title='bbox 2938 3367 3227 3424; x_wconf 83' lang='lat' dir='ltr'><strong>Paschalis</strong></span> <span class='ocrx_word' id='word_1_668' title='bbox 3274 3379 3361 3424; x_wconf 82' lang='lat' dir='ltr'><strong>at-</strong></span> 
     </span>
    </p>
   </div>
   <div class='ocr_carea' id='block_1_89' title="bbox 1779 3457 3355 3528">
    <p class='ocr_par' dir='ltr' id='par_1_89' title="bbox 1779 3457 3355 3528">
     <span class='ocr_line' id='line_1_90' title="bbox 1779 3457 3355 3528; baseline -0.002 -12"><span class='ocrx_word' id='word_1_669' title='bbox 1779 3460 1986 3516; x_wconf 89' lang='lat' dir='ltr'><strong>tendat.</strong></span> <span class='ocrx_word' id='word_1_670' title='bbox 2012 3459 2166 3515; x_wconf 81' lang='lat' dir='ltr'><strong>Hanc</strong></span> <span class='ocrx_word' id='word_1_671' title='bbox 2181 3460 2327 3514; x_wconf 91' lang='lat' dir='ltr'><strong>enim</strong></span> <span class='ocrx_word' id='word_1_672' title='bbox 2351 3460 2592 3514; x_wconf 80' lang='lat' dir='ltr'><strong>inveniet</strong></span> <span class='ocrx_word' id='word_1_673' title='bbox 2613 3458 2703 3514; x_wconf 92' lang='lat' dir='ltr'><strong>die</strong></span> <span class='ocrx_word' id='word_1_674' title='bbox 2723 3473 2860 3513; x_wconf 72' lang='grc' dir='ltr'>χχιιι</span> <span class='ocrx_word' id='word_1_675' title='bbox 2882 3457 3062 3513; x_wconf 83' lang='lat' dir='ltr'><strong>Martii</strong></span> <span class='ocrx_word' id='word_1_676' title='bbox 3083 3459 3355 3528; x_wconf 83' lang='lat' dir='ltr'><strong>ejusdem,</strong></span> 
     </span>
    </p>
   </div>
   <div class='ocr_carea' id='block_1_90' title="bbox 1780 3550 3356 3621">
    <p class='ocr_par' dir='ltr' id='par_1_90' title="bbox 1780 3550 3356 3621">
     <span class='ocr_line' id='line_1_91' title="bbox 1780 3550 3356 3621; baseline 0.001 -16"><span class='ocrx_word' id='word_1_677' title='bbox 1780 3566 1844 3606; x_wconf 91' lang='lat' dir='ltr'><strong>ac</strong></span> <span class='ocrx_word' id='word_1_678' title='bbox 1874 3552 2194 3616; x_wconf 82' lang='lat' dir='ltr'><strong>Parasceve,</strong></span> <span class='ocrx_word' id='word_1_679' title='bbox 2246 3552 2301 3606; x_wconf 91' lang='lat' dir='ltr'><strong>in</strong></span> <span class='ocrx_word' id='word_1_680' title='bbox 2336 3550 2676 3606; x_wconf 81' lang='lat' dir='ltr'><strong>salutiferam</strong></span> <span class='ocrx_word' id='word_1_681' title='bbox 2711 3551 3026 3621; x_wconf 88' lang='lat' dir='ltr'><strong>passionem</strong></span> <span class='ocrx_word' id='word_1_682' title='bbox 3071 3551 3356 3615; x_wconf 86' lang='lat' dir='ltr'><strong>incidisse,</strong></span> 
     </span>
    </p>
   </div>
   <div class='ocr_carea' id='block_1_91' title="bbox 1783 3641 3360 3714">
    <p class='ocr_par' dir='ltr' id='par_1_91' title="bbox 1783 3641 3360 3714">
     <span class='ocr_line' id='line_1_92' title="bbox 1783 3641 3360 3714; baseline 0.002 -18"><span class='ocrx_word' id='word_1_683' title='bbox 1783 3659 1946 3714; x_wconf 88' lang='lat' dir='ltr'><strong>quam</strong></span> <span class='ocrx_word' id='word_1_684' title='bbox 1980 3659 2079 3713; x_wconf 91' lang='lat' dir='ltr'><strong>pro</strong></span> <span class='ocrx_word' id='word_1_685' title='bbox 2112 3642 2274 3697; x_wconf 89' lang='lat' dir='ltr'><strong>nobis</strong></span> <span class='ocrx_word' id='word_1_686' title='bbox 2307 3641 2399 3698; x_wconf 89' lang='lat' dir='ltr'><strong>ille</strong></span> <span class='ocrx_word' id='word_1_687' title='bbox 2427 3642 2723 3709; x_wconf 90' lang='lat' dir='ltr'><strong>sustinuit;</strong></span> <span class='ocrx_word' id='word_1_688' title='bbox 2755 3649 2810 3696; x_wconf 91' lang='lat' dir='ltr'><strong>et</strong></span> <span class='ocrx_word' id='word_1_689' title='bbox 2845 3643 3093 3712; x_wconf 87' lang='lat' dir='ltr'><strong>sepultus</strong></span> <span class='ocrx_word' id='word_1_690' title='bbox 3134 3657 3164 3696; x_wconf 89' lang='lat' dir='ltr'><strong>a</strong></span> <span class='ocrx_word' id='word_1_691' title='bbox 3203 3641 3360 3699; x_wconf 82' lang='lat' dir='ltr'><strong>Jose-</strong></span> 
     </span>
    </p>
   </div>
   <div class='ocr_carea' id='block_1_92' title="bbox 1781 3734 3358 3806">
    <p class='ocr_par' dir='ltr' id='par_1_92' title="bbox 1781 3734 3358 3806">
     <span class='ocr_line' id='line_1_93' title="bbox 1781 3734 3358 3806; baseline 0 -16"><span class='ocrx_word' id='word_1_692' title='bbox 1781 3735 2023 3806; x_wconf 86' lang='lat' dir='ltr'><strong>pho,qui</strong></span> <span class='ocrx_word' id='word_1_693' title='bbox 2049 3751 2116 3790; x_wconf 74' lang='lat' dir='ltr'><strong>ex</strong></span> <span class='ocrx_word' id='word_1_694' title='bbox 2141 3735 2467 3789; x_wconf 66' lang='lat' dir='ltr'><strong>Arimathaaa</strong></span> <span class='ocrx_word' id='word_1_695' title='bbox 2497 3742 2615 3790; x_wconf 90' lang='lat' dir='ltr'><strong>erat</strong></span> <span class='ocrx_word' id='word_1_696' title='bbox 2639 3734 2932 3800; x_wconf 91' lang='lat' dir='ltr'><strong>oriundus,</strong></span> <span class='ocrx_word' id='word_1_697' title='bbox 2967 3743 3016 3791; x_wconf 89' lang='lat' dir='ltr'><strong>et</strong></span> <span class='ocrx_word' id='word_1_698' title='bbox 3039 3734 3358 3804; x_wconf 84' lang='lat' dir='ltr'><strong>Nicodemo,</strong></span> 
     </span>
    </p>
   </div>
   <div class='ocr_carea' id='block_1_93' title="bbox 1781 3825 3361 3884">
    <p class='ocr_par' dir='ltr' id='par_1_93' title="bbox 1781 3825 3361 3884">
     <span class='ocr_line' id='line_1_94' title="bbox 1781 3825 3361 3884; baseline -0.001 0"><span class='ocrx_word' id='word_1_699' title='bbox 1781 3829 1941 3884; x_wconf 89' lang='lat' dir='ltr'><strong>tertia</strong></span> <span class='ocrx_word' id='word_1_700' title='bbox 1969 3827 2038 3883; x_wconf 90' lang='lat' dir='ltr'><strong>ab</strong></span> <span class='ocrx_word' id='word_1_701' title='bbox 2059 3825 2248 3882; x_wconf 85' lang='lat' dir='ltr'><strong>eadem</strong></span> <span class='ocrx_word' id='word_1_702' title='bbox 2279 3825 2579 3882; x_wconf 87' lang='lat' dir='ltr'><strong>Parasceve</strong></span> <span class='ocrx_word' id='word_1_703' title='bbox 2600 3827 2688 3882; x_wconf 92' lang='lat' dir='ltr'><strong>die</strong></span> <span class='ocrx_word' id='word_1_704' title='bbox 2717 3827 3018 3883; x_wconf 80' lang='lat' dir='ltr'><strong>resurrexit</strong></span> <span class='ocrx_word' id='word_1_705' title='bbox 3050 3845 3063 3882; x_wconf 90' lang='lat'><strong>:</strong></span> <span class='ocrx_word' id='word_1_706' title='bbox 3094 3842 3202 3881; x_wconf 91' lang='lat' dir='ltr'><strong>una</strong></span> <span class='ocrx_word' id='word_1_707' title='bbox 3223 3826 3361 3882; x_wconf 83' lang='lat' dir='ltr'><strong>Sab-</strong></span> 
     </span>
    </p>
   </div>
   <div class='ocr_carea' id='block_1_94' title="bbox 1780 3917 3357 3988">
    <p class='ocr_par' dir='ltr' id='par_1_94' title="bbox 1780 3917 3357 3988">
     <span class='ocr_line' id='line_1_95' title="bbox 1780 3917 3357 3988; baseline 0.001 -14"><span class='ocrx_word' id='word_1_708' title='bbox 1780 3919 2054 3985; x_wconf 88' lang='lat' dir='ltr'><strong>batorum,</strong></span> <span class='ocrx_word' id='word_1_709' title='bbox 2105 3928 2160 3973; x_wconf 89' lang='lat' dir='ltr'><strong>et</strong></span> <span class='ocrx_word' id='word_1_710' title='bbox 2213 3917 2383 3972; x_wconf 86' lang='lat' dir='ltr'><strong>Nisan</strong></span> <span class='ocrx_word' id='word_1_711' title='bbox 2430 3919 2593 3988; x_wconf 91' lang='lat' dir='ltr'><strong>primi</strong></span> <span class='ocrx_word' id='word_1_712' title='bbox 2639 3917 2784 3988; x_wconf 91' lang='lat' dir='ltr'><strong>apud</strong></span> <span class='ocrx_word' id='word_1_713' title='bbox 2831 3918 3090 3974; x_wconf 65' lang='lat' dir='ltr'><strong>Hebraeos</strong></span> <span class='ocrx_word' id='word_1_714' title='bbox 3149 3920 3357 3976; x_wconf 81' lang='lat' dir='ltr'><strong>mensis</strong></span> 
     </span>
    </p>
   </div>
   <div class='ocr_carea' id='block_1_95' title="bbox 1780 4009 3358 4080">
    <p class='ocr_par' dir='ltr' id='par_1_95' title="bbox 1780 4009 3358 4080">
     <span class='ocr_line' id='line_1_96' title="bbox 1780 4009 3358 4080; baseline 0.003 -19"><span class='ocrx_word' id='word_1_715' title='bbox 1780 4010 1956 4080; x_wconf 88' lang='lat' dir='ltr'><strong>prima</strong></span> <span class='ocrx_word' id='word_1_716' title='bbox 1987 4009 2109 4075; x_wconf 91' lang='lat' dir='ltr'><strong>die;</strong></span> <span class='ocrx_word' id='word_1_717' title='bbox 2137 4023 2258 4079; x_wconf 63' lang='lat' dir='ltr'><strong>qua</strong></span> <span class='ocrx_word' id='word_1_718' title='bbox 2285 4009 2544 4065; x_wconf 87' lang='lat' dir='ltr'><strong>vicesima</strong></span> <span class='ocrx_word' id='word_1_719' title='bbox 2573 4009 2766 4080; x_wconf 89' lang='lat' dir='ltr'><strong>quinta</strong></span> <span class='ocrx_word' id='word_1_720' title='bbox 2790 4009 2969 4063; x_wconf 83' lang='lat' dir='ltr'><strong>Martii</strong></span> <span class='ocrx_word' id='word_1_721' title='bbox 3002 4025 3110 4064; x_wconf 88' lang='lat' dir='ltr'><strong>una</strong></span> <span class='ocrx_word' id='word_1_722' title='bbox 3134 4011 3358 4066; x_wconf 84' lang='lat' dir='ltr'><strong>eadem-</strong></span> 
     </span>
    </p>
   </div>
   <div class='ocr_carea' id='block_1_96' title="bbox 1780 4099 2398 4171">
    <p class='ocr_par' dir='ltr' id='par_1_96' title="bbox 1780 4099 2398 4171">
     <span class='ocr_line' id='line_1_97' title="bbox 1780 4099 2398 4171; baseline 0 -17"><span class='ocrx_word' id='word_1_723' title='bbox 1780 4116 1888 4171; x_wconf 88' lang='lat' dir='ltr'><strong>que</strong></span> <span class='ocrx_word' id='word_1_724' title='bbox 1927 4115 2144 4170; x_wconf 85' lang='lat' dir='ltr'><strong>semper</strong></span> <span class='ocrx_word' id='word_1_725' title='bbox 2182 4099 2398 4154; x_wconf 90' lang='lat' dir='ltr'><strong>incidit.</strong></span> 
     </span>
    </p>
   </div>
   <div class='ocr_carea' id='block_1_97' title="bbox 1851 4189 3358 4262">
    <p class='ocr_par' dir='ltr' id='par_1_97' title="bbox 1851 4189 3358 4262">
     <span class='ocr_line' id='line_1_98' title="bbox 1851 4189 3358 4262; baseline 0.001 -18"><span class='ocrx_word' id='word_1_726' title='bbox 1851 4191 2018 4262; x_wconf 82' lang='lat' dir='ltr'><strong>lgitur</strong></span> <span class='ocrx_word' id='word_1_727' title='bbox 2043 4190 2360 4256; x_wconf 81' lang='lat' dir='ltr'><strong>Africanus,</strong></span> <span class='ocrx_word' id='word_1_728' title='bbox 2395 4204 2520 4244; x_wconf 92' lang='lat' dir='ltr'><strong>cum</strong></span> <span class='ocrx_word' id='word_1_729' title='bbox 2555 4189 2612 4244; x_wconf 91' lang='lat' dir='ltr'><strong>in</strong></span> <span class='ocrx_word' id='word_1_730' title='bbox 2648 4204 2854 4244; x_wconf 90' lang='lat' dir='ltr'><strong>annum</strong></span> <span class='ocrx_word' id='word_1_731' title='bbox 2885 4189 3077 4244; x_wconf 91' lang='lat' dir='ltr'><strong>mundi</strong></span> <span class='ocrx_word' id='word_1_732' title='bbox 3107 4190 3242 4246; x_wconf 85' lang='grc'><strong>5501</strong></span> <span class='ocrx_word' id='word_1_733' title='bbox 3273 4191 3358 4246; x_wconf 64' lang='lat' dir='ltr'><strong>dio</strong></span> 
     </span>
    </p>
   </div>
   <div class='ocr_carea' id='block_1_98' title="bbox 1780 4277 3356 4352">
    <p class='ocr_par' dir='ltr' id='par_1_98' title="bbox 1780 4277 3356 4352">
     <span class='ocr_line' id='line_1_99' title="bbox 1780 4277 3356 4352; baseline -0.002 -14"><span class='ocrx_word' id='word_1_734' title='bbox 1780 4285 1962 4338; x_wconf 83' lang='lat' dir='ltr'><strong>vinam</strong></span> <span class='ocrx_word' id='word_1_735' title='bbox 2001 4283 2440 4340; x_wconf 82' lang='lat' dir='ltr'><strong>lncarnationem</strong></span> <span class='ocrx_word' id='word_1_736' title='bbox 2477 4290 2844 4337; x_wconf 86' lang='lat' dir='ltr'><strong>consentanee</strong></span> <span class='ocrx_word' id='word_1_737' title='bbox 2895 4280 3182 4335; x_wconf 87' lang='lat' dir='ltr'><strong>traditioni</strong></span> <span class='ocrx_word' id='word_1_738' title='bbox 3224 4277 3356 4352; x_wconf 82' lang='lat' dir='ltr'><strong>apo-</strong></span> 
     </span>
    </p>
   </div>
   <div class='ocr_carea' id='block_1_99' title="bbox 1782 4371 3344 4445">
    <p class='ocr_par' dir='ltr' id='par_1_99' title="bbox 1782 4371 3344 4445">
     <span class='ocr_line' id='line_1_100' title="bbox 1782 4371 3344 4445; baseline -0.003 -16"><span class='ocrx_word' id='word_1_739' title='bbox 1782 4375 1986 4430; x_wconf 68' lang='lat' dir='ltr'><strong>stolicae</strong></span> <span class='ocrx_word' id='word_1_740' title='bbox 2013 4374 2361 4445; x_wconf 88' lang='lat' dir='ltr'><strong>conjecisset,</strong></span> <span class='ocrx_word' id='word_1_741' title='bbox 2403 4373 2458 4428; x_wconf 92' lang='lat' dir='ltr'><strong>in</strong></span> <span class='ocrx_word' id='word_1_742' title='bbox 2483 4372 2739 4443; x_wconf 87' lang='lat' dir='ltr'><strong>passione</strong></span> <span class='ocrx_word' id='word_1_743' title='bbox 2768 4387 2832 4426; x_wconf 90' lang='lat' dir='ltr'><strong>ac</strong></span> <span class='ocrx_word' id='word_1_744' title='bbox 2857 4371 3136 4426; x_wconf 84' lang='lat' dir='ltr'><strong>salutifera</strong></span> <span class='ocrx_word' id='word_1_745' title='bbox 3164 4387 3344 4427; x_wconf 86' lang='lat' dir='ltr'><strong>resur-</strong></span> 
     </span>
    </p>
   </div>
   <div class='ocr_carea' id='block_1_100' title="bbox 1781 4461 3353 4533">
    <p class='ocr_par' dir='ltr' id='par_1_100' title="bbox 1781 4461 3353 4533">
     <span class='ocr_line' id='line_1_101' title="bbox 1781 4461 3353 4533; baseline -0.003 -13"><span class='ocrx_word' id='word_1_746' title='bbox 1781 4467 2023 4522; x_wconf 85' lang='lat' dir='ltr'><strong>rectione</strong></span> <span class='ocrx_word' id='word_1_747' title='bbox 2062 4463 2435 4533; x_wconf 88' lang='lat' dir='ltr'><strong>consignanda</strong></span> <span class='ocrx_word' id='word_1_748' title='bbox 2481 4462 2704 4518; x_wconf 91' lang='lat' dir='ltr'><strong>biennio</strong></span> <span class='ocrx_word' id='word_1_749' title='bbox 2731 4461 3026 4522; x_wconf 87' lang='lat' dir='ltr'><strong>aberravit,</strong></span> <span class='ocrx_word' id='word_1_750' title='bbox 3062 4471 3353 4531; x_wconf 84' lang='lat' dir='ltr'><strong>utramque</strong></span> 
     </span>
    </p>
   </div>
   <div class='ocr_carea' id='block_1_101' title="bbox 1781 4549 3356 4612">
    <p class='ocr_par' dir='ltr' id='par_1_101' title="bbox 1781 4549 3356 4612">
     <span class='ocr_line' id='line_1_102' title="bbox 1781 4549 3356 4612; baseline -0.003 -1"><span class='ocrx_word' id='word_1_751' title='bbox 1781 4557 2068 4612; x_wconf 82' lang='lat' dir='ltr'><strong>conferens</strong></span> <span class='ocrx_word' id='word_1_752' title='bbox 2090 4556 2145 4611; x_wconf 88' lang='lat' dir='ltr'><strong>in</strong></span> <span class='ocrx_word' id='word_1_753' title='bbox 2168 4570 2370 4610; x_wconf 90' lang='lat' dir='ltr'><strong>annum</strong></span> <span class='ocrx_word' id='word_1_754' title='bbox 2401 4553 2590 4608; x_wconf 91' lang='lat' dir='ltr'><strong>mundi</strong></span> <span class='ocrx_word' id='word_1_755' title='bbox 2623 4554 2782 4608; x_wconf 77' lang='grc'><strong>5551.</strong></span> <span class='ocrx_word' id='word_1_756' title='bbox 2814 4553 2884 4606; x_wconf 89' lang='lat' dir='ltr'><strong>At</strong></span> <span class='ocrx_word' id='word_1_757' title='bbox 2911 4551 3178 4607; x_wconf 85' lang='lat' dir='ltr'><strong>Eusebius</strong></span> <span class='ocrx_word' id='word_1_758' title='bbox 3199 4549 3356 4606; x_wconf 56' lang='lat' dir='ltr'><strong>Pam.</strong></span> 
     </span>
    </p>
   </div>
   <div class='ocr_carea' id='block_1_102' title="bbox 1781 4641 3351 4722">
    <p class='ocr_par' dir='ltr' id='par_1_102' title="bbox 1781 4641 3351 4722">
     <span class='ocr_line' id='line_1_103' title="bbox 1781 4641 3351 4722; baseline -0.004 -18"><span class='ocrx_word' id='word_1_759' title='bbox 1781 4649 1913 4722; x_wconf 88' lang='lat' dir='ltr'><strong>phili</strong></span> <span class='ocrx_word' id='word_1_760' title='bbox 1934 4663 2106 4704; x_wconf 89' lang='lat' dir='ltr'><strong>annos</strong></span> <span class='ocrx_word' id='word_1_761' title='bbox 2135 4648 2205 4703; x_wconf 85' lang='lat' dir='ltr'><strong>ab</strong></span> <span class='ocrx_word' id='word_1_762' title='bbox 2233 4647 2442 4701; x_wconf 81' lang='lat' dir='ltr'><strong>Adamn</strong></span> <span class='ocrx_word' id='word_1_763' title='bbox 2482 4647 2549 4701; x_wconf 89' lang='lat' dir='ltr'><strong>ad</strong></span> <span class='ocrx_word' id='word_1_764' title='bbox 2575 4653 2759 4699; x_wconf 88' lang='lat' dir='ltr'><strong>ortum</strong></span> <span class='ocrx_word' id='word_1_765' title='bbox 2785 4642 3066 4706; x_wconf 85' lang='lat' dir='ltr'><strong>Abraami,</strong></span> <span class='ocrx_word' id='word_1_766' title='bbox 3107 4643 3199 4712; x_wconf 90' lang='lat' dir='ltr'><strong>qui</strong></span> <span class='ocrx_word' id='word_1_767' title='bbox 3226 4641 3351 4697; x_wconf 80' lang='lat' dir='ltr'><strong>Nini</strong></span> 
     </span>
    </p>
   </div>
   <div class='ocr_carea' id='block_1_103' title="bbox 1780 4733 3351 4808">
    <p class='ocr_par' dir='ltr' id='par_1_103' title="bbox 1780 4733 3351 4808">
     <span class='ocr_line' id='line_1_104' title="bbox 1780 4733 3351 4808; baseline -0.006 -14"><span class='ocrx_word' id='word_1_768' title='bbox 1780 4756 1844 4794; x_wconf 88' lang='lat' dir='ltr'><strong>ac</strong></span> <span class='ocrx_word' id='word_1_769' title='bbox 1884 4739 2262 4794; x_wconf 90' lang='lat' dir='ltr'><strong>Semiramidis</strong></span> <span class='ocrx_word' id='word_1_770' title='bbox 2305 4752 2490 4808; x_wconf 90' lang='lat' dir='ltr'><strong>regum</strong></span> <span class='ocrx_word' id='word_1_771' title='bbox 2534 4736 2774 4806; x_wconf 69' lang='lat' dir='ltr'><strong>Assyria:</strong></span> <span class='ocrx_word' id='word_1_772' title='bbox 2803 4733 3164 4803; x_wconf 90' lang='lat' dir='ltr'><strong>temporibus,</strong></span> <span class='ocrx_word' id='word_1_773' title='bbox 3197 4747 3351 4786; x_wconf 85' lang='lat' dir='ltr'><strong>com-</strong></span> 
     </span>
    </p>
   </div>
   <div class='ocr_carea' id='block_1_104' title="bbox 1781 4823 3354 4904">
    <p class='ocr_par' dir='ltr' id='par_1_104' title="bbox 1781 4823 3354 4904">
     <span class='ocr_line' id='line_1_105' title="bbox 1781 4823 3354 4904; baseline -0.008 -16"><span class='ocrx_word' id='word_1_774' title='bbox 1781 4834 1933 4889; x_wconf 86' lang='lat' dir='ltr'><strong>muni</strong></span> <span class='ocrx_word' id='word_1_775' title='bbox 1973 4833 2228 4904; x_wconf 88' lang='lat' dir='ltr'><strong>opinione</strong></span> <span class='ocrx_word' id='word_1_776' title='bbox 2269 4831 2542 4901; x_wconf 83' lang='lat' dir='ltr'><strong>congruit,</strong></span> <span class='ocrx_word' id='word_1_777' title='bbox 2591 4829 2646 4882; x_wconf 92' lang='lat' dir='ltr'><strong>in</strong></span> <span class='ocrx_word' id='word_1_778' title='bbox 2693 4843 2857 4881; x_wconf 90' lang='lat' dir='ltr'><strong>unam</strong></span> <span class='ocrx_word' id='word_1_779' title='bbox 2892 4840 3161 4880; x_wconf 76' lang='lat' dir='ltr'><strong>summam</strong></span> <span class='ocrx_word' id='word_1_780' title='bbox 3197 4823 3354 4878; x_wconf 89' lang='lat' dir='ltr'><strong>colli-</strong></span> 
     </span>
    </p>
   </div>
   <div class='ocr_carea' id='block_1_105' title="bbox 1781 4919 3352 4997">
    <p class='ocr_par' dir='ltr' id='par_1_105' title="bbox 1781 4919 3352 4997">
     <span class='ocr_line' id='line_1_106' title="bbox 1781 4919 3352 4997; baseline -0.005 -16"><span class='ocrx_word' id='word_1_781' title='bbox 1781 4942 1936 4997; x_wconf 83' lang='lat' dir='ltr'><strong>gens,</strong></span> <span class='ocrx_word' id='word_1_782' title='bbox 1977 4925 2109 4980; x_wconf 80' lang='grc'><strong>5181</strong></span> <span class='ocrx_word' id='word_1_783' title='bbox 2157 4925 2385 4996; x_wconf 82' lang='lat' dir='ltr'><strong>putavit,</strong></span> <span class='ocrx_word' id='word_1_784' title='bbox 2423 4923 2680 4997; x_wconf 63' lang='lat' dir='ltr'><strong>Hebraeos</strong></span> <span class='ocrx_word' id='word_1_785' title='bbox 2724 4919 2943 4975; x_wconf 89' lang='lat' dir='ltr'><strong>codices</strong></span> <span class='ocrx_word' id='word_1_786' title='bbox 2992 4925 3215 4973; x_wconf 89' lang='lat' dir='ltr'><strong>secutus</strong></span> <span class='ocrx_word' id='word_1_787' title='bbox 3254 4925 3352 4973; x_wconf 87' lang='lat' dir='ltr'><strong>:et</strong></span> 
     </span>
    </p>
   </div>
   <div class='ocr_carea' id='block_1_106' title="bbox 1784 4995 3350 5086">
    <p class='ocr_par' dir='ltr' id='par_1_106' title="bbox 1784 4995 3350 5086">
     <span class='ocr_line' id='line_1_107' title="bbox 1784 4995 3350 5086; baseline -0.006 -12"><span class='ocrx_word' id='word_1_788' title='bbox 1784 4995 2086 5075; x_wconf 80' lang='lat' dir='ltr'><strong>secundum</strong></span> <span class='ocrx_word' id='word_1_789' title='bbox 2113 4995 2344 5081; x_wconf 87' lang='lat' dir='ltr'><strong>Cainan,</strong></span> <span class='ocrx_word' id='word_1_790' title='bbox 2383 4995 2480 5086; x_wconf 48' lang='lat' dir='ltr'><strong>qui</strong></span> <span class='ocrx_word' id='word_1_791' title='bbox 2510 5014 2646 5068; x_wconf 82' lang='lat' dir='ltr'><strong>vixit</strong></span> <span class='ocrx_word' id='word_1_792' title='bbox 2678 5025 2852 5066; x_wconf 90' lang='lat' dir='ltr'><strong>annos</strong></span> <span class='ocrx_word' id='word_1_793' title='bbox 2880 5025 3022 5064; x_wconf 79' lang='lat' dir='ltr'><strong>cxxx</strong></span> <span class='ocrx_word' id='word_1_794' title='bbox 3056 5016 3350 5080; x_wconf 89' lang='lat' dir='ltr'><strong>antequam</strong></span> 
     </span>
    </p>
   </div>
   <div class='ocr_carea' id='block_1_107' title="bbox 1784 5097 3352 5180">
    <p class='ocr_par' dir='ltr' id='par_1_107' title="bbox 1784 5097 3352 5180">
     <span class='ocr_line' id='line_1_108' title="bbox 1784 5097 3352 5180; baseline -0.008 -16"><span class='ocrx_word' id='word_1_795' title='bbox 1784 5110 2052 5180; x_wconf 82' lang='lat' dir='ltr'><strong>gigneret,</strong></span> <span class='ocrx_word' id='word_1_796' title='bbox 2084 5111 2139 5162; x_wconf 92' lang='lat' dir='ltr'><strong>in</strong></span> <span class='ocrx_word' id='word_1_797' title='bbox 2170 5109 2311 5163; x_wconf 88' lang='lat' dir='ltr'><strong>serie</strong></span> <span class='ocrx_word' id='word_1_798' title='bbox 2339 5106 2561 5161; x_wconf 90' lang='lat' dir='ltr'><strong>minime</strong></span> <span class='ocrx_word' id='word_1_799' title='bbox 2586 5099 2871 5157; x_wconf 89' lang='lat' dir='ltr'><strong>collocavit</strong></span> <span class='ocrx_word' id='word_1_800' title='bbox 2897 5118 2912 5155; x_wconf 89' lang='lat'><strong>:</strong></span> <span class='ocrx_word' id='word_1_801' title='bbox 2941 5099 3102 5168; x_wconf 86' lang='lat' dir='ltr'><strong>cujus</strong></span> <span class='ocrx_word' id='word_1_802' title='bbox 3129 5097 3352 5168; x_wconf 86' lang='lat' dir='ltr'><strong>quidem</strong></span> 
     </span>
    </p>
   </div>
   <div class='ocr_carea' id='block_1_108' title="bbox 1783 5187 3350 5270">
    <p class='ocr_par' dir='ltr' id='par_1_108' title="bbox 1783 5187 3350 5270">
     <span class='ocr_line' id='line_1_109' title="bbox 1783 5187 3350 5270; baseline -0.008 -16"><span class='ocrx_word' id='word_1_803' title='bbox 1783 5201 1960 5256; x_wconf 88' lang='lat' dir='ltr'><strong>Lucas</strong></span> <span class='ocrx_word' id='word_1_804' title='bbox 1990 5200 2322 5270; x_wconf 84' lang='lat' dir='ltr'><strong>evangelista</strong></span> <span class='ocrx_word' id='word_1_805' title='bbox 2349 5197 2595 5254; x_wconf 89' lang='lat' dir='ltr'><strong>meminit</strong></span> <span class='ocrx_word' id='word_1_806' title='bbox 2622 5195 2676 5249; x_wconf 90' lang='lat' dir='ltr'><strong>in</strong></span> <span class='ocrx_word' id='word_1_807' title='bbox 2703 5191 3015 5265; x_wconf 86' lang='lat' dir='ltr'><strong>genealogia</strong></span> <span class='ocrx_word' id='word_1_808' title='bbox 3039 5204 3138 5246; x_wconf 92' lang='lat' dir='ltr'><strong>sua</strong></span> <span class='ocrx_word' id='word_1_809' title='bbox 3167 5206 3181 5243; x_wconf 93' lang='lat'><strong>:</strong></span> <span class='ocrx_word' id='word_1_810' title='bbox 3207 5187 3350 5260; x_wconf 90' lang='lat' dir='ltr'><strong>quod</strong></span> 
     </span>
    </p>
   </div>
   <div class='ocr_carea' id='block_1_109' title="bbox 1784 5282 3352 5360">
    <p class='ocr_par' dir='ltr' id='par_1_109' title="bbox 1784 5282 3352 5360">
     <span class='ocr_line' id='line_1_110' title="bbox 1784 5282 3352 5360; baseline -0.007 -15"><span class='ocrx_word' id='word_1_811' title='bbox 1784 5295 1912 5348; x_wconf 88' lang='lat' dir='ltr'><strong>alibi</strong></span> <span class='ocrx_word' id='word_1_812' title='bbox 1953 5292 2064 5360; x_wconf 91' lang='lat' dir='ltr'><strong>jam</strong></span> <span class='ocrx_word' id='word_1_813' title='bbox 2115 5292 2372 5346; x_wconf 80' lang='lat' dir='ltr'><strong>diximus.</strong></span> <span class='ocrx_word' id='word_1_814' title='bbox 2421 5289 2620 5344; x_wconf 86' lang='lat' dir='ltr'><strong>Nostra</strong></span> <span class='ocrx_word' id='word_1_815' title='bbox 2677 5302 2842 5357; x_wconf 90' lang='lat' dir='ltr'><strong>porro</strong></span> <span class='ocrx_word' id='word_1_816' title='bbox 2889 5283 3240 5353; x_wconf 86' lang='lat' dir='ltr'><strong>cbronologia</strong></span> <span class='ocrx_word' id='word_1_817' title='bbox 3282 5282 3352 5334; x_wconf 87' lang='lat' dir='ltr'><strong>ab</strong></span> 
     </span>
    </p>
   </div>
   <div class='ocr_carea' id='block_1_110' title="bbox 1785 5373 3352 5444">
    <p class='ocr_par' dir='ltr' id='par_1_110' title="bbox 1785 5373 3352 5444">
     <span class='ocr_line' id='line_1_111' title="bbox 1785 5373 3352 5444; baseline -0.01 -6"><span class='ocrx_word' id='word_1_818' title='bbox 1785 5387 1992 5439; x_wconf 82' lang='lat' dir='ltr'><strong>Adamo</strong></span> <span class='ocrx_word' id='word_1_819' title='bbox 2046 5384 2112 5437; x_wconf 90' lang='lat' dir='ltr'><strong>ad</strong></span> <span class='ocrx_word' id='word_1_820' title='bbox 2169 5391 2350 5438; x_wconf 89' lang='lat' dir='ltr'><strong>ortum</strong></span> <span class='ocrx_word' id='word_1_821' title='bbox 2409 5381 2666 5437; x_wconf 83' lang='lat' dir='ltr'><strong>Abraami</strong></span> <span class='ocrx_word' id='word_1_822' title='bbox 2736 5393 2908 5433; x_wconf 88' lang='lat' dir='ltr'><strong>annos</strong></span> <span class='ocrx_word' id='word_1_823' title='bbox 2967 5373 3352 5444; x_wconf 88' lang='lat' dir='ltr'><strong>complectitur</strong></span> 
     </span>
    </p>
   </div>
   <div class='ocr_carea' id='block_1_111' title="bbox 1783 5471 3349 5546">
    <p class='ocr_par' dir='ltr' id='par_1_111' title="bbox 1783 5471 3349 5546">
     <span class='ocr_line' id='line_1_112' title="bbox 1783 5471 3349 5546; baseline -0.01 -15"><span class='ocrx_word' id='word_1_824' title='bbox 1783 5476 1946 5531; x_wconf 75' lang='grc' dir='ltr'><strong>5512ε</strong></span> <span class='ocrx_word' id='word_1_825' title='bbox 1976 5476 2070 5546; x_wconf 86' lang='lat' dir='ltr'><strong>qui</strong></span> <span class='ocrx_word' id='word_1_826' title='bbox 2103 5491 2366 5530; x_wconf 91' lang='lat' dir='ltr'><strong>numerus</strong></span> <span class='ocrx_word' id='word_1_827' title='bbox 2396 5483 2505 5528; x_wconf 91' lang='lat' dir='ltr'><strong>tam</strong></span> <span class='ocrx_word' id='word_1_828' title='bbox 2533 5473 2698 5528; x_wconf 82' lang='lat' dir='ltr'><strong>Mosis</strong></span> <span class='ocrx_word' id='word_1_829' title='bbox 2721 5471 2962 5526; x_wconf 60' lang='lat' dir='ltr'><strong>historiae</strong></span> <span class='ocrx_word' id='word_1_830' title='bbox 2985 5482 3146 5538; x_wconf 86' lang='lat' dir='ltr'><strong>quam</strong></span> <span class='ocrx_word' id='word_1_831' title='bbox 3183 5479 3349 5516; x_wconf 82' lang='lat' dir='ltr'><strong>evan-</strong></span> 
     </span>
    </p>
   </div>
   <div class='ocr_carea' id='block_1_112' title="bbox 1785 5556 3351 5639">
    <p class='ocr_par' dir='ltr' id='par_1_112' title="bbox 1785 5556 3351 5639">
     <span class='ocr_line' id='line_1_113' title="bbox 1785 5556 3351 5639; baseline -0.01 -17"><span class='ocrx_word' id='word_1_832' title='bbox 1785 5570 1968 5639; x_wconf 73' lang='lat' dir='ltr'><strong>gelicze</strong></span> <span class='ocrx_word' id='word_1_833' title='bbox 2004 5568 2331 5639; x_wconf 71' lang='lat' dir='ltr'><strong>genealogia:</strong></span> <span class='ocrx_word' id='word_1_834' title='bbox 2385 5566 2545 5622; x_wconf 76' lang='lat' dir='ltr'><strong>Lucae</strong></span> <span class='ocrx_word' id='word_1_835' title='bbox 2597 5565 2874 5620; x_wconf 88' lang='lat' dir='ltr'><strong>convenit.</strong></span> <span class='ocrx_word' id='word_1_836' title='bbox 2909 5561 2954 5616; x_wconf 80' lang='grc' dir='ltr'>Α</span> <span class='ocrx_word' id='word_1_837' title='bbox 3001 5556 3168 5614; x_wconf 88' lang='lat' dir='ltr'><strong>natali</strong></span> <span class='ocrx_word' id='word_1_838' title='bbox 3216 5568 3351 5608; x_wconf 79' lang='lat' dir='ltr'><strong>veto</strong></span> 
     </span>
    </p>
   </div>
   <div class='ocr_carea' id='block_1_113' title="bbox 2983 5707 3347 5782">
    <p class='ocr_par' dir='ltr' id='par_1_113' title="bbox 2983 5707 3347 5782">
     <span class='ocr_line' id='line_1_114' title="bbox 2983 5707 3347 5782; baseline -0.005 -9"><span class='ocrx_word' id='word_1_839' title='bbox 2983 5719 3005 5751; x_wconf 71' lang='grc'>⁸</span> <span class='ocrx_word' id='word_1_840' title='bbox 3040 5733 3149 5774; x_wconf 75' lang='grc' dir='ltr'>σοι’.</span> <span class='ocrx_word' id='word_1_841' title='bbox 3176 5707 3347 5782; x_wconf 37' lang='lat' dir='ltr'><strong>Pri-6&#39;0</strong></span> 
     </span>
    </p>
   </div>
   <div class='ocr_carea' id='block_1_114' title="bbox 2091 5721 2873 5794">
    <p class='ocr_par' dir='ltr' id='par_1_114' title="bbox 2091 5721 2873 5794">
     <span class='ocr_line' id='line_1_115' title="bbox 2091 5721 2873 5794; baseline -0.003 -18"><span class='ocrx_word' id='word_1_842' title='bbox 2091 5724 2112 5754; x_wconf 68' lang='grc'>⁸</span> <span class='ocrx_word' id='word_1_843' title='bbox 2149 5723 2187 5793; x_wconf 81' lang='lat' dir='ltr'><strong>f.</strong></span> <span class='ocrx_word' id='word_1_844' title='bbox 2221 5723 2463 5794; x_wconf 81' lang='grc' dir='ltr'><strong>εὑρήσει.</strong></span> <span class='ocrx_word' id='word_1_845' title='bbox 2553 5725 2574 5757; x_wconf 88' lang='grc'><strong><em>⁵</em></strong></span> <span class='ocrx_word' id='word_1_846' title='bbox 2606 5723 2645 5793; x_wconf 78' lang='lat' dir='ltr'><strong>f.</strong></span> <span class='ocrx_word' id='word_1_847' title='bbox 2682 5721 2873 5792; x_wconf 57' lang='grc' dir='ltr'>,γρπδκ</span> 
     </span>
    </p>
   </div>
  </div>
