3808 6334
427 351 558 406 “ll

1441 345 1532 400 AD
1561 345 1823 401 EUSEBII
1852 342 2251 401 CHRONlCDN
2279 342 2641 398 APPENDIX.

3524 349 3646 404 ηιξ.

428 462 685 520 Abraami
727 477 900 533 usque
926 460 992 514 ad
1033 459 1370 516 salutiferam
1400 473 1618 514 crucem
1639 471 1692 515 et
1717 460 1987 515 viviﬁcam

2088 456 2180 510 τοῦ
2211 458 2477 529 σωτηρίου
2508 455 2742 527 σταυροῦ
2775 454 2989 526 καὶτῆς
3023 455 3292 519 ζωοποιοῦ
3317 455 3648 523 ἀναστάσεως

426 557 903 616 resurrectionem,
937 567 1108 606 annos
1137 551 1278 606 2048
1310 552 1527 622 collegit
1556 552 1844 615 Eusebius,
1867 567 1991 607 cum

429 661 497 699 ex
531 644 837 698 verioribus
888 641 1191 696 ratiociniis
1245 651 1505 711 putentur
1549 655 1582 694 a
1628 642 1786 694 nobis
1826 641 1987 696 222i.

427 736 596 789 Fiunt
630 735 685 788 in
729 741 899 787 totum
948 733 1075 786 anni
1116 733 1183 786 ab
1223 732 1432 786 Adamo
1472 733 1612 787 5555
1645 751 1657 786 :
1690 733 1990 787 secundum

428 825 727 880 Eusebium
756 838 906 887 vero,
937 825 1067 876 anni
1093 821 1253 887 5252,
1288 823 1429 891 quod
1463 823 1532 876 ab
1559 824 1855 892 apostolica
1881 832 2020 876 tra~-

427 917 635 971 ditione
676 915 895 984 penitus
940 914 1216 968 abhorret.
1259 912 1359 967 Hic
1398 921 1581 968 autem
1619 931 1685 968 ex
1723 914 1993 984 ejusmodi

429 1006 859 1061 hallucinatione
891 1005 968 1059 illi
1009 1021 1166 1060 error
1203 1005 1469 1074 obrepsit,
1503 1005 1650 1075 quod
1677 1013 1872 1074 prater
1894 1021 1995 1058 an-

429 1114 528 1153 nos
557 1097 791 1152 Cainani
822 1097 947 1161 150,
967 1098 1120 1153 .alios
1155 1099 1378 1167 insuper
1407 1097 1502 1151 111
1531 1098 1710 1153 omisit
1738 1097 1994 1167 Allaphy-

426 1191 625 1253 lurum,
659 1190 751 1259 qui
786 1189 841 1242 in
873 1188 1128 1244 Judicum
1157 1189 1298 1242 libro
1328 1189 1678 1243 continentur
1713 1204 1859 1242 :.nec
1882 1204 1992 1242 nou

425 1281 728 1350 interregni
748 1287 802 1334 et
825 1281 997 1350 pacis,
1024 1280 1124 1346 40;
1159 1281 1286 1334 item
1322 1278 1492 1344 Darii,
1520 1279 1614 1350 qui
1646 1287 1700 1333 et
1728 1280 1992 1352 Astyages

426 1369 612 1424 dictus
638 1377 744 1432 cst,
778 1385 952 1424 annos
981 1385 1055 1424 xl.

492 1459 812 1516 Panodorus
845 1477 972 1516 vero
1015 1477 1158 1515 unus
1192 1476 1258 1516 ex
1301 1459 1518 1532 Egypti
1558 1461 1860 1523 monachis,
1908 1461 1993 1516 hi-

425 1551 679 1617 storicus,
709 1567 884 1621 neque
906 1552 1269 1621 chronologia:
1297 1553 1653 1607 accuratioris
1684 1553 1988 1622 imperitus,

424 1642 518 1710 qui
549 1641 769 1695 Arcadii
810 1641 1175 1710 imperatoris,
1213 1657 1276 1694 ac
1312 1641 1600 1710 Theophili
1635 1641 1990 1695 Alexandrini

424 1732 827 1802 archiepiscopi
881 1740 1124 1802 tempore
1173 1731 1376 1797 ﬂoruit,
1426 1748 1550 1786 cum
1595 1733 1879 1786 veritatem
1935 1733 1989 1788 in

2093 548 2234 618 ⁴βμη¹
2277 549 2368 619 ἔτη
2406 549 2648 619 συνῆξενο
2694 548 2852 601 ἅτινα
2889 547 3026 600 κατὰ
3059 548 3152 600 τὸν
3185 546 3362 617 ἀληθῆ
3394 548 3544 617 λόγον
3567 552 3646 623 ἔτι]

2091 641 2258 709 ,βσκω
2289 641 2416 709 ἡμῖν
2442 639 2861 707 ἐπιλελόγισται.
2884 639 3014 708 Ἔτη
3039 638 3097 690 δὲ
3122 638 3188 692 τὰ
3213 640 3393 693 πάντα
3415 643 3473 707 ἐξ
3500 642 3649 713 Ἀδάμ

2092 729 2273 798 ,εφλγυ
2322 727 2463 782 κατὰ
2488 728 2542 780 δὲ
2574 728 2830 781 Εὑσέϐιον
2859 728 3032 797 ,εσλβὀ
3065 729 3202 801 ὅπερ
3226 731 3505 802 ἀλλότριον
3533 734 3647 787 πάν·

2089 838 2156 891 τη
2191 821 2290 890 τῆς
2322 820 2683 889 άποστολικῆς
2714 819 3088 890 παραδόσεως·
3123 820 3152 871 ὃ
3185 823 3279 874 καὶ
3327 825 3394 874 ἐκ
3429 824 3646 894 παραλο-

2091 910 2290 981 γισμοῦ
2323 909 2526 962 τοιοῦδε
2567 909 2822 975 πέπονθε,
2872 909 3006 978 πρὸς
3043 913 3157 972 τοῖς
3194 911 3272 982 ρλ¹
3319 912 3414 964 τοῦ
3461 915 3648 967 Καῖνάν

2089 1003 2256 1065 ἔτεσι,
2287 1000 2430 1056 κατὰ
2454 1001 2544 1054 τὸν
2571 1001 2628 1053 ὲν
2656 1004 2766 1064 τοῖς
2791 1002 3018 1072 Κριταίς
3050 1002 3369 1071 ἀλλοφύλων
3389 1006 3409 1034 ⁷
3441 1005 3537 1075 ἔτη
3563 1014 3648 1076 ρια¹

2092 1095 2450 1168 παραλείψας·
2481 1095 2551 1148 τά
2582 1112 2642 1148 τε
2673 1096 2768 1166 τῆς
2800 1095 3064 1166 ἀναρχίας
3096 1097 3188 1148 καὶ
3217 1098 3444 1168 εἰρήνης
3471 1099 3562 1169 ἔτη
3586 1106 3648 1168 μ’·

2092 1188 2186 1242 καὶ
2217 1187 2296 1240 ἔτι
2322 1185 2416 1240 τοῦ
2446 1185 2670 1259 Δαρείου
2702 1185 2795 1239 τοῦ
2819 1185 2914 1238 καὶ
2948 1185 3280 1256 Ἀστυάγους
3313 1187 3409 1258 ἔτη
3439 1195 3527 1241 ια’.

2159 1452 2473 1523 Πανόδωρος
2501 1452 2560 1505 δέ
2597 1469 2684 1515 τις
2713 1451 2821 1504 τῶν
2861 1451 2979 1504 κατ’
3010 1451 3288 1519 Αἴγυπτον
3327 1447 3408 1515 εἷς
3441 1456 3656 1524 paulo;

2094 1545 2383 1616 ἱστορικὸς,
2420 1545 2520 1598 οὐκ
2551 1545 2776 1616 ἄπειρος
2809 1545 3068 1614 χρονικῆς
3103 1545 3414 1615 ἀκριὸείας,
3465 1548 3522 1598 ὲν
3560 1550 3656 1610 τοῖς

2091 1643 2301 1713 χρόνοις
2343 1641 2598 1712 ἀκμάσας
2639 1640 2922 1709 Ἀρκαδίου
2968 1639 3232 1709 βασιλέως
3275 1642 3372 1693 καὶ
3414 1640 3655 1708 Θεοφίλου

2103 1732 2505 1804 Ἀλεξανδρείας
2525 1731 2976 1802 ἁρχιεπισκόπου,
3005 1729 3265 1801 ἀλήθειαν
3286 1731 3657 1800 ἀσπασάμενος

422 1823 701 1892 plerisque
729 1821 1015 1887 tenuisset,
1047 1829 1252 1890 septem
1289 1822 1562 1877 aberravit
1589 1824 1770 1887 annis,
1803 1822 1892 1876 ubi
1922 1823 1988 1876 ad

2089 1825 2146 1876 ὲν
2181 1823 2414 1887 πολλοῖς,
2443 1824 2486 1886 ζ’
2510 1821 2810 1892 διήμαρτεν
2836 1820 3030 1887 ἔτεσιν,
3060 1820 3233 1873 ἐλθὼν
3263 1823 3345 1884 είς
3371 1822 3472 1891 τὴν
3504 1826 3656 1890 σωτή-

420 1912 761 1968 salutiferam
791 1913 1219 1966 incarnationem
1250 1914 1512 1980 pervenit.
1547 1913 1699 1967 Hanc
1728 1914 1874 1968 enim
1901 1928 1991 1968 an-

422 2019 496 2058 no
523 2004 710 2058 mundi
744 2002 886 2057 5495
917 2003 1163 2072 illigavit.
1196 2002 1364 2072 Cujus
1395 2005 1484 2058 ille
1507 2006 1711 2060 erroris
1737 2004 1988 2058 occasio-

423 2110 549 2150 nem
582 2095 771 2148 habuit
801 2110 867 2148 ex
911 2109 998 2158 eo,
1049 2094 1195 2164 quod
1240 2096 1295 2148 in
1342 2111 1484 2149 anno
1530 2097 1708 2164 primo
1754 2095 1989 2166 Philippi

420 2185 641 2251 Aridaei,
667 2186 758 2254 qui
784 2185 1096 2239 Alexandro
1121 2185 1402 2241 Macedoni
1434 2187 1642 2256 primus
1676 2189 1729 2242 in
1762 2205 1988 2258 regnum

421 2280 724 2343 successit;
755 2276 947 2331 eodem
979 2277 1252 2340 videlicet,
1289 2278 1344 2332 in
1379 2295 1487 2348 quo
1507 2287 1561 2334 et
1581 2280 1842 2335 Claudius
1862 2281 1989 2336 Ptoo

420 2370 644 2424 lemazus
688 2368 1063 2437 expeditorum
1107 2383 1389 2435 canonum
1428 2371 1712 2424 ratiocinia
1762 2371 1984 2438 deﬁxit;

421 2459 636 2513 initium
685 2459 880 2512 statuit
913 2457 1219 2529 [Egyptiaci
1275 2460 1425 2524 anni,
1481 2470 1643 2530 atque
1683 2459 1877 2525 Graeci,
1925 2462 1986 2515 in

418 2551 594 2620 prima
625 2551 714 2605 die
743 2549 944 2614 Thoth,
988 2551 1151 2620 primi
1197 2549 1577 2622 Egyptiorum
1612 2551 1840 2614 mensis,
1873 2551 1986 2604 Au-

417 2641 563 2711 gusti
595 2655 756 2708 xxix;
791 2641 935 2710 quod
967 2641 1034 2694 ad
1065 2643 1310 2697 eamdem
1353 2644 1617 2712 epocham
1666 2643 1981 2698 revolvitur.

417 2732 533 2786 Hoc
565 2747 695 2787 vero
726 2741 940 2804 tempus
977 2735 1114 2789 citra
1141 2734 1577 2789 controversiam
1609 2748 1754 2788 anno
1793 2734 1986 2788 mundi

417 2826 557 2881 5170
585 2826 862 2881 tribuitur.
887 2825 1058 2881 Porro
1079 2829 1147 2882 ab
1170 2843 1313 2880 anno
1338 2828 1512 2896 primo
1532 2825 1785 2897 Philippi,
1809 2842 1985 2896 usque

416 2919 485 2974 ad
530 2919 730 2974 victam
783 2919 1154 2989 Cle0patram,
1207 2920 1336 2973 anni
1389 2919 1685 2975 secundum
1746 2935 1983 2976 canones

417 3012 813 3066 astronomicos
841 3021 1200 3068 numerantur
1231 3013 1353 3068 294.
1385 3010 1548 3066 Fiunt
1582 3015 1650 3066 ab
1688 3013 1820 3067 orbe
1851 3029 1980 3066 con-

415 3101 550 3165 dito,
573 3108 627 3154 et
657 3102 726 3155 ab
749 3103 956 3157 Adamo
981 3103 1047 3156 ad
1073 3107 1278 3158 exitum
1309 3103 1630 3173 Cleopatrae,
1667 3104 1796 3156 anni
1819 3103 1976 3158 5465.

415 3191 619 3246 Verum
649 3192 719 3246 ab
738 3193 1114 3248 ecclesiastica
1141 3194 1435 3248 traditione
1463 3193 1718 3248 dissentit
1754 3193 1808 3246 in
1840 3206 1984 3246 anno

413 3280 484 3334 45
519 3281 750 3350 Augusti
789 3283 1043 3346 Caesaris,
1087 3297 1195 3351 quo
1237 3282 1499 3337 Dominus
1535 3291 1724 3337 noster
1763 3297 1982 3336 carnem

415 3373 615 3428 induit.
677 3373 799 3428 Non
836 3376 982 3430 enim
1028 3376 1214 3446 plures
1252 3390 1415 3444 quam
1453 3376 1524 3430 45
1566 3391 1742 3430 annos
1773 3390 1804 3428 a
1836 3375 1982 3428 victa

413 3465 700 3535 Cleopatra
744 3474 800 3519 et
837 3464 1072 3537 Egypto
1111 3467 1362 3532 subacta,
1399 3467 1539 3537 apud
1568 3467 1982 3521 mathematicos

414 3557 712 3625 imperasse
744 3555 946 3610 dicitur
991 3558 1292 3628 Augustus.
1321 3558 1477 3625 Quod
1512 3559 1559 3614 si
1595 3573 1918 3613 concessum
1949 3572 1982 3612 a

412 3649 572 3702 nobis
598 3647 784 3710 fuerit,
821 3663 1167 3719 consequens
1205 3652 1311 3705 erit
1344 3665 1486 3704 anno
1523 3650 1710 3704 mundi
1744 3649 1884 3703 5505
1913 3663 1981 3703 ex

412 3741 516 3794 hac
549 3742 659 3795 vita
687 3742 992 3811 Augustum
1024 3742 1352 3796 excessisse.
1399 3742 1469 3794 At
1497 3741 1639 3795 idem
1670 3741 1787 3809 ipse
1815 3741 1978 3810 quin-

413 3840 502 3887 tus
541 3833 646 3886 erit
676 3833 854 3886 aetatis
891 3830 1191 3887 Salvatoris
1225 3847 1402 3887 annus
1437 3850 1449 3886 :
1482 3831 1629 3901 quod
1663 3842 1847 3901 aperte
1879 3832 1980 3885 fal-

413 3939 534 3979 sum
562 3931 664 3978 est.
697 3922 850 3989 Quod
878 3930 1057 3976 autem
1089 3923 1238 3978 circa
1260 3925 1467 3979 obitum
1492 3924 1725 3979 Caesaris
1748 3925 1977 3995 Augusti

411 4013 725 4086 quindecim
755 4014 986 4069 circiter
1016 4030 1284 4070 annorum
1317 4015 1582 4070 Dominus
1611 4022 1778 4079 esset,
1815 4031 1878 4070 ac
1909 4032 1978 4071 xv

411 4105 614 4162 Tiberii
649 4107 883 4162 Caesaris
916 4122 1184 4161 annorum
1221 4105 1331 4160 fere
1370 4122 1500 4169 xxx,
1535 4114 1594 4159 ut
1637 4120 1793 4159 sacra
1829 4103 1976 4160 Scri-

409 4210 566 4268 ptura
595 4199 777 4264 docet,
810 4199 1016 4264 nemini
1047 4198 1272 4254 dubium
1309 4209 1412 4255 est.
1451 4199 1526 4252 lta
1554 4197 1841 4268 contigerit
1863 4199 1974 4253 Au-

409 4291 556 4358 gusti
589 4289 822 4345 Cesaris
853 4291 1031 4346 exitus
1075 4291 1217 4344 inter
1263 4305 1464 4344 annum
1508 4288 1695 4346 mundi
1741 4291 1880 4344 5514
1922 4296 1976 4344 et

407 4379 576 4447 5515;
613 4383 829 4436 initium
857 4389 1038 4436 autem
1073 4382 1284 4451 imperii
1319 4382 1485 4436 totius
1518 4395 1662 4435 anno
1686 4381 1843 4436 5158.
1879 4380 1975 4435 Pa-

2090 1934 2203 1988 ριον
2231 1915 2521 1986 σάρκωσιν,
2553 1914 2630 1984 τῷ
2669 1918 2832 1980 ,zulw'
2875 1912 2983 1966 ἔτει
3030 1913 3238 1983 ταύτην
3275 1912 3655 1982 συλλογισάμε-

2087 2020 2196 2067 νος.
2244 2002 2303 2056 Ἦ
2337 2003 2392 2056 δὲ
2425 2001 2571 2056 αἰτία
2592 2001 2685 2054 τοῦ
2709 2001 3021 2071 σφάλματος
3042 2001 3207 2054 αὐτοῦ
3236 2002 3461 2069 γέγονεν
3476 2003 3655 2064 οὕτως.

2100 2093 2222 2146 Ἐπὶ
2254 2092 2363 2164 γὰρ
2391 2091 2450 2145 τὸ
2485 2099 2531 2144 α’
2567 2092 2684 2154 ἔτος
2705 2091 2969 2144 Φιλίππου
2998 2091 3092 2144 τοῦ
3127 2091 3404 2162 Ἀριδαίου
3436 2093 3529 2144 τοῦ
3553 2095 3655 2160 μετ’

2101 2184 2444 2255 Ἀλέξανδρον
2471 2185 2561 2236 τὸν
2587 2182 2868 2236 Μακεδόνα
2895 2182 3318 2252 βασιλεύσαντος
3349 2185 3655 2236 Μακεδόνων

2087 2283 2156 2340 α’,
2193 2275 2314 2328 καθ’
2351 2275 2380 2327 ὃ
2420 2274 2536 2338 ἔτος
2575 2276 2667 2327 καὶ
2709 2277 2736 2326 ό
2771 2274 3036 2336 Κλαύδιος
3067 2275 3409 2344 Πτολεμαῖος
3445 2277 3538 2345 τὴν
3562 2275 3656 2327 τῶν

2089 2363 2393 2435 προχείρων
2436 2363 2674 2417 κανόνων
2710 2363 3063 2434 ψηφηφορίαν
3091 2362 3332 2433 ἐπήξατο
3369 2365 3543 2436 ἀρχὴν
3573 2366 3653 2416 Αἰ-

2089 2455 2392 2524 γυπτιακοῦ
2437 2456 2532 2511 καὶ
2577 2453 2891 2524 Ἑλληνικοῦ
2931 2455 3104 2517 ἔτους,
3161 2455 3306 2507 κατὰ
3355 2457 3457 2525 τὴν
3503 2462 3549 2508 α’
3575 2455 3653 2506 τού

2087 2547 2205 2600 Θὼθ
2241 2548 2408 2619 μηνὸς
2443 2548 2572 2618 παρ’
2614 2546 2931 2615 Αἰγυπτίοις
2959 2545 3281 2615 λεγομένου,
3321 2547 3406 2599 κθ⁹
3441 2549 3533 2600 τοῦ
3560 2549 3654 2600 Αύ-

2087 2639 2313 2706 γούστου
2356 2638 2522 2709 μηνὸς
2551 2633 2712 2690 οὖσαν
2753 2638 3292 2708 άποκαταστατικὴν,
3329 2638 3652 2709 ὁμόχρσνονί

2087 2728 2528 2799 ὁμολογουμένως
2567 2727 2685 2780 ἔστι
2708 2727 2786 2798 τῷ
2818 2725 2941 2799 ,ερο’
2969 2727 3075 2780 ἔτει
3113 2726 3207 2780 τοῦ
3255 2729 3491 2798 κόσμου.
3541 2732 3632 2782 Ἀπ

2083 2819 2177 2872 τοῦ
2211 2819 2372 2872 αὐτοῦ
2399 2817 2438 2871 δ’
2465 2820 2485 2851 ⁹
2512 2819 2664 2881 ἔτους
2691 2818 2954 2871 Φιλίππου
2982 2818 3143 2890 μέχρι
3167 2818 3270 2888 τῆς
3301 2819 3654 2892 καθαιρέσεως

2085 2911 2438 2982 Κλεοπάτρας
2474 2911 2567 2981 ἔτη
2616 2911 2758 2965 κατὰ
2790 2913 2915 2974 τοὺς
2957 2914 3394 2982 άστρονομικοὺς
3448 2914 3654 2974 κανόνας

2085 3002 2466 3070 ἐπισυνάγεται
2521 3002 2650 3069 σιιδ’.
2709 3003 2841 3055 Ἀπὸ
2881 3005 2974 3056 τοῦ
3018 3003 3185 3056 αὐτοῦ
3231 3002 3357 3075 ,ερο’
3406 3004 3653 3074 κοσμικοῦ

2087 3093 2238 3156 ἔτους
2271 3092 2309 3145 ε’
2337 3095 2379 3124 ¹⁰
2415 3095 2653 3162 γίνονται
2699 3093 2860 3165 ⁴ευξγ’
2922 3095 3092 3165 Ἀδάμ
3139 3095 3246 3160 ἔως
3297 3096 3655 3167 καθαιρέσεως

2087 3186 2464 3256 Κλεοπάτρας.
2489 3186 2645 3239 Κατὰ
2665 3186 2821 3239 τοῦτο
2845 3187 2903 3239 ού
2930 3187 3144 3257 συνᾴδει
3178 3190 3247 3258 τῇ
3276 3188 3652 3258 ὲκκλησιατικῇ

2085 3278 2396 3349 παραδόσει,
2425 3279 2500 3342 ὡς
2523 3279 2584 3330 τὸ
2609 3279 2745 3348 πρὸς
2769 3279 2828 3331 τὸ
2867 3285 2954 3349 μγ¹
2981 3279 3100 3340 ἔτος
3127 3280 3452 3348 Αὐγούστου
3469 3281 3655 3334 Καίσα-

2086 3388 2195 3442 ρος·
2229 3371 2388 3441 ἡνίκα
2421 3373 2448 3425 ὁ
2476 3371 2676 3442 Κύριος
2704 3370 2860 3442 ἡμῶν
2887 3369 3197 3442 ἐσαρκὼθη·
3239 3373 3381 3442 μόνα
3423 3374 3532 3444 γὰρ
3563 3373 3655 3426 ἀπὺ

2081 3465 2179 3534 τῆς
2204 3465 2373 3534 αὐτῆς
2404 3463 2772 3535 καθαιρέσεως
2809 3463 2902 3517 καὶ
2935 3464 3217 3536 ὑποταγῆς
3252 3465 3536 3534 Αἰγύπτου
3579 3473 3652 3535 μγ

2081 3555 2174 3624 ἔτη
2202 3555 2411 3624 λέγεται
2437 3555 2882 3627 βεϐασιλευκέναι
2909 3555 3060 3626 παρὰ
3081 3560 3194 3619 τοῖς
3216 3557 3655 3628 μαθηματικοῖςό

2080 3645 2404 3715 Αὔγουστος.
2447 3650 2623 3718 Ὅπερ
2655 3651 2702 3701 εί
2732 3649 2909 3719 δῶμεν
2938 3647 3246 3717 ἀληθεύειν,
3295 3651 3653 3720 εύρηθήσεται

2081 3739 2222 3792 κατὰ
2255 3739 2316 3792 τὸ
2342 3737 2464 3809 ,εφε1
2503 3738 2622 3802 ἔτος
2650 3739 2744 3792 τοῦ
2788 3740 2992 3810 κόσμου
3035 3739 3373 3810 τελευτήσας
3407 3744 3436 3794 ό
3465 3741 3655 3810 Αὔγου-

2083 3847 2219 3891 στος.
2250 3830 2340 3901 Τῷ
2369 3831 2414 3884 δ’
2444 3830 2592 3901 αύτῴ
2623 3829 2662 3883 ε’
2699 3831 2850 3884 ἔσται
2879 3832 2976 3902 τῆς
3010 3831 3104 3884 τοῦ
3139 3832 3404 3903 Σωτῆρος
3431 3834 3650 3904 ἡλικίας.

2093 3926 2230 3978 Ἀλλ’
2265 3929 2344 3980 ὃτι
2380 3927 2478 3998 μέν
2517 3929 2632 3980 ἐστι
2667 3929 2708 3959 ¹¹
2734 3928 3017 4000 πρόδηλονο
3048 3929 3131 3981 ὅτι
3164 3927 3221 3980 δὲ
3250 3929 3399 3982 κατὰ
3435 3930 3523 3982 τὸν
3559 3930 3651 3981 Αύ-

2079 4018 2305 4085 γούστου
2333 4013 2607 4090 Καίσαρος
2635 4021 2861 4074 θάνατον
2891 4028 2951 4074 ιε’
2985 4020 3152 4090 ἔγγὺς
3184 4017 3320 4092 ἦγεν
3354 4023 3477 4086 ἔτος
3500 4026 3527 4077 ὀ
3553 4024 3650 4076 Κύ-

2079 4126 2212 4180 ριος,
2239 4111 2333 4164 καὶ
2357 4112 2496 4164 κατὰ
2521 4111 2580 4164 τὸ
2611 4118 2668 4164 ιε’
2694 4111 2945 4184 Τιϐερίου
2967 4113 3251 4184 Καίσαρος
3275 4114 3412 4167 ὡσεὶ
3439 4116 3572 4168 ἐτῶν
3592 4110 3648 4184 ἦν

2077 4201 2140 4265 λ’,
2172 4202 2247 4265 ὡς
2277 4203 2344 4256 τὰ
2377 4202 2552 4272 λόγια,
2589 4205 2682 4257 καὶ
2720 4205 2878 4257 τοῦτο
2919 4207 3218 4277 προφανές.
3271 4208 3472 4261 Ἔσται
3505 4209 3604 4279 ἄρα
3625 4207 3650 4257 ὁ

2080 4291 2175 4361 μὲν
2205 4292 2514 4360 Αὐγούστου
2548 4295 2826 4366 Καίσαρος
2871 4295 3099 4360 θάνατος
3154 4299 3365 4367 μεταξύ
3417 4316 3520 4352 που
3563 4297 3644 4350 τοῦ

2075 4381 2220 4450 γεφιδ¹
2255 4381 2518 4451 κοσμικοῦ
2553 4381 2703 4446 ἔτους
2731 4384 2824 4436 καὶ
2853 4383 2947 4436 τοῦ
2978 4393 3157 4457 ,εφιεη
3196 4387 3229 4455 ἡ
3278 4387 3336 4439 δὲ
3387 4388 3530 4459 ἀρχὴ
3564 4389 3648 4456 τῆς

407 4474 648 4528 nodorus
673 4490 803 4529 vero
837 4475 1281 4529 mathematicum
1315 4489 1579 4529 canonem
1611 4482 1833 4531 secutus
1861 4477 1972 4527 Au-

2087 4472 2200 4542 Ξλης
2237 4472 2512 4542 βασιλείας
2554 4475 2716 4528 αὐτοῦ
2759 4475 2836 4545 τῷ
2868 4483 3046 4547 ,ευνη’.
3103 4478 3433 4551 Πανόδωρος
3475 4481 3547 4545 δὲ,
3589 4482 3642 4546 τῇ

405 4563 548 4632 gusti
570 4562 784 4634 imperii
807 4564 1165 4634 primordium
1197 4565 1426 4619 contulit
1459 4566 1513 4619 in
1549 4580 1750 4619 annum
1782 4565 1969 4618 mundi

407 4651 564 4716 5451,
599 4663 830 4710 mortem
870 4671 997 4710 vero
1032 4657 1085 4709 in
1131 4671 1333 4712 annum
1373 4652 1534 4721 5506,
1565 4658 1968 4728 generationem

405 4745 638 4815 denique
662 4746 864 4802 Christi
890 4747 944 4801 in
973 4746 1132 4812 5495,
1165 4747 1308 4818 quod
1336 4749 1405 4804 ab
1431 4763 1496 4804 eo
1525 4762 1807 4818 perperam
1839 4763 1970 4803 con-

404 4842 512 4890 stat
536 4851 659 4892 esse
688 4835 912 4892 factum.

2080 4566 2431 4637 μαθηματικῇ
2458 4566 2823 4631 ὲξακολουθῶν
2849 4568 3079 4633 ἐκδόσει,
3106 4570 3205 4640 τὴν
3237 4571 3338 4642 μὲν
3366 4572 3540 4642 ἀρχὴν
3561 4571 3644 4638 τῆς
3676 4580 3692 4611 '

2074 4656 2381 4724 Αὐγούστου
2411 4657 2685 4727 βασιλείας
2711 4658 2790 4728 τῷ
2810 4666 2964 4722 ,ευνα’
2994 4659 3104 4712 ἔτει
3136 4661 3228 4713 τοῦ
3256 4662 3468 4733 κόσμου
3494 4666 3644 4714 ἔστει-

2075 4751 2288 4818 χείωσε,
2319 4749 2378 4802 τὸ
2405 4749 2462 4801 δὲ
2493 4750 2643 4812 τέλος
2667 4749 2743 4820 τῷ
2765 4758 2920 4818 ,εφς’,
2951 4752 3048 4822 τὴν
3081 4752 3137 4805 δὲ
3166 4757 3443 4827 σωτήριον
3470 4757 3644 4826 76m;-

2077 4853 2160 4889 σιν
2184 4837 2262 4907 τῷ
2291 4843 2478 4908 ,ευιιγκ
2512 4840 2573 4892 οὐ
2607 4841 2787 4905 καλῶς
2811 4842 3260 4913 διανοησάμενος.

1306 4989 1403 5053 ια
1440 4989 1699 5067 Georgii
1740 4988 2018 5066 Syncetlt'
2063 4991 2510 5067 Fragmentum
2541 4993 2738 5055 Nota.

477 5109 604 5161 Ὅτι
622 5108 736 5176 μὲν
765 5113 933 5178 ,εφλα
952 5149 967 5162 .
993 5107 1250 5164 Veterum
1287 5109 1586 5162 multorum
1617 5108 1806 5180 Opinio
1845 5110 1967 5176 fuit,

401 5195 680 5250 Christum
705 5213 816 5252 uno
850 5204 1059 5250 tantum
1091 5212 1237 5251 anno
1266 5197 1617 5268 praedicasse,
1640 5214 1813 5269 eoque
1840 5213 1969 5268 pas-

403 5298 523 5338 sum
557 5282 748 5338 fuisse.
802 5283 882 5336 Ex
928 5298 1119 5338 eorum
1153 5299 1385 5339 numero
1421 5284 1526 5339 fuit
1562 5285 1879 5350 Africanus,
1907 5295 1967 5341 ut

403 5382 634 5430 testatur
665 5372 1026 5444 Hieronymus
1057 5375 1112 5428 in
1134 5373 1204 5427 1X
1224 5373 1466 5430 Danielis
1491 5394 1503 5429 :
1535 5392 1695 5447 quem
1718 5386 1867 5433 recte
1896 5393 1961 5432 ex

401 5467 725 5522 auctoritate
751 5467 1060 5535 evangelica
1090 5467 1358 5538 Georgius
1394 5467 1689 5540 redarguit.
1708 5469 1842 5526 Vide
1868 5469 1961 5523 XII

405 5556 478 5611 De
497 5557 742 5612 doctrina
765 5567 1086 5625 temporum,
1118 5574 1238 5630 cap.
1273 5559 1364 5614 IX.

469 5713 488 5745 τ
515 5728 623 5766 εον.
659 5712 750 5766 καὶ
776 5711 882 5764 τῶν
902 5722 949 5765 et
974 5711 1300 5784 ἀλλοφύλων.
1376 5716 1398 5746 ⁸
1419 5716 1459 5784 f.
1489 5715 1516 5768 ὃ
1543 5718 1697 5787 ὁμοχ.
1771 5717 1792 5750 ⁸
1824 5717 1928 5771 imo
1954 5720 2022 5771 α’.

2151 5111 2251 5176 Ὠς
2275 5107 2553 5165 structor
2585 5113 2704 5166 ἀπὸ
2738 5115 2848 5182 τῆς
2883 5117 3069 5183 θείας.
3101 5119 3233 5174 Tria
3271 5122 3366 5178 hic
3393 5125 3633 5180 observa-

2067 5199 2216 5254 tione
2247 5200 2431 5270 digna.
2462 5202 2733 5269 Alterum,
2766 5215 2931 5274 caput
2953 5209 3083 5262 anni
3116 5211 3171 5265 in
3208 5224 3477 5286 computo
3502 5216 3636 5273 Gre-

2068 5305 2153 5356 co,
2185 5306 2296 5346 non
2341 5301 2584 5363 repetere
2615 5295 2908 5366 Georgium
2941 5314 2972 5353 a
3023 5301 3178 5358 civili
3216 5309 3458 5377 epocha,
3489 5309 3540 5364 id
3561 5316 3636 5364 est

2067 5381 2468 5454 a-Septembri;
2510 5387 2606 5442 sed
2638 5403 2666 5442 a
2700 5405 2872 5444 verno
2923 5403 3174 5464 tempore
3222 5409 3395 5468 atque
3450 5402 3515 5456 ab
3552 5415 3636 5456 vn!

2066 5472 2291 5572 Kalend.
2333 5475 2507 5546 April.
2553 5493 2660 5549 quo
2699 5479 2788 5534 die
2813 5483 3096 5572 conditum
3122 5492 3634 5561 essemundumpu-

2063 5565 2290 5620 tabant:
2329 5569 2560 5626 alterum
2593 5585 2813 5642 passum
2847 5565 2932 5627 ex'
2957 5575 3180 5634 illorum
3225 5584 3489 5641 Opinione
3525 5596 3634 5641 esse

2103 5721 2147 5752 ¹⁰
2175 5720 2218 5790 Ῑ.
2255 5723 2368 5792 ἔτη.
2450 5725 2490 5757 ¹¹
2530 5725 2683 5782 Deest
2714 5728 2935 5792 aliquid.
