3808 6330
104 300 238 354 lit-l5

1085 295 1539 352 DISSERTA'I‘IO
1579 295 1666 350 DE
1695 292 2101 349 GRJECORUM
2138 291 2344 350 ASRIS.

3197 297 3333 349 1414

103 414 382 468 Christum
428 409 605 466 Mattii
637 427 796 475 χχιιι,
838 411 973 466 feria
1008 428 1094 478 vr;
1135 412 1504 466 resurrexisse
1540 426 1670 465 vero
1698 419 1746 474 Α
1771 424 2040 462 annorum
2068 408 2235 475 5l84;
2272 409 2456 479 itaque
2504 407 2790 478 legendum
2831 410 2973 480 apud
3023 409 3333 482 Georgium.

103 507 190 559 die
214 521 318 557 xxv
355 524 367 558 :
403 519 562 573 quam
587 502 872 574 Epiphanii
899 517 1118 573 quoque
1151 506 1473 557 sententiam
1500 500 1668 556 fuisse

103 605 338 650 constat.
362 594 491 648 Vide
525 611 643 664 qua
683 611 848 662 super
876 611 934 647 ea
970 595 1167 661 partim
1200 595 1252 647 in
1284 592 1663 647 Animadvers.

102 688 166 741 ad
222 688 357 741 har.
405 685 493 749 LI,
537 687 735 756 partim
776 686 832 738 in
871 684 963 738 Xll
996 685 1070 738 De
1094 685 1333 738 doctrina
1375 694 1666 752 temporum

100 779 475 849 exposuimus.
519 777 654 830 Cum
709 786 889 832 autem
922 781 1097 848 capite
1137 778 1403 847 superiori
1442 775 1666 830 demon-

100 876 332 924 stratum
367 869 438 922 sit
486 867 811 933 Maximum,
849 884 1008 939 quem
1046 868 1330 939 Georgius,
1361 878 1414 922 et
1459 867 1661 933 cateri,

98 959 193 1027 qui
248 957 676 1012 Alexandrinam
721 973 887 1012 aram
940 966 1254 1020 tenuerunt,
1287 957 1459 1012 secuti
1511 964 1661 1018 sunt,

97 1049 305 1102 Christi
357 1049 669 1118 passionem
719 1050 774 1102 in
806 1065 930 1103 eum
979 1065 1180 1103 annum
1217 1051 1538 1112 contulisse,
1566 1047 1664 1118 qui

98 1150 184 1195 est
232 1155 355 1194 ara
421 1149 622 1194 nostra
655 1156 793 1205 xui,
853 1141 1062 1210 periodi
1117 1139 1342 1194 Julianae
1382 1141 1545 1204 4755,
1599 1155 1665 1194 eo

97 1244 248 1282 anno
280 1229 678 1283 admirabiliter
707 1231 957 1299 contigit,
987 1240 1042 1283 ut
1076 1231 1129 1283 in
1150 1229 1291 1284 diem
1323 1229 1498 1284 Martii
1526 1246 1664 1283 χχιιι

97 1321 310 1373 decima
379 1330 574 1389 quarta
633 1317 914 1375 Paschalis
973 1320 1256 1374 incideret.
1313 1319 1664 1374 Novilunium

98 1411 248 1466 enim
274 1427 340 1464 ex
373 1410 638 1466 Parisinis
661 1412 857 1466 tabulis
893 1414 1242 1468 commissum
1279 1421 1362 1467 est
1395 1412 1574 1466 Martii
1605 1429 1662 1477 χ,

98 1503 234 1557 I'eria
268 1518 365 1567 vn,
417 1503 549 1556 hora
584 1504 679 1566 I0,
716 1504 798 1556 2l'
842 1505 896 1558 in
941 1504 1222 1559 horizonte
1275 1503 1664 1575 Hierosolymi-

95 1603 252 1650 tano.
273 1594 454 1662 Quare
477 1594 688 1649 decima
719 1605 915 1666 quarta
947 1597 1198 1650 convenit
1220 1597 1275 1650 in
1298 1595 1473 1649 Martii
1506 1613 1660 1661 χχιιι,

95 1687 236 1742 feria
287 1703 375 1754 vi;
431 1687 785 1757 plenilunium
839 1704 966 1743 vero
1039 1689 1277 1743 medium
1331 1689 1509 1744 Martii
1559 1707 1662 1744 xxv

95 1778 345 1842 ineunte,
371 1779 503 1832 hora
517 1777 772 1832 videlicet
796 1777 846 1843 1,
875 1779 1000 1832 55'a
1029 1777 1202 1832 media
1229 1788 1410 1834 nocte.
1441 1779 1661 1834 Nicano

92 1884 229 1925 vero
260 1878 505 1938 tei‘npore
543 1869 827 1924 neomenia
867 1871 1094 1924 cadebat
1127 1871 1181 1924 in
1233 1888 1283 1924 ix
1337 1873 1538 1937 Martii,
1571 1889 1664 1945 cy-

93 1960 182 2014 clo
212 1974 245 2010 v
279 1959 493 2012 decima
524 1966 740 2028 quarta,
776 1957 955 2011 Martii
991 1974 1102 2012 χχιι
1129 1973 1142 2008 :
1182 1957 1327 2028 quod
1350 1958 1417 2011 ad
1449 1957 1664 2013 Gracu-

94 2065 218 2104 rum
248 2049 706 2119 computistarum
752 2060 985 2102 mentem
1028 2049 1266 2118 perbelle
1304 2049 1660 2118 congruebat,

93 2143 188 2212 qui
219 2149 277 2196 et
329 2139 509 2194 Martii
557 2155 712 2202 χχιιι,
744 2146 798 2193 et
835 2138 968 2193 feria
1000 2155 1072 2202 vr,
1110 2147 1164 2193 et
1208 2140 1510 2209 plenilunio
1541 2155 1663 2209 pas-

93 2249 218 2287 sum
269 2247 394 2286 esse
445 2229 724 2284 Christum
760 2231 1165 2301 asseverabant.
1200 2229 1306 2284 Sed
1348 2231 1461 2286 hac
1501 2246 1663 2301 quam

94 2325 311 2377 illorum
358 2322 667 2376 rationibus
697 2330 1060 2375 consentanea
1097 2322 1347 2376 videntur
1375 2333 1482 2375 tam
1534 2334 1663 2379 sunt

92 2416 324 2475 absona,
363 2422 418 2468 et
455 2413 524 2467 ab
562 2413 876 2484 evangelica
920 2414 1149 2466 veritate
1195 2430 1420 2483 prorsus
1462 2415 1658 2471 aliena.

93 2504 199 2559 Sed
241 2519 347 2558 nec
393 2501 682 2572 Epiphanii
733 2502 1060 2557 sententiam
1105 2503 1337 2558 assecuti
1378 2503 1457 2557 illi
1502 2510 1658 2571 sunt;

89 2595 255 2666 quam
294 2610 400 2650 nos
432 2595 646 2649 abunde
690 2594 847 2649 libris
884 2595 992 2650 illis
1024 2595 1442 2664 explicavimus.
1478 2595 1663 2651 Tertio

88 2689 329 2759 denique
359 2694 578 2741 constat
596 2702 660 2741 ex
688 2686 907 2739 Maximi
948 2701 1011 2739 ac
1042 2684 1391 2755 Theophanis
1419 2685 1660 2753 decreto,

93 2779 374 2835 Christum
413 2777 701 2831 Dominum
730 2777 967 2832 triennio
990 2819 1004 2844 ,
1034 2794 1098 2832 ac
1128 2778 1411 2833 mensibus
1442 2778 1664 2833 circiter

88 2872 272 2926 tribus
303 2887 334 2924 α
369 2870 647 2940 baptismo
679 2869 1025 2940 pradicasse,
1076 2877 1134 2924 ut
1181 2872 1273 2940 qui
1311 2886 1454 2925 anno
1484 2874 1662 2927 atatis

91 2955 318 3016 ineunte
374 2976 527 3027 χχχι,
569 2959 813 3014 Januarii
863 2976 936 3025 v1,
974 2961 1280 3032 baptizatus
1330 2965 1420 3027 sit,
1473 2965 1662 3018 mundi

88 3054 228 3110 5550
245 3064 513 3120 exeunte,
537 3055 608 3107 ita
633 3063 690 3106 ut
711 3053 842 3110 5551
871 3054 1119 3122 proximo
1136 3069 1260 3109 vere
1290 3056 1618 3111 successerit
1645 3072 1658 3106 :

88 3161 234 3202 anno
268 3145 486 3217 periodi
515 3144 744 3200 Juliana
767 3145 928 3212 4752,
957 3161 1154 3216 passus
1196 3155 1379 3200 autem
1409 3149 1481 3203 sit
1518 3162 1662 3202 anno

73 3239 267 3294 atatis
299 3253 476 3292 χχχιιι
509 3238 780 3301 absoluto,
831 3253 896 3293 ac
951 3237 1127 3293 tribus
1162 3250 1420 3310 praterea
1455 3241 1661 3294 mensi-

88 3332 226 3398 bus;
259 3328 458 3383 mundi
493 3329 632 3384 5555
659 3329 966 3393 desinente,
1011 3329 1220 3398 periodi
1244 3328 1474 3384 Juliana
1499 3331 1658 3385 4755.

87 3422 148 3475 1η
193 3437 309 3492 quo
354 3422 426 3475 ab
474 3419 758 3490 Epiphanii
807 3421 1077 3475 sententia
1138 3421 1472 3475 desciscunt.
1530 3421 1665 3476 Vide

84 3510 314 3565 Maximi
346 3525 468 3579 cap.
498 3507 714 3564 XXXII.
762 3507 1054 3563 Sciendum
1103 3519 1186 3564 est
1223 3525 1409 3579 porro,
1445 3509 1664 3565 Gracos

81 3611 308 3658 atatem
349 3600 558 3655 Christi
615 3601 683 3655 ab
735 3599 1118 3656 lncarnatione
1169 3602 1288 3672 ipsa
1336 3618 1662 3668 numerare,

86 3710 222 3760 non,
248 3702 310 3747 ut
344 3693 490 3747 ratio
526 3693 787 3762 postulat,
821 3701 874 3747 et
897 3708 996 3748 nos
1035 3694 1198 3764 vulgo
1225 3694 1477 3758 facimus,
1511 3695 1580 3748 ab
1599 3711 1664 3749 eo

84 3795 364 3857 tempore,
402 3800 511 3856 quo
532 3795 684 3841 extra
730 3794 942 3841 uterum
976 3787 1199 3855 prodiit.
1233 3786 1477 3852 Quorum
1504 3789 1664 3844 insti-

86 3888 271 3932 tutum
307 3876 539 3931 Romani
572 3893 788 3948 quoque
830 3879 1176 3947 computista
1215 3880 1482 3950 complexi
1515 3887 1663 3946 sunt,

86 3971 396 4042 Dionysius
429 3969 697 4042 Exiguus.
729 3970 902 4032 Beda,
935 3980 989 4025 et
1031 3971 1307 4028 inferioris
1343 3973 1441 4026 avi
1470 3989 1667 4042 prope-

85 4065 320 4118 modum
347 4078 560 4118 omnes.
604 4063 742 4118 Hinc
786 4064 1050 4134 Georgius
1089 4078 1264 4119 annos
1294 4063 1415 4118 vita
1455 4062 1665 4118 Domini

84 4164 291 4226 putare
317 4155 560 4224 incipita
594 4171 698 4209 xxv
733 4155 933 4210 Martii.

160 4248 474 4302 Σκοπείτω
497 4250 583 4313 εις
613 4247 728 4316 τὴν
767 4255 857 4302 ια’.
906 4248 1087 4304 Divisa
1136 4263 1348 4303 summa
1394 4262 1664 4302 annorum

82 4340 236 4395 5555
285 4357 383 4410 ρει·
411 4340 538 4402 552,
581 4341 708 4395 ﬁent
753 4342 1016 4396 absoluta
1051 4341 1256 4411 periodi
1289 4357 1342 4406 x,
1384 4348 1439 4395 et
1488 4355 1665 4394 annus

1768 500 1848 552 Ad
1904 499 2046 552 hanc
2101 515 2370 553 summam
2433 500 2477 554 si
2515 500 2655 553 2215
2706 501 3010 570 adieceris,
3074 511 3207 572 quot
3265 506 3334 558 ab

1767 589 2057 643 Abrahami
2092 589 2254 642 natali
2282 589 2350 641 ad
2377 598 2553 643 ortum
2579 589 2783 644 Christi
2815 592 3111 662 interponit
3162 593 3335 650 Euse-

1768 681 1909 740 bius.
1945 680 2143 734 eliicies
2174 695 2348 735 annos
2371 681 2528 735 5199.
2558 683 2636 736 Ac
2669 698 2854 737 revera
2893 685 3123 738 totidem
3159 700 3334 742 annrs

1765 786 1832 826 ex
1859 772 2076 826 Eusebii
2127 773 2338 826 calculo
2374 772 2549 826 Latini
2599 776 2935 845 antiquiores
2970 778 3284 846 exprimunt
3313 797 3329 835 :

1766 870 1820 917 et
1853 863 1908 917 in
1959 863 2202 919 Romano
2242 865 2626 936 Martyrologio
2687 884 2779 922 vui
2835 869 3058 925 Kalend.
3103 869 3328 926 Januar.

1765 973 2025 1010 numerus
2057 957 2144 1010 ille
2175 958 2502 1026 concipitur.
2541 957 2672 1014 Vide
2709 959 2804 1016 lib.
2854 959 2923 1014 IX
2963 961 3039 1016 De
3087 963 3332 1017 doctrina

1768 1061 2076 1116 temporum,
2102 1063 2223 1120 cap.
2259 1047 2322 1102 ll.
2354 1048 2524 1103 Porro
2555 1051 2620 1104 ad
2658 1052 2990 1120 passionem,
3035 1070 3156 1122 qua
3187 1070 3332 1109 anno

1765 1141 2055 1194 Abrahami
2086 1141 2221 1196 2047
2259 1141 2498 1211 ponitur,
2521 1143 2646 1195 anni
2672 1150 2800 1197 sunt
2833 1158 2863 1195 a
2895 1145 3112 1197 conditu
3147 1161 3329 1198 rerum

1767 1231 1920 1286 5251.
1957 1231 2227 1297 Quaritur
2258 1232 2524 1301 Georgius
2548 1233 2614 1285 ab
2643 1231 2874 1287 Eusebio
2906 1234 3328 1302 pra-termissum

1765 1322 1991 1386 Cainan,
2027 1331 2080 1378 et
2130 1324 2249 1392 ejus
2297 1338 2472 1378 annos
2502 1339 2642 1377 cxxx
2668 1340 2682 1375 :
2713 1324 2834 1378 ideo
2875 1326 3137 1379 minorem
3179 1326 3332 1394 justo

1765 1430 1885 1470 esse
1908 1431 2174 1470 summam
2204 1415 2269 1468 ad
2301 1423 2478 1469 ortum
2518 1415 2849 1482 Ahrahami;
2883 1431 3044 1486 quam
3099 1418 3213 1485 ipse
3255 1418 3333 1472 ait

1765 1521 1888 1560 esse
1919 1521 2187 1560 annorum
2229 1505 2388 1568 5512,
2414 1506 2614 1575 quibus
2662 1507 2827 1561 additi
2864 1509 2994 1562 anni
3045 1503 3206 1572 2221,
3236 1511 3328 1578 qui

1766 1596 1833 1649 ab
1859 1595 2170 1650 Abrahamo
2198 1597 2266 1651 ad
2303 1597 2509 1652 Christi
2541 1600 2852 1668 passionem
2881 1600 3150 1662 interjecti
3178 1611 3328 1665 sunt,

1764 1686 2002 1740 elliciunt
2026 1701 2200 1741 annos
2224 1687 2397 1754 5555;
2419 1704 2542 1742 cum
2573 1695 2753 1742 tamen
2784 1688 3050 1744 Eusebius
3070 1699 3122 1744 et
3155 1703 3330 1742 annos

1765 1779 1833 1832 ab
1853 1779 2162 1831 Abrahamo
2186 1788 2433 1833 numeret
2457 1779 2524 1833 ad
2546 1779 2816 1833 Christum
2839 1779 3000 1846 2048,
3019 1790 3068 1834 et
3099 1781 3165 1836 iis
3190 1781 3331 1850 prio-

1762 1884 1875 1922 rem
1911 1866 1978 1920 ad
2002 1883 2288 1921 numerum
2320 1867 2574 1936 adjectis,
2607 1885 2872 1924 summam
2904 1871 3027 1922 inde
3073 1871 3330 1923 conliciat

1764 1973 2031 2014 annorum
2057 1957 2218 2016 5252.
2246 1957 2453 2012 Desunt
2483 1959 2609 2013 anni
2647 1960 2740 2013 501
2783 1959 2851 2012 ad
2892 1958 3107 2028 Georgii
3139 1960 3328 2012 calcu-

1764 2052 1874 2105 lum
1907 2069 1920 2104 :
1959 2065 2097 2120 quos
2127 2051 2243 2120 ipse
2271 2049 2442 2104 variis
2472 2049 2648 2105 modis
2690 2051 2966 2104 inculcare
2997 2051 3209 2104 nititur.
3257 2052 3330 2103 lle

1763 2141 2028 2199 Cainano.
2065 2148 2117 2193 et
2145 2139 2306 2194 annis
2338 2139 2592 2194 Judicum
2629 2140 2944 2210 plenissime
2975 2141 3143 2202 habes
3178 2143 3230 2194 in
3256 2139 3328 2192 IX

1765 2233 1840 2286 De
1862 2232 2104 2285 doctrina
2137 2241 2442 2299 temporum.
2470 2229 2685 2302 Georgii
2735 2231 3050 2303 μικρολογία
3084 2233 3188 2288 ista
3218 2248 3330 2287 non

1762 2331 1845 2377 est
1875 2324 2062 2377 nauci.

1831 2413 2180 2482 Πανόδωρος
2209 2413 2277 2468 δέ
2301 2431 2412 2479 τις.
2446 2412 2600 2468 Nunc
2635 2413 2704 2470 de
2730 2414 2900 2470 altero
2927 2423 3203 2486 computo,
3235 2418 3328 2486 qui

1762 2513 1845 2562 est
1883 2505 2155 2560 Panodori
2189 2506 2468 2561 monachi.
2511 2505 2560 2561 Is
2587 2515 2749 2560 aram
2789 2507 3023 2576 priorem
3059 2523 3329 2562 annorum

1763 2601 1831 2655 ad
1891 2599 2098 2654 Christi
2161 2597 2567 2670 ὲνανθρώπησιν
2618 2598 2749 2654 5501
2807 2607 2932 2653 octo
2997 2600 3185 2664 annis,
3242 2601 3329 2654 vel

1763 2691 1952 2747 decem
1999 2690 2339 2756 decurtavit;
2373 2690 2533 2758 cujus
2573 2690 2779 2744 inventi
2835 2690 3134 2760 probabilis
3176 2699 3258 2744 est
3298 2707 3331 2745 a

1763 2785 1924 2839 nobis
1963 2797 2128 2853 supra
2153 2783 2362 2837 reddita
2387 2784 2560 2836 ratio:
2586 2797 2749 2853 quam
2782 2797 2911 2836 vero
2941 2781 3208 2852 Georgius
3247 2781 3331 2835 af-

1763 2876 1888 2938 fert,
1917 2874 2108 2928 frivola
2139 2881 2253 2940 est;
2297 2887 2397 2929 nec
2446 2873 2571 2944 jure
2616 2873 2893 2928 hominem
2943 2873 3224 2942 redarguit
3273 2879 3334 2928 ut

1763 2983 1890 3022 mox
1912 2965 2202 3020 videbitur.

1847 3057 1976 3110 Ἐπὶ
2003 3057 2111 3126 γὰρ
2135 3055 2201 3109 τὸ
2239 3063 2290 3109 α’
2313 3057 2468 3124 ἔτος.
2510 3055 2643 3122 Qua
2691 3061 3000 3126 sequuntur
3046 3055 3333 3126 insigniter

1764 3145 2056 3216 depravata
2108 3154 2269 3213 sunt;
2323 3162 2496 3218 neque
2547 3147 2631 3200 vis
2683 3145 3190 3215 argumentationis,
3220 3161 3332 3216 qua

1764 3235 2110 3290 Panodorum
2156 3236 2442 3308 Syncellus
2485 3245 2792 3306 oppugnat,
2827 3237 2964 3291 satis
2991 3236 3334 3289 animadver-

1765 3331 1918 3386 titur.
1968 3330 2142 3400 Hujus
2192 3340 2371 3386 tamen
2429 3331 2542 3384 hac
2583 3345 2796 3384 summa
2853 3330 3179 3383 coniicitur:
3209 3329 3332 3382 ideo

1765 3430 1968 3491 septem
1986 3422 2144 3477 annis
2169 3422 2353 3476 minus
2380 3429 2602 3491 putasse
2628 3420 2998 3486 Panodorum,
3029 3420 3176 3490 quod
3204 3435 3330 3474 cum

1765 3527 1909 3566 anno
1946 3513 2132 3566 mundi
2153 3512 2290 3568 5458
2321 3513 2600 3582 Augustus
2634 3513 2904 3581 imperare
2928 3513 3154 3582 caperit
3207 3519 3334 3582 post

1764 3618 1954 3657 necem
1971 3602 2101 3657 Julii
2136 3603 2388 3667 Casaris,
2421 3601 2743 3657 Panodorus
2771 3603 2902 3657 5451
2951 3604 3332 3658 tantummodo

1766 3697 2032 3763 posuerit,
2074 3695 2586 3750 mathematicorum
2621 3694 2892 3747 calculum
2934 3703 3175 3749 secutus.
3209 3694 3334 3748 Fuit

1767 3785 1908 3855 apud
1948 3794 2293 3841 astronomos
2329 3786 2382 3840 in
2411 3801 2513 3840 usu
2554 3801 2730 3840 canon
2763 3786 3006 3856 quidam,
3034 3787 3146 3842 sive
3169 3787 3336 3841 later-

1766 3879 1950 3931 culum
1979 3894 2188 3948 regum,
2207 3879 2298 3948 qui
2328 3893 2357 3931 a
2378 3877 2762 3933 Nabonassaro
2790 3879 2855 3932 ad
2887 3878 3218 3933 Antoninum
3244 3895 3336 3934 us-

1766 3984 1874 4037 que
1919 3977 2270 4038 propagatur,
2303 3969 2562 4023 nimirum
2607 3971 2674 4024 ad
2721 3969 2993 4024 Ptolemai
3035 3978 3277 4040 tempora
3316 3986 3330 4022 :

1767 4059 1860 4127 qui
1885 4074 1914 4111 a
1940 4059 2208 4114 Chaldais
2236 4061 2492 4114 traditum
2518 4076 2782 4116 canonem
2817 4059 3078 4114 Romanis
3107 4062 3335 4130 impera-

1767 4152 1980 4204 toribus
2005 4151 2227 4206 auxisse
2255 4151 2491 4205 videtur.
2523 4150 2723 4206 Verum
2765 4151 2818 4203 in
2851 4151 2990 4204 libro
3031 4151 3334 4221 προχείρων

1767 4241 2028 4304 κανόνων,
2074 4243 2167 4312 qui
2214 4242 2430 4298 tabulas
2477 4243 2873 4297 astronomicas
2933 4243 3330 4312 complectitur,

1767 4351 1942 4389 canon
1968 4335 2109 4389 idem
2138 4350 2168 4388 a
2213 4333 2464 4404 Philippo
2513 4335 2727 4389 Aridao
2761 4335 2990 4404 incipit,
3026 4343 3084 4388 ut
3114 4335 3168 4387 in
3216 4348 3334 4386 ma-

77 4433 197 4486 2l5
231 4432 538 4486 undecima
557 4473 571 4496 ,
603 4449 712 4503 quo
759 4449 947 4488 revera
979 4443 1174 4504 quarta
1221 4433 1431 4488 decima
1461 4433 1663 4488 Christi
1695 4430 1740 4488 D
1770 4425 2069 4494 nuscriplis
2091 4425 2372 4480 COdiCibUS
2398 4433 2642 4496 θρρεινει.
2669 4426 2760 4495 qui
2787 4424 3024 4479 Theonis
3051 4440 3330 4479 commen-

80 4524 302 4577 saculo
344 4523 536 4578 incidit
562 4524 618 4578 in
656 4523 837 4580 Martii
868 4525 1010 4581 diem
1045 4542 1207 4592 χχιιι,
1235 4535 1293 4580 ut
1329 4525 1494 4596 paulo
1539 4531 1666 4580 ante

75 4615 357 4670 vidimus.

154 4702 375 4773 Πρώτη
398 4703 466 4758 δὲ
486 4705 589 4759 τοῦ
621 4707 754 4775 παρ’
796 4705 1104 4774 Ἑϐραίοις.
1147 4705 1342 4760 Mirum
1395 4705 1527 4760 illud
1559 4712 1664 4772 est,

78 4813 200 4852 non
253 4798 434 4850 solum
489 4798 826 4852 neomeniam
873 4797 1044 4854 fuisse
1089 4795 1257 4853 Nisan
1302 4796 1444 4851 diem
1490 4796 1664 4858 illum,

73 4905 255 4960 quem
303 4889 451 4942 luna
484 4905 574 4944 χνι
612 4891 695 4944 vel
729 4906 839 4944 xvu
873 4906 994 4945 esse
1030 4889 1206 4956 dicit,
1255 4890 1349 4944 sed
1397 4887 1666 4956 ejusmodi

74 4996 316 5051 semper
343 4981 644 5038 exstitisse.
681 4979 849 5052 Nuga
891 4983 1007 5038 ista
1043 4991 1203 5048 sunt,
1235 4983 1340 5036 nisi
1372 4981 1476 5036 hoc
1525 4979 1668 5035 forte

78 5076 290 5140 voluit,
334 5072 493 5127 initio
533 5090 716 5129 rerum
764 5074 1001 5143 primum
1041 5089 1306 5142 mensem,
1344 5073 1458 5130 sive
1497 5071 1665 5129 Nisan

72 5163 444 5222 neomeniam
474 5163 734 5220 habuisse
757 5181 861 5218 xxv
888 5164 975 5219 die
1006 5163 1205 5218 Martii.

168 5258 237 5309 Ὀ
253 5255 377 5324 μὲν
400 5249 514 5308 οὖν
548 5255 915 5323 Ἀφρικανός.
937 5254 1067 5308 Vide
1097 5255 1380 5324 superiora
1411 5253 1535 5308 libri
1566 5254 1667 5308 bu-

1765 4517 1936 4573 tarios
1967 4519 2046 4580 εἰς
2077 4519 2203 4580 τοὺς
2232 4518 2552 4590 προχείρους
2600 4519 2829 4581 κανόνας
2859 4517 3136 4571 exhibent.
3167 4517 3334 4586 Igitur

1765 4622 1796 4660 a
1827 4616 2004 4663 morte
2050 4607 2366 4670 Alexandri,
2399 4615 2453 4662 et
2479 4607 2656 4661 Thoth
2691 4606 2948 4677 Philippi,
2989 4607 3056 4661 ad
3103 4613 3329 4660 mortem

1765 4699 2084 4768 Cleopatra,
2119 4702 2246 4755 anni
2280 4702 2612 4772 colliguntur
2640 4700 2764 4754 294.
2801 4699 2926 4754 Inde
2959 4697 3190 4769 Augusti
3218 4697 3334 4751 Ca:-

1767 4791 1908 4846 saris
1942 4791 2034 4846 45.
2067 4791 2274 4862 Duplex
2312 4793 2458 4848 enim
2497 4793 2714 4846 initium
2742 4791 2997 4861 Augusti,
3040 4791 3269 4843 alterum
3301 4803 3330 4842 τι

1765 4889 1940 4936 morte
1993 4879 2122 4936 Julii
2169 4883 2423 4947 Casaris,
2459 4883 2690 4937 alterum
2736 4896 2767 4935 a
2824 4891 2957 4935 nece
3007 4879 3227 4934 Antonii
3277 4888 3332 4933 et

1767 4973 2089 5042 Cleopatra,
2121 4990 2240 5044 qua
2270 4982 2355 5030 est
2393 4974 2600 5045 epocha
2649 4987 2916 5027 annorum
2963 4973 3328 5026 Actiacorum.

1767 5067 2053 5124 Intervalla
2084 5081 2246 5138 porro
2288 5081 2555 5121 annorum
2583 5081 2613 5119 a
2656 5064 2941 5120 neomenia
2971 5061 3172 5126 Thoth,
3211 5077 3334 5133 qua

1767 5162 2078 5234 principum
2136 5167 2368 5214 mortem
2399 5160 2647 5232 proxime
2679 5167 2972 5214 consecuta
3005 5164 3108 5221 est,
3144 5156 3200 5210 in
3238 5157 3332 5209 illo

1767 5267 1977 5308 canone
2014 5250 2337 5322 procedunt.
2381 5251 2626 5305 Mortuus
2651 5257 2734 5305 est
2766 5248 3072 5304 Alexander
3103 5247 3330 5317 Magnus

1766 5358 1912 5402 anno
1931 5345 2108 5415 primo
2128 5345 2350 5399 ineunte
2373 5340 2698 5414 Olympiadis
2713 5356 2859 5406 cxiv,
2877 5340 3085 5410 periodi
3099 5338 3330 5394 Juliana:

1765 5438 1928 5503 4590,
1959 5451 2106 5490 anno
2132 5435 2505 5490 Nabonassari
2533 5434 2656 5498 424,
2688 5433 2782 5503 qui
2806 5435 2972 5504 capit
3007 5429 3329 5486 Novembris

1766 5545 1865 5582 χιι.
1901 5527 2081 5593 Quare
2109 5527 2287 5580 'l‘hoth
2321 5525 2556 5596 Philippi
2586 5525 2805 5588 Aridai,
2831 5527 2946 5580 sive
2983 5524 3174 5578 mortis
3203 5519 3327 5572 Ale-

1769 5617 1982 5679 xandri,
2006 5618 2258 5672 convenit
2288 5618 2343 5671 in
2367 5617 2685 5672 Novembris
2703 5631 2776 5669 xu
2810 5617 2936 5669 anni
2965 5613 3204 5685 ejusdem
3235 5627 3326 5676 pc-

1766 5708 1906 5764 riodi
1934 5707 2163 5763 Juliana
2189 5708 2352 5772 4590,
2387 5717 2441 5766 ει
2461 5708 2674 5764 initium
2701 5707 2848 5764 dedit
2877 5723 3019 5763 anno
3046 5703 3326 5760 Nabonas-

62 5351 170 5418 jus
198 5347 378 5404 nostri
410 5346 612 5416 capita.

146 5437 460 5501 Εὐσέϐιος
508 5434 576 5489 δὲ
612 5440 645 5490 ὀ
683 5437 1020 5506 Παμφίλου.
1078 5436 1136 5490 In
1182 5438 1442 5492 chronico
1483 5445 1667 5506 poste-

67 5534 262 5593 riore,
303 5529 602 5598 interprete
657 5537 846 5584 sancto
894 5527 1246 5599 Hieronymo,
1298 5527 1565 5584 Eusebius
1609 5529 1665 5582 in

65 5621 370 5676 Procnmio
396 5628 648 5673 numerat
694 5619 763 5672 ab
819 5619 1027 5672 Adamo
1064 5620 1131 5673 ad
1174 5620 1438 5673 diluvium
1490 5635 1665 5674 annos

59 5713 250 5780 2242,
291 5727 319 5765 a
358 5711 566 5766 diluvio
618 5711 684 5766 ad
714 5717 894 5766 ortum
921 5711 1235 5777 Abrahami,
1267 5712 1392 5768 942.
1439 5709 1664 5767 Summa
