3808 6336
421 357 556 409 12115

1436 344 1525 398 Μ)
1568 339 1832 396 EUSEBll
1871 334 2268 396 CHRONICON
2307 332 2668 390 APPENDIX.

3509 324 3631 380 ms

417 468 528 524 sari
566 465 690 523 425.
731 465 857 520 Hac
903 473 986 520 est
1019 463 1224 534 epocha
1265 459 1375 516 τῶν
1410 459 1714 532 προχείρων
1745 457 1984 512 κανόνων

2099 453 2228 514 Licus
2259 451 2328 506 ab
2355 449 2577 506 exordio
2595 445 2829 516 Philippi
2848 444 2912 498 ad
2929 442 3160 513 Augusti
3182 440 3436 495 ultimum
3459 453 3633 495 nume-

416 557 715 613 Ptolemaei.
743 557 789 609 A
819 570 925 626 qua
958 553 1086 606 anni
1123 559 1252 607 sunt
1281 548 1589 620 Egyptiaci
1617 545 1722 601 294
1748 543 1980 600 absoluti

417 649 487 702 ad
517 647 695 701 Thoth
742 645 1048 706 Actiacum,
1095 642 1210 697 sive
1249 639 1589 695 neomeniam
1632 635 1832 700 Thoth,
1862 649 1982 705 qua:

418 752 566 792 anno
603 737 717 802 illo,
751 749 860 805 quo
899 739 1112 787 mortua
1157 741 1240 787 est
1289 730 1611 799 CleOpatra,
1649 728 1882 782 incurrit
1927 727 1983 780 in

417 843 547 882 xxxt
571 826 713 880 diem
737 823 1001 894 Augusti;
1035 830 1089 878 et
1117 821 1399 877 exordium
1423 819 1605 874 attulit
1631 833 1775 873 anno
1806 815 1985 872 Nabo—

417 916 632 973 nassari
666 913 787 981 719,
827 929 973 968 anno
1013 913 1218 983 periodi
1247 911 1478 966 Julianaa
1504 909 1666 974 4684,
1701 908 1864 964 Urbis
1893 923 1983 964 se-

417 1007 655 1064 cundum
680 1003 980 1060 Varronem
999 1002 1494 1059 724.1ntervallum
1516 1016 1546 1055 a
1568 1009 1740 1056 morte
1752 1000 1986 1054 Alexan-

417 1100 502 1154 dri
535 1099 603 1153 atl
649 1098 830 1153 Thoth
877 1097 1186 1162 Actiacum,
1233 1095 1363 1150 anni
1414 1093 1579 1150 solidi
1611 1092 1738 1148 294.
1771 1090 1986 1147 Rursus

417 1189 648 1261 Augusti
679 1205 830 1245 mors
870 1189 1101 1260 contigit
1141 1203 1285 1242 anno
1312 1187 1475 1243 Urbis
1503 1185 1624 1250 767,
1652 1184 1857 1240 mensis
1891 1198 1986 1238 co-

418 1281 696 1350 gnominis
755 1297 871 1346 xix,
905 1294 1282 1353 epagomenon
1313 1294 1365 1344 v,
1408 1277 1537 1332 anni
1581 1275 1986 1334 Nabonassarei

420 1371 557 1437 762;
580 1372 742 1442 cujus
777 1370 958 1425 Thoth
996 1371 1119 1426 iniit
1143 1370 1371 1443 Augusti
1403 1385 1496 1433 xx,
1524 1370 1733 1440 periodi
1757 1367 1987 1423 Iuliana:

418 1464 579 1529 4727,
605 1465 816 1521 decimo
845 1471 1043 1535 quarto
1079 1463 1388 1519 communis
1443 1479 1584 1518 aera.
1611 1461 1716 1517 Sed
1751 1470 1866 1516 tum
1895 1477 1990 1516 an-

419 1569 524 1609 nus
556 1554 718 1616 ﬁxus,
747 1560 802 1608 et
829 1553 1090 1608 Actiacus
1133 1553 1328 1608 eratin
1367 1568 1567 1620 cursu;
1608 1551 1768 1620 cujus
1809 1550 1987 1605 Thoth

417 1653 680 1716 perpetuo
720 1644 790 1700 ab
830 1645 1065 1716 Augusti
1105 1660 1233 1698 xxtx
1263 1642 1352 1698 die
1399 1643 1848 1713 auspicabantur.
1883 1641 1989 1696 lta-

417 1752 524 1808 que
551 1751 580 1790 a
601 1735 776 1792 Thoth
797 1737 1041 1802 Actiaco,
1072 1737 1139 1792 ad
1168 1735 1348 1792 Thoth
1375 1736 1566 1791 mortis
1585 1735 1837 1805 Augusti,
1862 1734 1989 1788 anni

2084 556 2170 598 rat
2195 558 2368 598 annos
2395 549 2670 596 vertentes
2686 538 2810 601 557,
2834 537 2907 589 ita
2932 545 2990 589 ut
3010 536 3114 589 558
3133 534 3203 589 ab
3221 531 3450 603 Augusti
3476 539 3634 586 morte

2084 637 2328 706 cmperit.
2359 634 2474 688 Jan:
2503 635 2548 690 si
2575 647 2748 688 annos
2774 629 2876 685 558
2897 629 3122 699 adjicias
3151 628 3220 681 ad
3248 625 3355 697 421
3379 625 3635 681 Nabonas-

2085 729 2230 792 sari,
2263 725 2587 782 conﬂabitur
2630 738 2809 778 annus
2850 719 3222 774 Nabonassari
3265 717 3394 781 762,
3435 717 3523 786 qui
3562 724 3633 771 est

2084 819 2262 876 Thoth
2292 819 2482 873 mortis
2509 813 2758 887 Augusti.
2786 810 2939 868 Adde
2963 811 3186 868 eosdem
3217 810 3324 864 558
3355 809 3422 863 ad
3451 823 3633 862 annum

2085 911 2355 969 Panodori
2379 909 2538 973 5169,
2571 909 2799 964 exsistet
2827 919 3003 960 annus
3039 904 3223 958 mundi
3253 903 3416 957 5507.
3449 901 3638 957 Rectis-

2086 1009 2225 1064 sime
2268 1005 2450 1074 itaque
2475 1001 2797 1056 Panodorus
2826 1015 2936 1053 non
2975 998 3156 1054 solum
3193 995 3377 1050 Thoth
3420 994 3638 1064 Philippi

2086 1115 2210 1153 cum
2249 1111 2394 1151 anno
2437 1093 2677 1164 computi
2712 1092 2796 1146 sui
2829 1091 2967 1146 5170
3005 1089 3312 1159 copulavit,
3348 1087 3444 1141 sed
3491 1087 3638 1141 etiam

2088 1191 2323 1261 primum
2352 1202 2554 1241 annum
2574 1183 2832 1255 Augustei
2860 1181 3075 1253 imperii
3104 1196 3231 1236 cum
3255 1180 3390 1235 5451
3413 1197 3428 1246 ;
3455 1179 3501 1232 si
3531 1179 3642 1248 qui-

2087 1281 2209 1336 dem
2241 1279 2674 1334 incarnationem
2695 1275 2902 1332 Christi
2920 1273 3154 1329 contulit
3179 1273 3234 1327 in
3258 1287 3465 1326 annum
3494 1270 3640 1332 5495,

2087 1386 2152 1426 ac
2171 1372 2311 1426 lunae
2341 1371 2554 1442 cyclum
2588 1367 2623 1422 2
2655 1383 2685 1420 ιι
2724 1366 2972 1438 populari
3005 1364 3505 1419 Alexandrinorum
3528 1377 3645 1430 epo-

2088 1464 2189 1517 cha
2217 1463 2620 1535 procedentem,
2649 1459 2705 1514 id
2729 1467 2812 1514 est
2841 1457 3069 1528 Augusti
3089 1473 3238 1520 xxix,
3267 1471 3295 1508 a
3315 1469 3427 1526 quo
3454 1469 3643 1508 annum

2088 1555 2475 1619 ordiebantur;
2511 1553 2592 1608 vel
2624 1566 2654 1605 a
2686 1565 2854 1606 verno
2898 1559 3165 1620 tempore,
3219 1556 3278 1601 ut
3315 1548 3647 1614 computista:

2090 1653 2287 1707 solent.
2311 1649 2456 1717 Quin
2491 1665 2557 1704 ex
2587 1649 2655 1703 iis
2697 1647 2940 1717 vestigiis
2976 1643 3350 1715 chronologize
3384 1641 3642 1696 Panodori

2091 1743 2408 1812 conjectura
2455 1740 2570 1796 ﬁeri
2621 1747 2800 1810 potest
2829 1745 3144 1793 accuratum
3177 1735 3247 1792 iis
3290 1737 3348 1790 in
3397 1734 3559 1790 rebus
3590 1747 3646 1786 ac

418 1827 653 1884 absoluti
687 1837 817 1884 sunt
863 1827 952 1882 45.
986 1825 1113 1882 Haec
1155 1835 1283 1882 sunt
1325 1825 1658 1889 indubitata,
1687 1833 1742 1879 et
1766 1839 1794 1877 a
1831 1825 1988 1880 nobis
2018 1823 2061 1878 B
2089 1835 2406 1904 diligentem
2440 1831 2716 1887 hominem
2748 1829 2952 1895 fuisse;
2992 1835 3156 1898 atque
3192 1825 3343 1880 haud
3389 1824 3552 1896 paulo
3573 1824 3648 1878 in-

417 1918 864 1972 demonstrantur
918 1916 976 1970 in
1011 1924 1158 1971 tomo
1203 1915 1509 1986 posteriore
1557 1914 1737 1984 Operis
1777 1912 1853 1967 De
1893 1913 1987 1966 do-

419 2008 591 2061 ctrina
617 2016 932 2076 temporum.
969 2006 1047 2060 Ex
1078 2006 1280 2077 quibus
1300 2003 1644 2060 intervallum
1676 2004 1820 2059 aliud
1849 2020 1989 2060 com-

420 2099 602 2172 putari
625 2107 825 2171 potest,
849 2099 995 2172 quod
1025 2101 1166 2156 inter
1200 2098 1431 2170 Augusti
1453 2100 1688 2170 primum
1705 2098 1986 2156 exordium

419 2208 485 2248 ac
510 2208 697 2248 necem
731 2191 1030 2264 Cleopatra:
1057 2201 1398 2257 numeratur,
1435 2206 1705 2246 annorum
1736 2191 1822 2245 15.
1851 2188 1986 2244 Nam

417 2285 650 2354 Augusti
693 2284 980 2356 imperium
1012 2285 1178 2354 ctepit
1227 2299 1372 2338 anno
1421 2282 1586 2339 Urbis
1634 2283 1727 2336 711
1766 2299 1780 2334 :
1827 2281 1987 2351 cujus

418 2375 597 2432 Thoth
655 2377 910 2430 convenit
961 2376 1018 2430 in
1074 2375 1410 2445 Septembris
1475 2390 1555 2440 ιιι,
1606 2373 1816 2429 Nabon.
1861 2372 1986 2439 706,

417 2469 625 2540 periodi
658 2467 890 2524 Iuliana:
915 2468 1076 2523 4671.
1101 2466 1230 2524 lnde
1263 2467 1330 2524 ad
1355 2467 1530 2522 Thoth
1548 2471 1830 2524 Actiacum
1856 2469 1986 2522 anni

421 2559 582 2617 Urbis
611 2561 733 2627 724,
767 2561 896 2615 anni
945 2559 1185 2615 conlecti
1239 2568 1368 2616 sunt
1402 2561 1489 2615 15.
1529 2559 1707 2627 Quare
1737 2575 1768 2614 a
1805 2559 1986 2616 Thoth

418 2652 632 2722 imperii
662 2652 918 2724 Augusti,
967 2651 1033 2706 ad
1083 2648 1264 2706 Thoth
1322 2653 1516 2708 mortis
1558 2652 1825 2722 ejusdem,
1855 2652 1987 2706 anni

418 2749 548 2794 sunt
575 2739 884 2812 IEgyptiaci
917 2747 1194 2796 vertentes
1227 2739 1316 2796 56.
1374 2741 1692 2797 Panodorus
1736 2743 1989 2796 incarna-

418 2833 622 2887 tionem
668 2832 876 2886 Christi
902 2831 1225 2887 conl‘erebat
1263 2833 1320 2886 in
1367 2848 1493 2888 eum
1527 2848 1752 2897 annum,
1780 2834 1875 2902 qui
1904 2848 1991 2904 cy-

419 2925 565 2979 clum
609 2925 855 2978 lunarem
912 2923 1106 2980 habuit
1133 2925 1169 2979 2
1214 2939 1245 2978 a
1289 2923 1467 2979 Thoth
1517 2925 1906 2990 Alexandrino,
1942 2926 1989 2980 si

418 3015 582 3070 civile
617 3015 835 3070 initiutn
865 3018 1076 3088 cogites
1096 3059 1111 3084 ,
1144 3017 1224 3072 uti
1257 3017 1352 3072 lib.
1378 3015 1450 3071 1X
1479 3016 1556 3071 De
1591 3017 1835 3070 doctrina
1866 3026 1993 3071 tem-

417 3121 628 3175 porum,
659 3105 930 3176 capitelV
962 3106 1272 3162 docuimus.
1309 3105 1439 3160 Erat
1484 3122 1614 3178 ergo
1649 3107 1858 3178 periodi
1894 3105 1991 3161 Ju-

417 3198 580 3254 lianat
604 3198 764 3262 4715,
797 3199 853 3253 in
882 3214 1046 3270 quem
1088 3199 1328 3269 vulgaris
1359 3215 1577 3270 quoque
1609 3201 1808 3256 natalis
1842 3216 1992 3254 com-

418 3293 577 3364 petit,
608 3293 692 3348 vel
720 3293 882 3358 4714,
921 3293 969 3348 si
1008 3295 1260 3365 populari
1312 3295 1519 3365 epocha
1548 3310 1685 3350 usus
1709 3310 1826 3362 est;
1851 3311 1994 3351 anno

418 3382 788 3440 Nahouassari
833 3384 957 3439 748.
1011 3383 1251 3440 Proinde
1296 3401 1326 3439 a
1377 3385 1555 3441 Thoth
1606 3388 1733 3442 anni
1785 3386 1994 3441 Actiaci

421 3475 622 3545 primi,
657 3475 772 3530 sive
815 3472 1189 3530 Nabonassari
1223 3476 1344 3542 719,
1383 3477 1451 3533 ad
1491 3477 1670 3533 Thoth
1702 3478 1829 3531 anni
1869 3478 1991 3540 748,

422 3573 688 3636 putantur
719 3565 852 3620 anni
906 3567 1066 3622 solidi
1098 3567 1189 3633 29,
1219 3569 1294 3622 ita
1342 3577 1402 3623 ut
1460 3570 1736 3624 tricesimo
1774 3567 1995 3622 Actiaco

424 3658 653 3714 ineunte
704 3659 1032 3715 incarnatus
1079 3661 1152 3715 sit
1202 3659 1488 3715 Dominus.
1532 3661 1702 3729 Igitur
1740 3661 1809 3714 ah
1854 3675 1997 3714 anno

425 3748 800 3804 Nabonassari
830 3750 1056 3804 ineunte
1086 3751 1214 3813 425,
1238 3752 1356 3805 sive
1383 3765 1413 3803 a
1445 3749 1625 3803 Thoth
1651 3749 1905 3820 Philippi,
1929 3749 1996 3803 ad

427 3857 636 3896 annum
677 3841 958 3895 ineuntem
1013 3841 1114 3894 748
1158 3841 1549 3903 Nahonassari,
1603 3856 1711 3910 quo
1750 3841 1997 3896 Christus

427 3937 751 3989 incarnatus
800 3939 908 3997 est,
952 3933 1082 3987 anni
1115 3933 1384 4002 interjecti
1426 3941 1554 3989 sunt
1598 3934 1828 3990 absoluti
1863 3933 1994 4001 “525;

432 4025 509 4080 ita
541 4035 600 4080 ut
627 4040 770 4079 anno
802 4024 908 4080 524
933 4024 1002 4079 ab
1026 4025 1185 4079 initio
1221 4024 1454 4095 Philippi
1495 4025 1699 4080 Christi
1732 4025 1997 4098 ὲνανθρώ-

432 4136 599 4190 πησις
630 4117 907 4173 inciderit.
939 4116 1212 4173 Detractis
1237 4131 1370 4187 ergo
1400 4118 1562 4172 annis
1589 4117 1694 4172 524
1731 4117 1798 4173 de
1837 4117 1994 4183 5495,

431 4211 629 4281 reliqui
652 4194 781 4265 sunt
797 4208 972 4276 5169;
1001 4209 1247 4280 adeoque
1273 4224 1420 4264 anno
1453 4210 1594 4265 5170
1626 4211 1694 4264 ab
1735 4217 1998 4264 autumno

433 4294 692 4355 inchoato
734 4298 915 4354 Thoth
969 4298 1206 4372 Philippi
1234 4299 1460 4365 accidit,
1497 4309 1556 4354 ut
1601 4301 1793 4355 scribit
1833 4300 2000 4356 Geor-

432 4395 596 4465 gius:
628 4392 720 4463 qui
753 4400 808 4447 et
848 4391 1056 4448 frustra
1108 4390 1459 4448 Panodorum
1505 4391 1805 4460 redarguit,
1852 4389 1997 4461 quod

432 4485 671 4555 primunt
728 4481 940 4536 initium
1006 4482 1240 4552 Augusti
1303 4481 1537 4539 Caesaris
1581 4482 1808 4550 illigavit
1858 4496 2002 4535 anno
2033 4491 2078 4547 ι)

432 4573 623 4629 mundi
645 4572 807 4628 5451.
825 4571 885 4626 ld
907 4573 1052 4628 enim
1080 4581 1448 4629 consentanee
1474 4571 1603 4628 fecit
1632 4571 1946 4626 constituta:
1967 4585 1998 4624 a

435 4680 496 4723 se
515 4665 904 4736 chronologiie.
935 4663 1147 4718 Etenim
1176 4666 1414 4735 primum
1443 4663 1675 4736 Augusti
1706 4665 2001 4734 imperato-

435 4758 513 4812 ris
531 4758 814 4813 exordium
834 4758 902 4812 ab
919 4771 1064 4811 anno
1087 4759 1314 4814 deduxit
1345 4757 1554 4829 periodi
1575 4756 1808 4812 Iuliana:
1835 4755 2000 4819 4671,

436 4846 601 4905 Urbis
625 4850 859 4906 conditae
892 4849 1016 4922 711,
1041 4866 1071 4905 a
1112 4867 1222 4922 quo
1254 4852 1504 4921 plerique
1527 4851 1820 4921 imperium
1852 4849 2004 4903 illius

439 4942 700 5012 auspicati
727 4949 877 5008 sunt,
918 4921 980 4998 ἶιι
1009 4921 1174 5014 paulo
1207 4951 1334 4999 ante
1372 4943 1635 4998 diximus.
1661 4941 1780 4996 Jam
1803 4957 1933 4996 vero
1972 4957 2001 4995 a

439 5028 618 5084 Thoth
677 5029 939 5103 Philippi,
996 5035 1111 5090 sive
1165 5035 1234 5088 ab
1284 5049 1430 5089 anno
1477 5033 1847 5089 Nahonassari
1899 5033 2004 5089 425

441 5121 684 5188 ineunte,
737 5125 805 5179 ad
861 5127 1140 5184 ineuntem
1192 5143 1398 5182 annum
1443 5126 1654 5184 Nabon.
1709 5127 1832 5191 706,
1877 5126 2007 5180 anni

442 5222 572 5268 sunt
607 5224 907 5283 vertentes,
942 5227 997 5274 et
1043 5205 1237 5290 integri
1276 5219 1376 5275 281
1412 5235 1424 5270 :
1458 5220 1551 5290 qui
1580 5219 1749 5274 additi
1795 5218 1863 5273 ad
1909 5234 2007 5272 an-

442 5321 575 5360 num
597 5309 786 5362 mundi
813 5309 973 5377 5170,
1007 5311 1093 5365 cui
1116 5309 1164 5364 ’1⁸
1168 5312 1298 5365 both
1319 5311 1552 5380 Philippi
1571 5311 1849 5381 congruit,
1874 5326 2006 5365 con-

443 5396 639 5450 iiciunt
698 5411 904 5453 annum
951 5401 1139 5456 mundi
1187 5401 1346 5465 5451,
1399 5403 1636 5472 primum
1675 5401 2006 5456 monarchire

441 5489 694 5558 Augusti.
717 5489 923 5546 Exinde
954 5494 1112 5550 annis
1143 5492 1370 5564 adjectis
1399 5493 1465 5548 56
1491 5494 1704 5563 imperii
1735 5493 2002 5562 ejusdem,

446 5581 661 5636 exsistit
699 5597 876 5640 annus
905 5586 1094 5641 mundi
1123 5587 1283 5654 5507,
1316 5601 1424 5656 quo
1447 5586 1726 5656 Augustus
1749 5586 2005 5652 excessit,

446 5685 757 5737 quanquam
812 5673 1053 5730 nondum
1098 5677 1357 5732 inchoato
1393 5676 1554 5741 £507,
1599 5676 1693 5731 sed
1721 5676 1898 5730 adhuc
1931 5677 2010 5729 ia-

446 5757 608 5816 bentc
628 5765 766 5823 5306
798 5768 977 5838 periit.
1005 5766 1146 5836 Quin
1166 5771 1329 5826 etiam
1359 5785 1534 5826 canon
1577 5771 1667 5826 ille
1707 5771 2004 5824 mathemao

2086 1922 2507 1995 telligentiorem
2541 1921 2662 1990 ejus
2694 1921 3088 1992 reprehensore
3121 1917 3360 1988 Georgio
3380 1957 3395 1980 ,
3425 1914 3578 1986 cujus
3600 1916 3645 1968 in

2086 2015 2190 2070 hoc
2215 2029 2411 2085 genere
2438 2013 2650 2068 inﬁnita
2674 2021 2894 2084 peccata
2914 2022 3074 2077 sunt;
3095 2011 3188 2065 sed
3221 2011 3438 2065 nullum
3460 2010 3644 2078 majus,

2085 2122 2249 2178 quam
2276 2105 2422 2176 quod
2451 2121 2514 2161 ea
2534 2105 2792 2160 vellicare
2825 2103 3080 2170 instituit,
3111 2117 3236 2173 quae
3267 2118 3448 2172 neque
3479 2101 3645 2171 capie-

2085 2198 2178 2253 bat
2213 2199 2350 2268 ipse,
2377 2205 2432 2253 et
2467 2199 2535 2252 ab
2576 2198 2669 2252 illo
2703 2197 2846 2266 ipso,
2877 2211 3038 2266 quem
3073 2195 3410 2259 accusabat,
3447 2193 3644 2248 fuerant

2087 2289 2291 2358 scripta
2315 2297 2652 2345 constanter.

2169 2383 2265 2448 Ὠς
2286 2382 2351 2435 τὸ
2368 2382 2517 2450 πρὸς
2548 2382 2614 2435 τὸ
2629 2389 2724 2452 ml
2739 2383 2892 2448 ἔτος.
2919 2379 3045 2435 Haec
3072 2389 3202 2434 sunt
3222 2377 3508 2433 mendosa.
3525 2374 3642 2429 Nam

2088 2475 2266 2529 dicere
2298 2473 2515 2528 videtur
2542 2474 2820 2528 Christum
2850 2473 2905 2527 in
2954 2471 3224 2526 mundum
3262 2467 3485 2524 venisse
3519 2483 3643 2521 anno

2087 2565 2319 2635 Augusti
2340 2579 2506 2631 thtt;
2540 2574 2594 2619 et
2625 2563 2764 2618 idem
2799 2571 2980 2616 tamen
3019 2569 3129 2617 tres
3159 2561 3288 2614 illus
3335 2568 3390 2614 et
3425 2559 3643 2628 quadra-

2089 2657 2237 2728 ginta
2267 2671 2442 2711 annos
2487 2670 2518 2708 a
2555 2664 2731 2709 morte
2769 2654 3066 2724 Cleopatra:
3097 2651 3163 2704 ad
3189 2650 3426 2720 Augusti
3459 2650 3644 2704 obitum

2089 2746 2352 2801 extendit.
2388 2745 2698 2816 Utrumque
2728 2759 2918 2799 verum
2949 2751 3070 2808 est;
3117 2749 3171 2796 et
3215 2756 3246 2794 a
3282 2741 3466 2811 primo
3508 2740 3645 2795 initio

2088 2837 2324 2893 Carsaris
2364 2837 2599 2909 Augusti
2647 2835 2716 2890 ad
2771 2833 3168 2889 lncarnationis
3219 2849 3466 2898 annum,
3504 2848 3645 2903 quem

2089 2925 2411 2982 Panodorus
2444 2925 2754 2988 constituit,
2791 2939 2966 2980 annos
3004 2938 3127 2979 esse
3158 2939 3334 2988 thtt;
3377 2931 3434 2977 et
3467 2939 3496 2975 a
3531 2938 3648 2976 nece

2089 3019 2392 3088 Cleopatrae
2422 3017 2648 3072 totidem
2704 3015 2773 3069 ad
2816 3029 3105 3069 excessum
3151 3012 3416 3083 Augusti.
3453 3011 3648 3065 Etenim

2093 3124 2237 3163 anno
2266 3109 2427 3164 tertio
2454 3107 2693 3174 Juliano,
2713 3106 2920 3178 periodi
2948 3105 3180 3160 Julianaa
3205 3105 3376 3170 4671,
3405 3107 3650 3175 imperare

2094 3203 2258 3271 carpit
2301 3201 2602 3272 Augustus,
2650 3215 2716 3254 ex
2757 3199 3014 3269 opinione
3069 3196 3374 3252 Panodori.
3418 3196 3652 3252 Christus

2094 3296 2412 3352 incarnatus
2434 3301 2519 3350 est
2543 3308 2688 3348 anno
2717 3290 2937 3346 Juliano
2970 3306 3120 3347 vat.
3151 3289 3403 3360 Demptis
3435 3289 3650 3348 duobus.

2095 3389 2340 3458 reliquus
2373 3394 2456 3443 est
2505 3402 2680 3441 annus
2709 3400 2836 3439 thv
2879 3383 2948 3438 ab
2991 3382 3151 3437 initio
3194 3381 3434 3452 Augusti
3476 3400 3489 3435 :
3523 3381 3652 3449 quia

2094 3480 2274 3534 Thoth
2305 3478 2432 3533 anni
2482 3475 2684 3532 Juliani
2728 3491 2872 3538 val,
2899 3474 3109 3546 periodi
3149 3471 3392 3527 Iuliana:
3425 3472 3560 3526 4714
3591 3474 3656 3524 in-

2095 3573 2345 3626 choatur.
2403 3570 2644 3624 Labente
2697 3568 2884 3638 itaque
2939 3582 3067 3620 thtt
3126 3566 3371 3620 Caesaris
3417 3567 3652 3635 Augusti,

2096 3673 2282 3713 mense
2304 3656 2497 3712 Martio
2523 3657 2752 3728 contigit
2789 3652 3228 3728 ἐνανΘρώπησις.
3263 3653 3488 3709 Rursus
3533 3654 3654 3708 obiit

2097 3749 2374 3818 Augustus
2405 3764 2545 3803 anno
2566 3747 2782 3802 Juliano
2803 3764 2912 3812 ιιι,
2939 3746 3176 3818 Augusti
3197 3749 3411 3803 mensis
3433 3763 3544 3809 xix,
3574 3761 3654 3816 pe-

2097 3841 2237 3895 riodi
2263 3840 2494 3897 Iuliana:
2542 3840 2703 3896 4727.
2743 3839 3096 3896 intervallum
3137 3840 3210 3895 ab
3270 3856 3422 3896 anno
3461 3839 3658 3896 Juliano

2097 3947 2207 3996 xw,
2229 3949 2339 4002 quo
2365 3934 2573 4004 primus
2602 3933 2859 3988 Actiacus
2886 3933 3074 4003 coepit,
3111 3931 3183 3986 ad
3235 3948 3352 3996 ιιι,
3383 3941 3512 3989 sunt
3550 3934 3656 3986 anui

2098 4040 2249 4080 thtt.
2279 4025 2426 4080 Obiit
2458 4026 2626 4097 igitur
2647 4025 2926 4097 Augustus
2954 4033 3193 4080 exeunte
3217 4040 3372 4080 anno
3414 4041 3545 4080 thtt
3569 4025 3658 4077 ἀπὺ

2098 4119 2198 4188 τῆς
2232 4118 2601 4189 καθαιρέσεως
2631 4118 2949 4188 Cleopatrae,
2992 4117 3096 4171 hoc
3135 4122 3222 4170 est
3268 4114 3456 4171 Thoth
3490 4117 3658 4171 mortis

2099 4209 2330 4280 Augusti
2356 4211 2376 4264 l
2379 4213 2454 4265 uit
2473 4210 2923 4282 quadragesimus
2939 4217 3172 4279 quartus
3193 4223 3224 4261 a
3237 4206 3424 4264 Thoth
3441 4210 3656 4262 Actiaco.

2103 4299 2229 4356 Haec
2259 4319 2386 4357 vera
2423 4311 2571 4360 sunt.
2603 4302 2712 4359 Sed
2749 4301 3016 4373 Georgius
3065 4305 3332 4372 perplexe
3368 4311 3425 4357 et
3455 4302 3660 4358 obscure

2104 4392 2364 4464 loquitur.

2715 4506 2942 4566 CAPUT
2983 4505 3051 4562 ν.

2106 4601 2184 4656 De
2213 4601 2519 4657 ercorum
2547 4608 2905 4669 computorum
2932 4599 3130 4668 epocha
3165 4601 3221 4654 in
3244 4618 3408 4669 panno
3441 4602 3658 4660 Juliano,
3682 4587 3690 4601 ’

2180 4673 2341 4742 deque
2400 4668 2668 4742 cydarum
2709 4672 2764 4724 in
2797 4671 2861 4724 iis
2911 4671 3176 4725 methodo.
3230 4668 3510 4726 Maximus
3559 4674 3663 4725 illa-

2179 4751 2406 4796 stratur.

2177 4853 2367 4909 Civilis
2389 4853 3128 4924 Constantinopolitanorum
3146 4867 3336 4908 annus
3368 4868 3398 4907 a
3431 4852 3662 4907 Kalendis

2112 4944 2451 5014 Septembris
2507 4944 2803 5015 incipiebat
2857 4959 2964 4998 una
3017 4958 3145 4998 cum
3193 4944 3525 5003 indictione.
3558 4943 3665 4997 lude

2111 5039 2278 5107 igitur
2308 5037 2442 5093 solis
2468 5051 2532 5089 ac
2553 5036 2696 5090 lunae
2720 5035 2903 5106 eyclos
2934 5051 3032 5104 par
3053 5042 3174 5089 erat
3196 5035 3470 5107 incipere,
3498 5050 3666 5106 quent-

2111 5129 2404 5184 admodum
2435 5127 2812 5191 Alexandrini,
2843 5127 2936 5197 qui
2978 5126 3162 5182 triduo
3229 5135 3364 5183 ante
3416 5125 3667 5198 popularis

2112 5222 2239 5274 anni
2266 5222 2595 5292 principium
2624 5219 2916 5283 habebant,
2948 5218 3191 5274 indidem
3210 5229 3266 5274 et
3296 5219 3484 5290 cyclos
3509 5216 3666 5270 ordie-

2112 5311 2334 5366 bantur.
2372 5311 2478 5367 Sed
2516 5327 2642 5366 cum
2694 5310 2924 5366 Romani
2978 5311 3110 5365 anni
3162 5311 3543 5382 descriptione
3586 5304 3669 5359 Ilo-

2115 5406 2398 5474 manisque
2435 5405 2716 5461 mensibus
2748 5410 3052 5467 uterentur,
3084 5401 3236 5457 illius
3269 5404 3442 5458 etiam
3477 5401 3666 5456 initium

2113 5497 2283 5552 Graeci
2305 5512 2694 5566 nonnunquam
2714 5495 3100 5550 adhibuerunt.
3118 5493 3260 5549 Tum
3281 5495 3432 5565 quod
3461 5491 3667 5548 Pascha-

2114 5588 2183 5640 tis
2215 5601 2381 5642 causa
2408 5587 2548 5657 cycli
2595 5601 2626 5638 a
2655 5584 2985 5640 Christianis
3027 5586 3304 5655 assumpti
3352 5595 3525 5639 sunt:
3551 5577 3668 5651 ῳιοὶ

2115 5676 2313 5731 festum
2359 5693 2529 5732 verno
2575 5685 2817 5746 tempore
2865 5677 3210 5741 celebratur;
3260 5677 3398 5731 hinc
3459 5676 3666 5747 plerian

2117 5783 2226 5823 non
2249 5769 2410 5824 modo
2442 5769 2740 5839 cyclorunt,
2773 5768 2867 5824 sed
2914 5776 2968 5823 et
3011 5770 3143 5822 anni
3193 5770 3382 5839 ipsius
3416 5766 3666 5826 exordium
