3808 6312
93 267 229 320 1117

1069 253 1520 314 DISSERTATIO
1553 252 1640 306 DE
1676 249 2084 307 ϐΙίᾸΞΕΟΒυΜ
2125 247 2328 302 :ERIS.

3188 239 3317 302 1418

91 384 144 435 in
189 393 360 433 verno
409 391 595 430 mense
647 377 990 437 statuerunt;
1049 370 1221 439 Aprili
1267 368 1516 421 videlicet
1565 375 1657 419 aut
1689 377 1732 430 Α
1762 367 1970 420 scitur:
2000 364 2089 419 ubi
2115 373 2223 416 tam
2253 364 2492 416 lunarem
2525 377 2750 424 annum,
2787 376 2848 414 ac
2890 361 3123 431 cyclum,
3157 378 3318 431 quam

91 471 305 526 Martio.

158 563 294 629 Quze
330 568 408 615 tot
452 559 728 612 initiorum
763 557 1000 611 varietas
1043 557 1195 624 prius
1238 553 1538 620 scriptores
1573 553 1658 619 ip-

90 670 202 717 sos,
227 668 388 722 qttam
413 665 601 705 eorum
627 651 879 708 lectores,
913 646 1224 700 admirabili
1249 643 1662 714 perturbatione

90 745 361 800 confudit.
390 741 523 795 Nam
550 742 658 795 duo
687 740 1007 808 plerumque
1033 737 1252 791 diversa
1291 749 1581 796 annorum,
1609 740 1663 787 et

90 839 371 908 cyclorum
419 831 687 902 principia
743 830 974 884 miscent
1023 829 1302 881 invicem:
1337 842 1438 880 nec
1489 825 1558 878 ad
1610 825 1664 879 id

91 927 236 998 quod
261 927 431 982 semel
465 923 697 992 amplexi
732 930 882 982 sunt,
913 927 1232 975 constanter
1255 917 1661 970 adltmreseunt.

93 1025 315 1074 Annum
345 1033 473 1072 ecce
516 1017 609 1070 alii
658 1015 727 1069 ab
761 1011 1062 1080 Septembri
1107 1011 1193 1065 vel
1254 1007 1481 1062 Octobri
1528 1007 1666 1060 inci-

94 1112 290 1180 piunt;
335 1109 517 1180 cyclos
549 1113 732 1159 autem
787 1104 919 1159 solis
953 1117 1017 1156 ac
1049 1103 1194 1155 lunae
1232 1099 1300 1152 ab
1338 1097 1532 1150 Martio
1580 1096 1668 1149 vel

94 1204 290 1274 Aprili.
320 1201 558 1268 Quidam
589 1199 805 1269 cyclum
838 1197 971 1251 solis
989 1196 1056 1248 ab
1083 1192 1342 1258 Octobri;
1378 1191 1519 1244 lunae
1539 1205 1668 1244 vero

95 1297 162 1350 ab
199 1308 372 1348 verno
421 1307 609 1346 mense
647 1296 954 1357 cmperunt.
985 1285 1181 1340 Plures
1217 1298 1420 1337 annum
1451 1281 1666 1336 civilem

95 1405 124 1441 a
159 1384 502 1458 Septembri;
527 1382 961 1438 ecclesiasticum
979 1379 1047 1434 ab
1079 1377 1254 1448 Aprili
1286 1375 1558 1446 proﬁcisci
1577 1375 1669 1445 ju-

98 1479 259 1545 bent;
286 1478 435 1532 hunc
469 1476 634 1532 etiam
676 1474 842 1544 aliqui
873 1471 1067 1526 Martio
1099 1470 1168 1524 ab
1212 1482 1422 1532 mense,
1457 1475 1512 1521 et
1548 1467 1668 1535 ejus

97 1579 251 1626 certa
283 1569 372 1624 die
401 1574 673 1638 repetunt.

164 1659 240 1714 Ea
277 1659 518 1714 methodi
545 1659 852 1714 obscuritas
875 1663 928 1712 et
956 1654 1210 1711 confusio
1236 1654 1360 1708 luce
1390 1659 1449 1706 ut
1483 1649 1665 1718 aliqua

97 1765 302 1809 nostra:
323 1753 710 1822 disputationis
733 1752 1062 1814 illustretur,
1087 1749 1154 1804 de
1185 1747 1417 1818 singulis
1445 1744 1666 1800 ϐιαιω-
1697 1721 1742 1781 Β

99 1863 219 1901 rum
257 1845 535 1914 computis
569 1843 762 1896 ordine
794 1841 1083 1895 dicendum
1112 1839 1238 1903 erit,
1272 1847 1328 1892 et
1354 1838 1448 1906 qui
1476 1836 1670 1890 unius-

98 1943 370 2011 cujusque
411 1937 661 1993 tradendi
715 1935 992 2007 principes
1041 1932 1284 1992 fuerunt,
1323 1945 1514 1985 eorum
1546 1943 1672 1998 per-

101 2031 424 2103 vestiganda
458 2031 727 2085 sententia
744 2034 848 2090 est,
882 2035 960 2089 ut,
983 2021 1439 2094 quemadmodum
1471 2020 1540 2073 ab
1564 2018 1671 2072 illis

101 2122 388 2178 constituti
424 2121 561 2191 cycli
597 2117 834 2180 fuerint;
865 2126 919 2170 et
959 2129 1069 2185 quo
1106 2121 1265 2182 pacto
1315 2125 1438 2164 cum
1474 2107 1674 2163 Roma-

100 2215 184 2268 nis
213 2210 601 2276 consentiaut;
641 2223 705 2261 ac
731 2208 874 2277 quod
902 2205 1031 2259 anui
1053 2205 1290 2273 denique
1313 2201 1671 2272 primordium

100 2307 369 2376 ceperint,
395 2311 542 2357 certa
567 2301 774 2354 ratione
803 2298 1128 2353 declaretur.
1161 2296 1207 2349 A
1239 2295 1478 2348 Maximo
1508 2293 1675 2363 igitur

103 2395 479 2467 incipiendum
510 2393 637 2455 erit,
659 2393 750 2462 qui
789 2401 840 2445 et
875 2390 1152 2459 antiquior
1181 2396 1367 2452 est,et
1403 2386 1674 2456 antiquio-

103 2487 177 2540 ris
217 2485 548 2540 observator
602 2496 746 2545 azrre,
811 2483 973 2549 cujus
1025 2479 1093 2533 de
1130 2492 1274 2550 anno
1321 2476 1588 2546 primum,
1622 2484 1676 2530 et

103 2579 230 2633 anni
262 2575 476 2647 epocha
507 2581 832 2630 statuemus.
1181 2551 1186 2562 ’

171 2667 608 2724 Alexandrinum
641 2672 956 2733 computum
1012 2663 1065 2716 in
1121 2659 1372 2716 Paschali
1418 2675 1517 2715 sua
1557 2675 1675 2714 me-

103 2764 270 2819 thodo
319 2772 510 2816 tenere
557 2776 616 2813 se
663 2757 934 2812 Maximus
987 2755 1228 2810 ostendit
1254 2754 1428 2824 capite
1454 2748 1674 2819 XXXII,

103 2873 227 2912 cum
285 2869 494 2909 annum
556 2851 953 2907 Incaruationis
989 2865 1053 2904 ac
1105 2848 1301 2903 natalis
1359 2846 1563 2902 Christi
1601 2845 1678 2898 ait

105 2948 276 3004 fuisse
330 2945 523 3000 mundi
555 2943 714 3008 5501,
755 2943 1043 3013 scripsisse
1083 2957 1210 2996 vero
1246 2955 1306 2995 se
1335 2953 1479 2993 anno
1515 2938 1676 3002 6155,

1760 460 1993 513 solarem
2022 473 2052 510 a
2079 471 2248 510 verno
2278 470 2461 509 mense
2484 455 2703 524 incipit;
2734 454 2884 508 illum
2906 453 3124 523 quidem
3155 455 3223 509 ab
3255 455 3320 507 iis

1759 551 1973 614 diebus,
2007 548 2209 618 quibus
2248 546 2388 600 aflixi
2441 557 2569 601 sunt
2617 547 2769 600 aurei
2803 546 3048 610 numeri;
3087 546 3318 598 solarem

1763 655 1942 701 autem
1994 645 2062 698 ab
2086 643 2456 713 aequinoctiali
2507 657 2716 696 mense.
2748 639 2880 696 Item
2917 641 3096 710 capite
3128 635 3318 702 XXIII,

1762 740 1974 810 cyclum
1999 738 2132 792 solis
2160 753 2352 798 xxviii,
2389 745 2442 788 et
2465 737 2606 788 lunae
2637 750 2748 798 xiv,
2780 733 2952 803 Aprili
2978 747 3041 785 ac
3067 729 3322 784 Pasehati

1764 830 1892 882 anni
1912 830 2030 898 ejus
2058 831 2309 898 imputat,
2336 826 2426 896 qui
2453 825 2661 880 Pascha
2683 824 2810 878 anni
2833 822 2973 877 6155
2993 821 3321 887 antecessit;

1765 923 1921 990 cujus
1961 923 2146 992 cyclus
2189 927 2306 974 erat
2337 919 2532 974 solaris
2564 935 2600 984 ι,
2634 918 2842 971 lunaris
2893 931 3002 981 xv;
3023 930 3131 985 quo
3159 915 3324 969 etiam

1765 1015 1944 1084 capite
1975 1013 2187 1083 cyclum
2224 1012 2355 1066 solis
2379 1027 2547 1064 xxvut
2572 1025 2601 1063 a
2631 1009 2888 1064 Kalendis
2922 1007 3123 1078 Aprilis
3166 1021 3327 1060 orsus

1766 1115 1868 1161 est.
1906 1105 2056 1160 Unde
2087 1113 2308 1174 epactas
2342 1104 2474 1158 solis
2517 1101 2707 1157 feriam
2763 1101 2908 1154 illam
2951 1115 3073 1154 esse
3114 1097 3324 1162 definit,

1767 1215 1887 1270 qua:
1916 1210 1999 1254 εει
2032 1197 2208 1252 Martii
2236 1212 2390 1260 χχχι,
2435 1197 2578 1250 sicut
2604 1204 2821 1265 epactas
2853 1195 3091 1256 lunares,
3116 1197 3328 1243 aetatem

1769 1295 1909 1348 lunae
1940 1295 1993 1348 in
2019 1293 2208 1348 eodem
2238 1293 2343 1346 die.
2380 1289 2456 1343 Ex
2487 1304 2594 1360 quo
2647 1287 2896 1357 sequitur
2927 1285 3052 1338 anni
3096 1283 3330 1352 primor-

1767 1384 1918 1438 dium
1937 1383 1990 1437 in
2015 1381 2284 1436 Kalendas
2306 1380 2529 1451 Aprilis,
2557 1379 2625 1434 ab
2652 1379 2744 1432 illo
2777 1377 3055 1432 constitui.
3089 1373 3332 1444 Duplici-

1768 1485 1852 1531 ter
1868 1477 2048 1545 itaque
2065 1491 2266 1529 annum
2293 1489 2450 1528 suutn
2479 1473 2798 1542 auspicatur
2815 1468 3082 1522 Maximus
3103 1508 3116 1530 ,
3137 1476 3332 1542 nempe

1769 1583 1798 1621 a
1833 1567 2092 1622 Kalendis
2136 1567 2338 1636 Aprilis
2361 1605 2375 1628 ,
2416 1574 2469 1620 et
2504 1581 2533 1618 a
2571 1562 2855 1618 neomenia
2901 1559 3150 1616 Paschali
3184 1575 3198 1609 :
3231 1573 3333 1611 cu-

1766 1660 2005 1730 jusmodi
2033 1661 2087 1713 in
2125 1660 2330 1715 nostris
2362 1668 2596 1729 quoque,
2631 1659 2683 1711 id
2715 1666 2797 1714 est
2833 1655 3066 1722 Latinis,
3093 1651 3333 1722 computi

1773 1752 2570 1823 scriptoribusinconstantiam
2593 1750 3079 1806 animadvertimus
3104 1747 3243 1800 libro
3266 1743 3334 1799 Vl

1772 1843 1849 1898 De
1874 1843 2115 1896 doctrina
2137 1852 2425 1911 temporum
2445 1857 2587 1912 quae,
2605 1843 2732 1912 quia
2762 1842 3014 1910 perlevis,
3041 1839 3197 1894 facile
3223 1838 3338 1892 dis-

1773 1937 2093 2003 simulatur;
2147 1935 2274 1989 dum
2319 1936 2449 1989 illud
2493 1942 2726 1997 constet,
2773 1951 2940 1988 verno
2987 1949 3194 1994 mense,
3227 1948 3336 1985 non

1773 2029 2075 2084 autumnali
2111 2045 2380 2084 annorum
2423 2043 2645 2084 suorum
2680 2027 2914 2098 epochas
2945 2025 3130 2082 fixisse
3167 2024 3338 2078 Maxi-

1772 2138 1942 2177 mum.

1843 2215 1979 2268 Cum
2013 2213 2130 2267 haec
2166 2211 2610 2282 exploratissima
2657 2211 2801 2276 sint,
2835 2218 3017 2264 tamen
3051 2225 3116 2263 ex
3148 2207 3340 2262 eodem

1775 2307 1992 2362 Maximi
2047 2313 2305 2376 computo
2332 2305 2565 2360 diﬂicilis
2607 2305 2787 2359 nodus
2827 2303 3089 2358 occurrit.
3130 2301 3341 2372 Quippe

1775 2413 1976 2454 annum
2022 2397 2183 2462 6155,
2217 2405 2270 2452 ct
2319 2396 2671 2451 indictionem
2738 2410 2828 2448 xlv
2881 2393 3161 2463 componit
3213 2406 3339 2446 cum

1777 2506 1921 2546 anno
1957 2503 2084 2544 χχχι
2134 2488 2394 2550 Heraclii,
2422 2487 2667 2556 adeoque
2690 2501 2812 2540 cum
2849 2485 3003 2555 cyclo
3031 2482 3163 2538 solis
3197 2497 3233 2547 ι,
3258 2482 3342 2535 Ιιι-

1777 2596 1861 2636 me
1886 2597 1977 2634 xv.
2012 2579 2174 2648 Atqui
2209 2593 2386 2632 annus
2413 2593 2552 2630 χχχι⁶
2583 2575 2816 2630 IIcraclii
2839 2575 3051 2644 emptus
3075 2580 3159 2627 est
3181 2570 3330 2625 Octo-

1779 2672 1861 2727 bri
1893 2672 2020 2725 anni
2043 2669 2247 2724 Christi
2293 2683 2434 2723 iacx.
2487 2666 2732 2721 Mortuus
2774 2671 2859 2719 est
2901 2678 3032 2717 vero
3077 2660 3254 2715 Martii
3285 2677 3340 2713 xt

1778 2764 1908 2818 anni
1961 2777 2158 2817 tacxu.
2204 2761 2262 2815 Si
2295 2776 2472 2815 annus
2519 2758 2711 2813 mttndi
2757 2757 2896 2812 6155
2927 2755 2994 2809 ab
3021 2755 3214 2824 Aprili,
3246 2765 3343 2811 aut

1778 2857 2064 2912 neomenia
2112 2855 2364 2911 Paschali
2395 2861 2614 2924 caperet
2643 2852 2928 2906 exordium
2951 2892 2966 2917 ,
3008 2866 3117 2905 non
3150 2851 3341 2919 utique

1780 2948 1919 3003 6155
1964 2962 2165 3002 annum
2207 2947 2476 3015 attigisset
2509 2942 2861 3012 ﬁleraclius:
2906 2942 3342 3015 quandoquidem

107 3039 344 3096 Hei-aelii
378 3049 506 3092 χχχι
531 3053 649 3107 cap.
689 3035 835 3089 XVII
869 3036 1176 3128 significat;
1213 3033 1372 3128 cujus
1403 3032 1532 3086 anni
1559 3047 1680 3102 pas-
1706 3071 1748 3128 ο
1781 3040 2067 3096 neomenia
2098 3038 2380 3093 Paschalis
2409 3053 2554 3090 anno
2588 3039 2693 3093 isto
2733 3036 2959 3106 contigit
2997 3034 3174 3090 Martii
3215 3052 3344 3102 xxx;

106 3137 207 3189 sim
239 3131 498 3200 exemplo
529 3131 719 3183 utitur.
769 3129 960 3182 Annus
1010 3127 1220 3198 primus
1251 3124 1483 3180 Heraclii
1516 3125 1681 3193 coepit

105 3224 334 3279 Octobri
369 3236 556 3276 mense
591 3218 720 3274 anni
766 3234 888 3272 tera:
913 3217 1242 3272 Christiana:
1284 3231 1425 3280 wex,
1470 3214 1681 3269 tricesi-

106 3331 230 3371 mus
253 3329 388 3369 vero
418 3313 624 3382 primus
655 3326 799 3364 anno
830 3325 1011 3369 lDCXL,
1046 3309 1339 3363 indictione
1366 3307 1683 3362 Constanti-

108 3406 432 3477 nOpolitana
463 3420 550 3456 xiv
579 3410 703 3473 post
752 3401 1142 3472 Septembrem,
1189 3401 1344 3471 cyclo
1387 3401 1532 3454 luna:
1566 3415 1680 3462 xiv,

107 3500 245 3554 solis
263 3514 317 3563 v,
363 3497 546 3549 littera
593 3494 804 3549 Domin.
834 3493 942 3548 BA.
983 3492 1132 3546 Ilanc
1159 3507 1322 3562 porro
1367 3489 1683 3544 methodum

109 3593 240 3646 anni
268 3589 356 3645 sui
405 3587 576 3641 tradit
605 3588 782 3656 capite
809 3584 975 3650 XVII,
1009 3593 1066 3639 ut
1101 3585 1276 3640 divisa
1325 3598 1541 3639 summa
1585 3597 1684 3652 per

108 3699 306 3745 xxviii,
340 3680 388 3735 si
429 3678 558 3749 quid
609 3677 888 3732 residuum
919 3678 1020 3741 sit,
1059 3692 1158 3746 pro
1188 3679 1304 3731 sola
1320 3675 1368 3730 ri
1412 3675 1566 3745 cyclo
1595 3689 1688 3728 ca-

109 3777 340 3844 piatur:
384 3781 479 3826 aut
521 3773 567 3826 si
620 3771 753 3824 nihil
804 3778 991 3835 restet,
1047 3771 1256 3840 integer
1303 3770 1418 3839 ipse
1471 3768 1683 3840 cyclus.

111 3867 259 3922 Idem
303 3875 360 3920 et
406 3865 462 3918 in
496 3863 692 3925 lunari,
743 3871 903 3932 atque
935 3862 1232 3917 indictione
1273 3861 1542 3931 pra-cipit.
1572 3859 1685 3914 Hoc

113 3957 279 4012 modo
311 3957 508 4010 divisis
532 3954 690 4009 annis
719 3954 879 4017 6155,
923 3961 1111 4024 cyclus
1161 3953 1497 4022 relinquetur
1553 3951 1686 4006 solis

110 4067 150 4114 I,
182 4051 328 4104 luna:
360 4064 465 4112 xv,
495 4045 807 4100 indictionis
851 4061 971 4098 xm.
1011 4043 1199 4099 Restat
1242 4043 1374 4096 illud
1413 4043 1689 4112 inquiren-

109 4139 512 4211 dum;ecquid
570 4154 746 4193 annus
799 4139 886 4192 ille
935 4137 1074 4192 6l55
1122 4152 1154 4190 a
1205 4136 1513 4208 Septembri
1559 4139 1686 4189 anni

107 4237 317 4292 Christi
345 4245 524 4300 Iacxt,
554 4249 624 4288 an
656 4249 687 4286 a
718 4231 966 4288 Paschali
997 4246 1183 4287 mense
1222 4230 1350 4285 anni
1390 4245 1570 4285 tacxm
1605 4229 1690 4282 in-

109 4331 304 4400 cipiat.

1784 3139 1977 3201 qnarta
2005 3127 2213 3183 decima
2245 3127 2522 3183 Paschalis
2539 3126 2794 3182 Kalendis
2818 3127 3114 3196 Aprilibus,
3149 3128 3282 3182 feria
3308 3143 3345 3182 ι.

1786 3221 1942 3277 Unde
1963 3221 2174 3277 Pascha
2206 3221 2260 3274 in
2282 3221 2484 3290 Aprilis
2515 3237 2609 3274 vm
2634 3219 2989 3284 diffunditur;
3020 3222 3173 3291 cyclo
3203 3221 3345 3276 lUIIlP

1785 3323 1895 3369 tam
1922 3313 2172 3370 Romano
2202 3329 2362 3383 quam
2405 3313 3012 3382 Constantinopolitano
3049 3332 3150 3382 xv;
3195 3318 3346 3387 cyclo

1784 3419 1916 3460 vero
1971 3404 2104 3460 solis
2142 3421 2158 3458 ι
2198 3402 2824 3474 Constantinopolitano,
2853 3403 3101 3458 Romano
3151 3421 3223 3471 vt,
3263 3407 3344 3461 lit-

1785 3503 1901 3551 tera
1929 3494 1995 3561 (ἶ,
2029 3496 2172 3566 quod
2198 3494 2464 3548 Maximus
2498 3510 2617 3564 cap.
2653 3493 2772 3547 XIX
2801 3495 3005 3550 diserte
3027 3497 3244 3551 astruit.

1859 3587 1973 3642 Hoc
2008 3604 2115 3643 non
2170 3588 2275 3640 alia
2304 3587 2516 3640 ratione
2571 3586 2797 3643 dissolvi
2845 3597 3025 3658 potest
3069 3606 3231 3660 quam
3288 3601 3349 3646 ea

1789 3695 1910 3749 qua:
1939 3677 2009 3732 IX
2049 3677 2128 3732 De
2151 3678 2396 3732 doctrina
2432 3687 2724 3748 temporum
2769 3679 2932 3733 allata
2969 3689 3076 3745 est,
3105 3692 3223 3751 cap.
3261 3676 3349 3747 Ill,

1789 3771 1880 3824 ubi
1911 3770 2208 3824 Maximum
2252 3769 2592 3825 oswndimus
2623 3769 2895 3839 duplicem
2936 3773 3196 3842 epocham
3223 3775 3350 3827 anni

1789 3862 1965 3917 civilis
2019 3871 2072 3917 et
2099 3861 2458 3916 ecclesiastici
2492 3861 2810 3918 confudisse
2841 3881 2856 3918 :
2888 3876 3121 3934 quarum
3166 3867 3256 3920 illa
3284 3868 3352 3921 ab

1793 3951 2099 4024 Septembri
2147 3954 2474 4021 procedebat
2515 3973 2527 4007 :
2576 3954 2692 4009 haec
2729 3956 2798 4008 ab
2827 3955 3020 4025 Aprili,
3054 3967 3147 4012 aut
3189 3977 3353 4017 verno

1790 4058 1995 4098 mense.
2021 4041 2258 4096 Proinde
2294 4042 2433 4096 6155
2460 4059 2662 4096 annum
2699 4044 2913 4100 civilem
2937 4047 3071 4102 alias
3096 4065 3219 4102 cum
3252 4051 3352 4104 lle-

1790 4136 1946 4190 raclii
1964 4147 2106 4188 anno
2135 4150 2284 4196 xxxi,
2313 4143 2366 4188 et
2393 4134 2691 4188 indictione
2715 4151 2806 4187 xiv
2829 4139 3162 4204 compararit
3183 4157 3196 4205 ;
3219 4141 3352 4198 alias

1789 4229 2040 4284 eumdem
2077 4241 2278 4280 annum
2303 4227 2518 4280 distulit
2548 4227 2601 4280 in
2630 4224 2946 4284 Paschaletn
2969 4246 3233 4298 mensem,
3259 4251 3351 4290 ec-

1792 4321 2102 4377 clesiastico
2136 4335 2268 4374 usus
2293 4319 2540 4374 exordio.

182 4413 345 4482 Quod
370 4413 538 4484 igitur
565 4427 908 4481 nequaquam
939 4428 968 4465 a
997 4411 1303 4483 Septembri
1343 4426 1518 4468 annos
1551 4427 1683 4468 Suos
1721 4417 1765 4472 D
1863 4415 2003 4468 Ante
2035 4412 2326 4466 Maximum
2369 4412 2690 4471 Panodorus
2729 4432 2903 4474 annos
2948 4435 3078 4477 suos
3124 4439 3155 4475 a
3191 4432 3357 4482 verno

108 4508 184 4562 sit
230 4520 488 4568 exorsus,
520 4520 587 4558 ex
622 4504 814 4559 XXXII
844 4507 1020 4576 capite
1069 4507 1320 4562 concludi
1370 4516 1568 4578 potest.
1615 4509 1688 4562 lbi

106 4599 262 4652 enim
288 4599 342 4652 in
369 4596 620 4651 eumdem
655 4612 855 4652 annum
890 4597 1074 4652 mundi
1093 4599 1345 4654 Martium
1375 4614 1440 4653 ac
1466 4598 1690 4654 Decem-

105 4692 269 4744 brem
304 4688 554 4756 conjicit,
597 4704 787 4758 nempe
836 4690 995 4753 5301,
1049 4707 1157 4760 quo
1200 4698 1253 4746 et
1305 4689 1498 4745 feriam
1536 4708 1568 4744 u
1615 4691 1691 4742 ait

108 4782 291 4837 fuisse
347 4780 529 4834 Martii
585 4797 711 4846 xxv,
768 4791 822 4836 et
879 4791 1131 4852 quartam
1190 4781 1508 4838 Decembris
1560 4799 1688 4838 xxv.

104 4876 278 4930 Certe
293 4871 564 4942 Georgius
590 4871 897 4943 Syncellus,
920 4874 1013 4942 qui
1043 4875 1289 4929 eamdem
1314 4890 1481 4929 teram
1502 4873 1692 4943 expri-

102 4967 236 5026 mit,
293 4977 470 5016 annos
529 4979 660 5017 suos
718 4977 884 5017 aXxv
932 4963 1110 5017 Martii
1165 4965 1522 5034 incipit;nec
1583 4979 1693 5017 non

100 5056 548 5112 Alexandrinum
568 5054 876 5109 Chronicon
897 5073 910 5122 ;
929 5056 1031 5111 etsi
1051 5057 1325 5112 interdum
1350 5057 1506 5110 aliter
1536 5071 1695 5110 usur-

101 5160 227 5220 pat,
263 5149 331 5203 de
364 5162 475 5217 quo
512 5147 632 5200 vide
662 5163 782 5216 cap.
808 5145 896 5212 III,
926 5148 1020 5202 lib.
1054 5146 1130 5200 IX
1163 5147 1239 5202 De
1270 5148 1521 5201 doctrina
1558 5155 1694 5200 tem-

96 5257 326 5312 parum,
360 5241 547 5311 cyclos
587 5248 764 5294 autem
808 5240 940 5294 solis
975 5254 1039 5294 ac
1096 5241 1238 5294 lunae
1292 5240 1584 5310 perspicue
1626 5240 1695 5294 ab

98 5334 310 5388 eodem
343 5331 556 5396 Martio,
586 5347 694 5383 non
723 5347 752 5382 a
786 5329 1094 5400 Septembri
1141 5333 1406 5388 inchoare
1430 5347 1489 5385 se
1519 5331 1697 5386 decla-

100 5437 214 5484 rat,
267 5439 390 5493 cap.
428 5421 519 5482 Vl,
567 5421 656 5475 ubi
692 5423 1016 5476 laterculum
1049 5439 1339 5484 enarrans,
1380 5421 1527 5491 quod
1583 5422 1700 5476 edi-

104 5529 229 5570 tum
266 5524 351 5568 est
386 5528 511 5582 pug.
544 5504 668 5574 315,
717 5512 1038 5568 Januarium
1071 5525 1125 5569 et
1176 5515 1532 5570 Februarium
1566 5516 1696 5567 anni

99 5603 498 5659 antecedentis
512 5619 634 5657 esse
646 5603 808 5668 dicit;
837 5602 1048 5659 Pascha
1065 5614 1278 5670 vero,et
1295 5605 1414 5675 ejus
1437 5619 1548 5667 χιν,
1571 5605 1698 5657 anui

97 5695 423 5766 sequentis.
441 5691 706 5746 Prmterea
724 5693 775 5746 id
798 5709 864 5746 ex
883 5695 1152 5764 capitibus
1194 5695 1234 5748 Χ
1258 5710 1331 5767 ac
1357 5693 1466 5748 Xlll
1499 5709 1696 5763 cogno-

281 5790 557 5850 Ριιτιιθι..
591 5787 705 5846 Gtt.
743 5786 915 5846 XIX.

1792 4516 2034 4575 tempore
2083 4505 2371 4560 inchoasse
2413 4507 2625 4562 videtur
2669 4529 2681 4564 :
2731 4511 2834 4565 etsi
2891 4511 3158 4584 Georgius
3191 4517 3247 4572 in
3289 4537 3357 4574 eo

1793 4603 2131 4670 fragmento,
2173 4598 2317 4668 quod
2359 4600 2538 4668 capite
2568 4605 2839 4672 superiori
2901 4608 3210 4671 retulimus,
3262 4612 3354 4665 ubi

1793 4689 2203 4761 ἑνανϐρώπηάιν
2229 4730 2243 4752 ,
2284 4699 2338 4744 et
2372 4691 2622 4762 γέννησιν
2670 4694 2738 4748 ab
2785 4709 2850 4749 eo
2881 4695 3142 4766 illigatam‘
3195 4701 3359 4755 refert

1796 4792 1939 4831 anno
1976 4777 2166 4831 mundi
2209 4778 2369 4843 5495,
2422 4780 2628 4834 nullam
2676 4792 2883 4838 certam
2913 4785 3034 4853 ejus
3080 4787 3157 4841 rei
3189 4789 3358 4860 signi-

1796 4869 2102 4924 ficationem
2143 4869 2374 4934 dederit,
2416 4882 2595 4928 tamen
2650 4873 2725 4928 ita
2776 4875 3076 4932 Christiani
3107 4878 3219 4934 fere
3264 4898 3360 4936 ve-

1797 4969 1965 5025 teres,
2013 4961 2203 5016 saltem
2243 4965 2637 5020 ecclesiasticis
2677 4968 2731 5020 in
2783 4970 3054 5038 computis
3079 4977 3132 5026 et
3183 4971 3359 5028 histo~

1799 5057 1932 5119 riis,
1975 5055 2155 5109 facere
2205 5067 2603 5114 consueverant
2651 5068 2709 5114 ut
2767 5061 2834 5116 de
2872 5061 3130 5118 Africano
3176 5080 3297 5138 cap.
3337 5067 3358 5120 l

1798 5146 1963 5215 hujus
1994 5146 2120 5200 libri
2155 5146 2462 5206 docuimus.

1873 5235 1970 5292 llis
2015 5237 2430 5306 animadVersis,
2475 5241 2632 5298 facile
2667 5243 2778 5313 jam
2810 5245 2915 5300 erit
2962 5246 3097 5302 solis
3128 5263 3193 5303 ac
3222 5249 3361 5304 lunae

1801 5331 1984 5400 cyclos
2013 5345 2133 5384 mrae
2155 5329 2337 5397 hujus,
2374 5341 2428 5386 et
2457 5337 2700 5404 computi
2726 5338 2981 5406 proprios
3011 5339 3358 5409 investigare,
3446 5380 3450 5384 ι

1802 5436 1866 5473 ac
1899 5435 2023 5472 cum
2059 5419 2262 5473 nostris
2296 5433 2646 5492 componere,
2689 5425 2742 5478 in
2773 5441 2884 5495 quo
2919 5428 3218 5482 fmdissitre
3244 5429 3361 5480 hal-

1803 5511 2075 5565 lucinatus
2099 5518 2182 5563 est
2217 5507 2493 5580 Scaliger;
2531 5516 2606 5568 uti
2639 5516 2800 5584 paulo
2845 5527 2969 5586 post
3019 5517 3359 5572 ostendetur.

1801 5598 2044 5653 Primum
2087 5599 2232 5652 enim
2283 5603 2429 5669 quod
2480 5605 2545 5657 ad
2582 5605 2714 5660 solis
2741 5608 2954 5677 cyclum
2997 5609 3226 5671 attinet,
3274 5604 3402 5659 di-"

1804 5693 1940 5750 visis
1989 5695 2146 5748 annis
2199 5693 2266 5749 ab
2313 5697 2445 5753 orbe
2491 5698 2754 5766 condito,
2807 5700 3059 5756 residuus
3106 5696 3368 5755 numerua'

3017 5792 3092 5852 1&3
