3808 6366
473 284 611 344 ιιιθ

1498 271 1591 326 AD
1627 270 1895 328 EUSEBII
1937 269 2329 328 CHRONICON
2370 268 2735 325 APPENDIX.

3563 272 3681 329 1420

480 402 670 474 cyclus
692 406 776 454 est
812 397 946 452 solis
971 414 984 450 :
1020 399 1113 449 aut
1140 398 1290 448 certe
1322 396 1473 445 totus
1503 389 1621 459 ipse
1649 403 1914 444 numerus
1932 386 2037 454 28;
2068 394 2114 449 Α
2145 402 2292 442 anno
2314 387 2475 442 1372.
2503 386 2582 441 Ac
2607 388 2692 442 vel
2712 402 2778 441 ex
2808 400 2895 452 eo,
2916 385 3063 456 quod
3091 401 3122 441 a
3150 386 3411 442 Kalendis
3438 385 3683 443 Januariis

484 509 629 551 armo
672 490 813 547 6133
840 486 1016 541 diviso
1062 501 1159 557 per
1194 483 1301 549 28,
1353 480 1685 551 relinquitur
1712 480 1764 535 1.
1807 478 2042 534 Proinde

483 583 672 656 cyclus
702 584 837 640 solis
864 599 879 636 1
911 577 1193 636 concurrit
1214 591 1337 629 cum
1370 589 1516 628 anno
1548 572 1756 628 Christi
1784 571 1907 635 6.11,
1932 585 2044 642 quo

478 679 760 732 Romanus
805 673 938 729 solis
971 671 1156 742 cyclus
1190 674 1308 723 erat
1356 682 1433 728 Vl,
1465 666 1646 718 littera
1692 662 2043 718 Dominicalis

476 768 557 823 G:
594 768 734 822 unde
763 764 961 834 reliqui
987 763 1245 829 deinceps
1278 756 1566 828 propagari
1599 763 1867 825 possunt;
1899 752 2043 824 quod

479 863 535 916 in
582 858 936 930 sequentibus
988 851 1283 910 constabit.
1318 848 1520 919 Cyclus
1570 846 1779 899 lunaris
1826 842 2045 897 Maximi

378 976 393 987 ν·
480 955 621 1009 idem
653 966 880 1024 prorsus
911 955 995 1003 est
1041 960 1165 1000 cum
1216 942 1486 996 Romano.
1522 937 1812 1008 Siquidem
1856 935 2047 990 divisis

480 1045 617 1101 6133
639 1060 734 1115 per
761 1028 847 1109 19,
874 1039 1068 1109 reliqui
1097 1041 1226 1091 sunt
1255 1050 1349 1096 xv,
1369 1044 1423 1086 et
1453 1045 1645 1086 revera
1677 1043 1819 1087 anno
1841 1026 2046 1081 Christi

477 1139 602 1205 611,
631 1137 818 1209 cyclus
861 1140 980 1189 erat
1017 1131 1160 1184 luna’.
1194 1126 1282 1181 15.
1327 1122 1489 1190 Quod
1537 1123 1737 1177 mirum
1772 1133 1897 1174 esse
1936 1131 2047 1171 non

479 1233 661 1288 debet.
715 1229 795 1283 Ex
842 1226 1034 1282 eodem
1079 1223 1285 1293 quippe
1346 1215 1844 1273 Alexandrinorum
1897 1212 2047 1265 fonte

479 1322 649 1378 Graeci
683 1336 747 1376 ac
774 1318 953 1373 Latini
992 1316 1199 1388 pariter
1240 1314 1488 1366 lunarem
1534 1308 1771 1361 hausere
1800 1301 2044 1373 cyclum;

478 1422 533 1469 et
573 1414 641 1468 ab
673 1412 862 1468 eadem
909 1408 1153 1479 cpocha,
1187 1404 1448 1459 nimirum
1496 1398 1563 1453 ab
1619 1410 1788 1452 verno
1835 1406 2045 1455 mense,

482 1522 639 1563 usum
672 1506 819 1560 illius
845 1502 1113 1573 auspicati
1151 1505 1307 1554 sunt.

549 1598 609 1653 In
640 1595 945 1652 indictione
968 1590 1208 1663 putanda
1242 1588 1540 1659 perplexus
1564 1588 1648 1638 est
1670 1579 1963 1642 Maximus,
1990 1576 2049 1631 in

2147 481 2393 536 lunarem
2448 481 2663 553 cyclum
2741 480 2992 535 inchoari
3043 481 3274 546 scribit,
3337 480 3683 549 conjecturam

2146 580 2388 626 nostram
2417 573 2706 642 approbat,
2740 587 2903 641 quam
2938 572 3118 642 capite
3151 570 3217 626 Ill
3242 571 3501 642 superius
3537 574 3687 642 expli-

2144 666 2421 729 cavimus;
2453 663 2672 721 Craeeos
2720 666 2775 719 in
2808 665 2913 719 hoc
2958 680 3157 734 genere
3202 665 3451 734 computi
3497 665 3687 718 Latino—

2144 772 2266 811 rum
2341 772 2405 811 ac
2453 757 2766 813 Judaeorum
2851 773 3047 811 aureos
3104 773 3366 812 numeros
3417 758 3686 826 accepisse.

2146 848 2280 903 Nam
2307 848 2625 904 Latinorum
2672 850 2954 920 proprium
2986 850 3041 903 id
3080 850 3203 913 l'uit,
3241 850 3493 903 lunarem
3523 848 3585 903 ah
3611 847 3685 901 ιι.

2147 941 2344 995 nuario
2380 943 2594 1012 cyclum
2630 943 2921 1005 inchoare;
2975 957 3097 996 cum
3133 943 3202 996 ab
3253 941 3453 1012 Aprili,
3483 943 3562 996 vel
3602 939 3689 994 Pa-

2149 1032 2321 1086 schali
2348 1048 2534 1088 mense
2566 1031 2836 1088 Romanis
2866 1033 3007 1087 idem
3041 1034 3230 1104 cyclus
3259 1033 3593 1104 procederet.
3622 1031 3687 1087 Ex

2149 1126 2237 1180 his
2299 1126 2647 1181 concluditur
2700 1140 2904 1181 annum
2963 1126 3174 1181 civilem
3217 1125 3689 1195 Constantinopoli-

2148 1225 2337 1271 tanum
2394 1217 2609 1274 duobus
2676 1218 3012 1288 respondere
3057 1218 3229 1289 cyclis
3286 1215 3603 1281 lunaribus,
3644 1226 3690 1269 ut

2148 1324 2325 1364 annus
2369 1309 2504 1364 6881
2545 1325 2575 1364 a
2613 1308 2924 1381 Septembri
2962 1309 3090 1363 anni
3139 1308 3280 1363 1372
3319 1309 3603 1378 incipiens,
3638 1306 3689 1359 ad

2152 1402 2466 1458 Decembris
2497 1403 2658 1457 linem
2692 1404 2848 1475 cyclo
2887 1402 2924 1457 2
2956 1403 3593 1473 Constantinopolitano,
3625 1403 3692 1456 vel

2147 1492 2183 1547 5
2208 1491 2457 1548 Romano
2499 1495 2835 1565 respondet:
2873 1510 2903 1548 a
2945 1494 3206 1550 Kalendis
3236 1492 3536 1555 Januariis.
3565 1494 3695 1565 cyclo

2149 1584 2335 1649 tertio,
2365 1594 2419 1641 et
2451 1585 2702 1641 Romano
2729 1586 2784 1652 6,
2827 1587 2975 1657 quod
3018 1588 3086 1642 de
3116 1587 3287 1641 solari
3324 1602 3543 1657 quoque
3567 1587 3695 1658 cyclo

480 1707 652 1762 eaque
672 1686 962 1744 methodus
988 1684 1147 1748 fallit,
1164 1697 1285 1752 quae
1308 1696 1404 1751 per
1427 1677 1638 1749 cyclum
1664 1675 1933 1743 integrum
1949 1670 2049 1740 τὴν

2160 1677 2403 1735 Romano
2433 1680 2725 1736 dicendum
2762 1690 2865 1737 est.
2904 1680 3225 1737 Distributis
3259 1681 3425 1735 annis
3459 1680 3586 1734 68.31
3620 1694 3697 1749 per

927 1776 1061 1831 Nam
1096 1741 1145 1830 si
1173 1741 1531 1841 6133-per'15
1566 1741 1824 1837 partiare.
1854 1776 2048 1855 stlij
2077 1741 2124 1802 Β
2152 1770 2243 1833 28,
2279 1779 2450 1826 restat
2488 1772 2676 1843 cyclus
2710 1773 2845 1828 solis
2872 1772 2935 1825 21
2973 1772 3042 1826 ab
3085 1771 3312 1827 Octobri
3368 1773 3498 1826 anni
3544 1741 3694 1825 1372:

481 1851 587 1933 erit
639 1872 863 1929 indictio
907 1884 1030 1924 xm.
1066 1865 1231 1936 Atqui
1284 1879 1371 1918 xw
1412 1868 1591 1930 cmpta
1633 1867 1716 1911 est
1747 1851 2053 1925 Septembri

482 1969 612 2023 anni
636 1966 763 2028 640,
785 1970 840 2020 et
878 1968 1143 2031 sequente
1170 1955 1273 2010 641
1311 1953 1491 2007 adhuc
1520 1948 1792 2011 obtinuit;
1822 1960 1923 2000 nec
1947 1942 2053 1998 alia

483 2074 607 2114 cum
640 2069 785 2109 anno
817 2051 1005 2107 mundi
1036 2050 1174 2103 6133
1202 2044 1457 2116 componi
1492 2041 1702 2096 debuit.
1747 2038 1944 2093 Verum
1985 2033 2054 2088 ad

485 2145 803 2203 methodum
842 2143 1027 2197 unitas
1072 2138 1291 2193 additur
1340 2133 1499 2189 annis
1549 2129 1764 2195 mundi,
1801 2139 1859 2181 ut
1908 2125 2053 2181 indi-

484 2240 722 2295 ctionem
774 2235 1046 2289 labentem
1095 2229 1389 2285 obtineas:
1424 2222 1883 2296 quemadmodum
1929 2234 2052 2289 cap.

485 2327 705 2385 XXXIII
742 2324 998 2396 Computi
1041 2321 1317 2376 admonet.
1373 2316 1655 2388 Duplicem
1702 2314 1848 2369 enim
1903 2312 2051 2366 indi-

483 2424 722 2479 ctionem
756 2417 946 2474 statuit
971 2435 984 2472 :
1016 2428 1204 2477 unam,
1231 2425 1351 2482 qua:
1369 2410 1585 2466 exsistit
1601 2422 1666 2461 ex
1684 2406 1842 2461 annis
1866 2403 2056 2458 mundi

486 2530 584 2587 per
615 2530 683 2569 xv
717 2511 944 2575 divisis;
982 2513 1178 2576 estque
1208 2504 1420 2559 unitate
1452 2501 1656 2564 minor,
1689 2513 1853 2569 quam
1878 2496 2057 2566 reipsa

474 2615 617 2667 tunc
645 2609 976 2675 usurpatur;
1008 2599 1257 2661 alteram,
1287 2609 1411 2666 qua:
1441 2593 1509 2647 ab
1539 2590 1770 2662 Augusti
1810 2588 2055 2644 secundo

487 2698 705 2770 imperii
738 2711 882 2751 anno
912 2702 997 2749 est
1020 2705 1218 2748 exorsa
1247 2707 1261 2743 :
1288 2702 1449 2757 quem
1477 2685 1697 2757 quidem
1731 2681 1961 2736 aﬂirmat
1989 2694 2058 2735 ex

486 2809 556 2847 xv
582 2789 882 2845 indictione
923 2786 1161 2856 primam
1197 2796 1342 2836 anno
1378 2781 1486 2834 isto
1527 2777 1744 2833 fecisse.
1770 2774 1897 2829 Hmc
1928 2779 2057 2828 sunt

471 2877 884 2942 ,commentitia.
919 2873 1059 2928 Vera
1089 2880 1269 2925 autem
1300 2869 1453 2938 origo
1475 2866 1747 2938 patefacta
1783 2873 1865 2920 est
1890 2878 2057 2933 supra

489 2986 609 3042 cap.
632 2968 720 3023 Ill.
752 2967 885 3023 Vide
920 2973 973 3021 et
998 2979 1120 3035 cap.
1149 2964 1192 3029 I,
1222 2962 1317 3017 ubi
1345 2962 1413 3017 de
1454 2957 1851 3014 indictionibus
1887 2956 2059 3011 Maxi-

490 3063 565 3116 mi
589 3062 821 3131 egimus.

563 3150 621 3205 In
644 3151 815 3205 altero
838 3154 1120 3218 computo,
1149 3161 1311 3218 quem
1337 3144 1477 3199 κατὰ
1503 3142 1805 3216 Ῥωμαίους
1825 3140 2059 3212 appellat

491 3243 794 3313 Georgius,
857 3241 1059 3311 quique
1111 3254 1315 3293 annum
1385 3236 1786 3291 lncarnationis
1838 3234 2061 3289 exhibet

490 3333 681 3389 mundi
716 3331 876 3397 5509,
902 3331 1129 3402 perinde
1158 3330 1412 3399 ambigua
1436 3338 1519 3384 est
1540 3343 1807 3383 annorum
1830 3328 2058 3398 epoeha.

490 3424 714 3481 lsaacus
750 3425 992 3496 Argyrus
1043 3438 1163 3493 cap.
1208 3420 1274 3475 Ill
1305 3422 1555 3491 Computi
1604 3421 1825 3492 prioris,
1858 3434 2059 3474 annum

493 3518 707 3573 civilem
734 3518 809 3571 ait
838 3533 867 3570 a
903 3515 1209 3580 Septembri
1244 3514 1526 3580 inchoari;
1551 3515 1763 3584 cyclum
1793 3514 2053 3576 solarem,

495 3613 562 3666 ab
586 3609 843 3668 Octobris
873 3610 1158 3666 Kalendis.
1182 3609 1407 3681 Cyclum
1428 3623 1561 3663 vero
1591 3608 1835 3662 lunarem
1852 3621 1972 3676 cap.
1996 3605 2062 3660 IV

494 3705 564 3759 ab
612 3704 874 3775 Januario
927 3703 1148 3772 incipit,
1180 3716 1247 3756 ac
1297 3700 1489 3755 divisis
1543 3699 1703 3754 annis
1740 3697 1928 3752 mundi
1968 3712 2066 3768 per

496 3804 884 3863 congruentem
918 3794 1071 3865 cyclo
1108 3793 1285 3848 cuivis
1317 3807 1631 3855 numerum,
1669 3789 1852 3861 colligi
1883 3790 2068 3844 laben-

498 3898 606 3942 tem
640 3901 784 3941 anno
815 3886 1004 3939 ultimo
1042 3885 1256 3955 cyclum
1303 3884 1521 3938 asserit.
1552 3883 1792 3944 Annum,
1821 3896 1930 3950 quo
1963 3881 2068 3936 ista

498 3974 784 4044 prodebat,
813 3972 992 4043 capite
1026 3972 1094 4026 111
1140 3972 1335 4027 scribit
1372 3987 1495 4028 esse
1542 3971 1731 4026 mundi
1763 3970 1927 4035 6881,
1958 3987 2067 4041 quo

497 4063 675 4121 diviso
719 4079 814 4135 per
838 4063 929 4129 28,
976 4064 1036 4119 ﬁt
1083 4065 1217 4120 solis
1260 4064 1453 4136 cyclus
1514 4063 1604 4130 21,
1650 4071 1763 4118 tum
1810 4062 2064 4118 Octobris

496 4172 623 4211 xxvi
648 4155 735 4211 die
768 4154 960 4210 feriam
1002 4172 1061 4210 ιιι
1092 4156 1285 4211 scribit
1330 4156 1522 4224 fuisse,
1568 4159 1744 4225 capite
1794 4155 2064 4224 sequenti.

494 4248 593 4304 Est
638 4250 726 4303 hic
772 4264 948 4304 annus
995 4249 1202 4307 Christi
1258 4250 1434 4313 1372,
1477 4251 1632 4322 cyclo
1690 4248 1939 4303 Romano
1990 4264 2065 4311 ix,

501 4341 681 4396 littera
709 4342 972 4397 Dominic.
1020 4343 1126 4399 DC.
1160 4342 1305 4399 Idem
1343 4352 1524 4398 tamen
1565 4344 1745 4413 capite
1776 4339 1866 4405 Vl,
1902 4340 2064 4412 μέχρι

2148 1876 2262 1933 quo
2317 1860 2597 1918 Romanus
2637 1863 2671 1918 9
2718 1864 2897 1918 adhuc
2940 1864 2995 1918 in
3038 1880 3143 1919 usu
3188 1872 3351 1919 erat:
3405 1878 3549 1918 anno
3592 1879 3699 1918 vero

2152 1960 2414 2023 sequente
2448 1954 2591 2008 1575
2632 1961 2751 2009 erat
2805 1955 2994 2025 cyclus
3050 1954 3137 2009 10.
3187 1954 3464 2020 Quocirca
3518 1956 3699 2025 primus

2150 2046 2338 2117 cyclus
2376 2045 2575 2101 solaris
2602 2045 3335 2117 ConstantinOpolitanorum
3373 2055 3495 2103 erat
3526 2045 3698 2102 Roma-

2152 2154 2258 2194 nus
2288 2138 2354 2192 17
2383 2139 2452 2193 ab
2478 2136 2742 2202 Octobri;
2769 2137 3033 2193 Januario
3071 2154 3200 2193 vero
3231 2147 3520 2210 sequente,
3543 2141 3631 2204 18;
3657 2148 3698 2194 et

2149 2230 2364 2297 primus
2403 2231 2591 2301 cyclus
2630 2229 2909 2285 Romanus
2960 2228 3223 2284 Januario
3261 2244 3457 2287 mense
3502 2246 3698 2302 respon-

2151 2322 2315 2376 debat
2349 2323 2504 2393 cyclo
2543 2321 3153 2393 Constantinopolitano
3198 2322 3288 2377 12.
3332 2323 3560 2378 Octobri
3597 2338 3699 2378 vero

2153 2421 2435 2484 sequente,
2479 2415 2636 2486 cyclo
2686 2415 2772 2471 15.
2820 2415 3055 2470 Lunaris
3086 2416 3277 2487 cyclus
3315 2416 3615 2481 idem,erat
3652 2429 3702 2469 ac

2153 2503 2510 2573 Latinorum;
2564 2512 2621 2577 et
2672 2506 2916 2560 ternario
2972 2507 3154 2561 minor
3206 2516 3331 2562 erat
3389 2505 3628 2561 Romano
3660 2514 3701 2560 et

2152 2594 2542 2651 Alexandrino.
2575 2593 2703 2662 Sed,
2745 2606 2805 2651 ut
2830 2595 2943 2667 jam
2982 2599 3189 2663 monui,
3230 2613 3418 2668 neque
3458 2600 3515 2652 in
3542 2597 3700 2652 embo-

2154 2686 2441 2740 lismorum
2479 2687 2727 2754 ratione;
2768 2703 2873 2744 nec
2900 2689 2956 2743 in
2991 2688 3281 2745 Paschalis
3322 2689 3703 2745 celebritateab

2153 2776 2539 2833 Alexandrinis
2576 2789 2632 2834 et
2662 2779 2963 2837 Catholicis
2993 2782 3266 2839 institutis
3298 2783 3701 2838 abhorrueruut.

2155 2867 2388 2924 Indictio
2443 2870 2683 2940 denique
2729 2872 2917 2928 eadem
2974 2880 3094 2927 erat
3146 2888 3212 2928 ac
3264 2872 3559 2941 Romana,
3614 2874 3705 2928 sire

2155 2960 2532 3031 imperatoria,
2566 2970 2624 3015 ut
2666 2971 2883 3022 vocant,
2933 2978 2965 3017 a
3002 2962 3354 3034 Septembri;
3402 2966 3520 3021 sive
3560 2965 3705 3020 eccle-

2060 3089 2126 3147 ,α
2161 3054 2386 3110 siastica
2419 3056 2487 3110 ab
2517 3054 2801 3111 Januario.
2838 3054 3057 3112 Unitate
3087 3072 3218 3126 ergo
3261 3060 3448 3128 major
3480 3071 3593 3114 erat
3616 3058 3704 3117 illa.

2160 3164 2282 3218 quae
2306 3165 2369 3204 ex
2394 3147 2766 3203 Alexandrino
2805 3156 3062 3217 computo
3091 3149 3279 3218 prodit
3307 3167 3323 3204 :
3369 3152 3518 3220 quod
3553 3151 3708 3218 impri-

2159 3239 2265 3295 mis
2331 3240 2631 3295 notandum
2672 3240 2854 3305 venit,
2903 3247 2965 3293 ut
3023 3254 3092 3294 ex
3156 3256 3223 3295 eo
3278 3242 3709 3312 chronologoruui

2160 3332 2497 3395 Graecorum,
2529 3339 2583 3386 et
2622 3331 2891 3401 imprimis
2921 3329 3281 3402 Theophanis
3317 3344 3507 3389 errata
3548 3334 3710 3403 depre-

2162 3421 2488 3476 hendamus.
2533 3419 2708 3491 Hujus
2751 3420 3159 3477 observationis
3201 3425 3491 3493 specimen
3536 3423 3713 3494 prabe-

2161 3514 2363 3570 bimus.

2233 3605 2593 3676 Theophanes
2622 3606 2699 3660 ait
2734 3607 3044 3662 Heraclium
3088 3608 3329 3677 cmpisse
3364 3624 3513 3664 anno
3552 3606 3716 3663 mundi

2163 3697 2323 3762 6102,
2342 3698 2745 3753 lncarnationis
2762 3698 2887 3763 602,
2912 3700 3165 3755 Octobris
3196 3717 3270 3764 IV,
3300 3701 3439 3755 feria
3464 3718 3527 3763 ιι,
3551 3702 3716 3755 indici.

2164 3803 2273 3842 xiv.
2313 3786 2414 3841 Hic
2446 3797 2532 3844 est
2568 3804 2746 3844 annus
2787 3789 2993 3844 Christi
3024 3788 3402 3859 Dionysianus
3434 3789 3558 3855 610,
3587 3788 3717 3859 cyclo

2163 3878 2427 3949 praaditus
2450 3880 2617 3936 solari
2652 3896 2743 3945 ιιι,
2779 3880 2959 3935 littera
2995 3880 3055 3935 D.
3089 3881 3279 3952 Itaque
3301 3898 3465 3937 error
3490 3890 3572 3937 est
3599 3880 3717 3951 apud

2165 3968 2576 4039 Theophanem,
2628 3970 3026 4041 legendumque
3087 3970 3298 4037 feriat,
3348 3989 3461 4027 ηοιι
3506 3990 3565 4026 ιι.
3612 3971 3719 4025 Erat

2167 4060 2395 4115 indictio
2447 4060 3064 4132 Constantinopolitana
3134 4064 3205 4118 ab
3261 4063 3577 4134 Septembri
3627 4078 3716 4116 ιιι.

2167 4153 2324 4207 Hunc
2356 4152 2523 4224 igitur
2556 4169 2761 4209 annum
2803 4163 2962 4224 putat
3006 4155 3375 4226 Theophanes
3427 4158 3497 4211 ab
3540 4157 3718 4211 Adamn

2168 4244 2343 4314 6102;
2378 4247 2774 4302 lncarnationis
2799 4247 2924 4303 602.
2955 4252 3024 4303 At
3046 4249 3336 4305 Cedrenus
3372 4248 3716 4307 mundi6|05.

2169 4336 2571 4394 lncarnationis
2620 4337 2746 4394 609.
2781 4337 2988 4394 Verum
3033 4340 3181 4410 quod
3234 4341 3305 4395 ad
3345 4338 3719 4396 lncarnationis

501 4433 599 4503 τῆς
626 4432 797 4504 ἀρχῆς
829 4432 923 4485 τοῦ
976 4432 1275 4504 ἀρχομένου
1319 4432 1645 4505 Ἰανουαρίου
1670 4471 1685 4496 ,
1737 4450 1757 4483 ι
1789 4446 1964 4500 usque
1997 4430 2058 4485 ad

2169 4443 2343 4485 annos
2364 4433 2577 4495 attinet,
2600 4431 2862 4493 Miscella,
2882 4448 3007 4503 quae
3030 4448 3096 4487 ex
3129 4432 3491 4503 TheOphanis
3518 4430 3722 4487 historia

496 4524 711 4578 Initium
744 4518 1010 4589 Januarii,
1034 4527 1127 4595 qui
1155 4525 1403 4594 proxime
1431 4525 1706 4595 sequitur,
1734 4543 1753 4575 ι
1782 4538 1957 4578 annos
1989 4521 2066 4575 ait

496 4630 619 4670 esse
650 4612 828 4670 6880:
869 4616 1068 4685 quibus
1101 4616 1293 4671 divisis
1339 4632 1436 4688 per
1478 4615 1566 4683 19,
1598 4616 1810 4689 cyclum
1861 4614 2003 4669 lunas
2033 4613 2069 4667 2

497 4707 713 4762 conﬁci.
780 4705 904 4761 Haec
975 4709 1050 4762 ita
1113 4707 1398 4763 conciliari
1458 4716 1709 4779 possunt.
1782 4705 2070 4762 Scribebat

497 4793 716 4848 lsaacus
760 4793 980 4850 Octobri
1034 4811 1221 4851 mense
1273 4797 1405 4852 anni
1458 4798 1665 4855 Christi
1719 4797 1893 4864 1372;
1944 4811 2069 4852 cum

495 4884 608 4952 jam
663 4885 731 4939 ab
778 4885 1082 4957 Septembri
1132 4896 1348 4960 coeptus
1389 4898 1536 4946 esset
1577 4906 1755 4945 annus
1795 4891 2070 4946 Constan-

499 4978 893 5049 tiiiopolitanus
924 4980 1059 5035 6881
1087 4997 1211 5035 cum
1247 4982 1545 5038 indictione
1566 4999 1619 5037 xi
1650 5022 1666 5049 ,
1701 4983 1914 5038 ratione
1939 4997 2070 5038 vero

500 5068 637 5137 cycli
678 5069 877 5125 solaris
926 5085 958 5124 a
990 5068 1247 5128 Kalendis
1293 5071 1585 5129 Octobris:
1636 5087 1802 5144 porro
1852 5072 2071 5128 ratione

500 5160 638 5230 cycli
672 5160 913 5225 lunaris,
947 5160 1206 5219 Kalendis
1241 5161 1520 5217 Januariis
1554 5166 1912 5235 sequentibus
1960 5164 2069 5220 ini-

502 5250 638 5303 tium
667 5250 954 5306 habiturus
975 5259 1112 5316 erat,
1138 5254 1218 5309 sic
1244 5260 1304 5308 ut
1329 5269 1504 5310 annus
1524 5254 1684 5325 6880,"
1694 5262 2069 5325 perseveraret

504 5356 648 5396 anno
679 5342 833 5395 1372.
871 5343 1056 5414 Itaque
1089 5344 1157 5399 ad
1194 5344 1466 5402 Kalendas
1484 5346 1731 5402 Januarii
1763 5350 1893 5404 anni
1925 5350 2066 5404 1575

504 5429 725 5487 ﬂuxisse
755 5432 830 5486 ait
861 5448 1031 5491 annos
1063 5435 1241 5491 6880:
1270 5438 1466 5491 horum
1501 5440 1728 5495 ultimus
1762 5442 2065 5510 occupabat

504 5538 707 5577 annum
732 5523 891 5591 1572,
923 5528 1081 5596 cujus
1113 5526 1245 5583 adeo
1281 5529 1492 5600 cyclum
1530 5530 1841 5600 investigat.
1877 5531 2068 5590 Divide

468 5675 472 5681 ,
506 5630 679 5671 annos
714 5615 853 5671 6880
887 5632 982 5688 per
1010 5620 1096 5684 19,
1127 5628 1296 5675 restat
1324 5620 1359 5674 2
1394 5621 1536 5675 lunae
1564 5623 1750 5688 cyclus
1776 5622 2063 5691 Judaicus,

506 5715 560 5765 et
586 5709 846 5779 Latinus;
880 5713 973 5783 qui
1007 5712 1250 5770 Romano
1279 5714 1315 5772 5
1360 5714 1673 5785 respondet,
1708 5726 1911 5788 quotus
1944 5729 2064 5776 erat

2168 4531 2406 4588 constat,
2438 4524 2691 4580 eumdem
2729 4523 2898 4578 habet
2929 4540 3132 4579 annum
3166 4523 3299 4589 602,
3335 4533 3395 4579 ut
3427 4535 3632 4580 certum
3666 4523 3722 4577 sit

2168 4629 2201 4668 a
2235 4614 2564 4688 Theophane
2620 4618 2697 4671 ita
2746 4617 3018 4688 scriptum
3062 4616 3270 4683 fuisse,
3326 4619 3527 4674 mundi
3575 4615 3722 4676 6102.

2170 4705 2566 4765 lncarnationis
2612 4709 2760 4764 602:
2821 4709 3017 4766 divisis
3063 4709 3206 4765 6102
3262 4726 3365 4782 per
3402 4711 3504 4779 15,
3556 4709 3723 4779 reliqui

2172 4806 2299 4853 sunt
2326 4798 2424 4866 12;
2447 4798 2630 4853 addita
2663 4800 2897 4865 unitate,
2931 4816 2998 4856 ex
3017 4810 3294 4872 praecepto
3319 4802 3567 4869 Maximi,
3597 4800 3726 4857 colli-

2168 4890 2315 4960 gitur
2341 4891 2569 4945 indictio
2601 4907 2725 4956 xm,
2763 4890 2870 4945 hoc
2906 4903 2989 4948 est
3025 4894 3272 4947 Romana
3310 4910 3341 4948 a
3380 4894 3637 4950 Januario
3671 4890 3725 4944 ad

2174 4983 2335 5035 linem
2385 4981 2736 5050 Decembris;
2767 4982 3392 5055 ConstantinOpolitana
3446 5004 3580 5044 vero
3602 5002 3628 5040 a
3648 4983 3728 5038 Ja-

2171 5075 2387 5138 nuario,
2422 5074 2490 5127 ad
2526 5074 2687 5127 ﬁnem
2722 5073 2978 5145 Augusti.
3010 5074 3291 5142 Quocirca
3323 5079 3559 5135 indictio
3598 5092 3728 5135 com-

2172 5164 2287 5233 puti
2314 5164 2690 5229 Alexandrini,
2721 5182 2845 5235 quae
2872 5182 2939 5222 ex
2972 5168 3245 5224 divisione
3274 5172 3380 5243 τῆς
3419 5171 3612 5242 ὀμάδος
3636 5169 3730 5223 ori-

2173 5263 2284 5318 tur,
2321 5258 2426 5311 nisi
2453 5257 2522 5311 ab
2550 5256 2866 5327 Septembri
2895 5276 3069 5315 annos
3098 5262 3412 5329 ordiamur,
3443 5279 3473 5317 a
3494 5262 3729 5317 Januario

2168 5349 2242 5403 ad
2287 5347 2661 5420 Septembrem
2707 5350 2979 5406 unitatem
3033 5353 3161 5407 addi
3222 5355 3334 5409 sibi
3396 5357 3657 5426 postulat;
3702 5364 3729 5402 ι

2175 5434 2504 5510 Septembri,
2540 5440 2606 5493 ad
2643 5440 2772 5495 anni
2814 5443 3003 5511 linem,
3034 5443 3255 5499 binario
3286 5456 3374 5502 est
3402 5446 3658 5518 augenda,
3679 5450 3727 5494 ut

2172 5533 2388 5588 civilem
2440 5531 3114 5603 Constantinopolitanam
3175 5548 3537 5609 asseqnatur.
3581 5537 3727 5606 Igitsr

2174 5643 2319 5683 anno
2369 5626 2574 5683 Christi
2616 5626 2760 5692 610,
2806 5637 2930 5683 erat
2969 5646 3151 5687 annus
3202 5632 3586 5689 Alexandrina:
3623 5644 3728 5684 axz

2174 5721 2313 5778 6102
2340 5736 2371 5776 a
2422 5733 2589 5775 verno
2646 5732 2838 5776 mense
2866 5733 3117 5797 ereptus.
3161 5724 3209 5778 A
3263 5724 3571 5799 Septembri
3617 5734 3727 5777 rem
