3808 6360
118 262 233 318 1421

1073 255 1525 314 DISSERTATIO
1572 254 1655 308 DE
1698 251 2101 308 GlUECORUM
2143 253 2346 308 IERIS.

3197 255 3330 311 “‘22

117 375 275 434 civilis
323 389 503 432 annus
537 374 676 431 6105
721 375 900 445 putari
943 373 1111 443 cmpit
1139 393 1152 427 :
1199 370 1343 441 quod
1381 368 1662 423 Cedrenus
1693 373 1735 428 Α
1768 367 2330 439 labentem'cujusque
2361 372 2600 438 computi
2635 371 3054 434 numerandum,
3083 376 3329 443 prmcipit

117 477 319 525 secutus
353 477 475 535 est;
514 469 668 538 prius
713 476 916 529 autem,
949 465 1335 534 Theophanes,
1368 461 1459 530 qui
1490 461 1664 514 eccle-

119 560 323 616 siastico
356 575 531 626 more,
575 565 635 613 ut
662 557 922 624 vidimus,
947 570 1120 610 annos
1162 569 1192 606 a
1233 552 1492 607 Paschate
1527 551 1664 604 solet

120 653 363 721 incipere.

177 742 534 812 Theophanes
599 740 738 794 idem
807 745 997 793 narrat
1054 736 1291 792 Leonem
1365 733 1664 790 Isauricum

116 835 304 890 obiisse
360 847 507 886 anno
547 832 760 902 imperii
801 833 887 888 sui
927 847 1056 894 xxv,
1096 830 1208 900 jam
1265 828 1332 882 ab
1386 826 1665 881 mensibus

113 923 337 987 duobus,
367 923 560 977 diebus
599 937 713 975 xxu
749 922 1036 984 inchoato,
1073 935 1164 973 xiv
1196 916 1466 972 Kalendas
1511 915 1662 976 Julii,

115 1014 402 1070 indictione
426 1030 502 1074 rx,
535 1014 678 1082 quod
712 1022 767 1067 et
815 1012 1043 1068 historia
1085 1010 1323 1066 Miscella
1353 1009 1519 1064 refert
1563 1009 1668 1063 sub

114 1105 260 1157 linem
294 1103 420 1156 libri
452 1103 594 1156 XXI.
631 1104 790 1167 Ἔτος
827 1098 896 1173 ἦν
930 1102 1038 1156 ἀπὸ
1069 1102 1168 1173 μὲν
1197 1091 1425 1164 κτίσεὼς
1463 1101 1665 1171 κόσμου

112 1193 242 1247 κατὰ
275 1192 583 1264 Ῥωμαίους
604 1193 792 1264 ,ςσμη’
835 1193 946 1248 ἀπὸ
991 1192 1179 1264 Ἀδὰμ,
1216 1191 1355 1246 κατὰ
1403 1192 1460 1244 δὲ
1501 1193 1666 1260 Αἰγυ-

111 1284 312 1346 πτίους,
347 1284 516 1353 ἤγουν
551 1283 939 1356 Ἀλεξανδρεῖς,
962 1282 1157 1353 ,ςσλβᾏ
1190 1282 1297 1336 ἀπὸ
1319 1281 1375 1334 δὲ
1399 1281 1665 1334 Φιλίππου

109 1376 241 1428 κατὰ
284 1374 604 1438 Μακεδόνας
641 1375 798 1446 ,αξγκ
847 1373 979 1440 Quae
1009 1375 1090 1430 sic
1149 1372 1355 1428 Paulus
1394 1371 1668 1427 Diaconus

110 1468 296 1524 vertit:
345 1485 364 1517 ‹
397 1467 536 1522 Cum
584 1483 764 1522 annus
815 1475 960 1524 esset
1013 1482 1046 1522 a
1084 1467 1396 1522 conditione
1446 1467 1666 1538 quidem

108 1557 322 1622 mundi,
354 1556 514 1626 juxta
564 1549 879 1622 Rom‘anos,
924 1559 992 1613 ab
1025 1558 1198 1611 Adam
1255 1565 1443 1612 sextus
1482 1558 1662 1612 mille-

108 1650 271 1705 simus
321 1649 734 1706 ducentesimus
775 1649 1226 1721 quadragesimus
1275 1657 1522 1715 octavus,
1577 1665 1665 1705 se-

107 1741 339 1796 cundum
368 1741 657 1812 (Egyptios
689 1759 839 1808 vero,
884 1758 978 1796 seu
1011 1742 1435 1805 Alexandrinos,
1478 1750 1667 1798 sextus

106 1833 422 1889 millesimus
466 1834 876 1888 ducentesimus
912 1833 1225 1888 tricesimus
1283 1834 1599 1900 secundus;
1639 1849 1667 1887 a

107 1922 370 1994 Philippo,
409 1925 711 1979 secundum
763 1924 1106 1989 Macedones,
1151 1926 1474 1981 millesimus
1515 1940 1671 1981 sexa-

106 2016 337 2085 gesimus
365 2016 581 2071 tertius.
609 2035 626 2068 ι
665 2015 786 2070 Fuit
815 2017 902 2072 hic
933 2033 1109 2072 annus
1130 2017 1334 2073 Christi
1364 2017 1670 2072 communis

105 2122 218 2161 tera:
239 2107 362 2170 741,
383 2123 492 2176 quo
514 2108 613 2162 fuit
632 2108 856 2162 indictio
872 2124 951 2172 tx,
969 2116 1079 2163 tam
1097 2107 1337 2163 Romana
1353 2124 1512 2179 quam
1530 2107 1672 2163 Con-

105 2199 610 2268 stantinopolitana,
632 2197 796 2253 Junio
818 2215 1021 2254 mense.
1049 2200 1316 2256 Detractis
1349 2202 1507 2255 annls
1532 2201 1670 2258 5508

104 2288 167 2342 de
201 2289 364 2354 6248,
390 2297 600 2345 restant
647 2291 748 2344 740
775 2305 896 2344 ait-1e
925 2289 1290 2363 Dionysianax
1327 2292 1446 2348 Uno
1487 2292 1670 2361 itaque

104 2381 282 2435 minus
313 2395 462 2435 anno
481 2389 764 2451 computat
786 2381 1176 2452 TheOphanes;
1205 2384 1349 2452 quod
1372 2391 1424 2436 et
1446 2383 1671 2438 indictio

102 2474 479 2529 demonstrat:
519 2488 645 2527 nam
679 2475 725 2530 si
760 2489 933 2529 annos
956 2473 1095 2528 6248
1125 2489 1220 2544 per
1250 2473 1316 2528 I5
1343 2475 1666 2540 distribuas,

105 2563 332 2620 exsistet
375 2565 602 2619 indictio
634 2580 752 2619 vm.
786 2567 949 2636 Atqui
974 2567 1145 2620 inwra
1167 2556 1669 2639 Constantinopoli-

105 2666 250 2718 tana,
281 2671 451 2725 quam
487 2654 804 2711 Paschalem
850 2665 1010 2711 vocat
1059 2655 1323 2727 Scaliger,
1368 2657 1669 2712 Romanam

107 2748 509 2819 Theophanes;
564 2748 756 2804 divisis
817 2749 976 2802 annis
1026 2748 1094 2802 ab
1143 2748 1389 2812 Adamo,
1443 2765 1671 2805 currens

106 2841 338 2895 indictio
363 2839 715 2908 relinquitur.
750 2837 842 2892 Sic
877 2854 1020 2892 anno
1047 2837 1398 2892 Alexandrini
1432 2841 1671 2906 computi

99 2934 244 2987 6252
296 2947 394 3002 per
444 2932 514 2985 15
549 2930 748 2995 diviso,
784 2937 1033 3000 superest
1065 2929 1290 2984 indictio
1320 2945 1418 2994 vn,
1457 2930 1671 2984 binario

1769 459 1970 514 addere
2031 460 2189 513 annis
2241 460 2444 513 Christi
2509 460 2858 532 Dionysianis
2920 479 3096 518 annos
3151 463 3329 528 5494,

1767 549 1904 604 5508
1939 558 1992 605 et
2028 551 2187 613 5500,
2219 560 2380 620 atque
2414 566 2444 604 a
2479 552 2782 620 Septembri
2818 563 2982 622 caput
3013 555 3140 608 anni
3178 571 3333 624 repe-

1767 650 1920 694 tere:
1958 641 2105 710 quod
2147 642 2249 695 hoc
2286 644 2534 712 exemplo
2589 645 2940 713 perspicuum
2972 645 3126 702 facit.
3175 645 3332 699 Anno

1766 734 1968 788 Christi
2005 734 2165 799 I596,
2197 736 2362 804 cmpit
2392 736 2458 788 ab
2491 733 2792 804 Septembri
2836 735 3148 791 Graecorum
3181 752 3337 792 more

1768 839 1946 882 annus
1993 826 2172 880 1597:
2211 827 2348 880 adde
2396 842 2575 882 annos
2620 827 2792 892 5500,
2851 827 3079 884 habebis
3126 844 3332 883 annum

1770 917 1908 971 7097
1952 933 2073 972 εει-ω
2119 918 2439 984 orientalis;
2499 919 2636 974 adde
2674 919 2837 984 5508,
2882 919 2969 974 fiet
2999 936 3175 975 annus
3213 935 3336 974 atrae

1768 1006 2054 1062 Paschalis
2085 1009 2256 1076 7105;
2292 1009 2432 1064 adde
2463 1009 2633 1075 5494,
2669 1011 2771 1065 erit
2813 1026 2988 1066 annus
3017 1027 3138 1066 certe
3179 1011 3338 1064 luna-

1769 1100 1846 1154 ris
1876 1099 2037 1156 7091.
2071 1099 2269 1155 Verum
2305 1103 2360 1155 in
2407 1102 2511 1156 hoc
2543 1109 2820 1171 postremo
2869 1103 3049 1157 lunari
3078 1112 3338 1172 computo

1768 1190 1880 1244 duo
1913 1190 2159 1246 subtrahi
2199 1198 2460 1260 perpetua
2508 1190 2766 1244 methodo
2791 1189 2968 1259 jubet,
3013 1198 3072 1244 ut
3105 1192 3336 1261 proinde

1769 1283 1991 1338 nonnisi
2021 1282 2159 1336 7089
2191 1298 2369 1338 annus
2423 1283 2515 1337 ille
2564 1291 2802 1352 putetur.
2859 1282 3016 1349 Haec,
3069 1283 3331 1352 inquam,

1769 1373 1954 1428 cautio
1980 1372 2278 1430 falsissima
2307 1380 2413 1437 est,
2443 1381 2503 1428 ut
2533 1388 2598 1429 ea
2619 1373 2998 1429 demonstrant
3027 1391 3148 1444 qua:
3173 1389 3337 1443 supe-

1769 1464 2013 1519 rioribus
2042 1465 2316 1534 capitibus
2345 1467 2575 1535 exposui
2601 1467 2668 1521 de
2691 1467 2868 1521 tribus
2896 1466 3018 1522 istis
3039 1465 3329 1535 compulis.

1768 1550 1904 1606 Nam
1953 1554 2076 1608 duae
2117 1569 2180 1610 ex
2232 1555 2352 1622 his,
2409 1555 2619 1610 lunaris
2667 1564 2721 1612 et
2771 1557 3090 1621 orientalis,
3129 1570 3333 1609 annum

1769 1645 2078 1699 communis
2109 1646 2328 1709 natalis,
2355 1661 2420 1700 ac
2445 1645 2762 1718 Dionysiani
2792 1647 3035 1716 praebent
3060 1645 3332 1708 eumdem,

1771 1737 1865 1806 qui
1894 1745 1978 1792 est
2021 1736 2160 1790 5495
2190 1738 2367 1792 iniens
2395 1753 2427 1791 a
2463 1738 2791 1808 Septembri.
2829 1737 3116 1802 Maximus,
3161 1737 3334 1792 Geor-

1771 1826 1920 1895 gius,
1978 1839 2044 1880 ac
2079 1825 2440 1896 Theophanes
2479 1843 2588 1882 aera
2632 1828 2716 1882 usi
2751 1837 2902 1896 sunt,
2949 1843 3110 1898 quam
3151 1828 3335 1882 orien-

1775 1917 1937 1972 talem
1968 1925 2128 1972 vocat
2154 1915 2418 1990 Scaliger.
2446 1918 2560 1974 Iloc
2589 1930 2742 1974 extra
2770 1921 3198 1976 controversiam
3227 1931 3332 1975 est.

1771 2006 1906 2060 Nam
1940 2008 2221 2063 Christum
2273 2017 2528 2064 asserunt
2558 2010 2926 2073 incarnatum,
2971 2010 3110 2065 etin
3158 2010 3334 2064 lucem

1771 2099 1979 2153 editum
2015 2115 2160 2153 anno
2186 2103 2426 2170 computi
2477 2102 2562 2156 sui
2595 2102 2754 2156 5501.
2804 2101 2970 2172 Igitur
3008 2116 3186 2156 annus
3217 2115 3338 2154 mra:

1772 2187 2269 2260 Dionysianzeﬁll,
2307 2207 2416 2261 quo
2447 2191 2682 2246 lleraclii
2707 2208 2884 2247 annus
2923 2209 3047 2246 xxx:
3091 2191 3338 2246 Paschali

1772 2296 1960 2338 mense
2004 2285 2279 2348 currebat,
2315 2286 2622 2354 computari
2674 2285 2742 2339 ab
2786 2286 2895 2341 illis
2945 2286 3130 2340 debuit
3164 2285 3333 2349 6141,

1773 2378 1972 2433 additis
2005 2380 2145 2434 5500
2187 2380 2254 2434 ad
2305 2381 2429 2434 641.
2483 2382 2647 2451 Atqui
2675 2397 2795 2436 eum
2854 2383 3032 2452 ipsum
3086 2390 3334 2437 statuunt

1778 2482 1981 2522 annum
2038 2469 2228 2523 mundi
2262 2470 2431 2534 6l55,
2469 2479 2672 2541 quotus
2706 2481 2790 2526 est
2844 2473 2896 2525 in
2951 2473 3131 2526 lunari
3186 2489 3339 2527 com-

1778 2571 1940 2628 puto;
1979 2561 2027 2615 si
2057 2561 2126 2616 ad
2155 2577 2330 2618 annos
2363 2563 2457 2616 641
2499 2563 2769 2634 adjungas
2801 2564 2976 2628 5492,
3013 2565 3089 2618 uti
3129 2568 3342 2620 metho-

1778 2652 1886 2708 dus
1928 2654 2246 2724 exigit..Sic
2295 2671 2496 2709 annum
2541 2657 2778 2726 primum
2808 2655 3059 2721 lleraclii,
3091 2657 3183 2726 qui
3218 2658 3342 2712 iniit

1774 2742 2000 2799 Octobri
2032 2748 2162 2800 anni
2210 2746 2415 2804 Christi
2461 2750 2565 2801 6|0
2600 2749 2879 2803 numerari
2911 2751 3151 2820 oportuit
3198 2751 3339 2805 6110

1774 2837 2056 2895 orientalis
2097 2856 2252 2904 tera},
2311 2851 2367 2895 at
2417 2841 2596 2895 solum
2637 2841 2775 2895 6102
2825 2849 3050 2911 putatur
3090 2857 3119 2895 a
3161 2842 3341 2898 Theo-

1775 2929 1983 2998 phane;
2020 2940 2242 3004 quotus
2267 2941 2352 2987 est
2392 2934 2446 2986 in
2477 2948 2572 3000 ea,
2600 2947 2764 3004 quam
2806 2933 3052 2988 lunarem
3099 2935 3340 3006 Scaliger

98 3024 354 3078 Romana
394 3022 595 3087 minor,
627 3036 751 3075 eum
783 3021 994 3075 unitate
1035 3028 1248 3074 tantum
1285 3022 1535 3091 superari
1578 3023 1672 3076 de-
1702 3043 1747 3104 ρ
1777 3021 2033 3090 appellat.

98 3118 250 3172 beat.
276 3115 409 3168 Item
435 3114 505 3168 de
529 3112 668 3166 6252
693 3111 953 3168 detractis
973 3113 1133 3176 5492,
1166 3112 1373 3166 residui
1399 3121 1528 3168 sunt
1551 3114 1672 3179 740,

97 3222 229 3262 cum
266 3206 362 3259 741
405 3205 646 3275 reliquos
695 3220 820 3260 esse
873 3213 1140 3274 Oporteat.
1202 3203 1446 3275 Denique
1499 3222 1676 3262 annus

96 3297 347 3368 Philippi
373 3311 470 3366 per
489 3296 632 3350 idem
656 3303 874 3364 tempus
898 3295 1184 3351 labebatur
1202 3298 1362 3361 1064,
1381 3315 1490 3352 non
1515 3299 1672 3353 1065.

97 3389 296 3459 Itaque
327 3387 501 3442 falsus
553 3395 637 3441 est
672 3385 1032 3456 Theophanes
1055 3426 1070 3449 ,
1112 3395 1166 3442 et
1199 3389 1548 3444 scribendum
1599 3391 1676 3445 illi

95 3477 232 3543 fuit,
262 3488 486 3531 mortuo
515 3475 696 3531 Leone
720 3477 1061 3533 successisse
1081 3476 1505 3533 Constantinum
1532 3497 1678 3536 anno

96 3566 417 3622 secundum
467 3566 744 3622 Romanos
799 3564 973 3634 6249,
1031 3566 1400 3622 Alexandrino
1433 3567 1592 3634 6255,
1647 3588 1679 3624 a

93 3659 366 3731 Philippo
396 3657 556 3714 1064.

705 3771 933 3828 CAPUT
992 3772 1082 3828 VI.

90 3867 473 3938 Confutantur
501 3883 564 3922 ea
601 3883 718 3990 pun:
753 3867 818 3921 de
850 3865 1047 3922 ercis
1089 3868 1344 3934 computis
1396 3867 1677 3935 explicavit

172 3939 422 3990 Scaliger
449 3939 504 3990 iu
539 3936 601 3990 VI
653 3939 722 3990 De
749 3937 1126 3990 emendatione
1157 3947 1458 3990 temnorum
1487 3939 1675 3990 iidem-

172 3936 422 4008 SCaliger
449 3939 504 3990 iu
539 3936 626 3991 VII
653 3939 722 4008 De
749 3937 1126 3992 emendatione
1157 3947 1458 4008 temporum
1487 3939 1675 3991 iidem-

170 4026 278 4080 que
319 4006 481 4063 uariis
515 4006 762 4076 exemplis
793 4008 1111 4061 illustriores
1135 4006 1448 4064 redduntur.

167 4118 342 4173 Nunc
373 4118 442 4172 ad
472 4116 797 4174 excutienda
838 4117 929 4170 illa
962 4117 1246 4171 veniamus
1285 4132 1407 4186 quae
1435 4117 1501 4172 de
1531 4116 1681 4171 Grae-

1848 3109 2115 3166 Praaterea
2145 3112 2408 3183 Georgius
2449 3129 2512 3168 ac
2550 3114 2927 3186 TheOphanes,
2947 3123 3006 3169 ut
3035 3130 3201 3186 supra
3227 3130 3343 3170 me-

1777 3203 2058 3268 minimus,
2076 3219 2237 3258 :eram
2261 3206 2578 3260 orientalem
2605 3204 2865 3278 Scaligeri
2889 3207 3172 3263 nominant
3201 3209 3344 3262 κατὰ

1777 3297 2138 3364 Αἰγυπτίους,
2204 3298 2317 3353 sive
2371 3297 2759 3369 ’Λλεξανδρεῖς,
2818 3297 3134 3355 Paschalem
3177 3316 3341 3364 vero,

1779 3385 1920 3438 κατὰ
1953 3385 2272 3456 Ῥωμαίους.
2311 3384 2547 3456 Insignis
2575 3397 2657 3442 est
2685 3403 2748 3442 ea
2781 3389 2849 3443 de
2897 3404 2957 3442 re
2987 3388 3345 3457 Theophanis

1780 3477 1955 3540 locus,
1997 3493 2156 3545 quem
2181 3477 2358 3548 capite
2383 3479 2651 3548 superiori
2685 3480 2993 3546 retulimus,
3017 3480 3108 3534 ubi
3139 3496 3344 3534 annum

1778 3567 2025 3632 Christi,
2098 3573 2189 3639 qui
2248 3570 2611 3638 respondebat
2654 3587 2781 3625 xxiv
2839 3570 3038 3627 Leonis
3095 3571 3342 3638 Isaurici,

1779 3670 2006 3732 eratque
2037 3663 2163 3726 740,
2198 3662 2275 3716 ait
2308 3663 2612 3718 secundum
2642 3664 2941 3733 Romanos,
2973 3666 3026 3720 id
3049 3675 3133 3722 est
3164 3668 3219 3721 in
3245 3666 3349 3720 Pa-

1781 3751 1976 3818 schali,
2003 3761 2062 3808 ut
2089 3751 2332 3824 Scaliger
2355 3770 2475 3809 eam
2504 3766 2684 3822 vocat,
2712 3771 2820 3812 tera
2850 3773 2974 3813 esse
2999 3758 3172 3825 6248;
3206 3759 3350 3812 κατὰ

1795 3843 2164 3915 Ἀλεξανδρεῖς
2199 3846 2362 3903 6252.
2407 3847 2666 3905 Deductis
2697 3850 2859 3904 annis
2890 3849 3054 3918 5508,
3090 3851 3158 3906 de
3187 3851 3346 3915 6248,

1782 3943 1953 3990 restat
2003 3952 2180 3990 annus
2209 3937 2313 3989 740
2339 3954 2352 4001 ;
2391 3937 2458 3993 de
2485 3938 2626 3994 6252
2655 3949 2835 3995 autem
2866 3943 3152 3997 subductis
3187 3943 3347 4006 5500,

1782 4033 1842 4078 ut
1875 4027 2014 4081 solet
2046 4027 2427 4096 TheOphanes,
2465 4029 2711 4100 reliquus
2742 4041 2826 4085 est
2856 4046 3034 4085 annus
3065 4033 3132 4085 ah
3165 4034 3352 4086 Incar-

1781 4115 2002 4170 natione
2051 4115 2186 4179 732,
2219 4124 2344 4170 octo
2398 4119 2558 4170 annis
2606 4119 2787 4171 minor
2819 4134 2927 4173 azra
2975 4119 3302 4188 Dionysiana
3333 4162 3350 4182 ,

84 4213 186 4266 cis
228 4210 369 4265 iisce
410 4210 682 4280 computis
711 4208 985 4278 Josephus
1030 4207 1272 4278 Scaliger
1313 4209 1367 4263 in
1413 4225 1575 4278 opere
1605 4209 1683 4262 De
1784 4206 1863 4260 uti
1896 4213 2328 4260 consentaneum
2370 4215 2494 4261 est:
2532 4208 2730 4263 ablatis
2760 4217 2940 4264 autem
2988 4212 3146 4265 annis
3188 4212 3348 4275 5492,

83 4303 477 4357 emendatione
524 4311 812 4370 temporum
863 4301 1042 4355 attulit
1087 4302 1177 4370 (p.
1225 4301 1329 4355 749
1373 4302 1504 4355 edit.
1557 4317 1682 4370 pos-
1785 4297 2042 4353 residuus
2092 4305 2180 4351 est
2233 4311 2412 4352 annus
2464 4299 2860 4355 lncarnationis
2902 4301 3171 4355 Panodori
3225 4302 3350 4356 710.

77 4394 350 4464 ῑτθιιιω),
396 4408 535 4463 quat,
593 4400 652 4446 ut
685 4393 934 4447 universe
968 4392 1169 4455 dicam,
1211 4393 1476 4462 ejusmodi
1519 4402 1678 4459 sunt;
1714 4389 1757 4443 Ι)
1785 4393 2024 4462 Apparet
2066 4407 2197 4462 ergo
2226 4403 2542 4461 computum
2590 4400 2900 4462 utrumque,
2933 4408 3166 4462 quorum
3219 4394 3354 4448 alte-

78 4498 159 4543 ιιι
201 4487 430 4540 illorum
484 4483 728 4539 scientia:
775 4482 1024 4537 funditus
1055 4493 1330 4551 expertem
1379 4498 1443 4537 ac
1489 4482 1679 4536 rudem
1790 4499 1908 4537 rum
1944 4485 2214 4548 lunarem,
2265 4483 2582 4537 orientalem
2617 4485 2849 4537 alterum
2889 4486 3191 4538 nominavit
3219 4487 3354 4539 Sea-

77 4577 394 4633 hominem
451 4573 622 4628 fuisse
647 4573 1043 4627 demonstrent.
1086 4570 1195 4625 Nec
1219 4587 1283 4626 ea
1323 4572 1484 4625 modo
1522 4571 1686 4640 repli-
1789 4574 1956 4644 Iiger,
2013 4574 2082 4628 ab
2131 4574 2342 4628 Adamo
2395 4589 2614 4644 parem,
2673 4585 2727 4630 et
2775 4578 3025 4631 eumdem
3083 4592 3354 4631 annorum

77 4670 389 4734 cabimus,
411 4682 534 4738 qua:
549 4666 748 4736 abipso
775 4663 988 4719 inVDe
1011 4665 1372 4718 emendatione
1398 4674 1685 4733 temporum
1790 4683 2081 4722 numerum
2115 4667 2392 4737 colligere.
2427 4668 2505 4723 Ac
2537 4669 2581 4722 si
2626 4685 2752 4722 vera
2801 4677 2949 4724 esset
2985 4668 3357 4739 Sealigeriana

73 4765 397 4831 disputata
434 4758 707 4828 capitibus
753 4758 1006 4821 duobus,
1058 4756 1114 4810 in
1149 4773 1295 4811 nono
1330 4757 1406 4810 De
1445 4757 1688 4809 doctrina
1791 4758 2100 4825 methodus,
2132 4767 2186 4814 et
2236 4759 2304 4813 ad
2335 4775 2537 4813 annum
2571 4776 2693 4814 (era:
2730 4760 3076 4832 Dionysiana:
3121 4761 3358 4816 addendi

78 4865 414 4920 temporum
461 4849 642 4918 capite
691 4846 734 4899 ν
785 4847 1212 4902 confutavimus.
1250 4845 1350 4901 Hic
1408 4862 1471 4902 ea
1512 4846 1687 4900 solum
1793 4853 1974 4906 forent
2003 4852 2166 4916 5500,
2200 4861 2260 4906 ut
2311 4868 2779 4923 consequeremur
2825 4871 3028 4908 annum
3075 4855 3359 4910 orientalis

72 4943 437 5014 attingenda
465 4949 616 5006 sunt,
636 4954 756 5009 qua:
776 4939 843 4992 ad
866 4946 1184 5008 computum
1207 4937 1425 4992 Maximi
1458 4938 1668 5008 septimi

1792 4944 2056 5014 computi,
2087 4944 2202 5002 sive
2228 4945 2370 4998 κατὰ
2394 4946 2782 5018 Ἀλεξανδρεῖς,
2815 4964 2923 5002 non
2956 4949 3143 5020 utique
3167 4950 3358 5006 mundi

71 5040 150 5093 in
200 5035 355 5089 libro
392 5031 690 5097 disseruit;
721 5045 843 5099 qua:
879 5031 934 5084 in
985 5030 1132 5084 hunc
1182 5031 1385 5095 locum,
1439 5040 1494 5084 et
1525 5029 1668 5098 huju:

1793 5035 1954 5100 6252,
1981 5035 2074 5089 sed
2114 5035 2256 5089 6240
2288 5039 2563 5091 numerari
2593 5040 2834 5108 oportuit
2859 5055 3059 5094 annum
3094 5042 3215 5096 740.

69 5127 418 5188 editionem
441 5122 696 5192 Computi
727 5130 1002 5175 reservata
1035 5121 1270 5176 fuerant.
1863 5126 2132 5182 Praeterea
2171 5128 2309 5183 falso
2333 5137 2387 5183 et
2438 5129 2569 5185 illud
2602 5146 2632 5185 a
2671 5131 2953 5204 Scaligero
2985 5134 3249 5204 scriptum
3277 5143 3361 5192 est

165 5218 265 5272 Ex
298 5217 387 5271 his
411 5215 648 5284 primum
682 5212 814 5266 illud
853 5213 1194 5282 apertissime
1223 5212 1420 5266 falsum
1455 5223 1540 5266 est
1579 5221 1692 5268 tres
1795 5234 1982 5277 εει-λιιι.
2017 5235 2181 5288 quam
2207 5221 2442 5290 appellat
2479 5223 2749 5289 lunarem,
2782 5239 2927 5281 anno
2959 5226 3098 5281 5495
3124 5228 3361 5281 natalem

66 5315 254 5368 istos
292 5317 584 5377 computos
614 5305 695 5360 sic
721 5304 943 5368 habere,
977 5313 1036 5358 ut
1064 5305 1301 5360 natalem
1335 5304 1540 5364 Christi
1566 5304 1694 5359 Dio-
1795 5310 2052 5364 exhibere
2073 5309 2316 5365 Christi:
2343 5313 2436 5366 sed
2471 5314 2537 5366 ad
2562 5316 2876 5370 methodum
2901 5317 3175 5371 decurtari
3203 5319 3361 5372 annis

62 5401 417 5475 nysianum
467 5398 740 5461 habeant,
795 5398 1081 5452 orientalis
1134 5398 1390 5468 quidem,
1448 5399 1502 5452 in
1549 5413 1694 5452 anno
1794 5401 1869 5456 2:
1902 5401 2048 5471 quod
2077 5412 2443 5457 commentum
2478 5406 2670 5474 ἄλογον
2704 5416 2865 5463 estet
2895 5408 3360 5462 ridiculum.Nam

61 5491 255 5548 5501
287 5491 543 5553 ,lunaris
598 5492 654 5543 in
701 5505 845 5543 anno
898 5489 1070 5552 5495,
1123 5488 1407 5544 Paschalis
1460 5492 1514 5544 in
1549 5505 1694 5544 anno
1797 5508 1976 5562 neque
2040 5493 2288 5556 ratione,
2348 5511 2526 5566 neque
2579 5498 2905 5554 auctoritate
2952 5499 3192 5552 nititur:
3250 5497 3362 5550 imo

51 5581 282 5642 5509.
326 5582 425 5650 (Ita
459 5583 604 5634 enim
635 5581 818 5633 vocari
851 5588 959 5634 tres
996 5595 1135 5634 teras
1174 5581 1296 5635 illas
1323 5595 1354 5634 a
1393 5580 1692 5652 Scaligero,
1799 5592 2030 5653 utraque
2093 5586 2461 5642 convincitur.
2527 5587 2808 5657 Siquidem
2869 5590 3118 5659 computi.
3173 5597 3359 5642 auctor

52 5673 246 5735 libri
299 5673 469 5742 hujus
529 5671 684 5727 initio
735 5671 1107 5742 monuimus.)
1152 5672 1301 5728 Unde
1355 5676 1420 5728 ad
1488 5689 1690 5729 annum
1801 5677 1984 5744 istius,
2022 5683 2079 5732 ut
2123 5676 2339 5747 quidem
2375 5689 2620 5749 apparet,
2675 5681 2775 5734 fuit
2816 5680 3162 5737 Panodorus.
3202 5680 3270 5733 At
3314 5679 3362 5735 is
