3808 6338
456 254 590 307 I425

1443 244 1534 298 AD
1574 244 1837 298 EUSEBII
1877 242 2273 299 CllRONlCON
2307 241 2671 298 APPENDIX.

3547 242 3666 298 I424

454 383 593 420 anno
626 365 767 419 5495
796 362 1235 418 incarnationem
1274 358 1549 418 attribuit.
1591 365 1730 412 teste
1764 357 2018 427 Georgio.
2049 362 2095 416 Α
2127 356 2276 419 facit,
2313 357 2577 412 detractis
2620 356 2687 409 de
2718 370 2863 409 anno
2906 356 3095 410 mundi
3125 353 3308 411 5494:
3340 348 3583 408 nimirum
3620 358 3667 410 in

453 460 592 513 Tum
625 460 902 531 cyclornm
952 464 1005 508 et
1045 453 1405 508 indictionum
1463 450 1711 503 calculus
1754 448 2021 502 hactenus

455 555 756 623 explicatus
790 569 818 604 a
848 549 1006 603 nobis
1035 546 1284 601 eumdem
1310 544 1535 597 damnat
1569 556 1831 597 errorem.

532 647 682 700 Unus
715 644 783 697 ab
819 642 912 695 illo
950 640 1152 693 eitatur
1181 638 1365 690 fautor
1408 635 1574 703 hujus
1619 632 1894 703 opinionis
1921 631 2023 686 Ce-

458 735 700 788 drenus:
739 709 1009 801 quem'ait
1036 741 1202 781 rerum
1234 726 1384 779 illam
1421 721 1599 793 sequi,
1632 736 1753 790 qua:
1789 718 2022 771 natalem

457 826 661 883 Christi
712 822 989 892 componit
1032 835 1157 874 cum
1207 833 1353 873 anno
1422 815 1612 870 mundi
1660 812 1845 875 5495;
1902 810 2024 864 ideo

458 929 717 989 perpetua
757 915 1013 971 methodo
1059 917 1125 969 de
1181 912 1330 966 illius
1360 925 1468 964 ara
1499 906 1863 963 'deducendos
1904 918 2025 957 esse

459 1012 615 1065 5494.
642 1009 755 1065 Etsi
785 1008 955 1063 futilis
982 1014 1067 1061 est
1097 1014 1296 1059 auctor
1317 1003 1438 1065 iste,
1475 1015 1578 1055 nec
1615 998 1682 1052 ad
1714 994 2024 1051 uniusmodi

458 1112 772 1173 computum
809 1097 1169 1162 adhaerescit;
1202 1103 1385 1149 tamen
1428 1107 1497 1148 ne
1545 1091 1600 1145 id
1641 1088 1860 1158 quidem
1902 1100 2027 1140 vere

458 1196 525 1251 de
572 1210 639 1249 eo
691 1189 1005 1263 przedicavit
1056 1187 1315 1258 Scaliger
1361 1188 1514 1255 (pag.
1553 1180 1734 1251 565),
1791 1178 2023 1232 natalem

459 1298 799 1339 communem
837 1283 892 1336 in
924 1281 1097 1352 ipsius
1130 1294 1239 1333 aera
1273 1293 1417 1331 anno
1450 1273 1738 1328 convenire
1764 1270 1922 1325 5495.

532 1375 774 1429 Primum
807 1372 1011 1428 diserte
1067 1371 1154 1425 hic
1195 1369 1354 1441 (pag.
1387 1366 1531 1426 144)
1570 1362 1807 1417 affirmat
1849 1376 1909 1416 se
1959 1358 2027 1412 ad

460 1482 635 1521 annos
684 1464 1082 1520 lncarnationis
1129 1470 1323 1533 putare
1374 1458 1551 1518 5506,
1582 1464 1637 1510 et
1696 1453 1862 1524 paulo
1904 1456 2029 1504 ante

462 1558 656 1614 scribit
688 1571 892 1610 annum
923 1554 1124 1608 Tiberii
1148 1569 1218 1606 xv
1247 1565 1372 1605 esse
1414 1547 1603 1604 mundi
1646 1544 1805 1601 5556.
1836 1543 2029 1596 Annus

464 1668 532 1705 xv
565 1649 776 1704 Tiberii
824 1658 909 1702 est
941 1663 1063 1702 tera:
1108 1641 1416 1699 communis
1463 1656 1613 1694 χιιι.
1652 1637 1816 1692 Deme
1855 1648 2031 1690 annos

2122 462 2187 499 eo
2222 446 2314 515 qui
2370 456 2593 516 putatur
2625 444 2786 507 602i,
2820 460 2928 514 quo
2957 443 3336 501 Justinianum
3379 444 3562 499 iniisse
3596 461 3666 500 re.

2123 538 2271 603 fert;
2308 540 2513 608 quique
2556 537 2924 608 Dionysianus
2960 538 3063 590 fuit
3098 552 3278 592 annus
3301 535 3424 590 527.
3475 536 3530 590 Si
3551 553 3667 606 pra:-

2124 636 2208 683 ter
2274 628 2377 683 hoc
2443 630 2691 698 exempla
2753 629 2859 682 alia
2909 636 3208 697 suppetant
3269 629 3497 697 (neque
3546 628 3668 681 enim

2125 722 2356 774 scrutari
2395 729 2553 774 vacat
2603 720 2847 790 omnia),
2879 734 2944 775 ea
2978 721 3138 789 longe
3184 719 3516 788 paucissima
3542 728 3667 783 sunt,

2124 827 2224 866 nec
2253 828 2378 866 cum
2413 829 2625 879 eorum,
2648 828 2771 883 qua:
2799 813 3180 883 produximus,
3215 827 3446 866 numero
3478 827 3669 881 compa-

2131 905 2240 957 rari
2274 912 2504 974 queunt.
2555 905 2827 969 Quocirca
2880 919 3040 958 nemo
3091 902 3413 958 Graecorum
3454 913 3669 957 veterqu

2127 997 2195 1051 de
2221 997 2324 1050 hac
2353 1010 2461 1050 aera
2509 996 2769 1066 cogitavit
2817 1010 3093 1064 unquam;
3145 1011 3310 1050 nemo
3358 996 3571 1052 biennio
3596 996 3670 1049 de-

2127 1089 2363 1146 curtavit
2393 1108 2407 1143 :
2432 1090 2576 1159 quod
2610 1090 2858 1158 ineptum
2891 1095 2976 1143 est
3011 1102 3075 1141 ac
3105 1087 3386 1142 frivolum.

2197 1182 2255 1236 ln
2277 1182 2451 1253 cyclis
2478 1197 2606 1235 vero
2640 1181 2774 1235 solis
2798 1197 2861 1234 ac
2886 1181 3051 1244 luna),
3079 1195 3222 1250 quos
3244 1179 3519 1249 computis
3548 1178 3669 1234 Grae-

2127 1276 2208 1331 cis
2254 1273 2685 1329 accommodavit
2731 1274 2787 1326 in
2838 1270 2996 1327 Notis
3047 1273 3114 1327 ad
3165 1270 3401 1342 Eclogas
3458 1271 3673 1335 Maximi,

2127 1376 2331 1437 quanta
2361 1365 2614 1420 cmcitas!
2646 1364 2812 1436 Cyclo
2844 1364 2977 1419 solis
3000 1379 3125 1419 trra!
3165 1364 3382 1417 lunaris
3411 1363 3580 1433 primo
3609 1379 3674 1417 re-

2128 1458 2398 1527 spondere
2434 1462 2635 1510 asserit
2674 1455 2887 1525 cyclum
2932 1454 3066 1508 solis
3091 1469 3205 1508 xvu
3248 1469 3373 1508 tera:
3398 1451 3672 1517 Paschalis,

2129 1555 2183 1601 et
2234 1546 2519 1600 orientalis
2565 1560 2771 1600 nouum
2801 1561 2816 1609 ;
2845 1559 2910 1600 ac
2938 1531 3119 1599 tribu's
3160 1544 3288 1598 istis
3321 1545 3532 1599 litteras
3558 1543 3595 1595 B
3622 1543 3674 1604 A,

2130 1645 2190 1690 ut
2225 1637 2297 1691 sit
2339 1636 2623 1690 Romanus
2654 1634 2841 1706 cyclus
2865 1651 2936 1689 v:
2986 1635 3142 1705 cyrlo
3172 1649 3305 1689 vero
3336 1633 3516 1687 lunari
3560 1648 3677 1695 ω.

463 1700 883 1801 5195655556,
917 1700 981 1792 ut
1018 1736 1262 1807 praecipit
1299 1732 1571 1803 Scaliger,
1604 1729 1812 1784 orietur
1850 1741 2029 1781 annus
2060 1700 2101 1755 Β
2133 1744 2298 1800 quam
2332 1729 2578 1783 lunarem
2600 1700 2778 1790 vocat,
2806 1700 3141 1796 respondere
3172 1726 3430 1780 similiter
3462 1724 3519 1778 in
3554 1739 3678 1779 com-

466 1849 573 1887 an
604 1847 728 1887 ante
758 1829 1114 1893 Cbristianze;
1139 1825 1452 1881 tricesimus
1481 1831 1661 1876 autem
1699 1819 1950 1886 exsistet,
1984 1816 2033 1872 si

465 1924 606 1977 5506
636 1920 884 1976 auferas.

536 2013 619 2067 Ad
678 2014 796 2067 [nec
841 2011 1026 2066 urbem
1077 2003 1741 2075 ConstantinOpolitanam
1794 1997 2035 2055 exaedifi-

466 2114 645 2160 catam
669 2104 837 2158 refert
861 2101 1085 2156 indietio
1115 2114 1175 2152 ιιι
1221 2112 1364 2152 anno
1392 2095 1579 2150 mundi
1609 2092 1747 2149 5858
1782 2092 1859 2163 (p.
1881 2090 2032 2160 2‘55),

468 2199 594 2253 .‘llaii
635 2213 725 2259 xi,
774 2196 908 2250 feria
954 2210 1013 2247 ιι.
1070 2192 1195 2247 Fuit
1232 2204 1364 2259 ergo
1411 2189 1592 2243 littera
1625 2185 1691 2251 D,
1754 2192 1808 2240 et
1857 2198 2034 2237 annus

465 2288 669 2344 Christi
690 2283 990 2341 cccxxx.Si
1017 2283 1085 2337 de
1114 2281 1255 2335 5858
1284 2279 1492 2334 adimas
1522 2277 1663 2334 5494
1685 2319 1703 2344 ,
1733 2274 1824 2330 ﬁet
1854 2288 2037 2328 annus

465 2379 671 2435 Christi
705 2392 946 2432 cccxuv.
985 2373 1154 2429 Vides
1188 2369 1524 2439 ἁλογιστίαν.

537 2472 748 2525 llursus
777 2469 919 2523 idem
951 2464 1236 2521 Cedrenus
1267 2464 1343 2516 ait
1380 2464 1535 2532 (pag.
1563 2458 1697 2529 269)
1722 2457 2035 2513 Nectarium

469 2561 1129 2631 ConstantinOpolitanam
1199 2557 1440 2611 tenuisse
1512 2552 1830 2608 cathedram
1890 2563 2035 2603 anno

468 2655 656 2710 mundi
685 2653 845 2718 5888,
877 2647 1279 2706 lncarnationis
1314 2646 1440 2700 594.
1485 2643 1676 2699 Annus
1705 2657 1816 2712 quo
1847 2640 2037 2696 sedere

465 2747 635 2816 coepit
682 2742 990 2805 Nectarius,
1019 2747 1103 2795 est
1129 2740 1185 2793 in
1217 2752 1323 2792 aera
1355 2735 1683 2806 Dionysiana
1716 2733 1851 2798 581;
1891 2745 2038 2785 mor-

468 2846 598 2891 tuus
625 2845 710 2890 est
738 2843 918 2888 autem
951 2830 1076 2885 598.
1129 2827 1388 2884 Deductis
1429 2827 1588 2882 annis
1619 2824 1761 2880 5494
1797 2828 1865 2878 tle
1897 2821 2041 2877 5888

468 2926 662 2997 reliqui
700 2933 829 2981 sunt
883 2922 1010 2978 594.
1047 2923 1245 2976 Verum
1293 2935 1403 2973 non
1453 2918 1541 2972 ille
1587 2932 1764 2970 annus
1788 2922 1881 2977 est
1914 2928 2038 2968 terte

469 3017 809 3088 Dionysiame
858 3034 869 3069 :
906 3014 1067 3083 cujus
1096 3011 1164 3065 ad
1209 3010 1519 3066 methodum
1559 3007 1883 3063 auferendus
1912 3020 2037 3062 esse
2062 3037 2111 3101 ο

468 3109 630 3164 scivit
663 3121 837 3160 annos
871 3104 1035 3159 5494.

541 3195 748 3262 Quarto
780 3196 1047 3266 synodum
1082 3192 1413 3263 Ephesinam
1458 3192 1690 3261 primam
1731 3187 1945 3243 confert
1979 3188 2034 3242 in

469 3302 671 3342 annum
714 3287 856 3342 5915
893 3287 1051 3357 (pag.
1080 3285 1244 3354 276).
1285 3282 1471 3338 Deduc
1515 3297 1689 3336 annos
1738 3279 1897 3345 5494,
1946 3279 2039 3335 fiet

470 3396 647 3435 annus
676 3380 879 3435 Christi
899 3378 1023 3433 421.
1056 3377 1224 3449 Atqui
1247 3384 1369 3433 erat
1398 3392 1578 3432 annus
1611 3376 1740 3430 451.

539 3472 740 3538 Quinto
791 3473 1098 3526 Romanum
1144 3471 1548 3540 imperatorem,
1581 3468 1675 3539 qui
1724 3482 1847 3521 cum
1886 3465 2033 3521 Con-

470 3564 711 3619 stantino
733 3561 1208 3632 Porphyrogeneto
1227 3560 1513 3629 imperium
1537 3559 1727 3623 tenuit,
1748 3574 1777 3611 a
1808 3555 2038 3627 Stepha-

469 3670 545 3708 no
573 3654 687 3707 ﬁlio
710 3654 766 3707 iu
794 3652 1040 3708 ordinem
1060 3651 1337 3706 redactum
1364 3666 1486 3706 esse
1508 3659 1856 3705 narrataqu
1875 3649 2034 3711 6455,

471 3746 767 3802 indictione
798 3761 861 3800 ιιι
893 3745 971 3815 (p.
997 3743 1155 3813 522).
1183 3742 1374 3797 Aunus
1402 3751 1521 3796 erat
1552 3741 1756 3797 Christi
1779 3740 1903 3802 944,
1930 3755 2043 3809 quo

473 3835 702 3889 indictio
735 3850 791 3887 ιιι
818 3834 930 3902 jam
956 3836 1322 3902 usurpabatur
1342 3831 1655 3887 Decembris
1678 3847 1786 3896 xvr,
1813 3831 2038 3901 quando

475 3927 608 3981 illud
636 3925 854 3980 accidit.
870 3923 988 3978 1am
1011 3925 1057 3979 si
1092 3924 1160 3979 ab
1183 3924 1341 3979 annis
1359 3924 1500 3979 6455
1521 3923 1739 3979 auferas
1768 3922 1932 3990 5494,
1954 3939 2041 3977 re-

473 4017 749 4087 linquetur
771 4031 948 4070 annus
974 4015 1174 4071 Christi
1204 4015 1329 4070 959.
1346 4014 1642 4070 Subductis
1664 4023 1847 4068 autem
1876 4015 2039 4069 annis

474 4108 635 4174 5508,
656 4109 868 4164 exsistit
899 4123 1077 4162 annus
1109 4106 1237 4162 944.
1263 4105 1444 4172 Quare
1477 4123 1585 4162 non
1627 4109 1902 4175 lunarem,
1937 4106 2039 4162 sed

474 4200 788 4256 Paschalem
824 4207 1138 4269 computum
1172 4198 1347 4252 tenuit
1377 4198 1479 4252 hoc
1512 4198 1634 4251 loco
1665 4198 1964 4252 Cedrenus.

545 4290 712 4351 Sexto
739 4292 1202 4363 Theophylactum
1225 4291 1589 4361 patriarcham
1616 4290 1820 4345 obiisse
1839 4289 2035 4345 scribit

476 4386 620 4458 (pag.
638 4384 764 4455 526)
780 4399 923 4438 anno
939 4383 1099 4449 6464,
1118 4384 1414 4439 indictione
1431 4400 1540 4447 xw,
1564 4382 1844 4436 Februarii
1861 4398 2032 4437 xxvn.
2068 4399 2117 4459 ο

475 4474 574 4531 llic
601 4490 778 4531 annus
809 4484 894 4531 est
912 4489 1034 4530 atrae
1063 4476 1367 4530 communis
1389 4476 1513 4537 956,
1540 4475 1738 4543 quibus
1765 4475 2034 4528 detractis

477 4571 542 4622 de
560 4567 698 4622 6464
726 4569 909 4632 annis,
931 4576 1141 4622 restant
1162 4567 1323 4623 5508.
1347 4566 1586 4622 Proinde
1615 4569 1779 4621 etiam
1809 4567 1898 4621 hic
1928 4582 2038 4622 tera

474 4656 724 4714 Paschali
759 4659 1038 4714 Cedrenus
1073 4657 1270 4712 utitur.

545 4748 789 4818 Denique
826 4750 1060 4818 scriptor
1087 4749 1232 4803 idem
1256 4747 1515 4820 deinceps
1554 4748 1622 4802 ad
1657 4748 1820 4803 ﬁnem
1848 4746 2039 4817 aperis

473 4842 838 4910 computoillo
866 4843 1058 4907 utitur,
1090 4841 1183 4912 qui
1201 4841 1267 4896 ad
1288 4856 1451 4896 aram
1482 4842 1847 4897 Christianam
1872 4856 2038 4912 appo-

475 4934 554 4986 nit
579 4947 751 4987 annos
773 4933 933 5000 5508,
964 4941 1021 4987 ut
1054 4950 1120 4989 ex
1152 4934 1448 4989 indictione
1471 4935 1639 5002 liquet
1665 4952 1678 4989 :
1715 4935 1863 4987 velut
1891 4949 2039 4988 anno

475 5023 663 5075 mundi
693 5021 852 5086 6468,
878 5022 1036 5087 647i,
1074 5023 1231 5088 6497,
1279 5022 1442 5089 6508,
1471 5023 1631 5086 6518,
1671 5022 1832 5087 6524,
1870 5022 2033 5086 6526,

477 5112 634 5178 6527,
665 5124 718 5169 et
751 5114 831 5169 sic
856 5114 911 5168 in
936 5115 1181 5185 reliquis.
1215 5114 1348 5181 Quae
1373 5125 1551 5185 potest
1576 5116 1742 5186 igitur
1776 5131 1875 5185 par
1910 5116 2039 5169 huic

475 5218 598 5258 esse
625 5204 925 5271 temeritas,
969 5221 1089 5275 qua:
1120 5208 1411 5262 oscitantia
1463 5209 1657 5276 major,
1691 5224 1855 5278 quam
1888 5207 2037 5262 afﬁr-

477 5309 625 5348 mare
653 5294 957 5350 Cedreuum
1001 5299 1077 5352 ita
1118 5314 1291 5355 annos
1320 5299 1507 5353 mundi
1551 5310 1816 5369 perpetuo
1864 5316 2038 5355 com-

476 5393 719 5453 putasse,
751 5396 810 5440 ut
840 5387 905 5442 ad
951 5404 1113 5444 teram
1140 5390 1506 5446 Christianam
1559 5392 1819 5460 adjiceret
1845 5392 1988 5447 5494
2019 5408 2034 5457 ;

476 5495 600 5531 cum
648 5480 849 5550 ubique
892 5481 1003 5538 fere
1039 5483 1178 5538 5508
1209 5483 1508 5553 adjungat;
1541 5492 1634 5537 aut
1667 5485 1713 5538 si
1754 5486 1913 5540 aliter
1953 5486 2035 5538 in-

478 5568 705 5633 stituat,
742 5571 984 5626 mendosi
1029 5572 1317 5642 perspicue
1371 5573 1583 5626 numeri
1642 5574 1795 5627 sint?
1843 5575 2036 5639 Unus,

479 5663 701 5731 opinor,
740 5663 889 5717 locus
922 5674 1025 5729 est,
1067 5664 1121 5717 in
1170 5679 1279 5733 quo
1309 5678 1435 5717 cum
1490 5678 1599 5716 tera
1630 5664 1836 5736 vulgari
1880 5666 2033 5736 paria

2131 1831 2263 1894 puto
2318 1821 2568 1876 Paschali
2624 1819 2837 1889 cyclum
2876 1834 3025 1880 xvn,
3063 1818 3120 1873 in
3166 1818 3428 1873 orientali
3481 1832 3681 1875 nonum,

2129 1913 2350 1986 quando
2373 1930 2465 1968 xiv
2482 1912 2764 1968 Paschalis
2785 1920 2906 1966 erat
2922 1912 3128 1981 Aprilis
3151 1927 3204 1965 ν.
3224 1910 3425 1964 Mirum
3454 1926 3572 1965 cum
3595 1915 3679 1967 ista

2130 2007 2414 2072 scriberet,
2434 2021 2543 2061 non
2571 2007 2722 2060 illum
2752 2003 3099 2059 consuluisse
3121 2001 3421 2057 Maximum
3454 2011 3681 2065 suum,et

2130 2097 2440 2168 exemplum
2485 2097 2555 2151 ab
2607 2111 2673 2151 eo
2719 2094 2980 2165 descripti
3030 2094 3320 2148 Paschalis
3368 2095 3683 2149 animadvew

2132 2190 2307 2244 tisse:
2360 2203 2508 2243 anno
2553 2188 2747 2243 mundi
2795 2187 2964 2251 6155,
3023 2186 3243 2258 cyclum
3296 2187 3436 2242 solis
3482 2186 3681 2257 imputat

2134 2281 2406 2336 Maximus
2438 2281 2698 2350 primum,
2724 2281 2938 2351 cyclum
2967 2279 3111 2333 luna:
3132 2295 3236 2345 xv;
3278 2279 3575 2332 terminum
3602 2275 3683 2331 Pa—

2134 2373 2397 2437 schalem,
2447 2374 2561 2427 sive
2595 2388 2686 2426 xiv
2732 2372 2808 2425 ait
2856 2371 3116 2427 incidisse
3154 2371 3422 2426 Kalendis
3471 2372 3684 2442 Aprilis,

2136 2464 2269 2518 feria
2309 2464 2507 2534 prima.
2556 2462 2614 2517 Si
2648 2464 2774 2533 quis
2801 2464 2944 2518 alius
2974 2464 3323 2525 orientalem,
3347 2479 3513 2533 quem
3552 2470 3682 2517 vocat

2138 2552 2403 2625 Scaliger,
2444 2563 2759 2625 computum
2786 2553 3063 2619 adhibuit,
3107 2554 3156 2608 is
3201 2565 3287 2608 est
3328 2556 3571 2624 profecto
3594 2552 3681 2607 lla—

2138 2647 2340 2700 ximus.
2388 2643 2524 2698 Nam
2574 2646 2732 2700 docet
2784 2660 2930 2699 anno
2984 2644 3121 2699 5501
3186 2646 3537 2701 incarnatum
3584 2661 3684 2701 esse

2137 2737 2442 2792 Christum.
2475 2736 2829 2807 Igiturlcyclo
2876 2737 3022 2792 illius
3050 2752 3176 2791 aera:
3207 2737 3388 2805 primo
3425 2737 3684 2807 respondet

2137 2844 2205 2885 ex
2234 2830 2500 2893 laterculo
2523 2829 2786 2899 Scaligeri
2814 2831 3001 2900 cyclus
3023 2830 3159 2884 solis
3178 2845 3269 2883 xxi
3296 2829 3353 2883 in
3381 2846 3488 2884 aera
3514 2829 3682 2889 lunari,

2140 2929 2197 2973 et
2225 2935 2280 2973 ix
2305 2919 2362 2972 in
2387 2918 2642 2973 Paschali
2668 2937 2683 2972 :
2731 2918 3014 2972 Romanus
3043 2933 3177 2973 vero
3206 2920 3402 2989 cyclus
3451 2934 3572 2981 xxv,
3600 2918 3685 2970 huc

2139 3010 2428 3065 estlitterte
2447 3008 2554 3063 El).
2574 3010 2736 3080 Atqui
2755 3020 2969 3066 constat
2986 3010 3285 3066 litteramG
3304 3025 3452 3065 anno
3474 3011 3566 3064 illo
3584 3026 3685 3063 cum

2142 3116 2193 3156 vt
2230 3101 2474 3156 Romano
2515 3102 2669 3172 cyclo
2718 3102 2851 3157 solis
2873 3102 3182 3158 obtinuisse
3219 3121 3233 3157 :
3271 3103 3535 3156 nimirum
3569 3116 3691 3154 anno

2138 3192 2347 3247 Christi
2376 3208 2570 3258 IDCXLI,
2602 3209 2711 3263 quo
2747 3193 2884 3248 feria
2922 3196 3101 3265 prima
3135 3193 3329 3248 incidit
3362 3193 3419 3247 in
3448 3193 3688 3247 Kalendas

2140 3285 2365 3355 Aprilis.
2402 3286 2536 3340 Item
2569 3301 2637 3340 ex
2686 3285 2886 3340 tabella
2938 3286 3208 3357 Scaligeri
3262 3284 3485 3340 decima
3521 3292 3688 3354 quarta

2139 3374 2421 3433 Paschalis
2448 3378 2603 3448 cyclo
2646 3378 2787 3433 luna:
2814 3394 2885 3433 xv
2915 3378 3112 3434 cadere
3154 3379 3429 3434 debuerat
3457 3380 3511 3433 in
3537 3377 3688 3432 Martii

2140 3485 2270 3533 ιιικ,
2304 3480 2363 3523 ιιι
2394 3462 2539 3525 85804
2567 3484 2777 3528 aureus
2800 3485 3063 3525 numerus
3086 3486 3185 3534 VII,
3220 3486 3352 3525 Clll‘ll
3395 3481 3573 3525 tamen
3596 3484 3690 3525 εἰτ-

2142 3568 2257 3612 tum
2289 3560 2360 3615 sit
2412 3575 2554 3614 anno
2594 3560 2785 3616 eodem
2841 3576 3068 3615 aureum
3113 3576 3414 3616 numerum
3443 3562 3691 3617 exstitisse

2140 3665 2231 3713 xv,
2258 3659 2313 3705 et
2336 3652 2625 3706 terminum
2654 3651 2969 3706 Paschalcm
3001 3651 3281 3707 Kalendas
3308 3653 3529 3724 Apriles
3552 3667 3691 3705 occu-

2140 3757 2322 3812 passe.
2356 3743 2581 3798 Possem
2628 3744 2728 3799 ista
2767 3744 2932 3798 latius
2979 3746 3277 3814 persequi,
3315 3756 3374 3800 et
3424 3747 3691 3804 inscitiam,

2140 3849 2251 3905 qua
2280 3836 2428 3889 nulla
2453 3836 2555 3891 hoc
2583 3837 2637 3890 in
2668 3845 2990 3907 argumento
3017 3837 3195 3907 major
3234 3848 3425 3909 potest
3454 3839 3690 3896 accidere.

2141 3927 2393 3997 pluribus
2443 3927 2708 3997 exemplis
2766 3926 3077 3984 traducere.
3124 3927 3234 3984 Sed
3320 3946 3393 3986 ex
3441 3932 3692 4001 superiore

2143 4019 2293 4072 omni
2320 4019 2691 4088 disputatione
2713 4033 2875 4088 quam
2905 4018 2972 4073 de
2997 4021 3280 4089 computis
3305 4021 3432 4077 istis
3452 4031 3505 4077 et
3531 4036 3690 4075 eorum

2142 4111 2287 4165 inter
2315 4126 2374 4166 se
2397 4112 2611 4167 ratione
2632 4120 2945 4167 accuratam
2979 4112 3353 4179 instituimus,
3385 4115 3512 4172 licet
3542 4115 3689 4169 cuivis

2144 4202 2225 4255 vel
2247 4201 2510 4256 mediocri
2544 4217 2646 4256 usu
2674 4201 2861 4255 talium
2894 4201 3170 4257 instructo
3197 4203 3418 4260 infinite
3448 4211 3688 4277 patentem

2142 4292 2619 4348 halluciuationem
2652 4295 3004 4348 convincere.

2731 4382 2960 4438 CAPUT
3002 4383 3118 4438 VII.

2146 4477 2223 4532 De
2262 4476 2501 4531 methodo
2566 4477 2804 4546 paschali
2855 4486 3226 4545 compulorum
3291 4479 3588 4532 Gra'corum
3644 4491 3692 4528 ac

2211 4549 2438 4618 primum
2470 4547 2534 4600 de
2561 4547 2990 4618 ἡμεροευρεσζῳ,
3022 4548 3130 4601 sive
3157 4548 3524 4618 in'uestiganda
3560 4549 3689 4615 feria.

2212 4615 2558 4688 Expellantur
2583 4615 2839 4670 elei—uentu
2868 4615 2985 4686 ejus
3006 4618 3242 4688 omnia;
3268 4615 3399 4687 quid
3438 4622 3538 4673 sint
3563 4634 3693 4688 regu-

2216 4687 2374 4748 lares,
2415 4697 2811 4760 concurrentes,
2852 4686 3174 4758 προσθεταί.
3240 4686 3507 4760 Staligcri
3556 4686 3691 4743 ἰηᾟύ

2210 4772 2378 4811 error.
2407 4756 2675 4809 Maximus
2706 4767 2754 4809 et
2782 4756 3007 4810 Isadcus
3038 4760 3297 4827 expositi.

2212 4843 2497 4901 Paschalis
2555 4846 2930 4902 methodusin
2968 4846 3079 4900 duo
3141 4848 3371 4920 fastigia
3425 4848 3694 4911 dividitur;

2144 4951 2242 5005 pro
2286 4938 2453 5008 eyclis
2500 4938 2749 5002 totidem,
2803 4939 2936 4994 solis
2995 4954 3060 4993 ac
3120 4940 3290 4995 lunaa.
3351 4941 3491 4998 Pars
3542 4943 3695 5007 itaque

2144 5028 2295 5096 prior
2321 5037 2405 5085 est
2438 5030 2729 5084 character
2759 5029 2888 5094 diei,
2926 5031 3043 5085 sive
3078 5031 3239 5098 feria,
3277 5036 3432 5104 quod
3459 5037 3693 5105 ἡμεροευ-

2148 5120 2325 5191 ρέσιον
2358 5120 2626 5177 Maximus
2643 5122 2895 5192 appellat,
2934 5126 3217 5193 posterior
3248 5125 3317 5180 ad
3354 5135 3596 5196 quartam
3618 5124 3691 5177 de-

2145 5212 2340 5266 cimam
2374 5215 2717 5282 paschalem;
2755 5215 3042 5285 ipsumque
3072 5215 3288 5271 Pascha
3314 5218 3697 5278 Christianum;

2145 5311 2200 5357 et
2231 5303 2296 5357 ad
2333 5304 2493 5367 lunae,
2531 5315 2589 5358 ut
2621 5315 2841 5367 vocant,
2866 5316 3080 5363 aetatem
3120 5310 3564 5380 investigandam
3595 5321 3694 5377 per-

2146 5394 2302 5447 tinet.
2336 5392 2630 5465 Utriusqne
2660 5398 2801 5451 ratio
2825 5415 2854 5451 a
2886 5400 3042 5453 nobis
3067 5400 3469 5469 explicabitur,
3502 5410 3645 5469 atque
3668 5410 3691 5444 ³

2145 5484 2339 5557 pripri,
2366 5503 2489 5556 qua:
2512 5489 2647 5543 solis
2670 5490 2890 5558 propria
2921 5498 3028 5553 est,
3058 5492 3350 5558 capiemus
3396 5492 3623 5546 initium.

2217 5576 2342 5631 Tria
2375 5590 2505 5634 sunt
2566 5579 2632 5633 ad
2683 5580 3042 5650 indagandam
3094 5581 3294 5637 feriam
3331 5585 3387 5641 in
3419 5585 3693 5641 Graecorum

2148 5678 2403 5738 computo
2432 5672 2776 5737 necessaria;
2809 5670 3129 5744 προσθεταε,
3161 5674 3285 5732 sive
3321 5687 3532 5749 cpacta:
3572 5688 3695 5731 men‘
