3808 6308
139 422 276 483 N25

1092 415 1551 474 DISSERTAT10
1591 415 1677 469 DE
1713 412 2121 471 GRIECORUM
2158 412 2361 469 IERIS.

3262 413 3397 469 H26
3438 408 3442 413 ’

140 549 539 614 sium;epactae
568 554 873 608 annorum;
906 541 1021 611 eti;
1075 538 1334 601 ποσταία,
1370 537 1486 594 sive
1544 543 1709 605 quota
1741 538 1781 591 Α
1811 533 1941 586 bent
1982 531 2176 586 feriam
2221 547 2337 596 vn;
2393 527 2651 583 Kalendis
2709 532 2895 581 autem
2943 523 3148 596 Aprilis
3197 526 3396 580 eadem

139 628 251 684 dies
280 629 506 684 mensis.
545 629 876 702 Προσθετάς,
922 644 1017 684 eos
1050 643 1194 691 esse,
1228 628 1321 697 qui
1355 627 1623 698 regulares
1677 641 1706 678 a

138 719 608 788 computatoribus
650 719 857 774 nostris
894 726 1183 783 vocantur,
1234 716 1480 788 Scaliger
1516 718 1709 773 existi-

138 816 243 863 mat
279 810 424 881 (pag.
463 810 587 881 749)
622 832 636 865 :
670 811 725 865 in
757 827 865 881 quo
898 811 1054 865 valde
1119 808 1346 865 fallitur.
1401 809 1708 878 Appellatio

136 898 349 967 quidem
390 900 509 969 ipsa
537 901 865 970 regularium
900 903 1016 964 ταῖς
1040 899 1369 969 προσθεταῖς
1404 914 1708 954 accommo-

134 989 247 1043 dari
271 997 468 1059 potest,
497 991 573 1046 uti
604 1007 706 1047 nos
736 993 789 1046 in
826 984 1012 1046 Latina
1036 992 1289 1046 versione
1321 991 1589 1057 fecimus;
1611 993 1705 1047 sed

137 1081 205 1133 ita
241 1092 296 1135 ut
321 1096 430 1137 non
460 1084 677 1139 eosdem
701 1099 822 1139 esse
843 1083 1153 1139 Graecorum
1201 1084 1483 1154 regulares
1509 1098 1573 1138 ac
1601 1083 1698 1136 La-

134 1176 295 1237 tinos,
329 1174 622 1245 intelligas.
648 1175 725 1229 Ae
756 1177 823 1231 de
846 1178 1039 1231 borum
1077 1176 1298 1248 quidem
1329 1176 1701 1245 regularibus,

130 1271 183 1317 et
214 1267 676 1322 concurrentibus
707 1270 918 1339 egimus
943 1270 1038 1326 lib.
1071 1268 1141 1322 VI
1181 1268 1258 1323 De
1287 1268 1543 1322 doctrina
1574 1278 1705 1321 tem-

128 1370 333 1423 porum,
387 1372 511 1428 cap.
542 1357 777 1423 XXVIII,
822 1362 979 1431 cujus
1004 1361 1254 1416 doctrina
1289 1359 1487 1431 capitis
1544 1375 1699 1415 assu-

132 1448 321 1502 menda
342 1459 428 1505 est
457 1451 523 1504 ad
554 1449 753 1506 Grmci.
786 1455 1027 1524 computi
1074 1454 1360 1520 notitiam;
1420 1461 1506 1508 est
1551 1452 1697 1508 enim

129 1542 456 1596 necessaria.
485 1541 589 1597 Sed
631 1544 734 1599 hoc
782 1546 902 1601 loco
935 1547 1157 1602 minime
1195 1545 1523 1616 repetenda;
1571 1559 1696 1598 eum

128 1630 182 1684 in
213 1639 465 1703 promptu
499 1634 610 1688 illic
628 1634 893 1693 habeatur
919 1655 932 1690 :
965 1646 1162 1708 praeter
1191 1637 1521 1707 paucissima
1544 1651 1695 1706 qua:-

127 1718 352 1784 dam,et
405 1722 760 1796 καιριώτερα,
813 1726 931 1781 siue
967 1727 1167 1798 quibus
1220 1726 1482 1797 explicari
1546 1725 1693 1796 quod

100 1811 384 1880 proposui
412 1827 524 1867 non
555 1821 755 1883 potest.
781 1815 1100 1871 Latinorum
1129 1819 1408 1886 regulares
1441 1824 1569 1871 sunt
1616 1816 1694 1869 ie-

1811 629 2014 690 epacta:
2046 622 2180 675 solis
2234 635 2311 672 vit
2368 632 2492 673 cum
2547 616 2876 689 προσθεταῖς
2926 631 3027 680 vn,
3061 623 3114 669 et
3150 630 3264 668 uno
3310 614 3398 669 die

1812 709 2200 771 Kalendarum,
2231 707 2469 762 oderunt
2491 706 2680 761 feriam
2708 721 2748 759 ι.

1879 799 2184 872 Προσθεταί
2213 798 2460 861 Maximi,
2493 806 2620 853 sunt
2666 795 2818 850 feriat
2853 794 3062 849 ultimae
3099 794 3208 849 diei
3240 801 3393 849 ante—

1810 890 2053 945 cedentis
2101 890 2346 959 proxime
2391 902 2633 942 mensem
2683 902 2835 950 eum,
2889 884 3050 952 cujus
3090 883 3390 955 προσϐεταί

1808 979 2068 1034 dicuntur
2087 979 2141 1032 in
2167 992 2311 1032 anno
2347 977 2524 1048 primo
2577 975 2716 1047 cycli
2766 972 3385 1042 Constantinopolitani,

1807 1071 1896 1140 qui
1946 1069 2239 1140 respondet
2293 1069 2447 1140 cyclo
2516 1069 2767 1122 Romano
2809 1081 2886 1130 vi,
2931 1064 3154 1134 quando
3203 1064 3382 1118 littera

1805 1169 1890 1214 est
1948 1161 2024 1226 (ἐς
2082 1168 2195 1213 ῑιιιιι
2252 1160 2396 1214 enim
2446 1157 2760 1213 Decembris
2823 1154 3184 1226 pratcedentis
3257 1155 3383 1208 ulti-

1805 1266 1927 1305 mus
1983 1251 2039 1305 in
2091 1250 2283 1304 feriam
2343 1264 2359 1303 ι
2409 1249 2618 1303 incidit.
2680 1247 2808 1302 Ideo
2863 1246 3130 1317 regularis
3176 1243 3381 1299 Janua-

1803 1344 1870 1398 rii
1918 1344 2047 1398 anni
2095 1343 2260 1406 illius,
2301 1357 2330 1395 a
2375 1357 2484 1412 quo
2524 1341 2770 1413 proxime
2820 1347 3044 1396 secutus
3082 1345 3165 1393 est
3202 1352 3380 1391 annus

1801 1435 2011 1504 primus
2065 1433 2205 1505 cycli
2261 1433 2476 1501 solaris,
2529 1432 2698 1502 Aprili
2740 1433 2985 1494 ineunte,
3045 1437 3130 1485 est
3182 1446 3198 1483 ι
3244 1427 3377 1483 feria

1800 1529 2003 1584 ultimae
2035 1529 2140 1583 diei
2166 1526 2413 1582 Januarii
2445 1543 2519 1581 IV.
2563 1526 2614 1582 Is
2644 1533 2729 1581 est
2763 1526 3031 1593 regularis
3069 1522 3372 1583 Februarii.

1799 1631 1848 1676 et
1871 1620 1951 1676 sic
1979 1619 2257 1689 deinceps,
2286 1626 2345 1674 ut
2376 1635 2450 1674 ex
2481 1618 2679 1673 tabella
2739 1624 2888 1688 patet
2915 1632 2927 1668 :
2963 1632 3084 1688 quae
3136 1623 3371 1685 quatuor
3448 1640 3457 1650 -

1797 1709 2050 1765 versibus
2081 1715 2318 1764 constat.
2349 1708 2368 1762 I
2400 1722 2616 1762 menses
2642 1706 2925 1761 Romanos
2965 1702 3367 1774 complectitur,

1800 1799 1840 1852 ιε
1874 1806 2098 1869 epactas
2129 1799 2346 1853 illorum
2381 1798 2496 1854 sive
2551 1798 2876 1869 προσθετάς,
2929 1795 2994 1851 111
3031 1795 3369 1866 singulorum

127 1901 218 1954 riae
241 1901 454 1956 dierum
491 1904 547 1958 in
577 1919 722 1959 anno
745 1907 884 1977 cycli
914 1908 1069 1972 solis,
1100 1908 1194 1978 qui
1230 1908 1463 1962 litteram
1500 1907 1690 1961 habuit

1800 1894 2070 1947 mensium
2100 1892 2244 1956 dies,
2280 1890 2352 1946 IV
2391 1892 2609 1947 eosdem
2642 1891 2761 1946 dies
2789 1890 3049 1946 collectos
3079 1904 3219 1960 quos
3270 1888 3366 1941 ad—

124 1984 188 2050 G,
226 1988 384 2043 initio
421 1990 492 2044 ab
516 1991 689 2061 Aprili
714 1992 911 2062 ducto;
967 2003 1066 2049 aut
1096 1996 1259 2051 etiam
1311 1996 1381 2052 ab
1407 1994 1688 2051 Januario.

126 2074 179 2131 Si
214 2092 243 2131 a
265 2076 531 2136 Januario
577 2082 832 2150 ducatur,
889 2087 1170 2156 regulares
1215 2090 1421 2144 mensis
1445 2089 1611 2158 hujus
1636 2096 1691 2144 et

124 2172 399 2240 sequentis
426 2174 639 2229 unitate
670 2177 911 2233 minores
942 2186 1091 2245 sunt,
1126 2196 1288 2250 quam
1317 2182 1363 2236 si
1410 2184 1477 2238 ab
1514 2184 1689 2254 Aprili

120 2262 229 2317 orsi
259 2261 547 2321 fuerimus.
596 2265 827 2332 Quando
864 2269 1045 2324 littera
1095 2270 1449 2327 Dominicalis
1499 2286 1583 2329 est
1619 2275 1684 2338 (ἰ,

121 2361 248 2409 tunc
287 2354 546 2412 Kalendm
596 2358 803 2429 Aprilis
844 2359 1033 2416 feriam
1094 2362 1295 2419 habent
1343 2382 1392 2429 ι,
1432 2364 1689 2421 Kalendae

120 2442 237 2498 Maii
270 2460 371 2512 ut;
424 2454 482 2502 et
523 2447 599 2501 ita
652 2448 910 2519 deinceps
956 2466 1131 2520 usque
1187 2452 1255 2506 ad
1311 2452 1685 2520 Decembrem,

117 2546 278 2606 quota
332 2539 514 2595 littera
569 2551 653 2595 est
706 2542 933 2597 initialis
981 2543 1249 2614 cujusque
1287 2546 1492 2601 mensis
1521 2545 1588 2601 ab
1615 2549 1683 2611 Α,

118 2629 324 2686 unitate
354 2632 557 2698 addita,
592 2640 742 2687 tanta
771 2643 853 2689 est
875 2634 1025 2689 feria.
1059 2635 1128 2688 At
1177 2633 1440 2693 Januario
1468 2644 1687 2693 antece-

114 2721 271 2774 dente
295 2720 399 2775 fuit
430 2721 566 2775 feria
603 2738 663 2784 ιι,
726 2721 1014 2778 Februarii
1052 2722 1280 2780 Kalend.
1318 2725 1451 2780 feria
1483 2743 1539 2791 v,
1590 2729 1684 2783 ubi

110 2818 162 2865 et
182 2812 391 2868 unitate
421 2813 629 2878 addita,
665 2814 857 2870 littera:
880 2816 1245 2871 Kalendarum
1283 2816 1472 2873 feriam
1524 2820 1682 2876 exhi-

109 2904 257 2960 bent.
291 2904 497 2962 Verum
536 2908 784 2965 calculus
844 2918 968 2981 post
1024 2910 1317 2975 bisextum,
1351 2910 1544 2968 Martio
1598 2914 1683 2969 vel

106 2998 275 3070 Aprili
306 3000 492 3069 potius
532 3000 745 3073 incipit.
784 3001 965 3069 Quare
992 3001 1238 3059 Januarii
1286 3011 1340 3060 et
1395 3004 1682 3061 Februarii

105 3091 384 3162 regulares
408 3091 583 3162 accipi
606 3093 807 3148 debent
834 3110 900 3149 ex
931 3094 1086 3161 feria,
1138 3111 1299 3167 quam
1337 3096 1540 3152 habent
1586 3113 1682 3154 eo-

1794 1985 1929 2048 diu‘i,
1961 1994 2020 2039 ut
2048 1984 2537 2056 propagandorum
2580 1984 2911 2056 regularium
2951 1983 3090 2037 ratio
3127 1981 3370 2037 declare-

1795 2082 1907 2139 tur,
1938 2092 2101 2147 quam
2130 2091 2250 2146 cap.
2286 2076 2453 2131 XXVI
2481 2076 2671 2147 prima:
2692 2076 2864 2147 partis
2891 2074 3143 2145 Computi
3198 2073 3372 2127 Maxi-

1793 2186 1919 2224 mus
1952 2171 2193 2241 exponit.
2220 2169 2319 2225 Hic
2347 2170 2492 2225 enim
2524 2171 2642 2225 dies
2670 2185 2859 2225 omnes
2897 2169 2965 2223 ab
2989 2167 3162 2239 Aprili
3195 2166 3261 2221 ad
3306 2166 3368 2220 Ii-

1790 2275 1913 2315 nem
1944 2260 2190 2331 proxime
2211 2261 2585 2316 antecedentis
2605 2262 2809 2315 mensis
2827 2259 2994 2323 illius,
3020 2258 3180 2327 cujus
3196 2274 3367 2329 προσ-

1789 2350 1951 2416 θετάς
1993 2352 2312 2423 quazrimus,
2357 2368 2454 2423 per
2502 2352 2533 2405 '7
2571 2352 2737 2407 dividi
2764 2351 3028 2422 praecipit,
3059 2351 3361 2412 residuum,

1788 2450 1882 2497 aut
1904 2445 1951 2499 si
1984 2446 2118 2498 nihil
2166 2446 2428 2516 supersit,
2484 2446 2852 2516 septenarium
2907 2446 3085 2516 ipsum
3141 2452 3363 2515 epactas

1785 2552 1912 2592 esse
1948 2538 2152 2593 mensis
2187 2539 2526 2609 insequentis
2556 2540 2651 2593 ait.
2698 2537 2941 2609 Exempli
2993 2552 3194 2593 causa:
3221 2537 3363 2592 scire

1785 2629 1917 2684 libet
1958 2646 2079 2699 quae
2106 2631 2218 2685 sint
2250 2638 2454 2701 epactas
2485 2629 2842 2700 Septembris.
2889 2630 2933 2683 A
2977 2628 3239 2685 Januario
3292 2629 3361 2682 ad

1784 2720 2015 2791 Augusti
2051 2722 2213 2776 tinem
2246 2722 2364 2777 dies
2382 2732 2509 2777 sunt
2532 2721 2638 2776 245
2666 2739 2680 2775 :
2721 2737 2751 2776 e
2774 2720 2973 2793 quibus
2990 2719 3240 2775 deductis
3267 2719 3358 2784 90,

1782 2822 1994 2869 restant
2027 2813 2130 2869 l55
2160 2829 2190 2867 a
2219 2813 2477 2871 Kalendis
2506 2815 2705 2887 Aprilis
2730 2831 2852 2885 qua:
2875 2815 2917 2870 si
2950 2830 3044 2885 per
3066 2814 3096 2867 7
3121 2813 3355 2874 dividas,

1783 2907 2062 2962 residuum
2121 2906 2268 2962 est6
2314 2908 2590 2980 regulares
2652 2906 3006 2977 Septembris.
3073 2905 3229 2973 Quod
3292 2905 3359 2959 ab

1782 2997 1983 3067 Aprilis
2009 2996 2268 3053 Kalendis
2294 2999 2538 3053 calculus
2562 2997 2774 3068 incipit,
2804 3012 2912 3051 non
2956 3012 3019 3051 ex
3059 3011 3124 3050 eo
3176 2995 3357 3065 sequi-

1783 3097 1893 3156 tur,
1932 3090 2213 3160 regulares
2257 3087 2462 3159 Aprilis
2510 3104 2632 3144 esse
2658 3104 2695 3149 ι,
2740 3088 2830 3142 sed
2866 3088 3045 3158 potius
3082 3103 3190 3155 vn;
3239 3102 3356 3158 qua:

103 3200 221 3240 rum
245 3184 502 3241 Kalendae
530 3203 676 3243 anno
706 3190 978 3259 sequenti,
1002 3205 1111 3261 quo
1143 3192 1321 3247 littera
1352 3198 1435 3247 est
1466 3191 1533 3258 F,
1565 3202 1681 3247 tum
1706 3220 1751 3280 ς
1784 3197 1870 3237 res
1912 3181 2250 3252 Scaligerum
2276 3180 2482 3247 teiellit,
2525 3181 2620 3250 qui
2658 3180 2962 3252 προσθετάς
2990 3179 3208 3233 Maximi
3242 3178 3352 3233 uni-

102 3292 233 3332 vero
258 3275 558 3334 Januarius
586 3280 824 3349 incipita
864 3281 999 3337 feria
1041 3299 1122 3348 ιιι,
1154 3282 1487 3341 Februarius
1521 3301 1553 3340 a
1596 3301 1673 3340 vt.

102 3366 168 3423 Ili
199 3376 330 3424 sunt
364 3371 643 3442 regulares
675 3373 946 3429 mensium
971 3373 1366 3442 Romanorum,
1395 3377 1488 3448 qui
1548 3393 1666 3449 per-

101 3462 248 3532 petui
281 3462 605 3534 immotique
635 3473 805 3533 sunt;
843 3481 945 3521 nec
975 3476 1180 3537 epactte
1218 3468 1490 3523 mensium
1548 3483 1676 3538 pro~

98 3552 215 3622 prie
252 3551 363 3606 dici
388 3551 607 3607 debent.
634 3553 771 3608 Nam
804 3563 1007 3625 epactte
1037 3557 1252 3627 proprie
1275 3565 1404 3612 sunt
1434 3557 1551 3612 dies
1578 3573 1675 3611 an-

95 3644 408 3701 tecedentes
441 3654 607 3716 caput
632 3649 759 3702 anni
781 3650 1072 3715 mensisve,
1093 3651 1253 3721 cujus
1282 3662 1487 3723 cpacta:
1510 3651 1678 3706 nomi—

92 3748 297 3791 nantur
329 3755 343 3791 :
371 3737 826 3807 quemadmodum
887 3742 1105 3798 lunares
1162 3754 1364 3815 epactas
1403 3743 1518 3800 dies
1548 3752 1676 3799 sunt

92 3830 291 3901 reliqui
316 3845 346 3883 a
378 3830 629 3886 confecta
673 3833 862 3886 ultima
885 3835 1105 3905 syzygia
1146 3837 1213 3889 ad
1242 3838 1402 3891 linem
1434 3838 1560 3891 anni
1593 3837 1673 3892 ci-

90 3923 238 3985 vilis,
287 3933 417 3993 puta
472 3938 502 3977 a
545 3921 880 3990 Decembris,
914 3927 997 3981 vel
1029 3926 1227 3989 Martii,
1266 3930 1311 3983 si
1354 3944 1384 3982 a
1410 3927 1672 3984 Januario

88 4011 174 4066 vel
204 4011 380 4081 Aprili
411 4026 590 4066 annus
628 4012 839 4068 lunaris
898 4012 1086 4081 ineat;
1133 4025 1339 4086 epactas
1385 4019 1518 4074 solis
1571 4034 1669 4072 an-

84 4120 215 4159 num
247 4103 385 4157 feria
415 4111 498 4158 est
524 4104 632 4160 diei
664 4105 841 4159 ultimi
891 4106 1063 4162 totius
1097 4108 1245 4173 anni,
1297 4117 1356 4164 ut
1396 4111 1470 4163 ait
1499 4110 1667 4165 Maxi-

81 4212 232 4252 mus.
271 4195 460 4265 Itaque
508 4194 764 4252 Kalendm
803 4198 936 4268 ipsae
988 4200 1214 4266 mensis,
1256 4202 1415 4271 cujus
1463 4212 1666 4272 cpactze

81 4294 380 4352 vocantur,
414 4288 467 4340 in
498 4295 815 4358 epactarum
843 4306 1133 4345 numerum
1174 4306 1520 4362 nequaquam
1571 4309 1663 4347 ve-

79 4381 269 4435 niunt.
302 4377 421 4432 Non
461 4387 590 4434 sunt
613 4380 780 4451 igitur
807 4380 1126 4452 προσθεταί,
1179 4382 1283 4436 hoc
1341 4391 1424 4437 cst
1460 4392 1663 4454 epaclac

78 4470 383 4535 mensium,
411 4470 552 4525 idem
579 4486 704 4526 cum
738 4469 1109 4528 Romanorum
1140 4475 1503 4545 regularibus.
1526 4474 1661 4531 Ilinc

76 4570 292 4634 epactaa
318 4562 451 4617 solis
481 4577 696 4627 annuae,
720 4564 835 4620 sive
882 4577 1294 4630 concurrentes,
1351 4583 1476 4623 cum
1527 4570 1659 4625 solis
1693 4561 1735 4616 Ι)

74 4653 429 4726 regularibus
453 4652 822 4711 Kalendarum
858 4656 1049 4712 feriam
1099 4658 1362 4729 praebent.
1387 4659 1455 4713 At
1491 4679 1659 4735 προσ-

68 4745 234 4801 θεταί
276 4761 402 4800 cum
455 4746 662 4817 epactis
704 4748 837 4804 solis
884 4764 994 4803 non
1026 4749 1261 4805 reddunt
1295 4750 1507 4819 feriam,
1551 4752 1659 4807 nisi

64 4841 378 4912 addaturij
416 4840 671 4895 ποσταία.
700 4839 1019 4911 Exemplum
1065 4857 1078 4893 :
1117 4853 1234 4897 esto
1278 4859 1457 4898 annus
1497 4846 1658 4900 Chri-

69 4933 140 4985 sti
177 4945 385 4992 tocxu.
412 4938 468 4984 et
490 4940 766 5000 quaeratur
815 4930 949 4985 l‘eria
980 4930 1353 4985 Kalendarum
1378 4932 1655 5002 ,Septem-

66 5024 280 5079 brium.
318 5021 725 5077 Coucurrentes
753 5022 849 5076 illo
880 5037 1024 5076 anno
1059 5021 1283 5077 filerunt
1315 5040 1413 5092 vu,
1442 5041 1508 5078 ex
1541 5041 1647 5080 me-

60 5114 242 5169 thodo
264 5112 465 5183 capitis
490 5110 706 5166 XXVIII
750 5111 874 5166 libri
928 5111 989 5166 Vl
1039 5112 1117 5166 De
1163 5113 1406 5167 doctrina
1452 5124 1651 5185 tempo-

60 5219 188 5261 rum
228 5202 325 5274 qui
350 5202 417 5256 ad
450 5203 733 5272 regulares
762 5200 1096 5273 Septembris
1136 5220 1212 5259 vn
1270 5206 1466 5275 adjecti
1517 5208 1649 5261 dant

56 5295 263 5353 feriam
294 5310 394 5359 vn,
417 5293 725 5362 cujusmodi
760 5310 947 5348 revera
977 5310 1121 5348 anno
1143 5294 1236 5349 illo
1260 5296 1380 5359 fuit,
1411 5312 1534 5351 cum
1561 5299 1649 5351 lit-

54 5399 177 5444 tera
212 5381 573 5437 Dominicalis
606 5393 752 5436 esset
782 5381 845 5445 G,
894 5383 1047 5454 cyclo
1099 5384 1230 5439 solis
1270 5384 1518 5440 Romano
1567 5404 1642 5442 vt.

52 5478 134 5530 'ta
169 5474 441 5530 Kalendis
473 5473 680 5544 Aprilis
705 5475 864 5529 iidem
890 5486 1281 5530 concurrentes
1312 5492 1386 5530 vn
1416 5492 1539 5530 eum
1557 5494 1645 5533 re-

42 5569 352 5638 gularibus
385 5584 402 5621 ι
442 5567 574 5621 dant
605 5566 794 5621 feriam
821 5582 858 5621 ι.
891 5566 979 5630 At,
1009 5582 1073 5622 ex
1101 5568 1358 5623 methodo
1398 5569 1639 5636 Maximi,

39 5668 265 5729 epactas
307 5658 446 5713 solis
471 5671 545 5709 vn
571 5667 715 5709 anno
753 5656 931 5726 primo
962 5656 1100 5726 cycli
1132 5658 1331 5713 solaris
1371 5658 1641 5714 Constan-

37 5750 434 5829 tinpolitani,
498 5764 621 5803 cum
661 5750 988 5822 προσθεταῖς
1037 5748 1376 5820 Septembris
1412 5769 1485 5820 Vl,
1540 5753 1636 5807 ad-

41 5846 158 5903 dita
196 5840 468 5913 ποσταιᾳ,
503 5839 606 5895 hoc
649 5849 732 5897 est
768 5856 878 5896 uno
929 5840 1016 5899 die
1076 5841 1433 5913 Septembris,
1480 5844 1634 5900 exhi-

1784 3280 1891 3328 tate
1955 3288 2237 3343 perperam
2301 3281 2480 3342 auget.
2541 3271 2731 3340 Itaque
2793 3279 3012 3342 epactas
3070 3269 3248 3324 Martii
3280 3272 3353 3324 ait

1780 3380 1903 3420 esse
1938 3382 1990 3430 v,
2020 3372 2239 3435 epactas
2296 3364 2500 3434 Aprilis
2552 3380 2593 3428 ι,
2655 3371 2876 3434 epactas
2917 3362 3040 3416 Maii
3100 3377 3198 3426 ιιι,
3248 3377 3353 3415 uno

1776 3457 1966 3521 verbo,
2000 3462 2167 3527 quota
2196 3465 2280 3510 est
2308 3455 2491 3510 littera
2541 3455 2771 3510 initialis
2805 3454 3101 3525 cujuslibet
3148 3454 3356 3509 mensis

1777 3548 1963 3603 addita
1994 3548 2225 3611 unitate,
2266 3553 2453 3603 tantas
2483 3563 2606 3604 esse
2646 3546 2951 3619 προσθετάς
2981 3544 3196 3602 asserit.
3237 3542 3350 3597 Hoc

1775 3639 1937 3693 modo
1964 3635 2256 3709 προσθεταί
2295 3633 2631 3706 Septembris
2660 3643 2822 3690 erunt
2845 3651 2919 3690 vti
2942 3652 2957 3703 ;
2981 3632 3236 3689 Octobris
3285 3645 3349 3697 ll,

1774 3732 2109 3787 reclamante
2140 3728 2380 3783 Maximo
2407 3729 2462 3783 in
2502 3728 2767 3783 laterculo
2811 3728 3014 3798 duplici
3079 3724 3274 3796 capitis
3306 3725 3344 3786 I,

1774 3824 1932 3894 cujus
1977 3824 2032 3878 in
2074 3822 2302 3878 sinistro
2344 3837 2540 3878 versus
2590 3821 2801 3892 primus
2839 3820 3082 3875 continet
3111 3816 3343 3890 προσθε-

1772 3917 1869 3980 ca;
1897 3915 2075 3969 Martii
2101 3931 2188 3970 tv:
2215 3930 2353 3986 quas
2395 3913 2641 3985 Scaliger
2674 3930 2706 3967 v
2744 3928 2776 3967 a
2815 3912 3049 3967 Maximo
3088 3910 3344 3966 constitui

1770 4006 1907 4062 falso
1932 4007 2159 4081 putavit.
2196 4006 2253 4060 In
2275 4020 2437 4061 versu
2481 4010 2679 4074 quarto
2732 4004 3027 4076 προσθεταὶ
3058 4008 3185 4059 sunt
3242 4002 3342 4057 Se.-

1770 4097 2035 4167 ptembris
2062 4106 2115 4151 et
2138 4095 2413 4159 Octobris,
2437 4095 2602 4164 hujus
2638 4109 2676 4156 ι,
2732 4096 2880 4151 illius
2913 4112 2964 4150 vt
3001 4111 3178 4165 :quas
3219 4096 3344 4148 uni-

1768 4195 1878 4242 tate
1916 4186 2168 4257 producit
2194 4186 2470 4241 auctiores
2503 4184 2765 4256 Scaliger.

1770 4297 1989 4353 Tabella
2031 4298 2347 4370 προσθετῶν
2414 4298 2468 4351 in
2494 4296 2781 4370 Armensibus
2824 4296 3082 4363 Iulianis,
3123 4306 3173 4353 et
3201 4297 3341 4353 Can-

2175 4368 2650 4439 stantinopolitano
2681 4379 2941 4437 computo.

1835 4480 2052 4539 Menses
2196 4480 2493 4555 προσθεταί
2638 4479 2765 4555 Dies
2797 4497 2948 4538 meu-
3092 4483 3217 4538 Dies
3236 4483 3343 4537 col-

2716 4554 2857 4607 sium
3146 4555 3264 4608 lecti

1763 4641 2062 4700 Januarius
2315 4644 2338 4697 I
2739 4644 2800 4698 51
3130 4644 3192 4696 ’51

1760 4713 2094 4771 Februarius
2312 4715 2346 4769 4
2738 4713 2809 4768 28
3131 4713 3201 4766 59

1760 4785 1991 4841 Martius
2307 4784 2343 4837 4
2731 4784 2793 4837 51
3130 4784 3200 4837 90

1758 4878 1959 4948 Aprilis
2312 4876 2349 4948 7
2735 4876 2805 4930 50
3129 4877 3232 4931 120

1755 4947 1932 5003 Maius
2299 4947 2334 5000 2
2734 4947 2797 5000 51
3127 4948 3225 5002 151

1750 5018 1948 5073 Junius
2307 5018 2342 5071 5
2733 5017 2804 5070 50
3126 5021 3222 5087 181

1749 5109 1925 5163 Julius
2310 5108 2342 5159 7
2735 5110 2798 5163 51
3123 5109 3230 5163 219.

1748 5181 2029 5249 Augustus
2302 5178 2338 5231 5
2734 5179 2797 5234 51
3123 5180 3230 5236 245

1752 5250 2067 5319 September
2292 5250 2335 5339 (ξ
2730 5250 2801 5304 50
3122 5251 3232 5308 2⁸15

1749 5340 1984 5396 October
2304 5343 2331 5398 1
2733 5344 2797 5398 51
3121 5344 3228 5397 554

1747 5409 2052 5467 November
2299 5416 2335 5467 4
2729 5414 2800 5467 50
3121 5414 3227 5468 565

1744 5479 2042 5536 December
2299 5485 2333 5538 6
2730 5485 2791 5537 ’51
3120 5484 3225 5538 034-

1816 5570 2106 5627 Seicndum
2134 5586 2217 5630 est
2239 5582 2443 5641 autem,
2462 5574 2590 5629 licet
2626 5575 2891 5632 Maximus
2929 5574 2997 5629 ab
3025 5574 3193 5644 Aprili
3223 5573 3326 5626 τῶιι

1743 5665 2054 5737 προσθετῶν
2085 5666 2377 5721 ratiocinia
2402 5667 2676 5735 deducat;
2730 5683 2919 5725 revera
2953 5674 3134 5721 tamen
3169 5678 3198 5717 a
3236 5663 3329 5718 Ja—

1744 5758 1937 5812 nuario
1983 5758 2280 5829 proﬁcisci.
2341 5758 2553 5817 Etenim
2591 5777 2620 5815 a
2653 5760 2882 5821 Kalend.
2924 5759 3202 5830 Aprilibus
3257 5757 3325 5811 ad

1747 5848 2004 5903 ultimum
2032 5849 2346 5907 Decembris
2370 5853 2488 5909 dies
2512 5852 2765 5908 sunt275
2793 5854 2994 5923 quibus
3026 5869 3120 5919 per
3154 5848 3186 5902 7
3218 5856 3327 5907 dis-
