3808 6322
370 426 373 429 ¹
454 470 590 523 H17

1437 470 1529 524 AD
1559 471 1825 529 EUSEBII
1859 474 2253 531 CBRONICON
2292 474 2650 532 API‘ENDIX.

3546 471 3664 527 £438

453 588 677 643 tribulis
746 596 950 643 restant
1001 586 1073 653 2,
1132 604 1251 658 qua:
1310 591 1603 659 προσϐεταί
1646 607 1766 647 esse
1820 594 2018 650 debent
2047 603 2094 658 Α
2127 595 2357 651 habebat
2404 596 2592 665 cyclus
2628 608 2817 657 xxvin,
2875 593 3035 661 cujus
3063 599 3268 662 epactaa
3310 598 3444 647 sunt
3499 607 3567 647 vi.
3597 570 3691 703 Allf

462 682 695 703 ,μμηεε
819 682 859 703 ,ε
930 681 989 703 ,μ
1069 680 1226 703 ,μευ
1798 695 1842 703 ,.
1936 686 1948 703 .
2164 702 2167 703 ν
3252 682 3505 703 _--_.-_-.
3560 698 3633 703 η-

453 682 745 747 Januarii,
816 682 863 737 si
926 681 994 736 ab
1057 680 1229 751 Aprili
1294 691 1723 752 computentur;
1791 695 1847 740 at
1924 686 2016 740 Ja-

456 776 683 829 nuarius
743 780 951 827 tantum
1016 772 1179 829 habet
1237 788 1274 827 I.
1315 774 1550 830 Proinde
1580 776 1659 830 sic
1698 791 1727 829 a
1756 775 2018 833 Januario

459 866 704 921 calcuulus
740 871 1089 934 propagatur.
1119 864 1386 930 Quoniam
1421 882 1546 921 cum
1595 866 1830 923 litteraG
1852 877 1935 924 est
1966 870 2022 923 in

460 973 584 1020 usu,
613 955 855 1010 Januarii
882 956 1144 1011 Kalendis
1176 956 1308 1011 feria
1355 965 1440 1011 est
1493 958 1765 1027 secunda';
1820 968 2023 1030 epacta:

459 1046 704 1101 Januarii
749 1054 876 1102 sunt
908 1062 947 1112 ι,
986 1047 1174 1100 ultima
1209 1046 1327 1101 dies
1373 1045 1618 1102 Januarii
1666 1058 1752 1105 est
1788 1048 1922 1104 feria
1947 1067 2018 1105 tv.

460 1137 594 1193 Nam
618 1137 810 1193 divisis
839 1138 907 1191 52
929 1138 1144 1201 diebus,
1168 1138 1270 1192 hoc
1300 1149 1386 1194 est
1431 1140 1492 1193 51
1527 1137 1795 1205 Januarii,
1819 1149 1875 1197 et
1896 1157 2026 1212 epa-

461 1239 547 1285 cta
570 1230 690 1300 ejus
721 1245 738 1283 I
770 1244 867 1299 per
897 1230 952 1293 7,
988 1236 1199 1283 restant
1231 1230 1349 1285 dies
1377 1229 1447 1293 4;
1473 1230 1553 1285 sic
1584 1231 1777 1287 divisis
1807 1231 1898 1299 9|,
1923 1231 2027 1286 hoc

462 1329 546 1377 est
574 1322 766 1377 diebus
798 1322 1066 1375 mensium
1101 1322 1286 1386 trium,
1325 1320 1507 1375 addita
1538 1330 1728 1391 epacta
1752 1321 2021 1385 Januarii,

462 1428 559 1483 per
588 1413 639 1478 7,
668 1413 947 1468 residuum
970 1420 1055 1468 est
1083 1412 1114 1463 7
1141 1420 1332 1483 epacta
1365 1413 1570 1469 mensis
1593 1412 1832 1483 Aprilis;
1868 1412 2026 1467 dein-

463 1524 591 1578 ceps
613 1517 792 1562 autem
835 1507 906 1561 ab
933 1507 1106 1577 Aprili
1140 1507 1275 1561 nihil
1302 1506 1552 1571 additur,
1586 1507 1845 1577 quoniam
1903 1521 2029 1577 epa-

348 1659 364 1675 ο
463 1608 549 1655 cta
577 1600 779 1670 Aprilis
799 1607 884 1656 est
916 1599 969 1665 7,
998 1599 1082 1655 vel
1107 1600 1162 1655 6.
1198 1598 1371 1669 Hujus
1395 1600 1495 1664 rei,
1528 1598 1826 1670 quamlibet
1855 1598 1991 1653 levis
2011 1638 2026 1661 ,

464 1690 774 1745 observatio
793 1706 905 1744 non
928 1690 1254 1747 mediocrem
1291 1691 1470 1746 lucem
1522 1689 1680 1745 alTert
1718 1687 2029 1743 Graecorum

463 1788 725 1851 computo
758 1799 772 1836 :
806 1780 968 1850 cujus
993 1781 1331 1851 ignoratione
1350 1781 1486 1837 adeo
1521 1779 1813 1836 manifesto
1841 1795 2031 1837 errore

465 1872 779 1941 implicatus
816 1880 901 1928 est
933 1871 1190 1942 Scaliger.

2121 686 2397 757 regulares
2448 686 2631 755 itaque
2673 683 2949 739 Februarii
3003 700 3092 747 IV,
3145 683 3195 737 si
3247 682 3510 736 accedant
3553 682 3677 751 ειη-ξ

2121 787 2223 832 ριω
2263 794 2335 841 vr,
2365 786 2419 832 et
2457 778 2491 848 ὴ
2520 776 2752 830 ποσταία
2795 793 2811 829 ι
2851 773 2939 829 lict
2974 773 3234 830 Kalendis
3269 771 3573 828 Februariis
3601 764 3685 827 ιιι-⁸

2123 870 2202 923 ria
2229 886 2302 925 IV.
2329 867 2457 924 Erat
2488 876 2669 923 autem
2686 884 2737 922 v.
2763 867 2932 938 Igitur
2962 881 3074 921 non
3098 873 3305 935 epacta:
3333 881 3389 919 vi
3420 863 3549 918 anni
3565 878 3668 918 cur-

2125 960 2317 1023 rentis,
2350 958 2447 1016 sed
2479 975 2550 1014 vn
2588 958 2717 1012 anni
2753 958 3035 1027 sequentis
3066 956 3397 1011 adhibenda:
3449 963 3590 1021 sunt,
3619 965 3667 1009 ut

2126 1049 2260 1105 feria
2288 1067 2322 1104 v
2342 1048 2588 1121 prodeat.
2624 1047 2798 1119 Hujus
2827 1050 2906 1104 rei
2937 1063 3103 1104 causa
3124 1064 3205 1124 “ex
3232 1047 3504 1118 dispositu
3536 1062 3671 1117 regu-

2126 1142 2321 1196 larium
2351 1141 2573 1212 petitur.
2604 1139 2739 1195 Nam
2765 1140 2811 1195 si
2848 1140 2917 1195 ab
2953 1140 3126 1210 Aprili
3159 1147 3343 1209 coepta
3391 1140 3673 1210 progressio

2126 1250 2237 1289 non
2266 1233 2710 1303 interpellaretur
2735 1232 2788 1286 in
2822 1230 3101 1298 Januario,
3130 1240 3394 1300 essetque
3434 1230 3674 1301 regularis

2128 1327 2315 1396 hujus,
2360 1333 2422 1379 ut
2460 1340 2558 1395 par
2618 1331 2757 1390 erat,
2786 1339 2848 1387 ιι,
2899 1331 2955 1379 et
3005 1322 3291 1377 Februarii
3320 1337 3469 1383 v.ex
3496 1324 3676 1393 epactis

2128 1418 2328 1475 veteris
2372 1419 2525 1483 anni,
2582 1425 2644 1497 et.
2694 1416 3039 1488 regularibus
3088 1416 3376 1471 Februarii
3421 1431 3543 1470 cum
3599 1432 3676 1468 πο-

2132 1509 2291 1580 orata
2319 1515 2801 1579 reprzesentaretur
2818 1505 2950 1561 feria
2964 1507 3176 1577 quinta.
3190 1505 3352 1561 Nunc
3374 1507 3430 1561 in
3444 1505 3679 1561 Januario

2131 1616 2329 1654 novum
2362 1600 2644 1655 exordium
2686 1597 3120 1668 imprudentibus
3159 1598 3445 1669 obrepsit,
3500 1607 3559 1652 ut
3608 1614 3681 1652 re-

2132 1690 2338 1762 gularis
2382 1696 2701 1759 competens
2752 1703 2862 1742 uno
2906 1688 3224 1743 deminutus
3277 1689 3436 1744 ﬁeret
3467 1704 3506 1745 ι.
3536 1687 3612 1743 Ob
3638 1689 3679 1742 id

2132 1793 2321 1855 cpacta
2354 1785 2560 1839 unitate
2580 1781 2774 1853 major,
2805 1781 2860 1837 id
2889 1794 2972 1840 est
3012 1781 3146 1838 anni
3194 1782 3503 1854 sequentis,
3548 1788 3681 1836 ante-

2134 1876 2365 1932 vertitur

535 1965 758 2017 Isaacus
809 1961 1111 2018 monachus
1172 1962 1370 2027 prioris
1423 1961 1677 2034 Computi
1726 1964 1901 2035 capite
1946 1961 2035 2028 IV,
2066 1954 2110 2009 Β
2209 1968 2536 2039 Epactarum
2560 1980 2886 2033 annuarum,
2922 1968 3036 2024 sive
3058 1967 3512 2023 concurrentium
3556 1966 3684 2020 inve-

468 2053 770 2125 προσθετάς
798 2054 1065 2109 mensium
1092 2064 1252 2109 vocat
1283 2055 1792 2127 ὲπακτάςλίιιιειιιιηι
1820 2055 2040 2127 epilogi-

470 2161 648 2201 smum
681 2145 874 2216 incipit
901 2145 970 2200 ab
1023 2145 1228 2215 Aprili;
1287 2161 1352 2201 ac
1409 2148 1679 2218 superiori
1712 2147 1789 2202 illi
1839 2147 2039 2203 rationi

470 2235 799 2308 sull‘ragator
818 2236 1047 2292 accedit.
1078 2236 1289 2292 Etenim
1317 2248 1541 2309 epactas
1561 2237 1862 2308 cujuslibet
1888 2253 2041 2294 men-

471 2327 549 2383 sis
580 2326 865 2382 constituit
895 2324 1087 2382 l'eriam
1112 2328 1316 2382 ultimae
1344 2327 1450 2384 diei
1477 2327 1846 2384 antecedentis
1886 2330 2041 2401 cyclo

468 2418 666 2487 primo,
691 2434 815 2473 cum
852 2417 1031 2474 littera
1052 2428 1136 2475 est
1166 2417 1229 2473 ϐ.
1266 2418 1618 2476 Ostendimus
1646 2435 1811 2491 supra
1840 2436 1963 2492 cap.
1995 2420 2040 2477 V

470 2509 684 2580 cyclum
715 2510 850 2566 solis
880 2508 1051 2566 Isaaci
1079 2509 1410 2580 respondere
1445 2527 1558 2565 xvn
1583 2509 1851 2577 Romano,
1881 2512 2041 2581 cujus

471 2600 667 2655 littera:
692 2607 822 2655 sunt
847 2599 959 2655 AG.
996 2600 1181 2670 itaque
1209 2600 1465 2658 Octobris
1484 2601 1740 2658 Kalendae
1768 2603 1823 2657 in
1852 2602 2041 2659 feriam

472 2693 767 2749 secundam
799 2693 1082 2760 incidunt;
1114 2701 1170 2749 et
1201 2694 1330 2764 quia
1366 2693 1488 2749 dies
1542 2693 1734 2748 ultima
1796 2690 2041 2765 Septem-

476 2786 590 2842 bris
615 2785 721 2840 l'uit
759 2784 897 2840 l‘eria
928 2785 1125 2855 prima,
1154 2785 1285 2840 hinc
1324 2793 1531 2855 epactae
1557 2783 1811 2841 Octobris
1843 2793 1974 2841 sunt
1998 2802 2040 2853 ι,

471 2885 675 2945 epactan
735 2875 1057 2931 Novembris
1092 2892 1165 2941 IV,
1202 2885 1407 2946 epacta:
1445 2874 1692 2931 Januarii
1723 2891 1788 2940 ιι,
1822 2892 1923 2932 nec
1952 2877 2040 2931 in-

474 2969 833 3039 terrumpitur
857 2984 922 3023 eo
953 2983 1138 3023 mense
1164 2968 1360 3023 calculi
1407 2969 1755 3040 progressio;
1793 2976 1852 3024 ut
1898 2968 2041 3040 apud

476 3063 789 3119 Maximum.
820 3063 959 3117 Vide
987 3073 1151 3133 caput
1183 3059 1249 3113 IV
1274 3059 1447 3115 Isaaci
1482 3061 1760 3115 monachi.

545 3153 862 3224 Sequuntur
892 3168 1159 3207 annorum
1185 3160 1411 3221 epactae,
1461 3166 1600 3220 quos
1652 3156 2042 3207 concurrentes

477 3243 710 3299 Romani
764 3251 1173 3314 computatores
1200 3247 1418 3296 vocant.
1449 3238 1546 3295 Est
1574 3247 1754 3294 autem
1787 3238 2041 3295 residuus

476 3335 735 3389 feriarum
762 3349 1024 3389 numerus
1049 3349 1115 3388 ex
1146 3348 1292 3387 anno
1346 3330 1708 3386 antecedenti.
1743 3328 1812 3384 Ut
1862 3328 1908 3385 si
1934 3343 2035 3384 an—

476 3445 579 3484 nus
631 3429 842 3499 primus
873 3444 904 3482 a
935 3427 1068 3482 feria
1122 3427 1295 3497 prima
1323 3425 1583 3497 incipiat,
1640 3425 1867 3480 ultimus
1920 3424 2039 3482 dies

480 3522 591 3576 erit
618 3498 753 3575 feria
786 3521 998 3591 prima;
1022 3519 1247 3589 proinde
1287 3528 1491 3590 epacta:
1521 3517 1749 3573 secundi
1779 3515 1910 3571 anni
1935 3518 2041 3572 erit

480 3610 705 3676 unitas,‘
738 3618 792 3666 et
824 3609 898 3663 ita
923 3608 1201 3677 deinceps.
1227 3606 1456 3678 Cyclum
1487 3607 1720 3662 solarem
1773 3603 2042 3660 Maximus

477 3702 689 3757 orditur
715 3701 787 3755 ab
828 3698 1078 3752 Romano
1138 3714 1215 3762 Vl,
1272 3698 1431 3767 cujus
1483 3698 1662 3751 littera
1725 3696 1792 3752 G.
1827 3694 2043 3749 Primus

480 3792 686 3847 mensis
722 3799 806 3845 est
854 3789 1076 3857 Aprilis.
1145 3788 1314 3858 Igitur
1363 3789 1517 3859 cyclo
1564 3789 1742 3859 primo
1784 3786 2044 3842 Kalendis

479 3881 754 3951 Aprilibus
801 3880 1041 3935 estleria
1091 3881 1286 3949 prima.
1343 3878 1556 3948 Epacta:
1586 3886 1715 3933 sunt
1759 3893 1870 3945 vn;
1918 3892 2044 3932 nam

478 3979 682 4043 epactze
732 3978 862 4029 sunt
914 3970 1049 4026 feria
1100 3971 1278 4025 ultimi
1335 3969 1441 4024 diei
1496 3970 1854 4040 praecedentis
1893 3970 2041 4024 anni.

481 4066 622 4121 Anni
659 4064 888 4122 secundi
928 4073 1133 4135 epacta:
1181 4074 1311 4118 sunt
1342 4081 1379 4129 I,
1412 4064 1559 4119 tertii
1613 4072 1741 4119 sunt
1777 4078 1839 4128 ιι,
1865 4064 2047 4135 quarti

478 4167 701 4224 sunttv,
726 4169 949 4229 propter
972 4156 1283 4212 bisextilem
1334 4155 1500 4211 diem.
1534 4154 1671 4210 Cum
1728 4156 1875 4210 enim
1912 4169 2049 4209 con-

478 4252 818 4307 currentium
874 4251 1081 4322 epocba
1135 4266 1165 4305 a
1204 4249 1400 4304 Martio
1433 4250 1519 4305 vel
1572 4248 1747 4318 Aprili
1792 4247 2047 4311 sumitur,

479 4342 713 4413 simplex
736 4351 821 4399 est
839 4349 1056 4413 epacta,
1082 4341 1178 4397 sed
1206 4356 1237 4394 a
1266 4340 1530 4394 Januario
1546 4339 1868 4395 ineuntibus
1886 4338 2050 4393 annis

478 4436 677 4511 duplex
709 4437 1034 4502 assumitur,
1062 4443 1122 4490 ut
1150 4436 1207 4489 in
1234 4434 1480 4490 Romano
1536 4440 1796 4503 computo
1849 4432 2051 4503 duplex

478 4531 658 4585 littera
682 4530 821 4585 solet
845 4541 1025 4583 esse':
1058 4542 1292 4598 quarum
1317 4525 1468 4596 prior
1496 4540 1528 4579 a
1557 4523 1819 4579 Kalendis
1847 4522 2052 4577 Janua-

2145 2061 2374 2133 stigatio
2403 2059 2565 2114 aliter
2591 2073 2622 2112 a
2655 2056 2890 2113 Maximo
2928 2059 3256 2130 proponitur
3289 2058 3474 2129 capite
3517 2055 3683 2112 XXIX.

2140 2148 2352 2216 Quotus
2377 2157 2460 2207 est
2481 2155 2669 2224 cyclus
2689 2156 2840 2221 anni,
2876 2153 2967 2225 qui
3002 2149 3293 2220 quaeritur,
3325 2148 3549 2204 totidem
3569 2148 3684 2211 dies,

2141 2255 2251 2295 uno
2267 2240 2508 2313 dempto.
2541 2246 2683 2300 sumi
2710 2244 2972 2317 pmcipit.
2994 2240 3119 2296 Inde
3140 2239 3427 2310 cyclorum
3446 2237 3685 2295 omnium.

2143 2334 2292 2389 nullo
2320 2343 2595 2406 exempto,
2644 2351 2931 2393 numerum
2970 2348 3067 2403 per
3094 2331 3130 2385 4
3159 2328 3358 2401 partiri
3390 2345 3407 2381 :
3461 2328 3598 2399 quod
3632 2343 3686 2381 ex

2142 2421 2411 2481 divisione
2435 2427 2684 2496 provenit
2724 2425 2794 2480 ad
2830 2422 3171 2495 superiorem
3233 2434 3511 2475 summam
3562 2416 3687 2471 addi-

2143 2522 2280 2579 tum,
2320 2522 2542 2586 totoque
2559 2532 2654 2586 per
2684 2517 2715 2571 7
2744 2516 2968 2588 partito,
3018 2511 3295 2581 reliquum
3335 2512 3447 2566 erit
3502 2516 3684 2579 epam.

2143 2605 2226 2659 vel
2242 2605 2289 2660 si
2319 2606 2557 2677 supersit
2588 2606 2745 2670 nihil,
2777 2603 3124 2676 septenarius
3152 2601 3297 2671 ipse.
3322 2598 3492 2655 Verbi
3520 2599 3686 2671 gratia,

2142 2707 2458 2768 quaarantur
2477 2705 2682 2768 epactaa
2705 2697 2835 2752 anni
2855 2713 3002 2751 xxvi.
3032 2692 3116 2750 Ob
3133 2692 3325 2763 cyclos
3358 2708 3471 2747 xxv
3493 2698 3689 2762 prater-

2145 2788 2253 2845 itos
2307 2805 2465 2845 sumo
2512 2788 2631 2845 dies
2667 2788 2759 2853 25,
2794 2796 2910 2842 tum
2940 2786 3124 2842 divido
3150 2784 3222 2839 26
3274 2800 3376 2856 per
3427 2784 3484 2847 4,
3528 2798 3690 2855 prove-

2145 2881 2305 2935 niunt
2327 2882 2379 2937 6.
2410 2882 2756 2954 Colliguntur
2787 2880 2841 2935 5.
2870 2878 3000 2934 Item
3035 2878 3178 2946 cycli
3206 2877 3347 2932 solis
3388 2875 3461 2930 28
3502 2880 3691 2945 epactas

2146 2971 2221 3026 ita
2243 2973 2519 3028 conﬁcies.
2559 2971 2719 3041 Cape,
2740 2969 2859 3026 dies
2908 2969 2979 3022 27
3011 2969 3080 3025 ob
3125 2975 3446 3023 transactos
3498 2966 3691 3020 totidem

2144 3065 2350 3136 cyclos,
2404 3063 2599 3119 deinde
2623 3063 2693 3118 28
2719 3062 2905 3134 cyclos
2939 3062 3111 3132 ipsos,
3147 3060 3304 3115 nullo
3332 3060 3578 3115 detracto
3594 3070 3693 3126 par-

2146 3155 2249 3211 tire
2270 3171 2365 3226 per
2393 3155 2450 3221 4,
2469 3162 2522 3210 et
2541 3162 2770 3225 septem,
2791 3154 2888 3225 qui
2904 3153 3029 3209 inde
3051 3158 3369 3207 nascuntur
3385 3149 3527 3205 adde
3543 3148 3605 3202 ad
3620 3146 3693 3209 27,

2145 3263 2211 3303 ac
2233 3263 2502 3303 summam
2540 3247 2609 3302 54
2634 3246 2814 3302 divide
2837 3261 2933 3316 per
2964 3245 3015 3301 7.
3034 3244 3320 3300 Exsistent
3356 3250 3565 3313 epacue
3589 3232 3695 3294 anni

2143 3339 2317 3394 ultimi
2367 3356 2439 3393 vi.
2498 3338 2672 3409 Hujus
2745 3335 2984 3392 methodi
3037 3337 3330 3405 perspicua
3402 3333 3543 3391 ratio
3611 3339 3695 3385 est.

2139 3428 2276 3484 Nam
2298 3431 2503 3501 epactis
2526 3430 2701 3484 ultimi
2735 3444 3003 3484 annorum
3053 3427 3174 3482 dies
3227 3431 3578 3481 accrescunt.
3595 3420 3699 3475 Ideo

2142 3536 2268 3576 cum
2317 3522 2559 3577 nondum
2608 3522 2854 3592 expletus
2891 3528 2974 3576 est
3015 3520 3314 3575 vicesimus
3370 3525 3595 3573 octavus
3620 3528 3697 3566 an.

2145 3628 2273 3677 nus,
2323 3612 2532 3667 nullam
2581 3612 2637 3667 in
2685 3627 2976 3666 commune
3027 3610 3336 3682 symbolam
3367 3609 3595 3664 confert.
3622 3604 3701 3659 γε’

2146 3720 2265 3759 rum
2297 3706 2423 3775 quia
2456 3712 2580 3775 post
2607 3704 2879 3761 bisextum
2910 3703 3126 3773 incipit,
3151 3701 3278 3757 ideo
3310 3701 3584 3757 bisextilis
3604 3699 3702 3767 ipse

2146 3796 2266 3852 dies
2296 3796 2441 3852 cedit
2466 3797 2520 3850 in
2566 3810 2856 3851 summam.
2909 3792 3208 3863 Propterea
3260 3792 3420 3846 nullo
3460 3791 3698 3846 detracto.

2149 3889 2207 3943 iit
2237 3888 2515 3960 cyclorum
2558 3887 2799 3941 omnium
2847 3884 3062 3941 divisio.
3116 3882 3233 3937 IIac
3270 3881 3531 3938 methodo
3556 3880 3703 3934 utitur

2149 3980 2371 4037 Isaacus
2399 3984 2643 4052 Argyrus
2685 3980 2863 4050 capite
2914 3960 3015 4033 III:
3074 3975 3368 4032 Postremo
3432 3989 3534 4030 nec
3593 3970 3701 4027 illud

2150 4075 2431 4140 omittam;
2465 4072 2571 4128 etsi
2605 4070 2852 4127 Romano
2883 4085 3034 4125 more
3094 4069 3374 4123 bisextilis
3407 4068 3526 4122 dies
3573 4064 3702 4119 inlin-

2151 4165 2313 4220 datur
2343 4165 2484 4219 inter
2526 4178 2656 4217 xxxv
2710 4170 2765 4217 et
2814 4178 2922 4215 xxv
2964 4159 3292 4227 Februarii;
3347 4159 3584 4227 indeque
3612 4155 3698 4209 llo—

2153 4273 2315 4312 mano
2338 4259 2444 4312 ritu
2481 4271 2618 4311 nova
2645 4255 2826 4311 littera
2848 4251 3143 4319 succedat;
3170 4252 3535 4307 nihilominus
3578 4250 3700 4303 Isaa-

2153 4365 2277 4404 cum
2301 4348 2606 4404 bisextilem
2631 4346 2773 4402 diem
2795 4361 2921 4401 eum
2947 4352 3168 4415 putare,
3201 4344 3412 4412 quiest
3437 4340 3702 4397 vicesimus

2155 4455 2355 4504 nonus,
2384 4448 2438 4494 et
2462 4439 2719 4505 ultimus;
2744 4438 2821 4491 uti
2847 4442 3049 4507 quarto
3070 4418 3256 4504 capite
3286 4433 3553 4495 declarat,
3580 4428 3699 4501 quod

2154 4540 2209 4586 et
2231 4531 2369 4586 alios
2404 4530 2729 4585 observasse
2778 4526 3153 4591 meminimus,
3184 4524 3297 4580 imo
3352 4526 3425 4579 ab
3455 4519 3700 4578 nonnullis

481 4621 582 4676 riis
603 4620 672 4674 ad
699 4620 975 4677 bisextum
1004 4625 1327 4686 usurpatur;
1348 4616 1618 4687 posterior
1659 4614 1785 4670 inde
1830 4614 1898 4669 ad
1935 4630 2040 4669 ver-

2153 4624 2210 4676 in
2248 4620 2499 4676 Martium
2530 4636 2652 4676 esse
2695 4618 3039 4673 translatum.
3073 4613 3151 4671 De
3201 4630 3316 4686 quo
3351 4614 3473 4670 vide
3500 4629 3613 4686 qua
3651 4611 3699 4663 li-

480 4718 683 4766 tentem
732 4725 958 4764 annum.
999 4707 1214 4780 Epacue
1262 4722 1360 4777 per
1389 4714 1563 4761 totum
1619 4705 1834 4776 cyclum
1887 4706 2048 4761 annis

480 4803 713 4875 singulis
755 4809 1122 4874 congruentes
1175 4799 1438 4855 describit
1485 4798 1756 4852 Maximus
1811 4796 1868 4850 in
1908 4804 2047 4860 rota,

479 4911 643 4965 quam
694 4896 875 4966 capite
932 4894 1111 4965 primo
1158 4892 1484 4962 posuimus:
1522 4905 1621 4944 nec
1668 4886 1903 4942 dilIicilis
1967 4894 2052 4943 est

481 4989 698 5044 method
706 5006 790 5044 us.

550 5082 809 5149 Quamvis
874 5090 1054 5137 autem
1108 5079 1378 5134 Maximus
1438 5093 1663 5143 annum,
1729 5075 2051 5146 cyclumque

482 5174 717 5228 solarem
776 5174 846 5227 ab
897 5172 1069 5241 Aprili
1132 5171 1375 5240 incipiat,
1440 5179 1495 5224 et
1543 5167 1838 5224 Januarius
1900 5182 2052 5221 men-

482 5269 559 5322 sis
587 5267 835 5321 decimus
854 5266 948 5329 sit,
983 5265 1038 5318 in
1073 5264 1284 5319 ratione
1333 5273 1516 5334 tamen
1564 5264 1671 5318 τῶν
1717 5266 2051 5334 ἡμεροευρε-

483 5359 601 5410 σίου
629 5358 684 5410 in
718 5356 823 5410 hoc
858 5371 1064 5416 mense,
1088 5365 1139 5410 et
1164 5356 1380 5410 duobus
1426 5332 1783 5424 sequentibus
1828 5332 2051 5423 epactas

484 5450 716 5507 assumit
740 5448 861 5517 ejus
896 5449 1021 5501 anni
1058 5490 1073 5516 ,
1109 5449 1202 5517 qui
1234 5463 1408 5503 novus
1440 5447 1511 5501 ab
1561 5446 1725 5516 Aprili
1765 5445 2047 5500 succedit:

482 5545 557 5596 uti
585 5543 765 5612 capite
795 5539 914 5594 XIX
944 5540 1228 5610 signiﬁcat.
1260 5540 1610 5609 Exemplum:
1642 5554 1817 5593 annus
1860 5537 2051 5591 Adami

484 5635 625 5689 6135
648 5635 771 5688 iniit
802 5648 833 5686 a
863 5632 1122 5687 Kalendis
1145 5632 1421 5702 Aprilibus
1454 5631 1582 5684 anni
1612 5629 1813 5684 Christi
1854 5644 2051 5691 tacxu,

485 5726 637 5795 t‘yclo
672 5724 919 5779 Romano
950 5739 1025 5787 vt,
1048 5725 1227 5777 littera
1261 5721 1323 5776 ϐ.
1359 5723 1557 5793 Cyclus
1585 5736 1715 5790 ergo
1738 5720 2053 5774 Constanti-

484 5818 835 5886 nopolitanus
868 5819 917 5873 ei
949 5816 1323 5886 respondens:
1367 5814 1558 5870 iisdem
1616 5814 1873 5867 Kalendis
1908 5812 2048 5866 iniit.

490 5908 670 5971 Quare
698 5907 980 5970 Januario,
1007 5906 1324 5972 Februario,
1364 5921 1423 5959 ac
1449 5904 1641 5958 Martio
1660 5905 1836 5957 locum
1876 5903 2051 5958 adhuc

2150 4713 2251 4767 bro
2277 4710 2374 4777 IV,
2404 4727 2525 4781 cap.
2556 4708 2676 4774 XII,
2711 4708 2780 4763 ad
2824 4706 3014 4763 Galeni
3047 4705 3232 4761 locum
3269 4704 3480 4760 ibidem
3523 4702 3702 4757 descri-

2154 4812 2307 4872 ptum
2336 4801 2842 4857 animadvertimus.

2730 4910 2960 4969 CAPUT
2992 4909 3133 4964 VIII.

2159 5006 2477 5073 Explicatur
2497 5001 2768 5073 methogus
2788 5001 2939 5073 luna:_
2960 5000 3017 5053 in
3053 5008 3300 5073 computo
3324 4996 3571 5055 Maximi.
3617 4992 3701 5073 sfw

2232 5061 2615 5129 Alexandrino.
2650 5071 2870 5140 Epactw
2922 5069 3083 5133 lance,
3132 5061 3476 5139 ejusdemque
3525 5061 3701 5130 regula-

2224 5163 2327 5210 res,
2358 5156 2407 5199 et
2436 5144 2711 5197 ambarum
2731 5141 3059 5211 propagatio.

2225 5261 2333 5317 Pro
2380 5260 2610 5315 diversis
2665 5255 2980 5311 Graecorum
3044 5253 3171 5308 aeris
3238 5268 3306 5307 ac
3364 5248 3621 5321 compotis
3644 5244 3697 5296 ab

2155 5352 2287 5407 orbe
2324 5350 2565 5414 condito,
2589 5350 2725 5404 varii
2762 5348 2945 5403 itidem
2978 5346 3121 5417 cycli
3149 5353 3282 5400 sunt
3315 5345 3451 5400 solis
3473 5359 3531 5396 ac
3552 5341 3694 5393 luna;

2154 5451 2583 5513 epactaromqne
2662 5435 3090 5510 colligendarum
3169 5436 3326 5491 varia
3394 5432 3691 5488 methodus:

2156 5550 2320 5605 quam
2353 5534 2420 5588 ad
2469 5534 2706 5599 unicam,
2760 5533 3176 5602 simplicemque
3237 5528 3489 5598 redigere
3515 5519 3692 5595 potuis-

2158 5636 2307 5691 sent;
2341 5626 2387 5679 si
2421 5625 2489 5678 ad
2548 5624 2817 5677 labentem
2871 5637 3078 5675 annum
3128 5617 3375 5688 computi
3409 5616 3495 5673 sui
3522 5612 3692 5680 aliquot

2159 5732 2330 5770 annos
2352 5713 2642 5776 adderent;
2690 5726 2789 5767 nec
2818 5727 2940 5765 eam
2997 5709 3449 5765 commoditatem
3479 5696 3689 5775 persequ

2158 5806 2397 5869 mallent,
2426 5815 2482 5858 ut
2520 5820 2641 5857 a:r:e
2683 5818 2791 5857 sua:
2817 5818 3029 5857 summa
3061 5816 3155 5870 per
3209 5799 3490 5869 cyclorum
3537 5801 3691 5847 nume-

2162 5915 2280 5953 rum
2334 5898 2651 5963 distributa,
2712 5895 2969 5966 proprius
3031 5893 3302 5964 cujusque
3361 5890 3488 5945 anni
3542 5881 3693 5957 cyclus
