3808 6312
161 417 296 475 1429

1103 402 1559 463 DISSERTATIO
1598 400 1686 456 DE
1722 391 2132 456 GRECOBUM
2165 387 2380 447 ᾹΞΒΙΞ..

3250 375 3269 428 1
3279 373 3381 431 459

162 538 471 590 exsisteret.
504 529 575 586 Ut
610 530 668 586 in
696 526 944 585 Romano
970 533 1226 596 computo
1253 540 1376 582 certe
1400 522 1627 588 Christi,
1653 521 1720 575 ad
1751 526 1798 583 Α
1896 514 2054 584 Quod
2100 519 2281 567 autem
2326 509 2384 564 in
2425 504 2496 561 IX
2541 504 2619 559 De
2663 500 2905 596 doctrina
2952 507 3260 596 temporum,
3290 506 3381 545 ea-

162 617 439 697 cyelorum
463 629 884 693 epactarumque
909 617 1518 681 methodum,unitatem
1545 614 1729 684 adjici-

162 729 283 768 mus
310 734 335 780 ;
358 728 536 783 neque
568 713 715 768 solos
761 725 883 765 aera;
931 724 1105 764 annos
1140 708 1474 763 adhibemus.
1532 705 1593 759 In
1619 719 1726 774 quo

163 796 341 852 Latini
394 815 587 856 omnes
631 798 999 854 consentiunt.
1031 799 1088 852 In
1119 797 1279 853 annis
1325 811 1456 851 vero
1512 793 1724 857 mundi,

163 890 382 945 tametsi
415 905 667 961 magnum
717 890 861 944 inter
901 889 1269 959 clironologos
1299 887 1595 942 discrimen
1646 885 1763 944 in—,

163 982 441 1047 tercedat;
499 996 563 1036 ac
620 982 779 1050 longe
809 982 992 1052 plures
1021 982 1155 1037 aliis.
1183 980 1274 1033 alii
1306 983 1621 1041 numerent;
1661 976 1730 1030 de

170 1073 341 1144 cyclis
401 1083 602 1137 tamen,
655 1075 974 1144 epactisque
1022 1088 1219 1128 omnes
1271 1071 1413 1126 inter
1445 1085 1504 1125 se
1533 1083 1730 1124 conve-

165 1163 325 1217 niunt
351 1179 365 1214 :
390 1162 534 1232 quod
558 1163 650 1231 qui
684 1163 920 1232 plurium
974 1177 1235 1216 annorum
1265 1174 1533 1215 summam
1581 1157 1732 1212 insti-

165 1261 350 1319 tuunt,
369 1254 436 1308 ad
458 1256 671 1307 illorum
699 1254 1008 1309 methodum
1027 1259 1420 1325 competentem
1443 1264 1728 1303 numerum

166 1346 458 1415 adjiciunt,
479 1347 557 1400 sic
587 1355 645 1398 ut
679 1360 888 1399 summa
912 1360 1006 1415 per
1031 1346 1213 1415 cyclos
1243 1344 1482 1412 integros
1532 1340 1728 1406 divisa,

166 1438 328 1491 iidem
383 1435 681 1489 labentium
720 1435 849 1489 anni
878 1436 1156 1506 cyclorum
1174 1434 1315 1504 apud
1338 1449 1528 1490 omnes
1553 1433 1736 1487 orian-

167 1534 272 1582 tur.
308 1526 551 1595 Exempli
586 1541 781 1589 causa;
820 1542 925 1582 nos
957 1528 1023 1582 ab
1040 1528 1172 1582 orbe
1196 1525 1413 1581 condito
1440 1526 1507 1580 ad
1529 1541 1731 1580 annum

168 1619 402 1689 primum
427 1633 548 1672 tera:
577 1618 883 1672 communis
907 1627 1161 1688 putamus
1191 1632 1366 1673 annos
1383 1616 1543 1681 5984,
1579 1616 1651 1671 ita
1673 1623 1733 1669 ut

172 1712 398 1768 ultimus
447 1711 520 1766 sit
566 1711 674 1775 ille,
726 1727 887 1781 quem
941 1711 1174 1779 primum
1225 1709 1431 1765 Christi
1478 1710 1729 1764 facimus.

167 1800 333 1857 A‘lius
352 1816 530 1856 annos
552 1810 806 1856 numerat
840 1801 1002 1866 5950,
1032 1810 1091 1855 ιιι
1115 1801 1380 1872 Scaliger.
1417 1798 1475 1855 Si
1506 1815 1607 1855 nos
1635 1814 1734 1870 op-

1831 607 1944 679 pite
1970 604 2037 671 Υ,
2064 601 2397 658 credidimus
2460 596 2750 651 Maximum
2788 592 3031 645 lunarem
3086 585 3380 679 npoﬁyeaiv

1826 674 2079 755 olfecisse
2106 694 2214 749 diei
2240 692 2400 746 unius
2425 703 2456 743 a
2479 685 2687 742 Νισαιηί
2711 682 2928 739 concilii
2953 690 3216 749 tempore,
3239 674 3383 745 quod

1827 802 2090 845 canouem
2119 784 2293 839 aetatis
2322 781 2484 845 lunae,
2511 785 2671 847 atque
2685 780 2994 845 epactarum
3011 765 3385 823 constituisset

1828 880 1884 933 in
1918 893 2027 932 xxx
2058 873 2256 938 Martii,
2306 886 2418 926 non
2478 869 2533 922 in
2579 851 2742 932 xxn;
2774 864 2851 918 uti
2882 876 3094 931 aequum
3144 864 3282 922 erat,
3310 853 3381 919 ,si

1828 972 2045 1042 quidem
2077 967 2281 1038 epocha
2314 964 2441 1017 anni
2474 964 2529 1016 in
2557 958 2812 1016 Kalendis
2844 956 3046 1026 Aprilis
3076 952 3144 1006 ab
3184 966 3249 1042 eo
3297 950 3384 1042 de-

1829 1039 2030 1132 ligitur,
2057 1061 2196 1115 scito
2221 1070 2464 1112 errorem
2496 1068 2638 1115 esse,
2672 1065 2833 1121 quem
2884 1048 3178 1116 depravata
3200 1039 3385 1132 Scalif

1829 1129 1943 1224 geri
1992 1152 2156 1206 lectio
2202 1149 2365 1204 nobis
2414 1144 2640 1217 peperit,
2677 1141 2768 1212 qui
2801 1141 2856 1194 in
2902 1135 3115 1205 Eclogis
3164 1129 3385 1185 Maximi

1831 1245 1975 1317 (pag.
2006 1243 2152 1313 7'59),
2176 1257 2313 1312 quas
2338 1239 2404 1293 ad
2439 1251 2592 1291 suam
2624 1240 2859 1288 mentem
2891 1225 3255 1298 interpolavit,
3287 1235 3386 1276 nec

1831 1336 2022 1392 iisdem
2058 1336 2202 1390 illius
2229 1333 2408 1388 verbis
2435 1329 2738 1399 exprimere
2776 1324 3009 1385 curavit,
3060 1320 3383 1388 scripserat;

1842 1429 1907 1481 Ἡ
1938 1425 2168 1480 ποσταία
2193 1425 2293 1495 τῆς
2325 1422 2550 1493 σελήνης
2569 1419 2624 1471 ὲν
2650 1420 2716 1487 τῇ
2751 1412 2999 1486 τριακάδι
3018 1410 3110 1464 τοῦ
3143 1406 3386 1478 Μαρτίου

1834 1518 2020 1591 μηνός,
2047 1527 2150 1572 etc.
2181 1516 2246 1569 Ἦ
2276 1514 2335 1568 δὲ
2364 1510 2593 1566 ποσταία
2620 1509 2736 1579 τῆς,
2760 1504 3048 1576 ἑϐδομάδος
3100 1499 3261 1591 κατὰᾼ
3290 1499 3388 1591 τὴν

1830 1589 2099 1681 έεριακὰδα.
2128 1605 2349 1679 πρώτην
2403 1602 2494 1657 τοῦ
2524 1598 2686 1654 αὐτοῦ
2744 1597 2930 1670 μηνὸς,
2962 1594 3059 1657 τὰς
3086 1590 3181 1645 τοῦ
3215 1589 3386 1660 ἡλίου.
3472 1604 3499 1675 7'

1835 1678 1939 1754 Sed
1973 1678 2275 1768 perperam.
2304 1692 2442 1747 Nam
2475 1689 2826 1747 scribendum
2884 1683 3129 1757 τριακάδι
3175 1678 3386 1753 πρώτῃ.

1838 1788 2062 1859 Sumpta
2088 1798 2172 1844 est
2211 1787 2324 1841 haec
2352 1785 2535 1854 ecloga
2557 1797 2632 1837 ex
2650 1779 2827 1849 capite
2849 1775 3019 1831 XXXI
3049 1775 3237 1846 prima:
3264 1786 3389 1841 par-

169 1893 484 1963 portunitas
515 1893 617 1947 ista
640 1894 950 1959 delectaret,
983 1900 1043 1947 ut
1088 1908 1153 1948 ea
1179 1870 1412 1960 summa,
1456 1906 1619 1962 quam
1665 1891 1732 1946 ab
1764 1881 1807 1941 Β
1834 1887 1905 1941 tis
1927 1881 2179 1953 Computi
2205 1900 2218 1936 :
2250 1882 2302 1934 in
2323 1893 2431 1949 quo
2453 1877 2551 1940 ita,
2584 1881 2643 1927 ut
2664 1871 2797 1938 dixi,
2821 1870 3035 1963 legitur.

170 1984 382 2040 Adamo
410 1986 718 2051 detlnimus,
741 1988 965 2057 praecise
988 1986 1301 2051 distributa,
1320 1985 1456 2056 cycli
1488 1984 1735 2041 labentes

167 2073 513 2132 edicerentur
550 2096 565 2132 :
597 2079 756 2134 annis
807 2076 948 2132 5984
972 2093 1068 2148 per
1096 2077 1167 2132 28
1210 2078 1447 2149 partitis,
1490 2077 1735 2147 reliquus

166 2175 320 2222 esset
348 2170 539 2239 cyclus
557 2170 690 2225 solis
719 2184 852 2236 vm;
879 2185 976 2240 per
1009 2169 1077 2225 19
1121 2184 1252 2225 vero
1282 2168 1508 2236 divisis;
1550 2170 1736 2241 eyclus

169 2260 316 2316 lunae
339 2277 464 2326 xm,
497 2263 579 2318 sic
599 2278 668 2317 ex
691 2262 957 2318 divisione
990 2252 1256 2317 annorum
1278 2262 1439 2325 5950,
1478 2262 1611 2318 solis
1645 2277 1736 2317 es-

167 2360 254 2409 set
285 2354 476 2425 cyelus
510 2371 568 2417 ιι.
608 2356 749 2411 lunae
779 2371 913 2412 xvu.
937 2357 1005 2410 At
1032 2364 1150 2411 erat
1182 2355 1462 2410 Romanus
1494 2355 1625 2412 solis
1653 2371 1739 2427 cy-

169 2446 290 2501 clus
314 2462 370 2508 x,
404 2446 615 2502 lunaris
646 2462 708 2511 ιι,
732 2462 877 2502 anno
898 2449 1076 2518 primo
1122 2462 1245 2501 terte
1279 2446 1627 2512 Christiane,
1676 2447 1734 2501 in

169 2552 334 2606 quem
361 2537 577 2607 utrique
603 2539 1002 2609 conspiramus.
1055 2537 1225 2609 Igitur
1249 2538 1317 2593 ad
1344 2538 1612 2596 emendos
1644 2555 1739 2611 cy-

167 2628 311 2692 clos,
348 2626 591 2698 Scaliger
616 2628 650 2683 8
679 2629 830 2685 addit
855 2629 922 2684 ad
952 2645 1257 2697 summam;
1288 2637 1348 2684 ut
1378 2630 1520 2685 5958
1549 2645 1647 2701 per
1667 2631 1738 2685 28

169 2720 391 2789 partitis
422 2721 608 2792 cyclus
641 2722 773 2777 solis
794 2721 1183 2786 inveniaturx;
1226 2723 1295 2776 ad
1311 2723 1558 2777 lunarem
1585 2738 1736 2788 vero,

168 2810 446 2881 ladjicit;
492 2820 551 2866 ut
592 2812 730 2868 5954
764 2829 858 2883 per
902 2813 967 2867 I9
998 2813 1238 2879 tributis,
1292 2816 1521 2870 exsistat
1543 2817 1735 2887 cyclus

169 2903 404 2959 lumen.
428 2903 538 2961 Nos
563 2906 631 2961 ad
654 2906 966 2961 methodum
987 2907 1127 2977 cycli
1153 2907 1351 2963 solaris
1378 2907 1666 2976 adjicimus
1680 2909 1736 2976 2,

172 2995 242 3049 ad
280 2995 425 3049 luna:
444 2996 680 3066 cyclum.
716 2997 770 3052 8.
798 2996 877 3053 Ita
925 2998 1117 3054 divisis
1147 2999 1308 3053 annis
1333 2998 1473 3054 5986
1519 3015 1615 3069 per
1645 3000 1735 3066 28,

171 3086 459 3142 residuum
506 3089 611 3143 erit
657 3090 746 3152 10,
785 3105 881 3160 per
912 3090 978 3145 I9
1007 3099 1187 3146 autem
1214 3090 1408 3146 divisis
1438 3092 1601 3156 5992,
1651 3108 1739 3148 re-

171 3188 326 3233 stant
350 3179 407 3233 2.
435 3177 525 3234 Sic
560 3180 960 3235 incommodam
1002 3182 1151 3235 illam
1197 3185 1472 3253 cyclorum
1505 3183 1738 3239 varieta-
1766 3221 1810 3280 G

171 3277 287 3324 tem
318 3267 640 3325 Latinorum
673 3274 913 3343 computi
944 3274 1012 3328 ab
1029 3274 1161 3328 orbe
1194 3274 1438 3338 condito,
1494 3289 1558 3329 ac
1584 3275 1743 3331 chro-

173 3363 413 3433 nologiae
446 3363 729 3419 devitant:
762 3380 925 3436 quam
977 3363 1209 3421 Graiculi
1254 3367 1419 3424 nimis
1460 3368 1745 3426 ambitiose

174 3453 481 3506 consectati
516 3461 663 3509 sunt.

244 3542 385 3597 Cum
423 3542 533 3599 duo
559 3544 667 3600 sint
702 3543 1013 3601 Graecorum
1055 3554 1436 3618 computorum
1489 3547 1740 3614 divortia,

174 3641 238 3689 ut
259 3648 403 3705 saepe
451 3636 611 3692 nobis
666 3652 893 3693 necesse
925 3648 1008 3693 est
1034 3646 1316 3709 repetere;
1349 3647 1404 3695 et
1457 3640 1745 3711 utriusque

173 3726 457 3798 principes
484 3726 589 3782 hoe
627 3727 682 3782 in
709 3743 874 3797 opere
900 3744 930 3784 a
961 3729 1120 3786 nobis
1148 3731 1279 3786 editi
1306 3731 1436 3796 duo,
1472 3730 1745 3791 Maximus

174 3824 232 3873 et
263 3816 517 3877 Isaacus;
567 3832 635 3873 ex
684 3828 916 3887 utroque
976 3821 1351 3891 depromptam
1407 3823 1746 3894 singulorum

174 3909 446 3963 rationem
473 3908 662 3978 paucis
691 3910 1122 3980 explicabimus;
1160 3928 1221 3966 ac
1250 3914 1480 3983 primum
1502 3913 1742 3972 Maximi.

175 3999 690 4056 hAlexandrinam
745 4017 908 4056 atram
957 4004 1231 4073 sequitur;
1283 4004 1339 4059 in
1396 4019 1502 4075 qua
1539 4007 1745 4075 primus

176 4107 360 4147 annus
376 4107 497 4146 serae
512 4092 834 4147 Christiana:
853 4102 1172 4148 numeratur
1196 4092 1335 4148 5495
1360 4109 1372 4145 :
1397 4108 1502 4164 qua
1533 4109 1746 4150 summa

178 4196 282 4252 per
307 4180 379 4235 28
404 4180 583 4235 divisa
609 4182 797 4253 cyclus
837 4181 1068 4237 eIIicitur
1108 4181 1240 4237 solis
1269 4197 1303 4237 v
1326 4222 1341 4247 ,
1371 4197 1468 4252 per
1515 4182 1580 4238 I9
1616 4197 1746 4237 vero

177 4272 382 4343 partita
431 4273 574 4327 luna:
622 4275 811 4345 cyclus
854 4273 913 4327 2.
968 4272 1097 4328 Erat
1121 4259 1313 4328 autem
1344 4272 1621 4329 Romanus
1653 4290 1746 4346 cy-

176 4364 302 4420 clus
325 4365 459 4420 solis
491 4381 543 4428 x,
574 4364 715 4421 luna:
746 4381 805 4421 ιι.
838 4364 1009 4437 Igitur
1037 4365 1223 4437 cyclus
1251 4363 1385 4420 solis
1410 4365 1466 4419 in
1503 4365 1607 4421 hac
1635 4380 1744 4419 sera

178 4459 413 4527 primus,
446 4466 531 4513 est
558 4457 790 4512 Romani
817 4458 951 4529 cycli
978 4474 1054 4521 v1,
1106 4457 1316 4513 lunaris
1347 4472 1480 4512 vero
1537 4457 1746 4513 utrobi-

178 4564 288 4619 que
322 4565 466 4604 unus
495 4555 598 4612 est,
633 4556 686 4604 et
718 4549 882 4607 idem.
925 4549 1147 4623 Epocba
1177 4551 1327 4613 anni,
1364 4549 1611 4621 cyclique
1656 4549 1744 4603 lu-
1777 4556 1822 4613 ι)

180 4641 334 4697 naris
390 4643 537 4711 (nam
570 4640 637 4696 de
670 4641 834 4696 solari
863 4642 976 4712 jam
1007 4639 1265 4713 diximus)
1294 4658 1323 4696 a
1350 4641 1583 4695 Maximo
1630 4649 1744 4696 sta-

181 4731 362 4784 tuitur
392 4730 446 4784 in
475 4729 731 4784 Kalendis
756 4731 978 4800 Aprilis.
1002 4730 1179 4802 Caput
1201 4729 1746 4786 enneadecaeteridos

181 4831 268 4879 est
292 4837 492 4878 aureus
519 4836 778 4876 numerus
803 4837 841 4875 ι.
862 4820 1151 4878 Neomeuia
1170 4823 1367 4893 prima,
1389 4821 1567 4876 Martii
1583 4836 1746 4877 xxm.

183 4912 373 4983 Itaque
395 4926 538 4967 anno
566 4913 741 4982 primo
762 4914 899 4984 cycli
956 4915 1186 4979 lunaris,
1231 4910 1489 4970 Kalendis
1546 4913 1747 4984 Aprilis

182 5000 314 5056 luna
339 4993 441 5056 I'uit
465 5003 697 5058 decima.
739 5001 879 5058 Hinc
911 5014 993 5059 est
1022 5005 1165 5075 quod
1206 5003 1473 5058 Maximus
1529 5012 1748 5073 epactas

185 5095 316 5149 anni
342 5095 504 5165 primi
523 5092 731 5150 lunaris
750 5111 802 5149 Ix
818 5094 985 5151 fuisse
1014 5096 1207 5151 scribit
1228 5111 1347 5167 cap.
1381 5093 1594 5160 XXVII,
1622 5110 1752 5165 quo-

186 5186 333 5240 niam
369 5192 501 5242 :etas
535 5184 682 5240 lunae
733 5191 884 5239 tanta
938 5186 1040 5240 fuit
1088 5184 1265 5240 Martii
1297 5202 1463 5251 xxxi,
1504 5187 1598 5256 qui
1632 5186 1750 5241 dies

186 5292 364 5333 canon
392 5283 479 5331 est
511 5283 824 5346 epactarum
854 5278 987 5334 solis
1016 5293 1080 5332 ac
1114 5279 1275 5341 lunae,
1298 5287 1354 5332 ut
1386 5278 1526 5333 idem
1561 5279 1635 5332 ait
1666 5294 1753 5333 ca-

186 5370 297 5438 pite
346 5367 538 5423 XXXI.
575 5368 731 5435 Quod
786 5385 896 5424 non
938 5370 1377 5424 animadvertens
1427 5368 1667 5438 Scaliger
1696 5370 1753 5423 in

186 5459 343 5519 Notis
369 5462 439 5517 ad
480 5462 711 5532 Eclogas
736 5462 813 5532 (p.
844 5463 945 5517 755
988 5463 1123 5517 edit.
1170 5462 1293 5528 ult.)
1324 5461 1566 5525 Maximi,
1596 5470 1755 5530 puta-

186 5555 265 5608 vit
301 5553 555 5610 imminui
592 5554 804 5610 duabus
850 5554 1148 5609 unitatibus
1186 5569 1452 5610 summam
1492 5555 1682 5624 :quod
1724 5570 1755 5608 a

188 5646 529 5716 temporibus
557 5646 763 5701 Christi
802 5645 930 5699 luna
960 5643 1184 5699 biduum
1214 5644 1592 5713 anticipasset,
1644 5661 1755 5715 quo

188 5736 327 5791 nihil
356 5736 664 5805 joeularius
692 5734 992 5805 excogitari
1049 5732 1246 5808 potuit.
1286 5731 1390 5788 Sed
1424 5733 1491 5790 de
1524 5734 1628 5790 hoc
1668 5750 1758 5790 er-

189 5841 313 5885 rore
348 5826 459 5895 iam
490 5826 647 5884 alias.

1908 1975 2009 2030 Hic
2049 1972 2203 2029 bidui
2246 1969 2491 2026 delectus
2523 1982 2619 2039 per
2647 1972 2824 2019 totum
2857 1962 3066 2033 cyclum
3097 1961 3242 2013 lunae
3271 1970 3391 2012 ser-

1833 2067 1950 2136 pit;
1977 2071 2031 2119 et
2060 2070 2264 2134 epactas
2289 2065 2549 2131 perpetuo
2576 2055 2791 2111 duobus
2820 2054 3059 2107 minores
3084 2056 3209 2106 sunt
3231 2061 3392 2117 quam

1833 2158 2112 2212 Romanae.
2156 2153 2400 2223 Exempli
2442 2165 2630 2214 causa,
2677 2148 2830 2220 cyclo
2875 2160 2966 2200 XIV
3007 2150 3209 2211 epactas
3246 2153 3396 2192 com-

1834 2264 2028 2305 munes
2064 2252 2192 2301 sunt
2236 2260 2311 2310 tv,
2366 2241 2598 2297 Maximo
2638 2256 2697 2305 ιι,
2743 2246 2802 2292 ιιι
2839 2238 2916 2291 ait
2955 2236 3130 2304 capite
3178 2227 3391 2284 XXVII.

1832 2338 2008 2408 Atque
2057 2335 2171 2390 haec
2211 2342 2526 2404 epactarum
2564 2327 2874 2403 progressio
2910 2323 3178 2379 naturalis
3211 2328 3315 2384 est,
3342 2327 3398 2374 et

1834 2435 2149 2500 epactarum
2207 2439 2517 2496 germanam
2559 2420 2930 2477 conditionem
2973 2414 3166 2470 retinet
3217 2430 3235 2466 :
3277 2427 3401 2481 quae

1835 2528 1919 2575 est
1961 2516 2250 2587 ejusmodi,
2295 2523 2355 2569 ut
2396 2513 2619 2570 totidem
2678 2511 2909 2583 quilibet
2958 2520 3134 2561 annus
3175 2509 3396 2574 epactas

1836 2613 2054 2676 habeat,
2079 2618 2211 2682 quot
2238 2616 2366 2663 sunt
2388 2605 2595 2663 residui
2626 2604 2744 2659 dies
2777 2617 2807 2655 a
2835 2599 3120 2656 neomenia
3152 2596 3398 2667 proxime

1837 2703 2188 2759 antecedente
2222 2700 2289 2755 ad
2312 2704 2446 2754 anni
2482 2703 2663 2768 caput.
2692 2694 2857 2766 Cyclo
2895 2692 3032 2747 lunae
3057 2705 3168 2753 xiv,
3196 2686 3396 2742 Kalen-

1837 2795 1923 2851 dis
1963 2794 2166 2864 Aprilis
2208 2794 2336 2847 luna
2386 2789 2601 2844 Niczena
2649 2788 2751 2842 fuit
2786 2784 2968 2841 tertia.
3014 2782 3156 2852 Ergo
3195 2786 3395 2849 epactas

1837 2888 2033 2942 merito
2073 2894 2201 2942 sunt
2243 2884 2298 2939 2.
2337 2882 2395 2938 In
2423 2883 2670 2937 Romano
2715 2884 2969 2948 computo
3014 2872 3255 2943 vulgaris
3285 2886 3394 2925 me-

1838 2980 2038 3035 thodus
2070 2979 2105 3033 4
2134 2984 2405 3033 numerat.
2438 2974 2513 3030 De
2541 2987 2648 3045 qua
2682 2971 2803 3027 vide
2832 2970 2930 3025 lib.
2959 2965 3029 3022 Vl
3060 2964 3137 3020 De
3157 2964 3397 3018 doctrina

1841 3079 2147 3141 temporum,
2165 3085 2284 3141 cap.
2306 3066 2493 3122 XXIII.
2616 3141 2618 3149 ν

1910 3167 2237 3237 Epactarum
2308 3159 2754 3219 inveniendarum
2832 3153 3119 3212 methodus
3181 3154 3301 3207 hac
3368 3164 3396 3204 θ

1844 3257 2101 3324 Maximo,
2128 3257 2304 3327 capite
2320 3252 2534 3319 XXVII,
2570 3250 2807 3307 traditur
2834 3267 2850 3316 ;
2894 3248 3107 3319 cyclum
3139 3245 3280 3300 luna:
3306 3258 3396 3313 per

1843 3350 2096 3405 undecim
2120 3349 2301 3404 ducito
2335 3367 2347 3403 :
2385 3360 2654 3402 summam
2682 3342 2894 3398 binario
2925 3340 3189 3395 minutam
3222 3335 3396 3391 divide

1843 3457 1940 3512 per
1968 3440 2057 3503 50,
2094 3440 2261 3494 habes
2292 3445 2512 3509 epactas
2544 3435 2694 3501 anni,
2731 3433 2889 3503 cujus
2917 3431 3102 3502 eyclus
3142 3427 3395 3502 multipli-

1844 3541 2000 3587 catus
2020 3537 2124 3586 est.
2148 3528 2314 3601 Cyclo
2343 3530 2482 3583 lunae
2511 3543 2621 3592 xw,
2652 3525 2699 3581 si
2730 3524 2797 3578 14
2828 3537 2924 3594 per
2962 3522 3023 3576 11
3051 3518 3396 3588 multiplices,

1844 3624 1974 3680 ﬁent
2002 3623 2123 3678 154.
2152 3620 2410 3677 Deductis
2433 3619 2489 3686 2,
2521 3633 2586 3673 ac
2609 3616 2828 3673 residuo
2852 3613 2953 3667 152
2986 3627 3079 3684 per
3104 3611 3173 3665 50
3200 3609 3396 3670 diviso,

1846 3721 2141 3787 supersunt
2179 3714 2236 3779 2,
2274 3721 2476 3785 epactas
2507 3710 2645 3784 cycli
2682 3724 2798 3764 xiv.
2834 3704 2907 3761 Ut
2943 3720 3033 3760 res
3080 3710 3199 3759 tota
3232 3699 3395 3769 subji-

1846 3808 2021 3863 ciatur
2068 3806 2263 3871 oculis,
2302 3804 2556 3861 tabellam
2606 3800 2963 3866 ascribemus,
2994 3798 3052 3854 in
3083 3810 3190 3868 qua
3221 3795 3404 3866 cyclus

1846 3898 2056 3953 lunaris
2119 3896 2404 3967 adjunctas
2466 3894 2628 3948 habet
2688 3898 2910 3964 epactas
2962 3897 3074 3943 tam
3133 3887 3404 3943 Romanas

1844 3995 1899 4042 et
1917 4002 2256 4051 communes,
2280 4000 2442 4055 quam
2462 3984 2794 4047 decurtatas,
2819 3991 2871 4037 et
2895 3979 3111 4035 Maximi
3133 3977 3398 4050 proprias.

2248 4071 2587 4126 Laterculum
2622 4070 2755 4141 cycli
2783 4068 3007 4122 lunaris.

2134 4183 2276 4238 Anni
2449 4180 2665 4251 Epacta:
2700 4177 2809 4233 Ro—
2836 4174 3244 4259 EpactzeMaxi-

2531 4264 2705 4304 mante
3001 4260 3077 4300 ml

1986 4361 2003 4399 ι
2573 4340 2637 4393 11
3033 4334 3069 4389 9

1987 4428 2028 4468 ιι
2570 4408 2646 4462 22
2994 4404 3068 4460 20

1986 4499 2048 4538 ιιι
2613 4478 2651 4533 5
3034 4475 3064 4529 1

1989 4590 2042 4629 ιν
2579 4570 2651 4626 14
3004 4565 3075 4619 12

1985 4660 2019 4698 v
2330 4676 2335 4679 -
2572 4640 2646 4696 25
2996 4636 3069 4690 25

1985 4730 2040 4770 ιι
2617 4710 2654 4765 6
3038 4705 3073 4759 4

1984 4821 2062 4859 vn
2578 4799 2650 4854 17
3002 4796 3072 4848 15

1985 4889 2084 4928 vm
2578 4869 2652 4925 28
2993 4864 3067 4920 26

1984 4960 2041 4999 ιι
2617 4940 2652 4995 9
3040 4936 3072 4989 7

1984 5051 2017 5089 ι
2577 5029 2651 5086 20
3002 5030 3071 5082 18

1985 5120 2042 5159 ιι
2618 5098 2647 5153 1
3003 5098 3075 5154 29

1988 5190 2066 5229 xu
2584 5168 2657 5225 12
3008 5169 3078 5225 10

1990 5282 2084 5322 ιιιι
2585 5261 2660 5318 25
3009 5260 3075 5316 21

1991 5354 2083 5391 xlv
2622 5332 2660 5387 4
3043 5332 3081 5386 2

1991 5424 2063 5462 xv
2585 5402 2654 5457 15
3008 5402 3078 5455 15

1994 5515 2083 5553 va
2589 5493 2661 5547 26
3007 5494 3078 5547 24

1996 5584 2110 5623 xvu
2623 5563 2654 5616 7
3043 5563 3080 5617 5

1998 5654 2128 5693 xvm
2594 5632 2663 5686 18
3008 5632 3077 5687 16

1999 5725 2089 5763 ιιι
2630 5704 2665 5758 0
3007 5702 3078 5755 28

1930 5822 2011 5879 Ex
2060 5823 2145 5881 his
2192 5830 2324 5881 aetas
2374 5823 2518 5880 lunae
2564 5835 2753 5879 mense
2794 5817 3063 5890 quolibet,
3096 5783 3161 5876 ac
3207 5814 3295 5873 die
3335 5813 3413 5874 de
