3808 6324
428 427 551 492 tm

1406 413 1494 468 AD
1537 411 1798 466 EUSEBII
1841 406 2232 466 CHRONICON
2267 400 2626 458 APPE-NDIX.

3513 391 3633 452 N32

430 536 804 609 prehenditur.
832 535 1102 590 Maximus
1128 533 1305 603 capite
1330 530 1564 594 XXVIII,
1594 533 1663 586 ita
1701 531 1769 586 de
1796 531 1897 584 hac
1935 546 1993 584 re
2023 533 2066 588 Α
2098 535 2207 579 tur.
2259 524 2364 579 Sed
2416 523 2673 594 quoniam
2719 532 2985 572 numents
3031 527 3298 569 annorum
3338 511 3500 579 hujus
3528 527 3631 564 arae

425 631 689 702 praecipit.
736 627 972 682 Inventis
1013 627 1220 696 epactis
1255 625 1392 678 adde
1438 625 1555 678 dies
1601 638 1791 677 omnes
1823 637 1851 674 a
1881 620 1984 674 Ka-

424 723 570 778 lend.
595 722 796 792 Ap’rilis
825 719 891 774 ad
927 734 1074 779 cum,
1119 718 1277 785 cujus
1312 726 1445 771 tetas
1484 716 1804 786 inquiritur,
1834 731 1984 770 sum-

423 830 563 867 mam
612 813 813 882 partire
842 827 938 880 per
963 810 1034 866 29
1061 810 1182 881 1/2,
1209 809 1487 865 residuum
1517 809 1622 862 erit
1655 816 1788 862 :etas
1820 809 1980 861 lunae.

424 905 546 960 Ilaec
574 904 861 959 methodus
902 919 1118 959 morosa
1161 911 1264 963 est.
1298 918 1399 956 nec
1434 902 1585 956 utilis
1634 904 1811 970 vulgo,
1857 916 1980 966 pro-

422 1006 542 1064 pter
592 995 878 1064 adjunctos
932 994 1184 1049 horarios
1239 993 1610 1063 epilogismos.
1667 990 1983 1060 Expeditior

419 1103 507 1142 res
532 1087 656 1149 erit,
703 1087 749 1142 si
780 1086 1059 1156 regulares
1102 1085 1362 1140 adhibeas
1399 1104 1412 1138 :
1445 1099 1675 1153 quorum
1717 1097 1980 1151 propaga-

419 1179 622 1233 tionem
672 1177 894 1232 Isaacus
942 1177 1166 1247 exponit
1209 1177 1386 1246 capite
1415 1175 1502 1229 IX.
1533 1175 1771 1229 Possunt
1802 1181 1979 1226 autem

418 1269 623 1339 duplici
674 1269 834 1324 modo
878 1269 1170 1339 propagari
1220 1287 1233 1322 :
1285 1267 1436 1337 prior
1470 1274 1574 1330 est,
1614 1275 1674 1320 ut
1714 1265 1979 1335 regularis

417 1363 686 1430 cujusque
720 1361 925 1416 mensis
963 1375 1224 1415 numerus
1259 1358 1353 1422 sit,
1385 1359 1478 1428 qui
1508 1359 1660 1429 cyclo
1705 1360 1880 1427 primo
1911 1355 1978 1410 ad

416 1463 662 1523 epactam
691 1469 927 1508 annuam
959 1452 1228 1521 adjectus,
1259 1458 1471 1505 aetatem
1492 1451 1636 1503 luna:
1663 1450 1898 1517 complet
1922 1447 1978 1501 in

416 1545 675 1601 Kalendis
703 1547 897 1616 ipsius.
930 1546 1090 1598 Anno
1125 1544 1302 1614 primo
1335 1542 1495 1614 cycli,
1524 1551 1728 1611 epacta:
1759 1541 1978 1595 lunares

415 1645 544 1691 sunt
574 1655 650 1701 tx,
684 1638 837 1693 deest
864 1639 1044 1692 unitas
1075 1637 1141 1690 ad
1177 1644 1391 1691 aetatem
1427 1637 1570 1692 lunae
1599 1633 1975 1703 complendam

415 1728 671 1784 Kalendis
708 1729 1028 1799 Aprilibus;
1063 1736 1148 1784 est
1179 1728 1323 1782 enim
1350 1728 1562 1782 decima
1598 1745 1612 1781 :
1640 1742 1702 1780 ac
1736 1726 1815 1780 sic
1848 1723 1978 1779 reli-

414 1821 537 1890 quis
570 1821 624 1874 in
648 1820 948 1875 mensibus.
980 1819 1259 1876 Posterior
1284 1819 1476 1874 modus
1510 1833 1678 1872 unum
1711 1817 1879 1871 demit
1909 1831 1974 1870 ex

2093 616 2329 671 sedecim
2365 615 2603 684 priorem
2631 606 2845 663 excedit
2883 625 2896 661 :
2927 607 3056 659 hinc
3081 603 3147 657 ad
3177 603 3361 672 cyclos
3383 601 3521 653 illius
3548 601 3630 652 ad-

2090 707 2222 759 ditis
2258 705 2345 768 16,
2373 703 2510 774 cycIi
2545 701 2711 769 hujus
2755 697 3023 750 orientur.
3055 694 3246 747 Annus
3281 692 3490 760 primus
3530 704 3632 742 atrae

2090 797 2450 856 Christianae,
2503 787 2886 845 Alexandrinae
2938 792 3022 839 est
3070 782 3240 838 5495.
3298 782 3392 850 qui
3447 795 3537 850 per
3577 778 3634 830 I9

2091 890 2302 943 divisus
2353 885 2448 938 dat
2495 882 2550 936 2.
2599 881 2814 935 Additis
2862 877 2951 940 16,
3003 877 3096 930 ﬁet
3153 873 3342 946 cyclus
3392 872 3530 925 luna
3559 870 3632 930 I8.

2088 997 2249 1051 quem
2291 978 2384 1032 dat
2433 990 2612 1030 annus
2650 972 2787 1029 5509
2815 968 3140 1040 posterioris
3170 966 3436 1034 computi,
3478 963 3524 1016 si
3555 977 3636 1029 per

2089 1072 2157 1126 19
2191 1071 2485 1124 tribuatur.
2525 1064 2616 1118 Sic
2664 1064 2730 1116 ad
2778 1063 2991 1132 cyclum
3042 1059 3175 1114 solis
3209 1058 3243 1111 5
3283 1072 3408 1111 aera:
3435 1055 3634 1124 prioris.

2087 1161 2316 1230 adjectis
2363 1158 2451 1220 16,
2505 1155 2730 1210 exsistet
2783 1152 2972 1224 cyclus
3023 1151 3157 1206 solis
3209 1149 3271 1201 2|
3317 1146 3448 1199 anni
3493 1144 3635 1199 5509.

2087 1253 2214 1307 Item
2248 1253 2312 1305 ad
2345 1267 2404 1304 ιιι
2441 1249 2814 1309 indictionem,
2862 1262 2983 1316 quae
3025 1260 3092 1298 ex
3143 1241 3284 1295 5193
3331 1238 3640 1306 relinquitur

2087 1361 2181 1416 per
2219 1345 2286 1398 15
2324 1343 2560 1413 partitis.
2611 1341 2655 1393 si
2706 1340 2967 1395 accedant
3002 1338 3092 1399 16,
3132 1334 3350 1389 residua
3380 1333 3484 1385 erit
3515 1331 3639 1384 indi-

2085 1440 2196 1492 ctio
2229 1454 2281 1490 tv
2316 1436 2442 1488 anni
2482 1434 2640 1488 5509.
2672 1433 2846 1502 Caput
2883 1431 3020 1502 cycli
3071 1429 3270 1484 solaris
3299 1426 3369 1479 ab
3394 1423 3635 1488 Octobri,

2084 1531 2292 1585 lunaris
2346 1544 2374 1580 a
2427 1526 2687 1580 Januario
2731 1532 2991 1595 sequente
3031 1521 3227 1591 repetit
3263 1521 3487 1570 Isaacus
3529 1530 3638 1585 cap.

2083 1623 2148 1678 Ill
2177 1630 2232 1678 et
2269 1621 2354 1674 VI.
2387 1620 2558 1690 Igitur
2606 1619 2814 1672 lunaris
2853 1617 3040 1686 cyclus
3087 1629 3104 1668 t
3147 1609 3639 1677 Constantinopoli-

2083 1725 2247 1773 tanus
2295 1723 2380 1771 est
2429 1722 2659 1784 quartus
2703 1709 2984 1772 Romani;
3037 1716 3092 1760 et
3149 1706 3366 1776 primus
3423 1700 3637 1754 Romani

2082 1819 2166 1864 est
2213 1823 2324 1862 xvn
2375 1801 2989 1873 Constantinopolitani.
3051 1798 3188 1852 Cum
3249 1798 3397 1851 enim
3445 1793 3638 1846 lunatis

411 1911 586 1981 priori
624 1928 822 1983 genere
868 1915 1220 1983 regularium.
1253 1912 1374 1974 Vel,
1417 1921 1500 1967 est
1541 1927 1802 1966 numerus
1843 1911 1979 1965 resi-
2012 1890 2052 1944 Β
2078 1902 2264 1974 cyclus
2298 1898 2647 1956 Alexandrini
2681 1893 2920 1962 computi
2949 1893 3090 1947 idem
3124 1891 3196 1945 δῖε
3227 1905 3290 1942 ac
3324 1886 3634 1948 Romanus;

414 2005 556 2059 duus
608 2012 733 2076 post
791 2020 1016 2060 aureum
1073 2021 1362 2061 numerum
1419 2005 1664 2059 eitiinum
1719 2002 1978 2058 Kalendis

414 2099 620 2168 Aprilis
688 2099 742 2153 in
805 2100 1160 2156 antecedente
1214 2117 1422 2164 mense,
1473 2101 1629 2155 initio
1682 2101 1751 2154 ab
1805 2099 1977 2171 Aprili

417 2189 578 2246 Iacto.
620 2189 787 2261 Cyclo
837 2193 998 2246 tertio
1041 2192 1210 2256 lunae,
1244 2192 1531 2247 neomenia
1575 2191 1768 2245 incidit
1805 2191 1858 2244 in
1891 2191 1977 2244 ul-

415 2282 603 2340 timum
644 2279 847 2338 Martii.
888 2282 1028 2353 Ergo
1063 2285 1246 2337 nullus
1272 2291 1356 2338 est
1394 2299 1458 2337 eo
1504 2297 1693 2337 mense
1724 2282 1978 2338 residuus

412 2373 527 2430 dies
573 2381 696 2443 post
741 2375 1083 2429 neomeniam
1133 2392 1146 2425 :
1184 2375 1427 2445 adeoque
1465 2374 1730 2446 regularis
1774 2374 1976 2444 Aprilis

410 2474 496 2520 est
533 2466 588 2522 0.
623 2466 794 2537 Aprili
831 2483 958 2524 vero
993 2477 1117 2538 post
1163 2469 1527 2536 neomeniam,
1569 2485 1690 2540 quae
1733 2485 1858 2522 xxix
1887 2468 1977 2523 die

411 2559 634 2624 accidit,
675 2568 847 2616 restat
878 2576 1020 2616 unus
1045 2561 1182 2616 dies.
1216 2562 1384 2632 Igitur
1416 2563 1684 2632 regularis
1718 2561 1843 2616 Maii
1891 2577 1976 2618 se-

359 2645 363 2648 ’
409 2654 628 2721 quentis
680 2662 766 2708 est
806 2655 857 2708 I.
902 2656 1050 2709 Inter
1100 2656 1260 2710 ambo
1310 2671 1509 2726 genera
1561 2654 1665 2709 hoc
1721 2655 1970 2718 interest,

411 2742 554 2812 quod
593 2745 871 2815 regulares
916 2747 1128 2816 priores
1163 2761 1285 2800 cum
1321 2753 1512 2816 epacta
1545 2755 1800 2800 currente
1834 2746 1977 2801 luna:

409 2841 621 2894 aetatem
659 2836 897 2899 exhibet,
944 2838 1083 2891 citra
1113 2836 1217 2892 diei
1250 2836 1414 2892 ullius
1441 2836 1825 2906 adjectioncm,
1871 2850 1973 2906 po-

410 2926 666 2992 steriores
710 2926 980 2984 Kalendas
1034 2929 1182 2998 ipsas
1227 2927 1509 2998 adjiciunt.
1545 2927 1848 2997 Utrumque
1877 2941 1973 2998 ge-

410 3033 516 3084 nus
548 3034 785 3089 sequens
811 3019 1009 3075 tabella
1038 3021 1478 3090 comprehendet.

515 3129 722 3186 Tabula
749 3132 1424 3204 ‘regulart'umdduplt'cium
1464 3133 1604 3188 (una:
1635 3135 1690 3188 in
1722 3132 1868 3204 cyclo

1066 3201 1317 3260 Maximi.

509 3456 714 3524 Aprilis
1178 3459 1204 3512 1
1629 3457 1665 3511 0

512 3525 691 3579 Maius
1175 3528 1213 3579 2
1628 3527 1655 3579 1

512 3527 691 3582 Maius
1175 3528 1213 3582 2
1628 3527 1655 3581 1

509 3594 706 3652 Juuiu
1177 3598 1214 3654 3
1629 3597 1667 3653 2

381 3752 400 3767 ι
507 3684 685 3767 Julius

506 3759 789 3826 angustus
1176 3759 1214 3814 5
1629 3759 1666 3812 4

509 3823 827 3896 September
1173 3828 1208 3882 7
1630 3826 1668 3885 6

515 3917 754 3972 October
1175 3919 1211 3974 Ἰ
1626 3920 1662 3977 6

512 3986 821 4042 November
1168 3989 1204 4048 9
1624 3992 1661 4048 8

514 4056 814 4112 December
1172 4059 1208 4116 9
1626 4062 1662 4118 8

510 4145 808 4206 Januarius
1037 4182 1040 4184 —
1143 4149 1205 4205 11
1587 4153 1658 4208 10

507 4217 840 4277 Februarius
1146 4220 1214 4276 I2
1591 4225 1652 4278 11

507 4287 738 4346 Martius
1147 4292 1206 4346 11
1589 4296 1658 4350 10

475 4398 795 4471 Exemplum
845 4420 860 4457 :
915 4410 1072 4475 cyclo
1121 4403 1264 4460 lunae
1307 4421 1398 4459 xtv
1447 4420 1591 4461 seire
1630 4405 1762 4461 libet
1801 4414 1967 4476 quota

406 4489 535 4544 Iuna
566 4490 638 4544 sit
661 4490 916 4552 Kalendis
965 4489 1323 4562 Septembris.
1353 4491 1573 4562 Epacta:
1595 4493 1630 4546 2
1653 4508 1773 4547 cum
1805 4508 1967 4564 regu-

405 4579 613 4638 laribus
651 4584 927 4650 prioribus
970 4584 1021 4648 7,
1064 4585 1146 4639 vel
1183 4599 1307 4638 cum
1354 4586 1744 4654 posterioribus
1784 4586 1838 4648 6,
1869 4585 1965 4640 sed
1999 4578 2042 4634 Ι)

407 4675 616 4728 unitate
665 4675 870 4738 addita,
909 4674 1039 4729 dant
1073 4677 1256 4729 lunam
1292 4691 1494 4730 nonam
1523 4695 1537 4741 ;
1569 4685 1628 4731 ut
1663 4683 1746 4730 est
1779 4691 1967 4732 revera

407 4763 558 4834 cyclo
617 4781 708 4818 xiv
764 4764 1001 4823 Nicaano.
1053 4766 1268 4824 Rursus
1313 4778 1589 4838 quaeratur
1648 4777 1780 4823 astas
1826 4770 1969 4823 lunae

406 4856 558 4925 cyclo
600 4856 741 4910 luna:
785 4874 818 4910 v
849 4857 1106 4915 Kalendis
1137 4857 1414 4914 Octobris.
1463 4859 1678 4928 Epacta:
1714 4859 1802 4920 23,
1842 4874 1967 4918 cum

408 4946 748 5016 regularibus
786 4948 837 5012 7,
869 4949 950 5004 vel
983 4948 1038 5014 6,
1064 4966 1093 5005 e
1118 4949 1377 5010 Kalendis
1424 4951 1553 5020 ipsis
1602 4951 1842 5022 praebent
1879 4949 1964 5003 lu-

411 5051 534 5092 nam
557 5039 910 5102 tricesimam.

1003 5151 1232 5208 CAPUT
1269 5151 1359 5208 IX.

413 5262 486 5326 De
531 5263 774 5318 methodo
809 5281 947 5318 tuna:
989 5266 1042 5318 in
1072 5263 1658 5334 Constantinopolitano
1703 5277 1962 5336 computo.

476 5376 634 5431 Nunc
677 5377 900 5432 alterius
943 5393 1063 5433 arte
1113 5394 1176 5433 ac
1216 5380 1476 5448 computi,
1511 5396 1670 5450 quem
1697 5380 1966 5437 Constan-

407 5471 830 5540 tinopolitanum
876 5478 1110 5537 vocant,
1163 5473 1453 5541 aperienda
1507 5471 1794 5529 methodus
1847 5479 1964 5533 est,

410 5577 473 5617 ex
507 5562 675 5617 Isaaei
706 5563 866 5625 libro,
901 5565 992 5634 qui
1036 5579 1157 5618 eam
1188 5563 1478 5634 diligenter
1506 5567 1746 5634 exponit.
1784 5565 1844 5619 In
1874 5565 1966 5620 illa

415 5656 647 5708 nrimum
675 5656 951 5725 cyclorum
993 5656 1490 5728 investigandorum
1522 5660 1732 5724 eadem,
1759 5676 1880 5729 quae
1910 5660 1966 5716 in

409 5744 706 5814 superiore,
755 5746 893 5801 ratio
924 5767 937 5814 ;
975 5757 1034 5801 ut
1078 5748 1251 5802 divisa
1295 5764 1506 5802 summa
1539 5764 1634 5818 per
1671 5751 1966 5818 quemlibet

411 5839 644 5908 cyclum,
670 5849 978 5919 competens
1004 5840 1152 5903 anni,
1175 5841 1264 5910 qui
1297 5844 1579 5912 qureritur,
1605 5844 1789 5913 cyclus
1815 5859 1964 5901 erua-

2079 1995 2124 2050 si
2167 1993 2232 2046 16
2266 1991 2330 2045 ad
2364 1991 2507 2045 hunc
2539 1989 2750 2060 cyclum
2782 1986 3028 2054 adjicias,
3058 1990 3189 2052 puta
3243 1981 3310 2034 ad
3351 1980 3404 2041 I,
3453 1976 3636 2032 eIIicies

2081 2085 2150 2138 17
2179 2084 2344 2138 illius.
2398 2081 2728 2151 Epactarum
2762 2077 3074 2148 progressio
3105 2076 3290 2145 plane,
3337 2079 3396 2125 ut
3436 2071 3490 2124 in
3539 2069 3636 2122 Ro-

2076 2189 2264 2236 mano,
2306 2189 2402 2244 per
2431 2171 2936 2242 multiplicationem
2969 2169 3119 2222 aurei
3148 2164 3367 2220 numeri
3397 2163 3453 2217 in
3486 2164 3636 2217 unde-

2078 2268 2184 2320 cim
2214 2265 2446 2321 efficitur
2484 2284 2496 2318 :
2531 2278 2707 2332 neque.
2741 2261 2908 2316 biduo
2955 2259 3263 2320 mutilatur,
3309 2263 3372 2308 ut
3415 2254 3636 2310 instituit

2079 2357 2368 2419 Maximus,
2421 2355 2516 2410 sed
2566 2362 2770 2425 epactze
2825 2353 2934 2406 illa:
2984 2357 3132 2412 sunt,
3191 2364 3332 2418 quas
3381 2347 3635 2416 superiori

2077 2449 2256 2518 capite
2291 2449 2346 2501 in
2387 2447 2652 2501 laterculo
2682 2445 2821 2517 cycli
2855 2443 3067 2497 lunaris
3099 2440 3384 2494 Romanas
3416 2439 3636 2508 appella-

2078 2553 2219 2592 mus.
2249 2535 2447 2591 Verum
2482 2551 2656 2590 annus
2694 2535 2909 2605 primus
2937 2531 3166 2586 Romani
3191 2530 3358 2600 cycli,
3402 2529 3484 2583 vel
3511 2528 3631 2596 ejus,

2076 2647 2185 2702 quo
2223 2629 2490 2686 Maximus
2533 2629 2724 2692 utitur,
2756 2627 2958 2697 quique
2993 2625 3154 2678 habet
3191 2628 3422 2692 epactas
3451 2637 3536 2683 xi,
3564 2628 3634 2674 est

2075 2728 2306 2791 quartus
2350 2714 2959 2786 Constantinopolitani.
3011 2712 3230 2783 Epactze
3272 2719 3406 2766 sunt
3447 2709 3633 2765 residui

2075 2811 2214 2872 dies,
2260 2809 2354 2880 qui
2399 2809 2466 2862 ad
2517 2807 2892 2878 complendam
2928 2805 3264 2859 Iunationem
3307 2802 3377 2856 ad
3409 2802 3526 2856 dies
3553 2816 3634 2854 cu-

2070 2905 2298 2974 juslibet
2327 2903 2532 2958 mensis
2566 2899 2914 2955 adhibentur.
2943 2899 3099 2952 Anno
3127 2896 3306 2967 primo
3344 2895 3484 2966 cycli
3518 2908 3633 2962 epa-

2075 3004 2180 3050 ctte
2210 3003 2340 3051 sunt
2385 2993 2659 3048 undecim.
2698 2990 2748 3046 Is
2779 2998 2863 3047 est
2909 2997 3139 3060 quartus
3179 2987 3309 3040 anni
3354 2983 3578 3040 Romani
3618 3002 3632 3036 z

2075 3091 2162 3146 cui
2210 3090 2406 3145 tertius
2455 3085 2781 3142 antecedens
2829 3084 3070 3153 reliquos
3111 3080 3230 3134 dies
3286 3076 3541 3132 undecim
3577 3073 3634 3126 ab

2075 3181 2270 3237 ultima
2321 3179 2540 3251 syzygia
2583 3176 2840 3246 reliquit,
2897 3189 3016 3243 quae
3057 3169 3379 3225 Decembris
3406 3184 3499 3222 xxi
3539 3179 3635 3218 ca:-

2001 3239 2046 3298 C
2080 3271 2182 3344 pit.
2208 3239 2487 3323 Naturaiis
2521 3281 2671 3337 ergo,
2696 3239 2750 3320 et
2776 3239 2995 3334 propria
3021 3261 3130 3314 τῶν
3167 3258 3432 3313 ὲπακτῶν
3466 3257 3518 3310 in
3545 3255 3635 3309 hoc

2079 3361 2235 3434 cyclo
2269 3359 2424 3416 notio
2461 3366 2566 3420 est,
2592 3365 2647 3412 et
2675 3356 2982 3426 appellatio.

2149 3451 2497 3523 Regularium
2532 3463 2629 3519 par
2654 3458 2758 3513 est,
2797 3455 2961 3516 atque
3000 3446 3056 3499 in
3087 3441 3401 3513 superiore,
3439 3440 3633 3494 metho-

2079 3545 2184 3601 dus
2233 3561 2248 3598 :
2283 3550 2358 3607 et,
2396 3550 2456 3596 ut
2488 3542 2619 3604 illic,
2651 3539 2821 3594 duum
2871 3551 3128 3606 generum
3181 3533 3478 3589 sunt.'Alii
3525 3544 3631 3583 cum

2079 3636 2290 3708 epactis
2335 3642 2551 3689 aetatem
2598 3633 2741 3686 luna:
2786 3629 3093 3702 perﬁciunt,
3136 3625 3231 3680 alii
3271 3625 3486 3680 unitate
3523 3627 3634 3676 sunt

2077 3728 2346 3783 minores.
2400 3723 2560 3788 Tum,
2611 3722 2755 3793 quod
2801 3737 2831 3774 a
2866 3718 3149 3781 Januario,
3201 3731 3316 3770 non
3362 3715 3435 3769 ab
3483 3712 3634 3780 Aprili

2079 3817 2286 3888 epocha
2316 3817 2556 3880 ducitur,
2615 3813 2879 3868 nonnulla
2911 3811 3147 3863 varietas
3175 3806 3397 3861 incidit.
3427 3804 3635 3858 Utrum-

2078 3927 2185 3982 que
2213 3925 2388 3982 genus
2418 3910 2472 3963 in
2501 3914 2762 3978 sequente
2789 3904 3050 3959 laterculo
3071 3899 3474 3957 describemus.

2186 4021 2520 4078 Laterculum
2570 4020 2889 4090 regularium
2950 4017 3089 4070 (ante
3132 4013 3430 4083 duplicium
3489 4014 3542 4071 in

2673 4090 2817 4160 cyclo
2851 4089 3051 4142 Isaaci.

2761 4181 2954 4306 Reful.
3215 4178 3413 4302 Relg'ul.

2174 4344 2468 4402 Januarius
2838 4343 2865 4397 1
3300 4341 3336 4396 0

2176 4416 2510 4473 Februarius
2837 4416 2873 4467 9.
3303 4414 3324 4464 1

2176 4486 2405 4542 Martius
2836 4485 2862 4539 1
3293 4482 3330 4534 0

2177 4579 2376 4648 Aprilis
2837 4577 2872 4648 2
3295 4573 3323 4648 ι

2176 4643 2348 4703 Malus
2837 4647 2870 4700 5
3069 4659 3072 4664 ’
3291 4643 3329 4694 9.

2171 4718 2368 4775 Junius
2834 4717 2869 4774 4
3289 4714 3327 4766 5

2170 4807 2348 4863 Julius
2829 4807 2862 4861 5
3287 4806 3322 4860 4

2173 4882 2451 4948 Augustus
2832 4877 2864 4930 6

2175 4951 2492 5020 September
2835 4949 2868 5001 8
3296 4947 3329 4998 τ

2175 5041 2410 5094 October
2834 5038 2867 5090 8
3295 5041 3328 5094 7

2077 5112 2084 5120 ’
2175 5110 2479 5163 Nchntbel'
2801 5109 2869 5160 10
3292 5111 3328 5165 9

2175 5180 2467 5234 December
2803 5179 2860 5229 11
3257 5181 3326 5235 10

2149 5291 2393 5361 Exempli
2421 5306 2584 5345 causa
2623 5309 2636 5344 :
2673 5290 2838 5360 Cyelo
2872 5291 3013 5344 lunae
3051 5308 3162 5354 xiv,
3199 5295 3622 5362 qumratur'mtas

2069 5387 2216 5442 illius
2272 5385 2528 5440 Kalendis
2582 5385 2932 5455 Septembris.
2974 5384 3191 5454 Epactae
3236 5400 3366 5443 sunt
3402 5406 3474 5454 tv,
3520 5404 3623 5460 qua

2068 5493 2192 5533 cum
2253 5478 2601 5548 regularibus
2661 5475 2994 5548 Septembris
3039 5493 3158 5543 VIII,
3212 5487 3306 5532 aut
3365 5497 3487 5535 cum
3538 5496 3621 5542 ru,

2071 5569 2250 5622 addita
2296 5570 2525 5631 unitate,
2562 5571 2690 5624 dant
2747 5569 2929 5622 lunam
2971 5568 3358 5625 duodecimam
3417 5592 3430 5627 :
3475 5582 3620 5643 quota

2068 5677 2257 5717 revera
2312 5669 2396 5716 est
2449 5662 2600 5732 cyclo
2660 5660 2902 5715 Romano
2942 5676 3076 5726 xvn,
3133 5661 3621 5736 Constantinopoli-

2068 5761 2196 5808 tano
2228 5770 2336 5807 xiv.

2163 5844 2380 5906 Isaacus
2441 5844 2616 5924 capite
2665 5844 2729 5908 IX
2780 5860 2877 5923 pro
2937 5844 3305 5918 regularibus,
3363 5849 3617 5905 residuum
