3808 6312
187 430 318 487 “3'5

1166 427 1627 491 DISSERTATIO
1662 429 1755 484 DE
1788 428 2194 492 GRECORUM
2230 430 2437 494 EBIS.

3279 432 3418 492 1454

184 549 450 607 mensium
502 547 866 613 Julianorum,
918 548 1181 606 detractis
1226 551 1453 622 integris
1491 549 1748 622 syzygiis,
1779 557 1824 610 A
1855 550 2130 619 contigit;
2187 564 2309 620 qua:
2351 564 2450 619 per
2482 556 2729 619 epactam
2767 527 2869 615 22,
2912 548 3189 619 regulares
3234 559 3417 621 poste-

182 643 400 713 accipit.
444 638 673 713 Syzygia
708 642 923 697 lunaris
956 648 1042 697 est
1079 640 1291 697 dierum
1326 659 1458 697 xxix
1489 642 1593 713 1/2
1622 640 1749 710 qui-

180 735 283 791 bus
306 734 375 789 tle
398 749 527 788 xxxi
552 734 825 799 deductis,
852 734 1108 789 restantl
1137 734 1241 809 1/2
1268 735 1322 788 in
1356 732 1651 788 Februario
1680 731 1746 786 ad

179 832 400 896 epactas
430 839 639 881 annuas
684 824 941 881 addendi.
972 825 1081 880 Sed
1123 839 1240 880 eam
1284 824 1595 879 methodum
1647 823 1750 878 mi-

179 917 323 972 nime
377 918 543 984 vulgo
592 926 775 987 aptam
831 932 953 972 esse
1007 932 1172 987 supra
1229 917 1562 971 monuimus.
1617 915 1741 970 Ideo

176 1007 408 1062 Romani
459 1023 808 1078 nequaquam
868 1024 931 1064 ea
984 1016 1114 1064 sunt
1171 1009 1278 1064 usi.
1343 1007 1613 1077 Quocirca
1665 1009 1743 1063 uti

174 1098 487 1154 Grmcorum
512 1100 861 1171 epilogismos
884 1101 949 1154 ad
972 1099 1281 1159 Kalendarii
1304 1100 1567 1156 nostratis
1585 1115 1743 1156 usum

175 1205 238 1245 ac
277 1192 607 1260 dispositum
641 1192 1139 1258 accommodemus,
1184 1206 1306 1245 cum
1337 1194 1545 1261 epactis
1582 1207 1745 1261 regu-

174 1283 315 1338 lares
337 1284 738 1354 componimus.
776 1281 953 1337 Unum
986 1291 1168 1338 tamen
1200 1282 1602 1337 observandum
1634 1293 1739 1347 est,

172 1390 294 1429 cum
334 1375 490 1445 cyclo
531 1375 704 1430 lsaaci
744 1391 876 1441 xm,
907 1382 1128 1446 epactas
1155 1390 1271 1442 Vill,
1305 1390 1415 1429 non
1451 1392 1552 1439 vn,
1586 1391 1740 1431 com-

170 1464 445 1534 parandas
492 1480 655 1530 esse;
687 1472 742 1519 et
768 1479 892 1518 cum
945 1466 1098 1535 cyclo
1143 1479 1296 1531 xvm,
1356 1472 1579 1533 epactas
1622 1480 1738 1527 xu.

168 1572 279 1611 non
314 1571 475 1611 xvm.
524 1556 695 1626 Cujus
736 1557 876 1612 ratio
920 1571 987 1611 ex
1036 1557 1279 1627 ὑποτομῇ
1327 1556 1469 1611 luna:
1511 1556 1742 1627 petenda

166 1654 251 1703 est
280 1663 296 1712 ;
343 1661 374 1701 a
413 1662 524 1717 qua
555 1647 714 1711 lume,
745 1662 904 1718 quem
938 1656 1158 1711 vocant,
1189 1649 1366 1703 saltus
1412 1648 1611 1704 oritur.
1643 1645 1743 1703 Hic

164 1740 310 1794 enim
352 1740 408 1794 in
452 1741 607 1809 cyclo
638 1738 886 1794 Romano
918 1755 1032 1802 xix,
1067 1738 1389 1793 Latinorum
1425 1754 1514 1794 xvt
1559 1738 1739 1793 conti-

163 1832 261 1898 git,
305 1832 387 1886 uti
436 1832 533 1887 lib.
580 1831 645 1884 Vl
686 1832 765 1885 De
807 1832 1047 1885 doctrina
1077 1843 1399 1900 temporum,
1433 1846 1557 1901 cap.
1597 1829 1742 1887 XVII

162 1920 428 1979 diximus.
475 1921 705 1992 Propter
739 1923 879 1977 hanc
929 1924 1242 1995 ὑποτομὴν,
1292 1936 1496 1977 aureus
1540 1936 1736 1977 nume-

161 2031 256 2070 rus
302 2031 398 2069 xix
433 2029 544 2069 uno
593 2015 681 2070 die
721 2015 885 2071 situm
925 2015 1220 2070 antevertit
1262 2015 1321 2070 in
1362 2014 1737 2086 descriptione

158 2105 394 2162 Romani
427 2106 763 2167 Kalendarii.
805 2106 887 2161 Ob
921 2105 974 2160 id
1010 2122 1118 2160 non
1150 2122 1226 2169 χι,
1258 2106 1351 2161 sed
1380 2122 1454 2160 xu
1486 2105 1735 2163 addenda

158 2206 288 2254 sunt
321 2198 390 2252 ad
425 2205 667 2268 epactam
704 2197 831 2253 anni
866 2198 1239 2256 antecedentis
1282 2214 1452 2263 xxVI;
1491 2206 1551 2252 ut
1605 2197 1735 2252 ﬁant

155 2305 250 2346 vm
292 2302 502 2361 epactas
548 2290 678 2345 anni
714 2305 848 2356 xvu,
880 2290 1084 2361 quibus
1114 2290 1320 2346 additis
1347 2307 1425 2354 xi,
1457 2290 1734 2345 exsistunt

153 2389 359 2453 epactas
395 2398 486 2437 χιιι
532 2384 660 2437 anni
695 2398 850 2447 xvm,
882 2384 975 2454 qui
1005 2393 1089 2440 est
1134 2383 1411 2440 secundus
1448 2383 1586 2454 cycli
1625 2383 1734 2438 llo?

148 2472 300 2526 mani
352 2490 367 2526 :
412 2486 478 2526 ac
534 2472 752 2528 demum
810 2474 1038 2543 adjectis
1094 2491 1180 2539 xi,
1242 2473 1379 2531 ﬁunt
1436 2480 1642 2544 epactte
1696 2475 1732 2529 0

152 2564 282 2619 anni
323 2580 445 2627 xtx,
481 2565 573 2635 qui
616 2573 700 2625 est
740 2567 935 2622 tertius
975 2565 1210 2623 Romani
1248 2568 1409 2638 cycli.
1445 2566 1561 2622 Hoc
1601 2582 1731 2623 vero

152 2656 332 2708 locum
376 2653 545 2711 habet
585 2656 641 2711 in
677 2672 971 2712 aureorum
1012 2673 1368 2712 numerorum
1416 2657 1729 2728 dispositu;

148 2746 460 2814 rujusmodi
499 2754 583 2802 est
623 2748 677 2802 in
704 2756 895 2803 nostro
927 2748 1276 2805 Kalendario.
1306 2748 1447 2804 Nam
1492 2750 1541 2805 si
1571 2750 1732 2813 aliter

152 2836 501 2902 instituatur,
558 2837 665 2892 alia
695 2854 913 2909 quoque
942 2839 1049 2894 erit
1071 2839 1307 2894 ineunda
1336 2839 1498 2901 ratio.

773 2971 1002 3031 CAPUT
1043 2972 1113 3027 Χ.

143 3086 444 3160 De_lunari
472 3088 801 3160 Δ’προιιιγιτισξι
827 3125 871 3160 ,_
893 3097 943 3141 et
979 3088 1324 3142 terminorum
1361 3086 1726 3160 μεταπτώςει.

215 3157 406 3213 lsaaci
448 3156 643 3227 ιιι-99νί
678 3156 906 3211 ridicula
948 3159 1110 3214 ratio.
1156 3156 1571 3225 Quartadecima
1615 3157 1728 3211 Pa-

1849 644 2026 699 riores
2054 642 2111 705 7,
2146 656 2210 697 ac
2234 641 2334 713 τὴν
2369 640 2653 705 ποσταίαν,
2686 640 2737 696 id
2762 648 2847 696 est
2869 640 2987 696 dies
3008 641 3078 696 26
3106 642 3414 701 conﬁcitur.

1847 734 2199 788 Novilunium
2245 733 2441 788 incidit
2515 731 2850 802 Septembris
2893 747 3102 797 xxviii,
3155 732 3289 787 feria
3333 749 3412 789 HI.

1851 825 2007 883 Unde
2038 828 2167 880 luna
2198 826 2464 885 vicesima
2506 841 2650 882 nona
2695 824 2953 895 competit
2980 823 3230 880 Octobris
3261 841 3413 891 xxvr,

1849 919 1943 974 sed
1978 918 2318 975 neomeniam
2349 918 2556 989 putavit
2598 916 2815 972 lsaacus
2846 930 2875 969 a
2905 932 3036 970 xxrx
3066 916 3154 972 die
3177 916 3417 988 Septem-

1847 1008 1982 1068 bris.
2031 1010 2219 1079 Itaque
2261 1010 2367 1063 tria
2422 1009 2608 1079 adjicit
2649 1017 2856 1079 epactae
2900 1008 2971 1063 22
2999 1049 3014 1072 ,
3057 1016 3117 1063 ιιι
3167 1009 3240 1064 sit
3279 1010 3352 1065 25
3396 1026 3412 1063 :

1846 1116 1968 1171 quae
2003 1116 2128 1157 cum
2177 1101 2390 1171 cpactis
2439 1101 2710 1160 mensium
2751 1100 2802 1164 ’1,
2846 1108 2899 1155 et
2931 1100 3003 1153 26
3029 1100 3221 1155 diebus
3249 1099 3418 1157 Octo-

1844 1193 1960 1247 bris
2002 1193 2185 1247 lnnam
2230 1192 2542 1264 producunt
2585 1192 2894 1247 vicesimam
2937 1199 3218 1255 octavam,
3262 1191 3414 1266 dem-

1844 1282 1953 1352 ptis
2006 1282 2094 1338 50.
2150 1281 2262 1335 (Zur
2328 1281 2431 1336 tria
2479 1282 2598 1340 haec
2642 1280 2931 1345 addantur,
2990 1294 3212 1334 causam
3262 1279 3414 1335 διΐστη

1839 1374 2182 1444 jocularem;
2215 1376 2342 1446 quia
2386 1389 2511 1429 cum
2544 1375 2674 1432 luna
2709 1375 2866 1445 plena
2899 1382 3079 1429 creata
3115 1373 3187 1428 sit
3227 1388 3256 1426 a
3303 1372 3415 1428 Deo

1844 1466 1933 1525 die
1989 1475 2209 1536 quarto,
2261 1466 2504 1524 triduum
2548 1474 2765 1536 oportet
2806 1461 3192 1521 antecessisse.
3240 1463 3414 1518 Porro

1844 1562 1997 1633 cyclo
2045 1564 2224 1634 primo
2268 1563 2613 1635 deprehensa
2659 1571 2746 1619 est
2799 1564 2927 1619 luna
2962 1563 3173 1619 decima
3219 1564 3411 1633 quinta

1845 1654 2210 1710 Kalendarum
2241 1655 2529 1721 Januarii;
2578 1664 2781 1726 quanta
2836 1664 2955 1711 erat
3002 1671 3067 1711 eo
3113 1663 3410 1719 momento,

1841 1761 1952 1816 quo
2000 1756 2185 1802 creata
2222 1755 2327 1803 est.
2360 1746 2627 1814 Quoniam
2659 1762 2791 1817 ergo
2826 1748 3014 1819 cyclns
3040 1748 3249 1818 primus
3282 1759 3410 1817 epa-

1844 1847 1965 1894 ctas
2014 1838 2176 1894 habet
2209 1839 2462 1895 undecim
2498 1855 2564 1895 ex
2604 1838 2859 1894 methodo
2886 1856 2902 1906 ;
2930 1840 3032 1894 bac
3067 1841 3281 1896 ratione
3310 1841 3409 1894 ﬁn-

1844 1931 1993 2001 gitur
2034 1932 2376 1986 novilunium
2422 1932 2689 1988 incidisse
2737 1933 2992 1988 undecim
3044 1932 3236 1988 diebus
3284 1943 3409 1990 ante

1835 2022 2116 2077 Kalendas
2152 2041 2166 2079 :
2205 2023 2406 2093 quibus
2435 2023 2602 2078 additi
2632 2032 2742 2081 tres
2768 2024 2843 2078 illi
2889 2023 2996 2096 πρὸ
3031 2023 3143 2077 τῶν
3176 2023 3409 2091 αἰώνων,

1834 2121 1896 2169 ut
1923 2124 2333 2184 computatores
2364 2115 2539 2171 Graeci
2582 2118 2910 2183 nominant;
2950 2116 3215 2171 decimam
3244 2117 3408 2187 quin-

1834 2212 1944 2258 tam
1973 2206 2155 2260 lnnam
2182 2206 2472 2263 conferunt
2498 2208 2551 2261 in
2568 2207 2842 2263 Kalendas
2863 2206 3172 2264 Ianuarias.
3202 2206 3413 2265 Idcirco

1835 2296 2001 2350 trium
2024 2310 2239 2367 semper
2268 2298 2337 2353 ad
2359 2307 2585 2368 epactas
2616 2297 2675 2351 ﬁt
2705 2298 2972 2354 accessio.

1906 2386 2032 2442 Hatc
2068 2389 2210 2445 ratio
2251 2404 2323 2447 ne
2353 2387 2704 2446 astronomiae
2739 2389 2960 2460 quidem
2996 2397 3190 2462 tyrone
3219 2389 3405 2459 digna,

1831 2486 1886 2535 et
1936 2480 2346 2550 imperitissima
2378 2482 2480 2537 est:
2513 2481 2756 2537 Primum
2807 2482 2882 2536 ita
2915 2480 3196 2553 procedit,
3245 2484 3408 2553 quasi

1831 2572 2069 2629 mundus
2102 2572 2385 2628 Decembri
2424 2590 2613 2630 mense
2641 2575 2897 2631 conditus
2932 2574 3025 2640 sit,
3067 2575 3210 2645 quod
3244 2590 3407 2631 nemo

1831 2662 2103 2720 hactenus
2136 2665 2396 2736 opinatus
2428 2674 2533 2722 est.
2579 2665 2786 2722 Deinde
2829 2668 3083 2736 quamvis
3121 2666 3227 2722 hoc
3261 2667 3405 2723 ultro

1830 2755 2199 2819 concedatur,
2263 2756 2437 2810 nihilo
2484 2756 2657 2827 magis
2704 2755 2952 2826 expediri
3007 2764 3208 2827 potest.
3258 2756 3397 2811 Nam

1831 2845 1881 2900 si
1919 2860 2109 2900 verum
2159 2844 2331 2913 dicit,‘
2367 2848 2610 2917 oportuit
2646 2846 2903 2902 omnibus
2949 2856 3096 2903 retro
3146 2849 3361 2904 saeculis
3384 2888 3401 2915 ,

1831 2938 2084 3009 adeoque
2107 2938 2350 2997 Nicaeno.
2379 2940 2620 2994 triduum
2642 2939 2775 2994 illud
2809 2939 2972 3010 adjici
3002 2959 3017 2994 :
3047 2940 3192 3011 quod
3220 2949 3401 3000 tamen

1829 3047 2056 3088 necesse
2101 3046 2210 3086 non
2248 3032 2350 3086 fuit
2378 3051 2393 3099 ;
2422 3033 2692 3102 siquidem
2730 3040 2935 3104 epactat
2970 3032 3246 3104 simplices
3270 3040 3402 3087 aeta.

1828 3133 1935 3180 tem
1976 3125 2117 3179 lunae
2161 3125 2644 3194 reprtesentabant.
2693 3123 2962 3180 Prazterea
3013 3123 3237 3181 lsaacus
3282 3124 3403 3196 ipse

209 3229 413 3284 scltalis
465 3215 586 3301 cui-ﬁ
606 3227 955 3301 plenilunium
1001 3215 1248 3301 diem}.
1296 3227 1482 3301 lsaaci
1523 3244 1727 3282 errores
1755 3238 1800 3301 ο
1830 3216 2009 3286 capite
2051 3215 2191 3281 XVI.
2225 3217 2319 3271 ubi
2349 3216 2415 3271 de
2452 3217 2662 3271 lunaris
2698 3231 2762 3271 ac
2800 3216 2998 3272 solaris
3040 3216 3167 3270 anni
3204 3216 3400 3270 antici-

212 3301 399 3361 rarii;
449 3297 821 3367 wquinuclium
873 3298 1014 3367 falso
1051 3299 1116 3353 ab
1152 3299 1333 3353 eodem
1372 3299 1722 3355 observatum.

211 3390 512 3460 Hucusque
525 3391 768 3445 lunarem
784 3392 1099 3446 methodum
1134 3391 1507 3462 expressimus
1525 3390 1727 3446 utrius-

136 3499 246 3553 que
295 3482 582 3553 computi;
625 3499 744 3553 qua:
771 3481 997 3537 Nicanno
1031 3485 1253 3549 saeculo,
1293 3499 1358 3539 ac
1402 3485 1541 3539 citra
1569 3485 1724 3541 novi-

136 3575 421 3629 luniorum
469 3577 774 3646 προήγησιν
806 3574 1050 3629 adhiberi
1097 3583 1312 3646 poterat
1345 3594 1359 3631 :
1396 3592 1559 3647 quam
1596 3590 1721 3630 cum

133 3667 486 3736 antiquiores
534 3667 883 3736 computandi
937 3668 1228 3738 magistri,
1283 3667 1362 3722 uti
1413 3665 1718 3733 Maximus,

130 3758 457 3830 Dionysius,
501 3755 645 3811 Beda
693 3757 1009 3822 nescirent,
1053 3766 1379 3827 perpetuum
1423 3757 1556 3811 illud
1588 3757 1726 3810 arti-

130 3853 324 3907 ﬁcium
358 3850 700 3920 inquirendae
737 3850 946 3905 lunaris
973 3852 1151 3905 :ctatis
1182 3866 1306 3906 esse
1345 3851 1715 3906 crediderunt.

130 3945 368 4000 lsaacus
416 3959 570 4006 vero,
606 3952 668 3997 ut
702 3953 821 3997 erat
854 3942 1208 3998 astronomia:
1252 3944 1485 4013 peritus,
1522 3943 1717 4013 praasi-

124 4033 221 4089 dio
269 4033 583 4088 caelestium
622 4033 1065 4089 Observationum
1110 4039 1165 4087 et
1209 4034 1563 4087 astronomici
1604 4034 1717 4088 cal-

124 4123 265 4188 culi,
314 4122 451 4178 solis
495 4136 559 4176 ac
598 4122 739 4176 lunm
779 4121 1188 4178 antecessiones
1222 4123 1608 4177 animadvertit
1658 4124 1715 4178 in

122 4232 281 4275 anno
305 4213 553 4269 Iuliano.
589 4212 717 4270 Ideo
758 4225 869 4269 tam
897 4214 1168 4278 Nicaenas,
1196 4216 1283 4270 vel
1314 4215 1714 4271 Alexandrinas

120 4309 321 4379 potius
358 4307 680 4362 neomenias
723 4305 1041 4371 Pascliales,
1070 4324 1233 4378 quam
1267 4308 1555 4373 terminos,
1588 4309 1715 4363 inu-

121 4401 254 4457 tiles
306 4408 470 4455 tetate
514 4413 614 4454 sua
660 4414 785 4454 esse
829 4400 1137 4469 comperit;
1189 4408 1250 4455 ut
1291 4401 1383 4471 qui
1427 4401 1495 4456 ab
1528 4417 1713 4458 mense

119 4493 310 4562 primo
342 4490 412 4545 ad
448 4490 749 4546 secundum
786 4492 1046 4562 paulatim
1095 4494 1388 4549 transitum
1431 4492 1709 4549 fecissent.

1831 3312 2053 3381 patione
2076 3311 2320 3375 disserit,
2362 3322 2549 3364 censet
2575 3309 2735 3365 annis
2763 3323 2937 3372 cccw,
2975 3324 3085 3363 uno
3120 3307 3207 3362 die
3239 3323 3397 3379 syzy-

1831 3403 1948 3473 gias
2007 3401 2276 3473 ἀκριϐεῖς,
2325 3401 2535 3467 civiles,
2581 3415 2648 3453 ac
2684 3399 2908 3454 minime
2954 3397 3203 3470 ἀκριϐεῖς
3249 3409 3392 3453 ante-

1828 3501 2061 3549 vertere.
2111 3491 2265 3548 Unde
2308 3507 2658 3563 consequens
2697 3500 2803 3557 est,
2844 3498 2971 3545 ante
3015 3504 3189 3545 annos
3223 3488 3398 3553 1047,

1827 3587 2025 3658 quibus
2069 3583 2285 3640 Nicmna
2325 3584 2570 3655 synodus
2605 3581 2778 3639 lsaaci
2822 3589 3059 3645 aetatem,
3093 3589 3149 3635 et
3194 3595 3397 3635 annum

1829 3676 1969 3739 1572
2003 3677 2334 3743 antecessit;
2372 3676 2569 3731 diebus
2607 3674 2843 3745 amplius
2876 3672 3055 3728 tribus
3090 3670 3235 3726 infra
3273 3670 3397 3728 dies

1825 3784 1921 3825 eos
1957 3768 2152 3831 fuisse,
2177 3768 2379 3839 quibus
2401 3768 2550 3822 illius
2581 3783 2697 3823 aevo
2730 3767 3038 3822 commissa:
3067 3771 3213 3820 sunt.
3255 3760 3395 3817 Tum

1824 3876 1956 3917 vero
2001 3860 2049 3916 si
2089 3860 2333 3915 triduum
2379 3859 2447 3915 ad
2493 3866 2715 3929 epactas
2756 3857 3005 3923 adderes,
3048 3868 3398 3927 nequaquam

1825 3955 2010 4008 lunam
2046 3966 2424 4022 asscquerere.
2468 3949 2878 4005 Absurdissime
2926 3949 3094 4020 igitur
3132 3946 3395 4009 lsaacus;

1821 4045 1937 4115 qui,
1976 4059 2099 4098 cum
2143 4042 2424 4098 novilunia
2467 4049 2649 4097 certos
2687 4040 2754 4094 ad
2804 4039 2922 4096 dies
2958 4039 3184 4095 minime
3212 4037 3395 4092 adhae—

1822 4146 2040 4187 rescere
2110 4131 2347 4194 sentiat,
2398 4129 2471 4182 ita
2516 4129 2878 4185 ratiocinatur
2944 4128 3185 4194 interim,
3234 4127 3393 4198 quasi

1821 4238 2038 4294 semper
2085 4223 2139 4278 in
2173 4221 2361 4278 eodem
2402 4221 2492 4277 die
2526 4222 2833 4279 consistant
2864 4240 2878 4276 :
2911 4223 3057 4291 quod
3092 4223 3175 4277 vel
3219 4222 3397 4293 ἱιιιρειι

1821 4317 1927 4371 rite
1956 4315 2025 4368 ab
2049 4329 2114 4369 eo
2145 4314 2351 4368 factum
2384 4320 2466 4370 est
2493 4330 2509 4382 ;
2539 4314 2584 4367 si
2624 4312 2678 4367 id
2713 4312 2857 4369 bona
2896 4312 3000 4368 ﬁde
3036 4314 3395 4385 praescripsit,

1819 4401 1905 4456 vel
1935 4400 2130 4456 callide
2161 4418 2176 4465 ;
2208 4402 2253 4456 si
2290 4399 2626 4456 declinanda:
2668 4401 2885 4456 invidiae
2919 4415 3121 4468 causa,
3155 4418 3224 4458 ne
3267 4406 3396 4474 plus

1823 4491 2126 4560 majoribus
2162 4491 2279 4546 suis
2325 4505 2517 4560 sapere
2564 4489 2863 4557 videretur,
2897 4499 3084 4560 aperte
3124 4492 3267 4561 quod
3301 4509 3393 4552 res

117 4582 284 4639 lianc
338 4583 646 4654 προήγησιν
692 4584 747 4653 in
794 4590 954 4638 aetate
999 4583 1142 4638 lunae
1182 4583 1489 4654 colligenda
1542 4583 1706 4638 tridui
1743 4595 1791 4656 ο
1822 4588 1962 4643 erat,
1988 4580 2229 4651 proﬁteri
2265 4580 2461 4639 noluit.

116 4676 400 4746 prudens,
457 4690 526 4728 an
579 4672 896 4744 imprudens
939 4676 1131 4730 statuit
1193 4675 1456 4742 lsaacus;
1507 4691 1572 4730 ac
1633 4676 1716 4731 vel

114 4766 389 4828 ridicule,
433 4765 519 4820 vel
564 4766 833 4821 malitiose
862 4766 918 4820 in
943 4781 1005 4820 ea
1027 4765 1289 4821 tradenda
1319 4767 1578 4821 methodo
1599 4783 1719 4823 vcr-

115 4867 283 4915 satus
316 4864 425 4913 est.
446 4855 662 4911 Etenim
685 4859 865 4928 capite
892 4856 984 4912 VII
1014 4859 1220 4914 docens
1249 4859 1713 4930 quemadmodum

112 4955 353 5007 lunares
420 4957 625 5020 epactas
687 4942 1082 5021 investiganda:
1137 4952 1294 5017 sint,
1356 4952 1424 5006 ad
1491 4958 1716 5023 epactas

110 5045 227 5099 tria
275 5042 442 5112 jubet
489 5040 673 5107 adjici.
716 5039 879 5096 Verbi
924 5044 1100 5113 gratia
1143 5058 1288 5099 anno
1333 5042 1527 5096 Adami
1571 5042 1714 5100 6880

108 5136 320 5207 cyclus
349 5138 468 5187 erat
490 5131 633 5185 lunae
661 5130 717 5196 2,
742 5140 947 5203 epactas
966 5132 1056 5199 22,
1082 5148 1201 5204 ψιτιι
1221 5149 1345 5187 cum
1370 5134 1714 5204 regularibus

106 5221 379 5283 Januarii
416 5238 456 5284 ι,
488 5221 726 5276 reddunt
764 5208 951 5276 lunam
993 5224 1311 5280 vicesimam
1345 5226 1570 5278 tertiam
1606 5224 1715 5279 Ka-

107 5315 305 5370 lendis
361 5310 642 5368 Ianuariis
707 5331 723 5369 :
784 5324 843 5368 ut
900 5321 1020 5371 erat
1081 5313 1305 5369 Nicaano
1359 5316 1582 5371 saeculo.
1642 5316 1713 5370 At

105 5406 302 5462 lsaaci
342 5410 591 5473 tempore
634 5411 751 5459 erat
790 5405 1048 5460 vicesima
1084 5406 1294 5475 quinta.
1333 5404 1468 5459 Nam
1496 5407 1713 5462 novilu-

105 5502 278 5556 nium
331 5511 479 5551 anno
524 5496 729 5551 Christi
778 5496 909 5551 l37l
962 5497 1193 5567 contigit
1244 5496 1556 5561 Decembris
1586 5514 1707 5565 vm,

107 5592 287 5661 cujus
327 5589 638 5652 character,
681 5587 817 5643 feria
846 5588 901 5653 2,
934 5588 989 5653 5,
1025 5588 1131 5651 28’,
1172 5588 1291 5655 27",
1321 5588 1709 5645 Constantino.

107 5685 259 5755 poli,
299 5681 461 5752 cyclo
503 5679 638 5735 solis
675 5679 923 5736 Romano
949 5697 1067 5747 vui,
1099 5681 1279 5735 littera
1308 5680 1369 5735 E.
1405 5680 1577 5752 Igitur
1603 5699 1709 5738 xxv

106 5780 252 5831 luna
291 5772 496 5827 incidit
529 5771 582 5825 in
619 5771 892 5829 Kalendas
925 5771 1218 5828 Januarias
1244 5773 1373 5828 anni
1421 5775 1705 5845 sequentis

108 5869 294 5936 1572.
328 5865 407 5929 ita
439 5862 695 5929 Octobris
725 5882 853 5928 xxvi
898 5867 985 5931 die
1027 5866 1217 5930 eodem
1261 5880 1404 5927 anno
1437 5867 1565 5927 luna
1600 5883 1707 5930 xxv

1894 4674 2167 4729 Creterum
2212 4670 2503 4727 Paschalis
2549 4670 2791 4743 computi
2839 4673 3032 4728 vitium
3091 4674 3224 4735 illud
3279 4692 3394 4741 non

1822 4765 2037 4836 primus
2091 4763 2350 4819 odoratus
2412 4771 2499 4819 est
2554 4764 2799 4835 Argyrus
2854 4784 2868 4820 :
2925 4764 3021 4820 sed
3066 4767 3159 4838 qui
3198 4768 3392 4832 eodem

1818 4863 2064 4926 tempore
2126 4854 2308 4910 ﬂoruit
2349 4854 2685 4926 Nicephorus
2733 4856 3022 4935 Gregoras,
3064 4859 3180 4930 qui,
3210 4868 3270 4915 ut
3306 4869 3390 4918 tea

1823 4953 2004 5002 statur
2050 4945 2142 5002 ille
2178 4947 2361 5018 capite
2397 4946 2517 5002 XVI
2539 4990 2555 5015 ,
2594 4947 2858 5005 Pascliale
2899 4950 3218 5008 laterculum
3258 4968 3290 5011 a
3329 4969 3392 5011 se

1815 5034 2162 5091 emendatum
2203 5036 2405 5091 obtulit
2439 5036 2757 5107 imperatori
2790 5052 2855 5092 ac
2899 5041 3154 5107 senatui;
3188 5042 3241 5096 in
3279 5060 3391 5114 quo

1813 5125 2039 5185 termini
2068 5126 2238 5181 biduo
2265 5137 2397 5182 ante
2422 5126 2672 5183 Nicaenos
2702 5129 2949 5186 collocati
2979 5140 3126 5189 sunt.
3161 5132 3388 5191 Utrum-9

1813 5234 1920 5291 que
1951 5232 2238 5288 canonem,
2294 5228 2532 5278 veterem
2571 5222 2781 5276 scilicet
2832 5238 2896 5277 ac
2942 5223 3259 5291 Nicmnum,
3329 5238 3386 5283 et

1811 5310 2206 5375 recentiorem,
2276 5312 2445 5367 habes
2515 5312 2573 5366 in
2633 5313 2806 5368 lsaaci
2861 5325 3164 5386 computo;
3226 5318 3382 5373 illum

1811 5403 2029 5474 quidem
2078 5403 2185 5460 sub
2218 5403 2543 5461 Damasceni
2592 5406 2848 5471 nomine,
2896 5410 2989 5478 qui
3030 5410 3262 5465 fortasse
3307 5410 3382 5463 ita

1811 5496 2060 5568 digessit,
2095 5498 2265 5565 capit.
2306 5496 2377 5563 Χ,
2413 5499 2643 5553 alterum
2669 5499 2722 5553 in
2749 5498 2853 5555 ﬁne
2878 5501 3077 5571 prioris
3115 5501 3377 5571 computi,

1813 5588 1881 5647 de
1933 5603 2038 5658 qua
2081 5585 2374 5658 Nicephori
2426 5590 2780 5660 castigatione
2824 5593 3084 5647 nonnulla
3133 5592 3380 5649 dicemus

1811 5680 2009 5744 obiter,
2049 5695 2169 5750 quae
2198 5683 2265 5737 ad
2314 5682 2694 5737 illustrandam
2724 5681 3039 5754 Gregoriani
3068 5683 3380 5749 Kalendarii

1809 5772 2251 5843 descriptionem,
2298 5783 2461 5845 atque
2512 5775 2583 5830 ab
2626 5776 2887 5847 Scaligeri
2933 5783 2987 5832 et
3023 5776 3240 5832 Calvisii
3279 5791 3377 5847 op-t

1812 5865 2157 5947 pugnatione
2202 5866 2619 5939 vindicandam,
2666 5867 2769 5929 hoc
2827 5877 2909 5927 est
2956 5867 3023 5927 ad
3067 5868 3159 5929 lib.
3205 5865 3249 5927 γ
3298 5867 3378 5931 De
