3808 6366
395 450 538 510 1455

1388 451 1476 504 AD
1517 447 1786 504 EUSEBll
1823 446 2218 506 CllRONlCON
2257 445 2620 502 APPENDIX.

3492 450 3596 504 H56

394 563 639 620 doctrina
694 574 982 633 temporum
1033 563 1288 617 ὑπόθεσιν
1346 566 1750 620 accommodata
1815 572 1962 620 sunt.
1995 571 2041 626 Α
2075 564 2198 634 quis
2239 565 2395 634 prius
2431 565 2742 619 institutum
2784 563 3019 620 retinere
3056 579 3111 618 in
3144 562 3392 620 Paschali
3424 565 3595 620 metho-

468 655 574 722 Qui
629 654 921 710 Paschales
967 655 1299 708 neomeniasi
1345 669 1410 708 ac
1465 657 1728 712 terminos
1787 659 1843 712 in
1896 673 1963 713 eo

394 745 657 800 laterculo
700 744 946 815 digessit,
993 758 1100 812 quo
1139 742 1407 798 Catholici
1441 760 1632 802 omnes
1675 762 1705 799 a
1743 745 1966 803 Nicatno

395 845 640 906 tempore
665 837 731 890 ad
768 843 980 890 aetatem
1023 844 1267 890 nostram
1301 837 1676 893 ecclesiastica
1721 847 1965 910 tempora

396 929 807 996 gubernarunt;
853 937 1139 984 accuratos
1207 944 1272 983 ac
1335 929 1586 984 ccelestes
1645 930 1788 984 luna:
1842 947 1961 986 mo-

396 1028 486 1075 tus
537 1021 594 1074 in
637 1019 942 1076 statuendis
990 1021 1296 1076 neomeniis
1340 1011 1628 1090 diligenter
1671 1021 1906 1076 obtinuit
1947 1041 1961 1077 :

394 1103 504 1183 quo
534 1111 591 1166 fit
623 1119 682 1165 ut
716 1111 783 1167 iis
819 1111 931 1168 fere
975 1113 1189 1178 diebus,
1221 1113 1418 1184 quibus
1448 1115 1725 1168 noviluuia
1765 1129 1965 1170 secun-

395 1205 524 1259 dum
569 1203 778 1275 ὁμαλὴν
821 1205 1035 1274 κίνησιν
1077 1205 1370 1260 commissa
1411 1214 1559 1269 sunt,
1599 1215 1789 1260 exacte
1834 1221 1968 1260 con-

394 1305 598 1366 gruaut
621 1315 637 1363 ;
663 1297 878 1351 termini
904 1312 1033 1351 vero
1065 1295 1375 1361 Paschales,
1413 1299 1527 1352 sive
1549 1297 1774 1352 decimas
1800 1313 1967 1367 quar-

394 1397 488 1455 tae,
537 1388 704 1444 biduo
734 1389 933 1458 saepius
986 1388 1281 1458 plcnilunia
1322 1389 1649 1458 praecedant,
1681 1399 1966 1460 propterea

391 1480 546 1551 quod
581 1481 794 1537 decimo
822 1488 976 1535 sexto
1007 1479 1092 1534 die
1125 1480 1462 1550 frequentius
1494 1481 1563 1535 ab
1592 1496 1676 1546 eo,
1712 1482 1804 1551 qui
1837 1497 1968 1536 neo-

395 1572 633 1628 meniam
687 1572 896 1637 habuit,
957 1573 1118 1643 plena
1168 1572 1296 1624 luna
1352 1572 1633 1643 contingat
1691 1571 1816 1628 :de
1857 1589 1968 1643 quo

398 1663 455 1718 in
497 1665 685 1733 quinto
729 1661 804 1717 De
845 1662 1090 1716 doctrina
1141 1670 1454 1730 temporum,
1486 1677 1607 1734 cap.
1647 1662 1786 1717 XIII.
1829 1662 1968 1718 Hinc

396 1769 504 1809 non
520 1769 644 1808 raro
660 1762 784 1808 ante
804 1752 1192 1824 Gregorianam
1215 1753 1508 1808 editionem
1531 1753 1748 1818 accidit,
1769 1763 1828 1808 ut
1846 1754 1970 1810 Pas-

395 1845 499 1902 cha
517 1860 626 1900 uno
643 1846 730 1901 die
749 1853 876 1900 ante
910 1844 1268 1915 plenilunium
1286 1845 1607 1900 incurreret.
1637 1845 1767 1902 Post
1796 1861 1968 1901 annos

395 1938 526 1995 inde
578 1939 913 2010 complures,
961 1954 1089 1994 cum
1136 1939 1300 1994 unius
1345 1939 1458 2009 jam
1505 1938 1613 1994 diei
1661 1941 1967 2013 προήγησιν

397 2031 526 2086 luna
563 2031 787 2087 fecisset
811 2047 827 2086 :
853 2031 1076 2086 termini
1101 2038 1314 2086 veteres
1342 2031 1518 2101 pridie
1547 2031 1666 2101 ejus
1695 2033 1825 2097 diei,
1859 2047 1969 2103 quo

394 2123 576 2180 media
607 2124 875 2194 oppositio
909 2123 1088 2189 flebat,
1111 2123 1504 2193 propemodum
1545 2124 1874 2187 inciderunt,
1910 2131 1970 2180 ut

396 2230 462 2272 cx
491 2230 612 2284 cap.
645 2213 784 2282 Xlll,
826 2213 920 2268 lib.
957 2211 993 2267 ν
1029 2213 1108 2267 De
1137 2213 1380 2267 doctrina
1412 2223 1705 2282 temporum
1728 2221 1964 2269 constat.

397 2301 607 2359 Exinde
637 2311 761 2375 post
790 2305 998 2374 aliquot
1024 2305 1246 2367 sarcula,
1270 2303 1495 2360 alterius
1523 2303 1630 2360 diei
1654 2305 1969 2376 anticipatio

398 2397 633 2450 mediam
665 2397 1063 2467 Oppositionem
1089 2403 1302 2452 veteres
1335 2398 1389 2451 in
1417 2397 1679 2453 terminos
1699 2399 1966 2469 provexit,

395 2490 458 2538 ut
480 2493 592 2538 tum
614 2483 906 2542 Paschales
925 2486 1138 2540 termini
1157 2501 1346 2542 revera
1367 2495 1552 2542 essent
1569 2487 1887 2558 plenilunia.
1915 2498 1969 2544 et

395 2575 610 2630 decimo
647 2583 806 2630 sexto
837 2577 926 2631 die
952 2577 1020 2630 ab
1058 2577 1345 2632 neomenia
1381 2578 1791 2648 contingerent,
1821 2579 1968 2650 quod

395 2666 615 2736 quidem
659 2667 762 2722 sub
803 2667 959 2723 Beda:
988 2675 1204 2738 tempus
1239 2669 1438 2724 evenit.
1473 2668 1638 2724 lsaaci
1672 2685 1834 2740 porro
1867 2687 1969 2726 saa-

395 2760 521 2814 Culo
552 2760 715 2829 paulo
748 2761 871 2830 plus
911 2760 1123 2815 dierum
1153 2761 1318 2815 trium
1347 2762 1677 2833 προήγησις,
1718 2763 1967 2834 Gregorii

396 2845 516 2902 Xlll
571 2855 753 2915 aetate,
799 2848 1080 2918 quatridui
1121 2856 1205 2904 est
1257 2848 1369 2904 fere
1410 2850 1682 2917 confecta,
1729 2852 1862 2908 adeo
1908 2861 1969 2907 ut

396 2936 603 2993 Nicarni
626 2940 842 2994 termini
867 2940 1135 2995 decimam
1167 2948 1412 2995 octavam
1441 2943 1623 2996 lunam
1653 2945 1966 3002 redderent.

399 3028 540 3083 Huic
591 3028 940 3084 incommodo
989 3030 1402 3085 neomeniarum
1469 3031 1849 3100 Paschalium,
1904 3051 1969 3090 ac

399 3121 759 3177 terminorum
789 3123 1075 3177 translatio
1104 3124 1402 3178 remedium
1437 3126 1652 3193 attulit;
1683 3143 1804 3197 quae
1842 3143 1966 3182 cum

398 3210 612 3266 dierum
653 3225 914 3282 praeterea
970 3213 1158 3268 decem
1218 3214 1525 3281 ablatione,
1567 3233 1732 3287 quam
1773 3220 1968 3275 solaris

400 3317 578 3357 annus
623 3303 894 3372 exigebat,
938 3310 1049 3357 tam
1095 3311 1399 3372 opportune
1446 3303 1590 3359 facta
1640 3313 1744 3370 est,
1791 3314 1850 3359 ut
1900 3307 1970 3362 ab

400 3394 641 3464 antiquis
683 3395 954 3460 terminis,
991 3410 1056 3449 ac
1089 3395 1328 3453 Nicaanis
1361 3412 1468 3452 uno
1503 3405 1715 3452 tantum
1754 3398 1842 3454 die
1878 3399 1974 3455 de-

399 3491 742 3546 scenderent.
784 3494 944 3546 Anno
983 3491 1188 3547 Christi
1224 3508 1494 3558 cccxxm,
1545 3495 1829 3550 neomenia
1870 3493 1975 3548 Pa-

401 3581 605 3638 schalis
653 3583 807 3653 cyclo
845 3584 879 3638 5
917 3585 1109 3639 incidit
1157 3585 1210 3639 in
1268 3585 1444 3639 Martii
1495 3601 1652 3648 χχιιι,
1690 3601 1798 3639 una
1846 3601 1970 3640 cum

402 3675 769 3730 astronomica
816 3677 1077 3746 syzygia;
1117 3678 1424 3743 terminus,
1475 3677 1678 3748 Aprilis
1723 3695 1780 3743 v,
1830 3693 1972 3733 anno

405 3764 566 3827 £577,
612 3765 767 3836 cyclo
823 3765 1013 3820 eodem
1073 3767 1414 3821 novilunium
1468 3768 1824 3824 commissum
1891 3778 1974 3824 est

403 3853 582 3907 Martii
635 3869 748 3918 xix,
796 3852 1006 3907 decima
1049 3862 1244 3923 quarta
1283 3853 1586 3921 Paschalis,
1625 3855 1828 3926 Aprilis
1866 3855 1973 3910 Ka-

403 3941 601 3996 lendis.
631 3941 929 4012 Expunctis
969 3941 1155 3996 decem
1199 3943 1388 3998 diebus
1429 3942 1647 3998 Nicaena
1685 3946 1971 3999 neomenia

404 4032 634 4088 cadebat
662 4032 716 4088 in
754 4031 928 4087 Martii
964 4049 1095 4090 xxix
1126 4033 1269 4088 diem
1306 4053 1319 4089 :
1353 4035 1620 4090 terminus
1651 4035 1703 4089 in
1733 4050 1786 4088 xi
1811 4035 1972 4105 Apri-

403 4120 492 4177 lis.
532 4121 602 4176 At
657 4123 762 4178 hoc
806 4121 970 4176 modo
1014 4121 1180 4178 biduo
1235 4123 1454 4179 circiter
1506 4131 1632 4179 ante
1673 4124 1971 4195 plenilunio

403 4229 547 4285 saepe
571 4214 951 4285 contigissent.
997 4214 1111 4270 Hoc
1150 4231 1218 4270 ne
1263 4215 1436 4282 fieret,
1477 4216 1810 4287 Gregoriana
1849 4232 1974 4270 cor-

402 4304 571 4359 rectio
614 4313 722 4358 tam
765 4305 1080 4360 neomenias
1137 4319 1300 4376 quam
1356 4306 1620 4362 terminos
1674 4304 1970 4362 Paschales

401 4413 512 4454 uno
538 4397 626 4453 die
663 4398 996 4462 summovit;
1031 4398 1186 4468 quasi
1220 4397 1385 4452 tridui
1427 4399 1806 4453 tantummodo
1836 4399 1972 4454 anti-

387 4489 727 4560 cipationem
760 4490 888 4544 luna
917 4489 1243 4560 collegisset.
1281 4490 1360 4544 lta
1401 4505 1660 4545 numerus
1701 4505 1900 4545 aureus
1927 4507 1966 4555 ι,

2064 657 2136 710 do
2181 656 2504 727 castiganda
2559 653 2856 720 voluisset;
2905 654 3222 711 neomenias
3261 669 3327 710 ac
3369 657 3597 712 terminos

2065 749 2420 818 anticipasset
2446 746 2628 801 triduo
2665 747 2860 804 solido.
2904 745 3008 802 Sed
3044 748 3143 802 hac
3168 749 3381 804 ratione
3417 752 3597 805 termini

2064 839 2228 896 biduo
2273 854 2513 910 persaepe
2558 838 2916 908 plenilunium
2960 840 3390 904 antevenissent,
3428 843 3499 894 uti
3529 840 3600 894 Ni-

2065 945 2218 984 οωηο
2249 929 2448 984 saeculo
2481 930 2727 984 evenisse
2757 929 3018 985 diximus.
3049 928 3228 995 Quare
3259 931 3425 986 biduo
3453 933 3502 986 in
3530 947 3601 986 an-

2072 1019 2274 1074 teriora
2307 1033 2627 1088 promovere
2656 1019 2828 1073 satius
2872 1016 2994 1072 fuit.
3036 1019 3190 1084 Quod
3217 1028 3272 1074 et
3295 1019 3602 1092 Nicephorus

2065 1111 2340 1182 praestitit.
2375 1107 2482 1164 Sed
2515 1124 2620 1163 non
2653 1110 2724 1164 ob
2753 1110 2827 1175 id,
2861 1118 2918 1164 ut
2950 1110 3050 1174 illi,
3080 1111 3224 1181 quod
3253 1112 3392 1175 dixi,
3426 1114 3604 1168 incom-

2067 1199 2232 1254 modo
2279 1199 2621 1266 subveniret;
2661 1199 2727 1253 ad
2771 1199 2915 1270 quod
2958 1197 3276 1271 Gregoriani
3319 1203 3605 1258 Kalendarii

2074 1293 2389 1348 conditores
2421 1301 2726 1362 respectum
2761 1293 3069 1350 habuerunt
3100 1313 3114 1349 :
3146 1310 3334 1349 verum
3381 1296 3516 1366 quod
3546 1298 3607 1351 ita

2066 1399 2389 1453 persuasum
2439 1384 2724 1448 haberent,
2761 1385 3025 1440 terminos
3058 1385 3354 1442 Paschales
3390 1387 3608 1444 Nicaenos

2067 1477 2419 1530 concurrisse
2449 1490 2574 1530 cum
2620 1476 2958 1545 pleniluniis.
2991 1478 3095 1543 Qui
3131 1478 3234 1532 fuit
3267 1495 3422 1533 error
3458 1479 3608 1534 Theo-

2066 1566 2220 1636 phili,
2258 1566 2446 1637 Cyrilli
2494 1581 2558 1620 ac
2605 1567 2940 1636 reliquorum
2996 1568 3253 1638 deinceps
3299 1577 3609 1638 computato-

2069 1673 2214 1724 rum,
2247 1657 2315 1712 ad
2349 1658 2572 1723 Bedam,
2605 1667 2658 1715 et
2686 1659 2828 1714 infra
2865 1660 2988 1730 ejus
3027 1667 3240 1716 aetatem
3287 1678 3301 1715 :
3342 1677 3498 1732 quem
3529 1677 3610 1716 nos

2069 1749 2124 1804 in
2155 1748 2199 1803 γ
2237 1749 2316 1804 De
2354 1749 2600 1804 doctrina
2652 1759 2969 1820 temporum,
3018 1767 3139 1824 cap.
3187 1751 3353 1807 XXIII
3404 1753 3612 1807 convici-

2069 1855 2212 1896 mus.
2266 1839 2407 1895 llinc
2446 1849 2530 1897 est
2569 1842 2715 1912 quod
2767 1843 3122 1913 plenilunium
3166 1859 3309 1913 saepe
3345 1844 3421 1897 illi
3455 1843 3614 1898 termi-

2069 1947 2202 1986 num
2245 1933 2543 2003 appellant,
2574 1934 2657 1988 vel
2696 1945 2946 2004 quartam
2977 1936 3266 2000 decimam,
3300 1943 3362 1989 ut
3400 1944 3451 1990 et
3492 1935 3614 1991 Isaa-

2070 2037 2170 2080 cus
2202 2032 2412 2090 noster,
2449 2041 2559 2080 non
2592 2042 2654 2081 ea
2685 2029 2903 2097 quidem
2953 2031 3165 2083 ratione
3205 2043 3371 2098 quam
3402 2028 3614 2097 Scaliger

2069 2121 2125 2169 et
2166 2116 2438 2172 Calvisius
2486 2118 2786 2181 defendunt
2826 2120 3062 2190 (tametsi
3109 2117 3356 2189 Scaliger
3393 2133 3423 2172 a
3453 2118 3614 2173 Clario

2070 2213 2261 2262 nostro
2294 2207 2559 2264 dedoctus
2600 2210 2831 2280 pristina
2883 2211 2954 2265 ab
2997 2210 3266 2265 sententia
3302 2211 3542 2271 recessit.
3567 2217 3614 2263 ut

2069 2298 2257 2354 eodem
2291 2299 2431 2355 libro
2467 2303 2957 2373 monstravimus),
2991 2302 3148 2373 quasi
3182 2317 3467 2372 nunquam
3495 2301 3615 2357 deci-

2070 2401 2160 2441 mo
2199 2387 2396 2456 quinto
2438 2388 2526 2444 die
2572 2390 2642 2444 ab
2686 2393 2973 2455 neomenia
3005 2389 3212 2445 Pascha
3256 2391 3527 2445 celebrare
3563 2389 3614 2442 li-

2071 2478 2284 2534 cuerit:
2320 2478 2417 2533 sed
2463 2481 2549 2535 vel
2600 2480 2654 2534 in
2704 2497 2816 2536 χιιι
2852 2497 3026 2552 usque
3072 2482 3256 2535 lunam
3290 2480 3611 2535 dillundine

2070 2581 2227 2623 cesse
2270 2567 2436 2624 fuerit
2483 2589 2496 2625 :
2538 2587 2726 2626 verum
2781 2573 2936 2637 ideo,
2991 2573 3136 2643 quod
3195 2573 3482 2628 neomenia
3529 2586 3615 2626 uno

2071 2667 2192 2729 post
2225 2660 2453 2731 ἀκριϐὲς
2491 2663 2830 2735 novilunium
2878 2663 2966 2718 die
3011 2665 3398 2719 collocaretur.
3433 2662 3537 2719 Hoc
3569 2669 3615 2716 ut

2071 2763 2294 2828 tyrones
2342 2771 2540 2828 capere
2585 2759 2780 2814 melius
2827 2758 3059 2829 possint,
3091 2758 3310 2814 tabulas
3359 2759 3615 2828 subjiciam

2069 2849 2209 2904 duas
2237 2849 2448 2906 lunaris
2482 2851 2647 2907 unius
2687 2850 2825 2922 cycli
2866 2851 2933 2905 ad
2969 2860 3261 2920 utrumque
3294 2858 3524 2922 tempus,
3543 2849 3617 2903 Ni-

2069 2945 2204 2999 carni
2249 2945 2492 3012 concilii,
2546 2953 2604 3001 et
2653 2945 2825 3001 lsaaci
2869 2945 3094 3016 Argyri;
3145 2952 3204 2999 ut
3246 2961 3314 3000 ex
3362 2945 3618 3000 ambarum

2070 3035 2478 3106 comparatione
2524 3035 2670 3090 lunae
2703 3034 3043 3104 anticipatio,
3071 3041 3124 3088 et
3151 3033 3449 3104 Nicephori
3477 3034 3620 3089 casti-

2071 3127 2216 3200 gatio
2246 3127 2524 3182 intellectu
2563 3127 2635 3182 sit
2677 3125 2910 3181 facilior.
2943 3125 3000 3180 In
3035 3135 3269 3196 utraque
3300 3127 3485 3180 tabula
3519 3141 3622 3179 ver-

2071 3234 2166 3274 sus
2206 3226 2368 3273 erunt
2401 3235 2498 3274 vn.
2532 3217 2752 3273 Primus
2780 3233 3005 3273 aureum
3039 3233 3328 3272 numerum
3355 3218 3528 3284 dabit;
3555 3233 3626 3272 se-

2071 3310 2286 3366 cundus
2320 3311 2534 3382 cyclum
2571 3310 2708 3366 solis
2736 3309 3072 3375 Romanum;
3108 3310 3306 3365 tertius
3338 3309 3626 3364 Dominica-

2070 3401 2174 3457 lem
2227 3402 2496 3469 litteram;
2549 3409 2781 3472 quartus
2837 3402 3179 3456 novilunium
3229 3402 3397 3472 primi
3445 3401 3628 3456 mensis

2070 3493 2224 3548 verni
2246 3507 2371 3548 cum
2399 3492 2740 3559 charactere,
2770 3491 2837 3546 ad
2864 3492 3226 3547 meridianum
3256 3493 3629 3549 Constantino-

2072 3585 2290 3655 poleos;
2336 3585 2564 3655 quintus
2607 3585 2749 3639 diem
2798 3584 3010 3639 civilem
3052 3583 3257 3640 Juliaui
3305 3590 3545 3652 mensis;
3584 3589 3628 3640 in

2071 3688 2233 3745 quem
2269 3674 2554 3729 neomenia
2591 3683 2900 3747 competere
2939 3675 3155 3742 debuit;
3187 3687 3383 3733 sextus
3418 3679 3631 3748 plenilu-

2073 3767 2223 3821 nium
2263 3767 2471 3822 mensis
2498 3767 2778 3837 ejusdem:
2820 3767 3084 3836 septimus
3115 3768 3404 3838 plenilunii
3436 3771 3628 3825 civilem

2071 3859 2236 3914 diem.
2289 3861 2368 3913 Ac
2409 3867 2520 3913 tam
2576 3859 2632 3913 in
2673 3859 2958 3914 neomenia
3010 3875 3174 3930 quam
3230 3861 3288 3915 in
3348 3862 3631 3932 plenilunio

2072 3949 2125 4004 id
2179 3951 2560 4014 observamus,
2597 3958 2657 4004 ut
2704 3951 2919 4020 quoties
2974 3951 3236 4006 horarum
3291 3955 3632 4025 epilogismus

2072 4041 2359 4097 duodecim
2389 4035 2552 4098 horas
2581 4043 2814 4108 excedit,
2837 4058 2958 4112 qua:
2985 4043 3056 4098 ab
3085 4053 3250 4100 nocte
3289 4046 3469 4100 media
3498 4060 3631 4100 como

2073 4143 2357 4203 putantur,
2392 4134 2460 4189 ad
2496 4142 2791 4205 utrumque
2824 4150 3058 4204 sequens
3099 4137 3218 4190 dies
3259 4137 3442 4192 civilis
3477 4136 3631 4193 ascri—

2073 4223 2235 4278 batur
2270 4243 2284 4278 :
2319 4223 2464 4294 quod
2506 4225 2824 4280 laterculum
2857 4225 3138 4281 Nicaenum
3182 4227 3413 4284 minime
3451 4227 3626 4282 tenuit.

2076 4313 2146 4368 Ut
2173 4314 2227 4368 in
2255 4329 2398 4370 anno
2424 4315 2619 4384 primo,
2651 4331 2774 4372 cum
2815 4317 3154 4372 novilunium
3185 4327 3342 4373 sexta
3376 4319 3489 4375 fere
3527 4325 3632 4388 post

2071 4405 2354 4460 meridiem
2389 4406 2523 4461 hora
2563 4408 2670 4463 diei
2707 4424 2838 4463 xxlu
2869 4407 3045 4462 Martii
3080 4411 3397 4480 contigerit,
3427 4425 3630 4466 neome-

2071 4498 2161 4553 nia
2201 4507 2384 4556 tamen
2426 4516 2560 4556 xxui
2593 4502 2712 4571 ipso
2745 4501 2832 4558 die
2861 4503 3156 4558 constituta
3186 4511 3294 4566 est,
3326 4519 3449 4574 quae
3475 4510 3632 4556 astro-

399 4581 576 4652 quiad
593 4597 660 4635 xx
678 4580 1961 4653 Martiiprosressionemfecisseponitur.adxxx
1998 4594 2040 4649 D
2069 4591 2288 4646 nomico
2325 4591 2538 4646 calculo
2584 4592 2639 4647 in
2686 4602 3002 4663 sequentem
3037 4593 3374 4650 refunditur.
3411 4595 3516 4650 Has
3552 4608 3630 4662 sy-

401 4672 578 4728 Martii
621 4673 944 4740 descendit;
991 4681 1049 4728 ut
1087 4674 1355 4729 terminus
1387 4675 1442 4728 in
1472 4691 1548 4730 xu
1581 4673 1725 4729 diem
1759 4675 1965 4746 Aprilis

400 4779 747 4842 congrueret.
783 4770 922 4826 Hinc
965 4771 1111 4826 enim
1149 4771 1369 4837 accidit,
1402 4779 1462 4825 ut
1503 4772 1720 4826 termini
1769 4772 1968 4842 saepius

401 4861 456 4915 in
490 4878 612 4915 eum
648 4861 791 4917 diem
823 4871 1176 4926 concurrant,
1218 4863 1312 4932 qui
1339 4869 1425 4918 est
1451 4857 1628 4932 pridie
1654 4862 1825 4926 illius,
1858 4880 1969 4933 quo

403 4953 760 5022 plenilunium
784 4953 1002 5008 accidit.
1031 4952 1106 5008 De
1131 4968 1239 5025 qua
1265 4969 1325 5008 re
1352 4947 1566 5024 plenius
1593 4961 1774 5008 actum
1795 4963 1878 5010 est
1908 4955 1963 5009 in

406 5042 446 5096 V
477 5043 828 5100 De'doctrina
857 5056 1164 5114 temporum.

482 5133 547 5191 Ut
568 5135 636 5190 ad
662 5143 876 5192 aetatem
895 5136 1187 5207 Nicephori
1223 5144 1279 5194 et
1308 5137 1477 5193 Isaac:
1503 5145 1812 5193 revertatur
1839 5151 1965 5192 ora-

403 5225 514 5294 tio,
558 5241 686 5283 cum
735 5226 906 5283 tridui
929 5235 1060 5284 tunc
1099 5228 1229 5284 luna
1271 5229 1574 5301 προήγησιν
1617 5226 1870 5295 haberet;
1915 5227 1965 5284 si

2071 4683 2256 4754 zygias
2282 4700 2349 4739 ex
2376 4685 2561 4738 tabula
2587 4699 2710 4755 cap.
2744 4685 2812 4754 Χ,
2842 4687 2940 4741 lib.
2967 4685 3059 4740 Vll
3088 4687 3162 4740 De
3182 4687 3430 4740 doctrina
3455 4697 3632 4752 tempo-

2070 4791 2185 4830 rum
2236 4779 2635 4850 excerpsimus,
2667 4797 2787 4851 qua:
2831 4798 2942 4837 non
2994 4783 3184 4838 minus
3231 4793 3500 4841 accuratae
3538 4783 3631 4836 sint

2072 4883 2235 4938 quam
2263 4885 2385 4939 qua:
2411 4886 2478 4926 ex
2509 4873 2896 4929 astronomicis
2939 4873 3146 4929 tabulis
3194 4874 3326 4930 libri
3372 4873 3484 4928 V‘lll
3515 4887 3631 4927 con-

2073 4959 2357 5028 ficiuntur,
2408 4979 2586 5034 neque
2641 4965 2874 5019 multum
2929 4964 2999 5020 ab
3050 4965 3160 5020 illis
3206 4965 3544 5038 discrepant,
3585 4969 3630 5014 ct

2071 5061 2295 5124 propter
2325 5053 2643 5132 adiunctum
2689 5054 2835 5112 feriae
2858 5057 3238 5115 characterem
3269 5059 3340 5114 ad
3373 5057 3628 5132 negotium

2073 5146 2494 5216 opportuniores
2529 5128 2806 5205 videntur.
