3808 6358
391 469 539 536 1439
1407 461 1493 517 ΑΒ
1530 458 1798 516 EUSEBll
1827 455 2221 514 CHRONICON
2260 455 2628 511 APPENDIX.
3496 449 3607 505 tuo

391 582 543 651 ginta
569 587 715 645 octo,
742 578 991 635 videlicet
1019 591 1162 632 anno
1188 574 1460 645 6919,ᾳυί
1500 586 1585 631 εει
1605 573 1967 646 Dionysianus
1999 579 2041 634 Α
2070 571 2248 626 Martii
2281 589 2405 639 xxi;
2437 587 2563 626 cum
2609 570 2915 625 certissime
2945 571 3162 621 constet
3193 564 3430 636 idipsum
3462 562 3607 618 Martii

395 672 557 737 Mil,
584 672 743 743 plena
776 670 885 735 ﬁet,
918 670 1115 740 inquit,
1144 669 1295 723 bidui
1340 666 1667 739 προήγησις.
1707 666 1832 722 Haec
1866 668 1971 720 Δι’·
2071 677 2187 715 xxn
2217 667 2338 732 post
2369 659 2649 715 meridiem
2680 665 2924 713 notatum
2957 656 3028 710 ab
3056 656 3151 709 illo
3181 654 3372 709 fuisse.
3403 652 3609 723 Denique

390 778 583 834 gyros.
611 763 675 816 Et
698 763 915 833 quidem
947 777 1136 816 revera
1164 776 1308 815 anno
1346 761 1439 814 illo
1463 776 1621 830 quem
1650 760 1784 814 dicit
1808 758 1970 814 Chri—
2069 750 2215 820 Quod
2267 749 2461 805 scribit
2505 756 2631 804 ante
2678 763 2853 802 annos
2906 745 3300 816 quinquaginta
3343 744 3399 798 in
3441 743 3606 813 oppido

392 855 462 909 sti
496 854 654 920 1573,
684 852 970 907 Iudaicum
1008 853 1364 923 plenilunium
1396 852 1626 922 contigit
1664 852 1814 905 boris
1851 851 1963 905 cir-
2069 840 2317 895 ThraCiaB
2365 839 2508 894 Eoo
2548 838 2767 893 Juda’os
2820 837 3030 892 Pascha
3081 836 3392 890 celebrasse
3460 834 3606 888 Martii

389 945 532 999 citer
567 944 743 997 tribus
772 951 895 1013 post
934 944 1068 998 solis
1101 950 1373 1001 exortum.
1408 942 1535 996 Erat
1563 958 1741 997 annus
1776 939 1967 996 Judai-
2068 948 2173 993 XX.
2219 946 2346 985 cum
2404 930 2776 985 (ἷιπῖειίθηυηι
2830 928 3162 983 celebratum
3217 926 3382 981 Ῐυθτίι
3436 926 3608 997 Aprilis

388 1051 490 1092 cus
519 1035 681 1097 5155,
713 1036 873 1104 cujus
915 1034 1059 1090 Tisri
1110 1036 1232 1090 iniit
1264 1035 1492 1102 Augusti
1544 1052 1675 1101 xxx,
1724 1035 1857 1091 feria
1903 1034 1964 1098 2,

390 1142 536 1182 anno
569 1126 771 1182 Christi
807 1127 967 1190 1572,
998 1128 1153 1198 cyclo
1202 1127 1334 1181 solis
1366 1126 1611 1181 Romano
1655 1142 1731 1191 ιιι,
1786 1127 1963 1182 littera

386 1218 497 1275 DC.
530 1217 661 1272 Nam
695 1218 842 1272 illius
873 1218 1160 1272 character
1182 1228 1301 1273 erat
1327 1218 1384 1281 2,
1412 1220 1466 1279 5,
1501 1218 1627 1274 606.
1662 1217 1831 1273 Nisan
1865 1232 1963 1272 au-

386 1317 497 1366 tem
525 1311 812 1366 character
836 1311 890 1370 5.
914 1311 1001 1375 ΞΟ,
1027 1311 1150 1371 Ἳ57,
1182 1309 1315 1364 feria
1344 1326 1394 1364 vt
1420 1311 1490 1366 ob
1512 1312 1957 1376 translationem;

388 1401 569 1457 Martii
604 1418 730 1465 xxv,
758 1403 912 1474 cyclo
957 1402 1090 1456 solis
1132 1400 1380 1456 Romano
1418 1418 1474 1468 x,
1515 1402 1695 1456 littera
1726 1400 1783 1467 Β,
1815 1415 1959 1455 anno

386 1488 593 1549 Christi
646 1494 804 1549 1575.
851 1493 1219 1548 Plenilunium
1278 1508 1409 1564 ergo
1468 1494 1823 1547 commissum
1873 1500 1959 1547 cst

386 1583 519 1654 Apr.
550 1601 672 1649 vm,
709 1584 843 1639 feria
873 1584 928 1649 6,
961 1585 1049 1649 15,
1090 1584 1287 1654 731/2
1307 1626 1322 1649 ,
1355 1586 1457 1639 hoc
1483 1593 1566 1639 est
1593 1585 1743 1639 horis
1771 1584 1857 1648 15,
1888 1584 1959 1639 75

386 1680 735 1743 postortum
784 1675 937 1730 solis.
981 1673 1119 1728 Nam
1171 1675 1525 1745 epilogismus
1571 1673 1832 1730 Iudaicus
1887 1676 1957 1730 ab

380 1777 589 1819 occasu
642 1764 774 1820 solis
822 1765 1035 1835 incipit.
1075 1764 1181 1823 Sed
1228 1767 1401 1821 mirus
1450 1765 1685 1819 hominis
1729 1773 1951 1835 stupor;

385 1853 479 1924 qui
508 1868 618 1907 non
652 1854 1101 1909 animadverterit
1137 1855 1400 1910 terminos
1427 1854 1745 1920 Paschalcs,
1775 1856 1866 1925 qui
1898 1855 1951 1908 in

2065 1036 2234 1087 xxm;
2287 1021 2467 1074 littera
2520 1019 2621 1073 fuit
2645 1021 2712 1078 Α.
2749 1028 2803 1074 et
2829 1034 3006 1073 annus
3048 1018 3252 1074 Christi
3295 1018 3455 1079 1518,
3482 1020 3609 1089 cyclo

2065 1113 2198 1168 solis
2223 1129 2298 1175 xl,
2325 1113 2466 1167 luna:
2491 1128 2611 1175 vut,
2649 1114 2930 1168 ncomenia
2958 1111 3105 1166 Tisri
3130 1127 3274 1165 anno
3316 1111 3453 1165 i317
3482 1110 3610 1179 cyclo

2064 1204 2199 1259 solis
2242 1220 2297 1267 x,
2330 1204 2509 1258 littera
2554 1202 2615 1266 B,
2648 1202 2983 1273 Septembris
3026 1219 3123 1266 vn.
3170 1204 3306 1258 feria
3329 1203 3386 1262 4,
3423 1204 3475 1264 8,
3502 1201 3610 1263 286,

2062 1291 2228 1347 Nisan
2259 1292 2438 1346 Martii
2478 1309 2559 1354 ιιι,
2591 1291 2725 1346 feria
2754 1291 2807 1352 6.
2851 1292 2940 1353 t2,
2976 1291 3101 1355 724,
3134 1306 3277 1345 anno
3304 1290 3461 1351 1518,
3489 1291 3611 1344 ιίιιεσ

2060 1397 2120 1436 ra
2149 1381 2213 1434 A.
2248 1382 2354 1435 Sed
2397 1391 2617 1451 prepter
2649 1380 2825 1444 Badu,
2868 1381 3152 1435 neomenia
3193 1379 3295 1433 fuit
3336 1378 3513 1433 Martii
3550 1395 3610 1443 tv,

2060 1470 2195 1527 feria
2226 1472 2276 1538 7,
2307 1472 2362 1535 5,
2393 1473 2464 1527 40
2499 1474 2518 1525 1
2528 1472 2620 1543 /2.
2666 1471 2722 1527 Si
2764 1472 3047 1527 neomenia
3089 1471 3266 1525 Martii
3319 1486 3377 1525 tv
3412 1471 3609 1534 accidit,

2059 1563 2271 1620 Pascha
2314 1566 2646 1621 celebratum
2694 1573 2780 1621 est
2831 1565 2898 1619 ad
2949 1570 3231 1635 vesperam
3269 1564 3378 1619 diei
3416 1581 3542 1627 xvn,
3567 1572 3611 1619 ct

2056 1656 2322 1726 postridie
2371 1655 2473 1710 fuit
2522 1657 2696 1727 prima
2745 1657 2863 1712 dies
2907 1671 3245 1727 azymorum.
3288 1654 3468 1722 Quare
3508 1672 3610 1710 cum

2056 1747 2228 1801 lsaaci
2290 1746 2664 1817 descriptione
2737 1764 2845 1803 non
2917 1748 3193 1818 congruit.
3259 1747 3609 1804 Christianum

2058 1852 2249 1908 porro,
2281 1835 2669 1908 Nicmnumque
2705 1837 2915 1894 Pascha
2950 1840 3286 1894 celebratum
3317 1848 3403 1894 est
3432 1840 3611 1909 Aprilis

382 1945 650 2002 laterculo
699 1947 958 2016 descripti
1008 1955 1157 2013 sum,
1204 1948 1290 2003 cui
1343 1946 1716 2003 Damascenus
1767 1955 1958 2002 auctor
1989 1930 2030 1987 Β
2060 1945 2219 1995 xxut,
2253 1945 2378 1984 cum
2413 1931 2682 1986 terminus
2731 1932 2784 1985 in
2829 1947 2960 1985 xvm
3005 1931 3247 1995 caderet,
3280 1929 3416 1985 feria
3451 1932 3609 1985 tertia.

385 2037 732 2102 inscribitur,
764 2054 872 2093 non
912 2038 1049 2093 alios
1077 2054 1221 2105 esse,
1256 2054 1419 2110 qnam
1451 2026 1722 2099 Nicanos'.
1758 2026 1956 2109 quib'iis

381 2129 741 2201 ’l‘heOphilus,
788 2131 1062 2202 Cyrillus,
1117 2140 1172 2187 et
1233 2132 1494 2187 Catholici
1558 2132 1816 2202 deinceps
1870 2133 1955 2189 usi

381 2228 534 2275 sunt.
566 2220 635 2274 At
663 2221 879 2276 Isaacus
907 2221 1055 2276 circa
1088 2237 1290 2277 annum
1312 2222 1517 2278 Christi
1552 2222 1655 2277 765
1687 2237 1952 2278 canonem

379 2309 537 2366 illum
569 2311 849 2366 conditum
885 2327 947 2366 ac
974 2315 1239 2367 terminos
1268 2328 1390 2368 esse
1420 2313 1748 2367 constitutos
1769 2311 1953 2368 existi-

380 2407 515 2454 mat.
566 2399 838 2457 Detractis
878 2402 1023 2456 enim
1056 2402 1159 2458 608
1196 2402 1265 2458 de
1305 2402 1464 2466 1575,
1497 2402 1715 2458 exsistit
1772 2416 1951 2457 annus

380 2490 505 2546 765.
544 2489 687 2547 Sane
714 2489 957 2548 Joannes
990 2492 1361 2550 Damascenus
1415 2509 1481 2550 eo
1534 2495 1737 2550 saeculo
1777 2494 1947 2561 vixit;

375 2584 474 2654 qui
518 2584 768 2638 laterculi
808 2585 955 2640 illius
988 2585 1267 2641 artiﬁciosi
1304 2586 1557 2642 conditor
1587 2603 1711 2643 esse
1737 2586 1945 2658 potuit;

378 2688 490 2727 non
521 2680 702 2728 tamen
728 2674 992 2730 terminos
1023 2674 1280 2730 instituit.
1323 2674 1431 2730 Sed
1456 2676 1725 2747 Argyrum
1758 2675 1946 2731 fefellit

375 2764 452 2828 id,
487 2765 556 2820 de
590 2781 699 2835 quo
726 2766 888 2835 paulo
924 2774 1050 2821 ante
1100 2767 1307 2821 monui.
1344 2760 1561 2821 Putavit
1588 2782 1653 2823 eo
1679 2776 1942 2837 tempore,

372 2871 485 2927 quo
512 2855 805 2912 Paschales
842 2857 933 2911 (ixi
968 2865 1097 2913 sunt
1141 2858 1380 2923 termini,
1426 2860 1638 2929 plenam
1670 2860 1853 2914 lunam
1886 2859 1942 2914 in

371 2964 473 3004 eos
528 2948 850 3006 incurrisse.
908 2949 1064 3017 Quod
1124 2950 1345 3022 quidem
1397 2951 1573 3007 sancti
1622 2952 1941 3007 Damasceni

368 3047 530 3096 aetate
558 3041 805 3111 contigit,
832 3056 955 3096 cum
984 3042 1113 3096 olim
1155 3042 1375 3099 Niczeno
1399 3045 1599 3099 saeculo
1628 3043 1795 3099 biduo
1826 3043 1940 3100 fere

373 3131 672 3204 plenilunia
723 3134 1102 3202 praevenirent.
1149 3134 1250 3190 llic
1295 3134 1418 3192 fons
1455 3136 1659 3192 erroris
1688 3145 1774 3191 est
1805 3154 1821 3191 :
1848 3137 1936 3192 cui

373 3226 620 3295 proxime
671 3226 1047 3296 subjiciendus
1100 3236 1184 3283 est
1239 3229 1402 3295 alter,
1455 3228 1601 3299 quod
1647 3228 1933 3284 Judaicum

371 3313 580 3372 Pascha
648 3325 913 3389 perpetuo
981 3318 1251 3374 decimam
1327 3328 1577 3391 quartam
1621 3319 1937 3377 Paschalem

367 3408 811 3466 Christianorum
869 3426 993 3467 esse
1037 3413 1198 3479 velit;
1252 3428 1352 3467 nec
1394 3413 1678 3484 intelligat,
1722 3412 1938 3471 Iudaeos

369 3507 496 3554 ante
533 3517 760 3556 vernum
797 3502 1185 3572 aequinoctium
1220 3503 1539 3574 plerumque
1567 3504 1773 3560 Pascha
1797 3507 1939 3561 cele-

368 3591 555 3649 brasse
592 3612 606 3648 :
644 3600 759 3648 tum
799 3609 929 3649 vero
968 3604 1191 3665 propter
1228 3597 1407 3652 varias
1445 3597 1849 3661 translationes,
1882 3598 1935 3652 in

364 3682 641 3741 decimum
675 3686 930 3757 quintum
963 3688 1050 3742 vel
1098 3688 1369 3743 decimum
1401 3698 1613 3746 sextum
1652 3691 1936 3748 diffudisse

368 3773 534 3830 diem.

437 3865 581 3932 Quin
606 3865 776 3922 etiam
810 3866 1037 3923 ridicule
1069 3866 1314 3941 Argyrus
1336 3870 1476 3926 idem
1511 3871 1578 3926 de
1606 3872 1934 3943 aequinoctio

363 3974 535 4014 verno
589 3958 689 4014 abs
755 3973 815 4014 se
865 3959 1209 4030 deprehenso
1256 3972 1381 4017 ante
1444 3962 1586 4018 diem
1641 3981 1711 4019 xv
1754 3966 1933 4022 Martii

365 4050 559 4108 scribit
602 4063 672 4106 ex
721 4050 1108 4108 observatione
1153 4053 1516 4109 solstitiorum
1562 4075 1575 4111 :
1619 4059 1776 4128 quasi
1822 4077 1931 4117 non

361 4143 536 4199 multo
583 4144 776 4208 tutius,
803 4159 868 4200 ac
922 4143 1140 4200 facilius
1195 4146 1288 4208 sit,
1319 4148 1643 4219 aequinoctia
1686 4151 1801 4222 ipsa
1835 4154 1932 4208 obv

363 4248 580 4290 servare
602 4248 698 4306 per
719 4250 860 4299 sese,
878 4251 1040 4306 quam
1063 4251 1128 4290 ex
1161 4237 1517 4292 solstitiorum
1544 4240 1752 4295 ratione
1778 4242 1932 4296 colli-

360 4340 507 4396 gere.
542 4325 640 4383 Est
681 4327 824 4382 enim
878 4328 1073 4383 horum
1127 4329 1529 4385 animadversio
1582 4331 1836 4396 difﬁcilis,
1877 4342 1931 4388 et

360 4415 572 4475 lubrica
603 4425 828 4490 propter
859 4417 1220 4474 lentissimam
1250 4426 1305 4474 et
1331 4420 1653 4494 ἀναίσθητον
1677 4439 1929 4493 progres-

362 4508 572 4567 sionem
601 4510 735 4565 solis
761 4525 791 4569 ε
817 4510 1040 4581 tropicis
1066 4509 1306 4580 punctis,
1335 4519 1393 4566 ut
1415 4513 1721 4568 mirandum
1755 4516 1927 4585 magis

2637 2043 2868 2099 CAPUT
2904 2042 2995 2099 XI.

2053 2134 2242 2189 Altera
2272 2133 2548 2190 methodus
2585 2134 2863 2191 Paschalis
2903 2137 3202 2205 exponitur.
3235 2152 3356 2206 qua:
3383 2137 3437 2191 in
3462 2141 3609 2191 sancti

2437 2206 2668 2261 Andrca:
2706 2216 2947 2275 computo
2978 2208 3231 2261 cernitur.

2125 2295 2222 2353 Est
2249 2295 2569 2351 Graecorum
2613 2303 3052 2367 computatorum
3091 2304 3148 2350 et
3195 2295 3306 2351 alia
3344 2298 3608 2353 methodus

2050 2388 2120 2444 ad
2180 2388 2477 2445 Paschales
2545 2389 2844 2454 terminos,
2895 2389 3010 2445 sive
3062 2388 3296 2445 Iudaica
3358 2393 3608 2447 Pascbata

2049 2482 2469 2553 cognoscenda;
2510 2494 2675 2553 quam
2711 2481 3024 2537 Chronicon
3069 2482 3505 2538 Alexandrinum
3539 2500 3608 2540 se-

2047 2575 2278 2645 quitur:
2315 2574 2405 2627 cui
2447 2589 2560 2627 non
2604 2574 2837 2628 multum
2870 2574 3158 2629 dissimilis
3209 2582 3297 2629 est
3335 2592 3401 2630 ea
3428 2591 3541 2646 quae
3561 2576 3606 2630 in

2047 2673 2307 2734 computo
2369 2665 2600 2721 Andreae
2649 2664 3129 2736 Ilierosolymitani
3186 2667 3426 2736 legitur;
3470 2668 3608 2737 cujus

2045 2757 2347 2813 declaratio
2385 2758 2454 2813 ad
2484 2774 2547 2813 ea
2586 2775 2709 2829 quae
2748 2760 3022 2829 capitibus
3054 2761 3511 2817 antecedentibus
3535 2778 3599 2817 ex-

2044 2849 2245 2919 plicata
2276 2856 2425 2914 sunt,
2453 2865 2560 2903 non
2589 2865 2779 2920 parum
2806 2848 3092 2907 conducet.

2112 2938 2289 2993 Annis
2316 2939 2387 2993 ab
2411 2938 2621 2994 Adamo
2648 2954 2744 3009 per
2770 2938 2835 2993 19
2860 2939 3193 3005 distributis,
3228 2943 3446 3013 cyclum
3464 2944 3607 3006 lunae,

2041 3036 2098 3085 et
2167 3030 2220 3085 ei
2284 3039 2655 3102 congruentes
2716 3038 2938 3101 epactas
2996 3032 3244 3089 invenire
3296 3033 3475 3102 jubet.
3525 3031 3608 3087 His

2041 3122 2242 3178 deinde
2277 3122 2399 3178 dies
2439 3139 2539 3177 xm
2587 3122 2788 3179 addere
2835 3123 2935 3187 τὰς
2992 3123 3099 3195 πρὸ
3153 3123 3263 3177 τῶν
3299 3127 3607 3197 φωστήρων,

2039 3229 2160 3286 quae
2184 3214 2517 3269 antecedunt
2538 3215 2863 3281 luminaria;
2891 3215 3045 3279 item,
3087 3215 3460 3286 προσελήνους
3489 3225 3603 3269 ante

2042 3311 2255 3361 lunares
2279 3305 2391 3368 Vll,
2428 3314 2543 3361 tum
2593 3307 2659 3361 ad
2715 3307 3096 3378 complendam
3150 3308 3427 3362 decimam
3458 3324 3609 3378 quar-

2039 3405 2173 3462 tam,
2214 3406 2350 3467 quot
2392 3413 2533 3467 opus
2564 3406 2650 3453 est
2677 3397 2795 3452 dies
2839 3398 3100 3467 adjicere.
3153 3396 3363 3453 Facilis
3398 3407 3481 3455 est
3506 3416 3608 3454 me-

2038 3489 2260 3545 thodus.
2313 3491 2356 3543 A
2405 3488 2669 3545 Kalendis
2725 3488 2936 3545 Martiis
2980 3489 3047 3544 ad
3085 3506 3180 3544 vm
3230 3507 3414 3561 usque
3455 3490 3607 3555 diem,

2036 3596 2158 3651 quae
2184 3582 2360 3651 prima
2413 3590 2498 3637 est
2536 3581 2819 3637 neomeuia
2859 3580 3164 3647 Paschalis,
3200 3584 3323 3640 dies
3357 3594 3490 3641 sunt
3523 3603 3606 3639 vn.

2036 3670 2077 3729 li
2127 3683 2415 3745 propterea
2473 3676 2794 3747 προσέληνοι
2841 3683 3139 3742 vocantur;
3195 3679 3332 3747 quia
3384 3680 3604 3749 primam

2033 3768 2377 3822 neomeniam
2408 3768 2742 3839 praecedunt.
2771 3767 2901 3824 Inde
2935 3770 3000 3823 ad
3024 3786 3093 3823 xx
3116 3769 3320 3837 Martii,
3351 3772 3471 3827 dies
3494 3787 3604 3835 xm,

2033 3859 2127 3929 qui
2161 3860 2266 3932 πρὸ
2308 3860 2418 3913 τῶν
2450 3863 2749 3933 φωστήρων
2787 3862 3154 3932 appellantur,
3193 3880 3261 3920 eo
3309 3867 3459 3935 quod
3507 3870 3608 3937 pri-

2032 3968 2201 4016 mam,
2248 3968 2313 4008 ac
2347 3954 2590 4009 citimam
2626 3954 2870 4009 omnium
2902 3954 3173 4011 decimam
3208 3966 3467 4028 quartam
3490 3975 3609 4030 pro-

2030 4044 2178 4098 xime
2206 4046 2542 4100 antecedunt
2562 4087 2577 4111 ,
2603 4062 2725 4115 quae
2762 4054 2847 4101 est
2872 4063 2963 4101 xxI
2995 4048 3198 4104 Martii.
3233 4050 3606 4109 Luminarium

2032 4144 2214 4192 autem
2262 4138 2539 4209 oppositio
2584 4138 2699 4192 ﬁeri
2735 4138 2803 4192 ab
2827 4139 2937 4193 illis
2962 4141 3268 4210 putabatur
3296 4143 3355 4197 in
3386 4146 3609 4201 termino

2028 4227 2303 4284 Paschali.
2335 4229 2525 4300 Itaque
2555 4230 2693 4284 citra
2720 4230 2999 4301 ambages,
3035 4231 3155 4288 dies
3184 4250 3257 4287 xx
3294 4234 3366 4289 ad
3395 4245 3607 4306 epactas

2029 4320 2311 4378 addendas
2364 4337 2489 4378 esse
2525 4322 2808 4394 praescribi
2851 4331 3087 4394 poterat.
3126 4324 3248 4380 Jam
3289 4328 3338 4382 si
3382 4327 3605 4383 conﬂata

2028 4413 2240 4468 dierum
2274 4429 2486 4468 summa
2517 4415 2698 4470 minor
2743 4416 2815 4471 sit
2859 4431 3021 4486 quam
3062 4432 3210 4486 xciv,
3250 4421 3498 4491 reliquos
3519 4422 3605 4474 ad-

2023 4503 2159 4572 jice.
2187 4506 2365 4561 donec
2395 4522 2524 4562 xuv
2551 4508 2831 4576 compleas
2864 4526 2879 4563 :
2912 4508 3181 4578 quidquid
3206 4510 3458 4568 additum
3487 4513 3601 4573 erit,

360 4601 431 4661 sit
473 4601 910 4674 qualemcunque
963 4614 1334 4659 astronomum
1381 4621 1500 4659 eam
1564 4609 1923 4677 cognoscendi
1956 4605 2153 4678 υροει
2182 4615 2250 4652 XX
2296 4599 2480 4654 Martii
2532 4601 2838 4671 Ριιιδῦἱῑιπ,
2884 4602 3251 4675 ostendctque
3292 4604 3600 4662 Paschalem

357 4693 513 4747 verni
538 4695 850 4763 aequinoctii
887 4695 1148 4751 rationem
1172 4697 1415 4759 inivisse,
1444 4713 1605 4768 quam
1640 4701 1739 4754 hac
1770 4701 1926 4757 adhi-

358 4783 493 4847 bita,
538 4784 721 4841 triduo
762 4786 983 4843 circiter
1035 4789 1336 4843 aberrasse.
1369 4788 1501 4843 Nam
1533 4807 1718 4846 verum
1750 4794 1923 4864 arqui-

358 4879 602 4939 noctium
648 4893 873 4934 vernum
929 4895 1074 4935 anno
1121 4881 1322 4937 Christi
1379 4881 1519 4936 1572
1568 4886 1921 4941 commissum

358 4976 443 5022 est
470 4968 649 5023 Martii
682 4985 762 5025 xu
792 4970 1033 5037 ineunte,
1066 4971 1196 5027 feria
1221 4990 1273 5028 vt
1304 4974 1436 5030 hora
1470 4977 1520 5042 1,
1547 4976 1627 5031 11¹
1657 4985 1781 5049 post
1806 4993 1923 5033 me-

358 5059 503 5115 diam
538 5068 775 5127 noctem,
806 5062 1296 5134 Constantinopoli.
1328 5064 1557 5132 Quinam
1591 5076 1770 5124 autem
1804 5068 1921 5124 ﬁeri

357 5160 559 5224 potest,
589 5164 646 5210 ut
692 5153 862 5211 lsaaci
914 5163 1159 5226 tempore
1201 5158 1586 5227 aequinoctium
1628 5161 1922 5216 incurrerit

357 5243 413 5297 in
446 5242 630 5299 Martii
661 5261 751 5306 xv.
781 5244 867 5299 vel
909 5260 1000 5299 xiv
1038 5245 1203 5309 diem,
1234 5261 1358 5301 cum
1401 5257 1617 5303 centum
1654 5249 1766 5305 fere
1796 5261 1922 5321 post

357 5331 541 5395 annis,
569 5331 674 5386 hoc
706 5338 790 5387 est
825 5346 969 5386 anno
998 5332 1159 5398 1188,
1190 5334 1424 5392 Joannes
1458 5336 1920 5408 Regiomontanus

356 5421 498 5477 idem
544 5423 811 5493 repererit
840 5423 1020 5479 Martii
1048 5441 1126 5493 ιι,
1174 5426 1307 5483 hora
1338 5429 1392 5492 '5,
1421 5430 1504 5483 40'
1532 5437 1657 5501 post
1684 5431 1917 5488 mediam

354 5516 609 5570 noctem?
635 5516 782 5587 quod
834 5524 887 5572 et
933 5520 1013 5574 illi
1061 5535 1128 5576 ex
1179 5522 1382 5576 nostris
1413 5522 1613 5580 tabulis
1657 5532 1815 5580 erato
1850 5526 1917 5581 ad

356 5604 524 5662 lsaaci
553 5615 773 5680 tempus
797 5606 1263 5666 accommodatum
1293 5620 1396 5668 est.
1418 5611 1553 5668 Tum
1581 5614 1918 5685 Copcrnicus

356 5708 500 5751 anno
524 5695 685 5762 1516,
715 5698 887 5754 Martii
919 5714 996 5764 ιιι,
1027 5699 1163 5754 hora
1191 5701 1247 5765 4,
1285 5703 1369 5758 20'
1399 5703 1723 5764 observavit.
1759 5706 1917 5765 Falsa

353 5785 520 5854 igitur
546 5789 851 5845 observatio
880 5791 971 5846 illa
1000 5798 1085 5847 est
1114 5791 1284 5849 lsaaci
1315 5795 1545 5868 Argyri;
1578 5798 1728 5853 velut
1750 5800 1914 5855 etiam

357 5890 478 5938 cum
503 5878 846 5942 Ptolemazum
892 5881 1044 5943 addit
1084 5885 1462 5953 aequinoctium
1491 5887 1915 5952 deprehendisse

2028 4691 2342 4746 terminum.
2382 4690 2487 4769 Sin
2527 4692 2647 4749 dies
2677 4709 2823 4757 xuv,
2858 4705 2955 4749 aut
2983 4695 3171 4764 plures
3217 4701 3385 4753 etiam
3422 4715 3605 4754 nume-

2022 4792 2236 4845 rentur,
2266 4790 2477 4838 tantnm
2526 4784 2666 4840 adde
2689 4785 2928 4849 dierum,
2956 4797 3225 4858 quantum
3251 4808 3483 4849 necesse
3501 4800 3599 4854 est.

2024 4882 2104 4938 ut,
2154 4875 2351 4930 diebus
2382 4876 2601 4939 ablatis,
2656 4881 3076 4947 quatuordecim
3110 4882 3418 4946 resideant,
3449 4894 3501 4939 et
3526 4883 3601 4937 id-

2021 4968 2201 5039 ipsum
2240 4970 2383 5039 quod
2431 4969 2720 5038 adjeceris,
2756 4980 2881 5040 post
2925 4989 3018 5026 xxi
3076 4973 3258 5029 Martii
3306 4977 3598 5045 putarein-

2020 5062 2164 5131 cipe.
2197 5061 2405 5115 Etenim
2458 5061 2671 5116 decima
2720 5072 2918 5132 quarta
2962 5067 3220 5135 quaelibet
3252 5069 3391 5123 citra
3430 5067 3592 5123 Martii

2018 5171 2109 5209 xxi
2149 5154 2397 5210 incidens
2423 5154 2664 5210 nondum
2703 5155 2990 5213 Paschalis
3016 5166 3101 5214 est
3129 5160 3235 5214 :ob
3270 5161 3324 5215 id
3360 5161 3593 5217 calculus

2018 5248 2163 5301 ultra
2194 5248 2576 5318 propagandus
2608 5257 2714 5304 est.
2744 5248 2878 5305 Esto
2916 5252 3104 5322 cyclus
3131 5254 3589 5323 Constantinopo-

2016 5339 2221 5394 litanus
2253 5356 2361 5404 xiv,
2406 5342 2497 5410 qui
2519 5350 2604 5396 est
2633 5342 2918 5398 Romanus
2958 5361 3096 5409 xvn,
3128 5356 3340 5415 epactze
3372 5355 3499 5404 sunt
3522 5361 3587 5405 ιτ.

2017 5448 2141 5503 quae
2168 5448 2291 5487 cum
2312 5450 2385 5487 xx
2413 5433 2614 5499 Martii,
2645 5434 2945 5489 conﬁciunt
2974 5435 3068 5493 24.
3106 5436 3178 5493 Ut
3203 5449 3390 5494 autem
3419 5438 3588 5494 ablata

2018 5525 2228 5596 integra
2270 5526 2511 5596 syzygia,
2570 5527 2768 5595 reliqui
2827 5528 2940 5582 sint
2987 5528 3107 5584 dies
3147 5547 3264 5594 xlv,
3326 5530 3464 5586 adde
3501 5528 3583 5582 20.

2016 5616 2180 5671 Fiunt
2200 5615 2270 5670 64
2301 5617 2439 5672 dies.
2469 5616 2642 5672 Porro
2661 5618 2899 5673 addititii
2928 5620 3005 5673 illi
3041 5620 3114 5675 20
3141 5637 3172 5675 a
3198 5639 3292 5677 xxi
3324 5622 3499 5677 Martii
3524 5616 3585 5671 ad

2016 5725 2070 5764 Ix
2095 5708 2298 5779 Aprilis
2325 5711 2685 5778 perveniunt;
2712 5725 2822 5780 quo
2857 5710 2945 5766 die
2966 5728 3058 5768 xlv
3080 5712 3372 5770 Paschalis
3399 5723 3583 5768 conve-

2016 5801 2114 5862 nit.
2146 5801 2297 5872 cyclo
2321 5800 2463 5855 lunae
2487 5799 2708 5856 Nicazno
2738 5818 2868 5857 xvu.

2086 5892 2299 5951 Rursus
2325 5892 2476 5967 cyclo
2494 5908 2524 5947 v
2546 5893 3180 5969 Constantinopolitano,
3216 5899 3460 5957 Romano
3477 5911 3581 5959 vui.
