3808 6308
189 242 321 299 ιιιι

1171 231 1629 288 DISSERTATIO
1664 231 1753 287 DE
1793 228 2206 287 GRECORUM
2245 226 2451 284 Αῐιιιε.

3286 228 3432 286 1442

186 363 392 428 εραειιε
422 370 546 416 xxv,
579 368 699 422 qua:
726 367 849 406 cum
884 366 955 405 xx
997 350 1189 405 diebus
1236 347 1414 402 Martii
1441 346 1572 401 dant
1610 363 1754 413 xtv;
1790 356 1831 410 Α
1860 346 1996 416 ginti
2034 385 2049 409 ,
2081 344 2285 399 idcirco
2323 340 2732 397 accommodata
2778 340 2989 411 integra
3019 340 3259 412 syzygia,
3291 356 3429 397 con-

189 458 247 503 ut
278 449 443 518 igitur
477 462 635 501 Lxxw
662 444 781 499 dies
809 444 1099 505 exsistant,
1138 439 1371 495 addendi
1410 455 1564 493 xxix.
1595 436 1755 492 Fient

190 542 275 596 74.
318 540 584 595 Detractis
611 540 699 594 60.
743 537 946 592 residui
978 542 1105 590 sunt
1148 534 1234 588 M.
1273 533 1542 587 Caeterum
1588 532 1655 585 ad
1684 531 1758 585 20

186 636 302 689 dies
346 632 547 698 Martii,
596 631 792 684 additis
814 629 903 693 39,
936 636 985 682 el
1031 642 1097 680 ex
1133 640 1348 681 summa
1375 624 1469 685 49.
1504 623 1756 678 deductis

185 726 243 780 51
272 726 472 788 Martii,
499 732 669 777 restat
699 722 902 791 Aprilis
934 721 1021 783 I8,
1065 719 1120 772 in
1165 732 1329 787 quam
1360 716 1625 771 terminus
1657 715 1758 769 Pan

183 818 389 872 schalis
427 816 678 870 Nicamns
730 813 1003 883 congruit,
1053 810 1207 882 cyclo
1231 825 1349 863 vut.

250 911 323 963 At
349 916 572 964 sanctus
612 906 856 960 Andreas
884 904 1185 964 Cretensis,
1211 908 1270 954 ut
1304 900 1445 955 idem
1484 899 1755 955 terminus

181 1004 515 1064 obtineatur,
544 1001 811 1054 labentem
844 999 985 1052 luna;
1015 997 1230 1067 cyclum
1259 1010 1356 1065 per
1399 1009 1452 1047 ιιι
1484 992 1753 1062 multipli-

181 1102 291 1149 cat.
349 1093 587 1149 Summre
642 1092 884 1147 collecta:
914 1105 1009 1144 sex
1053 1089 1170 1144 dies
1218 1086 1426 1155 adjicit,
1477 1100 1617 1155 quas
1658 1086 1751 1137 ἀπ’

180 1187 393 1241 αἰώνων
422 1193 601 1252 vocat,
649 1200 824 1253 usque
877 1182 943 1236 ad
982 1184 1199 1253 cyclum
1251 1194 1378 1245 xw;
1439 1179 1594 1248 cyclo
1620 1193 1752 1232 vero

178 1298 327 1344 xvu,
367 1296 503 1334 xvm
551 1286 604 1333 et
640 1294 731 1332 xix
776 1287 982 1347 septem
1021 1274 1188 1329 addit.
1222 1272 1354 1328 Post
1399 1272 1514 1326 haec
1541 1271 1749 1340 integra

179 1388 395 1431 summa
426 1388 521 1443 per
550 1371 620 1426 50
654 1371 879 1431 tributa,
914 1368 1059 1438 quod
1082 1367 1349 1436 reliquum
1376 1373 1461 1418 est
1492 1378 1521 1416 a
1550 1360 1748 1417 Martio

178 1467 383 1538 putari,
419 1466 578 1535 eique
619 1473 878 1534 quantum
919 1462 1128 1516 dierum
1163 1474 1301 1529 opus
1326 1463 1410 1514 est
1454 1456 1580 1512 addi
1611 1470 1752 1527 pra!-

177 1559 331 1628 cipit,
358 1566 417 1613 ut
466 1572 725 1611 numerus
752 1555 820 1609 ad
857 1553 1249 1625 quinquaginta
1279 1551 1582 1621 perveniat,
1611 1550 1750 1604 adeo

177 1660 238 1706 ut
266 1652 431 1707 etiam
461 1650 529 1704 de
560 1649 728 1717 Aprili
763 1647 964 1717 aliquid
1011 1646 1360 1715 adjungatur.
1388 1642 1594 1698 Horum
1632 1642 1747 1696 die-

176 1757 298 1796 rum
336 1742 559 1795 ultimus
591 1734 799 1796 Pascha
827 1736 1114 1792 Iudaicum
1145 1737 1268 1792 erit.
1311 1736 1483 1804 Cujus
1514 1734 1743 1799 decreti,

176 1852 245 1889 ne
272 1835 403 1905 quid
432 1834 763 1904 diligentiam
791 1838 1034 1887 nostram
1055 1828 1336 1900 effugeret,
1371 1841 1592 1882 causam
1622 1838 1748 1881 esse

175 1928 564 1997 comperimus.

246 2019 465 2089 Epacta:
494 2018 737 2080 lunares,
770 2030 890 2085 quae
927 2012 1180 2068 Martium
1222 2010 1572 2077 antecedunt,-
1619 2018 1747 2066 sunt

174 2111 383 2166 residui
418 2110 535 2165 dies
552 2121 672 2180 post
716 2109 959 2162 ultimam
984 2106 1257 2178 syzygiam
1291 2124 1305 2160 :
1343 2119 1577 2174 quorum
1600 2118 1744 2157 com-

175 2206 508 2275 plementum
553 2201 618 2256 ad
649 2216 778 2265 xxx,
814 2200 1147 2253 lunationem
1195 2212 1313 2251 eam
1356 2197 1588 2267 perﬁcit,
1627 2210 1748 2265 qua:

175 2297 421 2352 nondum
481 2293 762 2349 Paschalis
809 2307 931 2347 esse
991 2297 1186 2361 potest.
1243 2288 1412 2360 Igitur
1464 2287 1746 2342 Paschalis

172 2389 308 2454 erit,
345 2392 854 2458 qumcunquepost
907 2383 1115 2452 ipsam,
1172 2382 1438 2436 decimam
1495 2388 1745 2448 quartam

173 2482 339 2535 habet
373 2480 428 2534 in
470 2495 556 2533 im
580 2476 779 2541 Martii,
820 2484 912 2529 aut
941 2476 1185 2545 proxime
1222 2482 1346 2544 post
1372 2489 1481 2527 χχι.
1513 2470 1748 2526 Proinde

173 2573 242 2627 ad
272 2581 523 2642 epactam
570 2570 769 2624 addere
814 2574 1048 2638 Oportet,
1096 2567 1240 2621 ultra
1286 2566 1746 2636 complementum

170 2664 330 2736 ejus,
384 2678 493 2732 quo
548 2661 757 2731 integra
806 2660 1024 2731 syzygia
1075 2658 1387 2728 periit-itur;
1455 2655 1572 2710 dies
1627 2669 1744 2721 xxv,

172 2758 240 2811 ad
274 2756 543 2811 decimam
578 2762 827 2823 quartam
869 2751 1100 2822 syzygia:
1138 2748 1476 2819 insequentis
1498 2746 1747 2802 obtinen—

170 2849 320 2903 dam.
374 2847 504 2913 Qum
541 2846 757 2916 quidem
811 2844 857 2899 si
907 2843 975 2897 ad
1019 2857 1111 2896 XXI
1173 2841 1349 2894 Martii
1405 2840 1744 2910 pervenerit,

168 2941 365 3009 utique
410 2935 693 2992 Paschalis
739 2935 860 2989 erit.
911 2931 1009 2987 Sin
1064 2934 1285 2997 minus,
1338 2933 1438 2986 toti
1485 2948 1590 2985 xxx
1629 2932 1747 2986 dies

1862 437 1998 490 lium
2023 437 2141 491 dies
2182 451 2345 500 xux;
2377 433 2444 488 de
2474 433 2671 503 quibus
2701 431 2984 487 subductis
3022 431 3203 486 Martii
3233 433 3427 489 diebus

1858 538 2011 588 XXXI,
2063 532 2271 581 restant
2306 539 2464 578 xvm.
2536 522 2752 576 Itursus
2815 522 3124 592 inquiratur
3163 524 3426 579 terminus

1859 615 2014 686 cyclo
2057 615 2199 669 luna:
2234 628 2389 667 xvm.
2420 612 2633 682 Epacta:
2664 620 2791 666 sunt
2819 627 2975 676 xvm,
3000 611 3068 666 ad
3096 627 3234 681 quas
3266 626 3426 667 acre-

1859 705 1997 759 dunt
2033 720 2129 769 vn,
2162 710 2224 758 ut
2253 704 2383 757 {iant
2418 719 2541 764 xxv,
2583 703 2785 773 quibus
2817 704 2883 755 ad
2913 703 3308 772 quinquaginta
3337 703 3429 758 de-

1857 807 1986 853 sunt
2018 813 2145 851 xxv.
2200 796 2341 865 Ergo
2385 795 2570 849 Martii
2597 794 2685 849 die
2718 809 2826 848 xxv
2858 803 3051 865 quarta
3082 794 3291 849 decima
3321 793 3428 847 Pa-

1854 890 2057 944 schalis
2097 888 2328 943 incurrit
2351 888 2503 960 cyclo
2528 885 2773 942 Romano
2794 903 2884 949 xv,
2920 887 3424 957 Constantinopoli-

1856 988 1984 1034 tano
2028 995 2184 1034 xvm.
2237 979 2393 1035 Idem
2430 978 2538 1044 ﬁet,
2580 978 2622 1034 si
2659 984 2973 1048 epactarum
3006 995 3140 1031 xvut
3185 979 3429 1048 comple-

1853 1077 2096 1123 mentum
2129 1071 2197 1124 ad
2230 1085 2389 1136 xuii,
2434 1070 2536 1124 hoc
2565 1078 2650 1126 est
2681 1086 2787 1124 xxv
2831 1085 3088 1124 numeres
3117 1084 3146 1122 a
3166 1068 3426 1125 Kalendis

1853 1159 2082 1216 Martiis.
2116 1160 2243 1216 llaec
2270 1162 2561 1218 methodus
2594 1164 2775 1217 locum
2814 1162 2974 1219 habet
2994 1164 3047 1216 in
3076 1161 3311 1217 Niczenis
3333 1177 3428 1234 sy-

1852 1254 2043 1324 zygiis.
2082 1253 2238 1320 Quod
2262 1254 2310 1309 si
2342 1255 2701 1327 προηγήσεως
2734 1254 2942 1308 lunaris
2965 1254 3231 1308 rationem
3255 1254 3427 1308 duce-

1851 1359 1910 1397 re
1932 1343 2056 1414 quis
2086 1345 2254 1410 velit,
2287 1352 2468 1415 potest
2501 1345 2570 1399 ad
2612 1352 2860 1415 epactam
2891 1345 3011 1400 dies
3050 1345 3250 1400 addere
3294 1344 3428 1398 toti-

1851 1430 1996 1497 dem,
2029 1443 2161 1501 quot
2191 1433 2321 1486 luna
2369 1432 2660 1502 pristinam
2704 1432 2966 1503 epocham
3010 1433 3324 1499 antevertit,
3360 1440 3426 1487 ut

1852 1514 2072 1577 Isaacus
2094 1521 2340 1594 Argyrus
2364 1521 2620 1576 instituit.

2441 1612 2669 1670 CAPUT
2704 1612 2820 1669 XII.

1780 1715 1822 1770 Β
1849 1703 2164 1759 Declaratur
2204 1721 2331 1760 usus
2387 1707 2616 1775 computi
2660 1706 2948 1775 superioris
2986 1703 3328 1772 Cra'corum,
3370 1712 3429 1761 σε

1988 1777 2373 1844 ῃνάἐὶριιονιιηι
2417 1774 2671 1845 festorum
2707 1776 2957 1845 exemplis
3001 1778 3278 1832 astruitur.

1921 1864 2181 1937 Superest
2212 1874 2271 1920 ut
2310 1864 2482 1920 Graeci
2514 1866 2774 1935 computi,
2802 1880 2962 1935 quem
2997 1874 3252 1921 accurate
3291 1865 3425 1920 hac.

1849 1968 2009 2014 tenus
2056 1958 2457 2025 enarravimus,
2492 1974 2652 2013 usum
2700 1974 2764 2012 ac
2808 1956 3045 2012 fructum
3078 1958 3423 2028 experiamur

1850 2049 1905 2104 in
1946 2049 2100 2105 festis
2157 2050 2374 2103 illorum
2411 2049 2704 2119 praecipuis
2755 2048 3097 2120 indagandis,
3151 2065 3272 2120 quae
3319 2064 3422 2103 nos

1848 2142 2069 2196 mobilia
2102 2141 2266 2210 vulgo
2308 2156 2713 2212 nuncupamus.
2737 2140 2812 2194 Ea
2852 2157 3014 2211 porro
3040 2141 3431 2197 describuntur

1848 2234 1903 2287 in
1933 2234 2148 2287 illorum
2175 2231 2489 2304 IIoroIogio,
2513 2234 2656 2304 quod
2680 2232 2924 2289 Venetiis
2947 2234 3150 2287 editum
3173 2242 3258 2289 est
3279 2247 3427 2288 anno

1847 2320 2051 2376 Christi
2099 2321 2257 2376 I555.
2303 2321 2474 2391 Cujus
2510 2322 2564 2375 in
2599 2322 2799 2376 calcem
2831 2336 3096 2376 annorum
3140 2336 3209 2375 χι.
3251 2321 3431 2377 series

1847 2411 2196 2476 describitur,
2232 2411 2299 2465 ab
2329 2426 2473 2467 anno
2528 2413 2713 2467 mundi
2774 2411 2911 2467 70M
2960 2413 3029 2469 ad
3079 2410 3214 2468 7083
3242 2431 3256 2467 :
3284 2429 3429 2483 quos

1847 2516 1968 2555 rum
2000 2501 2055 2555 in
2101 2500 2331 2571 singulis
2366 2501 2631 2556 festorum
2676 2514 2742 2555 ac
2783 2499 3163 2572 religiosorum
3208 2500 3427 2554 dierum

1849 2598 2094 2660 tempora
2126 2591 2502 2646 continentur.

1916 2679 2101 2736 Primo
2123 2681 2243 2735 loco
2282 2683 2315 2753 ὴ
2347 2680 2637 2755 παραμονὴ
2671 2680 2780 2734 τῶν
2809 2674 3043 2752 Χριστοῦ
3080 2678 3281 2749 γεννῶν
3315 2695 3419 2751 po-

1849 2773 2016 2839 nitur,
2062 2773 2166 2828 hoc
2197 2780 2281 2829 est
2326 2772 2523 2846 Vigilia
2570 2772 2780 2830 Natalis
2811 2772 3047 2838 Domini,
3076 2772 3233 2844 cujus
3284 2771 3428 2828 feriae

1849 2873 2091 2920 notatur.

1920 2955 2198 3020 Secundo,
2226 2955 2585 3028 Κρεωφάγια,
2620 2953 2735 3008 hoc
2761 2962 2845 3008 est
2882 2952 2998 3008 dies
3024 2967 3215 3007 omnes
3246 2966 3276 3005 a
3309 2949 3419 3005 Na-

168 3029 411 3085 addendi
474 3037 666 3091 erunt,
717 3035 775 3080 nt
819 3025 1103 3081 Paschalis
1147 3024 1414 3116 terminus
1458 3024 1742 3116 habeatur.
1774 3053 1817 3112 ο
1848 3046 1943 3099 tali
2005 3046 2074 3099 ad
2130 3024 2469 3100 Do,,,i'nicam
2533 3043 2912 3116 Sexagesima,
2958 3060 3078 3114 qua,
3113 3043 3431 3116 sAﬂgxpsw;

238 3120 514 3188 Quocirca
544 3120 609 3173 ad
635 3135 757 3173 eum
794 3118 1014 3172 modum
1045 3115 1379 3171 conformari
1419 3115 1604 3186 regula
1639 3115 1744 3169 ista

169 3220 389 3283 poterat
422 3231 434 3266 :
465 3209 544 3264 Ad
591 3218 837 3280 epactam
881 3208 1057 3278 adjice
1080 3218 1343 3278 quantum
1367 3208 1578 3261 dierum
1608 3221 1747 3276 opus

167 3306 235 3359 ad
268 3302 621 3374 complendas
656 3318 800 3366 xmv,
839 3300 1044 3372 acyclo
1079 3301 1257 3370 primo
1298 3300 1364 3353 ad
1402 3314 1523 3363 xvi,
1558 3298 1642 3353 vel
1677 3295 1747 3351 ad

167 3413 302 3451 mu
354 3396 652 3465 expleudos
709 3394 764 3447 iu
830 3394 1007 3448 tribus
1061 3393 1232 3465 cyclis
1281 3393 1532 3461 reliquis,
1587 3391 1747 3445 initio

167 3490 319 3544 facto
369 3504 399 3541 a
434 3487 687 3543 Kalendis
719 3482 948 3552 Martiis,
984 3485 1030 3541 si
1070 3485 1215 3555 quod
1249 3478 1401 3540 deest
1455 3483 1633 3552 majus
1661 3490 1746 3538 est

167 3597 262 3634 xx.
300 3579 399 3634 Sin
434 3580 738 3644 minusest,
795 3585 960 3631 totam
1018 3583 1280 3647 prmterea
1331 3577 1604 3648 syzygiam
1635 3591 1745 3629 xxx

165 3676 384 3728 dierum
439 3669 811 3726 accommoda.
855 3667 1131 3738 Quidquid
1180 3668 1423 3722 additum
1470 3675 1576 3731 est,
1626 3667 1672 3722 si
1714 3682 1745 3720 a

166 3763 434 3819 Kalendis
470 3762 674 3817 Martiis
702 3767 943 3831 putetur,
980 3761 1033 3815 in
1087 3760 1379 3815 terminum
1422 3759 1744 3815 Paschalem

165 3857 407 3911 desinet.
437 3853 561 3909 Haec
596 3854 780 3924 regula
810 3853 997 3907 eodem
1025 3868 1149 3906 eum
1177 3852 1269 3905 illa
1298 3851 1473 3907 sancti
1514 3850 1747 3905 Andrea;i

165 3950 386 4004 recidit.
423 3945 556 3999 Nam
586 3946 679 4015 qui
709 3960 804 3999 sex
836 3944 951 3998 dies
979 3944 1129 3998 addit
1158 3946 1223 3997 ad
1247 3952 1530 4010 epactam;
1559 3958 1623 3997 ac
1658 3957 1747 3997 re-

167 4042 384 4109 liquum
414 4036 611 4091 deinde
654 4041 905 4089 numerat
949 4049 979 4087 a
1007 4034 1264 4088 Kalendis
1299 4032 1532 4095 Martiis,
1571 4034 1745 4086 donec

165 4128 568 4202 quinquaginta
626 4125 928 4195 compleat;
984 4124 1125 4177 idem
1171 4124 1299 4178 facit
1350 4138 1415 4177 ac
1463 4124 1510 4178 si
1553 4123 1752 4179 diebus

165 4222 280 4276 illis
310 4235 405 4275 sex
439 4231 549 4271 non
590 4215 818 4277 additis,
841 4214 988 4270 solos
1028 4228 1153 4268 xmv
1181 4214 1444 4284 expleret.
1476 4211 1616 4267 Cum
1648 4229 1744 4267 au-

161 4322 281 4368 tem
315 4311 460 4365 lunae
501 4309 693 4373 saltus,
723 4314 775 4361 et
813 4307 1055 4378 ὑποτομή
1099 4305 1204 4360 diei
1239 4305 1406 4360 unius
1451 4305 1605 4376 cyclo
1652 4321 1742 4360 χιιι

162 4404 495 4473 contingat,
573 4403 664 4471 qui
728 4409 813 4455 est
862 4398 1260 4453 Alexandrinus
1312 4413 1405 4451 xix
1438 4438 1453 4461 ,

162 4512 269 4566 pra
310 4492 846 4558 demonstravimus;
911 4491 1033 4544 ideo
1089 4488 1303 4543 numeri
1357 4489 1508 4542 aurei
1563 4488 1748 4559 cyclo-

162 4603 292 4641 rum
343 4586 686 4656 sequentium
730 4600 840 4638 uno
893 4583 981 4638 die
1017 4582 1360 4638 neomeniam
1412 4580 1575 4634 citius
1611 4578 1745 4634 olfe-

160 4685 321 4732 runt.
346 4672 428 4729 Ob
458 4674 513 4728 id
543 4684 751 4743 septem
777 4672 895 4727 dies
936 4673 1003 4726 ad
1057 4681 1278 4742 epactas
1313 4669 1464 4724 addit
1499 4669 1746 4724 Andreas

157 4768 324 4839 cyclo
356 4780 490 4830 xvu,
521 4780 653 4819 xvut
691 4775 743 4820 et
771 4780 884 4830 xix,
907 4772 959 4819 et
987 4779 1087 4819 nos
1111 4766 1176 4819 ad
1203 4779 1341 4818 xmtt
1366 4762 1745 4817 tantummodo

156 4859 436 4930 compleri
473 4873 742 4913 summam
783 4859 1160 4929 praecipimus;
1207 4867 1265 4911 ut
1304 4872 1416 4911 uno
1466 4857 1551 4911 die
1598 4864 1742 4917 ante,

155 4967 335 5024 quam
384 4950 441 5003 in
502 4949 751 5019 reliquis,
805 4949 1091 5003 neontenia
1148 4948 1394 5003 sistatur.
1461 4946 1748 5019 Quaeratur

153 5041 405 5112 exempli
437 5042 613 5112 gratia]
635 5041 897 5097 terminus
930 5039 1212 5095 Paschalis
1254 5040 1407 5110 cyclo
1448 5055 1502 5092 ν.
1530 5038 1753 5109 Epacta:r

155 5146 300 5192 sunt
331 5149 459 5195 xxv,
492 5134 557 5185 ad
575 5147 668 5186 eas
697 5132 923 5200 adjectis
954 5148 1027 5194 v1,
1052 5134 1188 5185 liunt
1233 5146 1392 5196 xxxr;
1425 5138 1479 5184 et
1517 5130 1756 5199 abjectis

156 5239 297 5288 xxv,
324 5228 495 5275 restat
522 5236 558 5273 ι.
590 5220 741 5274 Adde
766 5221 949 5290 itaque
979 5236 1105 5273 XLIX
1143 5221 1276 5282 dies,
1301 5219 1480 5288 deque
1514 5220 1583 5274 iis
1605 5220 1748 5274 Mar-

154 5315 223 5367 tii
257 5312 380 5367 dies
407 5309 562 5365 aufer
587 5327 738 5375 xxxi,
776 5312 969 5377 reliqui
1005 5319 1167 5366 erunt
1198 5326 1331 5364 xvm
1369 5312 1573 5381 Aprilis
1603 5312 1752 5366 dies.

154 5406 342 5476 Igitur
384 5403 587 5474 Aprilis
632 5396 759 5457 xvtit
795 5403 882 5456 die
918 5404 1187 5459 terminus
1238 5404 1521 5459 Paschalis
1552 5405 1745 5460 incidit

153 5497 325 5569 cyclo
353 5493 959 5563 Constantinopolitano
992 5508 1043 5557 v,
1090 5491 1184 5562 qui
1226 5500 1310 5547 est
1336 5492 1753 5548 Alexandrinus

153 5604 287 5641 vm.
321 5586 396 5639 At
430 5585 726 5639 secundum
776 5585 1018 5655 regulam
1062 5592 1338 5649 nostram,
1370 5586 1627 5655 quoniam
1673 5587 1740 5641 ad

156 5692 317 5745 xciv,
351 5678 551 5736 desunt
578 5677 695 5734 dies
730 5694 842 5743 xix,
894 5677 985 5748 qui
1028 5691 1289 5731 numerus
1319 5677 1498 5733 minor
1542 5688 1626 5734 est
1661 5679 1740 5734 vi-

1845 3148 2090 3204 vocatur,
2110 3137 2308 3209 quibus
2338 3137 2586 3192 carnimn
2611 3150 2737 3192 esus
2775 3135 3105 3206 indulgetur.

1915 3229 2123 3293 Tertio,
2179 3229 2241 3282 τὸ
2288 3228 2566 3300 Τριώδιον,
2604 3244 2724 3299 quae
2751 3237 2835 3283 est
2860 3226 3144 3282 Dominica
3171 3226 3435 3298 proxime?

1846 3319 2175 3375 antecedens
2209 3318 2549 3374 Dominicam
2578 3318 3030 3391 Septuagesimte.

1925 3409 2168 3477 Quarto,
2220 3412 2257 3482 ἡ
2298 3411 2610 3482 Ἀπόκρεως
2636 3451 2650 3475 ,
2710 3408 2987 3465 Dominica
3027 3407 3417 3478 Carnisprivii;

1844 3517 2008 3571 quam
2035 3499 2440 3570 Sexagesimam
2473 3502 2832 3571 appellamus,
2857 3515 2889 3554 a
2920 3515 3030 3570 qua
3053 3499 3227 3554 Graeci
3253 3497 3421 3551 absti-

1846 3605 1975 3645 nere
2009 3590 2272 3644 carnibus
2326 3588 2618 3658 incipiunt,
2654 3588 2847 3645 diebus
2882 3598 3009 3643 ante
3041 3588 3253 3642 Pascha
3282 3599 3379 3640 ινοιῖ
3401 3596 3429 3639 :1

1846 3680 1992 3751 quod
2017 3696 2083 3735 eo
2113 3678 2342 3744 faciunt,
2376 3688 2434 3733 ut
2464 3696 2531 3734 xi.
2562 3679 2775 3735 dierum
2799 3679 3070 3751 jejunium
3100 3679 3153 3733 in
3184 3678 3431 3734 solidum-

1846 3777 2082 3827 constet.
2138 3769 2277 3825 Cum
2326 3771 2473 3825 enim
2534 3768 2775 3825 Sabbato
2827 3770 3077 3841 jejunare
3131 3767 3293 3823 nefas
3322 3768 3423 3822 ha-

1847 3864 2032 3928 beant,
2086 3878 2197 3917 uno
2243 3859 2470 3933 excepto
2507 3862 2683 3934 pridie
2706 3862 3010 3928 Paschalis,
3042 3863 3087 3918 si
3117 3863 3184 3917 de
3215 3861 3422 3917 hebdo-

1846 3953 2099 4007 madibus
2129 3969 2256 4017 VIII,
2290 3954 2484 4009 diebus
2525 3968 2633 4017 ιγι,
2663 3962 2786 4008 octo
2819 3953 3153 4015 Dominicas,
3186 3968 3251 4007 ae
3284 3951 3431 4007 Sab-~

1846 4044 1975 4098 bata
2027 4060 2104 4097 vu
2157 4058 2457 4113 eXpungas,
2506 4046 2701 4115 reliqui
2755 4043 2874 4099 dies
2925 4053 3087 4099 erunt
3137 4060 3249 4098 xu.
3282 4043 3431 4099 Natat

1847 4140 2181 4202 postremum
2236 4134 2538 4187 Sabbatum
2568 4143 2722 4188 extra
2768 4134 3017 4190 ordinem
3064 4132 3277 4205 jejunio
3326 4133 3429 4187 die

1847 4233 2026 4281 catur.

1918 4314 2138 4381 Quinto,
2174 4314 2345 4384 legale
2373 4313 2603 4370 Pascha.

1528 4405 1587 4450 ιιι
1648 4412 1745 4452 ευ·
1776 4401 1824 4460 D
1922 4405 2107 4470 Sexto,
2133 4405 2502 4460 Christianum
2534 4406 2761 4461 Pascha.

1919 4497 2183 4568 Septimo,
2218 4498 2530 4570 ἠΚυριακὴ
2571 4498 2677 4551 τῶν
2717 4497 2908 4567 Ἀγίων
2955 4490 3425 4558 πάντώνιῖδοηιίἱί

1847 4591 1967 4645 nica
1990 4588 2315 4644 Sanctorum
2345 4590 2589 4645 omnium
2614 4609 2629 4658 ;
2661 4607 2782 4661 quae
2815 4590 3105 4646 Dominica:
3129 4587 3429 4648 Trinitatis

1846 4680 2136 4750 respondet
2149 4720 2162 4734 .
2361 4675 2371 4684 ’
2758 4672 2777 4697 ’

1918 4770 2144 4835 Octavo,
2174 4770 2444 4841 jejunium
2488 4778 2800 4826 sanctorum
2838 4771 3241 4842 Apostolortim,
3271 4774 3422 4843 quod

1846 4861 2022 4917 ειηεεί
2086 4862 2292 4918 obeunt
2356 4877 2388 4916 a
2441 4861 2719 4917 Dominica
2771 4861 3098 4918 Sanctorum
3143 4866 3422 4929 omnium,

1854 4971 2031 5025 usque
2067 4954 2132 5009 ad
2164 4969 2330 5008 xxvtu
2373 4952 2541 5009 Junii.
2566 4953 2701 5008 Nam
2749 4968 2879 5008 xxix
2917 4953 3063 5009 Junii
3103 4962 3418 5030 sanctorum

1845 5044 2215 5114 apostolorum
2247 5041 2393 5098 Petri
2432 5052 2485 5100 et
2528 5043 2682 5099 Pauli
2720 5044 2915 5100 festum
2968 5047 3267 5104 celebrant.
3309 5047 3430 5102 Ροε-

1846 5134 2034 5190 stridie
2074 5134 2179 5206 τὴν
2239 5134 2459 5203 σύναξιν
2511 5135 2620 5189 ’τῶν
2665 5137 2870 5192 δώδεκα
2921 5139 3250 5195 ἀποστόλων.
3304 5139 3429 5195 Hoc

1846 5242 2010 5297 porro
2030 5226 2299 5294 jejunium
2330 5216 2703 5299 alias-longius
2723 5269 2739 5295 ,
2784 5231 2919 5284 aiias
2950 5233 3288 5289 contractius
3311 5239 3416 5287 est.

1845 5314 2099 5372 Totidem
2138 5318 2280 5371 enim
2314 5319 2524 5374 dierum
2554 5327 2659 5384 est,
2692 5328 2826 5391 quot
2852 5338 2889 5376 a1
2912 5320 3177 5377 Paschate
3206 5323 3273 5378 ad
3305 5330 3417 5378 ter-

1843 5408 1981 5461 tium
2032 5407 2175 5462 diem
2217 5406 2365 5462 Junii
2418 5418 2824 5479 computantur,
2871 5420 2933 5465 ut
2990 5413 3210 5468 Isaacus
3259 5412 3430 5467 docet}

1843 5499 2022 5569 capite
2043 5497 2159 5553 XV.
2194 5498 2330 5554 Nam
2363 5516 2393 5554 a
2416 5499 2685 5555 Paschate
2721 5501 2789 5555 ad
2825 5501 3159 5556 Dominicam
3190 5509 3413 5572 aposto~

1843 5590 2040 5653 lorum,
2069 5589 2186 5645 dies
2215 5602 2343 5645 sunt
2378 5607 2508 5647 Lvu.
2535 5591 2581 5645 A
2607 5592 2771 5646 tertio
2801 5592 2924 5647 Maii
2952 5593 3020 5647 ad
3046 5604 3214 5647 xxvut
3242 5591 3426 5654 Junii,.

1843 5680 1960 5738 dies
1991 5680 2237 5738 totidem.
2270 5683 2451 5749 Quare
2478 5682 2696 5752 dempto
2718 5684 3005 5741 intervallo
3034 5698 3065 5738 a
3095 5683 3261 5742 tertio
3287 5681 3427 5741 Maii!
