3808 6324
447 23 944 32 ~_—-_—
961 26 988 28 _

289 198 492 295 "14t5

1345 226 1436 281 AD
1474 225 1560 280 EU
1571 223 1717 278 SEBl
1734 228 1752 280 .'
1767 214 2166 278 CHRONICON
2212 211 2582 270 APPENDIX.

3470 209 3594 265 1444

353 359 422 412 ad
471 353 815 410 Dominicam
869 349 1271 421 apostolorum,
1320 361 1488 402 unum
1522 345 1772 413 idemque
1805 357 1931 411 spa-
1964 347 2005 402 Α
2036 337 2170 391 Nam
2201 351 2231 389 a
2256 335 2538 391 Dominica
2565 333 2949 404 Sexagesima,
2969 346 3090 402 quae
3105 340 3190 386 est
3210 332 3246 402 ἡ
3275 329 3595 402 ’Δπόκρεως,

355 447 492 500 tium
528 445 635 501 erit
664 460 694 497 a
723 441 989 497 Paschate
1019 440 1086 494 ad
1128 440 1346 494 tertium
1373 436 1540 501 Junii,
1570 435 1717 506 quod
1769 441 1855 489 est
1900 447 1931 484 a

355 535 642 591 Dominica
672 534 778 589 τῶν
802 533 1109 586 ἀποστόλων
1143 531 1210 585 ad
1239 545 1408 584 xxvm
1437 528 1604 582 Junii.

429 625 503 680 Ut
552 625 668 679 haec
703 623 881 677 omnia
921 622 1191 692 superiori
1242 621 1499 675 methodo
1530 618 1769 690 expediri
1806 633 1935 688 pos-

358 716 504 782 sint,
551 714 714 769 unius
758 711 887 766 anni
939 711 1246 784 διαγραφὴν
1288 727 1355 766 ex
1394 709 1686 779 llorologio
1737 723 1936 780 propo-

360 824 580 864 nemus.

431 902 626 964 Ἐτους
671 899 801 972 ,ζμδν
863 897 1186 960 ἰνδικτιῶνος
1245 895 1289 949 Θ’
1317 911 1332 925 ·
1377 895 1525 966 ἡλίου
1575 894 1762 947 κύκλοι
1826 895 1934 964 ιςἰο

361 993 657 1064 φεγγαρίθυ
707 992 894 1046 κύκλοι
936 990 1014 1044 ιδ’.
1083 990 1149 1042 Ἦ
1202 987 1494 1058 παραμονὴ
1540 986 1647 1039 τῶν
1700 985 1936 1056 Χριστοῦ

361 1084 566 1154 γεννῶν
593 1084 775 1156 ἡμέρα
818 1089 907 1148 ς’·
939 1081 1260 1153 κρεωφαγία
1292 1079 1496 1150 ἡμέραι
1535 1079 1633 1142 νζ’.
1667 1078 1740 1130 Τὸ
1779 1077 1941 1150 τριώ-

361 1177 470 1230 διον
499 1177 721 1248 ἄρχεται
745 1173 1090 1246 Φεϐρουαρίῳ
1116 1171 1200 1226 ιϐ’.
1236 1172 1475 1241 Νομικδν
1502 1171 1692 1239 Πάσχα
1720 1169 1940 1240 Ἀπριλ-

363 1271 462 1341 λίῳ
494 1268 558 1322 θ’.
596 1266 933 1336 Χριστιανῶν
986 1265 1176 1334 Πάσχα
1214 1262 1511 1334 Ἀπριλλίῳ
1542 1269 1638 1326 ις’.
1687 1260 1939 1332 Κυριακὴ

364 1358 471 1412 τῶν
537 1358 731 1426 Ἁγίων
779 1357 994 1410 πάντων
1050 1355 1253 1424 Ἰουνίῳ
1295 1360 1397 1405 ta.“
1456 1354 1490 1424 ἡ
1549 1351 1770 1423 νηστεία
1832 1351 1940 1404 τῶν

364 1451 535 1520 ἁγίων
562 1448 897 1511 ἀποστόλων,
922 1447 1127 1519 ἡμέραι
1161 1446 1246 1510 ιζ’.

441 1562 460 1595 ι
491 1543 651 1596 Anno
691 1541 849 1605 70M,
882 1540 1182 1595 indictione
1212 1553 1288 1602 Ix,
1324 1537 1457 1593 solis
1495 1536 1634 1607 cycli
1665 1550 1776 1599 xvi,
1801 1534 1942 1588 luna:

369 1651 480 1700 xiv.
509 1637 842 1704 exspectatio
887 1631 1088 1687 natalis
1115 1631 1338 1698 Christi,
1389 1630 1522 1686 feria
1559 1644 1654 1695 vt,
1692 1629 1938 1682 carnium

367 1694 496 1785 esus
521 1694 715 1782 diebus
744 1741 874 1780 Lvn.
922 1723 1203 1778 Triodium
1258 1694 1451 1794 incipit
1498 1721 1782 1777 Februarii
1825 1735 1937 1774 xix.
1970 1694 2015 1754 Β

371 1819 567 1890 Legale
620 1815 830 1872 Pascha
857 1815 1058 1886 Aprilis
1110 1831 1186 1869 ix.
1243 1814 1678 1870 Christianorum
1735 1810 1944 1865 Pascha

370 1912 574 1982 Aprilis
601 1925 714 1964 xvr.
744 1907 1029 1962 Dominica
1057 1892 1386 1960 Sanctorum
1415 1904 1657 1958 omnium
1688 1901 1834 1956 Junii
1867 1917 1942 1955 xi.

369 2003 646 2074 Jejunium
679 2011 992 2057 sanctorum
1016 1999 1426 2070 Apostolorum,
1460 1996 1578 2050 dies
1604 2011 1766 2049 xvn.»

442 2094 539 2150 Est
572 2093 664 2148 hic
713 2109 892 2148 annus
941 2091 1148 2146 Christi
1201 2090 1360 2155 1536,
1404 2096 1461 2141 ut
1500 2093 1744 2157 apparet,
1791 2086 1836 2141 si
1881 2085 1948 2140 de

376 2186 514 2241 70M
545 2185 887 2240 deducantur
928 2181 1092 2237 5508.
1116 2180 1317 2252 Cyclus
1347 2186 1463 2235 crat
1497 2175 1776 2232 Romanus
1806 2177 1949 2230 sola-

375 2279 454 2333 ris
497 2293 552 2343 v,
614 2277 808 2331 littera:
863 2273 972 2339 BA,
1023 2274 1165 2327 lunae
1199 2289 1309 2326 xiv.
1365 2272 1522 2324 Anno
1574 2267 1946 2331 antecedente,

379 2370 518 2424 1555
562 2369 714 2440 cyclo
749 2366 997 2421 Romano
1025 2382 1080 2420 tv
1108 2365 1292 2418 littera
1315 2371 1433 2418 erat
1457 2360 1497 2416 C
1531 2376 1546 2412 :
1574 2361 1696 2415 ideo
1723 2358 1857 2413 feria
1895 2373 1949 2411 vt

379 2462 691 2518 Decembris
720 2475 869 2515 xxiv.
899 2457 1100 2514 Divisis
1136 2456 1274 2510 70M
1320 2471 1416 2527 per
1457 2460 1828 2524 competentes
1859 2465 1954 2521 cy-

378 2555 516 2618 clos,
551 2552 792 2624 prodibit
820 2551 953 2606 solis
983 2567 1094 2614 xvi,
1132 2551 1274 2604 lunae
1305 2564 1416 2611 xiv,
1461 2553 1667 2616 epactas
1701 2544 1843 2597 lunae
1876 2557 1950 2595 tv.

378 2645 528 2700 Adde
559 2659 626 2698 ιι.
654 2644 792 2707 dies,
825 2650 878 2698 et
919 2641 1180 2704 detractis
1207 2640 1400 2696 diebus
1445 2637 1646 2699 Martii,
1681 2635 1955 2704 relinque-

379 2743 469 2790 tur
516 2751 698 2790 nonus
741 2733 966 2804 Aprilis,
1012 2747 1120 2803 quo
1180 2730 1450 2786 terminus
1499 2727 1783 2782 Paschalis
1831 2725 1951 2780 fuit.

378 2827 785 2885 Concurrentes
805 2833 962 2880 erant
981 2826 1137 2896 cyclo
1157 2825 1290 2880 solis
1319 2822 1534 2877 decimo
1566 2827 1722 2875 sexto
1754 2835 1808 2882 v,
1828 2832 1950 2887 quae

381 2935 506 2974 cum
547 2918 784 2989 regulari
828 2917 1054 2997 Aprilis;
1081 2918 1130 2982 1,
1162 2925 1216 2972 et
1245 2915 1278 2970 9
1300 2915 1512 2980 diebus,
1567 2913 1807 2969 eﬂiciunt
1837 2912 1904 2966 15
1939 2930 1953 2965 :

380 3009 642 3065 detractis
675 3008 706 3061 7
731 3008 949 3064 residua
979 3014 1063 3062 est
1090 3006 1225 3062 feria
1265 3008 1462 3078 prima,
1489 3005 1542 3058 in
1573 3019 1734 3074 quam
1767 3004 1956 3058 termi-
1985 3044 2027 3101 C

382 3118 488 3158 nus
540 3102 754 3158 incidit.
793 3100 919 3156 ldeo
962 3100 1174 3156 Pascha
1231 3106 1583 3170 prorogatum
1630 3103 1715 3152 est
1765 3095 1821 3149 in
1868 3112 1957 3150 xvi

381 3193 606 3263 Aprilis.
637 3190 754 3246 Jam
798 3193 846 3247 si
889 3193 956 3248 de
985 3191 1191 3263 Aprilis
1227 3207 1316 3244 xvi
1347 3189 1459 3255 die,
1499 3188 1553 3243 id
1585 3197 1670 3244 est
1692 3188 1759 3244 de
1788 3189 1889 3244 107
1929 3205 1961 3244 a

384 3283 641 3340 Kalendis
688 3282 967 3339 Januariis
1023 3282 1158 3353 (fuit
1213 3283 1360 3337 enim
1418 3280 1688 3336 bisextilis
1741 3281 1959 3351 annus)

387 3377 678 3433 subtrahas
733 3377 821 3444 57,
845 3376 1222 3446 relinquentur
1255 3374 1344 3437 50,
1377 3372 1492 3428 sive
1535 3369 1823 3427 Februarii
1871 3387 1962 3426 xix

387 3470 524 3536 dies,
555 3470 699 3541 quod
733 3468 1015 3523 Dominica
1047 3469 1082 3539 ἡ
1126 3465 1436 3537 Ἀπόκρεως
1461 3465 1709 3536 contigit.
1739 3463 1786 3517 A
1819 3464 1966 3519 vice-

389 3565 529 3620 sima
558 3564 748 3635 quinta
779 3561 1096 3618 Decembris
1126 3559 1192 3614 ad
1220 3575 1310 3612 xix
1345 3557 1653 3623 Februarii,
1685 3558 1802 3613 dies
1839 3563 1968 3612 sunt

390 3671 536 3713 ινιιε
594 3654 795 3726 quibus
833 3653 1092 3708 carnibus
1134 3649 1285 3706 vesci
1321 3650 1468 3715 licet,
1513 3657 1638 3704 ante
1665 3649 1969 3719 quadrage-

392 3747 583 3802 simale
607 3746 900 3816 jejunium.
931 3743 1084 3798 Adde
1115 3757 1202 3796 Lvi
1233 3741 1352 3796 dies
1397 3739 1465 3793 ad
1501 3739 1821 3795 Paschalem
1863 3739 1970 3795 Do-

393 3839 676 3897 tninicam,
710 3850 834 3905 quae
875 3843 960 3888 est
987 3847 1088 3899 xvt,
1113 3831 1354 3901 Aprilis;
1390 3830 1636 3885 calculus
1668 3828 1883 3884 desinet
1914 3829 1970 3884 in

393 3947 448 3984 ιιι
477 3928 649 3993 Junii,
679 3943 801 3997 quae
842 3927 947 3981 erit
991 3923 1274 3978 Dominica
1329 3921 1677 3980 Sanctorum.
1710 3920 1973 3976 Interval-

395 4021 509 4074 lum
556 4033 589 4072 a
635 4017 901 4073 Paschate
929 4014 997 4070 ad
1045 4030 1106 4070 ιιι
1160 4013 1286 4068 Maii
1320 4014 1438 4070 dies
1482 4028 1620 4081 xvu,
1651 4024 1786 4084 quot
1815 4014 1884 4069 ab
1917 4030 1972 4069 xl

395 4112 542 4168 Junii
579 4111 647 4166 ad
676 4127 867 4166 xxvm.
899 4108 1423 4185 Proinde-jejunium
1457 4109 1830 4178 apostolorum
1855 4108 1973 4164 dies

398 4204 586 4260 habuit
628 4218 761 4258 xvii.

471 4299 675 4354 Praeter
701 4297 817 4350 haec
851 4295 1011 4357 festa,
1045 4308 1166 4363 qua:
1205 4291 1428 4347 mobilia
1458 4302 1743 4355 vocantur,
1770 4308 1978 4348 memo-

401 4403 550 4448 ratur
580 4389 723 4460 apud
745 4388 963 4442 Graecos
992 4387 1026 4457 ἡ
1053 4384 1550 4456 μεσοπεντηκοστή,
1573 4400 1693 4454 quae
1717 4392 1801 4438 est
1829 4385 1974 4439 vice-

399 4488 574 4542 simus
605 4483 828 4554 quintus
879 4479 997 4534 dies
1055 4493 1084 4531 a
1137 4476 1426 4541 Paschate,
1479 4492 1543 4531 ac
1586 4491 1801 4546 semper
1840 4475 1972 4531 feria

399 4582 595 4646 quarta
629 4569 913 4641 contingit.
946 4566 1117 4638 Igitur
1143 4565 1344 4619 additis
1367 4563 1437 4618 24
1461 4563 1529 4617 ad
1558 4563 1702 4618 diem
1726 4562 1972 4623 Paschae,

404 4657 881 4733 μεσοπεντηκοστή
939 4651 1238 4725 proveniet.
1293 4651 1383 4706 Sic
1434 4667 1578 4706 anno
1627 4651 1720 4706 illo
1771 4651 1975 4705 Christi

401 4753 561 4817 i556,
593 4753 641 4808 si
669 4749 735 4804 ad
763 4764 852 4803 xvr
881 4745 1084 4818 Aprilis
1117 4744 1381 4800 accedant
1403 4743 1519 4798 dies
1556 4743 1648 4806 24,
1673 4744 1976 4798 incidemus

403 4847 460 4902 in
503 4864 537 4902 x
562 4844 706 4905 Maii,
739 4857 859 4913 qua:
888 4840 989 4894 fuit
1012 4837 1508 4909 μεσοπεντηκοστή.
1542 4835 1784 4889 Meminit
1815 4835 1977 4902 hujus

405 4938 530 4994 festi
557 4935 866 4993 Chronicon
891 4929 1335 4992 Alexandrinum,
1355 4934 1416 4980 ut
1445 4926 1511 4978 ad
1536 4925 1826 4994 Nicephori
1851 4924 1978 4979 Bre—

405 5030 638 5085 viarium
667 5024 1111 5088 observavimus;
1141 5035 1243 5076 nec
1270 5035 1380 5075 non
1407 5017 1718 5072 Graecorum
1747 5015 1976 5072 Horolo-

409 5123 579 5194 gium.
997 5163 1002 5170 .

479 5214 560 5268 Ad
590 5221 889 5269 extremum
933 5223 1041 5263 non
1085 5213 1167 5260 est
1199 5203 1610 5274 praetereundus
1631 5217 1786 5257 error
1807 5200 1980 5254 Maxi-

409 5308 506 5372 mi,
534 5307 627 5377 qui
673 5311 757 5359 est
800 5302 980 5370 capite
1021 5295 1137 5351 Vlll
1168 5296 1356 5366 prima:
1385 5295 1552 5364 partis
1589 5293 1860 5361 Computi.
1902 5289 1979 5344 lbi

411 5399 555 5453 enim
584 5412 613 5450 a
637 5393 918 5449 Dominica
949 5389 1227 5461 ἀπᾴκρεῳ,
1261 5401 1381 5456 qua:
1403 5396 1453 5440 et
1480 5383 1842 5455 Παρείσόασις
1874 5381 1980 5434 τῶν

415 5491 582 5558 ἁγίων
612 5485 874 5558 νηστειῶν
907 5484 1129 5548 dicitur,
1161 5498 1334 5552 usque
1385 5480 1452 5534 ad
1497 5477 1686 5547 Πάσχα
1739 5475 1980 5540 νομικόν,

417 5587 529 5640 sive
575 5583 640 5637 ad
688 5596 780 5634 xtv
826 5577 1166 5640 Paschalem,
1211 5576 1327 5630 dies
1375 5578 1822 5641 computath.
1869 5566 1984 5622 Hoc

414 5679 578 5734 modo
623 5675 835 5732 Pascha
890 5670 1060 5742 legale
1122 5668 1263 5725 idem
1313 5666 1420 5724 erit
1464 5679 1586 5721 cum
1648 5661 1980 5717 Christiano.

2036 430 2104 483 ad
2136 427 2372 490 Pascha,
2401 427 2520 482 dies
2558 435 2685 480 sunt
2724 441 2856 481 ml.
2886 426 2970 480 Ad
2997 425 3290 478 terminum
3338 438 3466 477 vero
3494 424 3599 478 sive

2035 537 2127 576 xiv
2173 520 2516 585 Paschalem,
2549 520 2822 574 interdum
2867 519 2988 574 dies
3035 525 3164 572 sunt
3210 524 3272 570 ut
3328 517 3598 570 minimum

2033 612 2461 684 quinquaginta,
2497 612 2564 666 ad
2613 625 2887 666 summum
2913 608 3309 680 quinquaginta
3354 622 3471 662 sex.

2613 725 2844 782 CAPUT
2885 723 3022 780 Xlil.

2037 844 2312 900 Methodus
2340 842 2570 910 computi
2604 839 2930 901 Grecorum,
2953 839 3046 910 qui
3063 853 3094 889 α
3120 834 3384 893 Maximo,
3405 831 3598 897 Isauro,

2108 917 2329 983 aliisque
2365 908 2592 983 traditus
2623 921 2722 976 est,
2767 927 2859 980 per
2901 908 3109 962 tabulas
3147 917 3197 960 et
3241 920 3467 958 canones
3519 918 3600 955 e1:-

2105 982 2437 1055 peditissima
2470 982 2720 1035 traditur.

2035 1079 2226 1151 “Non
2286 1077 2428 1142 erit,
2482 1075 2697 1144 opinor,
2732 1074 3003 1144 ingratum
3069 1068 3335 1124 studiosis
3375 1063 3606 1120 historia:

2038 1171 2237 1225 Crazca:
2290 1177 2345 1224 et
2397 1166 2678 1221 annalium
2728 1163 3064 1228 lectoribus;
3115 1174 3313 1230 magno
3354 1169 3502 1211 certe
3546 1155 3606 1208 iis

2037 1260 2354 1331 adjumento
2382 1257 2500 1314 fore
2531 1256 2768 1320 conﬁdo,
2819 1254 2867 1309 si
2902 1269 2968 1308 ex
2998 1253 3068 1308 iis
3099 1251 3374 1312 omnibus,
3405 1262 3524 1318 quae
3548 1245 3608 1299 de

2039 1353 2355 1409 Graecorum
2386 1351 2511 1406 eris
2542 1364 2607 1404 ac
2641 1346 2916 1418 computis
2948 1345 3168 1414 copiose
3209 1343 3478 1396 hactenus
3517 1354 3607 1394 ex-

2038 1446 2385 1518 plicavimus,
2428 1443 2723 1500 methodus
2753 1441 2934 1510 aliqua
2973 1435 3322 1497 conﬁciatur,
3355 1441 3534 1488 certos
3558 1431 3610 1482 in

2041 1556 2278 1596 canones
2308 1538 2562 1603 redacta;
2607 1550 2844 1606 quorum
2877 1531 3133 1603 praesidio
3161 1527 3449 1583 celerrime
3473 1522 3610 1594 quod

2046 1633 2308 1705 quaeritur
2336 1631 2654 1700 investigari
2680 1638 2861 1698 queat.
2888 1624 3169 1695 HujuS'rei
3198 1625 3374 1692 gratia
3404 1617 3614 1671 tabulas

2043 1726 2392 1783 condidimus
2423 1739 2500 1790 γι,
2541 1736 2774 1792 quarum
2825 1721 3087 1774 rationem
3165 1723 3221 1770 et
3253 1727 3416 1769 usum
3443 1710 3615 1765 brevi-

2044 1828 2128 1873 ter
2162 1817 2482 1871 edisseram.
2531 1812 2714 1866 Prima
2752 1809 2923 1864 Graeci
2961 1807 3200 1877 computi
3240 1819 3416 1859 annos
3468 1801 3616 1855 offert

2045 1926 2170 1966 cum
2223 1908 2391 1979 cyclis
2440 1905 2642 1964 tribus.
2692 1918 2813 1973 quae
2850 1910 2935 1955 est
2983 1914 3213 1969 prorsus
3265 1895 3456 1951 eadem
3500 1906 3616 1946 cum

2047 2002 2232 2056 tabula
2262 1998 2470 2069 periodi
2498 1995 2728 2050 Juliana:
2752 1995 2892 2050 libro
2925 1991 3018 2044 VII
3044 1990 3118 2043 De
3150 1988 3396 2042 doctrina
3431 1997 3616 2052 tempo-

2048 2108 2190 2154 rum,
2216 2090 2396 2160 capite
2424 2085 2494 2140 IX
2516 2086 2810 2154 descripta.
2845 2082 3106 2148 Quamvis
3133 2079 3280 2134 enim
3312 2075 3618 2130 Graecorum

2049 2187 2338 2250 computus
2359 2194 2465 2232 non
2495 2177 2566 2231 sit
2600 2175 2896 2230 artiﬁciosa
2937 2172 3198 2243 periodus
3219 2209 3236 2230 ,
3265 2177 3321 2223 et
3355 2167 3424 2221 ad
3455 2166 3613 2220 solam

2050 2274 2332 2344 cyclorum
2372 2267 2686 2324 methodum
2730 2265 3000 2327 instituta,
3029 2265 3106 2318 uti
3136 2261 3356 2314 Juliana
3398 2275 3412 2309 :
3449 2270 3614 2312 tamen

2052 2379 2161 2418 non
2196 2363 2379 2417 minus
2401 2360 2490 2414 ille
2523 2375 2618 2429 per
2640 2358 2825 2429 cyclos
2852 2357 3090 2426 integros
3117 2353 3352 2408 divisus.
3381 2351 3615 2420 pmprios

2053 2452 2211 2507 oﬂ'ert
2235 2451 2364 2505 anni
2398 2449 2712 2518 cujuslibet.
2742 2446 2927 2516 Itaque
2956 2460 2986 2498 a
3023 2443 3248 2514 periodo
3281 2439 3500 2494 Juliana
3526 2438 3618 2490 hoc

2055 2545 2172 2601 solo
2200 2543 2400 2606 dill‘ert,
2429 2541 2573 2611 quod
2613 2540 2728 2593 haec
2750 2538 2935 2608 cyclos
2963 2536 3093 2591 solis
3114 2574 3130 2599 ,
3173 2535 3353 2596 lunae,
3395 2540 3452 2586 et
3488 2529 3616 2584 indi-

2055 2634 2252 2692 ctionis
2283 2632 2486 2703 praebet
2516 2629 2908 2690 Romanorum,
2959 2640 3024 2680 ac
3066 2623 3268 2678 Juliani
3307 2621 3440 2675 anni
3472 2633 3622 2690 pecu-

2055 2729 2241 2783 liares.
2275 2724 2499 2781 Graccus
2531 2737 2664 2777 vero
2708 2727 2996 2788 computus
3031 2717 3223 2770 saltem
3249 2715 3468 2785 cyclum
3501 2711 3618 2766 solis

2057 2818 2333 2873 diversum
2359 2813 2602 2869 exhibet.
2633 2810 2768 2864 Nam
2800 2804 3206 2861 Alexandrinus
3235 2803 3290 2856 in
3315 2803 3462 2856 luna:
3485 2800 3624 2871 cyclo

2059 2907 2334 2972 convenit,
2368 2903 2723 2959 indictionem
2748 2900 2956 2954 unitate
2976 2897 3243 2951 minorem
3274 2895 3462 2950 habet.
3491 2891 3622 2946 Con-

2061 2999 2607 3069 stantinopolitanus,
2661 2993 2832 3050 solam
2861 2988 3209 3044 indictionem
3255 3000 3384 3039 cum
3424 2983 3626 3037 Juliana

2061 3091 2287 3165 periodo
2324 3100 2666 3144 communem
2697 3083 2874 3154 parit;
2903 3080 3116 3152 cyclum
3144 3078 3289 3131 luna:
3320 3074 3624 3130 Judaicum.

2061 3164 2329 3247 Quocirca
2375 3175 2711 3232 discriminis
2767 3185 2970 3233 causa,
3019 3167 3296 3222 Julianam
3353 3164 3626 3236 periodum

2062 3270 2403 3342 appellamus
2434 3281 2578 3331 eam,
2606 3279 2728 3334 quae
2752 3261 3017 3316 Romanis
3040 3259 3208 3330 cyclis
3231 3257 3404 3312 servit
3446 3273 3460 3309 :
3493 3268 3629 3308 com-

2061 3373 2255 3438 putum
2297 3376 2428 3417 vero
2475 3357 2748 3421 Graecum,
2797 3353 2885 3408 vel
2939 3365 3144 3414 teram,
3188 3363 3303 3403 non
3357 3345 3628 3417 periodum

2062 3457 2432 3513 nominamus.
2483 3448 2735 3506 Secunda
2783 3444 2970 3498 tabula
3019 3442 3235 3513 cyclum
3301 3439 3439 3493 solis
3494 3450 3625 3490 com-

2065 3548 2325 3621 plectitur
2360 3559 2483 3600 cum
2534 3541 2743 3612 epactis
2795 3538 2953 3602 solis,
2991 3534 3107 3589 sive
3151 3527 3630 3589 concurrentibus;

2066 3639 2161 3710 qui
2197 3638 2253 3693 in
2291 3643 2524 3704 utroque
2562 3639 2820 3700 computo
2867 3629 3047 3684 locum
3079 3623 3304 3679 habent.
3329 3621 3630 3690 Adjecimus

2067 3738 2124 3787 et
2147 3727 2511 3784 Dominicales
2536 3725 2767 3788 litteras,
2811 3737 2926 3775 non
2952 3734 3073 3790 quae
3104 3716 3262 3788 cyclo
3300 3713 3466 3769 solari
3497 3711 3630 3765 Grae-

2069 3838 2135 3880 co
2171 3826 2518 3892 congruunt;
2557 3817 2649 3873 sed
2675 3831 2798 3886 qua:
2825 3812 3075 3867 Romano
3112 3802 3628 3873 tribuunturzquod

2070 3930 2136 3970 eo
2179 3912 2432 3973 fecimus,
2488 3917 2548 3965 ut
2592 3908 2658 3962 ad
2692 3922 2812 3963 eam
2858 3903 3030 3961 veluti
3078 3900 3324 3972 regulam
3368 3913 3503 3952 usus
3535 3909 3634 3947 me-

2071 4005 2223 4060 thodi
2275 4003 2556 4074 sequentis
2607 4000 2877 4070 exigatur.
2927 3995 3063 4050 Nam
3121 4002 3183 4046 ut
3233 3991 3344 4046 diei
3408 3987 3635 4057 cujusvis

2073 4094 2208 4150 feria
2240 4110 2336 4165 per
2364 4097 2777 4153 concurrentes,
2809 4095 2864 4142 et
2890 4087 3170 4157 regulares
3199 4083 3423 4136 inventa
3454 4077 3631 4134 fuerit;

2073 4162 2290 4255 probari
2321 4199 2418 4254 per
2447 4179 2836 4236 Dominicalem
2871 4177 3106 4231 litteram
3141 4171 3385 4233 debebit,
3417 4185 3485 4223 ne
3517 4162 3632 4236 quid

2073 4275 2276 4331 en'oris
2305 4273 2629 4343 obrepserit.
2661 4268 2867 4323 Tabula
2902 4267 3060 4322 tertia
3089 4273 3315 4335 epactas
3341 4269 3633 4316 menstruas

2004 4399 2048 4454 Β
2077 4367 2231 4430 solis,
2290 4365 2403 4418 sive
2453 4363 2731 4432 regulares
2771 4359 2924 4413 dabit
2955 4358 3011 4411 in
3055 4355 3341 4410 mensibus
3366 4349 3588 4407 Julianis
3617 4365 3629 4399 :

2077 4472 2215 4528 quos
2243 4455 2460 4526 quidem
2494 4453 2772 4522 regulares
2808 4451 2883 4503 ita
2915 4448 3311 4518 disposuimus,
3363 4452 3424 4497 ut
3461 4441 3632 4496 eodem

2078 4550 2234 4604 initio
2273 4550 2491 4615 utrique
2538 4549 2793 4612 computo
2822 4540 3127 4612 proposito,
3174 4539 3436 4592 nimirum
3472 4535 3536 4588 ab
3557 4531 3634 4584 Ja-

2077 4641 2304 4704 nuario;
2359 4638 2592 4692 varietas
2648 4635 2737 4687 illa
2777 4632 2998 4694 vitetur,
3045 4644 3168 4698 quae
3211 4629 3268 4680 in
3321 4624 3555 4686 Maximi,
3590 4629 3634 4674 et

2078 4732 2249 4788 lsaaci
2281 4728 2534 4784 methodo
2564 4728 2825 4781 cernitur.
2884 4721 2942 4776 In
2979 4729 3228 4791 quartam
3280 4719 3520 4772 tabulam
3555 4728 3635 4782 cy.

2080 4827 2224 4880 clum
2260 4825 2422 4886 lunae,
2465 4835 2589 4874 cum
2619 4816 2824 4886 epactis
2847 4813 3065 4867 Maximi
3111 4821 3166 4865 et
3214 4809 3391 4864 lsaaci
3420 4804 3634 4874 conjecio

2079 4936 2202 4975 mus
2255 4936 2268 4971 ε
2315 4931 2417 4970 nec
2468 4928 2580 4966 non
2624 4907 2920 4962 Paschales
2965 4904 3233 4958 terminos
3283 4909 3339 4956 et
3383 4900 3632 4969 regulares

2081 5012 2318 5072 dierum,
2363 5009 2419 5061 in
2472 5019 2609 5074 quos
2646 4999 2897 5054 incidunt
2934 4996 3173 5051 termini.
3217 4993 3424 5064 Cyclus
3454 4987 3632 5044 lunaris

2080 5103 2291 5175 primus
2329 5100 2383 5153 in
2427 5095 2597 5152 Isaaci
2627 5098 2908 5161 computo,
2942 5089 3056 5143 sive
3097 5081 3629 5153 Constantinopolita-

2081 5211 2175 5260 no,
2203 5199 2433 5262 quartus
2479 5195 2564 5242 est
2594 5183 2732 5254 cycli
2763 5181 3019 5246 Romani,
3065 5193 3228 5248 quem
3265 5175 3512 5230 eumdem
3535 5181 3635 5224 esse

2081 5286 2370 5340 docuimus
2419 5293 2543 5333 cum
2572 5275 2727 5346 cyclo
2755 5273 2977 5326 Maximi
3029 5278 3084 5324 et
3131 5268 3633 5323 Alcxandrinicom-

2083 5376 2220 5449 puti.
2257 5375 2466 5429 Idcirco
2494 5367 2852 5423 termiuorum
2909 5363 3125 5417 diversa
3171 5361 3348 5415 series
3393 5356 3634 5411 instituta.

2083 5445 2285 5532 Quinta
2339 5463 2523 5516 tabula
2573 5459 2854 5527 regulares
2911 5454 3159 5508 continet
3223 5445 3634 5504 accommodatus

2086 5561 2302 5628 utrique
2349 5558 2638 5622 computo,
2693 5548 2771 5602 sic
2806 5557 2867 5600 ut
2905 5546 3046 5599 idem
3081 5542 3150 5596 ad
3181 5542 3398 5596 initium
3427 5530 3634 5593 Januarii

2085 5624 2360 5708 facilitatis
2388 5659 2554 5702 causa
2581 5640 2910 5697 referantur.
2945 5638 3113 5693 Sexta
3156 5635 3396 5703 denique
3419 5624 3636 5700 periodos
