3808 6322
274 219 282 223 ’
375 242 513 302 1447

483 363 686 420 Tabula
729 359 768 419 V
795 366 1114 437 regularium
1148 366 1285 418 (ante
1311 367 1367 417 in
1397 373 1614 423 utroque
1659 363 1832 432 cyclo.

1564 477 1872 544 Regulares

981 477 1278 547 Regnlares
1564 477 1774 544 Regula

1003 549 1241 601 Maximi.
1606 547 1774 601 Isaaci

1003 549 1241 601 Maximi.

376 655 670 710 Ianuarius
1074 659 1140 711 10

377 725 702 781 Februarius
1073 730 1134 781 11

375 797 606 852 Martius
1074 799 1141 851 10

376 911 575 979 Aprilis

378 981 550 1034 Maius

373 1049 566 1106 Junius

372 1163 550 1219 Julius

374 1237 649 1303 Augustus

376 1304 694 1376 September

374 1416 609 1470 October

373 1485 674 1540 November

376 1557 673 1612 December

1124 914 1159 965 0

1125 982 1152 1035 1

1121 1051 1158 1104 2

1116 1165 1152 1218 5

1115 1234 1152 1288 4

1113 1305 1150 1360 6

1116 1415 1152 1472 6

1116 1487 1153 1542 8

1115 1557 1153 1614 8

1710 659 1744 712 0

1713 732 1735 780 1

1707 798 1742 852 0

1709 914 1733 966 1

1704 985 1741 1037 2

1706 1052 1742 1107 5

1701 1165 1740 1220 β.

1705 1237 1740 1290 5

1704 1305 1739 1360 7

1699 1416 1736 1473 7

1699 1487 1736 1546 9

1697 1561 1732 1618 0

1662 1559 1691 1616 1

609 1885 924 1944 CANONES
956 1879 1356 1953 UTRIUSQUE
1393 1886 1718 1947 COMPUTI.

374 1996 553 2052 Canos
611 1999 648 2051 Ι.
724 1998 1002 2063 Proposito
1073 1997 1302 2066 quolibet
1371 2015 1510 2052 anno
1573 1998 1949 2055 Alexandrina:

445 2085 567 2124 trra:
590 2109 604 2130 ,
639 2069 715 2121 vel
745 2068 1386 2137 Constantinopolitanw,
1435 2069 1608 2139 cyclos
1658 2071 1772 2139 ejus
1826 2088 1950 2140 pro-

442 2142 584 2203 prius
621 2154 945 2208 cognoscere.

445 2253 731 2320 Quaeratur
783 2251 1027 2321 proxime
1079 2251 1259 2304 minor
1309 2267 1378 2306 ex
1426 2251 1612 2306 tabula
1663 2254 1838 2322 prima
1892 2256 1948 2310 in

374 2346 703 2402 centenariis
764 2355 820 2398 et
881 2343 1247 2408 millenariis,
1323 2344 1511 2414 eisque
1575 2352 1950 2415 competentes

373 2439 511 2510 cycli
551 2437 882 2491 adnotentur
913 2436 1068 2498 solis,
1097 2435 1240 2488 lunae
1270 2443 1324 2489 et
1355 2436 1709 2504 indictionis;
1752 2439 1948 2509 reliqui

373 2531 568 2587 deinde
611 2547 677 2585 ex
726 2529 1022 2584 decadibus
1071 2530 1447 2598 suppleantur.
1481 2529 1622 2584 Tum
1664 2533 1803 2602 cycli
1837 2533 1950 2586 sin-

371 2624 480 2693 guli
509 2624 563 2676 in
595 2637 696 2677 suo
725 2622 932 2690 quique
967 2635 1167 2690 genere
1205 2621 1553 2690 colligantur.
1595 2620 1807 2686 Quibus
1853 2623 1951 2676 ad-

371 2722 574 2768 dantur
601 2714 980 2778 excurrentes,
1011 2713 1056 2766 si
1083 2713 1174 2782 qui
1213 2714 1515 2780 supersint,
1542 2715 1685 2768 ultra
1711 2714 1948 2770 decadas

372 2806 606 2861 numeri.
639 2807 716 2864 lta
747 2805 878 2859 ﬁent
909 2805 1048 2876 cycli
1084 2805 1290 2874 proprii
1317 2805 1449 2858 anni
1481 2805 1662 2869 illius,
1694 2806 1786 2874 qui
1813 2821 1944 2874 pro-

373 2899 624 2968 ponitur,
670 2897 934 2952 detractis
976 2897 1046 2951 de
1080 2908 1332 2961 summa,
1369 2896 1552 2967 quoad
1578 2904 1772 2967 potes,
1813 2897 1952 2952 inte-

378 2991 493 3060 gris
525 2989 721 3059 cyclis.

447 3080 754 3149 Exemplum
778 3100 790 3134 :
812 3091 928 3136 esto
943 3096 1119 3134 annus
1137 3080 1206 3134 ab
1221 3079 1428 3134 Adamo
1452 3080 1691 3150 computi
1718 3080 1921 3134 Alexan
1938 3110 1953 3121 -

1355 239 1445 296 AD
1484 237 1752 296 EUSEBII
1781 237 2176 296 CHRONICON
2230 227 2594 294 APPENDIX.

3488 230 3620 288 No8

2206 358 2424 412 Tabelta
2459 357 2529 411 VI
2559 354 2893 424 periodorrtm
2949 351 3459 406 Victorinianarum.

2405 497 2675 573 Numerus
3100 495 3239 573 Anni
3263 563 3291 573 ν.

2359 567 2724 637 periodorum.
3080 567 3297 619 collecti

2519 677 2546 729 1
3109 674 3216 728 552

2517 747 2552 798 2
3075 746 3215 798 1061

2517 817 2552 870 5
3075 817 3100 868 1
3111 816 3214 870 596

2512 908 2548 960 4
3073 907 3215 960 2128

2513 971 2550 1033 5
3073 978 3215 1030 2660

2513 1047 2551 1104 6
3075 1046 3215 1100 5192

2518 1139 2555 1194 Ί
3074 1139 3216 1192 5724

2516 1211 2552 1265 8
3073 1209 3216 1262 4256

2513 1280 2550 1336 9
3073 1281 3217 1333 4788

2481 1374 2547 1430 10
3071 1373 3213 1425 5320

2477 1445 2539 1499 11
3074 1443 3214 1496 5⁵52

2476 1515 2546 1569 12
3073 1514 3214 1567 6581

2480 1605 2550 1660 15
3070 1602 3211 1658 6916

2480 1675 2549 1728 14
3073 1674 3210 1726 7448

2479 1747 2549 1800 15
3072 1743 3212 1798 7980

2051 1908 2174 1953 ara:
2211 1901 2539 1956 Cnristianaz
2580 1903 2814 1972 primum
2848 1901 2903 1954 in
2939 1893 3309 1953 Alexandrina
3359 1895 3622 1951 numerari

2055 1991 2232 2056 5495;
2266 1993 2320 2046 in
2347 1995 2948 2064 ConstantinOpolitana
2973 1991 3145 2059 5509;
3180 1991 3406 2046 tertium
3429 2032 3443 2054 ,
3485 1990 3620 2044 Con-

2053 2084 2601 2154 stantinopolitanam
2653 2102 2817 2140 azram
2878 2099 3140 2155 superare
3189 2085 3423 2148 alteram
3477 2083 3622 2136 annis

2049 2189 2164 2228 xw.
2217 2173 2402 2246 Itaque
2430 2179 2473 2232 si
2502 2177 2570 2231 ad
2602 2193 2804 2231 annum
2839 2193 3224 2248 quemcunqu
3257 2193 3384 2232 uerae
3414 2177 3628 2231 Alexan:

2050 2264 2242 2327 drinaa,
2267 2267 2496 2338 ejusque
2521 2271 2706 2338 cyclos
2738 2281 2835 2340 per
2870 2287 2885 2323 ι
2933 2285 3199 2326 canonem
3230 2271 3515 2334 collectos,
3539 2269 3624 2322 ad-

2051 2356 2151 2410 das
2183 2356 2250 2410 16
2270 2398 2284 2421 ,
2316 2357 2516 2413 elﬁcies
2551 2375 2748 2423 annos,
2795 2361 3089 2431 cyclosque
3119 2360 3623 2430 Constantinopoli-

2051 2453 2228 2513 tanae;
2261 2447 2510 2504 deductis
2535 2451 2761 2520 integris
2788 2452 3000 2522 cyclis;
3037 2461 3150 2517 aut,
3179 2453 3224 2506 si
3255 2456 3522 2523 praecisus
3560 2453 3624 2506 sit

2051 2539 2317 2605 calculus,
2351 2542 2481 2595 totis
2515 2543 2648 2611 ipsis
2683 2545 2983 2613 assumptis
3008 2585 3022 2607 ,
3086 2554 3351 2615 tanquam
3393 2547 3521 2599 anni
3567 2547 3624 2597 il-

2053 2629 2160 2682 lius
2191 2631 2446 2700 propriis.
2479 2630 2556 2685 EI
2592 2633 2769 2701 primo
2817 2636 3090 2704 sequitur,
3125 2645 3182 2688 ut
3217 2648 3398 2690 annos
3432 2637 3626 2706 primos

2053 2722 2338 2776 amborum
2371 2735 2755 2794 computorum
2809 2727 2866 2780 in
2915 2726 3133 2782 Juliana
3170 2730 3405 2798 periodo
3449 2730 3627 2799 depre-

2054 2813 2284 2879 hendas,
2317 2825 2574 2886 oportere
2596 2817 2663 2870 ad
2696 2818 2980 2888 periodum
3014 2830 3332 2875 currentem
3371 2823 3628 2892 integram

2053 2905 2213 2958 aliam
2241 2907 2654 2962 accommodare
2684 2923 2952 2962 annormn
2995 2908 3150 2963 7980.
3201 2911 3399 2963 Annus
3435 2907 3626 2978 periodi

2052 2991 2284 3048 Julianm
2315 2996 2456 3050 4714
2485 3006 2570 3052 est
2620 3015 2802 3055 annus
2838 3017 2850 3054 I
2885 3017 3008 3055 atrae
3036 3000 3406 3070 Christianae;
3441 3004 3625 3071 adjun-

2055 3091 2142 3138 cta
2175 3086 2383 3156 integra
2414 3091 2639 3158 periodo
2666 3093 3000 3162 colliguntur
3025 3095 3154 3148 anni
3190 3095 3390 3150 12694.

373 3173 517 3227 drini
573 3173 750 3237 7054,
799 3173 1393 3242 Constantinopolitani
1444 3187 1577 3226 vero
1636 3172 1795 3227 7050.
1835 3170 1950 3227 Hoc
1979 3181 2025 3242 ο
2125 3173 2222 3234 llis
2265 3180 2693 3246 animadversis,
2743 3186 2790 3237 si
2839 3201 3015 3240 annus
3045 3185 3267 3244 Graecus
3321 3189 3630 3259 propositus

374 3266 536 3322 modo
558 3267 785 3339 colliges
817 3268 1004 3340 cyclos
1036 3267 1348 3336 utriusque.

922 3375 986 3432 In
1021 3376 1404 3432 Alexandrino.

1081 3469 1232 3540 Cycli

955 3560 1098 3617 Solis
1139 3564 1302 3616 Lunae
1340 3560 1536 3614 lndict.

713 3649 843 3705 7000
993 3652 1062 3706 21»
1205 3652 1237 3705 8
1407 3651 1475 3704 10

751 3724 818 3775 50
1030 3722 1066 3774 2
1175 3722 1237 3774 11
1409 3721 1478 3774 15

752 3792 787 3845 4
1034 3790 1070 3844 4
1209 3790 1244 3842 4
1417 3791 1452 3843 4

660 3865 884 3917 Summa
1031 3860 1067 3915 6
1209 3859 1245 3914 4
1417 3861 1485 3914 1ι1

802 3972 865 4025 lu
917 3971 1522 4044 Constantinopolitano.

1073 4064 1236 4136 ;Cycn

960 4155 1104 4212 Solis
1141 4156 1308 4213 Luna:
1343 4155 1534 4217 lndict.

712 4242 849 4302 7000
988 4248 1060 4302 28
1202 4250 1237 4304 8
1409 4251 1478 4305 10

782 4319 852 4373 50
991 4319 1062 4371 22
1169 4319 1238 4373 12
1445 4322 1494 4388 5;

665 4385 889 4443 Summa
993 4388 1065 4443 22
1209 4390 1234 4442 1
1409 4392 1480 4446 15

444 4493 601 4557 Anno
634 4519 761 4573 ergo
787 4502 1168 4558 Alexandrina:
1215 4505 1524 4574 $33,703!
1588 4501 1782 4579 cyclds
1829 4511 1950 4562 erat

377 4596 508 4650 soFis
539 4612 614 4661 vr,
649 4595 789 4648 lunae
854 4611 926 4661 Iv,
982 4595 1207 4650 indictio
1255 4612 1384 4660 xw,
1443 4597 1950 4668 Constantinopoli—

377 4695 537 4741 tanus
570 4701 696 4740 vero
718 4686 856 4740 7050
889 4686 1079 4741 habuit
1126 4687 1257 4741 solis
1289 4689 1501 4759 cyclum
1549 4705 1683 4754 xxii,
1729 4693 1870 4745 luna:
1908 4707 1948 4756 ι,

362 4778 728 4849 jndictionem
765 4795 852 4832 xv.

372 4882 652 4960 Cnosll.
699 4887 855 4968 Edito
893 4891 1121 4968 quolibet
1171 4911 1321 4968 anno
1361 4899 1633 4968 utriusque
1678 4901 1947 4968 computi,

444 4967 763 5036 nos-sequam
783 4962 952 5036 situm
984 4962 1169 5017 habeat
1202 4967 1256 5018 in
1284 4963 1507 5020 Iuliana
1547 4962 1815 5036 'periodo',
1871 4962 1948 5024 vel

445 5043 554 5107 τες-α
597 5029 794 5107 Christi
831 5032 1102 5099 Romana,
1159 5044 1209 5088 et
1257 5036 1442 5106 quibus
1490 5029 1651 5107 cyclis
1692 5029 1949 5095 Romanis

446 5098 664 5167 affectus
696 5101 787 5155 sit.

443 5208 574 5264 Tria
606 5211 872 5282 imprimis
914 5215 1254 5271 observanda
1293 5227 1422 5273 sunt
1458 5239 1471 5273 :
1506 5219 1744 5289 primum
1782 5233 1951 5277 εει-ατη

373 5306 662 5370 utramque
691 5301 1002 5358 Graecorum
1036 5306 1104 5358 ab
1132 5307 1339 5362 Adamo
1367 5309 1434 5362 ad
1463 5325 1666 5364 annum
1704 5313 1944 5381 primum

376 5405 496 5444 terte
516 5391 836 5448 Christiana:
860 5433 876 5456 ,
931 5395 1194 5451 excedere
1221 5414 1489 5451 summam
1522 5415 1791 5453 annorum
1848 5415 1944 5470 pe—

379 5479 517 5535 riodi
562 5481 824 5547 Julianm,
877 5487 970 5556 qui
1020 5489 1084 5541 ad
1136 5505 1298 5544 :eram
1351 5489 1595 5543 eamdem
1655 5499 1939 5560 putantur.

380 5570 743 5628 Alexandrina
775 5590 881 5629 aera
909 5577 1188 5646 periodum
1209 5579 1483 5634 Julianam
1511 5582 1812 5649 superabat
1837 5597 1941 5635 an-

381 5661 466 5718 nis
493 5664 615 5728 779,
647 5667 1246 5740 Constantinopolitana
1285 5671 1421 5738 795;
1452 5673 1704 5739 alterum,
1734 5688 1938 5727 annum

2051 3271 2228 3339 major
2256 3272 2327 3325 sit
2355 3272 2455 3327 779
2490 3273 2543 3327 in
2581 3289 2691 3328 tera
2723 3275 3126 3342 Alexandrina,
3161 3279 3430 3334 detractis
3463 3279 3530 3333 de
3567 3296 3622 3333 eo

2050 3354 2177 3424 779,
2211 3361 2359 3431 quod
2406 3364 2674 3433 reliquum
2722 3374 2807 3419 est
2851 3367 3001 3420 dabit
3052 3383 3260 3422 annum
3303 3370 3516 3440 periodi
3545 3369 3624 3424 Ju-'

2052 3452 2229 3515 lianae,
2257 3453 2346 3507 cui
2377 3456 2690 3524 respondet.
2719 3455 2779 3510 In
2805 3456 3430 3529 Constantinopolitana
3470 3479 3590 3517 vero
3610 3502 3624 3524 .

2051 3544 2300 3613 prodibit
2338 3545 2600 3602 detractis
2640 3547 2776 3614 795;
2829 3551 3052 3604 residuo
3082 3553 3269 3622 itaque
3299 3570 3403 3623 per
3430 3556 3519 3615 28.
3550 3555 3620 3613 t9,

2051 3646 2106 3692 et
2130 3638 2196 3691 l5
2223 3639 2450 3704 tributo,
2477 3640 2754 3697 Romanos
2781 3645 2963 3714 cyclos
2995 3647 3296 3701 obtinebis.
3328 3647 3428 3703 Sin
3463 3651 3624 3704 minor

2051 3737 2136 3782 est
2159 3743 2338 3784 annus
2363 3733 2676 3801 propositus
2726 3748 2886 3801 quam
2921 3734 3020 3788 779
3042 3776 3056 3798 ,
3113 3745 3210 3790 aut
3243 3738 3351 3793 795
3381 3757 3396 3802 ;
3465 3740 3628 3808 adjice

2053 3819 2120 3871 ad
2148 3834 2348 3875 annum
2377 3823 2801 3877 Alexandrinum
2834 3825 2962 3878 7201
2989 3868 3006 3891 ,
3042 3827 3109 3881 ad
3136 3831 3611 3902 Constantinopoli

2051 3918 2265 3975 tanum,
2297 3913 2434 3968 7l85
2466 3933 2480 3967 :
2513 3916 2740 3970 exsistet
2769 3929 2947 3972 annus
2979 3921 3188 3987 periodi
3230 3921 3466 3977 Iuliana:
3512 3938 3622 3994 pro-

2054 4001 2263 4070 lepticze
2307 4012 2361 4057 et
2399 4007 2801 4078 antecedentis;
2835 4027 2942 4081 quo
2969 4028 3066 4081 per
3087 4015 3275 4085 cyclos
3301 4025 3416 4070 tres
3439 4017 3622 4078 diviso,-

2052 4095 2198 4164 quod
2233 4097 2380 4152 voles
2421 4103 2751 4168 assequeris.

2125 4187 2340 4242 Annum
2369 4206 2528 4259 porro
2561 4192 2767 4247 Christi
2801 4194 3073 4250 labentem
3103 4196 3308 4253 ellicies
3349 4201 3404 4253 in
3432 4201 3624 4254 utrm-is

2052 4290 2194 4342 tera,
2236 4280 2282 4334 si
2317 4281 2384 4334 de
2411 4281 2777 4338 Alexandrina
2803 4286 3080 4344 subducas
3131 4291 3310 4359 5499.;
3366 4294 3435 4348 de
3493 4293 3622 4348 Conv

2055 4371 2562 4440 stantinopolitana,
2592 4375 2774 4431 5508.‘

2123 4459 2440 4531 Exemplum
2491 4483 2503 4518 :
2544 4482 2720 4522 annus
2751 4471 3130 4525 Alexandrinae
3167 4487 3292 4527 arras
3319 4473 3482 4538 7051,
3509 4476 3620 4529 Sub-

1981 4547 2028 4605 D
2056 4552 2234 4606 ductis
2270 4554 2400 4618 779,
2432 4564 2518 4612 est
2557 4559 2736 4624 6255;
2770 4563 3018 4618 deductis
3042 4574 3223 4617 autem
3259 4565 3403 4619 5452
3432 4576 3515 4620 est
3536 4582 3620 4619 an-

2055 4660 2159 4698 nus
2187 4644 2388 4700 Christi
2421 4650 2664 4719 vulgaris
2692 4654 2849 4708 1542.
2887 4653 2978 4708 Sic
3018 4670 3197 4708 annus
3235 4653 3609 4709 Constantino-

2053 4736 2327 4804 politanus
2356 4738 2518 4804 7050,
2548 4743 2742 4798 ablatis
2776 4744 2876 4798 795
2903 4787 2916 4807 .
2971 4745 3235 4815 relinquit
3283 4747 3458 4813 69.35;
3507 4747 3619 4801 sub-

2051 4828 2242 4879 tractis
2270 4827 2408 4882 5508
2435 4870 2448 4892 ,
2488 4831 2728 4900 reliquos
2780 4833 2911 4886 facit
2965 4836 3102 4889 1512
3143 4837 3395 4893 Christi:
3441 4842 3618 4910 quibus

2051 4927 2426 4987 competentes
2465 4925 2650 4993 cyclos
2681 4941 2864 4988 erues,
2895 4927 2940 4980 si
2971 4943 3144 4983 annos
3170 4929 3410 4988 Julianze
3433 4933 3616 5004 periodi

2050 5007 2301 5066 conferas
2326 5013 2382 5065 in
2404 5013 2641 5069 tabulam
2673 5016 2712 5080 l,
2741 5017 3002 5072 nimirum
3039 5020 3144 5075 hoc
3177 5024 3368 5079 modo.

2641 5127 2782 5184 Solis
2821 5128 2990 5184 Luna:
3023 5129 3222 5188 lndict.

2371 5214 2512 5271 6000
2694 5221 2727 5274 8
2836 5221 2904 5274 15
3077 5224 3148 5276 15

2408 5286 2516 5360 suo
2665 5290 2725 5360 A4
2833 5293 2903 5343 to
2996 5291 3000 5296 ·
3111 5295 3146 5360 5

2443 5358 2514 5410 50
2656 5358 2734 5412 22
2837 5361 2905 5413 12
3113 5358 3147 5416 5

2483 5423 2517 5480 5
2699 5430 2732 5483 5
2871 5431 2910 5484 5'
3111 5433 3146 5486 5

2335 5494 2558 5550 Summa
2676 5499 2732 5551 11
2878 5502 2915 5553 4
3083 5503 3153 5556 15

2121 5581 2286 5654 Igitur
2338 5602 2479 5640 anno
2540 5590 2759 5658 utrique
2801 5586 2992 5648 Graeco
3021 5600 3323 5654 respondet
3356 5599 3610 5658 Romanus

2050 5678 2236 5748 cyclus
2259 5694 2310 5732 ιι
2339 5680 2480 5734 luna:
2509 5697 2579 5746 iv,
2617 5682 2810 5736 indict.
2851 5700 2944 5741 xv.
