3808 6334
144 264 309 342 itis“

1085 278 1537 338 DISSERTATIO
1579 276 1664 332 DE
1704 274 2111 334 CBJECORUM
2154 279 2359 335 ASRIS.

3178 311 3188 317 -
3232 280 3371 338 1450

210 401 455 465 Rursus,
502 399 643 456 scire
667 399 791 456 volo
814 408 1018 471 quotus
1060 400 1225 453 trium
1277 397 1552 471 eyelorum
1582 394 1698 449 Ro-
1728 400 1772 454 Α
1801 408 1938 463 opus
1995 403 2109 458 est,
2146 397 2357 468 integro
2392 412 2620 453 numero
2666 398 2769 464 15;
2814 396 3099 468 'reliquum
3144 398 3250 453 duc
3311 401 3366 453 in

143 507 427 546 manorum
477 503 741 561 congruat
785 491 945 546 annis
1002 491 1193 561 primis
1236 504 1359 545 acra:
1396 488 1701 557 utriusque.

1806 485 1963 548 1064,
1990 493 2045 540 et
2070 485 2144 540 ad
2181 503 2450 543 summam
2488 487 2665 557 adjice
2698 486 2845 557 quod
2879 485 3150 557 superfuit
3176 487 3243 543 de
3272 504 3387 551 no-;

142 585 308 639 Aul‘er
340 599 515 639 annos
547 552 686 638 5495
743 582 810 638 de
871 552 1043 637 12694
1073 621 1090 647 ,
1142 581 1480 651 relinquetur
1528 552 1706 635 annus
1782 552 2028 649 lvissima
2054 579 2322 634 divisione
2364 595 2459 649 per
2481 552 2606 635 552.
2642 552 2798 646 Quod
2850 581 2898 636 si
2934 552 3147 636 summa
3194 581 3385 651 major.

146 676 300 731 7201.
333 675 501 747 Igitur
554 690 729 730 annus
772 674 985 746 primus
1029 689 1150 729 aera:
1193 672 1574 727 Alexandrina:
1622 682 1707 727 est

144 767 371 823 Julianze
405 769 612 839 periodi
645 767 819 832 7202,
872 768 963 821 cui
1010 782 1106 836 per
1159 781 1423 821 canonem
1472 767 1706 836 primum

145 861 372 915 debetur
396 861 582 928 cyclus
605 861 738 916 solis
766 875 839 924 vr,
872 860 1016 913 luna:
1054 873 1092 922 ι,
1131 858 1359 912 iudictio
1390 873 1451 911 II.
1484 856 1612 912 Item
1642 857 1709 911 de

124 952 318 1008 .12694
351 952 601 1008 deductis
630 952 799 1019 5509,
839 960 1052 1008 restant
1101 952 1256 1007 7185.
1314 950 1484 1021 Igitur
1531 965 1708 1005 annus

145 1045 353 1117 periodi
387 1043 612 1099 Iuliana:
642 1045 776 1100 7186
808 1056 892 1101 est
942 1047 1152 1116 primus
1181 1059 1302 1100 mra:
1329 1042 1712 1099 Constantino-

147 1138 419 1208 politanae.
464 1136 596 1204 Quae
642 1138 869 1209 proinde
899 1142 1062 1210 cmpit
1089 1139 1338 1194 Romano
1366 1136 1521 1209 cyclo
1569 1137 1709 1192 solis

148 1246 298 1292 xvui,
328 1230 472 1286 luna:
502 1247 576 1294 iv,
603 1230 914 1286 indictionis
942 1247 974 1287 ι.

215 1322 295 1377 Ex
338 1323 423 1379 bis
467 1322 847 1394 compendium
881 1324 1110 1380 canonis
1168 1324 1345 1379 oritur
1400 1320 1706 1390 ejusmodi:

148 1415 368 1470 invento
390 1416 542 1487 cyclo
570 1416 702 1472 solis
736 1432 859 1473 serae
890 1415 1269 1472 Alexandrina:
1293 1414 1438 1470 adde
1474 1414 1528 1480 5,
1556 1414 1709 1485 cyclo

149 1509 292 1560 lunae
321 1507 378 1574 0,
408 1506 692 1562 indictioni
726 1506 753 1562 1
782 1526 795 1562 :
820 1507 1088 1564 obtinebis
1113 1505 1390 1563 Romanos
1412 1506 1556 1562 illius
1582 1506 1711 1559 anni

149 1598 377 1669 cyclos;
410 1596 1021 1670 Constantinopolitanae
1051 1614 1180 1655 vero
1213 1599 1381 1670 cyclis
1413 1598 1573 1663 adde,
1617 1613 1710 1652 so-

151 1691 251 1744 lari
278 1691 382 1755 17,
417 1690 595 1745 lunari
623 1692 677 1758 3,
711 1676 995 1746 indictioni
1028 1694 1097 1755 υ,
1138 1700 1200 1746 ιιι
1226 1692 1340 1746 haec
1380 1691 1577 1746 tabella
1609 1690 1709 1745 do-

1806 679 1889 726 est
1919 687 2082 741 quam
2116 671 2274 735 7980,
2314 672 2458 727 hunc
2500 673 2680 743 ipsum
2712 688 2998 728 numerum
3040 689 3104 728 ex
3138 673 3230 727 illa
3279 673 3386 745 dem,

1808 765 1981 821 trahe.
2014 763 2092 820 Ita
2125 765 2212 821 lict
2246 781 2422 820 annus
2452 766 2577 829 ille,
2612 766 2705 836 qui
2742 766 3058 837 requiritur,
3086 781 3151 819 ex
3183 780 3294 834 quo
3316 765 3387 818 in:

1806 855 2020 911 Iuliana
2042 856 2266 927 periodo
2297 859 2576 929 praprium
2614 873 2817 912 annum
2862 858 3010 912 illius
3035 857 3368 928 assequeiis.

1877 946 2193 1017 Exemplum
2233 965 2249 1003 :
2296 947 2606 1005 Cbronicon
2632 948 3054 1004 Alexandrinum
3090 948 3375 1018 migratio-

1809 1054 1931 1093 nem
1972 1037 2344 1096 Israelltarum
2400 1057 2466 1097 ex
2501 1040 2736 1112 ASgypto
2773 1041 2962 1097 statuit
2990 1055 3055 1095 eo
3079 1055 3241 1104 anno,
3278 1040 3373 1109 qui

1809 1129 2018 1201 cyclum
2051 1130 2238 1185 habuit
2265 1132 2395 1187 solis
2428 1132 2482 1194 2,
2521 1133 2662 1186 luna:
2688 1132 2773 1196 19,
2796 1146 2922 1186 cum
2953 1130 3249 1186 indictione
3283 1130 3372 1183 15.

1811 1223 2004 1286 Quaero
2036 1233 2238 1291 quotus
2276 1222 2365 1278 ille
2392 1223 2630 1294 computi
2667 1221 2838 1278 Graeci
2868 1221 3049 1287 fuerit,
3076 1229 3130 1277 et
3155 1219 3373 1295 quidem

1809 1314 2427 1384 Constantinopolitani;
2460 1316 2603 1370 hunc
2620 1314 2763 1369 enim
2795 1315 2895 1369 iste
2917 1320 3107 1368 auctor
3129 1312 3372 1367 adhibet.

1810 1405 2050 1461 Primum
2079 1406 2239 1461 editis
2285 1407 2453 1478 cyclis
2490 1408 2622 1463 solis
2665 1422 2731 1461 ac
2776 1407 2932 1474 lunae,
2976 1405 3256 1461 ducendus
3291 1413 3381 1460 est

1813 1497 1998 1567 cyclus
2029 1497 2162 1551 solis
2193 1495 2229 1550 2
2263 1497 2322 1551 in
2351 1497 2440 1559 57,
2480 1496 2615 1550 liunt
2658 1496 2778 1550 114.
2824 1495 2960 1550 Tum
2990 1496 3201 1566 cyclum
3234 1497 3375 1549 luna:

1816 1588 1881 1641 19
1912 1586 1978 1641 de
2009 1586 2220 1656 integro
2246 1587 2399 1658 cyclo
2419 1587 2660 1656 ejusdem
2694 1587 2834 1642 luna:
2863 1588 3211 1651 subtrahens,
3239 1589 3376 1643 resi-

1814 1677 1979 1731 duum
2016 1677 2189 1733 habeo
2220 1677 2285 1731 19
2311 1697 2323 1730 :
2358 1693 2518 1748 quem
2548 1693 2830 1733 numerum
2858 1692 2951 1748 per
2967 1678 3035 1734 56
3053 1679 3373 1748 multiplico.

151 1795 256 1838 cet.
285 1781 452 1839 Verbi
480 1784 656 1855 gratia
683 1800 859 1842 annus
884 1784 1282 1840 Alexandrinus
1307 1784 1444 1840 7054
1470 1800 1567 1854 per
1596 1784 1709 1853 pri-
1740 1761 1784 1818 ⁸
1810 1765 2064 1819 Gonnum
2104 1766 2241 1821 1064
2259 1807 2275 1833 ο
2314 1781 2475 1837 ‘1“am
2504 1781 2773 1821 summam
2802 1766 2869 1821 ad
2913 1768 3147 1837 ντίυτεω
3174 1767 3376 1838 adimo

148 1892 300 1930 11111111
339 1892 602 1931 canoneiu

1226 1971 1359 2027 solis
1488 1970 1526 2023 5

784 2041 1155 2096 Alexandrino
1227 2042 1367 2093 lume
1488 2046 1521 2093 υ

352 2144 511 2202 Adde
555 2146 711 2217 cyclo
1225 2112 1416 2217 inﬂia'

1227 2203 1360 2259 solis
1456 2201 1524 2253 17

756 2273 1098 2331 Constantin.
1233 2277 1373 2327 luna:
1489 2273 1524 2325 5

1224 2344 1416 2401 iudici.
1490 2342 1526 2396 0

148 2460 367 2532 cyclum
392 2461 524 2517 solis
557 2459 762 2517 obtinet
789 2459 864 2526 6;
896 2460 1033 2515 adde
1063 2460 1116 2525 5,
1157 2458 1354 2515 ellicies
1384 2456 1470 2511 11.
1522 2455 1720 2527 Cyclus

149 2551 297 2604 luna:
326 2549 384 2613 4,
408 2549 608 2605 additis
636 2548 671 2604 0
696 2556 780 2605 est
803 2550 874 2616 4;
904 2549 1128 2603 indictio
1154 2548 1240 2612 14,
1260 2546 1445 2601 addito
1468 2547 1494 2599 1
1523 2553 1609 2601 est
1632 2546 1717 2600 15.

152 2640 247 2696 Sic
273 2642 402 2695 anni
434 2641 1016 2713 Constantinopolitani
1055 2642 1241 2713 cyclus
1273 2640 1406 2695 solis
1427 2639 1499 2693 22
1525 2647 1720 2695 auctus

149 2738 221 2792 17
246 2737 447 2792 transit
479 2738 534 2792 in
562 2737 882 2793 'Romanum
909 2742 1003 2806 11;
1035 2736 1264 2804 lunaris,
1296 2734 1495 2792 additis
1517 2736 1569 2800 5,
1592 2750 1658 2791 ex
1692 2735 1711 2787 1

150 2832 213 2884 ﬁt
232 2831 296 2897 4;
323 2829 547 2884 indictio
570 2828 758 2885 eadem
793 2842 877 2887 est
906 2831 994 2887 15.

225 2922 498 2978 Caeterum
538 2937 712 2978 annos
732 2923 858 2979 illos
884 2938 1074 2980 omnes
1092 2922 1404 2980 Graecorum
1434 2929 1720 2993 computo-

149 3029 279 3068 rum
296 3029 329 3068 a
350 3012 607 3069 Kalendis
633 3014 906 3070 Ianuariis
933 3016 1281 3085 auspicamur
1304 3033 1319 3082 ;
1348 3015 1562 3070 tametsi
1585 3014 1721 3068 civi-

152 3105 225 3159 lis
256 3118 459 3169 annus,
480 3112 535 3159 et
573 3104 798 3160 indictio
825 3104 895 3160 ab
916 3104 1269 3161 antecedente
1300 3104 1607 3176 Septembri
1638 3106 1723 3159 in-
1750 3107 1793 3165 C

150 3197 403 3268 cipiant:
436 3196 582 3267 quod
632 3197 682 3254 si
726 3197 849 3268 quis
885 3198 1082 3253 imitari
1124 3198 1395 3265 voluerit,
1449 3197 1725 3252 Romanos

149 3293 345 3362 cyclos
367 3290 574 3346 unitate
600 3290 807 3345 minuet
849 3289 906 3342 in
934 3303 1201 3344 annorum
1240 3291 1580 3361 singulorum
1629 3305 1725 3344 ex-

148 3383 339 3440 ordio.
371 3382 624 3452 Idemque
650 3379 813 3436 faciet
843 3381 900 3435 in
922 3380 1125 3437 Graecis
1149 3382 1312 3453 ipsis,
1348 3383 1426 3436 uti
1453 3383 1617 3445 ferire,
1641 3383 1727 3436 vel

152 3478 307 3530 luna:
332 3482 701 3544 consequatur
732 3481 945 3529 atatem
994 3473 1051 3527 in
1088 3474 1280 3544 primis
1320 3489 1373 3528 iv
1410 3473 1724 3537 mensibus,

149 3583 223 3622 ex
256 3565 514 3622 melbodo
540 3566 881 3636 sequentium
910 3579 1194 3620 canonum.
1462 3577 1467 3586 '

148 3684 347 3738 Canos
376 3679 464 3735 Ill.
498 3678 653 3734 Datis
697 3680 858 3750 cyclis
896 3681 1022 3735 solis
1061 3697 1123 3735 ac
1154 3681 1292 3735 [unm
1325 3682 1379 3734 in
1427 3679 1727 3736 Grcecormn

227 3751 493 3821 computis
519 3789 533 3813 ,
588 3752 814 3805 invenire
845 3762 1031 3820 quotus
1071 3754 1141 3805 sit
1177 3768 1347 3805 annus
1399 3752 1600 3820 periodi
1645 3752 1730 3805 Vi-

227 3822 575 3886 cloriniame;
613 3837 809 3875 necnon
837 3822 903 3874 ab
947 3821 1172 3876 Adamo.
1216 3821 1349 3876 Item
1379 3824 1506 3875 data
1542 3832 1731 3890 preter

228 3894 357 3948 illos
377 3892 551 3962 cyclos
569 3890 870 3962 indictione,
890 3908 1083 3946 annum
1109 3903 1217 3945 tam
1246 3908 1368 3947 tera:
1391 3890 1729 3955 ercanicre,

227 3959 622 4035 quam'periodi
648 3959 901 4021 Iuliana,
926 3963 980 4014 in
1010 3978 1160 4029 quem
1188 3972 1290 4014 tres
1317 3962 1400 4015 illi
1431 3963 1563 4031 συειὶ
1598 3963 1732 4016 inci-

227 4036 401 4097 dunt,
437 4048 633 4087 eruere.

229 4152 464 4224 Cyclum
489 4150 621 4207 solis
652 4150 857 4206 editum
888 4148 994 4204 duc
1024 4148 1079 4204 in
1107 4149 1175 4205 57
1195 4190 1212 4214 ,
1242 4163 1307 4204 ac
1337 4164 1607 4203 summam
1640 4164 1730 4204 re-

149 4259 349 4301 serva.
378 4240 583 4297 Deinde
604 4241 818 4312 cyclum
848 4241 990 4295 lunae
1016 4238 1171 4295 aul‘er
1209 4255 1277 4296 ex
1316 4238 1415 4306 19;
1454 4246 1546 4294 aut
1586 4239 1633 4295 si
1665 4237 1732 4292 19

135 4335 285 4409 'ipse
306 4335 401 4398 sit,
428 4348 583 4389 sume
607 4333 695 4388 19.
729 4331 866 4388 Eum
891 4348 1175 4388 numerum
1197 4332 1496 4402 multiplica
1525 4346 1620 4402 per
1640 4331 1731 4387 56.

1814 1857 1938 1919 114,
1968 1867 2024 1911 ut
2054 1857 2185 1911 ﬁant
2214 1858 2391 1913 1178:
2421 1858 2621 1928 quibus
2655 1872 2751 1928 per
2777 1857 2881 1913 552
2915 1858 3127 1923 divisis,
3168 1859 3376 1929 reliqua

1813 1958 1938 2003 sunt
1985 1948 2104 2006 114.
2147 1948 2381 2005 Proinde
2409 1951 2721 2005 Chronicon
2748 1949 3175 2005 Alexandrinum
3201 1950 3378 2018 ἔξοδον

1814 2039 2026 2096 confert
2053 2041 2109 2095 in
2138 2056 2339 2095 annum
2368 2040 2469 2094 114
2499 2040 2707 2111 periodi
2742 2039 3144 2096 Vietoriuianze.
3185 2036 3254 2095 Ut
3285 2058 3384 2094 an-

1817 2137 1923 2185 teni
1953 2130 2098 2185 scias
2125 2138 2326 2199 quotus
2354 2129 2427 2186 sit
2458 2130 2601 2185 idem
2622 2132 2861 2202 couiputi
2882 2132 3384 2204 Constantinopoli-

1817 2222 1949 2283 tani,
1980 2223 2294 2291 conjectura
2323 2236 2460 2291 opus
2486 2230 2588 2277 est.
2633 2220 2899 2287 Quoniam
2925 2222 3093 2293 igitur
3123 2221 3295 2279 Graeci
3317 2240 3383 2278 ex

1818 2313 1958 2367 LXX.
1974 2313 2258 2369 Seniorum
2284 2314 2387 2369 [ide
2402 2330 2575 2370 annos
2596 2316 2757 2385 vulgo
2780 2322 3066 2371 numerant
3083 2316 3153 2370 ab
3173 2316 3385 2370 Adamo

1819 2405 1887 2460 ad
1947 2405 2208 2461 diluvium
2260 2406 2423 2469 2242,
2455 2417 2511 2462 et
2555 2423 2585 2461 a
2640 2408 2846 2462 diluvio
2904 2407 2972 2462 ad
3010 2408 3383 2463 Abraliamuni

1820 2495 1978 2559 1172,
2003 2510 2215 2550 summa
2238 2497 2511 2568 colligitur
2535 2497 2603 2553 ab
2628 2497 2836 2553 Adamo
2882 2498 2950 2552 ad
2995 2507 3173 2552 ortum
3210 2498 3386 2555 Abra-

1821 2587 2000 2652 hami,
2034 2603 2303 2642 annorum
2332 2589 2491 2645 5414.
2522 2589 2663 2644 Ilinc
2691 2598 2874 2645 autem
2909 2590 2977 2643 ad
3009 2592 3387 2662 migrationem

1820 2696 1887 2735 ex
1917 2672 2151 2753 Egypto
2185 2689 2376 2752 putant
2406 2696 2580 2738 annos
2618 2682 2837 2737 circiter
2856 2683 2987 2738 505.
3024 2685 3203 2750 Quare
3233 2685 3386 2740 colli-

1822 2782 2026 2844 guntur
2050 2774 2181 2829 anui
2203 2772 2317 2830 fere
2346 2774 2485 2830 5919
2510 2776 2579 2829 ab
2607 2775 2817 2831 Adamo
2853 2776 2920 2830 ad
2965 2774 3159 2839 ἔξοδον.
3194 2776 3265 2831 Ut
3294 2790 3390 2831 ac-

1823 2874 2074 2921 curatum
2144 2880 2348 2922 annum
2412 2865 2615 2922 habeas
2682 2866 3035 2921 Alexandrini
3095 2866 3389 2930 Cbroniei,

1824 2974 2007 3030 quaere
2032 2959 2089 3013 in
2134 2959 2320 3015 tabula
2369 2975 2421 3012 γι
2468 2974 2671 3013 annum
2720 2959 2967 3029 proxime
3015 2960 3278 3014 minorem
3327 2976 3393 3015 eo

1826 3067 1985 3122 quem
2017 3052 2316 3121 suspicaris
2345 3070 2359 3105 :
2390 3051 2486 3123 qui
2519 3058 2577 3106 ut
2614 3050 2790 3120 major
2820 3060 2906 3105 est
2939 3065 3088 3105 anno
3115 3050 3290 3117 5724,
3318 3051 3393 3104 ita

1827 3144 2008 3198 minor
2038 3142 2199 3197 4256.
2229 3141 2497 3208 Quocirca
2544 3157 2718 3196 annos
2769 3143 2976 3213 periodi
3007 3141 3395 3198 Victoriniaua:

1831 3232 1952 3297 114,
1983 3231 2121 3288 adde
2150 3232 2218 3287 ad
2241 3233 2402 3297 5724,
2432 3231 2631 3289 elﬁcies
2661 3249 2863 3288 annum
2916 3234 3079 3299 5858,
3119 3234 3213 3305 qui
3256 3235 3390 3289 divi-

1829 3341 1925 3380 sus
1954 3340 2049 3394 per
2075 3326 2286 3396 cyclum
2323 3326 2455 3382 solis
2482 3341 2547 3381 ac
2575 3327 2741 3391 lunae,
2769 3325 2959 3382 reddet
2988 3326 3120 3381 solis
3150 3326 3393 3396 quidem,

1829 3418 2039 3483 cyclum
2061 3416 2117 3481 2,
2140 3418 2281 3473 luna:
2310 3433 2440 3473 vero
2482 3417 2549 3473 19
2581 3437 2594 3473 :
2635 3418 2782 3488 quod
2809 3427 2932 3473 erat
2960 3420 3323 3490 propositum.

1900 3507 2137 3578 Rursus,
2172 3509 2219 3565 si
2250 3519 2445 3580 praeter
2476 3509 2614 3565 duos
2636 3510 2760 3565 illos
2782 3512 2985 3581 cyclos,
3011 3511 3236 3566 indictio
3271 3512 3398 3566 data

1831 3611 1904 3658 Sit
1926 3603 2012 3669 15,
2041 3617 2328 3656 numerum
2365 3601 2486 3667 114,
2521 3604 2615 3672 qui
2645 3610 2921 3672 postremo
2953 3604 3177 3658 relictus
3218 3613 3304 3658 est
3330 3619 3400 3657 ex

1830 3695 2095 3750 divisione
2123 3708 2220 3765 per
2244 3692 2348 3749 552
2379 3693 2664 3762 instituta;
2698 3710 2795 3765 per
2827 3694 2896 3750 15
2923 3695 3147 3763 partior,
3192 3702 3403 3750 restant

1832 3786 1903 3840 9:
1937 3786 2005 3840 de
2032 3800 2164 3856 quo,
2203 3784 2403 3839 additis
2435 3784 2538 3850 15,
2592 3784 2855 3840 subtraho
2888 3785 2988 3849 15,
3026 3784 3235 3855 reliqua
3265 3784 3404 3838 ﬁunt

1833 3878 1893 3931 11
1919 3896 1933 3945 ;
1962 3894 2083 3949 quae
2122 3879 2169 3934 si
2194 3879 2465 3933 ducantur
2496 3880 2553 3933 in
2586 3877 2724 3933 1064
2747 3920 2763 3943 ,
2809 3892 3024 3933 summa
3053 3878 3157 3932 erit
3192 3876 3401 3939 11704.

1833 3971 1900 4024 ad
1932 3986 2095 4041 quam
2124 3970 2302 4041 adjice
2329 3971 2466 4036 114,
2516 3979 2572 4026 et
2606 3986 2674 4025 ex
2719 3977 2836 4024 toto
2869 3970 3044 4024 11818
3071 4009 3088 4036 ,
3145 3971 3403 4041 quoniam

1836 4064 1975 4119 7980
2027 4063 2278 4126 excedit,
2336 4062 2424 4117 bis
2482 4061 2763 4125 deductis,
2829 4062 3155 4131 relinquitur
3228 4078 3407 4116 anuus

1834 4155 1974 4210 5858
2003 4173 2017 4209 :
2052 4169 2084 4207 a
2119 4169 2229 4224 quo
2261 4154 2458 4209 ablatis
2490 4153 2612 4216 795,
2648 4152 2867 4206 exsistit
2895 4167 3074 4208 annus
3106 4154 3161 4207 in
3187 4149 3405 4206 Juliana

1836 4247 2067 4318 periodo
2086 4246 2261 4311 5045,
2302 4246 2394 4315 qui
2443 4243 2733 4314 respondet
2766 4259 2911 4299 anno
2943 4242 3409 4314 Constantinopo-

1838 4340 2005 4392 litano
2048 4337 2209 4393 5858.
2256 4336 2369 4392 Hoc
2430 4344 2491 4390 ut
2548 4350 2734 4391 verum
2784 4351 2907 4392 esse
2957 4351 3299 4408 cognoscas,
3340 4353 3409 4392 ex

147 4432 300 4498 Qua
348 4426 476 4483 inde
510 4433 770 4481 nascetur
802 4440 1012 4482 summa
1037 4465 1054 4487 ,
1105 4439 1222 4480 eam
1272 4439 1398 4479 eum
1452 4424 1734 4495 superiore
1766 4451 1811 4506 ι)
1839 4430 2095 4487 uietbodo
2123 4431 2352 4485 canonis
2372 4430 2747 4486 antecedentis
2767 4468 2782 4491 ,
2826 4429 2895 4483 ad
2943 4429 3155 4500 cyclum
3209 4429 3343 4485 solis
3374 4428 3412 4482 2

147 4529 467 4588 compone,
507 4530 628 4586 qua:
666 4529 733 4569 ex
766 4514 920 4585 cyclo
956 4514 1089 4568 solis
1120 4512 1284 4568 ducto
1338 4513 1394 4567 in
1430 4512 1500 4566 57
1537 4512 1732 4567 oritur.

146 4607 449 4678 Quidquid
469 4622 538 4661 ex
566 4605 834 4661 ambobus
860 4602 1151 4661 conﬂatum
1198 4605 1340 4665 erit,
1383 4605 1587 4675 partire
1640 4619 1738 4674 per

146 4704 310 4766 552,
361 4698 642 4756 residuum
691 4698 796 4752 erit
839 4712 1016 4752 annus
1070 4698 1279 4766 periodi
1328 4694 1736 4753 Victorinianac.

146 4795 286 4851 Hoc
316 4791 366 4848 si
398 4790 662 4861 adjeceris
692 4788 761 4843 ad
783 4803 984 4842 annum
1009 4803 1167 4858 quem
1201 4789 1447 4859 proxime
1473 4789 1738 4844 minorem

146 4901 319 4945 anno
349 4899 473 4939 uarie
494 4881 693 4938 Graeca:
724 4880 1006 4952 proposito
1038 4880 1305 4950 suspicari
1343 4888 1497 4950 potes
1521 4921 1536 4945 ,
1573 4881 1626 4934 in
1659 4888 1738 4933 ta-

145 4981 300 5039 bula
325 4993 402 5041 vn,
427 4974 655 5031 habebis
678 4988 878 5028 annum
902 4970 1176 5036 Graecum,
1199 4972 1358 5041 cujus
1380 4971 1587 5042 proprii
1611 4982 1739 5028 sunt

143 5073 313 5149 cycli
357 5070 492 5125 solis
537 5084 602 5124 ac
636 5068 778 5123 lunae
820 5067 875 5122 in
916 5066 1216 5138 quaestione
1258 5066 1452 5136 positi;
1492 5082 1602 5137 quo
1651 5067 1739 5122 in-

141 5176 363 5229 vento,
395 5179 491 5234 per
524 5160 835 5217 methodum
866 5159 1095 5216 canonis
1125 5158 1520 5222 antecedentis,
1549 5162 1742 5230 exqui-

108 5278 254 5333 ‘res
292 5271 458 5328 quem
510 5254 563 5309 in
599 5269 801 5309 annum
845 5253 1072 5309 Iuliana:
1111 5251 1354 5323 periodi,
1407 5253 1490 5307 vel
1537 5254 1741 5308 Christi

140 5357 470 5421 competat.
508 5347 663 5414 Quod
694 5348 738 5403 si
764 5354 1022 5419 praeterea
1042 5346 1169 5401 data
1195 5346 1267 5402 sit
1293 5344 1523 5400 indictio
1549 5365 1564 5400 :
1598 5348 1742 5416 quod

136 5441 452 5517 superfuit
478 5440 546 5494 de
576 5440 762 5495 ultima
811 5439 1079 5494 divisione
1115 5437 1248 5501 552,
1279 5453 1377 5508 per
1428 5439 1497 5493 15
1524 5438 1703 5494 divide
1725 5480 1740 5503 ,

137 5537 612 5604 accommodata,
642 5536 689 5592 si
714 5536 787 5589 ita
819 5549 1045 5590 necesse
1070 5534 1404 5603 est,integra
1430 5533 1648 5603 periodo
1678 5535 1745 5589 15

137 5646 447 5695 annorum
478 5648 493 5685 :
521 5627 667 5700 quod
697 5628 821 5683 inde
851 5626 1140 5696 supererit,
1170 5626 1367 5693 retine,
1397 5633 1451 5681 et
1480 5625 1741 5691 indidem,

134 5731 331 5789 aufer
392 5721 726 5794 propositam
780 5718 1165 5782 indictionem,
1219 5718 1661 5787 accommodato,
1696 5718 1741 5776 si

494 5813 762 5872 Punor.
808 5813 924 5875 Gn.
956 5812 1129 5875 XIX.

1837 4520 2501 4591 ConstantinOpolitanum
2556 4518 2696 4574 adde
2737 4518 2867 4581 -17;
2928 4519 2997 4573 ad
3043 4519 3292 4575 lunarem
3342 4518 3410 4572 19

1840 4614 1976 4669 adde
2005 4614 2059 4678 5,
2080 4619 2135 4668 et
2159 4610 2228 4666 ad
2254 4609 2603 4665 indictionem
2658 4611 2727 4665 15
2774 4609 2910 4665 adde
2931 4609 2988 4675 0,
3020 4610 3280 4669 conﬁcies
3311 4624 3409 4680 cy-

1840 4707 1957 4760 clos
1986 4701 2253 4765 Iulianos,
2286 4699 2420 4755 solis
2449 4698 2514 4753 19
2542 4714 2666 4754 cum
2694 4699 2875 4753 littera
2898 4697 2974 4761 E;
3018 4697 3160 4751 luna:
3180 4698 3235 4761 5,
3268 4696 3412 4751 indi-

1841 4797 2077 4851 ctionem
2107 4794 2216 4848 15:
2253 4806 2374 4862 qua:
2401 4792 2584 4845 omnia
2616 4798 2926 4860 congruunt
2967 4788 3020 4840 in
3066 4800 3272 4841 annum
3318 4803 3413 4858 pe-

1841 4887 1982 4942 riodi
2007 4885 2237 4941 Juliana:
2264 4883 2435 4948 5045,
2475 4882 2569 4953 qui
2614 4880 2949 4936 centesimus
2976 4888 3031 4933 et
3059 4880 3412 4950 quadragesi-

1844 4996 1966 5036 mus
1993 4986 2079 5035 est
2109 4986 2236 5031 ante
2266 4990 2450 5031 veram
2479 4972 2743 5044 epocbam
2772 4969 2980 5035 Exodi,
3025 4986 3192 5040 quam
3224 4969 3280 5024 in
3313 4985 3412 5024 an-

1844 5087 1972 5126 num
2006 5069 2216 5141 periodi
2241 5066 2472 5122 Iuliana:
2511 5063 2844 5119 contulimus
2871 5062 3031 5118 5185.
3085 5061 3150 5116 Et
3191 5062 3410 5132 quidem

1843 5164 2156 5218 Chronicon
2183 5160 2260 5215 ait
2284 5174 2430 5214 anno
2462 5157 2555 5212 illo
2575 5197 2591 5222 ,
2640 5171 2804 5227 quem
2840 5163 3092 5211 numerat
3123 5155 3294 5216 5858,
3338 5154 3414 5229 lc—

1842 5257 1981 5309 riam
2018 5270 2035 5308 I
2075 5253 2367 5324 contigisse
2398 5250 2598 5321 Aprilis
2628 5263 2752 5312 xm,
2781 5246 3085 5317 eodemque
3112 5245 3201 5301 die
3248 5261 3415 5315 quar-

1844 5357 1956 5402 tam
1990 5347 2257 5403 decimam
2281 5343 2452 5401 Nisan
2478 5342 2769 5407 incidisse;
2802 5348 2863 5394 ut
2896 5339 3120 5395 minime
3166 5337 3418 5397 dubitan—

1846 5439 1974 5493 dum
2011 5441 2103 5505 sit,
2138 5438 2271 5509 quin
2298 5445 2354 5492 et
2400 5451 2603 5493 aureus
2635 5449 2897 5489 numerus
2938 5431 3103 5487 fuerit
3129 5432 3193 5497 5,
3237 5439 3291 5486 et
3321 5446 3419 5500 cy-
3517 5458 3525 5470 ι

1847 5533 1965 5588 elus
1994 5532 2126 5588 solis
2158 5530 2244 5597 19,
2279 5532 2570 5600 litteraque
2602 5526 2957 5581 Dominicalis
2990 5523 3053 5578 E.

1917 5624 2076 5679 Aliud
2109 5623 2417 5693 exemplum
2446 5639 2461 5675 :
2491 5619 2802 5675 Chronicon
2844 5615 2986 5671 idem
3021 5630 3226 5669 annum
3280 5627 3417 5667 con-

1848 5726 2039 5789 ceptus
2091 5714 2320 5771 Ioannis
2376 5709 2730 5783 praecursoris
2782 5714 3034 5764 numerat
3083 5706 3153 5762 ab
3216 5706 3424 5761 Adamo

3027 5800 3106 5861 1ιῦ
