3808 6328
399 315 529 370 1451

1427 303 1514 356 AD
1553 301 1820 356 EUSEBII
1861 299 2250 356 CllRONlCON
2290 297 2651 353 APPENDIX.

3509 296 3528 347 1
3539 295 3632 350 432

399 433 559 497 3.505,
593 432 636 486 si
669 447 698 484 a
742 430 933 484 Martio
987 442 1162 480 annus
1205 425 1487 478 incltoetur
1508 465 1523 489 ,
1549 422 1845 477 indictione
1871 439 1980 486 xiv,
2012 425 2054 481 Α
2085 421 2216 475 feria
2250 438 2261 473 ι
2292 421 2492 489 Aprilis
2528 436 2579 472 tx
2609 418 2717 484 die,
2749 415 3201 488 quemadmodum
3242 415 3295 469 in
3336 413 3632 469 Graecorum

399 539 546 578 anno
577 523 787 592 imperii
815 519 1040 589 Augusti
1078 534 1206 591 xxix
1238 535 1250 569 :
1284 531 1404 585 quae
1425 531 1548 570 esse
1586 515 1877 569 falsissitna
1902 530 1969 568 ex

402 614 658 670 tuethodo
698 619 882 666 nostra
914 611 985 662 ita
1014 609 1353 676 colligemus.
1411 603 1610 658 Divisis
1641 603 1800 658 annis
1833 602 1973 656 5505

402 722 499 776 per
517 705 608 769 ‘28,
635 701 960 771 relinquitur
988 699 1122 753 solis
1153 697 1339 767 cyclus
1371 695 1432 748 17
1465 711 1480 759 ;
1536 709 1631 764 per
1677 693 1744 747 19
1789 701 1971 747 autem

403 797 639 868 partitis,
667 793 1046 864 relinquentur
1077 789 1164 844 M.
1211 786 1407 841 Verum
1438 785 1664 839 indictio
1708 800 1818 839 non
1859 800 1971 848 xtv,

402 888 499 944 sed
535 903 602 941 xv
631 883 918 955 consurgit
945 898 1009 936 ex
1031 881 1298 935 divisione
1330 892 1428 948 per
1449 877 1534 932 15.
1565 876 1853 942 Ωιιίιεηιιιι
1873 889 1975 928 an-

403 994 507 1033 nus
540 979 650 1039 ille,
687 977 742 1030 in
778 990 936 1046 quem
964 973 1188 1028 indictio
1218 985 1311 1024 xtv
1346 985 1472 1024 cttm
1512 970 1667 1039 cyclo
1703 969 1833 1023 solis
1869 983 1977 1022 xvtt

402 1079 457 1125 et
489 1071 628 1124 luna:
686 1083 774 1122 .xtv
803 1077 1111 1122 concurrat.
1150 1063 1390 1116 Primum
1438 1061 1604 1115 ducto
1645 1061 1800 1130 cyclo
1845 1060 1978 1116 solis

403 1161 468 1214 17
513 1159 569 1214 in
596 1159 685 1221 57,
734 1156 1037 1212 elﬁciuntur
1076 1153 1222 1213 909:
1265 1160 1377 1204 tum
1427 1150 1622 1204 ablatis
1657 1149 1723 1203 14
1773 1148 1838 1203 de
1874 1149 1938 1202 l9
1962 1189 1977 1213 ,

405 1257 614 1304 restant
639 1248 692 1311 5,
727 1262 846 1317 qua;
881 1248 935 1300 in
957 1245 1024 1300 56
1046 1244 1208 1298 dttcta
1241 1240 1376 1295 ﬁunt
1423 1239 1566 1305 280;
1602 1239 1802 1294 additis
1851 1237 1976 1302 909,

405 1353 617 1394 summa
645 1336 964 1407 producitur
988 1331 1143 1396 1219,
1168 1346 1288 1402 qua:
1315 1345 1411 1400 per
1440 1329 1547 1384 55':
1579 1329 1871 1384 distributa
1900 1342 1983 1381 re-

406 1432 602 1500 linquit
654 1428 775 1482 185.
829 1425 999 1496 Igitur
1042 1440 1219 1478 annus
1257 1423 1394 1494 cycli
1447 1419 1710 1475 Victorini
1745 1419 1846 1472 l85
1891 1417 1982 1472 ille

414 1521 514 1576 fuit
554 1535 712 1591 quem
751 1507 1062 1574 Chrotticon
1117 1516 1407 1586 signiﬁcat.
1461 1512 1662 1567 Verum
1715 1510 1978 1573 ittdictio,

406 1629 568 1685 quam
604 1611 872 1681 adjungit,
919 1609 1205 1663 ratiocinia
1247 1606 1554 1663 conturbat.
1591 1605 1722 1658 Nam
1767 1603 1812 1658 si
1854 1603 1983 1657 reli-

2077 511 2371 580 llorologio
2397 511 2612 581 legitur.

2073 625 2254 680 Caxox
2307 623 2373 680 V.
2409 623 2648 678 {Etatem
2685 627 2824 677 tanta
2853 623 2904 674 iri
2949 623 3074 674 dato
3122 619 3355 689 quolibet
3403 634 3536 670 anno
3579 633 3636 672 ac

2317 695 2402 748 die
2428 696 2697 762 utriusque
2741 694 2967 760 computi
2998 690 3402 760 deprehendere.

2149 783 2438 852 Postquam
2463 785 2678 854 cyclum
2725 785 2968 836 lunarem
3006 796 3101 850 per
3123 792 3391 832 canonem
3419 777 3636 846 primum

2075 875 2368 945 repereris,
2401 890 2523 928 cum
2558 889 2623 928 eo
2670 874 2756 928 adi
2783 873 3018 928 tabulam
3053 887 3143 926 tv:
3179 869 3342 938 cujus
3391 869 3446 922 in
3476 868 3637 936 primo

2077 983 2236 1022 versu
2267 967 2481 1038 cyclum
2507 963 2660 1021 tuum
2689 966 2995 1037 requirito;
3025 973 3137 1018 tum
3187 979 3219 1018 e
3271 962 3486 1016 directo
3523 973 3642 1027 (ιρις

2078 1069 2220 1115 ctam
2279 1061 2354 1114 illi
2403 1060 2843 1129 respondentem.
2900 1057 2956 1112 Si
3005 1052 3360 1110 Alexandrini
3418 1051 3640 1119 computi

2079 1160 2336 1231 proprius
2360 1167 2445 1214 est
2482 1160 2734 1213 inventus
2765 1171 2796 1210 a
2827 1163 2879 1210 te
2923 1153 3108 1224 cyclus
3133 1190 3149 1214 ,
3197 1155 3395 1220 epacta
3446 1148 3521 1201 illi
3572 1162 3645 1200 re-

2080 1252 2356 1324 spondens
2381 1259 2466 1308 est
2497 1266 2581 1316 ca,
2602 1265 2723 1320 quae
2755 1246 2973 1302 Maximi
3005 1246 3225 1300 dicitur.
3250 1240 3638 1298 Constantino-

2082 1345 2320 1416 politano
2341 1358 2470 1398 vero
2493 1342 2754 1396 tribuitur
2800 1341 2969 1394 altera
2990 1379 3005 1404 ,
3038 1351 3162 1408 quae
3194 1334 3368 1390 lsaaci
3404 1331 3645 1388 inscribi-

2083 1446 2194 1490 tur.
2245 1436 2447 1490 Confer
2499 1447 2552 1491 te
2596 1433 2791 1490 deinde
2834 1432 2902 1486 ad
2963 1430 3202 1485 tabulam
3241 1445 3274 1480 v
3325 1425 3645 1498 regularium

2088 1529 2229 1582 luna:
2249 1568 2263 1591 ,
2297 1536 2352 1583 et
2376 1527 2639 1598 propositi
2664 1526 2866 1581 mensis
2893 1523 3170 1594 regulares
3195 1520 3444 1591 computi
3483 1518 3650 1587 cujus-

2086 1625 2167 1680 vis
2199 1624 2448 1694 proprios
2476 1636 2727 1691 excerpe.
2765 1619 3045 1672 Summam
3083 1630 3150 1669 ex
3190 1611 3403 1682 epactis
3429 1619 3484 1664 et
3507 1624 3649 1677 regu-

407 1719 545 1776 ‘l“°5
571 1703 692 1758 “'05
723 1701 828 1756 ‘85
865 1716 962 1770 Per
992 1700 1059 1754 1⁵
1090 1699 1346 1769 Parua"?!
1378 1703 1591 1751 "Nam
1617 1695 1671 1754 δ’
1694 1696 1760 1748 de
1781 1691 1983 1762 quibus
2017 1773 2053 1780 __
2087 1691 2608 1768 laribus—conﬂatam
2642 1726 2778 1780 auge
2819 1709 3029 1763 dierum
3084 1717 3352 1766 numero,
3410 1701 3566 1768 cujus
3597 1702 3646 1751 in

409 1773 590 1850 “imam
617 1791 917 1847 indicuoue
951 1789 1227 1860 “opum”
1256 1788 1322 1842 η
1344 1830 1358 1853 ν
1406 1794 1702 1855 supersum
1737 1784 1771 1838 6
1801 1803 1814 1838 ³
1861 1799 1984 1852 qm“
2017 1773 2058 1830 Β
2084 1805 2276 1859 ultimo
2300 1810 2432 1857 tetas
2461 1803 2603 1856 luna:
2647 1773 2960 1868 requiritur.
2995 1793 3224 1849 Collecti
3254 1793 3375 1846 dies
3425 1791 3500 1843 illi
3528 1829 3542 1850 ,
3591 1803 3649 1841 ac

412 1891 467 1942 in
496 1885 635 1940 1064
658 1885 820 1940 ducta
843 1881 1141 1936 conﬁciunt
1187 1879 1346 1934 6586.
1383 1879 1534 1934 Adde
1568 1877 1667 1931 l85
1687 1916 1702 1941 ,
1757 1877 1982 1931 exsistet

415 1994 594 2034 annus
626 1977 788 2040 6569,
820 1975 916 2046 qui
944 1973 1130 2046 cyclos
1181 1972 1442 2037 exhibet,
1491 1972 1624 2028 solis
1659 1985 1803 2032 xvu,
1843 1969 1984 2022 luna:

412 2089 537 2136 xtv,
590 2068 946 2124 indictionem
1007 2081 1116 2121 xtv.
1174 2063 1271 2119 Est
1323 2071 1503 2119 autem
1561 2075 1736 2115 annus
1780 2058 1984 2114 Christi

413 2161 574 2217 1856.
625 2158 790 2214 Vides
841 2155 1256 2212 absurditatem.
1287 2154 1649 2220 Quamobrem
1696 2166 1802 2205 non
1849 2150 1984 2204 satis

414 2249 787 2308 commendari
822 2248 1110 2303 mctltodus
1160 2246 1262 2302 ista
1296 2251 1492 2316 potest,
1524 2259 1644 2314 quae
1671 2242 1738 2297 ad
1771 2241 1986 2296 Graeco-

416 2361 535 2400 rum
557 2343 832 2398 annalium
853 2339 1202 2410 castigandos
1220 2353 1457 2402 errores,
1483 2336 1781 2407 praesertim
1809 2333 1986 2389 Theo-

416 2436 632 2508 phariis,
665 2434 926 2504 majorem
957 2433 1212 2502 Opinione
1245 2429 1484 2484 fructum
1512 2428 1718 2483 aﬁ‘eret.

414 2550 596 2604 Cano:
626 2545 714 2603 IV.
756 2545 1027 2614 Propositi
1065 2543 1343 2612 cujuslibet
1372 2541 1704 2623 dieiferiam
1740 2541 1795 2594 in
1837 2538 1983 2593 Cra:—

766 2633 948 2670 corum
994 2625 1232 2682 computo
1273 2621 1635 2681 pronuntiare.

487 2709 714 2765 Inventa
747 2707 903 2780 cyclo
938 2707 1073 2762 solis
1116 2706 1172 2760 in
1207 2713 1442 2774 utroque
1488 2709 1746 2773 computo
1774 2715 1868 2770 per
1895 2715 1991 2754 ca-

418 2818 614 2858 nonem
649 2818 700 2866 ι,
753 2801 881 2856 huic
909 2809 1275 2871 congruentes
1307 2805 1525 2867 epactas
1551 2805 1858 2851 menstruas
1892 2792 1992 2846 ad-

419 2894 544 2950 hibe
574 2909 639 2949 ex
672 2891 855 2948 tabula
911 2907 950 2946 ιι
985 2890 1126 2962 cycli
1157 2889 1390 2954 solaris;
1440 2895 1556 2940 tum
1596 2901 1664 2940 ex
1692 2883 1876 2938 tabula
1926 2897 1987 2935 ιιι

421 2993 645 3055 epactas
675 2992 988 3038 menstruas
1035 2981 1257 3064 require
1279 3022 1294 3047 ,
1355 2987 1518 3049 atque
1546 2977 1615 3047 ad
1665 2977 1748 3033 sui
1779 2975 1992 3047 generis

423 3087 816 3132 concurrentes
850 3089 1082 3144 appone,
1102 3073 1207 3126 hoc
1237 3080 1322 3127 est
1349 3071 1415 3125 ad
1438 3079 1829 3126 concurrentes
1851 3067 1993 3140 cycli

423 3183 544 3223 terte
572 3166 950 3222 Alexandrinae
983 3163 1122 3220 adde
1176 3164 1451 3234 regulares
1486 3161 1726 3232 computi
1757 3160 1992 3216 Alexan-

423 3260 564 3319 drini
587 3299 603 3324 ,
651 3260 720 3314 ad
754 3265 1146 3314 concurrentes
1181 3271 1308 3311 vero
1339 3255 1577 3327 computi
1602 3254 1986 3311 Constantino-

426 3353 679 3424 politani,
722 3351 999 3422 regulares
1031 3349 1297 3420 ejusdem.
1338 3348 1563 3404 Dcmutn
1597 3350 1662 3403 ad
1705 3347 1993 3403 conﬂatam

427 3444 552 3498 inde
589 3457 879 3506 summam,
909 3440 1006 3512 τὴν
1039 3439 1321 3504 ποσταίαν,
1355 3441 1460 3494 hoc
1495 3449 1580 3492 est
1613 3437 1755 3491 diem
1790 3439 1994 3491 mensis

428 3537 618 3606 adjice.
659 3533 813 3600 Quod
859 3533 985 3588 inde
1031 3531 1350 3599 conﬁcitur,
1391 3547 1487 3602 per
1529 3530 1560 3583 7
1611 3528 1882 3594 divisum,
1919 3528 1996 3582 fe-

428 3631 563 3683 riam
596 3623 1013 3682 demonstrabit.

497 3716 739 3786 Exempli
770 3714 981 3786 gratia:
1022 3711 1104 3766 Sit
1145 3726 1325 3767 annus
1367 3709 1606 3781 computi
1639 3708 1994 3764 Alexandrini

431 3807 588 3871 7054,
617 3803 1204 3874 Constantinopolitani
1260 3818 1408 3867 vero,
1444 3802 1602 3856 7050.
1656 3800 1862 3856 Prioris
1906 3817 1998 3871 cy-

430 3899 550 3953 clus
573 3911 668 3966 per
705 3911 970 3950 canonem
1012 3911 1027 3948 I
1065 3893 1346 3949 confectus
1375 3903 1459 3947 est
1488 3909 1560 3948 vt.
1590 3893 1996 3947 Concurrentes

430 4002 498 4046 cx
529 3985 710 4040 tabula
755 4001 827 4046 ιι.
865 3992 991 4039 sunt
1038 3983 1091 4038 6.
1143 3981 1318 4037 Velim
1372 3981 1515 4038 scire
1568 3981 1756 4037 feriam
1793 3981 1899 4036 diei
1941 3997 1995 4034 tx

430 4077 650 4148 Aprilis.
695 4074 992 4147 Regulares
1023 4074 1369 4130 Alexandrini
1417 4089 1483 4128 ex
1535 4073 1718 4128 tabula
1748 4089 1806 4126 ιιι
1841 4073 1996 4126 colli.

431 4177 634 4238 guntur
663 4168 931 4238 7,quibus
962 4166 1028 4220 ad
1051 4167 1082 4219 6
1115 4165 1310 4220 additis
1326 4179 1448 4219 cum
1481 4164 1719 4220 9diebus
1758 4165 1994 4235 Aprilis,

430 4276 638 4316 summa
671 4269 754 4316 est
788 4261 870 4314 l5.
904 4257 1136 4313 Proinde
1165 4257 1357 4313 feriam
1400 4256 1523 4313 dico
1556 4257 1725 4313 fuisse
1769 4277 1804 4312 t.
1853 4257 1997 4312 Rur-

432 4368 525 4408 sus
555 4353 740 4423 cyclus
769 4352 896 4404 anni
933 4350 1068 4404 7050
1101 4347 1690 4419 Constantinopolitaui
1715 4366 1808 4419 per
1833 4366 1994 4405 eum-

2081 1912 2176 1968 per
2195 1896 2264 1950 30
2302 1895 2485 1957 divisi,
2517 1902 2680 1963 quota
2707 1891 2777 1945 sit
2808 1888 2900 1942 illo
2919 1887 3008 1941 die
3041 1887 3167 1939 luna
3193 1883 3593 1938 monstrabunt.

2151 1989 2523 2057 Exemplum:
2585 1983 2930 2053 Propositum
2987 1980 3058 2033 sit
3119 1977 3454 2047 investigare
3497 1982 3648 2043 quota

2082 2081 2210 2136 luna
2243 2080 2314 2133 sit
2349 2079 2551 2149 Aprilis
2588 2077 2624 2130 2
2662 2075 2791 2130 anni
2824 2071 2960 2128 7054
2984 2069 3345 2126 Alexandrini
3378 2067 3608 2136 computi
3633 2103 3646 2124 .

2083 2175 2136 2226 et
2166 2169 2304 2223 7050
2351 2161 2976 2233 Constantinopolitani;
3008 2174 3242 2230 quorum
3286 2159 3478 2228 cyclos
3517 2156 3652 2208 luna-

2083 2275 2174 2315 res
2201 2257 2536 2314 confecimus
2562 2270 2772 2311 canone
2806 2269 2857 2320 t;
2891 2252 3039 2306 illius
3067 2251 3293 2322 quidem
3317 2249 3384 2313 ις
3419 2247 3574 2315 hujus
3603 2245 3650 2297 l.

2085 2351 2253 2422 Igitur
2273 2365 2398 2406 cum
2421 2350 2572 2421 cyclo
2598 2345 2978 2402 Alexandrinae
3004 2357 3126 2419 atrae
3149 2343 3205 2404 4,
3260 2341 3318 2394 itt
3354 2339 3544 2394 tabula
3568 2352 3647 2422 tv.

2085 2421 2303 2490 invenio
2329 2443 2574 2504 epactam
2599 2449 2695 2488 xu.
2714 2431 2771 2486 In
2800 2429 2985 2484 tabula
3007 2445 3060 2494 v,
3083 2427 3369 2498 regulares
3388 2423 3587 2493 Aprilis
3604 2421 3650 2476 0.

2088 2526 2320 2583 Proinde
2342 2535 2533 2597 epacta
2560 2523 2649 2588 12,
2675 2530 2728 2578 et
2756 2521 2960 2592 Aprilis
2983 2521 3102 2575 dies
3121 2519 3156 2572 2
3181 2520 3375 2573 lunam
3398 2517 3652 2571 decimam

2087 2630 2335 2690 quartam
2362 2619 2596 2674 oﬁ'erunt
2623 2616 2716 2669 illo
2742 2615 2850 2670 die.
2903 2614 2971 2668 At
2999 2627 3179 2666 annus
3208 2611 3354 2665 7050
3393 2608 3652 2664 Constan-

2089 2711 2483 2781 tin0politanus
2505 2715 2726 2777 epactas
2749 2707 2805 2760 in
2837 2720 2889 2758 tv
2924 2703 3110 2757 tabula
3141 2717 3193 2756 xt
3220 2700 3474 2765 obtinet;
3510 2713 3652 2766 regu-

2092 2804 2259 2856 larem
2286 2801 2341 2854 in
2369 2817 2399 2854 v
2429 2798 2632 2861 tabula,
2661 2813 2712 2862 t;
2741 2797 2874 2850 ﬁunt
2901 2811 3000 2857 ιιι.
3027 2801 3080 2848 et
3113 2808 3238 2847 cum
3265 2790 3438 2846 biduo
3470 2788 3654 2859 Aprilis

2093 2905 2204 2943 xtv.
2237 2887 2380 2942 Sane
2408 2888 2462 2941 in
2494 2885 2786 2955 Horologio
2810 2883 2982 2938 Graeci
3009 2884 3194 2937 lunattt
3219 2882 3315 2936 illo
3342 2895 3494 2936 anno
3521 2879 3656 2934 deci-

2093 2995 2237 3034 mam
2264 2989 2511 3049 quartam
2541 2985 2860 3048 computant
2892 2975 3095 3046 Aprilis
3130 2974 3401 3030 secundo.

2021 3103 2068 3166 c
2097 3091 2278 3166 Canos
2316 3090 2404 3145 Vl.
2449 3089 2754 3166 Terminunt
2791 3088 3106 3166 Paschalem
3139 3089 3249 3142 sive
3307 3086 3526 3142 Pascha
3577 3084 3658 3138 Ju-

2169 3162 2408 3244 daieum,
2463 3161 2676 3232 ejusque
2727 3161 2916 3230 [etiam
2971 3160 3025 3213 in
3057 3169 3279 3229 utroque
3308 3168 3554 3226 computo
3591 3172 3661 3210 re.

2167 3249 2355 3304 perire.

2169 3350 2304 3404 Cum
2334 3347 2488 3419 cyclo
2527 3346 2706 3400 lunari
2738 3359 2946 3400 canone
2981 3343 3161 3414 primo
3209 3341 3556 3413 deprehenso
3585 3342 3661 3396 adi

2100 3435 2336 3493 tabulam
2375 3455 2446 3493 tv.
2496 3437 2553 3492 In
2588 3438 2763 3508 primo
2802 3452 2960 3492 versu
2993 3436 3208 3508 cyclutn
3262 3443 3424 3492 tuum
3457 3436 3661 3506 accipe,

2099 3526 2152 3586 et
2177 3547 2242 3586 ex
2278 3531 2485 3586 directo
2516 3529 2832 3585 Paschalem
2872 3528 3164 3584 terminum
3187 3567 3202 3592 ,
3265 3543 3396 3583 cum
3431 3528 3552 3596 ejus
3588 3541 3664 3580 re-

2101 3623 2274 3691 gulari
2309 3631 2416 3674 tam
2453 3621 2505 3675 in
2541 3620 2906 3676 Alexandrina
2934 3634 3062 3684 aera,
3113 3633 3280 3690 quam
3316 3621 3374 3673 in
3410 3621 3666 3674 Constan-

2101 3713 2478 3783 tinopolitana.
2525 3711 2732 3768 Exinde
2765 3722 3156 3767 concurrentes
3187 3713 3328 3783 cycli
3382 3713 3520 3766 solis
3549 3709 3664 3766 anni

2101 3805 2362 3875 propositi
2397 3819 2492 3875 per
2523 3820 2788 3859 canonem
2823 3821 2875 3860 tv
2924 3805 3179 3859 inve..tos
3201 3846 3216 3867 .
3269 3821 3399 3860 cum
3445 3805 3664 3876 regulari

2104 3898 2320 3954 termini
2370 3912 2658 3967 compone.
2701 3895 2922 3950 Summa
2972 3897 3161 3950 feriam
3209 3897 3406 3962 dabit,
3453 3898 3664 3967 adjectis

2103 3998 2327 4058 septem.
2360 3986 2430 4043 Ut
2465 4003 2608 4041 anno
2657 3987 2846 4043 eodem
2897 3987 3269 4042 Alexandrino
3301 3989 3464 4048 7054.
3497 3991 3664 4061 cyclus

2102 4082 2245 4136 luna:
2288 4097 2339 4134 tv
2375 4081 2430 4134 in
2466 4081 2652 4134 tabula
2705 4081 3119 4150 respondentem
3163 4081 3329 4136 habet
3386 4085 3663 4136 terminum

2103 4169 2418 4225 Paschalem
2444 4171 2645 4240 Aprilis
2671 4168 2726 4233 2,
2747 4171 2903 4239 cujus
2933 4171 3214 4242 regulares
3240 4179 3374 4226 sunt
3396 4171 3454 4235 2,
3492 4175 3663 4244 cyclus

2104 4264 2235 4318 solis
2266 4277 2320 4317 vt
2365 4269 2758 4317 concurrentes
2807 4261 2994 4316 itidem
3028 4262 3177 4315 dedit
3209 4261 3242 4315 6
3281 4277 3384 4331 per
3412 4278 3661 4318 canouetn

2106 4371 2192 4420 tv;
2229 4354 2388 4409 ambo
2409 4353 2620 4408 collecti
2650 4353 2838 4408 feriam
2869 4369 2885 4406 t
2915 4352 3194 4406 exhibent.

430 4442 550 4496 dem
582 4456 848 4495 canonctn
869 4440 1241 4510 deprehensus
1269 4449 1353 4493 est
1377 4439 1469 4503 22,
1511 4449 1904 4496 concurrentes
1934 4441 1988 4496 5.
2030 4456 2074 4510 ι)
2175 4443 2267 4499 Sic
2295 4458 2437 4498 anno
2465 4441 3067 4512 Constantinopolitano
3091 4441 3253 4507 7050,
3277 4444 3471 4515 cyclus
3491 4442 3655 4498 lunml

431 4533 725 4604 Regularcs
765 4533 968 4601 Aprilis
991 4533 1045 4586 itt
1071 4533 1312 4586 secundo
1361 4549 1521 4588 vcrsu
1557 4533 1888 4603 regularium
1917 4541 1997 4587 ta-

429 4624 567 4679 bula:
599 4639 657 4678 ιιι
693 4633 819 4679 sunt
856 4625 918 4688 ι,
965 4625 1057 4693 qui
1105 4637 1229 4678 cum
1279 4624 1313 4677 5
1343 4625 1797 4678 concurrentibus
1822 4664 1838 4689 ,
1870 4634 1925 4679 et
1967 4624 2001 4679 9

429 4714 620 4770 diebus
647 4715 848 4784 Aprilis
877 4723 1213 4784 componunt
1243 4715 1308 4769 15
1337 4731 1351 4780 ;
1384 4715 1630 4785 adeoque
1663 4714 1856 4769 feriant
1893 4731 1933 4770 ι.

498 4802 856 4874 Experiamur
895 4821 961 4859 an
1019 4813 1164 4862 recte
1219 4807 1429 4876 positus
1487 4808 1558 4863 sit
1605 4808 1850 4861 calculus
1902 4822 1999 4876 per

429 4896 912 4951 characterismum
952 4912 1218 4952 annorum
1270 4899 1496 4962 Christi,
1534 4899 1615 4953 vel
1664 4900 1872 4968 periodi
1903 4899 2000 4952 Juo

432 4983 607 5040 lianw.
662 4987 852 5041 Annus
905 4987 1304 5044 Alexandrinus
1351 4989 1520 5052 7034,
1557 4990 1820 5045 detractis
1855 4991 1994 5055 779,

429 5076 698 5131 invenitur
732 5079 936 5147 periodi
956 5079 1184 5136 Juliana:
1217 5081 1390 5146 6255,
1421 5084 1514 5152 qui
1543 5091 1598 5137 et
1624 5084 1766 5138 idem
1803 5099 2000 5153 prove-

431 5167 510 5220 uit
536 5167 726 5222 ablatis
765 5169 866 5224 795
891 5171 958 5225 de
993 5189 1138 5227 anno
1189 5173 1327 5228 7050
1379 5174 1999 5245 Constantinopolitano

430 5273 495 5310 cx
525 5259 779 5314 methodo
806 5264 1032 5318 canonis
1071 5279 1129 5318 ιι.
1164 5263 1268 5319 Sed
1311 5277 1364 5321 et
1410 5267 1571 5322 iidem
1621 5272 1749 5322 anni
1781 5271 2003 5338 conspi-

431 5355 555 5401 rant
585 5348 638 5401 in
661 5366 863 5403 annum
887 5353 1088 5409 Christi
1121 5357 1276 5420 l5l2,
1308 5358 1364 5412 si-
1393 5373 1457 5412 ex
1503 5360 1874 5414 Alexandrino
1907 5361 2000 5414 ab-

427 5435 609 5503 jeccro
636 5440 794 5504 5492,
817 5452 870 5496 et
898 5459 929 5497 e
957 5443 1584 5519 Constantinopolitano,
1607 5451 1767 5505 5508.
1788 5451 1856 5503 At
1882 5460 1996 5505 tam

429 5542 603 5584 annus
635 5532 840 5600 periodi
888 5529 1116 5592 Juliana:
1151 5539 1326 5604 0255,
1386 5557 1547 5611 quant
1579 5543 1786 5597 Christi
1819 5544 1958 5597 1542
1979 5587 1991 5606 ,

429 5618 636 5675 obtinet
661 5623 873 5692 cyclum
905 5628 1036 5682 solis
1076 5627 1379 5685 Romanum
1415 5648 1490 5696 xt,
1522 5634 1609 5688 cui
1641 5651 1707 5688 ex
1735 5635 1920 5689 tabula
1958 5651 1995 5688 ιι

431 5711 685 5772 competit
718 5713 894 5769 littera
923 5717 988 5773 A.
1013 5717 1181 5779 Igitur
1215 5722 1496 5778 verissime
1530 5724 1878 5784 pronuntiata
1909 5731 1994 5778 est

2101 4538 2392 4594 terminum
2433 4535 2590 4590 oﬁ‘ert
2637 4535 2692 4588 in
2731 4533 2916 4588 tabula
2941 4549 3012 4596 tv,
3046 4534 3252 4604 Aprilis
3284 4550 3348 4598 ιι,
3374 4550 3500 4590 cum
3527 4552 3661 4605 regu-

2100 4629 2306 4684 laribus
2334 4628 2389 4682 5.
2417 4627 2618 4698 Cyclus
2647 4626 2779 4681 solis
2820 4641 2883 4679 ex
2915 4640 3165 4680 canonet
3200 4625 3301 4680 fuit
3323 4626 3417 4690 22,
3446 4642 3658 4681 concur-

2098 4729 2282 4778 rentes
2316 4722 2368 4786 5,
2403 4721 2497 4792 qui
2532 4736 2658 4774 cum
2693 4718 3038 4790 regularibus
3077 4719 3379 4774 ostendunt
3407 4719 3592 4776 feriam
3622 4736 3652 4782 t,

2098 4814 2313 4884 qualem
2339 4812 2652 4876 Graecorum
2687 4809 3041 4881 Horologium
3073 4809 3439 4865 demonstrat.

2097 4924 2279 4979 CANON
2309 4923 2418 4979 Vll.
2457 4922 2666 4976 Pascha
2702 4919 3089 4985 Christianum,
3123 4938 3186 4992 ac
3223 4924 3498 4992 pra’cipua
3529 4921 3651 4979 Cra-

2379 5011 2560 5049 corum
2595 4994 2730 5063 [exta
2759 4994 2939 5062 quovis
2979 5009 3118 5046 armo
3147 4991 3395 5060 deﬁnire.

2167 5083 2416 5140 Paschali
2449 5086 2679 5139 termino
2713 5098 2810 5153 per
2847 5082 3185 5153 superiorem
3212 5098 3482 5139 canonem
3505 5083 3657 5138 anim-

2100 5177 2367 5240 adverso,
2411 5177 2638 5246 ejusque
2679 5175 2851 5238 feria,
2900 5175 2949 5230 si
2992 5174 3277 5230 Dominica
3328 5177 3444 5241 sit',
3490 5177 3539 5230 in
3582 5189 3656 5229 se-

2098 5277 2357 5338 qttentem
2392 5267 2726 5322 Dominicam
2753 5266 3097 5322 diﬁunditur.
3139 5267 3197 5322 Si
3234 5268 3469 5323 alteram
3509 5269 3561 5321 in
3589 5265 3650 5320 te-

2098 5362 2236 5413 riam
2266 5362 2529 5415 terminus
2561 5363 2801 5415 incurrat
2821 5401 2835 5421 .
2859 5360 3104 5431 proxime
3129 5374 3370 5430 sequens
3399 5359 3651 5415 Dominica

2099 5449 2309 5505 Pascha
2327 5451 2730 5507 oChristianum
2773 5454 3064 5508 obtinebit.
3111 5451 3345 5507 lnvento
3391 5451 3652 5508 Paschale.

2099 5542 2237 5598 testa
2272 5543 2476 5611 reliqua
2526 5545 2679 5597 nullo
2729 5545 2947 5615 negotio
2997 5545 3266 5614 reperies.
3306 5543 3437 5599 Haec
3467 5541 3650 5596 metho-

2099 5632 2202 5687 dus
2220 5640 2270 5686 et
2299 5648 2392 5702 per
2433 5633 2713 5691 se-t'acilis
2743 5643 2845 5702 est,
2887 5645 2941 5692 et
2983 5636 3166 5706 capite
3211 5635 3492 5706 superiori
3518 5630 3654 5700 huius

2098 5721 2224 5777 libri
2247 5722 2573 5778 continetur.
