3808 6340
187 367 204 418 l
215 365 318 420 453

761 477 988 533 CAPUT
1029 479 1166 534 XIV.

186 617 259 671 De
283 627 547 670 certorum
572 617 837 671 hominum
866 617 1112 671 Paschali
1134 626 1371 686 computo
1395 634 1456 670 ac
1486 617 1747 680 methodo,

249 703 380 756 quos
433 688 491 742 S.
547 687 817 742 Maximus
871 688 1325 751 πενταπλοῦντας,
1370 698 1418 741 et
1459 687 1750 753 ἐξαπλοῦν-

249 774 351 820 τας
416 760 689 822 nominat;
754 775 847 811 nos
883 759 1332 827 undecuplalores
1384 756 1746 827 appellamus,

248 844 474 896 quorum
502 830 640 881 ratio
661 844 818 896 prope
858 825 1235 881 inextricabilis
1279 831 1387 880 vita
1420 825 1426 826 ⁷
1454 825 1746 896 Sealigero,

251 898 512 966 facillime
537 897 860 953 declaratur.
896 897 970 951 De
1003 897 1188 952 iisdem
1221 913 1367 950 error
1398 896 1676 967 Scaligeri.

250 1032 524 1086 Maximus
558 1040 764 1103 martyr
789 1032 974 1102 prima;
1003 1033 1176 1102 partis
1204 1033 1463 1103 computi,
1497 1047 1621 1103 cap.
1655 1030 1746 1100 XI,

178 1129 236 1178 et
266 1121 363 1176 χιι
387 1164 402 1186 ,
438 1138 503 1178 ac
553 1133 662 1179 tota
707 1125 944 1180 secunda
971 1133 1124 1196 parte
1162 1135 1354 1180 contra
1382 1133 1564 1181 certos
1591 1140 1747 1180 com-

181 1213 299 1284 puti
334 1212 570 1269 artiﬁces
599 1213 860 1284 disputat,
895 1230 1033 1287 quos
1065 1216 1521 1282 πεπαπλοῦντας.
1546 1227 1600 1273 et
1627 1217 1749 1282 ἐξα-

182 1304 451 1368 πλοῦντας
483 1313 670 1370 vocat;
708 1305 808 1359 hoc
849 1313 933 1361 est
968 1305 1260 1376 quinquies
1287 1317 1340 1363 et
1369 1309 1546 1364 sexies
1575 1323 1748 1365 annos

176 1397 320 1468 cycli
368 1396 576 1450 lunaris
608 1395 1068 1466 multiplicantes;
1113 1397 1220 1460 vel,
1267 1404 1328 1450 ut
1358 1411 1468 1452 uno
1500 1398 1662 1454 verbo
1695 1398 1750 1454 id

177 1489 539 1560 exprimatur,
565 1488 824 1544 undecies
854 1507 868 1542 :
903 1503 1139 1559 quorum
1167 1489 1482 1545 methodum
1512 1492 1749 1547 secunda

181 1592 334 1654 parte
361 1582 636 1653 praponit,
668 1583 765 1636 sed
795 1581 1028 1636 obscure
1056 1595 1119 1635 ac
1147 1582 1421 1652 perplexe,
1449 1590 1509 1637 ut
1537 1585 1751 1641 diﬁicile

178 1675 252 1730 sit
280 1675 410 1744 quid
453 1675 556 1730 sibi
585 1673 718 1728 velit
751 1673 986 1744 assequi.
1017 1671 1176 1739 Quod
1209 1682 1262 1728 et
1305 1672 1550 1746 Scaliger
1574 1677 1668 1734 lib.
1708 1694 1747 1733 ιι

179 1767 259 1822 De
308 1766 672 1821 emendatione
719 1775 1008 1834 temporum
1055 1764 1287 1832 fatetur,
1327 1781 1447 1836 cap.
1498 1765 1574 1824 De
1609 1769 1747 1825 falso

176 1857 336 1928 cyclo
363 1853 638 1910 Paschali.
672 1854 783 1911 Nos
816 1863 996 1910 tamen
1044 1856 1320 1925 aspirante
1353 1855 1486 1924 Deo,
1517 1870 1574 1914 et
1603 1860 1750 1928 ejus-

179 1948 304 2003 dem
351 1947 688 2003 sanctissimi
730 1946 987 2018 martyris
1033 1946 1290 2016 precibus
1342 1948 1538 2018 adjuti,
1587 1951 1750 2007 tricas

177 2039 316 2094 istas
347 2054 540 2093 omnes
567 2038 922 2107 pervicimus.
964 2053 1028 2092 ac
1056 2043 1224 2093 totam
1255 2038 1401 2093 illam
1437 2041 1747 2095 methodnm

176 2129 586 2199 exploravimus
615 2145 630 2182 :
660 2127 818 2196 cujus
857 2127 945 2182 hic
978 2126 1263 2182 scientiam
1313 2126 1577 2184 studiosis
1617 2130 1750 2183 ado-

173 2218 514 2276 lescentibus
539 2217 935 2288 impartiemur.
967 2216 1100 2271 Nam
1130 2233 1238 2272 non
1267 2218 1445 2273 solum
1476 2219 1544 2273 ad
1574 2222 1750 2291 expli-

178 2314 417 2368 candum
456 2311 675 2366 Maximi
705 2319 1025 2380 computum
1061 2312 1175 2366 hac
1209 2327 1240 2366 a
1280 2312 1440 2368 nobis
1467 2329 1630 2383 opera
1663 2329 1750 2368 re-

176 2407 459 2477 quiritur,
515 2403 617 2458 sed
663 2410 754 2458 est
815 2403 977 2457 etiam
1032 2403 1099 2457 ad
1161 2401 1748 2472 Constantinopolitani

177 2494 444 2565 computi,
483 2506 643 2565 quem
689 2506 854 2562 supra
901 2491 1324 2556 declaravimus,
1370 2491 1748 2548 illustrandam

175 2590 446 2659 originem
500 2587 805 2657 aptissima.
861 2584 1104 2639 Primum
1155 2587 1338 2658 itaque
1391 2602 1513 2657 quae
1565 2585 1748 2640 diver-

173 2681 256 2736 sis
281 2679 418 2735 locis
445 2677 512 2734 de
543 2678 651 2734 illis
683 2676 950 2732 Maximus
978 2677 1284 2745 tradiderit,
1316 2679 1371 2733 in
1401 2692 1568 2732 unum
1598 2676 1750 2731 colli.

174 2787 390 2843 gemus.

259 2864 574 2934 ’Υποτομὴν
619 2861 868 2933 σελήνης,
911 2876 1070 2931 quem
1103 2879 1126 2911 ‹
1159 2861 1355 2915 saltum
1399 2860 1540 2914 luna:
1575 2879 1596 2912 ι
1627 2860 1748 2914 vll—

172 2970 339 3027 gares
370 2953 614 3023 computi
646 2953 953 3015 nominant,
994 2951 1070 3004 ait
1103 2951 1279 3021 capite
1317 2951 1603 3005 undecimo
1632 2950 1748 3018 pri-

171 3062 278 3101 ma:
307 3045 482 3116 partis
514 3045 582 3099 ab
622 3045 733 3099 illis
777 3042 1016 3098 conferri
1053 3042 1106 3095 in
1141 3057 1342 3096 annum
1378 3042 1515 3112 cycli
1545 3057 1622 3105 ιι,
1653 3042 1745 3111 qui

167 3147 258 3195 est
291 3154 382 3193 xtv
409 3138 724 3193 Graecorum
774 3145 828 3192 et
853 3135 1244 3200 Romanorum,
1273 3134 1433 3202 cujus
1460 3134 1743 3190 neomenia
1772 3170 1813 3227 ϐ

169 3230 343 3299 cmpit
375 3227 687 3283 Decembris
723 3225 950 3291 ultimo;
1002 3239 1180 3278 annus
1213 3223 1330 3293 ipse
1367 3239 1499 3278 vero
1540 3223 1744 3278 desinit

168 3324 226 3378 in
267 3321 584 3378 Decembris
620 3334 777 3374 xvm.
818 3316 974 3373 Unde
1007 3331 1244 3386 sequens
1289 3331 1486 3380 annus,
1525 3315 1618 3386 qui
1652 3331 1745 3387 cy-

164 3417 258 3470 clo
286 3412 516 3468 all‘ectus
545 3419 663 3467 erat
684 3411 901 3464 illorum
921 3423 1019 3470 xu,
1047 3406 1452 3462 Catholicorum
1485 3422 1573 3471 xv,
1602 3421 1632 3460 a
1657 3407 1746 3462 die

168 3525 265 3562 xix
295 3505 608 3562 Decembris
634 3504 840 3570 inibat;
869 3503 942 3557 ita
967 3509 1030 3556 ut
1058 3502 1184 3555 luna
1207 3517 1298 3556 xtv
1320 3503 1544 3558 caderet
1569 3503 1623 3556 in
1643 3500 1745 3556 Ka-

166 3600 367 3658 lendas
412 3595 725 3653 Januarias.
779 3595 959 3663 Quare
1015 3612 1193 3651 annus
1241 3595 1380 3666 cycli
1421 3595 1744 3649 undecimus

167 3691 320 3762 apud
353 3689 781 3760 undecuplantes
815 3688 948 3744 istos
1001 3689 1108 3758 (sic
1135 3687 1280 3743 enim
1312 3687 1583 3757 appellare
1611 3685 1744 3740 mihi

167 3783 383 3856 liceat),
423 3784 541 3838 sive
579 3782 826 3837 decimus
868 3789 1098 3852 quartus
1127 3779 1578 3844 orthodoxorum,
1629 3778 1745 3836 (lie-

167 3879 280 3934 bus
335 3875 626 3932 constabat
672 3873 934 3929 trecentis
979 3873 1375 3944 quinquaginta
1421 3870 1622 3933 tribus,
1680 3885 1744 3925 ac

168 3971 283 4027 diei
315 3968 483 4024 unius
525 3964 841 4036 suppressio
869 3965 1032 4019 (iebat
1076 3963 1390 4020 Decembris
1427 3977 1544 4026 xix,
1571 3961 1743 4030 siqui-

165 4054 296 4119 dem
329 4060 618 4115 neomenia
652 4057 788 4128 cycli
836 4056 1054 4110 illorum
1087 4070 1187 4118 xn,
1227 4061 1542 4108 nostrorum
1583 4067 1676 4115 xv,
1710 4067 1743 4106 a

167 4169 245 4208 xx
282 4150 618 4213 Decembris,
657 4149 748 4203 cui
784 4163 852 4202 ex
897 4145 1391 4201 Alexandrinorum
1426 4141 1744 4214 pmscripto

167 4245 293 4294 erat
326 4236 507 4300 aﬁixa,
540 4237 605 4290 ad
637 4251 730 4290 xix
753 4232 1222 4299 transferebatur;
1252 4239 1312 4286 ut
1341 4246 1484 4286 unus
1516 4231 1608 4285 ille
1635 4230 1746 4286 dis-

167 4330 530 4386 simularetur
563 4327 701 4382 dies.
729 4327 807 4381 Ac
851 4333 984 4380 tunc
1027 4325 1275 4380 decimus
1306 4338 1485 4380 nonus
1518 4321 1743 4377 Decem-

166 4423 290 4478 bris
339 4419 618 4475 numerari
669 4417 758 4472 bis
813 4417 1045 4482 solebat,
1098 4423 1158 4469 ut
1201 4421 1317 4468 tam
1369 4411 1741 4468 antecedentis

1132 367 1590 423 DlSSEllTATlO
1630 371 1730 462 DE.
1758 371 2165 426 GBASCORUM
2206 371 2408 426 £315.

3276 377 3413 430 1454

1779 490 1822 544 Δ
1852 492 2142 555 quartum,
2188 484 2382 539 horum
2436 500 2565 540 vero
2599 485 2833 555 primum
2879 487 3095 543 illorum
3145 489 3414 546 decimum

1851 578 2162 648 septimum.
2193 577 2264 630 At
2295 576 2491 632 solaris
2522 578 2708 648 cyclus
2743 580 2814 632 ita
2850 595 2909 634 se
2941 580 3122 646 habet,
3154 589 3213 634 ut
3244 583 3416 638 unde-

1850 668 2184 738 cuplantium
2228 668 2436 739 primus
2477 667 2548 722 sit
2582 667 2918 734 Graecorum,
2955 671 3048 739 qui
3092 671 3416 727 Alexandri-

1851 780 1979 818 num
2030 771 2346 833 computum
2387 780 2556 818 unum
2599 765 2664 819 de
2705 766 2919 821 duohus
2949 767 3230 833 adhibent,
3275 785 3418 840 quos

1851 855 2103 925 superius
2124 854 2370 924 exposui,
2400 854 2645 908 decimus
2669 856 2880 911 tertius.
2907 855 3051 921 Ideo,
3079 873 3202 912 cum
3223 861 3414 930 cyclus

1847 946 2162 1001 Graecorum
2196 945 2598 1000 Alexandrinus
2635 948 2843 1014 primus
2889 949 3217 1019 respondeat
3258 959 3414 1006 sexto

1847 1037 2002 1109 cyclo
2029 1035 2299 1102 Romano,
2337 1047 2394 1090 ut
2425 1052 2545 1106 cap.
2582 1034 2624 1088 V
2660 1037 2823 1107 hujus
2853 1039 2978 1093 libri
3017 1038 3415 1095 demonstravi-

1849 1143 2004 1192 mus,
2045 1127 2254 1198 primus
2296 1127 2776 1198 undecuplantium
2816 1129 2923 1183 erit
2961 1127 3236 1186 Romanus
3264 1130 3412 1187 deci-

1848 1236 1970 1275 mus
1997 1229 2243 1275 octavus.

1915 1309 2090 1379 Caput
2119 1311 2334 1364 illorum
2361 1310 2621 1372 methodi,
2650 1326 2718 1365 ac
2743 1311 3012 1380 praecipua
3041 1311 3414 1382 reprehensio-

1847 1401 1935 1457 nis
1972 1416 2127 1471 scges
2159 1401 2305 1472 apud
2339 1399 2630 1454 Maximum
2665 1402 2720 1455 in
2765 1402 3027 1467 terminis,
3061 1403 3175 1458 sive
3203 1404 3415 1473 quartis

1849 1491 2072 1547 decimis
2124 1491 2484 1548 Paschalibus
2537 1493 2815 1558 consistit,
2867 1494 3012 1564 quod
3068 1495 3146 1548 illi
3194 1495 3412 1550 easdem

1849 1584 1988 1648 dies,
2027 1599 2149 1655 quae
2195 1585 2265 1640 ab
2310 1585 2693 1641 Alexandrinis
2729 1596 2784 1641 et
2822 1585 3118 1641 Catholicis
3165 1601 3416 1641 numera-

1848 1674 2048 1729 bantur
2070 1676 2294 1730 decimae
2318 1684 2545 1747 quartae,
2576 1677 2775 1749 saepius
2800 1677 3041 1733 decimas
3067 1679 3304 1748 quintas,
3332 1679 3414 1732 vel

1855 1774 2039 1822 sextus
2083 1767 2323 1824 decimas
2355 1769 2654 1839 putabant:
2690 1769 2834 1842 quod
2885 1779 2942 1824 ut
2983 1770 3066 1825 via
3108 1780 3161 1826 et
3204 1771 3416 1826 ratione

1854 1859 2112 1922 facerent,
2161 1861 2497 1929 propositum
2544 1861 2845 1930 quemlibet
2889 1877 3094 1916 annum
3143 1862 3281 1933 cycli
3329 1862 3416 1917 sui

1848 1950 2085 2020 primum
2118 1967 2213 2021 per
2256 1952 2516 2022 quinque,
2564 1952 2763 2008 deinde
2801 1969 2897 2023 per
2949 1969 3043 2008 sex
3079 1954 3413 2024 mmitiplica-

1848 2040 1999 2104 bant,
2039 2040 2142 2094 hoc
2169 2049 2254 2096 est
2290 2043 2341 2095 in
2375 2049 2543 2097 totum
2584 2058 2684 2112 per
2717 2043 2992 2108 undecim,
3025 2052 3138 2098 tum
3167 2044 3236 2098 ad
3267 2061 3416 2100 sum-

1849 2145 1990 2182 mam
2027 2130 2151 2184 inde
2179 2131 2468 2184 conﬂatam
2499 2132 2616 2186 dies
2650 2131 3010 2201 adjiciebant;
3038 2133 3130 2204 qui
3155 2149 3184 2187 a
3213 2133 3413 2189 Kalen-

1847 2221 1936 2276 dis
1963 2219 2237 2277 Januariis
2278 2223 2348 2276 ad
2393 2222 2686 2277 terminum
2730 2223 3047 2280 Paschalem
3094 2226 3240 2281 illius
3289 2226 3417 2281 anni

1849 2311 2296 2365 numerabantur.
2327 2310 2540 2367 Rursus
2571 2319 2701 2382 quot
2736 2312 2773 2365 ii
2805 2313 2923 2368 dies
2953 2325 3112 2368 erant
3151 2331 3182 2368 a
3209 2314 3414 2370 Kalen-

1846 2401 1934 2456 dis
1962 2399 2236 2458 Januariis
2282 2403 2349 2458 ad
2380 2404 2696 2468 terminum,
2737 2411 2822 2457 tot
2853 2406 3220 2475 sexagesimus
3252 2407 3416 2462 unius

1847 2494 1954 2550 diei
1989 2495 2314 2564 capiebant:
2346 2496 2411 2550 ad
2447 2512 2586 2567 quas
2619 2498 2780 2553 toties
2818 2497 3057 2567 quinque
3086 2498 3219 2554 alias
3257 2514 3416 2554 sexa-

1846 2583 2082 2654 gesimus
2127 2583 2353 2640 diurnas
2393 2586 2747 2657 adjiciebant,
2799 2596 3000 2658 quotus
3049 2602 3228 2642 annus
3274 2591 3412 2661 cycli

1847 2675 2168 2746 putabatur;
2210 2692 2478 2731 summam
2525 2679 2984 2750 sexagesimarum
3019 2696 3114 2749 per
3140 2681 3212 2735 .60
3245 2683 3415 2750 parti-

1847 2775 1956 2820 tam
1998 2766 2055 2820 in
2098 2767 2216 2822 dies
2267 2768 2625 2840 redigebant:
2659 2785 2797 2841 quos
2845 2770 2912 2824 ad
2955 2771 3188 2840 priorem
3233 2772 3416 2842 ὁμὰὁα

1846 2857 2056 2912 dierum
2100 2860 2485 2914 accensebaut.
2538 2859 2654 2914 Hoc
2688 2861 2853 2917 modo
2880 2860 3003 2916 dies
3031 2861 3247 2926 cadem,
3293 2879 3414 2932 qua:

1847 2957 2038 3019 quarta
2070 2950 2278 3005 decima
2326 2951 2544 3008 Nicena
2583 2961 2720 3018 erat,
2763 2957 2954 3025 quinta
2998 2954 3210 3010 decima
3247 2971 3410 3026 szepe,

1848 3041 1951 3094 hoc
1979 3048 2065 3094 est
2104 3041 2157 3094 in
2189 3042 2348 3097 annis
2377 3058 2511 3109 xm;
2543 3045 2708 3100 semel
2737 3053 2892 3101 sexta
2920 3045 3128 3100 decima
3161 3062 3414 3101 numera-
3509 3079 3516 3085 -

1849 3133 2027 3196 batur,
2060 3133 2116 3189 in
2153 3149 2297 3188 anno
2325 3137 2538 3190 decimo
2561 3128 2717 3191 sexto
2747 3136 2919 3208 cycli;
2945 3138 3000 3191 in
3039 3139 3280 3204 caeteris"
3311 3137 3415 3194 hoc

1845 3233 1929 3280 est
1961 3226 2016 3280 in
2049 3242 2088 3290 ι,
2114 3243 2174 3284 n.
2206 3243 2287 3289 In,
2323 3243 2394 3289 tv,
2427 3235 2481 3282 et
2513 3243 2668 3290 xvnt,
2704 3239 2897 3298 quarta
2938 3228 3151 3284 decima
3187 3229 3416 3298 putaba-

1845 3325 1950 3370 tur.
1985 3315 2122 3369 Hinc
2153 3315 2288 3369 illud
2317 3316 2625 3380 eveniebat,
2671 3324 2730 3370 ut
2762 3314 2971 3372 Pascha
3004 3331 3071 3370 ex
3104 3330 3292 3370 eorum
3322 3330 3417 3370 ra-

1845 3407 2086 3461 tiociniis
2121 3406 2246 3461 luna
2280 3422 2393 3460 xxii
2440 3407 2525 3461 vel
2560 3422 2692 3460 um
2716 3407 3115 3472 celebraretur;
3152 3406 3289 3462 alias
3309 3421 3418 3460 au-

1844 3505 1950 3552 tem
1980 3513 2105 3553 cum
2138 3498 2409 3553 catholica
2454 3500 2638 3569 regula
2688 3499 3026 3552 conveniret.
3064 3495 3218 3563 Quod
3262 3505 3417 3552 ante-

1843 3606 2004 3662 quam
2056 3608 2157 3646 usu
2201 3592 2318 3661 ipso
2365 3591 2737 3661 exemplisque
2775 3590 3111 3652 declaretur,
3165 3590 3417 3645 schema-

1845 3689 1960 3736 tum
2005 3682 2194 3746 trium,
2237 3696 2362 3752 qua:
2411 3682 2468 3735 in
2515 3697 2557 3736 ιι
2602 3689 2756 3752 parte
2782 3680 3079 3752 descripsit
3124 3679 3413 3745 Maximus,

1844 3773 2110 3828 rationem
2141 3773 2455 3828 reddemus.

1912 3863 1972 3918 In
1997 3863 2150 3934 cyclo
2175 3861 2464 3927 Victorini,
2487 3862 2580 3933 qui
2601 3869 2688 3918 est
2718 3876 2983 3916 annorum
3008 3861 3112 3916 55?.
3137 3861 3247 3933 (hic
3269 3861 3414 3916 enim

1844 3971 2083 4026 presens
2122 3954 2189 4008 ad
2219 3954 2522 4009 institutum
2546 3953 2891 4021 assumitur),
2922 3954 3059 4024 cycli
3101 3960 3230 4008 sunt
3262 3955 3391 4008 luna

1845 4061 1956 4110 res,
1985 4046 2100 4101 sive
2130 4044 2678 4100 enneadecaeterides
2711 4053 2836 4098 octo
2871 4053 2925 4099 et
2964 4045 3190 4114 viginti;
3223 4045 3416 4100 solaris

1843 4135 1973 4191 item
2011 4135 2171 4207 cycli,
2209 4137 2294 4190 vel
2325 4135 2899 4204 εἰκοσιοκταετηρίδες,
2930 4135 3325 4190 novemdccim.
3359 4134 3416 4190 In

1843 4237 1983 4292 rota,
2013 4241 2185 4290 zonae,
2211 4225 2296 4279 vel
2322 4225 2517 4279 circuli
2550 4232 2678 4279 sunt
2706 4239 2922 4278 novem.
2945 4224 3182 4291 Primus,
3207 4233 3261 4280 et
3279 4227 3415 4278 exti-

1842 4334 1966 4374 mus
2002 4319 2214 4389 cyclum
2249 4317 2482 4372 solarem
2527 4316 2793 4379 continet,
2821 4315 3005 4384 qualis
3047 4315 3338 4377 adhibetur
3387 4332 3416 4369 a

1843 4410 2115 4473 Maximo,
2147 4410 2239 4479 qui
2283 4417 2365 4464 est
2411 4407 2765 4462 Alexandrini
2811 4405 3125 4461 Glaucorum
3171 4408 3416 4477 computi

165 4519 486 4584 postremus
516 4516 819 4579 putaretur,
847 4521 1014 4577 quam
1042 4504 1254 4575 primus
1284 4504 1584 4573 sequentis.
1607 4501 1741 4557 Bur-
1773 4510 1816 4563 ι)
1847 4501 2127 4572 proprius;
2170 4498 2443 4554 secundus
2487 4499 2635 4553 orbis
2676 4506 2897 4567 epactas
2931 4497 3086 4561 solis,
3130 4497 3245 4553 sive
3285 4513 3413 4552 con-

163 4620 270 4660 sus
301 4617 424 4671 cap.
451 4598 547 4654 Xll
578 4598 744 4655 refert
773 4598 914 4662 illos,
941 4596 1011 4651 ad
1031 4595 1379 4666 exemptilem
1413 4596 1558 4651 diem
1587 4610 1738 4650 com-

167 4693 554 4766 pensandum,
611 4691 841 4761 singulis
901 4689 1062 4744 annis
1125 4688 1326 4744 addere
1384 4687 1741 4758 sexagenaria

164 4783 435 4855 scrupula
457 4783 732 4853 quinque;
763 4789 820 4836 et
861 4780 941 4836 sic
972 4779 1132 4835 annis
1163 4778 1448 4835 duodecim
1475 4778 1616 4832 diem
1655 4778 1741 4832 in-

159 4888 388 4950 tegrum
426 4875 627 4946 colligi,
661 4889 724 4929 ac
765 4874 982 4929 demum
1021 4887 1116 4929 eos
1160 4872 1310 4942 ipsos
1354 4870 1422 4925 ad
1476 4886 1741 4926 annorum

162 4969 370 5026 Adami
399 4975 718 5037 computum
745 4980 921 5020 annos
947 4981 1034 5019 xvi
1070 4963 1324 5033 adjicere.

237 5060 305 5114 ιιι
335 5056 575 5116 secunda
602 5070 733 5111 vero
781 5062 938 5125 parte
973 5054 1214 5122 computi
1266 5051 1576 5106 methodum
1618 5052 1737 5105 illo-

159 5167 296 5208 mm
346 5149 522 5204 tribus
569 5146 759 5218 ﬁguris
805 5145 1063 5216 explicat,
1106 5144 1210 5199 hoc
1241 5151 1326 5200 est
1366 5151 1486 5197 rota
1528 5159 1657 5208 una,
1688 5151 1742 5197 et

157 5243 465 5308 laterculo,
491 5240 577 5296 vel
608 5253 817 5295 canone
843 5236 1047 5306 duplici
1074 5253 1089 5291 :
1133 5251 1364 5306 quorum
1397 5236 1534 5291 alter
1559 5235 1630 5289 ad
1665 5236 1741 5290 si-

159 5341 444 5401 nistram,
489 5334 627 5388 alter
667 5332 735 5385 ad
781 5329 1026 5385 dextram
1065 5339 1198 5383 rotat
1245 5326 1555 5396 descriptus
1601 5335 1740 5383 erat.

158 5425 285 5483 Sed
329 5431 554 5495 propter
594 5418 878 5492 angustias
924 5417 1130 5472 charta:
1176 5432 1342 5488 supra
1384 5417 1573 5472 ambos
1622 5426 1741 5472 rota

159 5516 477 5573 constituta
517 5521 626 5569 est.
655 5510 732 5564 Ex
763 5511 868 5563 hac
905 5521 1070 5578 porro
1096 5508 1351 5563 methodo
1391 5514 1606 5563 constat
1650 5523 1742 5577 cy-

161 5613 322 5667 clum
352 5610 598 5664 lunarem
630 5604 772 5676 apud
813 5605 947 5661 istos
975 5601 1219 5657 ternario
1259 5602 1524 5656 minorem
1572 5599 1743 5656 fuisse

160 5701 388 5764 Graeco,
412 5699 496 5754 vel
520 5694 906 5760 Alexandrino,
931 5692 1023 5764 qui
1051 5692 1190 5748 idem
1214 5699 1268 5748 et
1293 5691 1570 5748 Romanus
1597 5691 1736 5745 fuit:

159 5801 223 5850 et
266 5792 506 5849 orimum
547 5788 1030 5855 undecuplantium
1085 5801 1208 5844 esse
1248 5785 1743 5842 Alexandrinorum

1843 4600 2132 4649 currentes
2164 4592 2358 4658 habet;
2390 4593 2582 4648 tertius
2611 4590 2921 4645 bissextiles
2947 4596 3134 4656 notat;
3164 4597 3416 4661 quartus,

1847 4705 2026 4745 annos
2055 4688 2190 4760 cycli
2213 4687 2413 4743 solaris
2439 4685 2920 4755 undecuplantium
2942 4701 2957 4746 ;
2983 4684 3078 4754 qui
3103 4685 3187 4740 sic
3217 4683 3415 4752 priori-

1850 4781 1952 4834 bus
1978 4777 2324 4850 respondent,
2352 4783 2410 4831 ut
2430 4777 2643 4846 primus
2672 4774 3151 4843 undecuplantium
3183 4775 3254 4828 sit
3285 4774 3418 4830 isto-

1847 4888 1971 4926 rum
2005 4872 2252 4927 decimus
2295 4869 2510 4932 tertius,
2545 4875 2708 4936 atque
2752 4866 2826 4925 ita
2858 4867 3135 4936 deinceps.
3167 4866 3419 4937 Quinque

1845 4965 2009 5017 orbes
2052 4961 2248 5030 reliqui
2297 4975 2472 5014 annos
2517 4958 2801 5013 continent
2834 4957 3001 5028 cyclis
3042 4958 3314 5012 solaribus
3364 4969 3420 5014 et

1847 5053 2136 5108 lunaribus
2181 5059 2416 5117 notatos,
2459 5051 2513 5105 in
2559 5048 2760 5120 quibus
2801 5047 3066 5103 terminus
3114 5046 3416 5117 Paschalis,

1847 5147 1964 5201 sive
2002 5153 2198 5215 quarta
2256 5143 2463 5198 decima
2512 5141 2750 5204 Nicaeus,
2791 5141 2981 5211 quinta
3043 5141 3276 5207 decima,
3331 5143 3417 5198 vel

1845 5247 2000 5294 sexta
2026 5237 2234 5293 decima
2262 5245 2483 5306 putatur
2509 5235 2580 5290 ab
2608 5233 3116 5304 undecuplanti-bus.
3150 5233 3226 5289 ita
3252 5249 3416 5306 porro

1843 5327 2098 5398 dispositi
2131 5333 2258 5382 sunt
2285 5325 2574 5381 interiores
2601 5323 2678 5378 illi
2706 5323 2947 5393 quinque
2970 5322 3182 5386 circuli,
3207 5329 3266 5374 ut
3297 5322 3415 5375 cui—

1849 5422 1983 5476 libet
2001 5437 2147 5476 anno
2173 5421 2310 5491 cycli
2334 5421 2530 5475 solaris
2553 5420 2606 5473 in
2639 5427 2833 5487 quarto
2857 5419 3084 5482 circulo,
3120 5418 3268 5472 cella
3293 5416 3417 5472 dum

1847 5512 2108 5582 subjecta:
2137 5511 2251 5565 sint
2285 5510 2574 5579 cujuslibet
2612 5525 2644 5564 e
2673 5509 2912 5579 quinque
2937 5509 3175 5564 circulis.
3212 5507 3414 5561 [larum

1841 5602 2130 5661 cellarum,
2171 5615 2294 5669 qua:
2337 5599 2406 5654 ad
2457 5601 2646 5653 laevam
2677 5608 2781 5661 est,
2831 5599 3045 5669 cyclum
3098 5597 3259 5662 solis;
3294 5611 3415 5665 qua:

1845 5692 1918 5746 ad
1951 5693 2220 5753 dextram,
2249 5690 2464 5761 cyclum
2501 5690 2642 5743 lunae
2679 5689 3074 5759 complectitur.
3106 5685 3251 5757 Cycli
3289 5697 3417 5742 vero

1851 5784 1988 5844 solis
2024 5785 2083 5839 in
2105 5792 2301 5850 quarto
2347 5782 2556 5837 circulo
2587 5781 2794 5836 indices
2827 5796 2931 5834 una
2974 5789 3100 5834 sunt
3144 5777 3415 5833 enneads-
