3808 6330
415 17 432 24 -..
447 17 528 24 'r-I—
541 17 662 26 τιτι-α..-
679 17 908 28 —-h_—

423 340 563 390 1455

1429 339 1517 392 AD
1547 340 1815 395 EL'SEBII
1857 340 2250 396 CllROXlCON’
2296 340 2659 395 APPENDIX.

3537 343 3646 396 ΗΜ

421 455 780 517 caeteridum,
835 470 902 507 aa
947 469 1083 524 quas
1132 453 1504 522 sulijecta’rmn
1552 459 1810 510 cellarum
1856 459 1991 526 cvi-li
2023 461 2065 516 Λ
2095 465 2353 528 prazterea
2400 456 2690 510 methodus
2727 454 2839 522 ipsa
2879 454 3241 509 demonstrat.
3271 452 3503 517 Etenim,
3531 455 3568 507 si
3593 457 3644 507 ad

423 549 655 608 solares,
689 548 1011 618 Iunaresqne
1043 551 1332 620 pertinent.
1368 547 1610 618 Exempli
1639 564 1803 603 causa
1827 552 1896 603 sit
1921 551 1984 615 A,

420 639 474 694 il
523 649 607 695 est
660 641 867 709 primus
917 643 1102 710 cyclus
1154 641 1349 694 solaris
1398 638 1875 709 undecuplantium
1933 640 1986 693 in

424 738 617 797 quarta
646 744 802 788 zona,
847 729 938 781 cui
975 730 1264 798 respondet
1311 730 1364 781 in
1400 729 1568 797 prima
1603 729 1788 798 cyclus
1833 728 1900 796 ιγ’
1936 729 1987 782 id

423 830 506 873 est
535 835 627 872 xm
661 817 1012 872 Alexandrini
1049 819 1308 888 computi.
1348 817 1482 870 Huic
1527 818 1580 870 in
1623 819 1809 888 quinta
1850 834 1987 872 zona

423 911 542 965 dua:
572 911 719 964 cella:
750 909 1106 978 respondent,
1151 925 1380 978 quarum
1427 910 1597 962 altera
1632 909 1853 963 sinistra
1899 925 1990 979 cy-

421 1005 562 1055 clum
587 1003 719 1056 solis
745 1002 906 1055 habet
934 1003 998 1063 6',
1029 1003 1078 1054 id
1109 1011 1189 1056 est
1219 1002 1285 1066 9;
1319 1001 1508 1054 dextra
1543 1016 1757 1070 quoque
1778 1001 1987 1070 cyclum

419 1092 662 1148 lunarem
689 1094 742 1154 9,
771 1110 880 1162 quo
914 1094 1270 1163 signiﬁcatur,
1306 1092 1362 1145 in
1405 1107 1547 1146 anno
1591 1107 1655 1146 eo
1681 1093 1866 1160 prima;
1893 1107 1990 1146 en-

419 1184 902 1244 neadecaeteridis.
933 1186 1024 1256 qui
1056 1186 1208 1256 cyclo
1238 1186 1370 1239 solis
1399 1192 1453 1240 et
1483 1185 1624 1240 luna:
1655 1202 1703 1238 ix
1733 1185 1988 1256 praeditus

417 1285 521 1341 est,
556 1278 737 1331 lunam
771 1277 1037 1332 decimam
1069 1288 1319 1347 quartam
1349 1276 1622 1331 Niczenam
1657 1277 1725 1332 ab
1755 1278 1990 1331 undecu-

419 1369 698 1437 plantibus
729 1371 905 1438 putari
937 1386 1025 1422 xv.
1045 1368 1206 1434 Quod
1241 1367 1457 1438 quidem
1487 1368 1688 1436 duplici
1724 1367 1790 1422 de
1819 1383 1986 1422 causa

417 1468 628 1529 poterat
690 1459 824 1514 ﬁeri.
885 1461 991 1513 Aut
1044 1461 1187 1514 enim
1252 1468 1475 1528 propter
1530 1459 1986 1514 intervenientem

419 1549 718 1603 bisextilem
751 1551 892 1605 diem
935 1567 947 1602 :
992 1559 1086 1604 aut
1111 1560 1331 1620 propter
1349 1551 1808 1621 sexagesimarum
1837 1552 1988 1605 diur-

418 1655 609 1692 narum
642 1639 990 1709 epilogismos
1027 1640 1263 1696 accidit:
1297 1641 1496 1710 quibus
1527 1642 1688 1694 annis
1725 1641 1988 1695 bisextilis

417 1729 470 1784 id
501 1729 786 1793 eﬂiciebat,
819 1731 886 1785 iis
917 1732 1190 1802 singulare
1224 1739 1482 1800 punctum
1521 1730 1789 1786 Maximus
1813 1733 1986 1786 ascri-

2089 551 2206 605 dies
2243 551 2310 603 94
2355 549 2528 602 addas
2567 547 2657 604 99.
2697 547 2788 616 qui
2823 547 3081 600 oriuntur
3111 547 3476 616 undecuplato
3525 549 3647 615 ryclo

2090 643 2264 695 lunari
2298 659 2370 702 Ix,
2391 641 2589 696 efﬁcies
2612 639 2729 692 dies
2755 638 2872 699 195,
2891 639 3240 707 sexagesima:
3263 653 3392 692 vero
3420 647 3647 706 praeterea

2089 733 2155 786 9i
2200 732 2353 802 (quot
2398 732 2648 784 videlicet
2686 745 2715 781 a
2747 729 3001 784 Kalendis
3038 728 3282 782 Januarii
3330 730 3649 783 intercedunt

2089 827 2250 890 dies),
2268 840 2390 878 cum
2423 823 2775 893 sexagesimis
2793 824 2880 884 45,
2904 838 3024 891 quae
3052 837 3116 874 ex
3139 822 3299 873 annis
3325 820 3358 873 9
3388 822 3649 888 quinquies

2089 915 2468 982 multiplicatis
2497 913 2797 977 exsistunt;
2824 920 3105 983 propterea
3154 911 3298 980 quod
3333 926 3480 965 anno
3517 912 3649 964 cuili-

2091 1005 2179 1059 lret
2211 1006 2347 1074 cycli
2379 1005 2621 1074 quinque
2649 1006 2984 1073 imputantur
3010 1004 3268 1072 scrupula
3300 1003 3502 1055 diurna
3522 1020 3534 1057 :
3556 1017 3650 1053 om.

2091 1110 2208 1159 nes,
2241 1096 2486 1163 inquam,
2526 1095 2630 1148 illze
2676 1094 3027 1163 sexagesima:
3055 1108 3285 1145 numero
3320 1091 3446 1152 159,
3489 1091 3652 1144 divisae

2091 1201 2186 1256 per
2229 1186 2296 1240 60
2340 1185 2566 1240 biduum
2600 1186 2832 1240 solidum
2877 1185 3116 1238 etﬁciunt
3155 1199 3280 1237 cum
3319 1183 3650 1251 sexagesimis

2094 1276 2178 1330 19.
2216 1276 2463 1345 Abjectis
2508 1276 2746 1331 residuis
2787 1276 3081 1346 scrupulis,
3126 1273 3359 1342 soloque
3403 1273 3562 1325 biduo
3595 1274 3647 1325 ad

2091 1368 2428 1438 superiorem
2461 1383 2730 1423 summam
2765 1367 2976 1421 dierum
3011 1365 3220 1426 addito,
3273 1363 3522 1417 conﬁunt
3551 1364 3650 1417 dies

2091 1459 2192 1512 195
2229 1478 2242 1512 :
2295 1460 2497 1528 quibus
2541 1474 2636 1529 per
2668 1458 2736 1512 30
2765 1457 3094 1518 distributis,
3139 1455 3530 1524 relinquuntur
3554 1454 3650 1517 dies

2089 1565 2180 1602 xv.
2217 1547 2452 1603 Proinde
2491 1557 2686 1618 quarta
2728 1547 2846 1601 dies
2879 1546 3104 1615 Aprilis,
3147 1561 3270 1615 qua:
3314 1552 3402 1600 est
3444 1561 3532 1597 xiv
3571 1543 3650 1596 Ni-

2089 1653 2264 1700 caaua,
2315 1653 2382 1692 ex
2434 1638 2649 1692 illorum
2709 1635 3070 1691 subductione
3124 1635 3182 1689 ﬁt
3237 1653 3327 1690 xv.
3377 1634 3649 1690 Videamus

2090 1740 2272 1786 utrum
2323 1729 2379 1782 in
2420 1727 2755 1784 Dominicam
2804 1729 2895 1781 ille
2938 1729 3204 1783 terminus
3254 1729 3522 1784 incurrat.
3564 1725 3650 1780 Per

417 1829 628 1890 pserat;
666 1820 730 1874 ad
762 1837 858 1876 eos
887 1831 1066 1876 autem
1104 1838 1298 1885 annos,
1329 1822 1423 1890 qui
1458 1830 1678 1892 propter
1711 1822 1992 1890 scrupula-
2022 1819 2060 1871 Β
2093 1837 2364 1878 canonem
2404 1837 2460 1876 ιν
2487 1821 2732 1891 ejusdem
2777 1821 2974 1890 capitis
3016 1829 3222 1890 epactas
3273 1820 3412 1874 solis
3439 1820 3493 1872 in
3525 1835 3650 1873 anno

419 1913 553 1965 riam
584 1913 851 1966 rationem
893 1912 1033 1966 idem
1078 1915 1418 1977 obtinebant,
1454 1913 1562 1968 duo
1592 1920 1791 1982 puncta
1826 1921 1982 1966 nota—

415 2011 600 2068 verat;
634 2005 736 2058 tria
764 2003 999 2073 denique
1027 2004 1092 2057 ad
1122 2021 1216 2060 eos
1247 2021 1444 2068 annos,
1481 2006 1533 2058 in
1558 2005 1756 2074 quibus
1775 2004 1985 2059 decima

415 2103 609 2163 quarta
647 2096 940 2164 putabatur
985 2104 1136 2149 sexta
1169 2096 1399 2149 decima.
1451 2092 1554 2149 Sed
1605 2110 1666 2149 ea
1709 2103 1909 2165 puncta
1954 2110 1984 2148 a

417 2185 658 2240 librariis
689 2187 894 2241 omissa
932 2196 1091 2241 erant
1123 2187 1176 2240 in
1214 2187 1561 2258 apographo;
1595 2201 1770 2256 neque
1800 2202 1898 2242 nos
1930 2187 1984 2240 in

417 2277 524 2333 illis
556 2278 908 2334 restituendis
941 2279 1154 2332 anxiam
1192 2280 1368 2349 magis
1407 2294 1570 2350 quam
1618 2279 1803 2333 utilem
1857 2293 1986 2348 ope-

416 2382 530 2421 ram
563 2383 763 2423 navare
795 2368 1101 2432 voluimus;
1141 2368 1440 2438 praesertim
1471 2383 1592 2422 cum
1635 2383 1698 2420 ex
1733 2367 1986 2421 metliodo

415 2469 603 2515 nostra
652 2459 720 2516 de
767 2461 1011 2530 quolibet
1051 2474 1194 2512 anno
1224 2466 1482 2513 constare
1525 2460 1720 2528 possit,
1756 2474 1823 2512 an
1866 2459 1986 2527 ejus

415 2568 504 2608 xiv
535 2553 608 2607 sit
636 2570 726 2617 xv,
759 2555 843 2608 vel
874 2570 982 2607 χιιι.
1011 2552 1116 2608 Sed
1142 2551 1411 2606 Maximus
1445 2550 1700 2605 admonet
1731 2568 1836 2605 non
1869 2567 1986 2606 om-

416 2661 515 2700 nes
547 2661 642 2700 eos
668 2661 843 2700 annos
886 2645 938 2699 in
981 2645 1335 2700 interioribus
1375 2661 1407 2699 v
1445 2643 1672 2698 orbibus
1701 2644 1986 2699 adnotatos

413 2751 554 2803 esse,
589 2737 645 2791 in
675 2737 874 2807 quibus
906 2751 996 2790 xlv
1028 2736 1243 2790 Nicmna
1296 2735 1354 2788 ﬁt
1395 2750 1459 2790 ex
1503 2734 1985 2806 undecuplantium

415 2829 626 2883 calculo
661 2845 752 2891 xv,
785 2829 866 2883 vel
897 2843 1008 2884 ιιι.
1049 2827 1105 2883 id
1133 2829 1276 2884 enim
1313 2827 1369 2883 in
1405 2829 1572 2899 cyclis
1597 2828 1824 2898 singulis
1848 2843 1984 2898 qua-

419 2921 683 2977 terdecies
719 2921 972 2987 ‘aceidit;
1027 2921 1118 2976 sed
1171 2935 1266 2975 eos
1312 2927 1544 3002 tantum,
1590 2921 1684 2989 qui
1735 2919 1986 2974 eumdem

417 3015 708 3069 terminum
737 3030 846 3070 uno
869 3015 978 3079 die,
1002 3015 1086 3068 vel
1115 3015 1280 3068 biduo
1309 3013 1542 3084 amplius
1577 3021 1820 3082 putatum
1853 3027 1987 3067 cou-

417 3105 597 3162 ferunt
629 3106 683 3160 in
714 3106 1086 3163 Dominicam:
1115 3105 1260 3177 quod
1291 3107 1345 3160 in
1370 3123 1401 3161 v
1428 3107 1496 3161 ad
1524 3121 1796 3161 summum
1829 3109 1986 3161 annis

417 3199 469 3252 in
507 3198 700 3268 quavis
726 3199 1244 3254 enneadecaeteride
1303 3198 1587 3268 contingit.
1641 3197 1716 3256 Ex
1769 3195 1984 3253 duobus

416 3287 692 3342 laterculis
721 3297 852 3342 rota:
885 3288 1168 3357 subjectis,
1204 3289 1354 3356 prius
1394 3287 1603 3342 sinistri
1645 3303 1841 3343 versus
1871 3302 1986 3342 em-

417 3375 694 3430 Ιωιῑωωοε
734 3390 907 3432 annos
949 3385 1169 3432 notatos
1222 3377 1414 3444 habet;
1468 3377 1766 3433 secundum
1813 3393 1985 3432 annos

416 3468 551 3537 «τεΙὶ
584 3469 790 3524 lunaris
831 3470 1184 3524 Alexandrini
1213 3490 1224 3524 :
1256 3472 1414 3538 cujus
1443 3478 1670 3539 quartus
1699 3469 1985 3539 reSpondet

414 3576 556 3614 anno
599 3564 775 3630 primo
805 3562 942 3632 cycli
987 3562 1196 3616 lunaris
1237 3561 1755 3630 undecuplantium;
1803 3562 1892 3630 qui
1929 3562 1984 3615 in

415 3651 573 3704 tertio
618 3665 782 3704 versu
832 3650 1184 3710 describitur.
1237 3653 1474 3716 Quartus
1517 3666 1709 3705 versus
1762 3658 1984 3720 epactas

416 3743 634 3798 lunares
663 3744 929 3805 continet,
971 3744 1158 3812 quales
1186 3743 1452 3796 Maximus
1482 3743 1717 3797 adhibet.
1751 3742 1984 3808 Quintus

413 3843 468 3887 et
489 3843 802 3904 postremus
847 3835 1113 3889 terminos
1166 3834 1480 3896 Paschales,
1526 3833 1642 3888 sive
1689 3850 1800 3898 xiv,
1847 3851 1983 3904 quas

414 3941 555 3994 saepe
583 3942 648 3979 xv
687 3935 976 3980 numerant
1011 3927 1122 3990 illi;
1151 3926 1315 3981 sezuel
1339 3935 1515 3980 autem
1543 3942 1652 3991 xvu,
1693 3927 1984 3998 quinquies

415 4033 522 4071 xiv.
555 4017 908 4072 Laterculum
937 4017 1186 4072 dextrum
1219 4028 1390 4072 totum
1428 4015 1682 4073 Paschati
1713 4021 1984 4075 catholico

413 4109 614 4174 servit;
661 4123 785 4162 nam
835 4107 1131 4161 terminum
1181 4105 1522 4172 Paschalem,
1570 4108 1802 4178 ejusque
1839 4110 1984 4164 diem

413 4196 646 4254 Julianis
683 4200 738 4253 in
775 4201 1056 4256 mensibus
1098 4199 1254 4254 oil'ert
1293 4199 1348 4252 iu
1398 4199 1660 4264 secundo,
1712 4216 1775 4254 ac
1823 4203 1984 4256 tertio

415 4305 607 4355 versu;
635 4301 858 4362 epactas
888 4293 945 4346 in
978 4299 1214 4361 quarto;
1255 4291 1311 4344 in
1347 4293 1536 4361 quinto
1581 4293 1792 4362 cyclum
1829 4294 1985 4346 luna-

412 4397 550 4436 rem.
578 4380 896 4454 Regulares,
931 4385 1046 4438 sive
1073 4381 1368 4454 προσθεταὶ
1394 4383 1454 4436 in
1488 4383 1666 4451 primo
1700 4399 1808 4438 non
1845 4384 1985 4438 inte-

411 4489 522 4544 grae
555 4489 586 4528 a
619 4473 844 4530 librario
873 4473 1162 4543 descripta
1187 4483 1334 4530 sunt.

484 4564 640 4621 Nunc
668 4583 825 4623 usum
846 4567 1085 4622 metliodi
1112 4568 1356 4636 exemplo
1381 4583 1510 4631 uno,
1532 4568 1768 4623 alterove
1793 4573 1984 4624 docea-

412 4681 556 4720 mus.
594 4664 725 4719 Esto
759 4680 934 4719 annus
965 4664 1075 4727 ille,
1113 4663 1206 4733 qui
1238 4663 1740 4718 enneadecaeteridi
1774 4662 1980 4732 primas,

413 4759 527 4811 sive
551 4772 693 4810 anno
709 4757 884 4827 primo
911 4757 1047 4827 cycli
1070 4756 1266 4811 solaris
1299 4756 1353 4809 iu
1383 4766 1576 4826 quarto
1601 4755 1764 4809 limbo
1797 4754 1983 4825 proxi-

411 4865 498 4904 me
538 4849 818 4918 subjectus
863 4857 945 4903 est
980 4849 1034 4902 in
1094 4848 1260 4902 limbo
1298 4863 1329 4901 v
1353 4889 1368 4915 ,
1431 4849 1592 4917 cujus
1626 4849 1811 4920 cyclus
1850 4849 1982 4904 solis

410 4949 494 4993 est
528 4954 604 5004 ix,
639 4938 848 4993 lunaris
883 4939 1008 4992 item
1049 4953 1124 4992 Ix.
1158 4937 1400 4992 Primum
1445 4939 1782 5009 inquiramus
1805 4956 1867 4994 ex
1898 4956 1984 4994 ca-

413 5045 556 5085 none
585 5046 644 5084 ιιι
671 5030 866 5100 capitis
898 5029 1294 5094 antecedentis,
1329 5039 1535 5101 quotus
1569 5047 1745 5085 annus
1780 5031 1882 5086 iste
1909 5031 1981 5085 sit

411 5124 653 5192 computi
681 5121 874 5177 Grazci.
911 5122 1252 5178 Inveniemus
1291 5139 1415 5178 esse
1439 5140 1640 5177 annum
1676 5124 1743 5176 ab
1771 5123 1979 5176 Adamo

412 5214 572 5279 5861,
603 5214 695 5283 qui
730 5228 826 5284 per
856 5213 928 5267 28
961 5221 1015 5269 et
1057 5214 1122 5268 l9
1161 5214 1396 5279 divisus,
1431 5215 1718 5284 utrobique
1744 5214 1777 5267 9
1809 5213 1977 5291 relin-

411 5308 550 5376 quit.
577 5307 774 5377 Cyclus
800 5307 1009 5361 lunaris
1037 5322 1090 5360 ix
1118 5308 1602 5376 undecuplantium
1629 5314 1711 5359 est
1747 5305 1980 5358 Alexan-

411 5400 605 5452 drinus
649 5414 745 5461 xu,
784 5398 944 5467 cujus
976 5398 1186 5452 decima
1230 5408 1424 5468 quarta
1465 5396 1742 5451 Paschalis
1788 5396 1979 5449 incidit

414 5491 467 5544 in
495 5507 545 5543 iv
573 5490 798 5557 Aprilis,
824 5492 917 5560 qui
953 5500 1036 5546 est
1069 5491 1138 5544 94
1170 5490 1287 5546 dies
1315 5508 1343 5543 a
1373 5488 1625 5542 Kalendis
1645 5486 1888 5540 Januarii
1922 5495 1981 5539 ut

413 5581 736 5634 laterculum
779 5581 1031 5636 dextrum
1065 5581 1304 5635 exhibet.
1349 5578 1520 5632 Porro
1549 5579 1979 5647 undecuplantes

410 5671 676 5725 decimam
726 5682 978 5743 quartam
1014 5673 1160 5726 illius
1201 5673 1328 5726 anni
1361 5678 1678 5740 computant
1711 5668 1978 5723 decimam

414 5761 693 5826 quintam:
725 5765 868 5833 quod
911 5767 966 5820 in
997 5763 1223 5817 sinistro
1255 5762 1516 5817 laterculo
1542 5761 1723 5816 videre
1757 5760 1901 5824 licet,
1926 5766 1978 5812 et

2086 1916 2178 1970 illo
2227 1922 2353 1969 sunt
2399 1915 2452 1982 5,
2492 1930 2613 1984 qua:
2661 1914 2726 1967 ad
2788 1922 3099 1968 menstruas
3151 1921 3381 1982 epactas
3416 1913 3647 1982 Aprilist

2086 2008 2320 2071 additae,
2369 2016 2424 2061 et
2477 2006 2736 2060 ποσταξαν
2791 2004 2992 2075 Aprilis
3033 2003 3086 2065 4,
3139 2003 3444 2058 ostendunt
3484 2003 3648 2057 feriam

2086 2102 2315 2170 primam
2351 2099 2543 2154 eodem
2579 2099 2674 2152 illo
2705 2099 2792 2153 die
2823 2114 2876 2150 iv
2914 2097 3119 2167 Aprilis
3148 2112 3160 2144 :
3208 2093 3360 2164 quod
3408 2095 3564 2150 etiam
3594 2109 3650 2146 ex

2088 2190 2318 2244 canonis
2347 2204 2385 2242 ιι
2429 2190 2682 2243 doctrina
2725 2189 3018 2258 colligitur.
3055 2186 3271 2256 Quippe
3307 2185 3499 2254 cyclus
3536 2184 3650 2238 solis

2088 2279 2384 2344 Romanus,
2418 2281 2618 2335 additis
2645 2296 2756 2334 xvn
2789 2319 2805 2344 ,
2855 2279 3065 2334 exsistit
3090 2293 3216 2331 xxvi
3244 2296 3258 2344 ;
3293 2278 3507 2330 lunaris
3539 2291 3650 2330 vero

2088 2389 2186 2426 xu.
2219 2372 2419 2427 Littera
2447 2371 2802 2427 Dominicalis
2835 2369 3007 2426 estC.
3039 2368 3214 2438 Igitur
3243 2385 3392 2423 anno
3433 2370 3541 2430 illo,
3570 2368 3651 2420 de-

2088 2465 2229 2518 cima
2260 2467 2449 2535 quinta
2479 2463 2760 2518 Paschalis
2795 2462 2848 2515 in
2885 2461 3223 2514 Dominicam
3252 2459 3402 2529 apud
3431 2458 3651 2512 undecu-

2088 2561 2299 2628 plantes
2353 2558 2573 2622 incidit;
2631 2571 2694 2610 ac
2730 2556 2859 2608 luna
2907 2569 3021 2608 xxn
3073 2551 3288 2608 Pascha
3343 2552 3646 2606 celebratur.

2088 2649 2378 2720 Propterea
2410 2649 2624 2704 duobus
2655 2647 2872 2717 punctis
2896 2644 3170 2699 notandus
3200 2645 3304 2698 iste
3335 2659 3518 2697 annus
3547 2643 3646 2701 fuit,

2088 2757 2248 2812 quem
2285 2743 2331 2796 si
2368 2741 2611 2810 reperire
2639 2740 2776 2794 velis
2813 2745 3015 2807 quotus
3052 2736 3261 2806 periodi
3305 2734 3540 2788 Juliaua:
3579 2733 3648 2787 vel

2087 2831 2294 2886 Christi
2325 2830 2511 2894 fuerit,
2560 2845 2656 2900 per
2692 2842 2955 2882 canonem
2992 2843 3028 2880 ιι
3072 2826 3356 2895 expedies.
3407 2825 3541 2878 Nam
3571 2823 3650 2876 de-

2089 2925 2281 2978 tractis
2309 2921 2414 2976 795
2447 2921 2516 2975 de
2548 2919 2708 2982 5861,
2750 2919 3090 2986 relinquetur
3129 2932 3312 2969 annus
3343 2915 3550 2985 periodi
3571 2913 3649 2968 Ju-

2090 3015 2246 3069 liana:
2278 3013 2443 3077 5063,
2485 3013 2576 3083 qui
2615 3019 2699 3066 est
2737 3009 2945 3065 Christi
2974 3023 3196 3062 cccuu.
3233 3007 3348 3062 Cur
3386 3016 3566 3061 autem
3595 3003 3648 3057 ad

2091 3105 2752 3176 Constantiuopolitanum
2802 3107 3120 3170 computum
3181 3099 3377 3169 cyclus
3429 3098 3649 3152 undecu-

2086 3199 2351 3269 plantium
2381 3215 2410 3252 a
2438 3197 2598 3252 nobis
2639 3195 2931 3259 referatur,
2965 3205 3204 3260 sequens
3237 3197 3408 3258 caput
3442 3189 3649 3258 aperiet.

2155 3292 2371 3345 Rursus
2422 3299 2757 3360 proponatur
2809 3300 2990 3341 annus
3049 3285 3164 3347 ille,
3223 3283 3321 3354 qui
3371 3284 3427 3337 in
3485 3283 3650 3338 eadem

2087 3381 2263 3450 prima
2289 3378 2803 3434 enneadecaeteride
2826 3377 3038 3447 cyclum
3071 3384 3181 3429 tam
3225 3375 3367 3430 solis
3394 3391 3554 3444 quam
3585 3375 3648 3426 lu-

2086 3487 2170 3526 nae
2205 3488 2290 3526 xv:
2340 3473 2521 3526 habet.
2571 3469 2670 3524 Hic
2707 3471 2810 3524 erit
2855 3482 3034 3522 annus
3073 3465 3648 3536 Constantinopolitani

2087 3563 2327 3633 computi
2361 3562 2502 3617 5868
2553 3577 2650 3630 per
2681 3574 2948 3614 canonem
2985 3575 3042 3612 ιιι
3092 3558 3294 3628 capitis
3344 3557 3650 3627 superioris.

2087 3655 2378 3709 Terminus
2428 3652 2710 3708 Paschalis
2752 3661 2836 3706 est
2886 3650 3091 3719 Aprilis
3134 3665 3274 3712 xvii,
3322 3663 3490 3717 quam
3528 3647 3649 3700 diem

2087 3755 2296 3802 sextam
2321 3745 2586 3799 decimam
2617 3759 2713 3815 pro
2745 3759 2835 3797 xiv
2864 3749 3186 3812 computant
3213 3742 3650 3810 undecuplantcs,

2086 3845 2145 3891 ut
2189 3845 2271 3891 est
2303 3837 2356 3890 in
2393 3835 2621 3890 sinistro
2665 3836 2949 3889 laterculo.
2986 3833 3356 3903 Experiamur
3384 3848 3484 3902 per
3516 3846 3651 3886 scru-

2088 3929 2354 3998 pulariam
2395 3928 2732 3983 methodum.
2775 3928 2975 3998 (ly-elus
3013 3927 3149 3982 solis
3180 3943 3271 3980 xvi
3309 3926 3366 3978 in
3415 3931 3650 3992 computo

2086 4017 2716 4089 Constantinopolitano,
2757 4026 2839 4073 est
2871 4017 3156 4071 Romanus
3197 4032 3230 4070 v
3264 4033 3366 4086 per
3399 4030 3651 4069 canonem

2087 4127 2149 4167 ιι.
2199 4110 2338 4182 Ergo
2383 4127 2560 4167 annus
2593 4117 2678 4165 est
2711 4109 2997 4165 bisextilis.
3045 4107 3175 4164 ideo
3221 4124 3252 4162 a
3283 4108 3547 4164 Kalendis
3576 4105 3650 4158 Ja-

2087 4203 2265 4256 nuarii
2296 4211 2654 4257 numerantur
2686 4202 2803 4258 dies
2840 4201 2960 4266 108,
2998 4217 3105 4256 non
3140 4201 3258 4255 l07.
3292 4200 3486 4254 Ductis
3512 4197 3573 4252 16
3607 4198 3650 4249 in

2091 4295 2149 4349 H
2200 4298 2335 4348 ﬁunt
2379 4295 2495 4350 dies
2542 4293 2664 4358 176,
2709 4294 2800 4363 qui
2845 4309 2972 4348 cum
3019 4293 3122 4347 108
3165 4292 3300 4346 dant
3346 4291 3476 4357 264;
3514 4305 3648 4344 scru-

2087 4387 2214 4458 pula
2266 4386 2368 4440 108
2435 4400 2558 4439 cum
2613 4388 2702 4448 99,
2760 4401 2879 4454 qua:
2924 4385 3254 4455 colliguntur
3311 4384 3499 4439 ductis
3533 4383 3566 4436 5
3605 4381 3648 4432 in

2013 4493 2060 4551 ι)
2088 4478 2177 4540 t6,
2207 4477 2446 4532 elﬁciunt
2485 4477 2604 4532 dies
2633 4477 2700 4543 3;
2738 4487 2792 4532 et
2835 4487 3091 4548 praeterea
3135 4478 3516 4546 sexagesinias
3561 4473 3647 4526 17:

2089 4568 2288 4638 quibus
2317 4569 2597 4638 neglectis,
2645 4577 2699 4623 et
2745 4569 2957 4638 adjecto
3011 4567 3192 4622 triduo
3239 4569 3309 4621 ad
3366 4567 3488 4621 dies
3536 4565 3648 4623 284.

2088 4676 2412 4729 summaque
2463 4661 2568 4714 9.87
2615 4677 2713 4731 per
2765 4663 2832 4716 50
2883 4661 3211 4723 distributa,
3274 4661 3651 4730 relinquuntur

2086 4754 2204 4809 dies
2233 4755 2320 4808 17.
2361 4752 2594 4808 Proinde
2633 4754 2836 4823 Aprilis
2868 4771 2977 4808 xvu
3012 4755 3139 4808 luna
3181 4761 3301 4807 erat
3335 4753 3548 4807 decima
3575 4766 3650 4804 se-

2086 4847 2274 4915 ptima.
2306 4844 2536 4915 Propter
2568 4847 2868 4901 bisextilem
2905 4847 3086 4915 itaque
3123 4844 3301 4907 diem,
3335 4845 3599 4898 terminus
3624 4854 3646 4890 ιι

2085 4953 2196 4992 xvu
2247 4939 2334 4993 die
2361 4939 2562 5008 Aprilis
2587 4939 2654 4992 ad
2693 4955 2778 4992 xv:
2812 4937 3231 4993 relraliebatur:
3265 4953 3392 5006 qua:
3421 4952 3542 4991 cum
3570 4949 3645 4988 es—

2084 5038 2166 5084 set
2193 5027 2325 5082 feria
2350 5045 2389 5094 ι,
2419 5029 2625 5084 Pascha
2658 5032 2712 5083 in
2745 5047 2878 5084 xxui
2903 5029 3044 5084 diem
3075 5027 3509 5091 diﬂ'undebatur,
3539 5038 3643 5095 qua

2082 5125 2200 5172 erat
2231 5119 2359 5172 luna
2390 5135 2544 5183 xxut,
2590 5119 2656 5173 de
2679 5135 2784 5188 qua
2817 5135 2878 5173 re
2925 5118 3060 5172 nihil
3099 5133 3202 5173 nos
3246 5117 3518 5172 Maximus
3553 5116 3640 5166 do-

2081 5207 2195 5260 cuit
2216 5224 2229 5257 :
2251 5209 2342 5276 qui
2377 5207 2643 5263 bisextilis
2693 5209 2796 5263 diei
2838 5209 3102 5262 rationem
3133 5208 3260 5262 illos
3289 5208 3492 5262 habere
3521 5203 3642 5259 scri-

2084 5298 2226 5368 psit;
2273 5306 2326 5352 et
2355 5300 2570 5369 quoties
2605 5308 2824 5369 propter
2849 5300 3027 5368 ipsum
3066 5299 3342 5354 terminus
3388 5299 3443 5352 in
3474 5297 3638 5350 lunam

2082 5407 2150 5442 xv
2181 5391 2412 5443 incurrit
2451 5389 2580 5445 l'eria
2626 5391 2821 5461 prima,
2864 5391 3010 5444 hunc
3050 5405 3258 5444 annum
3306 5406 3419 5444 uno
3457 5392 3638 5459 puneto

2084 5481 2284 5535 notari.
2319 5479 2478 5546 Nam,
2521 5497 2646 5535 cum
2690 5483 2817 5536 luna
2849 5491 2933 5536 est
2973 5497 3085 5544 xvr,
3111 5496 3448 5552 quacunque
3493 5479 3542 5532 id
3584 5489 3638 5527 rx

2082 5587 2250 5628 causa
2280 5573 2395 5638 ﬁat,
2424 5576 2623 5644 triplici
2651 5585 2852 5644 puncto
2874 5575 3211 5645 designatur.
3246 5575 3432 5642 Quare
3462 5571 3637 5642 triplex

2083 5673 2344 5734 punctum
2376 5679 2520 5718 anno
2553 5667 2624 5718 illi
2662 5667 3012 5720 tribuendum
3035 5677 3174 5722 erat.

2158 5754 2238 5811 Ex
2277 5755 2361 5810 his
2417 5756 2640 5812 evidens
2694 5765 2775 5812 est
2825 5757 3180 5813 hallucinatio
3226 5757 3510 5828 Scaligeri,
3557 5747 3635 5820 qui
