3808 6342
197 299 214 351 l
233 298 330 354 ⁸57

1227 298 1687 352 υιδδειιτλτιο
1719 297 1806 351 DE
1843 295 2252 353 CRIECORUM
2290 295 2491 349 ίΕΙὶΙΞ.

3302 299 3438 350 1458

193 411 668 482 undecuplantium
701 412 848 465 illum
882 413 1092 482 cyclum
1133 413 1412 480 explicans
1443 413 1559 480 (lib.
1604 429 1638 465 ιι
1696 411 1770 464 De
1799 417 1844 472 A
1875 410 2150 478 congruit.
2198 409 2475 478 Siquidem
2516 424 2692 464 annus
2722 408 2929 478 primus
2960 423 3081 462 aera:
3117 406 3438 464 Christiana:

191 503 442 571 emend),
465 504 659 558 asserit
687 519 805 568 eos,
829 505 1044 573 quoties
1072 505 1282 558 decima
1315 513 1514 574 quarta
1535 503 1770 559 Pascha-

193 597 255 650 lis
284 596 581 664 putabatnr
609 595 819 649 decima
856 604 1032 658 sexta,
1065 597 1111 651 si
1143 597 1198 650 in
1244 596 1542 651 secundam
1577 595 1766 648 feriam

191 689 531 750 incurreret,
591 687 948 742 antecedente
1012 687 1294 741 Dominica
1351 686 1558 743 Pascha
1623 687 1766 740 cele-

193 782 401 846 hrasse,
435 781 562 833 luna
594 779 835 848 ipsorum
871 797 961 841 xv,
993 780 1211 836 Nicaena
1241 796 1362 843 xm,
1387 782 1530 849 quod
1555 787 1638 834 est
1668 778 1767 832 fal-

194 873 474 926 sissimum
496 890 510 936 ;
531 883 585 925 et
609 872 944 926 contrarium
976 872 1180 928 diserte
1207 871 1477 927 Maximus
1508 871 1765 936 atlirinat;

194 961 448 1015 nimirum
482 962 610 1015 luna
640 961 791 1031 ipsos
825 976 960 1027 χιιι,
991 969 1044 1016 et
1075 961 1264 1017 eodem
1291 962 1400 1027 die,
1435 976 1542 1031 quo
1568 960 1768 1014 Cathoo

194 1054 350 1113 licos,
382 1051 592 1106 Pascha
629 1067 789 1107 sttum
819 1051 1054 1118 obiisse;
1091 1054 1187 1108 sed
1225 1053 1537 1108 Catholicos
1582 1055 1765 1108 lunam

193 1161 259 1198 xx
296 1159 638 1203 numerasse.
670 1159 832 1213 quam
882 1144 972 1199 isti
1007 1144 1172 1198 biduo
1207 1146 1440 1214 amplius
1482 1146 1763 1215 putabant.

189 1235 322 1289 Cum
381 1247 564 1289 autem
616 1235 745 1290 luna
801 1251 890 1289 xw
938 1236 995 1290 in
1041 1236 1376 1292 Dominicam
1431 1238 1764 1303 incurrebat,

190 1327 411 1396 utrique
439 1329 494 1382 in
535 1341 851 1398 sequentem
901 1329 1235 1384 Dominicam
1267 1329 1475 1386 Pascha
1504 1346 1765 1402 proroga-

188 1419 351 1480 bant;
401 1435 562 1488 quam
620 1421 1050 1491 undecnplantes
1102 1423 1284 1476 lunam
1334 1437 1457 1478 esse
1510 1421 1765 1477 volebant

190 1525 349 1574 xxnt,
381 1510 651 1564 Catholici
683 1528 795 1565 xxi.

786 1667 1017 1722 CAPUT
1054 1667 1169 1723 XV.

194 1779 646 1848 Undecuplatores
686 1779 807 1832 illos
845 1779 908 1832 de
936 1777 1122 1848 quibus
1172 1779 1278 1846 agit
1310 1777 1599 1848 Maximus,
1636 1793 1764 1848 fusos

255 1867 367 1904 esse
399 1847 641 1916 Computa
673 1847 1279 1916 Consttmtinopolitano,
1305 1860 1352 1902 et
1396 1847 1645 1899 Victorini
1675 1863 1764 1898 seu

258 1920 573 1973 Latinorum
602 1920 859 1979 methodo,
887 1922 961 1970 ita
1001 1933 1173 1972 tamen
1213 1930 1266 1970 ut
1312 1937 1342 1971 α
1375 1917 1765 1971 Catholicorum

259 1991 503 2043 instituto
537 2006 640 2042 non
682 1989 1040 2051 abhorrerent,
1085 1999 1265 2043 contra
1293 2004 1449 2057 quam
1493 1986 1764 2040 Maximus

253 2072 304 2113 et
332 2060 577 2129 Scaliger
599 2060 844 2112 arbitrati
871 2069 1014 2113 sunt.

258 2193 396 2247 Dum
431 2193 692 2248 attentius
715 2208 776 2246 ea
809 2199 1237 2262 perscrutamur,
1278 2205 1398 2261 quae
1421 2189 1488 2244 de
1518 2189 1762 2243 undecu-

182 2284 491 2355 platoribus
515 2285 638 2339 istis
668 2282 936 2338 Maximus
966 2283 1150 2346 refert,
1180 2283 1322 2337 haud
1345 2282 1587 2352 vulgaria
1617 2296 1766 2351 quaa-

181 2381 308 2432 tlam
363 2376 880 2442 animadvertimus;
912 2391 1086 2446 neque
1120 2373 1375 2437 Maximo,
1410 2383 1468 2427 ut
1503 2380 1761 2444 apparet,

183 2471 292 2540 ipsi
327 2470 584 2541 cognita;
621 2485 797 2539 neque
847 2467 1150 2538 Scaligero,
1193 2467 1284 2536 qui
1328 2466 1620 2519 Maximum
1665 2479 1764 2519 ex-

179 2565 387 2634 plicare
419 2568 651 2618 conatus
689 2570 772 2618 est
817 2581 830 2616 :
881 2572 935 2615 et
976 2562 1041 2615 ad
1069 2559 1317 2615 Graecum
1347 2567 1661 2630 computum
1701 2560 1768 2613 il-

179 2654 527 2710 lustrandum
557 2653 823 2723 imprimis
857 2654 1028 2708 utilia.
1059 2652 1170 2708 lloc
1195 2652 1361 2722 igitur
1383 2652 1766 2708 observatione

174 2749 368 2804 sedula
407 2747 813 2816 comperimus:
848 2746 1306 2816 undecuplatores
1347 2746 1470 2800 illos
1509 2753 1766 2801 auctores

180 2841 357 2895 luisse
387 2839 628 2908 computi
674 2839 901 2894 alterius
930 2852 960 2892 e
992 2836 1229 2902 duobus,
1259 2851 1418 2907 quem
1450 2834 1764 2890 Constanti-

177 2931 562 3001 nopolitanum
608 2931 1046 2994 nominavimus;
1109 2930 1203 3000 qui
1259 2944 1385 2983 terte
1439 2927 1765 2982 Christianae

176 3025 420 3094 primum
474 3038 676 3075 annum
726 3021 883 3076 oll‘ert
930 3023 984 3076 in
1043 3037 1128 3082 eo,
1182 3023 1271 3091 qui
1308 3028 1392 3075 est
1441 3021 1508 3074 ab
1556 3019 1764 3073 Adamo

174 3115 359 3171 5509:
395 3115 539 3185 quod
573 3114 767 3185 partim
799 3131 865 3168 ex
896 3115 1064 3186 cyclis
1096 3115 1229 3169 solis
1263 3123 1314 3168 et
1343 3114 1482 3167 lunae
1511 3152 1525 3174 ,
1562 3111 1759 3181 partim
1789 3100 1832 3157 C

172 3226 243 3263 ex
275 3222 542 3260 annorum
579 3220 804 3260 numero
835 3216 984 3260 certo
1013 3207 1308 3276 colligitur.
1357 3205 1560 3259 Scribit
1592 3204 1764 3258 Maxi-

172 3319 304 3356 mus
338 3300 515 3368 capite
538 3299 608 3353 Xl
641 3298 889 3370 partisJ,
919 3301 1130 3370 cyclum
1159 3301 1318 3361 lunze,
1353 3315 1512 3370 quem
1550 3300 1626 3353 illi
1659 3315 1760 3353 nu-

172 3401 396 3449 merant
425 3409 506 3455 XI,
543 3408 666 3447 eum
704 3407 826 3446 esse
859 3407 1018 3460 quem
1050 3391 1164 3460 ipse
1201 3399 1483 3460 computat
1516 3406 1642 3454 xrv;
1679 3391 1762 3443 lu-

170 3491 334 3543 naris
391 3487 577 3553 cyclus
629 3483 848 3537 Maximi
892 3483 1033 3538 idem
1085 3492 1168 3538 est
1211 3498 1335 3537 eum
1383 3483 1649 3547 Romano,
1703 3493 1762 3537 ut

172 3593 351 3649 supra
385 3576 898 3632 demonstravimus.
932 3573 1098 3646 Igitur
1126 3576 1312 3647 cyclus
1344 3575 1552 3644 primus
1589 3575 1760 3628 unde-

171 3671 527 3739 cnplatornm
567 3677 652 3723 est
696 3667 998 3732 Romanus,
1035 3669 1117 3724 vel
1150 3669 1363 3722 Maximi
1409 3678 1665 3738 quartus;
1706 3677 1758 3722 et

171 3763 396 3832 primus
426 3760 644 3813 Maximi
687 3767 770 3814 cst
811 3760 1055 3815 decimus
1087 3761 1351 3830 septimus
1380 3761 1615 3814 illorum.
1654 3759 1758 3830 lgi-

167 3863 269 3908 tur
316 3855 507 3924 cyclus
553 3852 762 3906 lunaris
807 3852 1300 3922 undecuplatorum
1346 3865 1428 3908 cst
1462 3854 1600 3909 idem
1633 3869 1756 3908 cum

165 3945 517 4005 Judaeorum,
577 3957 640 3996 ac
690 3940 976 4004 Victorini,
1028 3959 1123 3997 seu
1179 3941 1495 3996 Latinorum
1550 3945 1753 4013 cyclo:

167 4052 343 4108 quem
372 4051 495 4090 esse
525 4033 815 4088 docuimus
839 4050 959 4088 :erae
980 4035 1600 4104 Constantinopolitanze
1632 4051 1752 4104 pro-

169 4129 380 4198 prium.
415 4125 606 4179 Annus
651 4124 862 4194 primus
911 4139 1033 4178 atra:
1079 4123 1406 4177 Christiana:
1453 4123 1753 4177 Romanum

165 4218 395 4289 cyclum
439 4215 646 4277 habuit,
683 4215 815 4269 solis
852 4230 904 4278 x,
943 4215 1082 4268 luna:
1127 4229 1182 4266 ιι.
1232 4216 1421 4266 Annus
1475 4214 1614 4267 5509
1663 4215 1754 4266 dat

165 4309 393 4380 cyclum
426 4304 558 4359 solis
586 4320 700 4370 xxi,
728 4305 868 4358 lunae
901 4321 1054 4358 xvnt.
1090 4304 1284 4359 Annus
1314 4321 1442 4358 vero
1473 4304 1632 4367 5495,
1667 4322 1756 4359 so-

164 4401 243 4454 lis
271 4414 326 4462 v,
377 4397 612 4449 lumen.
656 4393 730 4448 Ita
785 4395 993 4449 lunaris
1023 4395 1208 4465 cyclus
1255 4395 1753 4464 Constantinopoli-

165 4490 287 4543 tani
349 4487 588 4557 computi
641 4483 810 4541 distat
867 4503 896 4539 a
963 4485 1211 4541 Romano
1265 4495 1317 4541 et
1363 4487 1750 4551 Alexandrino,

162 4599 338 4654 quem
377 4579 643 4634 Maximus
690 4588 941 4649 usurpat,
975 4579 1248 4643 sedecim;
1281 4580 1355 4632 ita
1403 4589 1460 4632 ut
1509 4581 1752 4635 decimus

161 4677 446 4748 septimus
498 4672 1144 4742 Constantinopolitanus
1201 4689 1324 4727 cum
1385 4673 1752 4726 Alexandrino

159 4771 356 4840 primo
389 4774 702 4820 concurrat.
730 4765 930 4836 Cyclus
969 4781 1099 4819 vero
1131 4766 1326 4820 solaris
1363 4765 1751 4820 Constantino-

158 4860 452 4932 politanus
503 4856 870 4910 Alexandrino
921 4857 1097 4908 minor
1143 4865 1226 4909 est
1279 4855 1605 4919 duodecim,
1651 4859 1750 4910 hoc

155 4961 259 5007 est
291 4951 500 5019 primus
543 4947 709 5012 illius,
742 4947 905 5015 hujus
942 4955 1024 5001 est
1051 4948 1297 5002 decimus
1331 4951 1543 5003 tertius.
1571 4950 1749 5013 Quare

155 5059 300 5100 cum
352 5041 490 5112 cycli
527 5039 878 5094 Alexandrini
920 5039 1116 5094 solaris
1157 5041 1366 5109 primus
1415 5040 1486 5093 sit
1518 5038 1744 5092 Romani

157 5140 390 5196 sextus,
435 5130 1023 5198 Constantinopolitani
1053 5131 1189 5199 cycli
1226 5130 1433 5200 primus
1474 5129 1576 5182 erit
1601 5140 1747 5181 octa-

156 5242 276 5280 vus
302 5224 551 5277 decimus
580 5222 806 5274 Romani
840 5239 854 5287 ;
887 5237 1006 5290 quae
1032 5225 1213 5275 omnia
1263 5221 1744 5290 undecnplatortnn

155 5318 332 5390 cyclo
381 5323 718 5381 competunt,
757 5323 814 5366 ut
842 5315 1062 5367 minime
1102 5312 1322 5366 dubium
1364 5313 1436 5367 sit
1482 5312 1748 5366 Constan-

153 5407 598 5476 tinopolitauum
633 5413 946 5473 computum
978 5403 1099 5457 illos
1136 5403 1394 5457 tenuisse.

240 5538 517 5592 Praeterea
551 5538 693 5606 quod
720 5535 987 5589 Maximus
1011 5537 1106 5597 ait,
1135 5535 1201 5588 ad
1233 5549 1404 5590 annos
1433 5535 1746 5588 Adamiad-

150 5628 384 5687 didisse
422 5626 545 5680 illos
593 5625 851 5686 sedecim,
893 5626 1262 5692 conjecturam
1299 5633 1539 5678 nostram
1585 5624 1743 5678 unice

153 5719 486 5778 conﬁrmat.
520 5717 631 5773 Hoc
667 5719 809 5774 enim
854 5717 1456 5786 Constantinopolitano
1490 5725 1743 5786 computo

1870 503 1922 554 in
1957 502 2325 556 Alexandrino
2352 509 2667 555 numeratur
2690 500 2867 566 5193;
2903 501 2956 553 in
2981 499 3440 570 Constantinopo-

1871 593 2060 658 litano,
2105 593 2266 648 5509.
2303 591 2649 647 Intervallum
2683 594 2808 647 anni
2850 609 2959 648 xvr.
3008 591 3145 647 Hinc
3173 595 3334 649 etiam
3376 596 3443 648 il-

1869 685 1959 739 lud
1998 693 2246 756 apparet,
2285 701 2467 740 verum
2503 686 2553 739 id
2587 702 2709 741 esse
2739 685 2883 755 quod
2927 698 3050 740 ante
3089 702 3280 742 sumus
3309 688 3440 741 odo-

1869 777 1995 840 rati,
2033 792 2196 846 quam
2241 777 2308 832 de
2341 777 2831 846 undecuplatorum
2868 777 3020 848 cyclo
3051 777 3145 831 illo
3173 778 3440 848 cogitare-

1870 887 2010 934 mus,
2036 871 2694 940 Constantinopolitanum
2721 877 3033 940 computum
3060 869 3127 924 ad
3149 869 3439 936 Victorini,

1869 962 1984 1017 sive
2013 961 2332 1017 Latinorum
2366 961 2703 1028 methodum,
2731 970 2786 1017 et
2810 960 3096 1017 Judaicum
3120 964 3331 1033 cyclum
3360 964 3440 1016 ln-

1868 1069 2056 1109 narem
2094 1055 2560 1110 accommodatum
2599 1069 2628 1108 a
2673 1055 2875 1110 Cra-cis
2905 1054 3092 1110 fuisse.
3124 1055 3258 1110 Cum
3293 1056 3438 1110 enim

1871 1146 2084 1201 lunaris
2114 1146 2217 1200 hoc
2251 1146 2437 1217 cyclus
2473 1147 2588 1216 ipse
2623 1146 2932 1217 persuadet,
2959 1155 3073 1200 tum
3106 1147 3252 1216 quod
3285 1161 3314 1200 a
3343 1146 3436 1201 Ja-

1868 1239 2049 1292 nuarii
2087 1237 2344 1293 Kalendis
2373 1237 2658 1292 ratiocinia
2686 1238 2828 1291 luna:
2861 1238 3221 1303 deducerent,
3265 1247 3324 1292 ut
3359 1248 3442 1294 te-

1868 1338 2047 1384 statur
2078 1329 2384 1384 Maximus:
2413 1329 2556 1400 quod
2590 1336 2644 1384 et
2688 1328 2910 1384 Latinos
2957 1331 3261 1388 instituisse
3296 1331 3439 1385 Beda

1866 1427 2134 1475 memorat
2194 1421 2290 1475 lib.
2337 1419 2414 1473 De
2475 1429 2764 1488 temporum
2809 1420 3012 1474 ratione
3057 1436 3176 1491 cap.
3226 1420 3440 1486 LlV,et

1869 1510 2178 1568 Victorinus
2219 1513 2335 1584 ipse
2368 1511 2420 1566 in
2453 1510 2776 1569 Praefatione
2805 1513 2871 1568 ad
2919 1512 3182 1568 Hilarium
3217 1530 3433 1585 papam,

1867 1617 2030 1672 quam
2063 1604 2117 1657 in
2162 1613 2308 1658 tomo
2337 1603 2378 1656 ll
2411 1603 2487 1657 De
2517 1603 2757 1656 doctrina
2793 1614 3078 1673 temporum
3134 1605 3434 1670 edidimus;

1869 1697 2008 1748 adeo
2046 1703 2106 1748 nt
2151 1695 2404 1750 Kalendae
2443 1694 2718 1750 Januaria:
2751 1711 2925 1750 canon
2969 1695 3437 1754 fueritPaschalis

1869 1787 2120 1857 syzygiaa.
2155 1786 2377 1840 Accedit
2404 1794 2457 1840 et
2498 1787 2685 1858 cyclus
2718 1789 2852 1856 ipse,
2887 1804 2996 1858 quo
3033 1789 3114 1842 usi
3165 1791 3240 1844 illi
3284 1800 3436 1854 sunt,

1867 1892 2135 1932 annorum
2186 1892 2390 1939 nxxxu,
2439 1877 2598 1946 cujus
2658 1878 2906 1933 inventor
2964 1878 3064 1934 l'uit
3098 1880 3436 1940 Victorinus.

1870 1966 2024 2023 Unde
2057 1967 2357 2023 verisimile
2403 1967 2460 2022 lit
2505 1984 2534 2021 a
2583 1968 2792 2024 Latinis
2833 1978 3001 2025 totum
3053 1973 3185 2027 illud
3219 1973 3439 2034 Graecos

1865 2074 1990 2114 esse
2020 2068 2294 2116 mutuatos
2335 2059 2437 2114 sub
2474 2067 2684 2113 aetatem
2738 2059 2975 2116 Maximi.
3014 2061 3092 2116 Ex
3121 2081 3228 2135 quo
3257 2076 3310 2121 et
3333 2068 3438 2123 hoc

1867 2151 2112 2220 πόρισμα
2163 2166 2438 2220 sequnur,
2499 2159 2646 2206 recte
2702 2167 2802 2207 nos
2859 2161 3050 2208 contra
3099 2155 3434 2227 Scaligerum

1868 2242 2230 2311 pertendisse,
2253 2242 2921 2312 Constantinopolitanam
2943 2259 3105 2300 seram
3133 2247 3291 2316 longe
3313 2264 3436 2305 esse

1870 2335 2252 2401 recentiorem,
2281 2351 2443 2405 quam
2477 2343 2571 2389 aut
2605 2334 2874 2390 Panodori
2903 2352 3168 2393 annorum
3203 2341 3343 2395 5492
3367 2343 3434 2396 ad

1868 2425 2145 2481 Christum
2212 2442 2421 2497 usque,
2481 2434 2577 2480 aut
2631 2426 2874 2482 Africani
2942 2444 3208 2484 annorum
3273 2431 3432 2487 5500.

1867 2517 2078 2588 Quippe
2121 2517 2389 2573 Maximus
2433 2518 2513 2573 sic
2541 2533 2608 2573 ue
2637 2521 3106 2589 computatoribus
3143 2521 3310 2587 hisce,
3339 2522 3432 2592 qui

1867 2623 1955 2661 xvr
1987 2606 2053 2661 ad
2081 2623 2245 2662 atram
2285 2607 2478 2661 Adami
2515 2606 2854 2677 adjecerunt,
2881 2611 3037 2678 quasi
3065 2610 3132 2666 de
3167 2613 3432 2668 recentio-

1867 2699 2020 2754 ribus
2043 2706 2096 2754 et
2126 2699 2425 2768 mqualibus
2454 2715 2591 2770 pene
2621 2699 2760 2766 suis,
2791 2701 3033 2771 loquitur

1939 2793 2070 2858 Qua:
2102 2807 2225 2846 cum
2266 2792 2339 2846 ita
2381 2791 2524 2855 sint,
2565 2791 2633 2848 de
2673 2791 3189 2862 undecuplatoribus
3220 2795 3340 2850 istis
3369 2811 3430 2851 ea

1867 2883 2214 2954 intelligenda
2251 2892 2380 2940 sunt
2411 2885 2592 2939 omnia
2613 2923 2629 2942 .
2665 2901 2787 2954 quae
2817 2887 2998 2955 capite
3035 2889 3193 2941 tertio
3225 2889 3292 2944 de
3323 2904 3428 2943 tera

1865 2976 2462 3047 Constantinopolitana
2503 2977 2863 3047 scripsimus;
2904 2979 3281 3051 imprimisque
3352 2983 3429 3038 sic

1867 3071 1989 3125 illos
2027 3085 2056 3124 a
2094 3069 2335 3136 Latinis,
2377 3079 2470 3125 aut
2505 3069 2708 3126 Judzeis
2747 3073 2993 3126 lunarem
3048 3073 3260 3145 cyclum
3302 3091 3427 3129 mu-

1866 3170 2042 3218 tuatos
2073 3178 2228 3225 esse,
2266 3175 2325 3215 ut
2363 3177 2550 3217 eorum
2587 3163 2642 3217 in
2675 3161 2940 3218 Paschate
2975 3165 3300 3219 celebrando
3337 3183 3425 3221 ne-

1863 3269 2134 3324 quaquam
2179 3253 2524 3309 imitarentur
2555 3271 2804 3317 errores,
2842 3256 2934 3310 sed
2975 3271 3098 3310 cum
3131 3256 3426 3313 Catholicis

1862 3347 2112 3402 eumdem
2147 3345 2289 3400 diem
2327 3345 2673 3402 obtinerent:
2717 3348 2821 3402 hoc
2859 3364 2969 3402 uno
3007 3349 3386 3419 discrepantes
3409 3391 3425 3411 ,

1861 3441 2004 3508 quod
2045 3437 2400 3506 epilogismos
2441 3437 2890 3503 neomeniarum,
2946 3439 3029 3494 vel
3068 3439 3424 3494 terminorum

1861 3531 2016 3584 aliter
2050 3529 2421 3584 instituerent.
2453 3529 2532 3583 Ac
2562 3529 2850 3585 vehemens
2879 3538 2962 3584 est
2995 3529 3270 3599 suspicio,
3304 3530 3424 3584 illos

1860 3619 2096 3674 methodi
2141 3627 2353 3674 tantum
2393 3619 2600 3689 gratia,
2640 3626 2693 3674 et
2731 3629 2788 3673 ut
2821 3621 3086 3675 veriorem
3131 3622 3274 3676 lunae
3311 3623 3421 3675 cal-

1859 3712 2044 3765 culum
2086 3719 2532 3781 assequerentur.
2575 3710 2972 3779 scrupnlariam
3010 3711 3169 3764 istam
3210 3711 3420 3764 ratiun-

1859 3805 2036 3857 culam
2084 3803 2422 3873 adjunxisse.
2459 3801 2592 3856 Nam
2628 3817 2753 3857 cum
2790 3816 2820 3855 a
2855 3801 3090 3866 Judaeis,
3127 3810 3220 3855 aut
3253 3811 3420 3857 astro-

1859 3897 2088 3951 nomieis
2119 3896 2322 3951 tabulis
2351 3895 2746 3964 intelligerent,
2774 3895 3050 3949 novilunia
3073 3893 3421 3949 Paschalilius

1857 4002 1978 4040 esse
2020 3985 2320 4039 neomeniis
2363 3983 2674 4047 anteriora,
2726 3985 2806 4038 sic
2855 3993 2914 4037 ut
2956 3999 3033 4037 eae
3080 3985 3134 4037 in
3181 3985 3420 4038 lunarem

1857 4075 2051 4142 φάσιν,
2085 4075 2185 4127 hoc
2210 4083 2293 4128 est
2327 4073 2618 4128 secundam
2649 4074 2832 4126 lunam
2869 4073 3172 4128 inciderent
3199 4091 3213 4138 ;
3240 4083 3294 4128 et
3315 4084 3417 4129 ter-

1856 4166 2027 4229 mini,
2063 4165 2177 4220 sive
2203 4174 2410 4234 quartae
2440 4165 2666 4219 decima;
2700 4167 2753 4218 in
2791 4165 3085 4233 plcnilunia
3124 4165 3234 4219 fere
3268 4166 3416 4219 cade-

1859 4265 1980 4310 rent
2006 4276 2018 4310 :
2049 4257 2193 4326 quod
2221 4255 2439 4309 Maximi
2464 4257 2664 4310 sarculo
2693 4257 3034 4324 potissimum
3075 4256 3414 4310 animadver-

1857 4364 1974 4402 sum
2017 4356 2138 4402 est:
2178 4347 2440 4401 rationem
2478 4347 2714 4416 aliquam
2755 4347 2892 4400 inire
2913 4346 3270 4414 studuerunt;
3302 4365 3415 4418 quae

1789 4439 1829 4491 D
1858 4446 2071 4491 aetatem
2097 4439 2240 4491 luna:
2265 4438 2579 4491 accuratius
2601 4438 2869 4500 redderet,
2889 4453 3116 4508 quaeque
3136 4441 3414 4503 terminos,

1857 4531 1972 4584 sive
1997 4529 2242 4584 NiCtenas
2263 4539 2488 4599 quartas
2511 4529 2782 4592 decimas,
2813 4532 2865 4584 in
2888 4531 3112 4600 quintas
3145 4533 3414 4588 decimas.

1855 4620 2162 4688 cujusmodi
2188 4620 2298 4673 fere
2321 4628 2433 4672 tum
2462 4629 2619 4674 erant
2637 4659 2654 4685 ,
2679 4631 3060 4678 commutarct.
3087 4623 3166 4677 Ad
3192 4625 3242 4677 id
3267 4641 3394 4678 sexa

1853 4713 2187 4783 gesimarum
2210 4712 2560 4782 epilogismos
2578 4715 2871 4768 commenti
2896 4724 3023 4770 sunt
3047 4717 3164 4784 ;qui
3185 4733 3294 4770 uno
3310 4717 3411 4771 die.

1852 4803 1936 4856 vel
1966 4802 2134 4856 biduo
2174 4816 2442 4855 summam
2480 4811 2762 4872 augerent.
2824 4803 2896 4859 De
2933 4805 3036 4858 hac
3077 4805 3416 4874 μεταπτώσε-

1853 4894 2295 4953 noviluniorum,
2353 4910 2415 4947 ac
2465 4896 2872 4948 neomeniarum
2918 4893 3261 4950 Paschalium
3303 4896 3418 4951 l‘ust.

1851 4986 2251 5054 disputavimus
2285 4986 2337 5038 in
2370 4983 2406 5038 V
2439 4985 2510 5038 De
2539 4984 2778 5038 doctrina
2802 4997 3122 5056 temporum,
3179 4991 3356 5058 capite
3399 4989 3407 5019 ‘

1850 5086 1902 5131 ct
1933 5075 2172 5134 Xlll,ubi
2195 5073 2444 5130 Nicmnas
2478 5093 2600 5128 cutn
2639 5077 2704 5130 iis
2741 5078 3098 5136 contulimus.
3131 5096 3252 5146 qua:
3293 5080 3392 5134 Dio

1851 5168 1989 5238 nysii
2021 5167 2210 5236 Exigni
2242 5177 2482 5238 tempore
2515 5168 2752 5223 fuerunt.
2798 5169 2934 5223 llinc
2979 5173 3147 5228 multa
3191 5174 3412 5228 dissolvi

1848 5261 2217 5329 explicarique
2257 5271 2524 5328 possunt,
2569 5277 2687 5330 quae
2722 5262 2983 5318 adversus
3026 5263 3388 5334 undecuplato

1849 5367 1937 5406 res
1975 5367 2004 5404 a
2044 5351 2278 5405 Maximo
2317 5363 2369 5406 et
2413 5351 2688 5424 Scaliger-0
2728 5357 3093 5412 disseruntur.
3139 5357 3404 5427 Siquidetr

1849 5445 1972 5498 illos
1993 5452 2143 5497 extra
2166 5444 2378 5512 culpam
2403 5455 2455 5498 et
2479 5446 2953 5512 reprehensionem
2978 5448 3148 5503 fuisse
3170 5457 3404 5502 constat.

1849 5538 1927 5598 si,
1956 5551 2076 5604 qum
2099 5545 2285 5589 nostra
2319 5537 2632 5606 conjectura
2665 5547 2745 5592 cst
2767 5579 2780 5602 ,
2812 5540 2862 5592 id
2894 5555 3060 5593 unnm
3094 5540 3147 5592 in
3184 5541 3272 5594 illa
3307 5556 3391 5594 me

1847 5627 2013 5682 thodo
2040 5637 2357 5696 spectarunt
2377 5669 2392 5691 ,
2423 5637 2480 5682 ut
2507 5640 2756 5684 exactum
2782 5631 2922 5685 lunze
2943 5630 3214 5684 calculum
3240 5648 3390 5701 τεχνι

1848 5719 1994 5784 κῶς,
2033 5738 2094 5772 ac
2133 5720 2429 5789 μεθοδικῶς
2468 5722 2784 5789 traderent;
2823 5739 2926 5778 non
2967 5731 3022 5776 ut
3060 5723 3110 5776 in
3150 5722 3406 5776 Paschate
