3808 6326
401 301 538 360 M53

1475 289 1568 357 ᾹΙ.)
1606 303 1876 358 EUSEBII
1915 303 2307 360 CllRONICON
2343 305 2702 362 APPENDIX.

3501 304 3630 363 1460

400 417 603 489 aliquid
633 427 957 474 innovarent
985 439 1001 476 :
1034 420 1177 491 quod
1208 433 1303 476 eos
1333 420 1556 476 minime
1588 421 1783 477 fecisse
1816 421 1970 476 testis
1997 422 2043 479 Δ
2070 423 2388 492 crepabant.
2431 424 2587 490 Quod
2625 425 2768 476 enim
2813 423 2880 476 de
2906 423 3030 476 luna
3055 438 3167 478 xxii
3191 430 3245 478 et
3280 437 3418 477 xxm
3450 422 3627 478 iisdem

400 525 523 565 csse
574 517 754 580 potest
808 509 1083 565 Maximus
1109 512 1296 581 {.ipse;
1342 511 1434 582 qui
1479 512 1531 566 id
1574 528 1783 578 unum,
1827 511 1973 582 quod

405 601 675 665 diximus,
715 611 1030 672 oppugnat,
1069 617 1202 657 sane
1237 617 1346 658 non
1385 603 1628 676 xaiptov;
1668 619 1769 660 nec
1808 605 1974 661 ullius

405 693 468 747 ad
503 691 715 748 Pascha
751 694 1007 748 momenti
1037 711 1051 759 ;
1086 694 1229 764 quod
1263 709 1546 765 perperam
1578 695 1972 765 scrupulariam

405 781 552 837 illam
604 785 870 838 rationem
922 787 1392 841 administrarent.
1437 785 1614 856 Atque
1665 785 1772 841 hoc
1823 787 1973 857 ipsos

405 876 705 945 elegantius
739 875 916 930 facere
952 877 1198 946 potuisse
1226 891 1337 931 non
1368 892 1538 947 nego;
1573 875 1668 932 sed
1703 878 1839 932 nihil
1869 878 1973 933 hoc

405 978 582 1022 tamen
615 967 912 1022 Catholicis
947 968 1144 1023 ritibus
1176 969 1514 1024 adversatur.
1535 968 1669 1024 Nam
1690 969 1833 1039 quod
1857 985 1973 1024 mo-

405 1059 541 1112 leste
574 1057 678 1112 fert
706 1057 975 1114 Maximus
1007 1060 1248 1130 quinque
1298 1061 1552 1130 scrupula
1590 1062 1748 1116 annis
1783 1061 1972 1131 singu-

403 1150 471 1206 lis
512 1151 767 1219 imputari
802 1151 869 1205 ad
905 1153 1251 1222 exemptilem
1289 1155 1752 1224 compensandum
1785 1153 1927 1208 diem
1953 1194 1970 1221 ,

404 1257 514 1296 nou
557 1242 660 1296 hac
705 1243 820 1297 sola
867 1243 936 1298 de
978 1258 1144 1299 causa
1195 1244 1248 1298 id
1295 1245 1418 1299 illos
1446 1245 1753 1301 instituisse
1793 1251 1968 1316 puto;

401 1331 497 1385 sed
537 1339 594 1384 ut
627 1331 920 1386 terminum
959 1347 1083 1388 cum
1122 1334 1381 1388 exactiori
1427 1344 1581 1390 aetate
1615 1337 1756 1391 luna:
1787 1338 1973 1392 conci-

401 1421 619 1478 liarent.
661 1423 1027 1479 Nihilominus
1073 1433 1129 1481 et
1167 1434 1387 1496 propter
1422 1427 1564 1482 luna:
1612 1429 1809 1484 saltum
1850 1446 1973 1500 τεχ-

402 1513 568 1576 νικῶς
603 1516 856 1585 usurpari
890 1516 1066 1586 potuit
1093 1535 1105 1570 :
1139 1517 1592 1587 quemadmodum
1625 1520 1766 1574 Beda
1795 1522 1972 1591 capite

402 1606 493 1661 XL
518 1608 642 1662 libri
663 1607 743 1663 De
771 1611 974 1665 ratione
1002 1621 1288 1681 temporum
1311 1613 1506 1668 saltum
1533 1613 1779 1670 eumdem
1804 1614 1970 1680 lunae,

401 1697 521 1752 sive
543 1698 684 1761 diem
712 1702 1089 1770 exemptitium
1133 1718 1229 1773 per
1257 1719 1348 1757 xix
1405 1717 1576 1759 annos
1620 1705 1755 1776 cycli
1816 1706 1971 1759 luna-

401 1787 481 1842 ris
513 1789 741 1854 dividit,
779 1802 838 1846 ut
871 1794 1129 1862 paulatim
1164 1808 1228 1848 ac
1261 1809 1357 1864 per
1408 1794 1742 1850 incrementa
1789 1795 1973 1865 justus

400 1875 509 1932 diei
558 1877 759 1934 modus
803 1895 1150 1950 progressum
1199 1882 1414 1936 habeat.
1457 1880 1666 1937 Etenim
1720 1899 1971 1954 magnam

400 1971 784 2039 scrupulorum
826 1973 1054 2027 istorum
1096 1981 1305 2042 partem
1339 1973 1652 2044 negligunt,
1689 1974 1765 2028 ait
1801 1973 1976 2030 Maxi-

402 2076 545 2116 mus.
604 2060 810 2116 Verum
851 2071 938 2118 est
980 2062 1034 2116 id
1073 2063 1312 2134 quidem.
1359 2062 1493 2118 Nam
1535 2065 1683 2121 solos
1734 2066 1973 2136 integros

401 2153 523 2209 dies
552 2154 620 2209 ad
649 2169 917 2210 summam
942 2155 1390 2222 accommodant,
1415 2158 1677 2228 quidquid
1705 2160 1972 2230 reliquum

399 2245 580 2300 estde
610 2246 916 2301 ratiuncula
937 2287 953 2312 ,
995 2247 1098 2302 etsi
1137 2247 1204 2301 ad
1235 2248 1518 2319 sexaginta
1561 2251 1784 2321 propius
1818 2267 1973 2307 acce-

401 2336 498 2392 dat
519 2375 535 2402 ,
567 2337 787 2407 penitus
820 2340 1098 2395 omittunt.

473 2425 794 2499 Exemplum
827 2448 841 2483 :
875 2432 1031 2484 Anno
1063 2429 1201 2502 cycli
1234 2432 1728 2504 undecuplatorum
1763 2433 1970 2490 lunaris

401 2533 575 2583 xvut,
626 2521 717 2591 qui
754 2528 840 2576 est
882 2521 1376 2578 Alexandrinorum
1425 2540 1499 2588 ll,
1551 2526 1818 2582 terminus
1864 2526 1969 2581 Pa-

402 2611 608 2667 schalis
635 2619 754 2668 erat
775 2609 961 2668 Martii
986 2630 1114 2677 xxv,
1151 2615 1239 2671 die
1270 2617 1339 2671 84
1364 2631 1395 2671 a
1421 2616 1678 2674 Kalendis
1704 2616 1968 2676 Januarii.

407 2701 594 2758 Ductis
625 2705 788 2760 annis
825 2707 885 2760 l8
920 2706 977 2760 in
1013 2708 1098 2770 ll,
1130 2709 1376 2763 confiunt
1403 2710 1523 2766 dies
1555 2711 1691 2776 l98,
1725 2712 1816 2782 qui
1849 2729 1970 2768 cum

404 2795 473 2849 84
518 2795 755 2852 eﬂlciunt
782 2798 906 2854 282.
944 2797 1210 2870 Scrupula
1255 2803 1452 2859 deinde
1510 2802 1704 2858 diurna
1749 2805 1818 2860 84
1847 2821 1972 2860 cum

401 2885 502 2951 90,
532 2888 627 2958 qui
656 2904 723 2944 ex
759 2889 825 2942 18
874 2905 969 2960 per
1015 2891 1050 2947 5
1099 2893 1474 2964 multiplicatis
1523 2898 1808 2962 oriuntur,
1856 2898 1973 2954 dies

403 2977 644 3033 conﬂant
673 2979 739 3042 2,
770 2981 892 3037 54':
925 2982 1126 3052 quibus
1158 2984 1225 3039 ad
1260 2985 1378 3043 dies
1408 2986 1516 3042 282
1549 2988 1783 3054 additis,
1821 3006 1972 3046 sum»

2076 515 2352 584 objicitur,
2400 516 2555 586 quasi
2591 515 2743 570 nefas
2773 515 2845 567 sit
2875 515 2927 568 in
2961 515 3074 570 illis
3106 515 3316 570 Pascha
3349 531 3628 585 peragere,

2077 607 2214 662 nihil
2249 607 2316 662 ad
2357 623 2468 663 rem
2506 608 2762 678 pertinet.
2800 607 3013 662 Etenim
3050 608 3195 662 aliud
3228 616 3313 663 est
3343 608 3633 664 sollicitare

2072 698 2339 753 terminos
2364 697 2541 767 ipsos,
2569 706 2622 752 et
2649 699 2870 767 antiqua
2899 698 3128 752 statione
3152 698 3427 766 depellere
3451 717 3465 752 :
3497 699 3631 754 aliud

2074 790 2264 845 iisdem
2295 790 2561 845 haerentes
2591 790 2784 845 diebus
2802 831 2816 853 ,
2848 805 2958 844 uno
2983 791 3071 845 die
3097 791 3180 846 vel
3208 791 3379 846 biduo
3408 791 3633 862 amplius

2074 895 2368 934 numerare
2391 899 2404 935 :
2434 895 2664 950 quorum
2691 882 2843 950 prius
2872 881 2991 934 sine
3017 881 3232 950 publica
3259 880 3523 937 Ecclesia:
3544 898 3635 936 au-

2075 970 2330 1023 ctoritate
2363 983 2473 1022 non
2521 969 2757 1034 licebat;
2792 971 3066 1038 posterius
3105 971 3359 1025 eruditus
3407 971 3632 1042 quisque

2072 1074 2256 1114 rerum
2286 1061 2814 1124 astronomicarum,
2865 1069 2991 1115 ante
3031 1059 3424 1131 Gregorianam
3465 1079 3634 1117 emen-

2074 1152 2359 1207 dationem
2379 1193 2395 1218 ,
2429 1152 2680 1222 privatim
2709 1153 2850 1208 citra
2877 1153 3354 1223 reprehensionem
3384 1154 3629 1210 instituit.

2079 1243 2193 1298 Hoc
2226 1245 2370 1299 enim
2403 1245 2540 1298 nihil
2571 1253 2688 1300 erat
2719 1244 2864 1299 aliud
2884 1284 2900 1308 ,
2932 1258 3094 1314 quam
3128 1259 3159 1298 a
3191 1245 3514 1301 cmlestibus
3545 1262 3634 1300 no-

2073 1335 2294 1390 viluniis
2327 1335 2469 1390 luna:
2496 1342 2708 1390 aetatem
2757 1348 3066 1400 arcessere,
3113 1348 3224 1387 non
3265 1349 3296 1387 a
3341 1333 3636 1388 neomcniis

2072 1422 2326 1480 civilibus
2347 1465 2362 1490 ,
2395 1439 2515 1494 qua:
2540 1422 2798 1487 paulatim
2831 1423 3179 1480 decoxcrant.

2143 1510 2514 1580 Postremogde
2545 1511 2842 1581 majoribus
2874 1525 2937 1565 ac
2951 1509 3281 1566 Victorianis
3309 1510 3635 1582 cyclis,qui-

2073 1605 2174 1660 bus
2200 1604 2654 1674 undecuplatores
2670 1643 2686 1665 ,
2714 1604 2822 1657 imo
2847 1601 3018 1658 Graeci
3046 1617 3238 1657 omnes
3264 1603 3321 1656 in
3350 1602 3470 1657 suis
3494 1618 3635 1657 com-

2072 1697 2219 1768 putis
2262 1697 2347 1752 usi
2396 1704 2556 1760 sunt,
2590 1695 2872 1751 sciendum
2917 1703 3002 1750 est
3044 1695 3114 1748 ab
3144 1694 3358 1748 Adamn
3393 1695 3517 1751 illos
3558 1695 3634 1750 iu-

2073 1790 2255 1860 cipere
2281 1809 2296 1845 :
2327 1799 2388 1844 ut
2419 1804 2488 1845 ex
2519 1789 2668 1845 calce
2699 1789 2941 1857 computi
2974 1788 3194 1844 Maximi
3227 1789 3529 1859 colligitur.
3563 1787 3634 1844 lbi

2074 1884 2221 1939 enim
2249 1883 2389 1954 cycli
2414 1881 2666 1937 undecim
2690 1881 3029 1952 explicantur
3051 1881 3120 1936 ab
3145 1881 3298 1938 orbis
3322 1881 3481 1936 initio
3505 1899 3520 1947 ;
3547 1897 3633 1936 an-

2075 1975 2241 2044 nique
2275 1974 2333 2029 iu
2375 1987 2516 2044 quos
2557 1971 2759 2044 singuli
2803 1970 3061 2027 desinunt
3105 1979 3394 2026 notantur.
3441 1970 3635 2026 Horum

2077 2066 2302 2121 ultimus
2355 2063 2639 2120 terminari
2687 2062 2887 2117 dicitur
2932 2064 2989 2117 in
3045 2078 3191 2118 anno
3242 2079 3376 2118 xxiv
3431 2063 3634 2132 imperii

2075 2156 2458 2220 Constantini,
2509 2156 2601 2228 qui
2634 2162 2856 2227 putatur
2896 2154 3057 2210 5852.
3109 2153 3385 2210 Detractis
3426 2170 3492 2209 ex
3535 2169 3639 2208 me-

2075 2249 2244 2304 thodo
2296 2247 2525 2303 canonis
2577 2247 2614 2300 2
2664 2244 2860 2315 capitis
2908 2259 3044 2315 xui,
3084 2243 3209 2308 779,
3261 2242 3461 2313 reliqui
3514 2244 3636 2296 ﬁunt

2075 2340 2204 2397 anni
2245 2338 2456 2412 periodi
2499 2337 2728 2393 Iuliana:
2769 2337 2939 2401 5075,
2972 2336 3066 2406 qui
3107 2345 3194 2390 est
3223 2349 3407 2390 annus
3442 2332 3634 2388 Christi

2073 2432 2382 2489 communis
2436 2446 2625 2486 cccux.
2679 2429 2858 2496 Quare
2910 2442 3010 2499 pro
3064 2427 3487 2481 Κωνσταντίνου
3534 2426 3637 2495 lege

2072 2523 2484 2591 Κωνσταντίους
2517 2521 2619 2578 fuit
2645 2522 2789 2577 enim
2834 2533 2962 2576 xxtv
3003 2517 3334 2573 Constantii.
3375 2517 3547 2589 igitur
3586 2519 3634 2570 in

2073 2634 2183 2674 aera
2211 2612 2968 2682 Alexandrina,duodecimus
2999 2611 3184 2682 cyclus
3219 2609 3494 2666 Victorini
3531 2609 3637 2664 iniit

2074 2727 2220 2766 anno
2251 2709 2455 2767 Christi
2488 2721 2698 2762 eccm.
2731 2704 2848 2760 Jam
2880 2718 3007 2759 vero
3033 2700 3285 2757 deductis
3318 2701 3428 2756 795
3455 2701 3523 2756 de
3553 2715 3637 2753 an-

2074 2805 2163 2861 nis
2187 2803 2346 2869 5852,
2373 2809 2546 2858 restat
2566 2799 2707 2856 5057
2729 2797 2934 2869 periodi
2955 2795 3186 2851 Julianae
3210 2793 3307 2865 qui
3334 2801 3424 2848 est
3446 2791 3637 2848 Christi
3710 2824 3720 2834 -

2073 2895 2315 2966 vulgaris
2348 2907 2594 2956 ποιων,
2624 2905 2735 2961 quo
2768 2889 2826 2942 in
2855 2895 3110 2957 computo
3141 2883 3640 2953 Constantinopoli-

2073 2995 2241 3050 tano,
2285 2992 2342 3040 ct
2385 2981 2874 3053 undecuplatorum
2919 2977 3246 3033 terminatus
3291 2984 3382 3030 est
3429 2973 3640 3028 undeci-

405 3083 604 3138 maque
639 3085 736 3140 per
773 3072 842 3127 50
875 3075 1074 3143 partita
1095 3115 1110 3140 ,
1148 3076 1354 3132 residui
1393 3085 1524 3133 sunt
1561 3077 1678 3134 dies
1715 3080 1781 3134 Η
1803 3121 1818 3145 ,
1865 3081 1967 3138 δι’,
2002 3105 2050 3170 C
2078 3093 2200 3133 mus
2218 3075 2485 3132 Victorini
2511 3074 2728 3146 cyclus;
2751 3078 2806 3126 et
2830 3068 3188 3170 duodecimus
3211 3080 3361 3170 anno
3391 3072 3640 3170 sequente

403 3159 566 3229 Atqui
599 3162 864 3218 terminus
893 3163 1169 3222 Paschalis
1191 3167 1346 3239 cyclo
1366 3182 1502 3222 xmt
1526 3170 1741 3226 nonnisi
1767 3170 1975 3227 decima

404 3259 603 3321 quarta
650 3263 998 3324 computatur
1045 3258 1099 3311 in
1139 3258 1404 3314 laterculo
1441 3259 1690 3316 sinistro.
1741 3261 1976 3333 Apparet

404 3357 568 3412 ergo,
601 3346 851 3415 quamvis
888 3347 1123 3403 solidum
1160 3351 1301 3405 diem
1332 3367 1495 3422 quam
1530 3353 1776 3422 proxime
1813 3369 1971 3408 sexao

407 3434 746 3504 gesimarum
793 3438 1040 3496 calculus
1088 3443 1349 3512 attingat,
1387 3445 1495 3500 nisi
1527 3446 1776 3501 eumdem
1823 3462 1973 3502 com-

403 3526 580 3595 pleat,
616 3527 673 3582 in
713 3543 1005 3586 numerum
1045 3533 1270 3590 minime
1302 3535 1635 3604 procedere,
1664 3537 1811 3607 quod
1841 3553 1973 3594 sane

404 3621 696 3676 ridiculum
727 3629 843 3688 est,
878 3629 1015 3678 utet
1041 3623 1274 3681 Maximo
1301 3627 1534 3682 videtur.
1571 3625 1756 3698 Neque
1790 3637 1972 3684 tamen

405 3714 625 3783 gravior
661 3713 807 3778 inde,
843 3731 1006 3785 quam
1042 3719 1360 3774 stoliditatis
1393 3719 1716 3774 ascribenda
1748 3720 1858 3774 illis
1888 3729 1974 3777 est

406 3810 580 3860 nota:
614 3805 882 3876 siquidem
905 3808 960 3862 in
1002 3806 1270 3866 Paschate
1297 3809 1432 3865 nihil
1460 3825 1491 3866 a
1525 3809 1824 3868 Catholicis
1855 3811 1971 3867 dis-

2080 3185 2282 3227 cccxu
2315 3168 2605 3224 inchoatus
2638 3171 2741 3220 est.
2778 3159 3140 3230 Quamobrem
3160 3198 3177 3224 ,
3209 3157 3255 3213 si
3287 3171 3470 3212 annos
3509 3155 3640 3211 solos

2081 3277 2316 3317 terarum
2351 3259 2666 3317 Graecarum
2701 3255 2960 3311 adhibeas
2988 3291 3004 3318 ,
3057 3250 3252 3306 iisdem
3305 3249 3473 3304 annis
3511 3246 3639 3303 desi-

2082 3362 2239 3418 nunt,
2272 3353 2527 3408 ineuntve
2555 3346 2879 3413 IVictoriani
2924 3343 3084 3415 cycli.
3129 3341 3227 3397 Sin
3265 3339 3333 3394 ad
3358 3354 3510 3394 anno
3537 3351 3640 3392 arra

2081 3446 2285 3502 Christi
2328 3442 2633 3500 communis
2667 3438 2912 3504 releras,
2944 3436 3103 3491 annis
3149 3432 3398 3489 sedecim
3447 3430 3640 3485 tardius

2079 3539 2136 3594 in
2173 3535 2574 3602 Alexandrina,
2617 3546 2778 3602 quam
2812 3529 2867 3584 in
2897 3523 3512 3594 Constantinopolitana
3535 3520 3637 3574 ﬁui-

2080 3633 2249 3682 untur
2273 3643 2288 3692 ;
2311 3621 2752 3696 quandoquidem
2790 3624 2870 3674 tot
2904 3615 3070 3684 jannis
3097 3612 3279 3682 major
3317 3619 3408 3667 est
3446 3621 3637 3666 summa

2080 3721 2150 3775 ab
2182 3718 2390 3774 Adamo
2421 3716 2489 3772 ad
2519 3715 2734 3771 initium
2765 3726 2886 3768 atrae
2917 3708 3229 3765 communis
3261 3706 3321 3762 in
3354 3703 3640 3778 posteriore

2081 3821 2370 3882 computo,
2400 3825 2561 3882 quam
2593 3808 2649 3862 in
2681 3802 3062 3862 Alexandrino.
