4058 6322
1538 339 1937 359 «ῆι-ῃ..-

274 336 3527 380 ww

1507 500 1678 547 ANNO
1720 499 1956 559 nonin}
1996 499 2300 555 occxux.

473 638 677 801 (3.
809 634 1031 797 v.
1160 626 1950 840 AQUIL.
2083 570 3361 815 JUVENCUS,

1240 893 1922 981 PRESBYTER
1994 842 2607 975 HISPANUS.

1521 1034 1707 1097 (Juxta
1730 1032 2004 1084 editionem
2028 1031 2297 1096 Arevalo.)

1658 1157 2179 1206 -οςοι-

1140 1265 1740 1449 Εέρὶβιοιᾰ
1849 1259 2678 1404 δεδίεᾱῐοτία.

1729 1524 2051 1542 ω

265 1609 639 1667 lllustrissimo
664 1618 723 1667 et
748 1609 1214 1668 reverendissimo
1244 1607 1468 1665 domino
1500 1605 1565 1662 D.
1594 1604 1862 1676 Gregorio
1882 1600 2170 1673 Alphonso
2198 1599 2544 1656 VILLscouez
2575 1598 2920 1667 Loueuzsus,
2956 1600 3126 1682 equiti
3159 1602 3408 1672 praeclari
3436 1599 3573 1672 regii

354 1706 565 1763 ordinis
588 1705 869 1776 Hispanici
891 1704 1076 1761 Caroli
1109 1702 1177 1759 lli
1197 1744 1214 1771 ,
1241 1701 1633 1759 archidiacono
1655 1698 1962 1754 Culatrava:
1983 1737 1999 1763 ,
2026 1696 2292 1753 canonico
2324 1694 2629 1762 Toletano,
2653 1707 2760 1752 etc.
2781 1740 2794 1764 ,
2828 1695 3131 1753 Fsus'rmus
3159 1700 3471 1754 Annuus.

331 1823 703 1899 ltoangelicam
732 1823 1029 1880 Historiam
1048 1866 1064 1891 ,
1088 1822 1326 1897 Gregori,
1357 1823 1437 1876 vir
1460 1819 1803 1887 amplissime,
1832 1832 1986 1889 quam
2014 1814 2218 1870 Latinis
2240 1813 2467 1869 versibus
2489 1811 2752 1868 Iuvencus
2788 1815 3053 1886 presbyter
3069 1814 3318 1884 reddidit,
3361 1831 3482 1871 cum
3505 1812 3576 1867 ad

259 1927 424 1975 vetera
447 1920 773 1989 exemplaria
796 1934 1180 1993 recognoscere,
1203 1916 1546 1988 subjectisque
1582 1910 1960 1977 natationibus,
1986 1909 2128 1980 quod
2157 1908 2390 1978 proxime
2424 1907 2476 1961 in
2515 1905 2828 1977 Dracontio,
2859 1924 2950 1963 nec
2974 1907 3139 1964 multo
3182 1918 3304 1964 ante
3339 1912 3397 1964 in
3428 1908 3573 1965 Prn-

260 2013 456 2080 dentio,
487 2016 737 2085 feceram,
779 2012 1046 2067 illustrare
1074 2009 1478 2073 constituissem,
1499 2009 1719 2080 jamque
1732 2002 1862 2056 adeo
1889 2002 1941 2056 in
1969 2015 2030 2055 eo
2058 2015 2239 2065 essem,
2268 2007 2323 2052 ut
2345 1997 2408 2051 de
2427 1995 2652 2052 editione
2679 1999 2998 2067 coqitarem;
3027 1999 3322 2070 argumenti
3350 1999 3574 2072 didicul-

263 2117 364 2164 tate
408 2125 514 2163 non
552 2108 729 2161 minus
757 2122 915 2177 quam
946 2107 1218 2178 majestate
1246 2102 1414 2157 subito
1437 2099 1740 2165 deterritus,
1791 2096 2004 2152 Omnino
2036 2094 2101 2149 ab
2139 2094 2239 2148 hac
2265 2102 2436 2148 mente
2463 2092 2793 2161 destitissem,
2839 2095 2942 2149 nisi
2973 2104 3029 2149 tu
3064 2112 3161 2167 pro
3187 2113 3267 2161 eo,
3301 2113 3405 2169 quo
3434 2114 3487 2152 es
3515 2096 3570 2150 in

261 2219 403 2260 omne
425 2202 729 2258 litterarum
762 2216 944 2274 genus,
975 2210 1083 2254 tum
1112 2198 1191 2253 vel
1214 2197 1440 2252 maxime
1486 2196 1541 2249 in
1569 2195 1662 2247 has
1689 2192 1973 2246 sanctiores
2021 2187 2219 2255 studio,
2263 2186 2656 2252 intercessisses,
2687 2186 3024 2257 stimulosque
3053 2188 3181 2242 mihi
3207 2204 3329 2242 cum
3354 2190 3426 2243 ad
3463 2188 3573 2243 alia

265 2311 414 2365 opera
439 2294 779 2358 absolvenda,
820 2303 927 2347 tum
950 2291 1236 2362 prasertim
1257 2289 1327 2343 ad
1348 2288 1446 2342 hoc
1473 2283 1844 2356 perficiendum
1863 2279 2202 2335 admouisses.
2233 2275 2443 2349 Itaque,
2473 2276 2613 2348 quod
2641 2276 2936 2349 faciendum
2966 2286 3078 2333 erat
3120 2278 3341 2344 homini,
3366 2288 3441 2333 tot
3464 2295 3565 2334 ηοσ-

264 2389 483 2445 minibus
511 2388 610 2444 tibi
638 2386 905 2452 obstricto,
938 2387 1125 2456 quique
1154 2390 1357 2437 tantum
1379 2366 1584 2453 judicio
1631 2387 1784 2446 atque
1811 2373 1983 2430 amori
2011 2383 2100 2427 tuo
2121 2371 2321 2440 tribuit,
2343 2378 2599 2442 quantum
2633 2372 3255 2443 quampaucissimorum,
3278 2374 3454 2429 statim
3471 2374 3567 2429 tibi

264 2484 411 2558 parui
436 2525 451 2550 ,
481 2500 546 2537 ac
574 2482 869 2537 Juvcncum
894 2493 1061 2532 nteum
1083 2475 1525 2546 qualitercumque
1543 2469 1837 2525 absolutum
1858 2466 2248 2539 typographicis
2295 2466 2464 2535 operis
2502 2464 2861 2520 excudendum
2893 2465 3129 2533 tradidi;
3160 2483 3310 2537 quem
3349 2470 3503 2525 modo
3536 2486 3570 2522 a

265 2556 420 2650 pralo
448 2586 705 2632 recentem
734 2574 824 2629 tibi
845 2574 995 2638 sisto,
1028 2571 1227 2635 virtuti,
1257 2579 1311 2623 ut
1339 2568 1411 2621 ait
1438 2565 1548 2630 ille,
1572 2580 1634 2618 ac
1680 2561 1877 2617 meritis
1914 2559 2163 2615 dedicans
2189 2558 2379 2613 librum
2417 2559 2545 2615 tuis.
2588 2556 2784 2613 Fateor
2828 2576 2974 2627 sane,
3019 2564 3132 2633 ejus
3153 2562 3441 2617 editionem
3469 2579 3574 2619 non

262 2648 407 2727 illam
430 2669 644 2738 quidem
668 2666 737 2720 ad
757 2679 976 2737 unguem
1004 2665 1309 2736 perfectam,
1339 2667 1431 2713 aut
1455 2654 1681 2711 numeris
1702 2653 1811 2707 suis
1837 2649 2073 2706 omnibus
2105 2648 2397 2703 absolutam
2424 2648 2618 2717 fuisse:
2640 2650 2733 2702 sed
2759 2659 2929 2703 tamen
2959 2651 3214 2717 omnium,
3244 2668 3360 2723 qua
3398 2652 3572 2707 adhuc

264 2773 552 2835 procurata
574 2767 718 2823 sunt,
741 2756 1219 2827 locupletissimam,
1242 2761 1289 2806 et
1319 2751 1386 2805 ad
1411 2765 1526 2805 eam
1546 2746 1935 2821 perfectionem,
1971 2740 2225 2813 quasique
2256 2739 2525 2835 fastigium
2544 2779 2558 2805 ,
2590 2739 2732 2808 quod
2756 2755 2791 2793 a
2827 2755 2909 2794 me
2938 2744 3226 2811 exspectari
3247 2746 3436 2813 potuit,
3477 2763 3573 2817 pro

262 2830 395 2907 virili
417 2868 534 2906 mea
562 2859 732 2919 parte,
764 2860 822 2902 ut
843 2846 937 2902 tibi
962 2847 1284 2916 obsequerer,
1318 2857 1425 2897 esse
1456 2839 1784 2911 perductam,
1817 2850 1988 2899 nemo,
2024 2834 2239 2905 opinor,
2272 2830 2607 2902 inﬁciabttur.
2659 2830 2778 2897 Qua
2802 2833 2858 2886 in
2883 2848 2938 2886 re
2963 2850 3064 2887 non
3095 2834 3267 2889 solum
3303 2853 3383 2891 me
3417 2854 3572 2909 quam

265 2944 612 3017 gratissimum
638 2956 763 3013 erga
785 2948 832 2994 te
852 2936 1094 3010 cognosci
1124 2936 1313 3003 cupio;
1334 2932 1425 2987 sed
1451 2932 1605 2987 etiam
1629 2943 1802 2997 spero,
1828 2936 1953 2995 opto
1977 2924 2187 2997 quidem
2226 2933 2389 2985 certe,
2416 2937 2693 2977 memorem
2730 2922 2894 2977 videri
2939 2924 3323 2995 beneﬁciorum,
3362 2946 3479 3000 qua
3506 2934 3572 2987 ab

269 3011 666 3092 eminentissimo
691 3011 962 3088 cardinale
982 3029 1270 3085 Francisco
1299 3025 1525 3081 Antonio
1555 3021 1887 3085 Lorensana,
1912 3015 2310 3087 archiepiswpo
2334 3011 2607 3077 Toletano,
2631 3023 2722 3068 tuo
2749 3015 3028 3082 avunculo,
3062 3018 3239 3085 tuique
3273 3023 3578 3076 amantissi-

266 3146 369 3199 mo,
402 3132 454 3185 in
484 3146 565 3184 me
602 3129 798 3183 collata
819 3134 958 3192 sunt,
989 3138 1204 3196 quaque
1222 3135 1316 3194 ego
1343 3116 1590 3173 memoria
1609 3115 1775 3169 colam
1798 3109 2130 3182 sempiterna.
2176 3104 2317 3174 Quid
2351 3114 2521 3159 autem
2550 3102 2677 3158 mihi
2707 3102 2912 3175 gratius
2956 3113 3004 3157 et
3034 3107 3284 3177 optatius,
3327 3110 3457 3180 quid
3474 3112 3574 3183 ju-

268 3195 481 3279 cundius
502 3222 738 3277 accidere
776 3221 964 3291 potuit,
988 3195 1144 3288 quam
1169 3225 1224 3269 ut
1248 3211 1651 3268 vetustissimum
1678 3205 1976 3285 christiana
2006 3216 2215 3272 poeseos
2246 3207 2656 3263 monumentum,
2690 3215 2725 3252 a
2761 3195 3084 3253 nobilissimo
3111 3203 3410 3273 presbytero
3442 3204 3575 3260 His.

271 3332 400 3387 pano
426 3314 686 3383 Juvenco,
722 3287 958 3382 profanis
992 3306 1211 3383 perinde
1229 3322 1291 3360 ac
1314 3303 1479 3361 sacris
1505 3299 1690 3356 litteris
1717 3297 1953 3369 apprime
1971 3291 2202 3356 exculto,
2226 3289 2322 3346 sub
2350 3290 2469 3360 ipsa
2495 3288 2647 3342 initia
2669 3289 2813 3357 pacis
2841 3306 2876 3345 a
2900 3287 3243 3345 Constantino
3272 3294 3583 3363 imperatore

269 3379 517 3465 Ecclesia
552 3379 777 3462 reddita
812 3379 1156 3467 elaboratum,
1202 3409 1249 3454 et
1288 3412 1426 3452 nunc
1456 3393 1676 3460 denique
1704 3406 1738 3444 a
1765 3405 1848 3445 me
1877 3387 2216 3450 recensitum,
2260 3392 2309 3438 te
2351 3381 2611 3436 hortatore
2635 3379 2704 3436 ἐι
2724 3385 2968 3454 auspice,
2994 3384 3082 3454 qui
3105 3401 3166 3439 ea
3193 3385 3382 3441 decora
3404 3390 3578 3444 omnia

270 3503 448 3574 quibus
473 3500 747 3558 Iuvencus
779 3500 1008 3554 maxime
1031 3493 1298 3560 excelluit,
1329 3491 1382 3545 in
1410 3498 1459 3543 te
1481 3490 1596 3557 ipso
1616 3484 1837 3539 collecta
1862 3480 2047 3551 refers,
2087 3475 2306 3549 prodeat
2332 3475 2385 3529 in
2422 3474 2612 3543 lucem,
2654 3490 3078 3546 communemque
3117 3477 3417 3548 reipublica
3443 3483 3583 3537 citri-

203 3629 207 3632 ν
273 3571 453 3653 stiana
479 3597 800 3652 utilitatem?
831 3592 899 3650 Ut
924 3592 1064 3648 enim
1090 3588 1344 3663 praclara
1370 3584 1469 3640 illa
1494 3583 1646 3638 avita
1670 3578 1956 3634 nobilitatis
1984 3586 2087 3631 tua
2104 3582 2462 3640 monumenta,
2494 3580 2543 3625 et
2573 3571 2808 3640 trophaa
2833 3581 3156 3643 prateream,
3186 3592 3303 3647 qua
3316 3579 3436 3650 jam
3455 3580 3579 3638 inde

273 3691 496 3764 aprimis
517 3688 879 3761 Hispanorum
906 3661 1104 3756 praliis
1136 3689 1320 3736 contra
1350 3676 1571 3732 Mauros
1611 3675 1667 3728 in
1693 3669 1893 3741 oppido
1917 3666 2215 3741 Mogroueio
2239 3662 2410 3719 adhuc
2438 3661 2696 3731 visuntur,
2732 3662 2888 3717 habes
2932 3668 3165 3736 profecto
3200 3667 3255 3721 in
3287 3672 3578 3745 majoribus

278 3758 394 3855 tuis,
419 3785 602 3853 quibus
618 3758 769 3856 jure,
799 3790 845 3836 et
869 3781 1052 3835 merito
1081 3776 1298 3851 gloriari
1327 3772 1521 3848 possis,
1554 3770 1685 3826 duos
1706 3767 1940 3842 egregios
1968 3764 2109 3819 viros
2139 3760 2454 3818 Sanctorum
2479 3758 2633 3829 fastis
2653 3760 2930 3828 ascriptos,
2957 3758 3233 3816 Turibium
3253 3765 3579 3837 Alphonsum

277 3851 650 3953 Hogroveium;
692 3876 1141 3947 archiepiscopum
1182 3868 1484 3932 Limanum,
1527 3874 1575 3920 et
1605 3860 1939 3918 Vincentium
1967 3856 2296 3953 Lorenzana,
2341 3852 2575 3953 abbatem
2621 3851 2821 3907 ordinis
2858 3852 2921 3909 S.
2951 3853 3245 3922 Benedicti,
3280 3863 3434 3934 cujus
3464 3862 3581 3919 reti-

275 3942 473 4048 gios'um
494 3942 699 4027 cultum
729 3942 912 4023 domus
940 3942 1031 4022 tua
1062 3974 1298 4018 materna
1341 3958 1560 4025 sacello,
1608 3972 1726 4024 ara,
1766 3951 2031 4022 sacrisque
2057 3946 2403 4048 con—celebrat.
2437 3942 2613 3999 Habes
2639 3944 2954 4001 clarissimos
2983 3948 3115 4002 duos
3144 3952 3425 4021 antistites,
3472 3956 3578 4013 Pe-

275 4035 405 4125 lrum
438 4065 783 4137 Villagomez,
806 4061 895 4133 qui
919 4061 975 4115 in
1005 4055 1484 4129 archiepiscopatus
1509 4047 1717 4105 Limani
1741 4038 2100 4137 provincias.
2131 4037 2346 4137 Turibio
2381 4035 2639 4137 avunculi)
2662 4052 2758 4137 suo
2782 4039 3049 4108 successit,
3093 4049 3144 4095 et
3169 4043 3334 4097 multa
3357 4046 3580 4117 ingenii,

274 4123 625 4232 doctrinaque
662 4123 780 4210 suat
800 4123 1132 4208 monumenta
1168 4123 1353 4202 litteris
1382 4143 1688 4214 consignata
1732 4132 2023 4209 posteritati
2048 4128 2467 4194 commendavit;
2508 4137 2556 4181 et
2583 4123 2983 4185 Ferdinandum
3019 4130 3358 4205 Villagomez,
3381 4140 3579 4209 episco.

273 4269 393 4326 pum
420 4222 841 4315 Tlaacalensem,
870 4246 961 4318 qui
980 4240 1186 4298 concilii
1211 4236 1537 4295 nMexicani
1571 4251 1696 4306 pars
1714 4246 1909 4302 magna
1935 4228 2066 4301 fuit,
2100 4227 2257 4326 cujus
2298 4222 2585 4326 deant-det
2624 4237 2847 4277 cancnes
2886 4224 2942 4278 in
2984 4225 3219 4282 ordinem
3253 4230 3579 4307 formamque

270 4313 499 4421 digessit.
524 4343 733 4411 Habes,
757 4313 913 4413 atque
929 4337 1176 4401 intueris,
1208 4342 1265 4389 ut
1290 4334 1355 4389 de
1376 4332 1496 4387 aliis
1522 4341 1742 4395 taceam,
1767 4325 1872 4380 duo
1901 4321 1999 4377 illa
2037 4316 2420 4421 fulgentissima
2446 4313 2724 4421 Hispania
2755 4315 2974 4386 lumina,
3008 4335 3106 4390 par
3130 4322 3303 4377 nobile
3328 4326 3575 4402 fratrum,

270 4409 550 4496 arimculos
581 4409 734 4503 tuos,
771 4409 1256 4494 eminentissimum,
1285 4444 1435 4501 quem
1480 4426 1634 4480 modo
1666 4420 1998 4478 nominabam
2022 4456 2039 4484 ,
2077 4413 2226 4469 card.
2258 4409 2602 4503 Francis—cum
2634 4411 2921 4467 Antonium
2962 4410 3289 4486 Lorenzana,
3321 4416 3583 4495 huiusque

271 4554 371 4595 non
390 4537 565 4591 minus
593 4500 792 4587 meritis
812 4546 969 4603 quam
999 4524 1249 4582 nascendi
1277 4532 1415 4579 sorte
1454 4533 1780 4593 germanum,
1821 4512 2077 4569 Thomam
2120 4506 2407 4562 antistitem
2449 4500 2858 4558 Gerundensem.
2916 4502 3020 4560 Tot
3061 4515 3265 4579 tamque
3309 4514 3580 4582 ρηεειανί,

270 4631 568 4688 domesticis
612 4598 862 4697 exemplis
882 4624 1161 4687 excitatus,
1186 4619 1313 4692 quid
1338 4619 1603 4679 miremur,
1628 4612 1673 4666 si
1700 4609 1856 4683 plura
1871 4606 1978 4662 alia
2007 4609 2313 4659 ornamenta
2349 4598 2539 4653 virtute
2563 4606 2611 4651 et
2641 4598 2851 4671 ingenio
2879 4607 3033 4668 parta
3059 4600 3152 4655 tibi
3179 4607 3579 4675 comparaveris,

268 4735 322 4780 ut
350 4726 515 4780 multo
544 4689 792 4776 malueris
820 4718 922 4772 tuis
947 4715 1143 4770 meritis
1171 4689 1331 4784 quam
1370 4716 1581 4763 tuorum
1626 4702 1870 4759 laudibus
1916 4694 2308 4754 commendari?
2342 4689 2616 4784 Magnam!
2641 4691 2877 4761 equidem
2915 4691 2981 4746 de
3026 4701 3076 4746 te
3098 4694 3215 4764 jam
3258 4693 3419 4749 multo
3463 4710 3586 4755 ante

270 4815 568 4891 opinionem
600 4809 1113 4880 comprehenderant,
1139 4781 1290 4877 quem
1318 4818 1423 4857 non
1448 4799 1698 4855 nescirem
1727 4790 2002 4850 excellenti
2029 4785 2564 4891 ingenio-praditum,
2600 4781 2895 4891 incredibili
2927 4785 3161 4839 discendi
3202 4785 3462 4845 desiderio
3504 4792 3588 4847 in-

271 4875 503 4975 censum,
538 4875 808 4979 praclaris
829 4902 989 4976 jactis
1020 4875 1260 4970 pueritia
1296 4904 1343 4950 et
1371 4889 1738 4949 adolescentia
1780 4881 2159 4958 fundamentis,
2202 4876 2510 4979 eloquentia
2546 4875 2705 4979 laude
2729 4884 3003 4979 .ornatum,
3036 4880 3186 4950 cujus
3217 4896 3322 4936 non
3349 4884 3444 4938 illa
3475 4888 3593 4957 qui.

272 5006 388 5059 dem
422 4968 615 5067 multa,
654 4997 745 5052 sed
771 4968 896 5050 sane
926 4968 1157 5048 illustria
1187 4994 1516 5044 monumenta
1548 4984 1603 5038 in
1641 4978 1825 5052 vulgus
1866 4975 2194 5048 prodierunt,
2223 4972 2300 5026 ita
2325 4970 2381 5025 in
2421 4970 2689 5040 graviores
2720 4968 3021 5039 facultates,
3066 4975 3353 5042 prasertim
3380 4994 3498 5036 vero
3537 4983 3593 5040 in

271 5065 734 5173 theologicasvtoto
762 5092 935 5146 animo
959 5087 1277 5155 incubuisse,
1311 5092 1420 5137 uta
1458 5080 1644 5155 primis
1673 5072 1966 5152 juventutis
2004 5069 2158 5173 annis
2197 5065 2570 5173 gravissimum
2614 5080 2806 5118 munus
2832 5067 3100 5136 quarendi
3128 5068 3182 5121 in
3219 5072 3362 5126 omni
3390 5074 3588 5132 theolo-

277 5195 375 5268 gia
401 5158 615 5264 genere,
647 5196 696 5241 et
721 5183 991 5252 iudicandi
1030 5180 1095 5235 de
1135 5180 1202 5233 iis
1226 5177 1315 5248 qui
1343 5178 1400 5231 in
1429 5171 1754 5246 amplissima
1787 5163 1997 5268 diacesi
2025 5159 2380 5268 Toletanauad
2406 5158 2709 5261 animarum
2738 5173 2917 5213 curam
2948 5163 3253 5218 assumendi
3279 5183 3587 5235 promoven-

275 5248 432 5355 ξίφιξ
456 5248 822 5351 mntfmagna
850 5290 968 5329 cum
993 5272 1186 5345 gloria,
1213 5285 1273 5323 ac
1301 5266 1527 5322 nominis
1550 5259 1937 5319 existimatione
1959 5254 2241 5311 sustineas.
2275 5248 2469 5355 Virum
2492 5249 2792 5355 opinionem
2819 5266 2989 5306 meam
3009 5254 3161 5326 longe
3182 5257 3304 5311 vicit
3324 5275 3597 5334 perspecta

277 5339 407 5432 mihi
433 5339 944 5444 singularisvingenii
976 5339 1052 5420 tui
1078 5363 1176 5427 vis,
1211 5370 1260 5416 et
1299 5374 1463 5416 sacra:
1490 5356 1743 5411 doctrina
1787 5351 2029 5415 ubertas;
2056 5360 2175 5400 cum
2219 5353 2269 5397 te
2309 5341 2494 5397 Roma
2531 5339 2710 5395 multis
2739 5343 3000 5401 mensibus
3025 5361 3452 5420 commorantem,
3482 5359 3590 5426 fere

275 5468 510 5542 quotidie
521 5436 598 5518 de
620 5436 884 5516 altissimis
909 5455 1178 5529 religionis
1200 5463 1394 5509 nostra
1417 5449 1702 5523 mysteriis,
1745 5454 1802 5499 ut
1827 5439 2028 5497 occasio
2052 5453 2168 5494 sese
2197 5436 2381 5542 dabat,
2411 5445 2733 5542 exntempttre
2761 5436 3025 5537 subtiliter
3051 5439 3390 5497 disserentem
3408 5450 3594 5502 audie-

276 5523 402 5631 rim,
432 5570 589 5630 atque
611 5556 687 5610 ita
706 5523 1030 5623 difficillima
1042 5561 1259 5619 quaque
1280 5545 1348 5599 ad
1374 5544 1546 5599 vivum
1567 5544 1904 5597 resecantem,
1938 5546 2097 5631 eaque
2123 5528 2269 5601 facili
2292 5536 2340 5582 et
2368 5523 2656 5629 pro/luenti
2686 5526 2921 5580 oratione
2961 5529 3340 5599 etpedientem,
3369 5545 3426 5587 ut
3453 5538 3597 5611 inge.

275 5617 425 5712 nium
463 5617 718 5708 videreris
758 5617 1006 5718 (Augusti
1031 5617 1199 5697 verbis
1226 5637 1368 5708 utar)
1401 5637 1459 5691 in
1485 5643 1758 5690 numerato
1784 5626 1998 5718 habere.
2030 5621 2146 5677 Nec
2179 5636 2326 5677 secus
2363 5617 2832 5718 eaistimarunltnot
2857 5620 2943 5718 illi
2970 5622 3070 5677 viri
3098 5624 3380 5693 principes,
3414 5626 3599 5691 Εεοιε.

479 5707 776 5802 litterarum
795 5707 1003 5806 decora,
1030 5748 1257 5807 quorum
1296 5707 1357 5784 in
1395 5723 1842 5787 consuetudinem,
1875 5715 2127 5771 doctrina
2170 5726 2347 5766 amore
2373 5707 2589 5773 ductus,
2613 5716 2661 5761 te
2692 5707 2869 5763 libenti
2897 5712 3073 5764 animo
3104 5710 3288 5779 dabas;
3319 5723 3370 5767 et
3408 5722 3595 5788 quibus

277 5801 390 5921 ipse
420 5801 656 5914 impense
675 5836 885 5891 chartis.
918 5801 1261 5902 acceptusque
1298 5841 1415 5882 eras
1445 5830 1656 5897 propter
1686 5813 1877 5888 ingenii
1906 5807 2267 5883 prastantiam
2307 5802 2691 5870 candoremque
2714 5801 2879 5857 animi
2919 5802 3368 5921 bene‘constituti.
3408 5811 3597 5876 Mirari

582 5935 862 5998 Ριτιιοι.
1176 5896 1185 5899 ﬁ
1448 5896 1451 5897 ν

3051 5896 3081 5956 1
3159 5978 3184 5990 .-
