4058 6322
499 292 567 350 15
1507 293 1571 351 C.
1615 284 1914 351 VETTIUS
1954 276 2332 352 AQUlLINUS
2371 277 2748 343 JUVENCUS.
3730 282 3796 338 16

496 423 670 470 terum
703 426 883 472 exstat
914 417 1193 488 inscriptio
1221 416 1502 488 pertinens
1533 416 1597 472 ad
1630 427 1874 485 tempora
1901 412 2084 476 Marci,
2116 399 2171 464 Α
2196 402 2384 456 mullis
2426 401 2603 456 ῐηοάίε
2653 401 2889 472 θιίοαηίιι
2929 406 3250 472 corruptum
3281 400 3572 472 κρανίων,
3609 406 3670 456 ut
3696 414 3794 470 ι)το

494 518 548 562 ει
578 507 862 563 Commodi
893 508 1034 572 AA.,
1063 526 1221 578 quam
1247 510 1463 578 Lipsius
1493 509 1628 564 vidit
1654 508 1838 562 [i0th
1861 507 1926 560 ad
1957 519 2092 560 tem-

487 599 638 669 plum
672 600 725 655 S.
773 600 1037 656 Ludovici
1068 602 1120 656 in
1153 603 1359 656 {edibus
1387 602 1444 673 6
1487 601 1712 670 privatis
1745 617 1757 653 :
1790 601 1840 654 in
1873 615 1975 670 qua
2009 598 2091 653 in-

485 703 567 749 ter
608 711 676 748 xv
707 695 850 748 viros
873 711 1044 751 STLIT.
1077 711 1272 759 tuntc.,
1305 703 1365 750 ut
1389 694 1628 760 videtur,
1656 703 1748 746 aut
1781 693 1927 747 inter
1949 691 2087 745 alios

483 786 700 856 ctillegii
733 804 798 842 xx
831 789 1074 845 virorum
1107 790 1349 845 secundo
1381 789 1502 843 loco
1526 787 1838 842 nominatur
1869 784 1927 838 (Σ.
1965 784 2088 839 Vet-

483 881 587 934 tius
617 879 928 950 Aquilinus,
971 883 1095 952 qui,
1131 893 1188 936 ut
1237 882 1302 936 ad
1344 882 1642 951 marginem
1696 887 1934 946 notatur,
1986 877 2088 932 fuit

481 974 675 1028 consul
704 989 848 1029 anno
879 974 1040 1030 Urbis
1074 975 1211 1040 9M;
1251 984 1415 1040 atque
1447 973 1517 1028 ita
1557 985 1781 1027 vocatur
1824 986 1854 1024 a
1888 970 2082 1040 Pagio,

481 1069 570 1136 qui
601 1083 911 1135 praetiomen
941 1067 1084 1122 Junii
1115 1067 1319 1122 Rustici
1350 1066 1572 1120 Lucium
1614 1065 1882 1120 inscribit.
1928 1063 2084 1117 Alius

476 1160 578 1214 fuit
611 1161 678 1227 ρ.
713 1159 924 1214 Vettius
955 1160 1241 1231 Aquilinus
1281 1163 1470 1216 consul
1504 1174 1648 1212 anno
1684 1155 1889 1211 Christi
1941 1156 2078 1221 125,

473 1252 618 1307 alius
648 1252 858 1308 Vettius
896 1253 1184 1323 Aquilintis
1222 1253 1416 1307 consul
1453 1251 1582 1306 286.
1618 1252 1690 1304 De
1720 1249 1804 1305 his
1827 1249 2080 1302 omnibus

473 1344 713 1401 conferri
746 1353 974 1415 possunt
1002 1359 1142 1401 noue
1174 1345 1367 1401 Mansii
1395 1345 1460 1399 ad
1504 1344 1723 1415 Pagium
1745 1385 1759 1407 ,
1809 1357 1953 1398 anno
1979 1342 2080 1396 Ur-

472 1437 561 1494 bis
589 1440 725 1504 878,
755 1440 896 1507 915,
934 1441 1092 1496 1059.

552 1530 638 1585 11.
672 1530 930 1586 Fortasse
963 1542 1018 1584 ut
1047 1546 1076 1583 a
1105 1528 1168 1586 C.
1200 1530 1380 1586 Vettio
1409 1530 1666 1599 Aquilino
1695 1529 1949 1593 consule,
1986 1536 2078 1581 aut

469 1624 540 1678 ab
567 1623 687 1678 aliis
716 1624 962 1694 ejusdem
994 1639 1109 1677 sua:
1130 1623 1306 1692 gentis
1329 1623 1524 1680 Vettize
1561 1631 1617 1677 et
1649 1622 1867 1676 familia:
1908 1619 2077 1689 Aqui-

463 1717 706 1772 linornm
754 1716 1030 1772 Iuvencus
1079 1716 1532 1785 distingueretur,
1582 1715 1822 1770 additum
1872 1712 1946 1766 illi
1990 1723 2075 1767 est

2195 495 2449 562 Iuvenci,
2483 496 2567 551 vel
2596 494 2828 549 Iuventii
2860 510 3006 565 smpe
3049 500 3289 566 reperias
3320 493 3523 550 Eventii
3547 534 3562 557 ,
3604 491 3795 548 Inven-

2195 589 2288 654 tii,
2341 587 2573 655 Yventii,
2632 588 2901 656 Hirentii,
2955 589 3193 657 Quentii,
3237 587 3440 656 Yentii,
3494 587 3792 659 Hyventis,

2201 680 2468 736 Venuntii.
2502 681 2696 736 Noster
2723 683 2886 736 etiam
2927 681 3201 738 Iuvencus
3241 698 3349 736 non
3384 681 3558 736 solum
3591 677 3793 735 alicubi

2191 772 2464 828 Juventius
2513 774 2840 844 appellatur,
2891 775 2983 828 sed
3026 777 3190 830 etiam
3245 773 3554 841 Hiventius,
3599 785 3655 828 et
3693 771 3792 828 ali-

2190 873 2406 936 quando
2435 870 2683 933 Iuvenis,
2717 880 2774 922 ut
2816 868 3090 938 colligitur
3119 884 3186 924 ex
3216 867 3617 924 Montfauconio
3648 867 3787 923 Bibl.

2188 959 2447 1013 Bibliotli.
2481 976 2598 1030 pag.
2650 959 2754 1016 508
2777 1001 2791 1025 ,
2827 961 2915 1015 ubi
2953 976 3020 1016 ex
3069 961 3395 1018 bibliotheca
3425 961 3786 1017 AmbrOsiana

2188 1053 2577 1110 Mediolanensi
2609 1066 2856 1111 recenset
2879 1056 3114 1126 Aquilini
3141 1053 3356 1110 Iuvenis
3380 1073 3563 1125 poema
3595 1056 3660 1110 de
3682 1059 3784 1110 Ac-

2186 1145 2252 1200 tis
2317 1147 2695 1218 apostolorum.
2776 1148 3021 1219 Intelligo
3078 1159 3258 1203 autem
3325 1149 3572 1206 codicem
3634 1150 3782 1204 illum

2183 1241 2472 1310 complecti
2503 1242 2741 1310 Aquilini
2773 1241 2998 1298 Juvenci
3026 1259 3217 1314 poema
3244 1243 3313 1299 de
3343 1255 3578 1314 quatuor
3609 1244 3785 1298 Evan-

2180 1333 2375 1401 geliis,
2426 1345 2481 1389 et
2526 1335 2772 1390 Aratoris
2803 1336 2872 1390 de
2913 1336 3065 1391 Actis
3113 1337 3520 1407 Apostolorum.
3555 1337 3635 1392 Ac
3676 1337 3784 1391 for-

2182 1435 2328 1482 tasse
2357 1442 2512 1482 error
2537 1437 2622 1483 est
2649 1429 2698 1482 in
2732 1428 3136 1486 Montfauconio
3161 1473 3174 1495 ,
3225 1447 3333 1486 non
3379 1433 3431 1486 in
3475 1431 3664 1486 codice
3691 1445 3782 1485 ve-

2181 1518 2285 1572 teri
2321 1535 2332 1570 :
2369 1521 2421 1573 in
2455 1521 2633 1576 indice
2673 1523 2890 1592 quidem
2926 1524 3314 1580 Montfauconii
3345 1527 3389 1580 is
3419 1525 3591 1582 codex
3635 1525 3780 1582 clare

2177 1611 2426 1668 Juvcuco
2454 1615 2792 1671 attribuitur.

2249 1707 2337 1762 14.
2383 1709 2539 1764 Alius
2580 1709 2680 1764 fuit
2725 1710 3000 1766 Iuvencus
3045 1712 3252 1769 Caelius
3303 1713 3575 1782 Dalmata,
3619 1729 3775 1784 quem

468 1807 573 1865 hoc
619 1810 794 1877 ipsum
837 1825 1033 1864 nomen
1077 1809 1302 1864 Iuvenci
1328 1849 1344 1874 ,
1385 1808 1527 1878 quod
1557 1817 1809 1877 qnartmn
1852 1815 1963 1871 est,
2005 1821 2068 1862 ac
2097 1787 2154 1851 Β
2177 1801 2452 1858 diversum
2481 1819 2604 1860 esse
2630 1821 2658 1857 a
2689 1804 2932 1861 Iuvenco
2963 1807 3284 1878 presbytero
3315 1808 3632 1863 observavit
3675 1805 3778 1862 Fa-

465 1916 765 1971 cognomen
813 1910 964 1957 recte
1007 1901 1238 1956 dicetur.
1293 1903 1498 1956 Revera
1548 1899 1818 1955 Iuventius
1865 1915 2065 1955 nomen

464 2003 548 2048 est
578 1997 720 2049 inter
763 1993 1042 2049 Romanos
1074 1996 1256 2051 n0tius
1289 1995 1634 2064 nobiliusque
1668 2013 1680 2048 :
1728 2003 1782 2048 et
1823 1993 1924 2048 hoc
1970 2010 2066 2048 no-

458 2101 585 2140 men
633 2085 876 2141 Juvenco
927 2097 1117 2142 nostro
1155 2103 1405 2144 asserere
1445 2103 1728 2157 possemus
1770 2103 1834 2142 ex
1878 2088 2065 2142 codice

459 2179 844 2250 antiquissimo
883 2180 1142 2235 Vaticano
1187 2183 1388 2252 reginae
1435 2181 1684 2243 Suec-im,
1731 2181 1820 2235 ubi
1864 2182 1918 2236 in
1958 2181 2064 2236 line

454 2275 669 2343 patrius
698 2274 817 2342 ejus
859 2273 1094 2328 nominis
1133 2289 1294 2329 casus
1325 2273 1553 2329 effertur
1589 2272 1818 2344 Iuventi.
1861 2271 2064 2328 Juven-

457 2365 592 2420 tium
618 2377 865 2421 veterem
893 2377 1110 2438 poetam
1142 2367 1408 2421 comicum
1434 2382 1501 2423 ex
1529 2367 1778 2421 Charisio
1800 2406 1812 2430 .
1839 2367 1962 2421 libr.
1989 2381 2057 2432 tt,

453 2458 639 2513 laudat
673 2458 927 2514 Barthius
953 2459 1180 2514 Advers.
1209 2459 1333 2513 libr.
1369 2476 1459 2514 χιι
1481 2499 1497 2526 ,
1525 2474 1644 2528 cap.
1671 2458 1726 2525 5,
1751 2457 1857 2512 col.
1895 2458 2057 2514 1025.

454 2554 564 2612 Sed
611 2571 735 2610 cum
792 2571 984 2612 omnes
1035 2557 1127 2611 alii
1157 2556 1374 2611 codices
1406 2567 1457 2609 et
1487 2555 1659 2610 codex
1703 2556 1820 2624 ipse
1860 2554 2060 2624 regium

453 2646 668 2704 Suecia‘.
697 2649 749 2702 in
781 2647 1047 2720 principio
1077 2647 1366 2702 Iuvencum
1390 2646 1712 2710 exhibeant,
1736 2645 1890 2700 nefas
1911 2653 2058 2700 esset

450 2755 482 2794 a
514 2753 619 2796 tam
658 2752 877 2809 recepto
923 2740 1184 2794 vocabulo
1228 2739 1552 2795 discedere:
1588 2739 1891 2809 praesertim
1931 2738 2054 2807 quia

448 2833 720 2889 rationem
751 2833 915 2887 habet
951 2833 1002 2886 in
1027 2833 1200 2888 veteri
1235 2832 1602 2886 Romanorum
1633 2831 2050 2895 consuetudine,

450 2927 544 2997 qui
577 2927 740 2980 multa
771 2926 1093 2996 cognomina
1134 2927 1202 2979 ab
1234 2938 1464 2994 utroque
1494 2940 1688 2994 pecore
1709 2968 1722 2991 ,
1761 2923 1970 2989 majore
2000 2932 2055 2977 et

448 3023 663 3078 minore
683 3064 697 3087 ,
729 3021 1039 3077 sumebant.
1071 3022 1354 3076 Ascribam
1388 3019 1552 3074 verba
1579 3017 1838 3073 Varronis
1864 3016 1989 3071 libr.
2017 3032 2051 3071 ll

443 3115 512 3170 de
547 3115 622 3169 lie
668 3125 808 3170 rust.
853 3130 975 3186 cap.
1010 3117 1031 3168 1
1061 3157 1074 3178 ,
1103 3130 1172 3170 ex
1204 3113 1545 3169 correctione
1577 3110 1786 3182 Sigonii
1828 3109 1897 3166 de
1943 3109 2051 3163 No-

2176 1897 2377 1952 bricins
2402 1898 2660 1954 Biblioth.
2689 1899 2807 1956 Lat.
2837 1901 2962 1955 libr.
2993 1917 3077 1966 1V,
3105 1916 3226 1970 cap.
3258 1902 3312 1954 2.
3343 1902 3591 1972 Scriptor
3611 1902 3771 1958 etiam

2173 1991 2220 2046 is
2250 1991 2584 2048 christianus
2619 1993 2747 2062 fuit,
2790 1994 3072 2064 vitamque
3101 1995 3283 2050 Attila:
3321 1995 3568 2050 oratione
3595 1995 3770 2050 soluta

2171 2085 2519 2154 composuit,
2553 2087 2709 2156 cujus
2739 2103 2884 2156 smpe
2914 2090 3246 2144 mentionem
3280 2090 3408 2145 facit
3439 2089 3695 2144 Barthius
3717 2088 3768 2144 in

2170 2175 2517 2232 Adversariis
2538 2219 2555 2246 ,
2603 2178 2900 2235 .Iuvencum
2937 2180 3170 2236 C(elinm
3197 2181 3456 2235 Calanum
3487 2191 3766 2237 auctorem

2168 2283 2392 2326 vocans.
2453 2270 2529 2325 De
2580 2271 2682 2326 hoc
2735 2271 2985 2328 Juvenco
3039 2274 3308 2341 scriptore
3357 2274 3495 2330 Viue
3547 2276 3764 2342 Attilae,

2165 2363 2393 2433 ejusque
2422 2363 2758 2420 editionibus
2803 2366 3071 2422 videndus
3108 2376 3191 2422 est
3220 2367 3461 2423 Joannes
3501 2367 3635 2438 Vogt
3656 2409 3670 2433 ,
3701 2368 3767 2420 de

2164 2453 2316 2510 Libr.
2365 2457 2560 2511 rarior.
2613 2456 2779 2527 Typis
2827 2474 2944 2514 eam
2977 2459 3154 2514 Vitam
3198 2461 3546 2516 commissam
3604 2459 3766 2516 fuisse

2162 2546 2278 2602 Nic.
2315 2549 2613 2613 Antonius,
2644 2565 2768 2605 cum
2801 2551 2868 2606 de
2897 2551 3142 2607 Juvenco
3168 2555 3411 2624 scripsit,
3441 2554 3760 2623 ignorabat:

2161 2655 2281 2709 qua:
2314 2650 2491 2694 tamen
2525 2642 2684 2712 longe
2723 2652 2849 2698 ante
2896 2645 3204 2715 prodierat,
3253 2648 3459 2703 scilicet
3494 2648 3760 2720 lngolsta-

2160 2731 2236 2785 dii
2267 2731 2427 2798 1604,
2463 2734 2513 2788 in
2544 2735 2631 2788 4ο.
2663 2735 2920 2791 Sidonius
2944 2737 3067 2792 libr.
3094 2754 3177 2804 ιι,
3205 2739 3367 2810 epist.
3404 2742 3493 2807 14,
3524 2756 3760 2798 comme-

2161 2832 2340 2878 morat
2374 2825 2595 2880 Iuvenci
2640 2826 2913 2884 Martialis
2953 2830 3255 2901 historiam,
3291 2833 3405 2896 vel,
3446 2844 3504 2888 ut
3550 2835 3642 2891 alii
3685 2835 3761 2892 le-

2157 2929 2287 2988 gunt
2311 2962 2325 2985 ,
2357 2917 2630 2985 Iuventii,
2680 2932 2774 2977 aut
2809 2921 3055 2977 Viventii.
3101 2925 3306 2981 Savaro
3335 2927 3400 2981 ad
3429 2943 3552 2982 eum
3579 2929 3757 2985 locum

2156 3011 2461 3068 iuvencum
2512 3031 2540 3068 a
2603 3015 2836 3071 Martiali
2888 3018 3217 3090 distinguit,
3283 3031 3544 3092 putatque
3613 3024 3758 3078 hunc

2151 3118 2281 3161 esse
2309 3105 2612 3176 Gargilium
2635 3107 2960 3175 Martialem,
2992 3112 3150 3180 cujus
3179 3112 3524 3186 Lampridius
3565 3126 3622 3171 et
3660 3115 3760 3172 Vo-

446 3208 583 3264 min.
605 3207 787 3262 Rom.:
813 3206 1042 3260 Nomina
1066 3206 1230 3260 multa
1247 3205 1492 3260 habemus
1517 3206 1581 3258 ab
1604 3219 1820 3274 utroque
1844 3218 2046 3270 pecore,
2078 3178 2130 3245 (ἶ
2159 3201 2342 3268 piscus
2375 3202 2761 3257 meminerunt.
2795 3205 2852 3276 8
2881 3205 3207 3262 Sirmondus
3249 3211 3302 3262 in
3334 3219 3470 3276 not.,
3504 3211 3754 3268 eumdem

447 3319 482 3355 a
526 3304 725 3373 majore
770 3310 818 3354 et
859 3299 1059 3353 minore
1098 3315 1114 3352 :
1159 3316 1190 3351 a
1240 3300 1436 3352 minore
1480 3299 1732 3365 Porcius,
1797 3297 2047 3365 Ovinius,

447 3392 734 3463 Caprilius.
778 3392 866 3448 Sic
901 3409 932 3445 a
962 3395 1162 3464 majore
1192 3389 1458 3462 Equitius,
1493 3391 1726 3444 Asinius.
1757 3388 1851 3443 Est
1875 3399 2051 3442 autem

445 3485 873 3556 intelligendum,
907 3501 1022 3538 cum
1047 3484 1269 3536 dicimus
1297 3482 1522 3552 Capram
1543 3524 1557 3549 ,
1595 3481 1856 3542 Taurum,
1899 3481 2050 3536 Vitu-

447 3583 590 3649 lum,
641 3581 948 3654 coqnomina
989 3579 1380 3650 adsigniﬁcari,
1428 3578 1566 3648 quod
1608 3577 1854 3630 dicuntur
1891 3577 2049 3656 Atinii

445 3673 630 3747 Capra:
650 3716 681 3743 ,ι
703 3673 902 3730 Statilii
936 3672 1132 3739 Tauri,
1179 3670 1462 3739 Pomponii
1496 3671 1664 3725 Vituli
1695 3688 1712 3725 :
1737 3671 1811 3725 sic
1832 3688 1862 3723 α
1890 3687 2048 3743 pecu-

445 3767 596 3823 dibus
623 3766 716 3819 alii
741 3766 912 3819 inulti.
947 3764 1114 3819 Paulo
1141 3765 1300 3819 aliter
1327 3763 1379 3817 id
1404 3765 1455 3817 in
1489 3764 1648 3818 editis
1685 3765 1904 3834 legitur.

519 3861 607 3916 12.
639 3858 912 3916 Juvencus
935 3874 1066 3929 ergo
1095 3873 1124 3911 a
1151 3857 1387 3925 juveuco
1411 3857 1828 3928 cognominatus
1856 3866 1965 3924 εει,
1992 3870 2050 3912 ιιι

445 3955 701 4012 Moschus
767 3962 923 4024 poeta
979 3951 1204 4008 Graecus
1258 3970 1270 4005 :
1326 3967 1448 4005 nam
1500 3952 1707 4024 μόσχος
1751 3952 2046 4022 juvencum

443 4045 735 4116 signiﬁcat.
788 4044 901 4100 Hoc
933 4043 1102 4099 verbo
1149 4043 1299 4099 lusus
1347 4050 1433 4099 est
1480 4043 1733 4099 Barthius
1781 4045 1904 4101 libr.
1953 4060 2047 4100 vtit

445 4138 869 4211 Epidorpidum,
897 4154 1045 4192 num.
1079 4136 1182 4193 71-:

671 4273 870 4324 Tenere
893 4283 1054 4323 aratra
1071 4273 1263 4336 dignior
1283 4275 1390 4336 viro
1407 4279 1579 4324 taurus

669 4336 799 4400 Jugo
823 4336 1075 4386 Juvencus
1090 4335 1227 4385 obdit
1251 4337 1329 4385 hic
1352 4335 1629 4388 Aratorem.

447 4489 642 4544 Sermo
683 4487 758 4541 illi
806 4487 991 4542 estde
1037 4486 1247 4543 duobus
1277 4487 1360 4541 his
1393 4489 1566 4557 poetis
1593 4487 1910 4544 christianis
1951 4489 2049 4545 Ju-

2155 3295 2484 3363 scriptorem
2507 3298 2706 3351 asserit
2733 3299 3048 3354 Iuventium
3071 3299 3370 3356 Martialem
3397 3342 3413 3368 ,
3445 3317 3509 3358 ac
3535 3303 3759 3374 conjicit

2153 3400 2275 3441 esse
2307 3387 2449 3445 hunc
2497 3389 2671 3458 ipsum
2712 3390 3012 3461 Gargilium
3054 3392 3352 3450 Martialem
3393 3395 3462 3450 ab
3486 3395 3610 3452 aliis
3639 3412 3756 3453 me-

2153 3489 2440 3535 moratum.
2783 3490 2786 3491 ⁷

2226 3574 2315 3628 15.
2350 3573 2484 3628 Cum
2521 3587 2754 3646 quatuor
2782 3577 3010 3636 Iuvenci
3043 3581 3260 3636 nomina
3292 3581 3606 3650 singillatim
3655 3597 3753 3639 ex-

2157 3669 2528 3737 posuerimus,
2574 3671 2705 3726 illud
2739 3689 2884 3729 nunc
2909 3674 3110 3730 addere
3152 3690 3612 3747 supervacaneum
3643 3693 3750 3732 non

2153 3771 2274 3828 est,
2306 3765 2506 3834 szepius
2550 3781 2732 3821 mares
2773 3768 2913 3839 apud
2945 3767 3222 3824 Romanos
3258 3780 3491 3840 quatuor
3531 3773 3750 3827 nomina

2154 3851 2442 3922 habuisse,
2477 3872 2792 3926 pramomen
2815 3903 2829 3928 ,
2861 3876 3162 3932 agnomen,
3195 3877 3496 3932 cognomen
3518 3905 3532 3930 ,
3566 3876 3620 3920 et
3651 3881 3752 3919 no-

2153 3962 2312 4011 men,
2359 3949 2519 4020 idqne
2564 3952 2907 4010 nobilitatem
2951 3955 3165 4024 generis
3211 3971 3471 4025 arguere,
3526 3967 3586 4012 ut
3628 3973 3750 4014 cum

2151 4039 2464 4096 Alexandro
2507 4044 2574 4098 ab
2620 4045 2932 4101 Alexandro
2964 4047 3144 4102 notavi
3177 4047 3488 4118 Prolegom.
3522 4051 3588 4106 ad
3620 4053 3752 4108 Pru-

2151 4132 2419 4200 dentium,
2451 4151 2600 4191 num.
2627 4136 2718 4192 41.
2755 4138 2954 4193 Eodem
2978 4138 3098 4194 loco
3121 4139 3282 4194 docui
3309 4156 3434 4197 cum
3460 4143 3752 4201 Sirmondo

2151 4239 2206 4285 et
2238 4229 2550 4286 Marchione
2586 4232 2840 4303 Scipione
2879 4231 3112 4301 Malfeio,
3147 4235 3343 4292 media:
3373 4240 3550 4295 :etatis
3579 4241 3752 4296 nomi-

2155 4337 2281 4376 num
2318 4321 2593 4393 propriam
2627 4323 2767 4378 banc
2804 4326 3210 4394 quodammodo
3245 4327 3418 4399 legem
3455 4331 3622 4388 fuisse
3647 4377 3660 4402 ,
3693 4340 3752 4387 ut

2153 4416 2432 4484 proprium
2460 4416 2722 4486 cujusque
2751 4431 2953 4472 nomen
2982 4417 3034 4473 in
3063 4419 3312 4474 ultimum
3357 4424 3537 4479 locum
3572 4426 3748 4495 conji-

2153 4518 2390 4575 ceretur,
2443 4521 2501 4564 ut
2542 4512 2592 4564 in
2626 4509 2807 4565 Marco
2837 4512 3060 4569 Aurelio
3087 4512 3440 4573 Cassiodorio
3480 4519 3762 4588 Senatore,

445 4596 620 4636 venco
647 4589 702 4634 et
733 4583 986 4635 Aratore.
1030 4579 1215 4650 Neque
1259 4597 1389 4636 vero
1435 4584 1672 4652 ignotum
1713 4587 1935 4639 omnino
1965 4597 2046 4639 est

2167 4602 2305 4671 [nam
2341 4602 2568 4658 Senator
2597 4617 2792 4658 nomen
2825 4606 3100 4674 proprium
3125 4605 3460 4664 Cassiodorii
3487 4631 3514 4664 a
3537 4611 3748 4668 Malieio

451 4674 678 4730 Juvent-i
706 4675 1024 4728 vocabulum
1067 4674 1208 4728 inter
1239 4675 1288 4746 7
1318 4678 1536 4730 nomina
1570 4677 1786 4746 propria
1819 4677 2040 4732 Latino-

449 4785 594 4824 rum.
633 4767 813 4838 Papize
851 4768 1082 4824 celebris
1125 4779 1204 4822 est
1258 4771 1522 4824 memoria
1562 4770 1621 4826 S.
1664 4769 1889 4825 Iuvenci
1931 4772 2045 4840 epi-

448 4862 600 4932 scopi
631 4862 929 4932 Papiensis.
957 4864 1032 4918 De
1055 4861 1158 4918 hoc
1186 4864 1415 4932 accipio,
1441 4863 1583 4934 quod
1615 4864 2044 4918 Montfauconius

448 4959 505 5014 in
539 4959 790 5012 Biblioth.
823 4956 1078 5012 Biblioth.
1128 4957 1255 5012 Mss.
1293 4971 1414 5027 pag.
1453 4956 1590 5012 1245
1615 4999 1630 5024 ,
1660 4958 1768 5011 col.
1799 4955 1863 5022 2,
1903 4957 2046 5011 inter

451 5053 624 5108 libros
669 5067 801 5107 mss.
834 5051 1148 5106 monasterii
1191 5053 1250 5106 S.
1296 5051 1439 5105 Petri
1479 5050 1833 5106 Carnutensis
1881 5049 2048 5104 refert

451 5147 747 5216 llaymonis
778 5145 1188 5215 Expositionem
1220 5144 1273 5198 in
1298 5143 1572 5212 Epistolas
1602 5143 1660 5197 S.
1697 5144 1841 5196 l‘auli
1865 5186 1879 5210 ,
1911 5153 2042 5210 ctc.,

449 5238 517 5294 In
571 5243 721 5313 cujus
769 5239 1057 5310 principio,
1120 5237 1226 5302 ait,
1283 5245 1403 5288 sunt
1457 5234 1635 5306 hymni
1688 5237 1753 5288 de
1805 5238 2047 5307 passione

450 5332 681 5400 Christi,
711 5333 775 5387 de
805 5331 865 5387 S.
901 5330 1156 5401 Dionysio
1176 5370 1190 5394 ,
1221 5337 1269 5382 et
1301 5329 1366 5381 de
1389 5327 1450 5381 S.
1473 5325 1705 5380 Juvenco
1727 5328 1987 5399 episcopo.

521 5431 607 5484 15.
642 5429 1046 5484 Advertendum
1075 5439 1253 5478 tamen
1280 5431 1393 5489 εει,
1429 5421 1483 5474 in
1520 5422 1900 5492 Martyrologio
1931 5423 2040 5477 Ro.

446 5539 606 5582 mano
649 5522 756 5592 legi
790 5522 857 5575 ad
887 5521 1031 5575 diem
1060 5517 1092 5572 8
1123 5515 1406 5571 Februarii
1436 5530 1448 5566 :
1493 5511 1681 5582 Pupiw
1715 5515 1778 5570 S.
1816 5516 2044 5572 Iuventii

441 5618 701 5689 episc0pi;
725 5627 781 5670 et
809 5615 876 5668 ad
902 5615 1046 5667 diem
1083 5609 1150 5664 η
1184 5606 1526 5676 Septembris
1557 5623 1569 5659 :
1622 5609 1772 5681 Apud
1800 5609 2042 5668 Ticinum

438 5713 502 5768 δ.
529 5709 759 5764 Iuventii
791 5706 1038 5778 episcopi.
1075 5702 1134 5757 lit
1163 5704 1284 5756 aliis
1315 5709 1502 5756 tamen
1528 5701 1952 5778 Martyrologiis,
1985 5721 2040 5766 οι

436 5806 490 5863 iu
544 5804 740 5876 multis
778 5803 1166 5871 inss.;,_nometi
1219 5793 1464 5866 Iuvenci,
1488 5797 1836 5872 exprimitur,
1893 5805 2038 5874 quod

466 5979 469 5982 ’
479 5986 508 5996 ο-

2153 4693 2399 4763 dieitur),
2431 4705 2487 4749 et
2520 4697 2571 4749 in
2620 4695 2800 4750 Marco
2837 4695 3060 4752 Aurelio
3088 4697 3379 4756 Clemente
3428 4703 3744 4760 Prndentio.

2157 4787 2232 4840 Ita
2265 4800 2396 4858 ergo
2423 4789 2768 4843 sentiendum
2795 4797 2879 4844 est
2906 4789 2975 4846 de
2999 4791 3132 4847 Caio
3168 4792 3347 4848 Vettio
3374 4796 3631 4868 Aquilino
3653 4799 3747 4854 Ju-

2156 4892 2330 4932 venco
2357 4919 2370 4944 ,
2399 4880 2646 4948 quamvis
2677 4878 2764 4936 hic
2803 4881 2941 4938 ordo
2973 4888 3254 4940 numinum
3279 4887 3330 4941 in
3362 4889 3603 4947 Invenco
3623 4935 3638 4956 ,
3671 4893 3747 4948 uti

2155 4970 2208 5023 in
2266 4971 2417 5036 aliis,
2479 4971 2772 5040 aliquando
2835 4976 3082 5030 inversus
3133 4985 3479 5048 reperiatur:
3538 4984 3747 5040 solebat

2158 5066 2301 5118 enim
2333 5065 2384 5117 id
2417 5064 2532 5118 lieri
2558 5063 2721 5118 etiam
2750 5070 2890 5136 apud
2921 5070 3256 5140 antiquiores
3283 5073 3581 5132 Romanos.

2226 5158 2315 5212 16.
2351 5157 2626 5212 Hactenus
2655 5158 2724 5216 de
2755 5162 2973 5219 nomine
2994 5163 3218 5220 Juvenci
3238 5210 3252 5235 ,
3299 5171 3444 5239 quod
3475 5171 3746 5246 Hierony-

2152 5264 2271 5302 mus
2301 5251 2605 5318 expressit,
2644 5251 2820 5324 deque
2855 5257 2978 5312 aliis
3008 5257 3182 5313 tribus
3209 5275 3330 5328 qua:
3361 5267 3559 5333 tacuit,
3594 5282 3658 5322 ac
3677 5267 3748 5322 de

2151 5341 2432 5396 nobilitate
2481 5346 2736 5414 generis,
2792 5364 2955 5418 quam
3005 5349 3208 5406 diserte
3260 5351 3570 5414 afﬁrmavit.
3624 5361 3746 5416 Alia

2154 5453 2296 5492 nunc
2327 5452 2454 5492 nota
2484 5439 2737 5496 Vallarsii
2765 5446 3122 5514 expendenda
3152 5457 3264 5514 est,
3297 5465 3402 5517 qua
3426 5453 3492 5506 ad
3523 5457 3743 5510 verbum

2152 5531 2467 5602 Hieronymi
2513 5545 2757 5605 quatuor,
2807 5547 2952 5604 etc.,
2996 5537 3239 5605 adjecit:
3279 5539 3493 5615 Verius,
3539 5559 3745 5604 notante

2151 5622 2431 5690 Fabricio,
2481 5625 2693 5682 dixisset
2738 5644 2756 5679 :
2809 5627 3100 5684 Historiam
3140 5635 3488 5703 evangelicum
3526 5654 3745 5710 quatuor

2145 5719 2290 5774 libris
2335 5721 2567 5791 digessit,
2616 5721 2855 5778 Mattluei
2895 5726 3080 5779 seriem
3122 5743 3231 5798 pra:
3261 5733 3460 5787 cteteris
3501 5747 3742 5792 secutus:

2146 5832 2247 5870 non
2305 5814 2528 5886 singulis
2575 5819 2896 5888 evangelistis
2953 5820 3188 5888 singulos
3251 5823 3410 5880 libros
3473 5830 3739 5901 impendit.
