4058 6322
276 329 337 384 17
1272 292 1275 295 “
1642 329 2181 389 PROLEGOMENA.
3501 329 3571 389 ts

273 441 537 512 Equidem
570 457 686 498 non
721 442 875 499 video
903 458 1005 515 qua
1035 444 1246 500 ratione
1272 443 1555 500 Fabricius
1580 455 1636 501 et
1660 443 1867 501 Vallar-
1895 447 1951 506 Α
1977 446 2208 503 Historia
2238 447 2544 520 decerptas.
2578 451 2656 507 De
2688 450 2932 507 carmine
2959 451 3013 506 in
3043 451 3176 505 Acta
3210 449 3315 521 ιο
3351 454 3575 517 aposto-

273 535 384 590 sius
426 534 778 609 Hieronymo
822 537 1121 607 imputent,
1164 537 1308 607 quod
1360 548 1452 593 aut
1493 537 1726 606 dixerit,
1780 548 1874 592 aut

274 627 478 685 dixisse
532 630 837 697 videatur,
892 629 1190 686 Juvencum
1244 630 1473 701 singulis
1527 630 1874 701 evangelistis

272 721 513 793 singulos
573 721 754 777 libros
816 723 1171 793 impendisse.
1230 724 1384 791 Quod
1443 724 1586 779 enim
1641 733 1875 794 quatuor

276 813 581 883 Evangelia
617 813 952 871 transferens
978 815 1252 872 Juvencus
1276 827 1506 888 quatuor
1533 816 1699 872 libros
1725 832 1875 872 conr-

272 907 551 976 posuerit,
609 906 670 962 id
719 923 849 964 vere
895 909 1176 976 asseritur,
1226 910 1441 964 etiamsi
1491 923 1597 963 non
1646 907 1874 979 singulis

275 1001 628 1071 evangelistis
658 1001 901 1073 singulos
925 1001 1094 1057 libros
1118 1003 1448 1070 impenderit
1472 1044 1487 1069 ,
1518 1004 1613 1059 sed
1640 1014 1872 1059 concor—

275 1094 412 1150 diam
464 1096 927 1167 evangelistarum
976 1111 1076 1153 suo
1127 1097 1320 1152 ordine
1368 1097 1705 1167 exposuerit.
1740 1096 1875 1152 Mat-

274 1186 471 1244 thaaum
492 1188 723 1260 quidem
748 1205 858 1259 pra:
877 1191 1087 1247 caeteris
1116 1202 1333 1247 secutus
1361 1202 1464 1261 est,
1492 1207 1598 1247 nou
1629 1194 1752 1264 quia
1783 1208 1873 1248 or-

267 1280 445 1336 dinem
496 1298 666 1348 quem
710 1282 875 1340 habet
905 1283 1229 1350 Matthzcus,
1280 1300 1497 1355 semper
1535 1285 1867 1355 prtetulerit,

267 1391 386 1429 nam
416 1376 622 1449 seriem
669 1377 798 1432 vitae
840 1377 971 1433 Jesu
1013 1378 1215 1435 Christi
1244 1380 1495 1450 apposite
1531 1393 1598 1435 ex
1638 1388 1873 1447 quatuor

267 1468 624 1538 evangelistis
662 1469 898 1541 digerit,
927 1469 1024 1526 sed
1055 1472 1178 1542 quia
1208 1471 1362 1543 plura
1390 1486 1457 1528 ex
1496 1470 1750 1527 Matthmo
1780 1486 1870 1526 su-

265 1560 400 1629 mit,
433 1578 602 1633 quam
633 1578 699 1618 ex
734 1562 859 1619 aliis
894 1581 909 1618 :
949 1563 1218 1635 siquidem
1255 1563 1608 1635 Evangelium
1634 1565 1871 1621 Mattlttei

264 1653 495 1725 singulis
523 1654 655 1710 aliis
677 1656 858 1713 tribus
886 1656 1215 1727 locupletius
1241 1667 1346 1714 est.
1374 1658 1624 1715 Andreas
1647 1659 1871 1715 Callan-

264 1747 419 1817 dius,
446 1749 543 1821 qui
580 1761 734 1806 tomo
758 1750 826 1807 lV
852 1766 965 1807 sua:
1002 1750 1356 1829 Bibliotheca:
1403 1752 1625 1808 Patrum
1667 1752 1870 1809 Juven-

1977 542 2149 598 lorurn
2174 583 2188 608 ,
2240 542 2384 613 quod
2425 543 2671 598 Aratoris
2699 551 2813 610 est,
2836 553 2892 599 et
2936 558 3033 611 per
3060 556 3303 598 errorem
3327 538 3574 596 Juvenco

1975 634 2030 689 in
2059 634 2291 703 quodam
2319 650 2424 690 ms.
2457 635 2649 692 codice
2666 636 2943 703 tribuitur,
2973 635 3093 705 lege
3126 649 3277 690 num.
3304 634 3372 689 15
3393 641 3451 688 et
3477 631 3576 688 41.

1976 727 2146 797 Major
2174 728 2548 784 controversia
2589 728 2767 783 oritur
2803 727 2872 782 de
2919 727 3161 783 carmine
3208 726 3260 781 in
3300 724 3576 791 Genesin,

1973 818 2117 890 quod
2177 818 2229 873 in
2289 816 2686 888 Collect.,vet.
2736 819 2929 889 script.
3008 818 3274 873 Edmundi
3333 816 3578 872 Martene

1977 918 2122 963 tomo
2158 908 2264 977 IX,
2306 911 2412 967 col.
2451 911 2519 966 i3
2550 926 2730 982 seqq.,
2764 911 2867 966 sub
2894 908 3118 965 Juvenci
3150 910 3375 965 nomine
3394 912 3582 965 editur

1973 1016 2040 1058 ex
2084 1001 2273 1057 codice
2304 1003 2622 1059 Corbeiensi
2670 1011 2799 1059 ante
2824 1013 3127 1073 nongentos
3166 1002 3249 1056 vel
3283 1017 3425 1056 nunc
3453 1001 3574 1069 qui-

1973 1094 2093 1150 dem
2125 1082 2274 1150 mille
2302 1110 2476 1150 annos
2501 1102 2759 1161 exarata;
2806 1094 2949 1165 quod
2980 1094 3338 1149 caulirmatur
3378 1090 3572 1149 codice

1973 1185 2113 1243 infra
2143 1202 2294 1242 num.
2326 1185 2400 1242 45
2428 1186 2717 1241 indicando
2750 1204 2765 1241 :
2807 1196 2862 1241 et
2891 1189 2942 1241 in
2991 1185 3236 1241 eamdem
3275 1199 3390 1240 rem
3424 1183 3570 1239 trahi

1973 1290 2151 1351 potest
2177 1323 2192 1348 ,
2224 1280 2316 1351 qui
2347 1296 2498 1335 num.
2528 1278 2601 1335 44
2629 1279 2902 1345 laudatur,
2933 1277 3108 1334 codex
3148 1277 3376 1333 Juvenci
3406 1278 3460 1331 in
3485 1292 3571 1331 ve—

1972 1381 2053 1427 tus
2097 1372 2518 1439 Testamentum,
2570 1372 2673 1428 nisi
2719 1388 2879 1429 error
2915 1372 3004 1428 hic
3032 1374 3105 1427 sit
3132 1386 3234 1442 pro
3280 1371 3336 1425 in
3379 1386 3570 1425 novum

1971 1465 2383 1538 Testamentum,
2425 1468 2495 1524 de
2534 1483 2643 1539 quo
2665 1468 2861 1523 redibit
2889 1482 3071 1523 sermo
3100 1482 3167 1522 eo
3202 1467 3343 1521 loco.
3375 1463 3434 1520 lu
3466 1463 3572 1520 hac

1971 1562 2346 1617 comroversia
2372 1561 2501 1633 quid
2528 1578 2629 1633 ego
2659 1564 2962 1629 senserim,
3017 1560 3129 1615 dixi
3174 1560 3226 1614 in
3254 1558 3570 1630 Prolegom.

1970 1655 2039 1710 ad
2068 1656 2419 1712 Prudentium
2451 1672 2573 1726 cap.
2605 1655 2696 1721 95,
2725 1672 2780 1711 n.
2812 1655 2943 1712 2‘20.
2974 1655 3076 1711 Alii
3107 1654 3158 1709 id
3183 1668 3321 1725 opus
3347 1652 3570 1709 Tertul-

1972 1749 2118 1804 liano
2140 1792 2156 1819 ,
2186 1749 2277 1805 alii
2305 1750 2596 1820 Cypriane,
2623 1750 2770 1805 Elias
2798 1750 2985 1805 Pinins
3014 1765 3082 1805 ex
3108 1748 3419 1818 conjectura
3448 1746 3573 1804 Sal-

261 1858 380 1899 cum
429 1845 716 1911 inseruit,
761 1846 819 1918 9
858 1861 1090 1918 eumque
1137 1862 1484 1919 summopere
1537 1848 1758 1912 laudat,
1813 1848 1866 1903 in
1897 1842 1946 1905 B
1975 1843 2136 1898 viauo
2184 1841 2508 1898 Massiliensi
2537 1887 2552 1911 ,
2612 1843 2757 1915 quod
2814 1843 3049 1899 Allixius
3104 1842 3270 1898 etiam
3320 1841 3567 1913 putabat.

263 1931 681 2006 Prolegomenis
701 1937 770 1991 ad
791 1953 913 1992 cum
940 1948 1169 2005 tomum,
1194 1953 1317 2007 cap.
1344 1939 1413 1995 15
1435 1948 1641 2006 monet,
1669 1939 1866 1996 Juven-

262 2040 377 2083 cum
410 2029 570 2100 plura
602 2029 892 2097 omisisse,
921 2031 1046 2102 quia
1074 2031 1255 2089 omnia
1296 2031 1361 2087 D.
1395 2031 1460 2087 N.
1503 2032 1631 2089 Jesu
1660 2032 1861 2089 Christi

261 2130 444 2193 gesta,
494 2137 610 2179 non
659 2124 843 2180 omnia
882 2124 1027 2180 dicta
1068 2126 1378 2196 exprimere
1424 2126 1616 2181 voluit.
1658 2126 1865 2183 Praeter

259 2210 546 2270 historiam
580 2224 816 2286 quatuor
845 2215 1256 2290 Evangeliorum
1293 2218 1655 2290 Hieronymus
1684 2219 1735 2273 iu
1764 2219 1863 2276 Ju-

260 2308 408 2363 venci
454 2309 641 2379 elogio
672 2307 874 2364 indicat
902 2310 1159 2364 nonnulla
1195 2310 1374 2366 eodem
1400 2319 1564 2367 metro
1589 2311 1861 2382 (versibus

258 2396 623 2471 hexametris)
654 2401 726 2455 ad
755 2415 1195 2457 sacramentorum
1242 2404 1477 2458 ordinem
1520 2405 1856 2476 pertinentia.

257 2491 376 2548 [ire
406 2492 592 2549 adhuc
636 2493 848 2561 latent,
882 2508 1008 2560 aut,
1052 2506 1113 2552 ut
1153 2498 1327 2568 magis
1357 2507 1521 2568 puto,
1569 2499 1862 2555 intercide-

256 2596 399 2641 runt.
444 2585 504 2641 ln
535 2586 927 2644 Montfaneonii
972 2589 1234 2645 Biblioth.
1270 2607 1401 2646 mss.
1435 2608 1499 2647 ex
1534 2590 1858 2648 bibliotheca

260 2677 521 2735 Vaticana
588 2682 799 2753 regina:
852 2682 1064 2739 Sueciaz
1118 2701 1267 2739 num.
1328 2683 1469 2740 1:254
1524 2694 1858 2750 annotatur,

254 2771 516 2845 Anonymi
564 2773 702 2829 liber
745 2776 1144 2848 compendiosas
1189 2776 1254 2833 de
1293 2787 1484 2847 septem
1525 2768 1861 2833 sacramentis

251 2868 467 2922 matrice
495 2868 813 2937 compilatus
834 2911 848 2936 ,
875 2870 964 2941 qui
985 2880 1200 2925 vocatur
1223 2873 1561 2927 communiter
1591 2870 1861 2927 Decretale

253 2960 318 3014 ad
367 2963 793 3035 informationem
838 2964 1167 3019 sacerdotum
1210 2982 1326 3020 cum
1370 2967 1707 3036 expositione.
1754 2966 1858 3032 Qui

258 3054 417 3123 liber,
467 3066 528 3112 ut
570 3072 638 3111 ex
690 3056 781 3112 vel
830 3055 947 3111 sola
994 3056 1347 3129 inscriptione
1391 3059 1653 3130 colligere
1689 3059 1850 3127 libet,

254 3148 479 3204 minime
526 3146 763 3204 Juvenci
810 3147 1027 3205 videtur
1069 3165 1210 3206 esse.
1260 3150 1650 3222 Relinquamus
1688 3155 1854 3208 etiam

1967 1933 2232 2005 Georgius
2272 1932 2553 1990 Fabricius
2579 1935 2721 1991 inter
2749 1945 2934 2006 poetas
2964 1933 3305 1989 Christianos
3352 1930 3568 1987 initium

1966 2024 2129 2095 hujus
2174 2027 2440 2096 poematis
2480 2025 2738 2097 protulit.
2788 2026 3165 2097 Cyprianoque
3212 2019 3570 2095 adjudicavit.

1965 2117 2213 2175 Andreas
2256 2117 2515 2185 Rivinus,
2544 2119 2636 2190 qui
2677 2118 3001 2174 Tertulliani
3049 2118 3308 2189 opuscula
3356 2115 3570 2187 poetica

1965 2214 2110 2269 notis
2141 2212 2403 2268 illustrata
2442 2213 2637 2283 Lipsiae
2676 2212 2845 2280 1651,
2878 2213 2931 2266 in
2962 2212 3044 2280 8°,
3075 2211 3315 2282 vulgavit
3335 2253 3352 2278 ,
3384 2210 3579 2266 locum

1965 2308 2020 2362 in
2050 2306 2136 2362 his
2161 2306 2313 2363 dedit
2335 2308 2459 2363 huic
2489 2306 2810 2381 imperfecto
2842 2306 2981 2364 libro
3012 2308 3066 2362 in
3090 2304 3353 2364 Genesin.

2037 2401 2123 2457 17.
2171 2401 2357 2456 Editor
2393 2400 2733 2457 collectionis
2762 2400 3101 2456 Pisaurensis
3149 2408 3426 2471 poetarum
3458 2413 3571 2456 non

1961 2493 2135 2548 solum
2163 2493 2418 2564 Cypriani
2447 2509 2644 2550 nomen
2673 2494 2849 2550 eidem
2877 2493 3105 2549 earmirii
3130 2494 3436 2566 praimittit,
3475 2508 3570 2550 ve-

1963 2600 2082 2639 rum
2114 2576 2277 2640 etiam
2308 2586 2360 2640 in
2393 2595 2516 2640 nota
2545 2586 2612 2641 ad
2641 2595 2804 2656 caput
2826 2586 3051 2642 Joannis
3076 2585 3200 2642 Alb.
3228 2584 3466 2642 Fabricii
3498 2586 3569 2641 de

1961 2677 2236 2750 Cypriane
2268 2681 2320 2734 in
2364 2680 2772 2751 Prolegomenis
2801 2680 2868 2735 ad
2910 2690 3040 2736 tom.
3070 2681 3116 2736 V
3140 2681 3376 2736 alilrmat
3396 2725 3411 2750 ,
3443 2695 3568 2736 ma-

1963 2773 2237 2844 nuscripta
2276 2814 2293 2842 ,
2344 2774 2573 2829 testibus
2620 2773 2878 2828 omnibus
2924 2772 3264 2843 editoribus,
3311 2770 3573 2844 Cypriani

1963 2882 2161 2924 nomen
2205 2866 2462 2938 praeferre
2485 2909 2500 2934 ,
2539 2882 2714 2938 neque
2743 2868 3008 2923 rationem
3039 2874 3334 2937 suppetere
3355 2908 3370 2932 ,
3395 2881 3495 2922 cur
3532 2880 3567 2921 a

1962 2961 2345 3031 manuscriptis
2384 2960 2726 3019 recedamus.
2750 2960 3035 3031 lgnorabat
3068 2960 3277 3014 scilicet
3303 2958 3568 3015 collectos

1960 3054 2324 3119 Pisaurensis,
2352 3068 2543 3125 poema
2573 3054 2626 3108 in
2652 3052 2886 3109 Genesiu
2934 3053 3093 3122 longe
3121 3052 3333 3107 auctius
3356 3051 3566 3106 editum

1961 3148 2065 3203 sub
2131 3147 2359 3204 Juvenci
2409 3148 2630 3203 nomine
2685 3147 2736 3200 in
2796 3143 3136 3201 Collectioue
3192 3152 3300 3199 vet.
3357 3142 3560 3212 Script.

253 3244 458 3297 auctori
502 3257 607 3298 suo
655 3240 971 3298 Hildeberto
1014 3258 1205 3299 versus
1228 3288 1243 3313 ,
1279 3259 1417 3315 quos
1445 3246 1547 3299 sub
1591 3244 1708 3315 ejus
1752 3261 1853 3300 no-
1884 3234 1932 3299 C
1963 3239 2230 3296 Edmundi
2260 3240 2520 3299 Martene.
2545 3248 2598 3294 et
2626 3238 2836 3294 initium
2865 3236 3110 3305 ejusdem
3154 3236 3207 3291 in
3238 3235 3425 3291 multis
3446 3233 3567 3291 edi-

258 3334 407 3390 mine
442 3350 512 3390 ex
558 3333 754 3389 eadem
807 3333 1137 3391 bibliotheca
1188 3334 1374 3390 laudat
1420 3336 1854 3392 Montfauconius

255 3442 401 3480 nmn.
429 3426 500 3484 88
524 3444 539 3481 :
575 3425 827 3494 Prosperi
848 3426 1097 3500 Aquitani
1124 3428 1559 3500 epigrammatum
1583 3427 1699 3482 libri
1726 3444 1850 3485 tv...

260 3519 555 3575 Hildeberti
583 3535 763 3575 versus
805 3520 871 3574 de
898 3521 1261 3576 sacramentis.
1297 3522 1488 3578 Petrus
1516 3522 1756 3579 Crinitus
1796 3524 1852 3579 in

257 3611 373 3668 Vita
402 3612 633 3670 Juvenci
661 3612 739 3668 ait
767 3631 783 3669 :
815 3613 1028 3682 Aliquot
1050 3615 1267 3685 hymnos
1297 3615 1450 3687 fecit,
1482 3615 1667 3686 quibus
1698 3616 1854 3687 facile

254 3703 500 3759 indicavit
530 3721 586 3759 se
615 3705 808 3777 optime
844 3706 1091 3760 meritum
1133 3707 1198 3761 de
1239 3708 1487 3779 religione
1527 3706 1847 3764 Christiana.

255 3794 556 3852 Paciaudus
605 3795 685 3852 De
724 3799 872 3853 cultu
925 3798 982 3854 S.
1045 3798 1243 3854 Joaun.
1296 3800 1447 3870 Bapt.
1501 3800 1723 3857 dissert.
1780 3805 1849 3868 4,

251 3902 367 3959 cap.
398 3891 455 3956 6,
505 3890 699 3957 refert,
727 3889 1023 3963 Georgium
1065 3891 1353 3949 Wicelium
1399 3895 1451 3948 in
1498 3894 1851 3967 Hagiologio,

254 3980 363 4036 sive
415 3982 768 4045 De_Sanctis
816 3992 928 4038 vet.
979 3992 1035 4040 et
1091 3998 1218 4040 nov.
1274 3984 1515 4043 Testam.
1545 4028 1561 4053 ,
1619 3988 1848 4059 Mogun-

255 4072 339 4129 tia
361 4073 524 4139 1541,
557 4075 875 4131 exscribere
900 4075 1133 4146 hymnos
1159 4079 1211 4133 in
1243 4077 1508 4135 honorem
1539 4080 1597 4136 S.
1624 4080 1852 4136 Joannis

259 4168 509 4238 Baptistae
537 4211 554 4236 ,
587 4184 715 4239 quos
747 4170 939 4225 caelesti
968 4171 1151 4226 utentis
1199 4173 1450 4227 instinctu
1481 4183 1529 4227 et
1567 4176 1852 4243 artiﬁciosa

260 4264 523 4317 verborum
585 4265 922 4319 conclusione
973 4265 1219 4336 fuderunt
1274 4266 1536 4323 Iuvencus
1586 4268 1851 4341 presbyter

256 4356 346 4409 sub
370 4355 716 4412 Constantino
744 4368 793 4412 et
821 4358 1051 4415 Adamus
1099 4378 1132 4414 a
1162 4360 1223 4416 S.
1265 4360 1490 4417 Victore.
1526 4363 1581 4417 In
1615 4363 1853 4435 Hymno-

259 4447 340 4502 dia
365 4448 651 4520 llispanica
684 4449 847 4522 §23.
883 4467 1002 4522 pag.
1045 4453 1183 4519 102,
1224 4453 1278 4508 id
1322 4454 1453 4509 mihi
1476 4457 1609 4510 satis
1637 4471 1746 4510 non
1788 4457 1853 4511 li-

259 4556 419 4611 quere
446 4542 744 4598 affirmavi.
770 4543 985 4599 Wicelii
1018 4545 1177 4600 istius
1196 4545 1578 4618 Hagiologium
1610 4549 1849 4604 nondum

1959 3334 2196 3390 tionibus
2224 3333 2542 3390 Tertulliani
2568 3348 2637 3388 ex
2660 3348 2791 3387 mss.
2822 3329 3228 3401 reprmsentari.
3261 3328 3401 3384 Illud
3427 3342 3563 3384 vero

1956 3427 2252 3484 Martenius
2284 3428 2425 3481 bono
2456 3440 2632 3493 more,
2681 3424 2893 3493 fideque
2921 3423 3126 3494 Optima
3157 3421 3377 3488 effecit,
3417 3419 3564 3491 quod

1958 3537 2063 3578 ms.
2096 3520 2338 3577 codicem
2380 3528 2571 3575 exacte
2611 3518 2900 3574 exhibuit:
2953 3531 3077 3571 nam
3116 3515 3275 3588 primi
3317 3513 3560 3570 editores

1958 3626 2240 3687 poetarum
2269 3611 2699 3669 Christianorum
2751 3626 2998 3682 magnam
3041 3609 3143 3664 sibi
3175 3609 3447 3663 licentiam
3473 3622 3565 3662 ar-

1956 3714 2238 3778 rogaruut,
2265 3718 2318 3763 et
2349 3706 2414 3761 ad
2447 3705 2663 3777 regulas
2692 3705 2874 3771 metri,
2916 3719 3053 3774 quas
3082 3702 3186 3773 ipsi
3233 3702 3562 3769 didicerant,

1956 3815 2150 3856 versus
2176 3798 2538 3869 refingehant,
2578 3799 2707 3869 quin
2735 3798 2926 3852 saltem
2954 3796 3279 3865 scripturam
3316 3803 3561 3850 veterem

1956 3909 1988 3948 a
2018 3910 2078 3949 se
2106 3895 2158 3948 in
2190 3893 2518 3965 membranis
2541 3900 2811 3961 repertam
2843 3889 3166 3946 iudicarent.
3196 3887 3314 3945 Jam
3364 3902 3560 3959 poema

1958 3985 2011 4040 in
2033 3985 2290 4053 Genesin,
2320 3986 2476 4055 quale
2498 4001 2568 4039 ex
2591 3984 2781 4038 codice
2806 3980 3123 4038 Corbeiensi
3147 3981 3440 4036 Martenius
3466 3994 3564 4035 ex-

1958 4067 2224 4149 prompsii
2247 4119 2262 4144 ,
2293 4079 2359 4132 ad
2390 4078 2645 4134 smeulum
2677 4094 2769 4146 vt,
2804 4089 2897 4132 aut
2936 4087 3055 4147 post
3099 4074 3259 4131 facile
3306 4074 3555 4144 rejiciet,

1957 4174 2047 4247 qui
2080 4182 2359 4243 poetarum
2398 4172 2830 4228 Christianorum
2870 4174 3067 4243 stylum
3118 4180 3175 4225 et
3199 4168 3555 4226 consuetudi-

1958 4284 2080 4324 nem
2111 4268 2164 4322 in
2187 4276 2303 4320 arte
2326 4266 2545 4321 metrica
2576 4281 2674 4337 per
2695 4265 2942 4319 diversas
2961 4277 3152 4319 eorum
3177 4272 3364 4319 anates
3388 4264 3560 4333 probe

1956 4360 2185 4416 Calleat.
2223 4358 2368 4414 Idem
2418 4358 2683 4429 judicium
2728 4372 2906 4413 meum
2957 4368 3076 4414 esto
3116 4357 3186 4412 de
3227 4356 3563 4413 carminibus

1957 4452 2079 4509 aliis
2105 4494 2121 4518 ,
2165 4467 2287 4523 quae
2343 4452 2445 4506 sub
2486 4450 2808 4506 Tertulliani
2850 4460 2906 4506 et
2949 4449 3209 4523 Cypriani
3248 4449 3562 4506 nominibus

1957 4546 2136 4602 solent
2175 4544 2383 4598 laudari
2422 4562 2435 4597 :
2482 4560 2603 4615 quae
2645 4543 2879 4599 fortasse
2911 4544 3072 4598 alium
3116 4543 3512 4599 Tertullianum
3539 4584 3558 4610 ,

261 4638 498 4707 reperire
530 4639 682 4708 potui
716 4657 729 4692 :
779 4641 873 4695 sed
916 4638 1059 4696 haud
1105 4642 1303 4697 invitus
1344 4643 1480 4697 mihi
1519 4643 1820 4713 persuadeo
1840 4687 1856 4711 ,
1883 4622 1938 4684 D
1965 4636 2131 4692 alium
2159 4636 2491 4709 Cyprianum
2530 4640 2629 4709 ιι
2653 4646 2904 4691 aUCIOI‘eS
2937 4635 3267 4704 habuerunt.
3299 4651 3407 4689 ηοιι
3437 4648 3559 4702 θοε»

259 4726 514 4800 hymnum
553 4731 642 4786 vel
697 4730 932 4804 hymnos
959 4732 1183 4791 Iuvenci
1216 4734 1270 4790 in
1301 4734 1569 4790 honorem
1599 4737 1656 4791 S.
1690 4735 1857 4793 Joan-

260 4822 339 4878 nis
391 4823 652 4896 Baptista:
714 4836 1003 4895 excerptos
1050 4843 1174 4884 esse
1213 4844 1283 4884 ex
1338 4828 1483 4884 libro
1532 4845 1550 4884 ι
1602 4829 1855 4886 Historiae

260 4918 625 4987 evangelica),
672 4919 764 4976 ubi
805 4919 1080 4975 Juvencus
1116 4929 1302 4976 narrat
1361 4921 1738 4978 Elisabetham
1788 4939 1854 4979 ex

260 5007 522 5067 lacuaria
550 5011 787 5066 mirabili
813 5012 976 5067 modo
998 5019 1346 5084 concepisse,
1379 5030 1410 5069 a
1434 5015 1600 5071 Maria
1629 5013 1856 5085 Virgine

261 5104 455 5162 deinde
500 5105 809 5172 visitatam,
839 5121 904 5162 ac
946 5107 1164 5163 demum
1201 5123 1598 5178 praecursorem
1645 5111 1855 5166 Domini

261 5199 519 5256 Joannem
573 5200 873 5271 Baptistam
928 5203 981 5256 in
1024 5203 1199 5258 lucem
1246 5203 1504 5259 edidisse.
1544 5203 1624 5260 Ex
1663 5204 1856 5261 eodem

265 5294 395 5352 libro
423 5297 631 5367 petitus
669 5296 829 5351 etiam
860 5305 945 5352 est
985 5296 1221 5353 Juvenci
1259 5298 1493 5369 hymnus
1529 5298 1584 5354 in
1628 5299 1856 5356 Annuu-

263 5389 575 5454 tiationem,
619 5404 780 5459 quem
821 5388 1103 5446 Fabricius
1149 5390 1401 5446 Biblioth.
1452 5400 1559 5447 vet.
1601 5391 1727 5447 libr.
1768 5407 1852 5460 tv,

261 5496 307 5535 c.
337 5480 401 5548 2,
459 5494 615 5535 num.
669 5480 692 5535 1
728 5521 743 5547 ,
793 5480 961 5534 refert
986 5480 1057 5534 ab
1093 5480 1309 5537 Andrea
1336 5479 1544 5538 Wilkio
1588 5483 1640 5536 in
1686 5483 1857 5553 priori

263 5585 412 5647 parte
440 5590 558 5632 suae
613 5574 1059 5644 lleortograpbiaa
1086 5576 1246 5629 editae
1287 5590 1432 5631 anno
1464 5576 1627 5645 1610,
1677 5578 1729 5631 in
1771 5577 1854 5645 8°,

261 5671 424 5728 fuisse
454 5672 725 5725 insertum
757 5686 770 5723 :
803 5668 870 5722 de.
899 5684 1007 5738 quo
1038 5669 1161 5724 vide
1206 5685 1356 5725 num.
1386 5670 1474 5726 85.
1506 5670 1691 5739 Neque
1720 5670 1856 5725 alios

258 5763 488 5837 hymnos
536 5759 870 5817 crediderim
930 5759 1131 5817 vidisse
1170 5760 1480 5829 Criuitum,
1527 5763 1632 5816 nisi
1664 5759 1854 5830 hujus—

258 5850 398 5915 iuodi
429 5855 614 5926 aliqua
640 5850 946 5923 fragmenta
964 5895 977 5920 ,
1001 5863 1091 5909 aut
1123 5852 1415 5924 particulas
1442 5868 1514 5909 ex
1545 5852 1855 5922 evangelica

1959 4732 2052 4801 qui
2100 4730 2304 4785 smculo
2346 4745 2403 4784 ιιι
2444 4714 2727 4785 νὶχθιειιιιιί
2767 4728 2886 4783 Non
2914 4729 3154 4784 alienum
3185 4726 3254 4782 ab
3293 4726 3399 4783 hoc
3437 4726 3562 4783 loco

1960 4837 2085 4879 esse
2104 4836 2254 4894 puto,
2288 4833 2347 4877 ut
2377 4821 2661 4877 ostendam
2707 4820 2918 4875 nullum
2949 4833 3072 4875 esse
3096 4828 3314 4890 poetam
3344 4832 3564 4873 sacrum

1961 4918 2106 4974 inter
2136 4918 2359 4972 Latinos
2382 4961 2397 4986 ,
2438 4931 2602 4987 quem
2629 4914 2873 4970 Juvenco
2896 4915 3257 4984 antiquiorem
3281 4927 3404 4969 esse
3430 4925 3565 4968 con-

1960 5022 2086 5068 stet.
2119 5012 2252 5067 Nam
2278 5011 2594 5068 Lactantius
2620 5013 2812 5065 eodem
2845 5018 3089 5080 tempore
3116 5007 3355 5074 vivebat,
3382 5022 3562 5079 neque

1961 5108 2079 5178 ejus
2136 5121 2260 5163 esse
2324 5108 2603 5172 carmina,
2661 5119 2782 5176 quae
2844 5104 3010 5174 vulgo
3075 5102 3153 5157 illi
3213 5100 3556 5167 tribuuntur,

1965 5201 2119 5257 multi
2172 5201 2275 5256 viri
2319 5200 2468 5257 docti
2515 5209 2762 5255 censent.
2808 5196 3232 5253 Commodianus
3291 5197 3379 5251 vix
3420 5196 3565 5251 inter

1965 5304 2154 5365 poetas
2184 5293 2364 5349 locum
2397 5301 2659 5357 meretur,
2683 5306 2806 5346 eum
2844 5290 3020 5346 solum
3050 5304 3244 5345 versus
3274 5287 3561 5357 politicos,

1965 5398 2023 5442 ut
2053 5385 2232 5442 Grazci
2262 5395 2480 5453 vocant,
2513 5383 2803 5450 eﬂ‘udcrit,
2833 5390 3056 5437 servato
3080 5379 3299 5452 quidem
3332 5390 3564 5435 numero

1968 5479 2313 5551 hexametri,
2359 5478 2603 5548 neglecta
2658 5490 2791 5530 vero
2843 5473 3150 5545 quantitate
3199 5471 3560 5543 syllabarum.

1963 5572 2118 5630 Adde
2155 5569 2604 5628 Commodianum
2640 5583 2670 5622 a
2699 5566 2983 5624 Gennadio
3009 5580 3135 5634 cap.
3167 5563 3235 5617 15
3263 5563 3330 5617 de
3353 5560 3560 5630 Script.

1965 5667 2162 5722 eccles.
2214 5674 2337 5735 post
2383 5663 2728 5718 Lactantium
2772 5659 3069 5723 collocari,
3113 5653 3366 5724 quamvis
3411 5668 3557 5709 nunc

1965 5758 2257 5828 conjiciunt
2305 5754 2554 5810 nonnulli
2612 5751 2866 5807 ﬂoruisse
2913 5762 3036 5802 cum
3107 5746 3270 5799 tertio
3329 5744 3554 5800 smeulo.

1969 5850 2036 5909 Ο.
2071 5834 2358 5907 Fabricius
2384 5848 2439 5905 in
2466 5848 2772 5904 Comment.
2808 5849 2955 5913 post.
2984 5828 3190 5896 Christ.
3217 5837 3559 5902 Victorinum
