4058 6322
440 283 510 338 ss
1475 278 1540 333 c.
1583 279 1883 337 vernus
1926 279 2304 350 AQUILINUS
2341 278 2719 340 JUVENCUS.
2929 240 2935 245 ’
3351 265 3356 270 ’
3667 283 3736 340 et

434 398 609 464 Oliva,
638 399 690 454 in
723 412 828 466 qua
860 398 979 453 sine
1004 397 1110 452 ulla
1138 398 1516 453 controversia
1549 394 1771 467 quidam
1795 393 2041 451 Caecilius
2069 397 2116 456 Λ
2146 393 2363 450 Sanctis
2409 402 2758 461 annumeret,
2793 391 2887 448 sed
2922 400 2976 446 ut
3015 405 3044 446 a
3082 390 3324 447 Juveuco
3366 391 3629 462 episcopo
3657 392 3738 446 di-

448 490 623 558 Vetto,
646 504 756 546 non
791 487 976 545 Vettus
1003 490 1336 544 nominatur.
1376 488 1644 545 Utrolibet
1677 487 1840 544 modo
1864 487 1917 543 id
1946 503 2045 542 no-

437 600 563 640 men
610 585 665 639 in
705 584 950 640 Olivauis
988 584 1444 654 inscriptionibus
1470 595 1752 640 exaratum
1794 583 2040 654 reperia-

431 687 548 744 tur,
568 676 761 744 Vettus,
781 687 874 732 aut
894 676 1066 744 Vetto,
1089 677 1330 747 suspicio
1355 677 1559 745 aliqua,
1579 679 1714 732 levis
1730 686 1900 741 certe,
1917 675 2043 731 inde

434 769 568 825 oriri
598 770 817 839 poterit,
845 781 905 825 ut
936 771 1200 842 originem
1227 768 1343 825 Caii
1378 769 1519 825 Vetti
1552 769 1791 840 Aquilini
1813 768 2042 825 Juvettci

438 877 508 917 ex
539 877 607 917 eo
653 863 856 934 oppido
884 871 1198 933 repetamus
1232 885 1244 920 :
1275 863 1512 933 fingendi
1560 879 1690 918 vero
1716 905 1729 927 ,
1753 870 1849 917 aut
1889 873 2042 918 certo

438 955 746 1018 asserendi,
772 957 919 1029 quod
950 960 1184 1028 ignores,
1213 957 1358 1012 nulla
1389 973 1642 1027 umquam
1667 959 1856 1013 subest
1878 959 2040 1014 ratio.

510 1047 601 1102 29.
623 1050 954 1105 Accttratius
977 1050 1360 1108 di~sereudnm
1379 1050 1549 1105 estde
1578 1051 1836 1120 religioso
1869 1052 2040 1117 cultu,

441 1157 608 1213 quem
640 1144 769 1198 olim
803 1145 856 1198 in
887 1144 1142 1216 Hispania
1172 1145 1422 1201 Juvenco
1448 1144 1755 1214 praestitum
1793 1145 2043 1200 nconulli

438 1235 642 1290 litteris
662 1236 1074 1305 consignarunt.
1105 1236 1204 1308 17
1234 1235 1309 1290 Ita
1333 1236 1478 1291 enim
1504 1251 1704 1306 negare
1728 1235 2040 1306 hujusmodi

437 1329 646 1384 cultum
677 1329 730 1382 in
761 1330 945 1384 animo
980 1330 1155 1384 habeo
1179 1371 1194 1395 ,
1221 1339 1280 1383 ut
1311 1344 1417 1384 non
1447 1345 1591 1398 aegre
1621 1333 1795 1384 teram
1821 1373 1834 1397 ,
1869 1331 1913 1385 si
1941 1331 2043 1385 ali-

442 1439 550 1493 qua
581 1423 782 1478 saltem
814 1423 1081 1479 dubitatio
1105 1423 1174 1480 de
1207 1439 1275 1479 eo
1304 1424 1356 1478 in
1388 1424 1619 1478 aliorum
1646 1424 1920 1478 mentibus
1948 1440 2042 1478 ex-

437 1516 640 1572 citetur
667 1532 731 1570 ac
752 1518 1012 1573 resideat.
1046 1517 1275 1574 Uteuim
1300 1517 1527 1589 Hispani
1553 1518 1723 1588 aliqui
1747 1519 2043 1588 scriptorcs

439 1609 632 1664 saeculi
669 1608 920 1680 proxime
956 1611 1128 1680 elapsi
1169 1612 1398 1666 nimium
1449 1626 1510 1666 se
1551 1611 1864 1680 iugeniOsos
1911 1627 2047 1681 prie-

438 1703 681 1759 buerunt
733 1703 786 1758 in
839 1705 1090 1774 catalogo
1148 1705 1476 1760 Sanctorum
1528 1704 1893 1775 Hispanorum
1927 1719 2044 1757 .au-

2146 487 2406 560 stinguat.
2432 486 2674 544 Felicius
2711 489 2763 542 in
2799 500 2901 540 suo
2927 483 3278 550 Calendario,
3322 484 3439 540 sive
3467 483 3738 554 Epheme—

2145 579 2265 636 ride
2291 579 2484 636 Urbiui
2510 580 2670 647 1577,
2701 579 2767 634 ad
2797 578 2866 634 12
2896 579 3224 649 septembris
3253 578 3332 632 sic
3366 576 3531 633 habet
3565 595 3579 631 :
3611 576 3737 634 Gio—

2145 690 2300 729 venco
2336 672 2372 726 l‘
2399 673 2535 728 altro
2564 673 2608 728 si
2637 674 2848 728 nomina
2874 715 2890 740 ,
2917 671 3010 727 cite
3037 690 3126 728 era
3157 683 3299 744 prete
3317 711 3334 738 ,
3361 674 3514 743 quale
3557 674 3740 728 scrisse

2145 767 2200 820 in
2230 767 2363 820 versi
2383 767 2456 836 yli
2487 764 2736 839 Evangeli
2756 807 2770 832 ,
2803 782 2830 820 e
2857 769 2913 836 fu
2943 763 3121 819 chiaro
3149 765 3203 819 in
3235 763 3450 835 Spagna
3489 763 3544 818 al
3572 774 3739 836 tentpo

2146 860 2201 914 di
2230 858 2588 914 Constantino.

2218 951 2310 1010 δὲ.
2343 953 2604 1024 Majurem
2656 951 3042 1008 difficultatem
3075 963 3225 1009 creat
3256 953 3548 1023 episcopus
3575 952 3742 1024 Equi.

2147 1046 2292 1101 linus
2330 1065 2342 1099 :
2371 1061 2532 1118 quem
2567 1047 2697 1100 satis
2727 1061 2848 1101 eSSe
2889 1046 2956 1101 ad
2987 1049 3267 1117 antiquum
3301 1045 3506 1102 cultum
3544 1046 3742 1102 Confir-

2146 1139 2402 1194 mandnin
2424 1180 2439 1206 ,
2469 1138 2806 1195 Bollandiani
2837 1139 3096 1195 fatentur.
3127 1139 3413 1209 Reponunt
3443 1155 3591 1207 vero,
3616 1155 3739 1196 eum

2148 1233 2201 1287 in
2228 1233 2478 1304 catalogo
2508 1248 2608 1288 suo
2651 1249 2757 1287 non
2788 1233 2936 1287 solos
2968 1231 3199 1290 Sanctus
3229 1233 3573 1289 recensuisse
3598 1275 3614 1299 ,
3642 1247 3741 1290 nec

2150 1336 2257 1382 tam
2291 1338 2603 1382 accuratum
2630 1341 2776 1392 esse,
2801 1337 2858 1380 ut
2885 1341 3111 1382 necesse
3141 1327 3205 1381 sit
3238 1327 3289 1381 in
3321 1326 3441 1398 ejus
3471 1327 3742 1396 verbaju-

2147 1438 2290 1478 rare.
2327 1423 2502 1477 Prima
2535 1422 2674 1476 ratio
2728 1421 2918 1477 idonea
2949 1437 3056 1476 non
3088 1431 3169 1476 est
3204 1440 3217 1476 :
3271 1437 3394 1476 nam
3451 1421 3742 1492 episcopus

2151 1517 2442 1588 Equilinus
2483 1517 2550 1574 de
2595 1517 2836 1573 Juvenco
2881 1515 3108 1588 perinde
3149 1532 3211 1571 ac
3249 1517 3320 1571 de
3357 1516 3479 1572 aliis
3521 1515 3739 1572 Sanctis

2148 1611 2410 1682 loquitur.
2461 1611 2550 1666 Bis
2618 1627 2740 1667 eum
2808 1621 3116 1676 memorat,
3169 1610 3402 1681 primum
3462 1625 3583 1681 cap.
3629 1608 3737 1678 69,

2151 1703 2273 1760 libr.
2303 1703 2358 1769 8,
2390 1703 2489 1758 sub
2533 1703 2635 1758 hoc
2674 1703 2830 1758 titulo
2865 1722 2877 1757 :
2930 1701 3011 1757 De
3064 1703 3260 1759 Sancto
3310 1701 3555 1757 Hiventio
3601 1719 3742 1774 pres-

443 1798 648 1869 gendo,
682 1799 762 1852 sic
788 1808 978 1852 contra
1004 1813 1230 1869 censeo,
1264 1799 1502 1869 majores
1525 1808 1743 1870 nostros
1776 1815 1883 1854 non
1912 1799 2044 1854 mul-
2071 1783 2120 1844 Β
2149 1798 2346 1870 bytero.
2398 1797 2677 1853 Hiventius
2726 1798 2991 1869 presbyter
3035 1799 3089 1852 in
3119 1795 3380 1868 Hispania
3416 1795 3602 1850 claruit
3650 1796 3740 1850 sub

444 1903 555 1948 tam
586 1894 909 1949 adhibuisse
934 1894 1296 1964 diligentiam,
1330 1903 1387 1948 ut
1417 1893 1733 1950 memoriam
1757 1893 2041 1958 virtutum,

448 1987 651 2056 quibus
682 1985 842 2055 primi
865 1986 1057 2042 Patres
1089 1985 1353 2041 Ecclesia:
1397 1985 1668 2056 Hispania:
1702 1986 2037 2050 claruerunt,

443 2079 753 2149 posteritati
787 2081 1135 2134 mandarent.
1169 2082 1506 2150 Quamquam
1549 2082 1717 2136 nmlta
1755 2080 2043 2151 primitivse

446 2173 716 2229 Ecclesia:
749 2186 1103 2228 monumenta
1139 2186 1446 2242 temporum
1470 2190 1576 2229 non
1612 2184 1718 2229 tam
1752 2184 2040 2242 vetustate,

446 2283 612 2338 quam
645 2266 973 2334 infortunio,
1006 2281 1062 2322 et
1093 2267 1328 2324 mirabili
1357 2269 1592 2338 quadam
1636 2284 1817 2323 rerum
1852 2283 2046 2338 regno-

450 2375 684 2431 rumque
705 2361 1074 2416 conversione
1094 2361 1348 2431 periisse,
1375 2375 1537 2416 nemo
1561 2369 1644 2416 est
1669 2361 1760 2432 qui
1783 2361 2043 2431 ambigat.

451 2453 538 2508 Illi
571 2462 840 2523 praeterea
869 2454 994 2519 viri,
1026 2454 1273 2523 quamvis
1308 2454 1597 2508 sanctitate
1627 2453 1924 2523 conspicui,
1954 2453 2044 2521 qui

445 2560 514 2600 eo
545 2557 795 2615 tempore
818 2545 1124 2601 floruerunt
1162 2562 1271 2616 quo
1297 2547 1480 2601 cultus
1517 2555 1816 2617 martyrum
1849 2545 1933 2600 vel
1956 2560 2043 2600 so-

442 2639 557 2693 lum
588 2681 601 2705 ,
633 2639 721 2694 vel
784 2640 1133 2710 potissimum
1190 2639 1242 2693 in
1301 2653 1400 2694 usu
1450 2647 1603 2706 erat,
1641 2641 1940 2710 praesertim
1997 2638 2044 2693 si

445 2732 745 2802 episc0pali
790 2734 995 2788 honore
1029 2749 1139 2788 non
1185 2732 1573 2803 prtefulseruut
1596 2776 1611 2798 ,
1647 2749 1753 2789 non
1787 2735 1858 2788 ita
1892 2733 2045 2788 facile

444 2827 858 2880 venerationem
886 2826 1207 2896 cultumque
1239 2827 1509 2896 publicum
1543 2825 1722 2895 adepti
1755 2836 1900 2880 sunt.

517 2917 608 2974 30.
652 2917 924 2990 Tamayus
955 2919 1022 2974 de
1073 2917 1315 2985 Salazar,
1348 2921 1399 2974 in
1433 2919 1654 2991 Martyr.
1689 2918 1866 2988 Hisp.,
1897 2933 2049 2973 com-

449 3013 908 3068 memorationem
958 3012 1020 3067 B.
1051 3011 1277 3068 Juvenci
1305 3058 1319 3081 ,
1350 3023 1408 3066 ut
1453 3021 1643 3078 vocat,
1671 3011 1779 3066 dici
1831 3011 1896 3065 19.
1924 3027 2044 3079 sep-

445 3103 678 3160 tembris
723 3106 1007 3176 assignat,
1039 3105 1351 3175 refellitque
1403 3104 1793 3175 Hieronymum
1836 3104 2043 3157 Roman

2150 1902 2376 1962 tempore
2451 1891 2775 1946 Constantini
2854 1891 3200 1962 imperatoris.
3302 1889 3404 1956 Qui
3477 1890 3553 1944 vir
3631 1905 3745 1943 san-

2149 1987 2326 2040 ctitate
2350 1987 2589 2058 insignis,
2621 1995 2670 2040 et
2701 1986 2958 2055 sapientia
2988 1986 3184 2051 clarus,
3215 1983 3468 2038 rhetorico
3496 1983 3630 2054 stylo
3659 1998 3746 2036 co-

2149 2079 2349 2148 piosus,
2381 2094 2562 2149 genere
2580 2077 2948 2145 nobilissimus,
2979 2089 3201 2149 quatuor
3227 2074 3511 2146 Evangelia
3542 2074 3744 2129 heroico

2149 2181 2311 2226 metro
2339 2181 2560 2241 quatuor
2575 2171 2726 2226 libris
2745 2187 2873 2244 pene
2899 2173 2968 2226 ad
2991 2171 3198 2226 verbum
3225 2171 3510 2238 transtulit,
3535 2179 3582 2224 et
3603 2169 3744 2241 apud

2150 2262 2443 2335 Hispanias
2473 2263 2618 2318 claro
2647 2265 2749 2331 ﬁne
2773 2265 2828 2318 in
2871 2281 2996 2332 pace
3024 2265 3229 2335 quievit.
3276 2263 3472 2318 lterum
3508 2263 3630 2317 libr.
3664 2277 3740 2327 χι,

2149 2372 2271 2428 cap.
2316 2358 2413 2412 121
2454 2372 2469 2413 :
2504 2356 2580 2412 De
2626 2357 2825 2414 Sancto
2867 2357 3099 2412 Juvenco
3140 2355 3451 2428 presbytero.
3481 2352 3740 2409 Juvencus

2151 2452 2417 2523 presbyter
2457 2451 2598 2520 apud
2626 2449 2936 2521 Hispaniam
2965 2451 3173 2503 claruit.
3199 2448 3303 2503 Hic
3331 2448 3525 2503 sanctis
3547 2447 3746 2519 pollens

2150 2545 2390 2615 operibus
2420 2554 2645 2614 quatuor
2678 2541 2988 2615 Evangelia,
3019 2551 3128 2598 etc.
3167 2540 3237 2596 Et
3282 2543 3424 2613 apud
3461 2541 3747 2613 Hispanias

2149 2637 2460 2705 confessoris
2499 2635 2704 2688 nomine
2739 2634 2951 2688 celebris
2995 2633 3232 2687 habetur.
3277 2633 3404 2689 Ηωο
3452 2635 3540 2688 ubi
3586 2651 3746 2705 supra

2149 2731 2166 2801 (
2203 2729 2564 2799 Hieronymus
2588 2771 2603 2793 ,
2635 2726 2702 2782 de
2732 2726 2849 2781 Vir.
2888 2727 3088 2780 illustr.
3110 2727 3150 2798 ).
3181 2725 3261 2780 Ita
3315 2725 3513 2796 legitur
3545 2726 3600 2780 in
3633 2725 3746 2781 edi.

2151 2822 2298 2877 tione
2325 2824 2545 2893 antiqua
2573 2822 2692 2876 sine
2725 2823 2844 2875 loco
2889 2830 2947 2876 et
2974 2836 3118 2876 anno
3153 2838 3166 2874 :
3199 2821 3250 2875 in
3284 2821 3391 2874 alia
3421 2836 3556 2876 vero
3604 2820 3745 2876 simi-

2149 2915 2275 2971 liter
2307 2915 2527 2985 autiqua
2551 2914 2670 2970 sine
2702 2915 2824 2970 loco
2855 2924 2912 2970 et
2939 2928 3086 2968 anno
3121 2930 3134 2968 :
3169 2913 3268 2969 Hic
3295 2923 3505 2969 sanctus
3543 2915 3743 2986 pollens

2150 3011 2408 3082 operibus.
2444 3010 2601 3064 Prior
2629 3009 2795 3065 lectio
2824 3010 2997 3080 magis
3023 3011 3213 3083 placet.

2223 3105 2312 3159 55.
2352 3103 2580 3159 Dubium
2611 3119 2742 3174 ergo
2775 3119 2880 3158 non
2914 3112 2999 3159 est
3039 3103 3168 3174 quin
3207 3105 3482 3160 Juvencus
3525 3105 3594 3160 ab
3633 3105 3747 3175 epi-

442 3195 514 3252 de
543 3197 589 3250 la
620 3175 882 3268 Higuera,
924 3198 1016 3267 qui
1047 3199 1099 3251 in
1141 3197 1526 3269 Martyrologio
1547 3211 1645 3250 suo
1681 3196 1917 3263 HiSpano
1941 3210 2043 3248 ms.
2074 3175 2118 3238 Ο
2153 3212 2320 3265 scopo
2346 3198 2596 3267 Equilino
2620 3197 2764 3252 inter
2789 3197 3024 3254 Sanctos
3047 3197 3340 3267 referatur,
3363 3197 3516 3268 cujus
3539 3198 3748 3253 scilicet

446 3291 537 3345 die
570 3295 593 3345 1
640 3291 790 3345 Junii
827 3290 1135 3346 Juvencum
1169 3290 1277 3345 coli
1321 3290 1585 3344 voluerat.
1621 3288 1747 3341 Haec
1778 3287 1885 3341 duo
1911 3286 2048 3340 Mar-

441 3385 715 3456 tyrologia
751 3385 987 3455 llispaua
1011 3385 1236 3455 Tamayi
1264 3394 1318 3439 et
1342 3384 1616 3453 l-liguerzc,
1641 3383 1716 3436 uti
1743 3383 1905 3436 etiam
1934 3379 2047 3450 epi-

441 3490 690 3544 gramma
721 3492 826 3530 ms.
881 3491 1047 3545 penes
1087 3475 1388 3546 Tamayum
1419 3516 1433 3541 ,
1464 3474 1533 3529 de
1576 3489 1683 3542 quo
1729 3473 1888 3543 paulo
1920 3480 2046 3525 ante

443 3567 582 3632 dixi,
617 3577 672 3622 et
698 3568 887 3623 Dextri
919 3567 1251 3623 Chronicum
1283 3567 1473 3622 eodem
1509 3568 1560 3620 in
1589 3566 1710 3621 loco
1741 3565 1918 3618 omnia
1950 3579 2046 3632 po-

438 3660 614 3716 nenda
640 3672 764 3715 sunt
792 3677 806 3726 ;
835 3677 954 3732 quae
977 3676 1156 3717 causa:
1173 3661 1352 3717 cultus
1373 3661 1598 3714 .luvenci
1626 3659 1794 3728 magis
1817 3659 2041 3722 obsunt,

441 3771 604 3825 quam
640 3766 870 3825 prosunt
900 3775 912 3810 :
948 3766 1100 3812 certe
1128 3756 1407 3810 cautiores
1433 3769 1533 3808 nos
1563 3753 1820 3818 reddunt,
1851 3761 1910 3804 ut
1938 3751 2044 3804 alia

442 3859 821 3914 monumenta,
840 3865 962 3918 qua:
995 3865 1092 3920 pro
1123 3848 1319 3904 eodem
1339 3846 1661 3906 afferuntur.
1681 3855 1896 3898 maturo
1919 3858 2046 3898 exa-

441 3941 590 3995 mine
618 3943 1050 4013 perpendamus.

515 4035 606 4091 51.
650 4035 935 4106 Philippus
968 4035 1254 4091 Ferrarius
1292 4032 1346 4087 in
1377 4030 1642 4102 Catalogo
1672 4046 1861 4102 gener.
1908 4032 2045 4088 San-

439 4137 656 4184 ctorum
685 4128 753 4182 ad
783 4129 930 4184 diem
955 4129 1024 4183 η
1043 4125 1384 4196 Septembris
1414 4125 1494 4178 sic
1525 4124 1686 4181 habet
1718 4142 1728 4174 :
1756 4123 1821 4178 In
1852 4125 2040 4194 Hispa-

439 4224 531 4277 nia
558 4222 619 4278 S.
644 4221 861 4277 Juvcnci
893 4221 1208 4294 presbyteri,
1257 4227 1314 4274 et
1341 4219 1394 4273 in
1425 4229 1548 4274 nota
1588 4222 1695 4283 ait,
1730 4235 1854 4274 eum
1903 4220 2040 4273 scri-

439 4317 618 4386 psisse
646 4317 814 4369 nobile
842 4315 975 4368 illud
1002 4329 1182 4382 poema
1202 4314 1253 4365 in
1273 4309 1704 4382 Evangelia,etc.
1726 4312 2046 4368 Sanctitatis

438 4408 666 4464 Juvenci
715 4416 884 4462 testes
935 4405 1120 4462 laudat
1153 4405 1507 4462 Franciscum
1545 4407 1914 4478 Maurnlycum
1941 4452 1955 4474 ,
1991 4417 2046 4463 et

439 4501 822 4560 Constantium
857 4501 1118 4558 Felicium
1152 4502 1205 4555 in
1235 4503 1352 4556 suis
1377 4501 1803 4572 Martyrologiis,
1831 4517 2040 4556 necnon

2150 3289 2415 3344 memoria
2459 3289 2795 3345 confessoris
2825 3291 3047 3346 nomine
3078 3293 3132 3345 in
3183 3291 3444 3360 HiSpania
3470 3290 3744 3345 celebrata

2149 3383 2334 3438 fuerit.
2367 3384 2524 3439 Aliud
2555 3386 2898 3441 sentiendum
2929 3396 3012 3442 est
3044 3384 3112 3441 de
3142 3385 3304 3440 Petro
3328 3385 3559 3450 Crinito,
3586 3399 3745 3455 quem

2148 3476 2224 3530 ait
2258 3475 2533 3548 Tamayus
2564 3478 2632 3531 de
2663 3478 2885 3533 Salazar
2916 3478 3059 3532 inter
3085 3477 3399 3533 sacerdotes
3424 3475 3744 3542 catholicos,

2149 3567 2248 3622 hoc
2276 3579 2372 3632 est,
2405 3570 2724 3639 confessores
2759 3571 2778 3643 (
2809 3572 2887 3626 sic
2933 3572 3077 3626 enim
3108 3571 3540 3640 interpretatur)
3569 3570 3747 3624 locum

2147 3658 2392 3715 Juvenco
2413 3659 2650 3717 dedisse.
2679 3661 2880 3732 Accipe
2898 3663 3088 3718 Criniti
3109 3663 3273 3717 verba
3300 3679 3312 3717 ε
3337 3662 3517 3732 Neque
3534 3661 3747 3715 dubiant

2149 3760 2255 3816 est,
2282 3751 2443 3820 fuisse
2482 3753 2631 3807 illum
2676 3754 3051 3826 (Juvencum)
3104 3756 3236 3810 inter
3272 3755 3562 3809 sacerdotes
3604 3754 3746 3808 citri-

2149 3846 2368 3910 stianos,
2409 3859 2463 3902 ut
2492 3857 2683 3904 veteres
2723 3851 2826 3922 19
2853 3860 3094 3904 auctores
3127 3858 3400 3904 testantur.
3439 3848 3582 3917 Quid
3629 3848 3747 3904 hmc

2149 3937 2250 3992 sibi
2281 3937 2518 3994 volunt?
2549 3940 2682 3996 nihil
2711 3942 2889 4010 aliud,
2924 3941 3025 3997 nisi
3051 3942 3354 3997 .luvencum
3391 3941 3565 3997 fuisse
3595 3956 3747 4013 pres-

2151 4032 2430 4102 byterum,
2467 4045 2518 4089 ut
2551 4036 2755 4105 passim
2787 4047 3040 4091 auctores
3081 4046 3298 4091 veteres
3339 4045 3586 4090 narrant.
3613 4036 3744 4092 Cum

2148 4129 2409 4200 episcopo
2440 4138 2623 4185 tamen
2659 4132 2908 4201 Equiliuo
2936 4130 3066 4184 facit
3093 4129 3329 4185 Jacobus
3361 4130 3560 4196 Faber,
3579 4131 3672 4202 qui
3694 4130 3745 4184 in

2149 4219 2378 4288 epistola
2407 4222 2471 4275 ad
2505 4220 2735 4276 Fabrum
2757 4221 3136 4291 Stapulensem
3160 4222 3438 4290 praemissa
3457 4222 3746 4277 Aldhelmo

2150 4313 2219 4366 de
2248 4313 2580 4384 virginitate,
2600 4317 2744 4370 edito
2773 4315 3077 4370 Daventriae
3109 4313 3267 4380 1512,
3297 4314 3351 4369 iu
3382 4317 3439 4382 4,
3462 4319 3540 4371 ait
3570 4334 3584 4370 :
3613 4316 3746 4371 Con-

2146 4406 2383 4460 siderans
2423 4424 2514 4481 ego
2546 4410 2769 4480 fructum
2793 4408 2960 4475 illum,
2983 4409 3072 4480 qui
3097 4409 3302 4462 emersit
3323 4425 3388 4464 ex
3408 4411 3635 4464 editione
3654 4411 3746 4465 illa

2151 4515 2257 4553 mvt
2279 4500 2500 4555 Iuvenci
2525 4543 2540 4569 ,
2575 4514 2686 4557 etc.
2713 4547 2726 4571 ,
2760 4514 2814 4558 ut
2845 4501 3016 4558 refert
3063 4501 3352 4558 Fabricius
3379 4506 3432 4559 in
3481 4503 3742 4560 Biblioth.

435 4593 661 4649 Petrum
691 4592 760 4648 de
788 4593 1070 4648 Natalibus
1098 4596 1414 4665 episeopum
1455 4595 1767 4666 Equilinum
1800 4597 1851 4650 iu
1883 4596 2042 4650 Cata-
2072 4572 2123 4632 Ῑ)
2152 4603 2259 4649 ret.
2293 4595 2414 4650 Lat.
2450 4598 2571 4652 libr.
2603 4614 2678 4662 tv,
2709 4613 2830 4669 cap.
2859 4598 2914 4653 2.

438 4689 565 4758 logo
591 4687 941 4742 Sanctorum.
967 4688 1318 4744 Bollandiani
1345 4689 1412 4744 ad
1440 4688 1586 4744 diem
1611 4688 1677 4743 12
1702 4689 2040 4757 Septembris

438 4782 586 4834 inter
640 4781 1043 4848 praetermissos
1103 4780 1404 4838 Juvencum
1458 4783 1750 4849 referunt,
1790 4786 2042 4855 quamvis

435 4890 563 4931 eum
615 4874 874 4930 Sanctum
919 4877 974 4931 in
1027 4877 1420 4948 Martyrologio
1462 4877 1792 4934 Germanico
1854 4881 2037 4934 voeari

433 4968 731 5023 fateantur.
751 4970 999 5037 Addunt,
1019 4970 1390 5042 Maurolycum
1414 4983 1470 5027 et
1493 4972 1760 5028 Felicium
1787 4975 1854 5029 ab
1879 4984 2040 5029 mtate

433 5062 814 5117 auctoritatem
851 5079 954 5118 non
1001 5063 1202 5120 habere
1231 5065 1295 5120 ad
1327 5075 1602 5121 vetustum
1631 5067 1837 5122 cultum
1868 5068 2039 5123 stabi-

431 5151 700 5208 liendum.
755 5155 1102 5229 Maurolycus
1146 5157 1365 5229 quidem
1413 5176 1513 5215 nec
1560 5161 1767 5216 cultum
1806 5161 2039 5217 Juveuci

435 5249 746 5320 presbyteri
780 5266 1027 5308 asserere
1063 5255 1168 5326 ιε
1201 5254 1442 5311 Voluisse
1487 5256 1614 5311 mihi
1662 5257 1898 5312 videtur.
1948 5257 2038 5313 Sic

435 5340 582 5396 enim
615 5341 695 5396 ait
731 5343 800 5396 ad
830 5344 972 5399 diem
1016 5345 1084 5400 12
1132 5347 1470 5416 Septembris
1502 5366 1514 5402 :
1564 5349 1713 5421 Apud
1775 5348 2033 5415 Ticinum,

431 5449 548 5506 quis
596 5449 732 5487 nunc
777 5433 947 5509 Papia
986 5437 1213 5506 dicitur,
1245 5439 1555 5496 Snnctornm
1585 5441 1710 5514 Syri
1760 5441 2037 5509 Papiensis

432 5529 686 5598 episcOpi,
718 5538 768 5582 et
796 5527 1035 5597 Iuvenci,
1059 5533 1148 5602 qui
1176 5548 1299 5587 mox
1330 5534 1469 5606 Syro
1502 5537 1816 5590 successit...
1839 5533 2039 5588 Juven-

429 5641 519 5679 cus
546 5634 721 5678 autem
749 5628 1070 5699 presbyster,
1099 5631 1188 5700 qui
1225 5633 1434 5686 metrice
1473 5631 1680 5702 scripsit
1709 5629 1995 5699 Evangelia
2015 5673 2030 5695 ,

430 5718 620 5772 claruit
649 5719 702 5773 in
731 5719 992 5796 Hispania
1021 5733 1247 5795 tempore
1281 5723 1623 5798 Constantini.
1654 5723 1848 5790 Obiter,
1870 5721 2036 5789 igitur

428 5806 732 5866 Juveucu'm
779 5815 1157 5884 presbyterum
1202 5811 1634 5876 commemorat.
1663 5824 1769 5870 non
1801 5817 1858 5867 ut
1908 5829 2030 5865 eum

2219 4688 2310 4744 54.
2352 4690 2508 4758 Quod
2545 4692 2743 4746 attinet
2782 4692 2849 4746 ad
2880 4691 3192 4762 episcopum
3226 4693 3565 4763 Equilinum,
3595 4704 3743 4751 certa

2146 4793 2232 4841 est
2274 4787 2412 4839 ratio
2444 4787 2534 4839 illa
2566 4786 2803 4842 secunda
2835 4786 3338 4854 Bollandianorum,
3373 4805 3498 4846 eum
3531 4805 3639 4845 non
3671 4790 3743 4845 ita

2146 4889 2460 4934 accuratum
2491 4894 2634 4943 esse,
2666 4889 2721 4933 ut
2750 4878 2806 4933 in
2836 4879 2955 4947 ejus
2986 4880 3146 4934 verba
3170 4895 3399 4938 necesse
3428 4887 3500 4939 sit
3516 4884 3701 4954 jurare
3726 4901 3738 4938 :

2146 4971 2238 5040 qui
2280 4970 2719 5025 animadvertunt
2758 4971 2953 5037 etiam,
3000 4987 3107 5025 non
3153 4975 3388 5044 percipi,
3431 4993 3542 5046 quo
3579 4988 3740 5047 pacto
3809 5039 3816 5044 ,

2148 5063 2326 5118 cultus
2365 5063 2624 5127 Juvenci,
2667 5062 2713 5116 si
2755 5075 2995 5132 tempore
3037 5064 3181 5120 Petri
3227 5066 3296 5121 de
3337 5068 3619 5125 Natalibus
3657 5070 3742 5125 vi-

2145 5156 2352 5226 guisset
2383 5155 2434 5207 in
2464 5153 2742 5224 Hispania,
2773 5170 2878 5210 non
2912 5169 3314 5225 perseverasset
3342 5162 3409 5216 ad
3443 5173 3626 5218 nostra
3653 5178 3744 5217 us-

2145 5266 2250 5320 que
2293 5258 2560 5316 tempora.
2605 5249 2739 5304 Illud
2789 5260 3052 5320 prmterea
3097 5255 3594 5325 considerandum,
3644 5256 3744 5312 Pe-

2147 5353 2286 5395 trum
2333 5341 2402 5394 de
2444 5339 2728 5396 Natalibus
2774 5344 3016 5398 secundo
3060 5343 3219 5410 loco,
3273 5347 3362 5401 ubi
3405 5353 3742 5405 mentionem

2144 5435 2374 5491 Juveuci
2407 5431 2557 5501 facit,
2591 5435 2984 5508 Hieronymum
3016 5450 3294 5494 auctorem
3325 5441 3572 5511 laudare,
3597 5447 3740 5515 apud

2143 5544 2307 5600 quem
2350 5540 2500 5582 certe
2540 5529 2672 5584 nihil
2716 5531 2783 5584 de
2823 5531 2968 5586 cultu
3009 5533 3230 5587 Juvenci
3273 5539 3571 5604 reperitur.
3605 5540 3739 5595 Cum

2141 5635 2319 5676 autem
2351 5619 2439 5673 ille
2466 5622 2669 5676 saeculo
2698 5638 2788 5677 xw
2818 5632 2969 5679 extra
3001 5624 3316 5695 Hispaniam
3349 5631 3653 5699 scripserit,
3687 5644 3747 5688 et.

2141 5714 2272 5769 nulli
2302 5722 2554 5768 auctores
2585 5714 2807 5784 Hispani
2843 5715 2960 5784 ejus
2991 5719 3276 5788 temporis,
3307 5732 3402 5777 aut
3428 5723 3572 5794 quod
3607 5739 3741 5794 prae

2138 5801 2284 5862 xime
2324 5808 2609 5874 successit,
2653 5810 3063 5868 venerationem
3105 5811 3352 5870 Juvenco
3392 5817 3444 5871 in
3480 5805 3735 5886 Hispani}!
