4058 6322
234 297 308 354 S5
1624 293 2166 353 PROLEGOMENA.
3482 293 3557 352 96

231 410 539 481 prtestitam
590 418 896 479 testentur,
925 424 1098 483 neque
1129 410 1182 467 in
1214 411 1326 467 ullo
1353 408 1634 467 Breviario
1661 408 1852 466 Eccle-
1877 411 1934 471 Α
2028 408 2118 465 38.
2158 406 2594 465 Montlauconius
2638 410 2691 465 in
2738 406 3074 467 Bibliotheca
3118 409 3379 466 Biblioth.
3419 424 3553 468 mss.

231 503 326 559 sia:
369 503 645 576 Hispanae
692 522 762 562 ex
797 506 903 570 his,
932 520 1053 575 qua:
1079 504 1148 562 ad
1180 520 1277 560 nos
1308 512 1692 576 pervenerunt,
1732 503 1853 574 ejus
1957 514 2082 572 pag.
2110 499 2219 556 219
2240 542 2255 567 ,
2285 503 2390 574 21
2422 516 2489 557 cx
2516 501 2849 558 bibliotheca
2877 499 3194 559 Cassinensi
3227 502 3432 559 indicat
3458 500 3563 557 Iu-

230 598 499 654 memoria
533 599 848 667 recolatur,
877 600 1081 655 nullum
1112 598 1345 655 solidum
1375 587 1752 670 argumentum
1784 613 1851 655 ex
1952 593 2098 647 venti
2130 592 2413 665 presbyteri
2447 610 2634 664 poema
2678 609 2730 648 si
2770 595 2979 650 sa'cnlo.
3013 594 3145 651 Item
3176 595 3412 667 ejusdem
3443 611 3561 649 car-

229 694 497 763 episcOpo
549 694 843 766 Equiliuo,
886 694 1136 765 aliisque,
1184 693 1275 766 qui
1314 708 1441 749 eum
1486 693 1657 747 secuti
1700 700 1846 758 sunt,
1956 695 2097 746 mina
2118 691 2223 748 600
2246 709 2520 747 annorum.
2547 692 2617 748 Et
2646 708 2768 765 pag.
2796 692 2926 760 225,
2955 709 3082 749 num
3108 692 3236 760 526,
3264 709 3331 749 ex
3359 691 3553 749 eadem

226 787 437 843 eruitur
468 785 544 840 ad
585 788 804 843 cultum
840 786 1332 847 veteremInvenri
1361 784 1771 842 stabiliendum.
1950 784 2310 853 bibliotheca,
2334 802 2517 860 poema
2539 787 2799 842 heroicum
2815 785 3035 842 Iuvenci
3055 786 3339 859 presbyteri
3356 787 3409 841 in
3423 802 3556 859 qua-

292 880 385 936 55.
432 879 518 935 Re
562 896 700 938 vera
746 882 801 937 in
850 881 1037 952 primis
1084 879 1438 936 Bibliothccis
1482 879 1698 934 Patrum
1725 917 1741 943 ,
1794 878 1846 934 in
1950 890 2066 935 tuor
2099 881 2379 955 Evangelia
2399 899 2420 950 ;
2449 891 2504 938 et
2536 898 2656 953 pag.
2686 881 2815 948 229,
2847 897 2999 937 num.
3033 881 3160 947 509,
3192 880 3413 936 Iuvenci
3443 897 3554 937 ver-

222 974 426 1045 quibus
457 973 591 1029 Divi
624 974 824 1032 titulus
851 977 1010 1046 vulgo
1038 986 1093 1031 et
1125 984 1327 1031 temere
1353 972 1538 1029 multis
1565 971 1849 1043 scriptori-

226 1066 325 1123 bus
371 1068 768 1139 tribuebatur,
815 1085 976 1141 quem
1023 1067 1252 1140 proinde
1288 1067 1460 1123 deleri
1501 1065 1748 1137 pluribus
1790 1066 1842 1121 in

225 1160 360 1217 locis
402 1162 457 1216 in
492 1159 692 1218 Indice
728 1162 1123 1232 Expurgatorio
1153 1157 1608 1217 Brasichellensis
1628 1158 1841 1241 iussum

224 1262 329 1315 est.
369 1253 668 1311 Iuvencus
716 1264 898 1313 tamen
941 1270 1231 1327 numquam
1264 1254 1453 1321 Divus,
1485 1266 1578 1311 aut
1605 1254 1841 1312 Sanctus

220 1346 540 1419 appellatus
573 1360 686 1405 est.
724 1349 979 1405 Nonnulli
1005 1349 1307 1421 scriptores
1336 1351 1588 1407 virtutem
1617 1349 1834 1421 quidem

218 1440 444 1499 Iuvenci
489 1441 754 1507 laudant.
799 1443 895 1499 sed
934 1442 1002 1499 de
1041 1444 1191 1499 cultu
1218 1447 1336 1515 ejus
1368 1443 1587 1515 publico
1615 1443 1840 1500 omnino

219 1543 429 1603 tacent,
482 1546 547 1591 ut
604 1536 935 1592 Franciscus
981 1536 1259 1607 Tarapha,
1311 1537 1380 1593 de
1421 1536 1611 1608 Regib.
1657 1536 1833 1607 Hisp.,

215 1626 315 1682 sub
342 1627 749 1694 Constantino,
778 1626 1041 1684 Iuvencus
1068 1627 1340 1696 Hispanus
1368 1640 1520 1703 poeta
1551 1640 1599 1684 et
1626 1628 1836 1702 presby-

216 1729 308 1785 ter,
342 1737 538 1795 genere
577 1723 793 1788 quidem
823 1720 1029 1787 nobilis,
1060 1722 1151 1777 sed
1180 1722 1364 1777 virtute
1391 1731 1438 1776 et
1468 1723 1705 1777 doctrina
1734 1738 1832 1776 no-

1947 989 2037 1027 sus
2064 989 2223 1044 super
2248 981 2473 1046 quatuor
2499 972 2784 1048 Evangelia
2806 990 2828 1027 :
2850 973 2939 1043 qui
2969 972 3076 1028 duo
3101 971 3316 1027 codices
3346 970 3547 1027 diversi

1948 1081 2057 1122 non
2087 1066 2339 1123 videntur
2369 1081 2401 1121 a
2429 1067 2641 1124 duobus
2670 1081 2833 1138 supra
2864 1066 3181 1123 memoratis
3204 1064 3551 1120 bibliotheca:

1943 1159 2304 1219 Cassinensis.

2016 1256 2105 1313 59.
2131 1256 2210 1311 Ex
2232 1256 2568 1313 bibliotheca
2594 1257 2658 1313 D.
2681 1256 2931 1313 Vallettm
2956 1255 3187 1326 Neapoli
3208 1254 3352 1311 idem
3378 1252 3553 1308 Mont-

1944 1347 2260 1418 lauconius,
2304 1365 2426 1422 pag.
2469 1350 2608 1415 251,
2655 1359 2809 1406 notat
2846 1348 3093 1406 codicem
3136 1364 3239 1404 nis.
3283 1346 3556 1403 membra-

1943 1458 2173 1500 naceum
2210 1443 2270 1502 C.
2326 1442 2482 1499 Vettii
2520 1444 2753 1517 Aquilini
2790 1442 3007 1499 Iuvenci
3037 1444 3091 1497 in
3120 1451 3345 1513 quatuor
3375 1436 3554 1495 Evan-

1940 1537 2096 1610 gelia.

2012 1629 2105 1684 40.
2150 1629 2210 1685 1η
2252 1628 2589 1685 Bibliotheca
2618 1626 2678 1685 8.
2712 1627 2875 1683 Marci
2910 1626 3387 1683 Dominicanorum
3420 1620 3555 1678 Flo-

1938 1722 2151 1789 rentiae,
2200 1721 2656 1786 Montl'aucouius,
2704 1736 2824 1792 pag.
2866 1719 2993 1787 425,
3034 1720 3141 1775 col.
3185 1718 3239 1785 1,
3287 1714 3545 1771 indicat:

216 1813 390 1879 bilior,
425 1831 526 1887 per
569 1813 673 1869 Itoc
704 1827 906 1880 tempus
940 1814 1220 1870 admodum
1258 1816 1428 1872 clarus
1464 1817 1707 1871 existens.
1753 1815 1827 1872 Ea
1861 1804 1909 1865 Β
1935 1814 1994 1871 C.
2047 1814 2211 1870 Vectii
2252 1814 2487 1887 Aquilini
2514 1814 2734 1869 Iuvenci
2759 1830 2807 1867 v.
2842 1830 2889 1869 c.
2921 1810 3206 1886 presbyteri
3232 1807 3469 1864 carmina
3497 1807 3553 1863 in

213 1906 434 1979 quidem
469 1909 663 1979 pietas
693 1923 758 1964 ac
787 1908 978 1979 religio
1011 1908 1064 1964 in
1090 1907 1317 1965 Iuvenci
1349 1909 1680 1966 carminibus
1711 1909 1827 1964 elu-

212 2009 320 2067 cet,
370 2011 432 2057 ut
476 2003 711 2058 virtutis
755 2001 917 2058 laude
957 2016 1080 2058 eum
1121 2001 1370 2059 ﬂoruisse
1398 2011 1824 2059 Consentaneum

211 2094 281 2152 sit
324 2096 587 2153 credere.
634 2096 846 2154 Vellem
886 2104 1066 2152 tamen
1098 2111 1259 2167 posse
1299 2097 1351 2152 id
1378 2096 1702 2153 certioribus
1731 2112 1825 2151 an-

212 2189 480 2258 ctoribus,
516 2199 579 2246 et
607 2188 707 2261 qui
738 2188 807 2244 ad
845 2187 989 2245 illius
1022 2200 1265 2261 tempora
1308 2189 1528 2263 propius
1567 2189 1828 2247 accessis-

211 2291 351 2352 sent,
383 2282 752 2340 conﬁrmare.

792 2379 902 2451 20
937 2377 1164 2436 CAPUT
1203 2377 1265 2433 II.

509 2469 742 2526 Codices
769 2487 890 2526 mss.
921 2469 1139 2527 Iuvenci
1168 2478 1521 2526 recensentur.

276 2562 367 2619 56.
415 2563 476 2620 In
520 2564 920 2621 dissertatione
951 2564 1225 2637 lsagogica
1257 2565 1308 2618 in
1343 2573 1475 2619 tom.
1507 2561 1823 2618 IThesaur.

209 2651 481 2711 Auecdnt.
536 2656 812 2713 Bernardi
865 2657 1010 2713 Pezii
1040 2701 1055 2725 ,
1107 2673 1258 2712 num.
1304 2656 1417 2723 28,
1469 2654 1611 2710 inter
1659 2653 1827 2710 libros

211 2762 367 2802 manu
394 2759 671 2805 exaratos
702 2750 1022 2807 monasterii
1050 2749 1290 2820 Tigurini
1325 2748 1414 2804 hic
1443 2758 1780 2803 memoratur
1810 2765 1823 2802 :

208 2837 425 2897 Iuvenci
468 2842 612 2897 liber
654 2851 877 2915 quartas
919 2843 1085 2915 (forte
1124 2842 1248 2899 libri
1290 2840 1543 2913 quatuor)
1576 2839 1828 2894 Historiae

206 2924 535 3009 evangelicae,
589 2933 851 2992 Macrobii
892 2935 1222 3001 Saturnalia,
1263 2933 1524 2990 Ciceronis
1561 2932 1828 2987 invectiva:

207 3027 259 3082 in
288 3027 585 3083 Catilinam
615 3045 650 3083 a
688 3030 1026 3104 septingentis
1056 3030 1229 3084 annis.
1264 3027 1531 3083 Videntur
1561 3025 1679 3081 haec
1704 3040 1827 3080 om-

211 3122 295 3178 nia
338 3138 515 3194 opera
567 3138 684 3179 uno
723 3123 938 3191 codice,
985 3127 1078 3194 qui
1117 3123 1496 3193 septingentos
1525 3135 1700 3176 annos
1731 3118 1829 3174 ba-

1935 1912 2149 1964 membr.
2202 1907 2268 1963 In
2299 1910 2401 1977 [ine
2433 1925 2451 1963 :
2482 1907 2669 1964 Proba:
2706 1917 2851 1964 cento
2879 1923 2944 1963 ea:
2971 1904 3287 1962 carminibus
3320 1901 3390 1958 Ρ.
3432 1902 3553 1959 Vir-

1934 2004 2071 2077 gilii.
2129 2005 2210 2059 Ad
2266 2004 2455 2059 calcem
2494 2004 2614 2059 libri
2660 2021 2676 2058 :
2720 2004 2919 2059 Cosma:
2956 2004 3019 2058 de
3058 2001 3280 2057 Medicis
3317 1998 3555 2057 Ioannes

1934 2097 2179 2151 Aretinus
2217 2096 2354 2151 hunc
2382 2096 2573 2151 librum
2616 2094 2901 2151 Florentia:
2925 2096 3054 2151 idib.
3089 2094 3341 2165 februarii
3369 2094 3552 2151 absol-

1930 2189 2002 2243 vit
2042 2190 2282 2260 feliciter.
2325 2190 2540 2245 Annum
2585 2206 2692 2246 non
2723 2189 2963 2246 invenio.
2996 2187 3188 2245 Codex
3219 2188 3363 2243 alius
3395 2191 3546 2259 ejus-

1931 2280 2055 2337 dem
2098 2282 2468 2351 bihliotheczr,
2517 2299 2639 2355 pag.
2680 2283 2809 2349 497,
2842 2282 3256 2349 Montl'aucouii,
3287 2280 3369 2338 sic
3395 2298 3549 2337 com-

1930 2383 2269 2431 memoratur
2323 2396 2334 2430 :
2386 2375 2660 2449 Expositio
2709 2376 2947 2449 Aquilint
2990 2374 3212 2431 Iuvenci
3261 2373 3546 2445 presbyteri

1928 2486 2086 2540 super
2130 2467 2417 2541 Evangelia
2456 2472 2765 2527 hexametris
2808 2470 3052 2527 versibus.
3076 2470 3159 2526 Ex
3179 2468 3413 2541 quodam
3447 2466 3541 2522 Bi-

1927 2562 2217 2618 bliotheca:
2254 2564 2311 2619 S.
2352 2564 2517 2619 Marci
2559 2564 2750 2620 codice
2792 2564 3102 2631 Reinesius,
3133 2573 3192 2619 ut
3219 2560 3541 2633 Schoettge-

1928 2658 2050 2713 nius
2097 2657 2336 2723 notavit,
2385 2658 2544 2714 talem
2595 2648 2807 2713 titnltim
2856 2657 3143 2727 exscripsit
3189 2672 3205 2710 :
3258 2652 3324 2709 G.
3374 2652 3538 2710 Wetti

1929 2751 2161 2822 Aquilini
2187 2748 2398 2806 Iuventi
2426 2766 2474 2804 v.
2508 2767 2556 2805 c.
2590 2751 2897 2821 presbyteri.
2935 2749 3031 2803 llic
3053 2758 3137 2805 est
3157 2748 3331 2804 codex
3362 2746 3532 2817 priori

1930 2844 2052 2901 loco
2080 2862 2110 2901 a
2143 2844 2544 2901 Montlanconio
2573 2845 2878 2916 expositus,
2910 2854 2969 2900 ut
2999 2843 3254 2899 arbitror.

2000 2940 2092 2995 41.
2133 2940 2282 2997 Inter
2323 2940 2491 2996 libros
2530 2939 2873 2996 bibliothecae
2900 2939 3176 2996 Patavina:
3205 2936 3536 2994 cathedralis

1933 3031 2394 3097 Montl‘auconius,
2446 3049 2569 3105 pag.
2620 3033 2769 3099 485,
2820 3034 2984 3089 refert
3029 3031 3273 3088 codicem
3320 3029 3535 3087 Iuvenci

1930 3125 2159 3197 Hispani
2196 3143 2351 3197 super
2384 3134 2609 3199 quatuor
2652 3124 2960 3198 Evangelia,
2993 3124 3079 3181 cui
3108 3123 3250 3178 alius
3278 3120 3404 3177 addi
3437 3135 3537 3191 po.

207 3192 402 3283 buerit,
446 3216 755 3273 contineri.
796 3192 1127 3283 Ceillierius,
1161 3192 1294 3271 tom.
1314 3192 1418 3282 IV,
1452 3213 1638 3270 laudat
1667 3212 1820 3269 codi-
1848 3192 1894 3255 Ο
1929 3192 2046 3276 test
2074 3220 2124 3273 in
2156 3192 2510 3284 bibliotheca,
2551 3232 2672 3289 quas
2703 3192 2830 3272 tunc
2860 3228 2979 3272 erat
3008 3215 3398 3274 canonicorum
3429 3212 3534 3268 La-

207 3323 319 3365 cem
360 3326 467 3366 ms.
517 3309 759 3366 Iuvenci
798 3308 1141 3366 bibliothecae
1181 3308 1419 3363 abbatiac
1449 3308 1512 3361 de
1543 3307 1823 3361 Monslier-

207 3400 400 3475 Ramey
441 3420 509 3459 en
540 3402 887 3475 Champagne
918 3419 937 3457 :
966 3402 1058 3472 qui
1091 3417 1197 3455 non
1230 3400 1446 3456 videtur
1474 3400 1727 3454 diversus
1753 3400 1822 3453 ah

207 3508 271 3550 eo
296 3513 475 3568 quem
522 3507 805 3554 memorat
841 3494 1094 3553 Labheus
1133 3495 1201 3551 de
1242 3494 1441 3565 Script.
1473 3495 1698 3560 eccles.,
1727 3492 1819 3563 qui

205 3590 295 3655 ait.
340 3592 394 3646 in
438 3591 629 3647 veteri
669 3590 968 3660 exemplari
1008 3589 1393 3645 Arcmaceusis
1437 3590 1489 3644 in
1517 3585 1817 3657 Campania

204 3686 433 3742 cmnobii
466 3686 741 3755 scriptum
773 3683 995 3751 haberi,
1028 3681 1129 3739 Gai
1173 3682 1313 3739 Vecti
1343 3682 1577 3754 Aquilini
1607 3682 1819 3753 presby-

206 3780 298 3834 teri
326 3779 754 3851 Evangeliorum
785 3778 905 3833 libri
936 3794 1013 3833 tv.

268 3873 357 3930 37.
406 3873 749 3941 Martenius,
783 3872 835 3928 in
866 3871 993 3927 Itin.
1028 3871 1195 3928 litter.
1234 3878 1367 3926 tom.
1398 3870 1441 3937 Ι,
1474 3884 1598 3940 pag.
1633 3868 1722 3936 65,
1758 3868 1811 3923 ἰη

203 3971 537 4025 monasterio
568 3967 628 4024 8.
658 3966 936 4023 Benedicti
970 3981 1136 4036 prope
1168 3959 1400 4034 Ligerim
1431 3962 1673 4017 codicem
1699 3976 1807 4017 ins.

201 4056 417 4117 Iuvenci
448 4069 676 4116 exstare
705 4067 993 4124 memorat,
1027 4057 1300 4126 aliumque
1329 4055 1561 4111 similem
1586 4064 1717 4109 tom.
1742 4052 1808 4117 II,

204 4165 319 4225 pag.
366 4155 498 4219 112,
541 4152 601 4208 in
634 4151 851 4206 abbatia
881 4150 1110 4206 Metensi
1142 4149 1200 4204 S.
1232 4147 1482 4204 Arualdi.
1514 4145 1812 4203 Goldastus

203 4242 254 4300 in
293 4246 528 4316 epistola
572 4244 643 4298 ad
675 4242 986 4310 Weitzium,
1020 4256 1142 4313 qua:
1173 4241 1397 4297 editioni
1431 4240 1711 4296 Dracontii
1743 4240 1811 4294 ah

203 4334 299 4394 hoc
326 4347 641 4408 procurata:
673 4335 892 4406 praeﬁxa
922 4347 1029 4402 est,
1059 4333 1138 4390 sic
1167 4335 1327 4390 habet
1354 4352 1367 4389 :
1395 4333 1472 4389 De
1501 4332 1804 4387 Prudentiis

208 4433 516 4496 rescribam.
564 4432 655 4487 ubi
683 4431 803 4503 plus
830 4432 921 4486 otii
957 4440 1140 4485 nactus
1170 4430 1337 4501 fuero.
1375 4431 1441 4498 ρ.
1484 4429 1616 4484 Vetti
1646 4429 1807 4498 Aqui-

201 4526 254 4580 lii
279 4525 504 4585 Iuvenci
536 4537 588 4582 et
624 4527 863 4581 Aratoris
884 4526 1208 4581 membranas
1233 4542 1335 4580 non
1356 4525 1520 4580 habeo
1541 4526 1766 4595 integras
1788 4541 1809 4577 :

1929 3323 2104 3370 teran.
2138 3327 2205 3367 ex
2233 3308 2591 3377 Thomasino,
2634 3310 2702 3366 de
2734 3307 2995 3365 Biblioth.
3029 3307 3279 3362 Patavin.
3312 3304 3371 3360 In
3400 3304 3531 3360 Am-

1926 3405 2179 3462 brosiana
2209 3419 2342 3459 vero
2374 3401 2730 3467 bililiOtheca,
2764 3416 2887 3472 pag.
2919 3400 3026 3456 508
3057 3419 3068 3455 :
3105 3397 3337 3470 Aquilini
3364 3396 3529 3452 Iuve-

1925 3501 2008 3554 nis
2031 3515 2213 3567 poema
2240 3497 2306 3552 de
2330 3496 2473 3551 Actis
2499 3494 2869 3568 Apostolorum
2891 3509 3125 3565 pergant.
3152 3492 3248 3545 bis.
3274 3489 3332 3545 In
3356 3488 3535 3546 indice

1923 3594 2179 3649 tribuitur
2208 3592 2450 3648 Juveuco
2484 3589 2572 3645 hic
2597 3590 2795 3656 codex,
2823 3588 2940 3660 qui,
2969 3600 3027 3643 ut
3053 3596 3202 3657 puto,
3227 3586 3530 3641 Iuvencum

1919 3697 1979 3744 et
2006 3689 2292 3743 Aratorem
2324 3685 2721 3755 complectitur.
2760 3683 2917 3751 Vide,
2952 3697 3138 3753 supra,
3172 3694 3325 3735 nam.
3353 3678 3445 3734 l5.
3471 3676 3528 3733 lu

1920 3782 2110 3839 eadem
2153 3762 2481 3835 biblimbeca
2520 3776 2900 3841 Ambrosiana,
2958 3790 3081 3846 pag.
3127 3773 3231 3829 M9
3265 3790 3279 3827 :
3310 3770 3530 3825 Iuvenci

1920 3874 2203 3947 presbyteri
2247 3873 2301 3927 in
2344 3869 2633 3950 E/vangelia
2672 3870 2761 3925 lib.
2807 3878 3031 3942 quatuor
3075 3884 3305 3941 pergam.
3359 3864 3526 3935 antiq.

1919 3968 1994 4023 bis
2025 3968 2196 4022 bamb.

1989 4060 2081 4115 42.
2126 4059 2204 4114 Ex
2247 4057 2574 4114 bibliotheca
2612 4057 2756 4127 regis
2798 4054 3032 4127 Anglize,
3064 4068 3187 4124 pag.
3236 4050 3366 4117 659,
3413 4065 3527 4106 tne-

1916 4161 2093 4208 morat
2119 4152 2552 4207 Monti‘auconius
2586 4167 2598 4201 :
2630 4147 2850 4202 Iuvenci
2879 4147 3160 4219 presbyteri
3195 4142 3526 4214 Evangelica:

1915 4245 2148 4299 historice
2181 4251 2476 4312 poematum
2508 4240 2627 4295 libr.
2657 4249 2901 4312 quatuor.
2933 4239 3012 4293 Ex
3043 4238 3363 4302 Bodleiana,
3398 4251 3525 4307 pag.

1915 4334 2024 4392 656
2068 4353 2079 4387 :
2126 4332 2348 4389 Iuvenci
2375 4350 2558 4406 poema
2597 4331 2662 4386 de
2700 4342 2922 4402 quatuor
2970 4328 3293 4400 Evangeliis.
3327 4327 3406 4384 Ex
3440 4328 3523 4383 bi-

1914 4428 2187 4485 bliotheca
2229 4426 2457 4499 Collegii
2499 4426 2558 4481 8.
2602 4423 2889 4481 Benedicti
2915 4425 3059 4494 apud
3090 4422 3522 4494 Cantabrigiam,

1914 4537 2035 4594 pag.
2077 4522 2204 4592 671,
2249 4522 2357 4576 col.
2400 4526 2423 4576 1
2472 4540 2484 4576 :
2528 4520 2766 4577 Codicem
2794 4519 3036 4584 Iuvenci,
3067 4520 3355 4590 aliumque,
3392 4535 3517 4590 pag.

202 4627 363 4676 tamen
388 4623 518 4693 quia
542 4635 634 4675 eas
663 4636 695 4672 a
725 4635 808 4674 me
838 4626 981 4674 tanta
1011 4617 1276 4673 contendis
1302 4633 1479 4686 opere,
1511 4591 1720 4685 addico,
1750 4626 1798 4670 et
1835 4591 1886 4652 D
1915 4591 2043 4682 686,
2088 4616 2140 4671 in
2173 4630 2305 4673 mss.
2342 4614 2580 4670 Eduardi
2612 4614 2904 4680 Bernartli,
2936 4623 2990 4668 et
3022 4613 3076 4667 in
3108 4611 3340 4667 Andibus
3365 4612 3526 4669 Iaco-

199 4724 308 4766 cum
349 4713 636 4768 occasione
676 4710 746 4766 ad
777 4722 825 4764 te
854 4710 1199 4782 perferendas
1226 4710 1437 4764 curabo.
1471 4708 1525 4764 lu
1559 4709 1808 4777 catalogo

199 4804 444 4861 codicum
487 4819 653 4868 ωδε..
686 4804 778 4875 qui
823 4802 877 4857 in
911 4803 1245 4858 monasterio
1272 4802 1526 4857 Bobiensi
1558 4816 1808 4856 asserva-

197 4893 412 4965 bantur,
439 4898 652 4953 sarculo
677 4912 712 4951 x
738 4896 965 4952 circiter
989 4904 1237 4962 exarata,
1265 4894 1407 4965 apud
1429 4893 1805 4959 Muratorium,

200 4997 325 5047 tom.
370 4992 442 5049 ΙΙΙ
485 4991 761 5062 Antiquit.
806 4990 980 5046 Italic.
1013 4990 1179 5045 medii
1211 4990 1336 5056 aevi,
1367 5004 1487 5060 pag.
1521 4990 1628 5045 818
1658 5003 1802 5059 seq.,

1914 4708 2069 4776 bacis,
2119 4724 2240 4778 pag.
2285 4707 2390 4763 686
2424 4726 2437 4763 :
2468 4707 2685 4763 Iuvenci
2715 4716 2940 4779 quatuor
2969 4705 3259 4777 Evangelia
3285 4706 3520 4759 metrice.

1912 4803 2020 4875 22
2084 4801 2388 4857 Reuschius
2434 4804 2510 4855 ait
2560 4800 2805 4856 codicem
2847 4798 3382 4871 Cantabrigiensem,
3426 4799 3517 4867 qui

1908 4894 2143 4965 quodam
2178 4894 2231 4948 in
2260 4892 2507 4964 Collegio
2537 4904 2875 4955 asservatur,
2904 4891 3343 4963 antiquissimum
3370 4904 3519 4957 esse,

1907 4998 1963 5044 et
2006 4982 2219 5044 litteris
2246 4989 2551 5045 uncialibus
2591 4997 2902 5053 exaratum,
2966 4986 3199 5042 alterum
3231 4983 3521 5041 Cantabri-

197 5080 412 5139 invenio
432 5099 505 5140 ex
525 5080 860 5138 bibliotheca
883 5081 1053 5137 veteri
1080 5080 1290 5134 Librum
1310 5078 1529 5134 Iuvenci
1548 5094 1806 5150 t,nempe
1908 5081 2149 5153 giensem
2182 5089 2396 5136 exst-trc
2427 5082 2479 5135 in
2510 5080 2837 5136 bibliotheca
2870 5079 3273 5136 Universitatis.

199 5176 438 5234 codicem
479 5176 711 5232 Iuvenci
752 5191 917 5231 unum
960 5191 974 5229 :
1017 5192 1085 5230 ex
1116 5174 1445 5231 bibliotheca
1478 5190 1606 5230 vero
1637 5188 1800 5239 nova,

200 5284 288 5326 seu
320 5272 481 5327 libris
521 5284 666 5341 quos
692 5269 964 5340 Dungalus
998 5269 1197 5325 obtulit
1226 5267 1540 5324 beatissimo
1584 5267 1802 5323 Colum-

1972 5175 2065 5230 45.
2104 5176 2436 5232 Bibliotheca
2468 5176 3005 5234 Sun-Germauettsis
3031 5190 3152 5245 pag.
3184 5173 3344 5235 1155,
3372 5172 3515 5243 apud

1904 5268 2385 5335 Montl'aucnnium,
2420 5270 2561 5325 inter
2588 5271 2689 5326 alia
2726 5270 2887 5325 habet
2923 5288 2937 5323 :
2968 5269 3193 5324 Iuvenci
3223 5266 3515 5341 presbyteri

198 5360 357 5432 bano,
389 5363 611 5421 scilicet
641 5362 973 5418 monasterio
1006 5360 1281 5424 Bobiensi,
1314 5375 1343 5414 a
1377 5359 1435 5417 S.
1464 5356 1801 5415 Columbano
1904 5365 2209 5433 prooemium
2245 5365 2299 5417 in
2320 5381 2448 5437 opus
2478 5363 2739 5434 paschale.
2775 5363 2893 5418 Non
2925 5362 3132 5425 dubito,
3166 5361 3292 5432 quin
3326 5361 3513 5430 legen-

197 5453 438 5522 lundato,
481 5454 706 5510 Librum
746 5452 1028 5509 Fortunati
1068 5471 1249 5523 unum,
1292 5454 1345 5507 in
1373 5469 1475 5525 quo
1504 5462 1581 5507 est
1610 5451 1802 5506 Pauli-

1902 5455 2031 5512 dum
2074 5457 2143 5511 sit
2185 5456 2388 5513 Sedulii
2429 5458 2738 5530 presbyteri,
2780 5468 2886 5514 etc.
2923 5456 2978 5513 lu
3007 5458 3196 5513 codice
3224 5468 3355 5509 vero
3382 5453 3510 5517 675,

196 5564 321 5616 nus,
362 5550 599 5614 Arator,
640 5543 936 5613 Iuvencus,
980 5555 1029 5600 et
1071 5542 1222 5601 Cato.
1266 5545 1469 5601 Ibidem
1526 5559 1595 5600 ex
1651 5543 1803 5599 libris
1905 5563 2030 5619 pag.
2063 5548 2201 5603 1156
2234 5566 2247 5601 :
2278 5549 2531 5614 Iuvsacn,
2583 5559 2673 5604 aut
2720 5565 2846 5602 sane
2876 5549 3125 5620 Cypriani
3156 5544 3371 5600 historia
3400 5541 3503 5595 Ge.

196 5638 469 5697 Benedicti
506 5638 841 5710 presbyteri,
868 5637 1085 5694 Iuvenci
1115 5656 1273 5693 unum
1352 5679 1367 5693 .
1452 5680 1467 5695 .
1548 5679 1563 5693 .
1642 5678 1658 5693 .
1704 5637 1800 5693 Se-

203 5735 356 5815 dulii,
384 5733 660 5817 Iuvericii,
689 5742 749 5807 .ct
786 5732 1055 5815 Prosperi,
1085 5750 1147 5789 ac
1175 5731 1473 5801 Prudentii,
1504 5743 1550 5788 et
1579 5733 1803 5787 aliorum

204 5831 613 5900 versiﬁcatorum
646 5824 770 5880 liber
790 5843 949 5883 unus.

1906 5641 2063 5695 nesis.
2090 5639 2343 5713 Episton
2362 5642 2603 5713 qua’dam
2627 5641 2687 5698 S.
2720 5641 3025 5713 Hieronymi
3046 5650 3093 5694 et
3117 5640 3177 5694 S.
3206 5634 3503 5705 Augustini.

1908 5731 1973 5789 S.
2006 5731 2255 5806 Cypriani
2292 5734 2551 5805 quaedam.
2587 5736 2813 5791 IUVBNCI
2850 5750 3056 5788 carmen
3084 5730 3148 5783 de
3175 5725 3508 5781 Ascensione.

1908 5825 2124 5895 Sibylla’
2173 5843 2344 5882 versas
2390 5826 2455 5883 de
2501 5828 2586 5883 die
2628 5827 2842 5895 judit‘ii.
2894 5824 2973 5880 De
3019 5820 3242 5877 historia
3286 5818 3507 5875 metrica
