4058 6322
482 301 548 362 δι
1497 301 1562 361 c.
1598 301 1899 361 vernus
1933 301 2309 374 squamos
2346 260 2733 360 iuvencus:
3720 302 3787 360 δε

477 418 704 477 collatio
732 419 963 477 duorum
1004 420 1254 478 codicum
1295 417 1851 492 Cantabrigiensium,
1880 429 1940 476 ut
1978 420 2087 477 loc.
2116 427 2168 488 Α
2193 420 2351 476 reicis
2376 420 2606 476 versibus
2635 418 2969 474 concludens.
3011 416 3230 473 Venales
3250 417 3582 489 reperiuntur
3608 418 3663 473 in
3683 418 3791 475 vico

482 514 581 569 cit.
610 511 869 569 referam.
892 511 1056 569 Ioan.
1090 512 1185 569 Fr.
1218 511 1502 570 Grunerus
1549 513 1603 568 in
1648 513 1773 568 Act.
1802 512 1931 570 Soc.
1963 512 2088 570 Lat.

414 590 423 599 ’
484 601 599 660 len.
640 604 750 660 vol.
782 603 872 673 Ill,
921 620 1111 675 opusc.
1160 603 1220 673 2,
1256 604 1296 661 l.
1326 622 1343 662 ι
1380 606 1665 663 Observat.
1683 604 1869 663 Critic.
1888 620 2009 676 cap.
2033 606 2085 675 6,

482 697 740 753 nonnulla
757 697 878 753 loca
895 697 1122 753 Iuvenci
1141 713 1207 753 ex
1228 698 1509 755 codicibus
1524 713 1655 754 mss.
1679 698 1864 767 Cant.,
1880 709 1935 755 et
1960 699 2090 768 Un.,

486 804 629 863 quos
668 790 721 845 in
769 790 963 862 Anglia
1006 790 1294 846 Benzelius
1344 792 1582 859 evolvit,
1626 792 1917 864 diligenter
1970 791 2094 847 illu-

488 890 628 938 strat
655 899 670 939 :
697 883 899 954 allegat
927 883 1090 938 etiam
1121 883 1364 939 codicem
1407 885 1498 954 1).,
1533 886 1649 957 qui,
1675 886 1883 953 nescio,
1916 900 1983 939 an
2012 884 2095 940 di-

486 990 681 1033 versus
727 978 853 1033 sita
909 977 1126 1034 duobus
1179 994 1313 1034 mss.
1357 980 1598 1049 Anglicis
1650 979 1782 1047 Un.,
1824 989 1879 1035 et
1934 981 2091 1036 Cant.

488 1066 701 1124 Laudat
728 1067 948 1138 quidem
982 1069 1265 1126 Crunerus
1309 1072 1629 1128 industriam
1664 1072 1922 1128 Rcuschii
1957 1091 1968 1126 :
1998 1071 2094 1127 sed

489 1161 645 1219 addit
678 1181 694 1219 :
722 1162 1041 1219 Reuschium
1092 1171 1296 1239 egregia
1336 1184 1431 1222 sua
1475 1170 1587 1240 ejus
1626 1176 1789 1239 poette
1828 1163 2090 1239 (Iuvenci)

489 1254 718 1311 editione
747 1272 850 1310 non
879 1257 1052 1311 omnia
1078 1256 1411 1313 librariorum
1454 1259 1579 1313 vitia
1622 1257 1891 1314 sustulisse
1939 1256 2097 1329 facile

490 1348 721 1416 credent,
743 1349 861 1419 qui,
884 1358 1106 1419 quantus
1127 1350 1275 1406 labor
1301 1352 1369 1405 sit
1395 1361 1582 1407 veteres
1593 1360 1826 1406 auctores
1852 1349 1922 1403 ad
1952 1350 2097 1405 codi-

491 1456 573 1496 ces
598 1457 723 1497 mss.
747 1457 1014 1497 recensere
1028 1444 1323 1499 accuratius
1348 1444 1541 1499 sciunt.

1052 1608 1162 1680 23
1185 1605 1416 1665 CAPUT
1452 1606 1544 1663 Ill.

857 1698 1127 1756 Editiones
1167 1698 1471 1755 Curminum
1497 1698 1735 1756 Iuvenci.

568 1838 661 1895 52.
709 1839 889 1895 Prima
915 1837 1104 1895 editio.
1155 1837 1417 1911 Bayerius
1454 1838 1511 1893 in
1532 1838 1677 1893 notis
1704 1835 1775 1891 ad
1828 1833 2091 1890 Biblioth.
2126 1836 2175 1896 B

496 1940 668 1988 veter.
709 1931 828 1987 Nic.
866 1931 1088 1986 Antonii
1126 1931 1223 1997 ait,
1266 1946 1326 1986 se
1356 1931 1560 1986 habere
1605 1928 1901 1986 editionem
1953 1937 2103 1983 vete-

495 2039 614 2080 rem
638 2023 868 2081 Iuvenci
912 2024 1032 2079 sine
1061 2025 1171 2079 ulla
1201 2024 1501 2096 epigraphe
1522 2064 1536 2088 ,
1588 2031 1682 2078 aut
1723 2021 2100 2091 inscriptione,

491 2116 615 2174 sine
643 2118 799 2186 loco,
833 2127 888 2173 et
927 2132 1071 2173 anno
1110 2116 1256 2172 circa
1310 2132 1543 2183 annum,
1597 2124 1657 2171 ut
1712 2115 1814 2185 ipsi
1861 2114 2099 2178 videtur,

498 2210 640 2266 1490
668 2220 942 2281 peractam
970 2210 1132 2265 simul
1160 2225 1284 2265 cum
1313 2207 1590 2281 Cypriano
1615 2208 1694 2263 De
1724 2208 1872 2279 ligno
1898 2207 2101 2273 crucis,

499 2300 929 2374 Psychomachia
965 2301 1267 2369 Prndentii,
1302 2300 1551 2356 Aratoris
1579 2290 1877 2371 apostolica
1921 2299 2105 2355 Histo-

498 2392 600 2458 ria,
637 2392 863 2448 Antonii
897 2392 1273 2450 Nebrisseosis
1296 2391 1741 2465 ,Cosmograpbia
1762 2433 1777 2457 ,
1802 2391 2103 2447 Columella

498 2488 568 2544 de
616 2488 775 2545 Cultu
818 2489 1123 2559 hortorum,
1180 2487 1422 2544 Palladio
1453 2488 1522 2544 de
1570 2486 1856 2551 lnsitione,
1895 2494 1953 2540 et
1979 2484 2099 2541 Val.

500 2580 681 2637 Probo
706 2580 775 2636 de
815 2579 1169 2651 Compendiis
1209 2581 1512 2636 litterarum
1569 2578 1829 2634 informa
1888 2585 2101 2648 quarta.

497 2673 742 2731 Joannes
768 2673 1033 2730 Albertus
1081 2672 1361 2729 Fabricius
1400 2674 1541 2728 inter
1570 2672 1705 2726 alias
1729 2669 1958 2727 Iuvenci
1986 2669 2102 2725 edi-

498 2768 677 2822 tiones
697 2776 947 2822 recenset
968 2765 1264 2822 editionem
1288 2764 1569 2835 antiquam
1586 2765 1705 2820 sine
1724 2763 1844 2818 loco
1861 2772 1916 2817 et
1935 2776 2101 2825 anno.

500 2860 554 2916 in
574 2860 654 2925 4°,
688 2859 792 2914 hoc
810 2859 968 2914 titulo
993 2878 1007 2913 :
1033 2857 1296 2914 Iuvencus
1310 2858 1574 2931 presbyter
1600 2858 1902 2911 immensam
1933 2854 2109 2910 Evan-

499 2952 622 3023 gelii
678 2953 992 3022 majestatem
1038 2952 1260 3007 heroicis
1313 2953 1541 3006 versibus
1586 2951 1919 3006 concludens.
1981 2950 2108 3005 llaec

504 3046 720 3115 videtur
746 3061 869 3103 eSSe
894 3046 1063 3102 editio
1117 3055 1294 3112 vetus,
1325 3062 1446 3117 quae
1476 3055 1656 3103 exstat
1686 3047 1738 3101 in
1776 3043 2106 3103 bibliotheca

515 3138 800 3208 Vaticana,
825 3140 892 3197 de
916 3156 1021 3212 qua
1049 3140 1227 3197 dicam
1260 3156 1409 3196 num.
1441 3139 1531 3196 61.

578 3236 673 3293 53.
704 3234 952 3292 Secunda
977 3235 1142 3291 editio
1163 3249 1306 3289 anno
1330 3234 1490 3299 H99,
1506 3248 1570 3288 es
1606 3233 1875 3298 Fabricio,
1896 3233 1987 3304 qui
2010 3232 2108 3299 ait,

507 3328 734 3385 Patisiis
764 3343 831 3383 eo
860 3343 1006 3382 anno
1027 3327 1232 3382 editum
1265 3326 1433 3382 fuisse
1453 3325 1751 3382 Iuvencum
1780 3326 1835 3381 in
1858 3324 1955 3379 [ιιι.
1984 3339 2107 3379 cum

510 3418 759 3486 Sedulio,
789 3428 845 3474 et
866 3418 923 3474 Ρ.
947 3419 1111 3488 Barri
1140 3419 1430 3475 Picanibus
1456 3418 1698 3490 quinque
1739 3419 2000 3475 festorum
2043 3418 2106 3473 Β.

521 3511 789 3580 Virginis,
816 3509 1017 3567 edente
1044 3509 1248 3567 Iacobo
1293 3510 1493 3578 Fabro,
1524 3511 1617 3581 qui
1668 3512 1721 3566 in
1752 3509 1988 3580 epistola
2040 3509 2110 3564 ad

511 3603 748 3661 Fabrum
779 3604 1163 3675 Stapulensem
1198 3608 1478 3675 prtemissa
1515 3603 1807 3661 Aldhelmo
1837 3605 1907 3661 de
1937 3604 2112 3674 Virgi-

510 3699 680 3755 nitate
709 3698 855 3754 edito
884 3692 1187 3754 Daventriae
1217 3698 1386 3768 1512,
1416 3699 1469 3753 iu
1497 3700 1585 3763 4°,
1616 3702 1690 3755 ait
1720 3719 1735 3757 :
1760 3698 2111 3756 Considerans

511 3809 604 3865 ego
634 3796 863 3866 fructum
902 3794 1073 3861 illum,
1105 3794 1193 3865 qui
1215 3793 1418 3848 emersit
1438 3810 1502 3847 ea:
1524 3793 1746 3848 editione
1770 3792 1864 3846 illa
1886 3790 1988 3845 divi
2006 3788 2109 3843 Iu-

511 3888 674 3951 venci,
698 3903 853 3958 quem
897 3903 989 3961 ego
1032 3898 1153 3942 ante
1198 3887 1387 3941 multos
1429 3902 1594 3941 annos
1631 3887 1829 3955 primus
1880 3884 2113 3938 omnium

513 3985 790 4051 publicavi,
848 3986 935 4056 qui
979 3993 1087 4040 erat
1128 3983 1258 4038 mihi
1285 3984 1587 4049 mutilatas,
1611 3991 1661 4037 et
1690 3981 2020 4051 imperfectus
2049 3980 2112 4033 ob

512 4080 871 4152 antiquitatem
898 4096 917 4133 :
942 4079 1187 4149 quocirca
1223 4080 1278 4133 in
1308 4095 1420 4133 eam
1450 4082 1670 4149 formam
1697 4076 1894 4146 redegi,
1936 4092 2039 4145 qua
2067 4084 2114 4129 et

512 4171 618 4237 hic,
652 4183 699 4227 et
724 4173 779 4226 in
804 4172 926 4227 aliis
952 4158 1091 4226 locis
1122 4172 1508 4243 circumfertur.
1544 4170 1672 4238 Qute
1691 4170 1829 4223 enim
1852 4178 1896 4223 et
1924 4170 2113 4222 immu-

511 4275 624 4320 tata
646 4275 766 4320 sunt
799 4267 853 4320 in
882 4281 975 4333 eo,
1006 4273 1053 4319 et
1074 4280 1189 4334 qute
1213 4264 1283 4317 ad
1306 4264 1631 4335 imperfectos
1673 4276 1847 4315 versus
1890 4273 2116 4313 accesse-

513 4369 632 4412 runt
684 4367 892 4428 propter
936 4358 1251 4429 exemplaris
1310 4356 1768 4427 depravationem,
1815 4368 1918 4408 non
1964 4349 2119 4422 facile

516 4451 758 4505 dixerim.
815 4452 972 4522 Atqui
1001 4451 1183 4506 dicere
1208 4453 1432 4505 omnino
1459 4449 1678 4514 debuit,
1710 4455 1768 4503 ut
1798 4446 1955 4501 nobis
1980 4460 2115 4499 con-

513 4555 704 4613 staret,
737 4544 864 4613 qnid
914 4545 1008 4600 ille
1034 4561 1101 4600 ex
1124 4546 1295 4600 veteri
1342 4544 1640 4613 exemplari
1688 4538 2116 4607 mutilato,§itn-

2198 514 2260 572 S.
2285 514 2470 571 Jacobi
2496 515 2641 587 apud
2669 513 2893 569 Leonem
2934 512 3273 587 Argenteam.
3317 511 3374 567 In
3406 509 3487 566 4⁸.
3530 511 3671 568 Sunt
3699 527 3793 568 no-

2196 623 2319 664 vem
2348 608 2741 679 quaterniones
2795 622 2969 678 usque
2995 605 3063 662 ad
3089 606 3129 672 i,
3162 612 3429 677 praeterea
3460 604 3492 659 Ic
3517 606 3712 669 ternio.
3738 615 3795 662 et

2195 700 2216 754 ι
2244 700 2373 754 duo.
2404 698 2463 754 In
2487 699 2665 755 fronte
2697 709 2781 755 est
2831 708 3060 754 stemma
3090 714 3216 754 cum
3275 698 3578 770 epigrapbe
3623 697 3794 755 Iehan

2201 792 2356 850 Petit.
2384 795 2697 865 Sequuntur
2727 793 2827 849 tria
2848 794 3074 850 Iuvenci
3117 793 3296 864 elogia
3337 808 3405 849 ex
3432 792 3494 850 S.
3527 794 3793 867 llierony-

2197 902 2307 953 mo,
2364 888 2493 944 item
2550 887 2696 943 aliud
2718 903 2786 942 ex
2813 887 3024 943 Joanne
3070 885 3420 955 Tritenhem,
3454 900 3552 941 seu
3610 887 3795 944 Trite-

2197 981 2328 1044 mio,
2356 979 2502 1035 aliud
2552 997 2619 1036 ex
2668 980 2911 1046 Baptista
2954 980 3270 1044 Mantuano,
3320 979 3467 1034 aliud
3498 994 3565 1034 ex
3616 977 3788 1035 Fran-

2196 1075 2341 1130 cisco
2386 1074 2702 1131 Petrarcha.
2747 1075 2942 1132 Postea
2978 1092 2991 1128 :
3022 1073 3218 1143 Incipit
3270 1074 3523 1145 prologus
3573 1073 3794 1129 Iuvenci

2196 1166 2479 1238 presbyteri
2528 1168 2580 1221 in
2603 1178 2827 1238 quatuor
2859 1166 3169 1241 Evangelia.
3202 1166 3341 1222 Tum
3369 1185 3381 1221 :
3412 1166 3635 1223 Iuvenci
3671 1166 3797 1224 His-

2200 1261 2322 1327 pani
2348 1260 2634 1331 presbyteri
2673 1272 2899 1333 quatuor
2927 1258 3215 1330 Evangelia
3256 1259 3453 1315 Christi
3490 1261 3799 1316 hexametris

2196 1354 2429 1409 versibus
2451 1355 2819 1426 transferentis
2845 1353 2976 1408 liber
2994 1354 3217 1423 primus.
3245 1353 3460 1409 Adsunt
3496 1354 3660 1421 tituli,
3686 1354 3800 1410 sive

2197 1447 2372 1518 capita
2404 1464 2610 1517 rerum,
2644 1464 2768 1517 qua:
2796 1447 3136 1503 carminibus
3182 1447 3548 1515 explicantur.

2273 1540 2364 1596 55.
2407 1539 2463 1595 In
2492 1539 2599 1596 line
2624 1547 2709 1595 est
2733 1540 3028 1596 Hermanni
3069 1537 3286 1594 Buschii
3330 1538 3717 1595 Mouasterien.
3745 1540 3800 1595 in

2202 1634 2577 1705 presbyterum
2642 1632 2947 1689 Iuvencum
2991 1632 3291 1703 llispanum
3351 1632 3686 1705 epigramma
3735 1631 3802 1687 ad

2199 1730 2457 1787 lectorem
2483 1746 2496 1782 :

2325 1818 2545 1884 Nectite,
2567 1821 2810 1879 Pierides,
2837 1820 3066 1877 hederas.
3096 1826 3147 1871 et
3171 1821 3362 1881 carpite
3378 1819 3546 1869 lauros
3572 1832 3587 1868 :

2419 1881 2655 1947 Castalius
2680 1884 2884 1946 liquidas
2900 1884 3130 1947 porrigat
3144 1884 3278 1947 altus
3296 1894 3469 1945 aquas,

2330 1942 2628 2009 lnsolitoque
2645 1942 2820 2009 nemus
2843 1942 2987 2009 tollat
2999 1942 3120 2009 ju'ga
3140 1945 3264 2009 pheta,
3283 1942 3468 2007 virore,

2434 2007 2699 2065 Quo'stetit
2725 2007 2885 2071 alatus
2901 2007 3495 2071 Bellerophontisequus.

2332 2067 2627 2133 Permessus
2650 2071 2817 2121 nitidis
2841 2070 3023 2121 irroret
3055 2067 3275 2133 gramina
3303 2067 3527 2133 lymphis,

2429 2130 2615 2183 Littora
2638 2133 2830 2193 Cephisi
2847 2144 3007 2191 come,
3027 2130 3217 2188 Thalia,
3243 2130 3333 2180 tui;

2331 2191 2509 2257 Cyrrha
2533 2195 2659 2245 ferat
2684 2191 3043 2257 amputans,
3072 2202 3124 2244 et
3147 2195 3268 2257 lilia,
3295 2194 3480 2257 circum

2425 2256 2629 2321 Spirent
2649 2256 2925 2307 innumeris
2948 2258 3184 2321 Delphica
3209 2256 3323 2305 rura
3345 2256 3491 2305 rosis.

2332 2318 2473 2382 Aura
2490 2319 2587 2369 levi
2608 2320 2724 2382 ﬂatu
2750 2327 2851 2369 tota
2877 2318 3083 2382 regione
3103 2326 3347 2382 susurret,

2426 2379 2627 2445 S_ti|lent
2652 2381 2909 2445 Cecropiis
2929 2379 3101 2445 (obora
3123 2394 3313 2445 querna
3336 2380 3476 2430 favis.

2330 2441 2607 2506 Applaudat
2631 2441 2979 2495 reduci’tellus
3001 2441 3214 2506 Hispana
3241 2443 3484 2503 Iuvenco,

2426 2503 2721 2570 Neglectum
2745 2503 3103 2570 cujnssqnalor
3128 2506 3312 2570 edebat
3332 2517 3477 2567 opus.

2336 2565 2427 2626 Qui
2449 2565 2593 2617 mddo
2616 2565 2985 2619 canitie'vnltn’s
3007 2571 3223 2617 abeunte
3252 2565 3423 2618 beatos

2426 2627 2696 2693 InduitLet
2720 2633 2889 2680 formae
2910 2632 3113 2693 pristina
3133 2630 3354 2679 membra
3377 2643 3499 2693 suae.

2332 2688 2515 2756 Fulget
2529 2688 2789 2755 apulliueis
2806 2688 2984 2743 iterum
3002 2705 3137 2741 corna
3158 2693 3305 2756 digna
3327 2690 3590 2756 corymbis,

2427 2752 2490 2802 Et
2515 2752 2686 2804 manus
2706 2761 2922 2806 auratam
2943 2757 3101 2816 pulsat
3127 2752 3315 2817 ebu'rna
3338 2752 3512 2817 lyram.

2334 2813 2524 2881 Desine
2544 2819 2726 2873 mirari.
2753 2813 2967 2881 suppleri
2988 2820 3029 2881 si
3050 2818 3258 2881 moverit
3282 2813 3370 2879 Ori
3384 2817 3512 2881 heus

2430 2878 2650 2944 Tartara,
2678 2887 2730 2930 et
2750 2878 2927 2930 inferni
2950 2878 3120 2944 ﬂebile
3143 2891 3327 2944 nunten
3349 2880 3475 2944 agri:

2210 2939 2319 3012 30
2337 2937 2468 3012 Vana
2490 2942 2694 3012 quidem
2718 2950 2832 3012 sunt
2855 2944 2979 3002 haec,
3000 2942 3088 3012 sed
3114 2940 3268 3012 gloria
3295 2937 3428 3012 unis
3453 2940 3675 2990 Juvenoo

2430 3002 2659 3066 Adrolet,
2690 3006 2966 3055 aelbereum
2991 3008 3076 3067 qui
3099 3002 3264 3053 movet
3285 3015 3374 3052 ore
3392 3004 3560 3054 deum.

2285 3108 2376 3163 56.
2420 3108 2664 3181 Denique
2704 3108 2962 3172 Faustus,
3021 3108 3109 3179 qui
3162 3106 3462 3162 Iuvencum
3515 3106 3570 3161 in
3626 3102 3813 3195 schola

2138 3231 2185 3293 ρ
2215 3201 2570 3272 ριιωιεοιιιτυε
2600 3210 2737 3269 erat,
2766 3200 2847 3256 sic
2874 3201 3135 3257 lectorem
3162 3200 3485 3269 alloquitur:

2485 3316 2801 3374 FAUSTUS
2839 3314 3134 3372 LECTORI
3174 3313 3521 3371 SALUTEM.

2213 3433 2367 3495 (.ave.
2414 3434 2483 3487 mi
2512 3433 2691 3498 lector,
2718 3448 2859 3499 cave,
2892 3432 3127 3497 inquam,
3175 3446 3240 3485 ne
3293 3439 3397 3483 tant
3423 3436 3649 3495 castum,
3682 3435 3816 3481 tam-

2211 3544 2310 3593 que
2329 3526 2644 3581 catholicum
2671 3535 2873 3596 poetam
2901 3524 3128 3579 ridiculo
3158 3523 3252 3577 illo
3282 3523 3438 3576 titulo
3486 3520 3814 3576 dehonestes.

2214 3619 2306 3677 Sic
2331 3621 2467 3674 enim
2520 3618 2874 3674 attitulaudus
2942 3626 3015 3671 est
3069 3617 3198 3671 liber
3228 3630 3248 3670 :
3278 3612 3494 3668 Iuvenci
3525 3612 3817 3684 presbyteri

2214 3710 2447 3784 Hispani
2469 3723 2635 3783 poette
2662 3710 2980 3766 celeberrimi
3001 3707 3066 3761 de
3090 3704 3407 3778 Evangelica
3433 3703 3658 3759 historia
3688 3704 3818 3759 liber

2216 3806 2438 3874 primus.
2466 3805 2527 3860 Si
2555 3805 2680 3875 quid
2707 3803 2854 3858 aliud
2881 3802 2959 3857 vel
2981 3810 3305 3873 temporum,
3336 3798 3415 3853 vel
3442 3799 3813 3870 impressorum

2214 3896 2418 3951 incuria
2444 3896 2776 3968 depravatum
2808 3895 2981 3966 fuerit,
3032 3893 3086 3947 id
3116 3891 3342 3961 publica,
3397 3889 3815 3961 quotidianaque

2216 3991 2434 4046 lectione
2487 3990 3010 4060 nonsincastigatum
3066 3985 3477 4058 praetermittam.
3536 3979 3617 4036 Tu
3645 3990 3819 4035 autem

2217 4102 2334 4140 cum
2364 4101 2428 4139 ea:
2458 4083 2771 4138 Christianis
2828 4080 3126 4153 parentibus
3176 4077 3508 4133 Christianus
3546 4084 3700 4131 natus
3727 4075 3819 4139 sis,

2216 4176 2508 4232 Iuvencum
2553 4183 2599 4227 et
2650 4172 3008 4227 Christianum
3055 4156 3288 4240 poetam,
3338 4178 3385 4223 et
3415 4168 3478 4221 de
3522 4166 3822 4223 Christiana

2216 4269 2323 4341 [ide
2350 4268 2687 4321 disserentem
2713 4272 2972 4318 nocturna
2999 4271 3201 4316 versato
3233 4277 3413 4329 manu,
3455 4269 3654 4314 versato
3677 4258 3825 4313 diur-

2218 4378 2307 4423 na,
2332 4376 2395 4413 ne
2432 4372 2633 4424 semper
2676 4354 2896 4428 gentiles
2940 4365 3051 4408 tum
3100 4364 3302 4423 poetas,
3352 4362 3461 4408 tum
3492 4361 3723 4406 oratores
3741 4350 3819 4404 vel

2220 4453 2405 4522 legere,
2440 4449 2515 4503 vel
2534 4448 2721 4503 audire
2746 4446 2995 4501 videaris.
3030 4444 3185 4500 Nihil
3239 4448 3469 4516 profecto
3527 4442 3814 4512 pulchrius,

2218 4541 2580 4609 venustiusque
2623 4547 2718 4605 est,
2749 4555 2908 4610 quam
2935 4537 3114 4593 divina
3171 4537 3419 4608 mysteria
3448 4535 3669 4605 eleganti
3705 4549 3822 4588 car-

518 4636 780 4708 perl‘ecto,
817 4648 871 4693 et
900 4636 1201 4708 depravata
1222 4634 1476 4702 ediderit,
1500 4633 1631 4706 quid
1661 4649 1728 4689 ex
1752 4630 1970 4703 ingenio
1991 4644 2108 4692 suo,

2222 4639 2359 4693 mine
2400 4634 2669 4690 illustrata
2720 4650 2823 4689 non
2875 4634 3138 4707 ignorare.
3188 4630 3447 4686 Craterum
3505 4645 3611 4683 non
3656 4628 3824 4683 solunt

514 4737 571 4785 et
627 4744 768 4801 penu
826 4730 1107 4801 adiecerit.
1176 4729 1325 4785 Hanc
1388 4728 1683 4785 editionem
1749 4723 2117 4780 Parisiensem

515 4840 660 4881 anno
687 4824 848 4891 M99,
873 4827 925 4881 in
948 4825 1070 4894 ful.,
1096 4841 1217 4881 cum
1233 4824 1478 4891 Sedulio,
1497 4822 1688 4879 etaliis
1712 4821 1813 4892 piis
1833 4816 2113 4888 operibus,

518 4933 649 4974 cura
675 4917 861 4974 Jacobi
893 4917 969 4973 Le
1001 4916 1175 4974 Févre
1198 4917 1511 4973 Ceillierius
1540 4915 1701 4971 etiam
1726 4917 1998 4967 recenset.
2034 4909 2123 4963 Di-

517 5013 712 5067 stiucta
728 5027 858 5081 ergo
882 5023 966 5066 est
989 5012 1102 5066 haec
1123 5011 1290 5067 editio
1312 5011 1382 5065 ab
1407 5009 1512 5064 alia
1538 5007 1778 5062 editione
1797 4999 2118 5065 Parisiensi,

517 5120 678 5174 quam
714 5120 860 5160 nunc
887 5119 1175 5173 espunam.
1204 5100 1508 5158 Renschius
1558 5109 1764 5163 monet,
1794 5094 1911 5150 Nic.
1950 5085 2147 5148 Ilein-'

514 5197 653 5252 simu
685 5195 823 5251 hanc
852 5196 1147 5252 editionem
1180 5194 1514 5267 possedisse,
1562 5192 1634 5245 uti
1666 5206 1731 5244 ex
1761 5186 2022 5255 Catalogu
2046 5186 2116 5241 il-

513 5291 621 5347 lius
651 5291 909 5347 librorum
946 5302 1178 5348 constat.
1214 5290 1322 5362 29
1352 5286 1598 5343 Meminit
1622 5283 1863 5353 ejusdem
1892 5280 2057 5335 Corn.
2083 5294 2113 5334 a

517 5386 791 5457 Bengbem
824 5387 876 5441 in
904 5386 1250 5441 lucunabulis
1278 5379 1678 5455 typographicis
1702 5394 1753 5445 p.
1782 5377 1871 5432 80.
1901 5374 2115 5429 Titulus

513 5492 598 5540 est
624 5500 634 5537 :
669 5479 739 5538 P.
769 5480 925 5537 Burri
963 5480 1182 5536 Pteanes
1208 5478 1436 5550 quinque
1464 5475 1710 5547 festorum
1736 5469 1808 5524 D.
1848 5468 2114 5539 Virginis;

513 5574 751 5642 Iuvenci,
790 5585 837 5631 et
855 5573 1064 5632 Sedulii
1097 5572 1377 5643 presbyteri
1402 5567 1655 5633 carmina,
1690 5564 1953 5630 Beroaldi,
1978 5563 2112 5633 alio:

512 5689 749 5743 rumque,
773 5683 821 5728 et
854 5670 1176 5740 Propertius.

583 5766 674 5822 54.
718 5768 896 5822 Tertia
926 5766 1095 5821 editio
1140 5776 1285 5817 anno
1324 5759 1463 5816 1500
1506 5757 1726 5814 circiter
1779 5774 1793 5811 :
1847 5753 2111 5809 Iuvencus

512 5859 1097 5931 presbyterimmensam
1128 5849 1437 5925 evangelicm
1481 5851 1605 5919 legis
1663 5850 1989 5920 utajsstatem
2020 5848 2111 5901 he.-

2224 4732 2351 4786 mihi
2378 4732 2499 4804 ipsi,
2530 4745 2708 4784 verum
2737 4730 2899 4785 etiam
2952 4728 3106 4799 fratri
3136 4726 3410 4796 Alphonso
3454 4724 3698 4790 Hispano
3730 4723 3828 4777 do-

2220 4825 2452 4879 ctissimo
2478 4822 2687 4893 quidem
2716 4821 2957 4892 theologo
3002 4820 3220 4894 agendae
3261 4830 3382 4873 sunt
3432 4834 3536 4873 non
3584 4817 3825 4889 vulgares

2219 4919 2421 4991 gratiae.
2461 4916 2540 4971 Ex
2561 4930 2620 4969 eo
2641 4917 2775 4968 enim
2789 4916 2900 4983 jam
2930 4914 3021 4968 diu
3059 4913 3335 4983 quasitum
3361 4930 3393 4967 a
3418 4929 3501 4967 me
3538 4910 3825 4966 Iuvencum

2220 5008 2414 5081 accepi,
2440 5015 2707 5077 acceptum
2738 5004 3022 5076 publicavi,
3045 5005 3367 5078 publicatum
3394 5021 3498 5058 non
3524 5004 3636 5059 sine
3657 5003 3826 5058 maxi-

2220 5119 2308 5157 ma
2335 5100 2604 5172 diligentia
2632 5101 3027 5171 interpretabor,
3050 5108 3106 5154 ut
3136 5116 3201 5154 ea:
3223 5100 3427 5170 ofﬁcina
3446 5114 3563 5154 utea
3589 5114 3696 5152 non
3718 5107 3827 5151 tam

2218 5197 2511 5259 «oculares,
2542 5210 2697 5264 quam
2727 5210 2891 5249 sacrte
2920 5194 3108 5249 litterae
3136 5194 3323 5248 exiisse
3348 5192 3643 5248 videantur.
3673 5189 3822 5247 Vale.

2292 5290 2380 5345 57.
2427 5288 2543 5342 Non
2559 5286 2692 5340 satis
2732 5285 3071 5357 intelligitur,
3106 5301 3216 5357 quo
3252 5293 3412 5355 pacto
3454 5284 3692 5340 Faustus
3734 5284 3827 5339 ditt

2221 5379 2964 5457 qumsieritIuvencutn,cnm
3002 5381 3237 5437 Iacobus
3256 5379 3433 5434 Faber
3462 5381 3675 5449 primus
3710 5394 3829 5436 om-

2220 5477 2368 5533 nium
2386 5490 2508 5531 eum
2536 5471 2771 5530 ediderit
2794 5474 3016 5529 Parisiis
3035 5489 3179 5528 anno
3204 5471 3368 5537 M99,
3401 5481 3462 5528 ut
3481 5472 3617 5527 nihil
3648 5474 3825 5529 dicam

2218 5570 2287 5626 de
2316 5567 2573 5629 editione,
2602 5582 2763 5636 quam
2787 5583 2939 5622 num.
2970 5568 3041 5622 52
3064 5566 3327 5638 Bayerius
3347 5566 3415 5621 ad
3436 5582 3643 5621 annum
3690 5568 3827 5625 M90

2220 5660 2512 5719 referebat.
2553 5657 2610 5712 In
2640 5659 2946 5729 exemplari
2973 5658 3137 5729 hujus
3157 5657 3441 5724 editionis,
3470 5659 3616 5729 quod
3647 5673 3828 5716 asser-

2220 5765 2377 5812 vatur
2413 5753 2466 5807 in
2504 5750 2834 5808 bibliotheca
2866 5752 3129 5823 Augelica
3165 5752 3350 5807 Roma:
3389 5752 3555 5807 simul
3603 5768 3827 5827 compa!

2223 5853 2323 5905 cla:
2349 5853 2477 5901 sunt
2505 5845 2689 5901 antiret
2723 5840 2892 5902 Persii
2934 5856 3058 5903 cum
3102 5839 3559 5913 interpretatione
3599 5840 3827 5905 Joannis
