4058 6322
509 375 578 437 3‘)
1506 357 1574 419 (Ξ.
1615 353 1918 418 VETTIUS
1957 344 2334 423 AQUILINUS
2371 340 2747 405 JUVENCUS.
3732 315 3801 373 10

506 497 663 554 theca
690 496 911 550 Patrum
941 484 1257 552 Parisiensi,
1284 479 1515 551 repetita
1546 477 1600 533 in
1630 476 1751 532 aliis
1776 471 2111 555 editionibus
2135 470 2196 531 Δ
2218 467 2418 523 labores
2448 464 2669 520 ineditos
2700 458 2756 516 id
2782 455 2911 511 mihi
2934 452 3079 529 juris
3107 459 3313 505 sumere
3333 440 3497 507 nolui,
3530 446 3589 494 ut
3608 432 3808 508 aliquid

503 588 854 647 bibliotheca:
880 585 1125 646 Patrum,
1158 587 1219 633 ut
1242 573 1470 632 Parisiis
1501 570 1662 633 1589,
1687 565 1931 624 Coloniae
1948 561 2110 629 1618,

509 680 735 739 Parisiis
763 677 923 745 1621,
953 671 1115 739 16M,
1147 679 1205 728 et
1230 668 1393 733 1651,
1419 663 1668 736 Lugduni
1697 661 1863 718 1677.
1908 659 1993 715 An
2020 672 2113 712 au-

507 785 618 833 tem
645 776 728 831 Ine
760 785 954 830 omnes
984 767 1253 825 editiones
1274 759 1628 819 Bibliothecae
1657 756 1875 812 Patrum
1923 763 2117 821 reapse

508 872 652 929 inter
688 885 748 926 se
786 866 1059 924 distincta:
1087 862 1200 917 sint
1226 904 1243 929 ,
1297 854 1541 914 dubitavi
1594 855 1647 909 in
1687 852 2001 921 Prolegom.
2047 845 2115 902 ad

510 964 864 1024 Dracontium
894 976 1045 1016 num.
1074 957 1164 1023 60,
1214 969 1390 1025 neque
1420 950 1601 1007 adhuc
1630 962 1820 1005 verum
1872 941 2120 1000 invenire

512 1058 685 1132 potui.
720 1052 1058 1112 Bibliotheca
1080 1048 1301 1103 Patrum
1322 1043 1465 1100 edita
1487 1055 1631 1095 anno
1658 1037 1800 1094 1589
1847 1035 1902 1090 in
1936 1031 2121 1088 Indice

513 1148 901 1222 eXpurgatorio
929 1136 1384 1199 Brasichellensis
1412 1132 1711 1198 recensita,
1740 1138 1798 1185 et
1822 1133 2122 1198 expurgatu

515 1219 622 1314 est,
669 1219 766 1301 sed
798 1240 1021 1300 intactis
1047 1234 1274 1294 iuvenci
1306 1229 1678 1289 carminibus.
1729 1225 1878 1280 Inter
1917 1219 2125 1276 Biblio-

519 1339 710 1396 thecas
739 1336 963 1391 Patrum
1011 1329 1200 1403 reponi
1246 1333 1427 1397 potest
1473 1336 1640 1392 opus,
1688 1316 1838 1390 quod
1885 1314 2126 1370 Thomas

520 1432 733 1502 lttigius
756 1433 1009 1484 recenset
1044 1423 1101 1478 in
1130 1421 1269 1477 libro
1300 1418 1379 1475 De
1410 1411 1785 1479 Bibliothecis,
1819 1416 1875 1465 et
1906 1404 2127 1463 Catenis

520 1500 770 1583 Patrum:
804 1521 1052 1577 Diuorum
1085 1516 1331 1580 Patrum,
1362 1522 1411 1568 et
1442 1510 1726 1565 Doctorum
1749 1503 2021 1568 Ecclesiae,
2040 1500 2129 1572 qui

521 1621 684 1694 ligata
701 1618 937 1674 oratione
955 1613 1300 1679 scripserunt,
1333 1603 1707 1677 paraphrases,
1750 1606 1800 1654 et
1829 1594 2129 1652 meditatio-

523 1687 614 1771 nes
652 1715 708 1769 in
740 1708 1028 1781 Evangelia
1068 1700 1409 1760 dominicalia
1450 1698 1678 1753 collecta:
1723 1710 1756 1747 a
1808 1690 1885 1746 Μ.
1924 1687 2131 1743 Joanne

523 1806 761 1869 Zebnero
792 1801 949 1859 1602.
984 1798 1195 1871 Lipsiae.
1246 1794 1368 1862 Quo
1412 1791 1466 1847 in
1508 1796 1804 1861 systemate
1831 1782 2131 1839 carminum

2218 579 2281 619 ex
2301 563 2363 616 iis
2380 560 2656 625 demerem,
2680 562 2772 610 aut
2796 528 3072 606 mutarent.
3098 541 3218 598 Hoc
3238 539 3375 595 enim
3399 536 3444 592 si
3470 532 3599 588 mihi
3623 528 3808 600 permi-

2215 654 2417 722 sissem,
2442 618 2940 719 mutata'parumper
2958 637 3093 713 {acie
3107 632 3371 690 Iuvencus
3394 625 3692 698 prodiisset.
3706 618 3813 694 ω

2222 745 2518 800 ()mt'sissem
2545 738 2799 814 quasdam
2832 736 3067 791 locorum
3091 721 3446 783 communium
3481 714 3811 772 deductiones

2219 840 2494 909 omniaque
2512 803 2594 901 ea,
2625 847 2741 905 qua
2762 826 2969 901 longius
2999 822 3160 897 petita
3188 814 3352 874 uideri
3382 815 3611 883 possent.
3629 803 3809 868 Addit,

2220 896 2518 989 Omeisium
2545 927 2602 983 in
2632 896 3005 994 expendendis
3040 912 3208 970 variis
3240 903 3573 966 lectionibus
3605 896 3817 971 parcioo

2220 1040 2337 1081 rem
2353 1022 2538 1089 fuisse,
2555 1028 2610 1074 et
2630 1024 2804 1073 morte
2820 1018 3157 1084 praeventum
3176 999 3451 1060 secundas
3473 1008 3637 1053 curas
3654 990 3814 1048 adhi-

2221 1117 2354 1174 bere
2382 1130 2491 1171 non
2522 1086 2785 1184 potuisse.
2814 1105 2937 1162 Non
2959 1111 3069 1159 tam
3099 1114 3159 1156 se
3180 1096 3533 1167 conjecturas
3561 1086 3820 1145 attulisse

2226 1211 2302 1267 ait
2332 1179 2665 1271 Reuschius,
2708 1216 2871 1275 quam
2905 1197 3093 1270 potius
3142 1191 3432 1254 lectiones,
3463 1184 3517 1239 itt
3544 1179 3821 1239 codicibus

2228 1310 2498 1374 repertas,
2522 1296 2721 1371 judicii
2747 1295 2900 1350 lance
2935 1286 3298 1361 pottdcrasse.
3330 1275 3705 1336 PauciSsimas
3726 1285 3818 1326 ve-

2229 1415 2292 1454 ro
2322 1395 2586 1453 lectiones
2610 1390 2793 1446 varias
2828 1387 2883 1442 in
2933 1381 3081 1439 notis
3118 1372 3398 1446 ascripsit,
3439 1369 3565 1441 quia
3607 1365 3821 1421 animus

2231 1492 2308 1548 illi
2334 1498 2476 1557 erat,
2505 1487 2746 1545 libellum
2767 1496 2955 1540 earum
2974 1477 3045 1534 ab
3069 1471 3313 1532 Omeisio
3341 1468 3658 1532 collectum,
3683 1461 3826 1518 notis

2232 1552 2541 1657 Suhjicere:
2588 1581 2707 1646 sed,
2741 1569 3161 1631 imminentibus
3190 1562 3476 1628 nundinis,
3504 1558 3658 1613 illum
3688 1552 3828 1627 typis

2233 1648 2503 1735 excudere
2527 1689 2631 1729 nou
2649 1670 2844 1743 potuit.
2872 1663 3158 1735 Cogitabat
3177 1660 3341 1716 etiam
3366 1653 3701 1727 peculiarem
3724 1648 3830 1704 Dis-

2237 1770 2591 1827 sertationem
2632 1764 2700 1820 de
2731 1768 3013 1833 poetarum
3037 1752 3477 1811 Christianorum
3509 1743 3830 1820 charactere

523 1843 761 1869 ιιῡυηιιυ
796 1843 949 1859 Ινν-.
984 1843 1195 1871 σι’-’,νηπ-
1255 1843 1362 1862 ι--
1413 1843 1465 1847 ,-,
1512 1843 1558 1861 id

523 1912 811 1958 Sacrorum
833 1894 1109 1951 Juvencus
1130 1886 1240 1961 39
1261 1888 1499 1942 insertus
1525 1890 1631 1944 est,
1653 1886 1746 1933 aut
1765 1875 1968 1945 aliquid
1990 1872 2127 1942 ejus.
2162 1848 2211 1910 Β
2237 1863 2401 1920 edere
2423 1901 2440 1928 ,
2500 1874 2605 1930 qua
2648 1853 3017 1928 praestantiam
3063 1844 3294 1904 Juveuci
3350 1843 3830 1919 commonstraret.

2318 1957 2379 1961 ἠ
2445 1952 2476 1961 Α
2576 1951 2588 1961 ’
2624 1951 2637 1961 ’
2738 1949 2749 1960 ’
2931 1944 2965 1961 ’.⁷
2986 1944 3088 1961 ⁸⁹⁴η
3108 1956 3128 1961 ⁸
3159 1952 3248 1961 “ul-
3283 1935 3449 1961 -A‘.n-I
3505 1928 3830 1961 ιιιηιηιδιιίιιιῃ

528 1991 738 2050 Eodem
773 1987 1033 2059 pertinet,
1087 1980 1230 2052 quod
1263 1978 1513 2034 Andreas
1539 1970 1777 2029 Wilkins
1823 1982 1966 2023 anno
1998 1965 2135 2021 1610

528 2083 704 2141 edidit
744 2073 1229 2149 Heortographiam
1270 2071 1323 2126 in
1350 2069 1431 2137 8°,
1475 2068 1529 2123 in
1560 2065 1713 2136 cujus
1758 2062 1943 2134 priore
1986 2067 2137 2130 parte

530 2177 733 2249 legitur
782 2173 1019 2245 hymnus
1060 2165 1287 2224 iuvenci
1329 2163 1406 2219 De
1452 2160 1886 2218 Annunciatione.
1938 2152 2140 2209 Confer

531 2244 684 2330 num.
720 2244 834 2327 16.7
863 2266 1075 2324 Prodiit
1120 2263 1287 2319 etiam
1323 2256 1592 2315 Dominici
1632 2254 1860 2310 Schram
1905 2244 2137 2304 Benedi-

533 2366 669 2423 ctini
717 2361 975 2435 Analysis
1022 2371 1255 2429 operum
1303 2352 1402 2410 SS.
1443 2349 1667 2407 Patrum
1708 2356 1764 2402 et
1799 2343 2138 2411 Scriptorum

537 2457 1039 2518 ecclesiasticorum
1088 2451 1145 2505 in
1195 2447 1274 2515 8°,
1323 2446 1581 2516 Augusta:
1604 2438 2013 2495 Vindelicorum
2041 2474 2056 2499 ,
2087 2441 2145 2488 et

540 2564 693 2610 tomo
720 2550 813 2618 IX,
848 2562 993 2604 anno
1025 2542 1201 2609 1786,
1254 2539 1491 2611 analysis
1542 2548 1767 2605 operum
1801 2527 2029 2587 Juvencl
2075 2540 2141 2580 ex

538 2645 808 2707 Gallandii
837 2641 1104 2700 editione.
1135 2636 1429 2694 Schramus
1451 2630 1700 2704 quaedam
1723 2624 2029 2683 reformare
2050 2634 2144 2674 vo-

538 2743 661 2810 luit,
689 2740 952 2811 pleraque
978 2734 1198 2788 vitiose.

731 2800 911 2888 Editi-o
940 2825 1202 2899 vigesima
1231 2832 1384 2878 sexta
1426 2831 1571 2873 anno
1604 2811 1775 2871 1588:
1807 2810 1867 2868 C.
1899 2800 2145 2873 Iuvenci,

543 2897 688 2984 Caelii
717 2921 945 2988 Sedulii,
1002 2897 1236 2973 Aratoris
1275 2928 1424 2968 sacra
1476 2907 1664 2982 poesis.
1721 2900 1981 2958 Lactantii
2027 2897 2150 2952 Fir-

547 3020 710 3078 miani
739 3031 948 3072 carmen
987 3012 1050 3066 de
1081 3007 1343 3080 beneﬁciis
1372 3004 1608 3059 Christi:
1638 2998 1813 3053 omnia
1846 2993 2112 3064 recognita
2135 3031 2150 3056 ,

554 3124 602 3172 et
628 3113 822 3170 collata
850 3124 968 3165 cum
1010 3104 1169 3160 variis
1204 3096 1536 3163 editionibus,
1568 3102 1616 3148 et
1662 3108 1789 3146 mss.
1839 3084 2124 3143 codicibus.

549 3208 815 3267 Accedunt
863 3201 1049 3257 Probae
1090 3192 1364 3251 Falconia:
1408 3189 1661 3245 Centones
1700 3186 1754 3239 in
1786 3182 2025 3254 quaedam
2062 3178 2150 3232 Iti-
2177 3229 2227 3298 c

1037 3292 1047 3298 .
1161 3287 1180 3298 .
1292 3287 1303 3298 .
1385 3284 1397 3295 .
1435 3281 1456 3298 .
1613 3274 1959 3298 ,A...,__‘_‘,___
1985 3272 2123 3298 um

549 3301 724 3358 storias
744 3310 905 3353 sacra:
934 3292 1122 3364 capita.
1152 3284 1397 3358 Lugduni
1421 3281 1651 3337 Joannes
1665 3274 1959 3332 Tornwsius
1984 3272 2146 3329 1588.

554 3399 614 3455 In
653 3395 740 3453 16.
774 3393 855 3447 Ex
896 3386 1156 3455 Catalogo
1196 3379 1541 3437 bibliothecae
1572 3374 1759 3444 Regia!
1794 3366 2149 3430 Parisiensis,

555 3497 615 3548 et
637 3503 707 3543 ex
739 3479 1041 3542 Ceillierio,
1088 3477 1217 3545 qui,
1277 3475 1493 3543 Opinor,
1536 3469 1676 3523 hanc
1708 3461 1979 3532 intelligit,
2029 3473 2152 3514 cum

553 3582 742 3641 laudat
784 3578 1080 3635 editionem
1111 3568 1534 3641 Lugdunensem
1570 3559 1697 3616 anni
1744 3556 1885 3615 1588
1912 3600 1926 3624 ,
1956 3554 2010 3608 in
2055 3550 2111 3607 8°
2137 3592 2153 3617 ,

556 3690 737 3748 neque
776 3674 1008 3728 fortasse
1048 3665 1267 3721 diversa
1308 3659 1480 3716 editio
1523 3671 1587 3713 ea
1640 3662 1763 3719 est,
1807 3665 1969 3721 quam
2011 3646 2159 3701 Beu-

561 3739 747 3826 schius
791 3765 959 3820 refert
983 3760 1222 3818 Genevaa
1248 3753 1412 3820 1588,
1450 3752 1504 3806 in
1541 3749 1643 3804 12:
1686 3743 1968 3815 eonjungit
2010 3739 2158 3797 enim

560 3865 704 3923 hanc
741 3876 868 3919 cum
902 3857 1025 3912 aliis
1055 3847 1455 3910 Tornzesianis.
1486 3845 1633 3902 Idem
1666 3841 1828 3897 aliam
1861 3835 2160 3895 editionem

560 3960 827 4016 Venetam
858 3956 913 4011 in
944 3952 1034 4019 12,
1064 3949 1184 4008 sine
1212 3959 1357 4003 anno
1393 3947 1681 4000 recenset:
1724 3950 1888 4009 quam
1930 3933 1985 3989 in
2018 3931 2163 3988 hunc

561 4065 780 4126 quoque
804 4048 984 4104 locum
1005 4041 1279 4113 c0njicere
1309 4037 1482 4092 visum
1505 4041 1610 4090 est.

633 4118 726 4204 83—.
769 4141 948 4199 Editio
977 4135 1236 4210 vigesima
1267 4130 1498 4203 septima
1527 4141 1670 4182 anno
1698 4122 1838 4181 1605
1858 4164 1874 4191 ,
1932 4120 1986 4177 in
2029 4118 2165 4175 Cor-

558 4258 698 4317 pore
726 4239 1048 4297 Latinorum
1087 4238 1372 4304 poetarum
1403 4220 1655 4295 Lugduni
1685 4219 1739 4275 iu
1765 4218 1845 4274 ιθ.
1891 4216 2011 4284 Quo
2042 4227 2166 4283 spe-

565 4305 714 4394 ctant
736 4332 856 4387 alia:
877 4327 1150 4386 editiones
1169 4320 1396 4380 Juvenci
1414 4318 1468 4374 in
1488 4315 1758 4386 Corpore,
1780 4319 1836 4367 et
1861 4309 2042 4364 Choro
2065 4305 2169 4361 La-

566 4427 805 4485 tinorum
845 4430 1129 4495 poetarum
1156 4459 1172 4483 ,
1225 4421 1287 4469 ut
1322 4413 1558 4469 Genevae
1613 4407 1750 4463 1611
1785 4405 1841 4460 in
1884 4401 1965 4468 4⁸,
2022 4400 2168 4471 Lug-

569 4520 699 4578 duni
734 4489 872 4572 ιθιό
918 4515 973 4570 in
997 4510 1303 4579 4,Geuev:e
1333 4504 1470 4560 1627
1501 4510 1556 4558 et
1587 4496 1730 4555 toto
1755 4497 1810 4552 in
1832 4495 1908 4559 ιο,
1937 4489 2171 4549 Londini

2311 1957 2402 2013 85.
2438 1951 2708 2010 Omeisius
2738 1949 2790 2003 in
2814 1944 3134 2018 praefatione
3157 1952 3253 1994 sua
3283 1935 3474 2000 refert,
3504 1928 3830 1988 avunculum

2238 2066 2395 2109 suum
2410 2050 2569 2106 Joan.
2593 2044 2923 2103 Saubertum
2953 2035 3244 2095 consilium
3261 2030 3330 2087 de
3360 2025 3576 2085 edendo
3593 2023 3834 2081 Juvenco

2243 2147 2414 2204 multo
2430 2154 2559 2199 ante
2576 2141 2790 2210 cepisse
2814 2152 2882 2193 ex
2913 2134 3113 2205 optima
3146 2126 3487 2190 membrana,
3519 2118 3838 2191 editionum.

2219 2240 2350 2314 Aque
2393 2237 2721 2301 collatione,
2751 2243 2807 2289 ut
2836 2230 3136 2288 declaravit
3176 2224 3230 2280 in
3253 2219 3420 2276 variis
3440 2217 3556 2273 suis
3589 2210 3836 2269 lectioni-

2243 2307 2345 2394 bus
2372 2336 2426 2392 in
2466 2331 2774 2390 Mattltaeum
2817 2342 2940 2399 pag.
2981 2322 3112 2390 259,
3136 2328 3194 2377 et
3230 2318 3331 2375 sub
3382 2313 3596 2370 initium
3643 2307 3839 2381 praefa-

2244 2431 2409 2488 tionis
2437 2429 2505 2484 ad
2548 2429 2811 2484 lectorem
2862 2421 3128 2492 paltestra:
3157 2430 3271 2470 sua:
3318 2404 3838 2479 theologico-pliilo-

2245 2525 2405 2597 soph.
2438 2522 2520 2579 Ex
2549 2520 2710 2592 hujus
2748 2511 3129 2587 suppellectile
3176 2505 3397 2563 libraria
3423 2500 3696 2559 Otneisius
3739 2493 3841 2551 sibi

2247 2615 2586 2688 comparavit
2624 2611 2922 2669 editionem
2964 2612 3234 2662 vetustam
3263 2595 3496 2657 Juvenci
3523 2594 3699 2650 forma
3728 2605 3841 2646 ma-

2246 2714 2368 2784 jore
2393 2719 2606 2771 octava,
2639 2705 2757 2760 sine
2781 2703 2901 2757 loco
2956 2709 3011 2756 et
3039 2711 3184 2753 anno
3230 2687 3629 2762 impressionis,
3679 2698 3841 2754 quam

2249 2776 2369 2876 ipse
2417 2797 2742 2871 conjiciebat
2782 2791 3025 2851 Coloniae
3067 2797 3197 2845 ante
3243 2786 3405 2842 linem
3443 2780 3630 2839 saeculi
3670 2776 3843 2850 quinti

2250 2875 2448 2955 decimi
2491 2901 2787 2964 peractam.
2817 2888 2992 2958 Hujus
3021 2882 3282 2943 editionis
3309 2876 3541 2951 margini
3574 2875 3709 2930 satis
3731 2887 3844 2931 am-

2255 2994 2344 3063 plo
2389 2988 2691 3044 Saubertus
2746 2985 3023 3039 variarum
3067 2977 3360 3034 lectionum
3415 2969 3845 3044 quamplurimas

2255 3062 2321 3140 ex
2353 3080 2556 3153 optima
2582 3078 2674 3133 illa
2721 3072 3042 3131 membrana
3094 3068 3312 3141 inelytte
3337 3064 3497 3122 Julia:
3546 3062 3844 3131 adjeccrat,

2255 3177 2452 3248 quibus
2483 3188 2591 3229 non
2631 3183 2832 3241 paucas
2861 3164 3141 3236 subjunxit
3162 3161 3301 3217 alias
3328 3175 3397 3214 ex
3415 3154 3726 3211 lladamarii
3756 3167 3850 3225 po-

2260 3269 2531 3324 tissimum
2574 3262 2836 3320 editione.
2886 3257 3193 3328 Koenigius,
3243 3259 3552 3326 praeceptor
3598 3245 3847 3311 Omcisii,

2254 3363 2504 3422 Altdorfii
2533 3360 2748 3433 publice
2778 3356 3080 3413 Juvencum
3110 3349 3451 3423 pra-legerat,
3469 3355 3523 3401 et
3544 3339 3849 3400 eruditasin

2256 3461 2432 3524 illum,
2484 3469 2686 3525 easque
2740 3447 3082 3523 potissimum
3133 3440 3521 3515 philologicas,
3556 3438 3853 3493 dictaverat

2256 3548 2776 3608 animadversiones,
2801 3557 2935 3613 quas
2981 3554 3104 3595 cum
3132 3533 3371 3591 Omeisio
3414 3526 3849 3586 communicavit.

2258 3642 2528 3702 Omeisius
2571 3653 2717 3695 anno
2756 3635 2898 3692 1705
2925 3634 2977 3689 in
3004 3623 3442 3703 prielectionibus
3470 3620 3585 3676 suis
3628 3618 3857 3692 poeticis

2259 3741 2558 3798 iuvencum
2629 3728 2974 3801 interpretari
3023 3724 3231 3794 coepit,
3278 3730 3514 3787 cumque
3564 3713 3858 3770 tum'sele-

2261 3832 2521 3892 ctioribus
2568 3825 2813 3884 Ascensii
2860 3818 3127 3885 Fabricii,
3179 3823 3233 3871 et
3272 3810 3442 3868 Andr.
3490 3807 3714 3873 Wilkii,
3770 3805 3859 3879 qui

2266 3936 2405 4000 part.
2448 3941 2466 3979 ι
2515 3903 2963 3990 lleortograpltiae
2995 3926 3114 3982 pag.
3149 3908 3275 3972 197,
3326 3905 3526 3977 Lipsiae
3556 3902 3717 3968 1676,
3776 3900 3859 3957 hi-

2265 4024 2487 4081 storiam
2509 4018 2579 4075 de
2604 4009 3046 4073 Annunciatione
3074 4004 3134 4060 Β.
3174 4001 3359 4058 Mariae
3401 4016 3433 4055 a
3484 3998 3735 4055 Juveuco
3765 3997 3861 4051 de-

2267 4119 2526 4189 scriptam
2560 4115 2705 4170 notis
2733 4101 3077 4181 philologicis
3114 4094 3426 4162 exornavit,
3474 4102 3587 4149 tum
3630 4088 3863 4162 Kmnigii

2268 4210 2527 4285 integris,
2563 4210 2788 4279 suisque
2811 4201 2981 4256 multo
3011 4192 3408 4265 ecpiusioribus
3442 4188 3866 4245 animadversio-

2271 4306 2432 4363 nibus
2462 4303 2759 4358 illtiStrare.
2791 4288 3077 4351 Consuluit
3101 4287 3505 4355 etiam,praeter
3524 4280 3682 4345 alios,
3705 4279 3867 4335 Joan-

2271 4400 2358 4460 nis
2385 4398 2573 4458 Pricaei
2596 4385 3046 4451 commentarium
3075 4381 3130 4437 iu
3152 4379 3335 4436 varios
3351 4377 3417 4434 Ν.
3439 4376 3504 4433 Τ.
3529 4376 3699 4432 libros
3722 4373 3866 4429 Lon-

2273 4496 2388 4554 din't
2413 4490 2571 4553 1660.

568 4613 711 4670 17l'5
735 4612 789 4666 in
822 4564 1187 4671 fma-Pisauri
1222 4597 1361 4655 1766
1386 4597 1440 4652 in
1472 4595 1552 4663 1°,
1593 4590 1799 4648 tom.V.
1861 4587 2172 4644 Ceillierius
2198 4617 2255 4682 Β
2350 4591 2441 4648 86,
2483 4591 2559 4645 De
2588 4587 2870 4645 codicibus
2893 4597 3028 4639 mss,
3057 4625 3072 4651 ,
3114 4590 3369 4650 quorum,
3418 4579 3621 4645 ρι-ωιει-
3650 4564 3868 4622 Helms.

569 4712 822 4764 recenset
841 4702 1139 4758 editionem
1163 4690 1388 4751 iuvenci
1417 4688 1835 4758 Lugdunensem
1863 4683 1989 4737 anni
2015 4679 2171 4745 1616,

574 4800 630 4858 in
663 4799 745 4868 4³,
778 4796 874 4854 sed
909 4810 1014 4851 non
1041 4800 1192 4862 puto,
1235 4786 1505 4840 diversam
1536 4795 1655 4837 eam
1691 4793 1814 4835 esse
1844 4777 1912 4832 ab
1939 4774 2180 4832 editione

574 4892 741 4951 Chori
776 4898 1061 4961 poetarum
1115 4880 1440 4939 Latinorum
1481 4891 1548 4932 eo
1593 4888 1737 4928 anno
1765 4873 1835 4925 ab
1867 4868 2180 4926 Alexandro

578 4984 854 5052 Fichetto,
886 4997 988 5037 suo
1018 4986 1318 5048 suppresso
1347 4970 1597 5035 nomine,
1630 4973 1938 5039 procurata.

652 5075 743 5133 84.
789 5072 972 5129 Editio
1003 5063 1472 5136 duodetrigesima
1518 5076 1661 5116 anno
1686 5058 1826 5114 1710
1865 5077 1878 5113 :
1931 5056 1991 5113 C.
2043 5053 2180 5109 Vetti

581 5168 817 5244 Aquilini
842 5164 1059 5221 Iuvenci
1077 5205 1092 5230 ,
1120 5159 1343 5234 Hispani
1364 5155 1670 5232 presbyteri,
1690 5151 1937 5208 Historia:
1965 5162 2179 5222 evange-

579 5238 696 5320 licae
723 5261 840 5317 libri
873 5275 947 5323 tv,
982 5273 1102 5314 cum
1126 5255 1264 5311 notis
1294 5252 1507 5323 integris
1536 5248 1748 5321 Georgii
1791 5244 2028 5301 Matthia:
2058 5238 2184 5296 Καεέ

581 5358 731 5433 nigii,
779 5354 962 5429 Magni
997 5349 1236 5406 Danielis
1265 5345 1502 5412 Omeisii,
1551 5354 1596 5400 et
1628 5340 1916 5398 Christiani
1958 5335 2181 5392 Schmtt-

583 5427 760 5526 genii;
784 5427 1009 5520 itemque
1029 5443 1219 5501 Jodoci
1250 5439 1408 5495 Budii
1438 5438 1695 5505 Ascensii,
1739 5432 1951 5504 Georgii
1985 5427 2180 5483 Fabri-

583 5545 671 5613 cii,
695 5542 1020 5610 aliorumque
1050 5532 1427 5593 selectioribus.
1465 5529 1744 5586 Erhardus
1774 5522 1978 5581 Reusch
2008 5536 2180 5576 recen-

584 5637 709 5707 suit,
743 5645 793 5692 et
813 5635 1120 5691 memoriam
1167 5628 1524 5685 Omeisianam
1547 5639 1663 5677 cum
1692 5616 1894 5674 duobus
1923 5613 2181 5669 indicibus

582 5705 794 5806 adiecit.
820 5729 1037 5786 Prostat
1063 5720 1436 5795 Francoj‘urti,
1465 5727 1513 5773 et
1542 5713 1738 5787 Lipsiae
1764 5709 1906 5781 apud
1930 5705 2185 5777 Wolgan-

586 5797 711 5902 gum
775 5822 1099 5882 Hichaelles.
1150 5816 1367 5887 bibliop.
1426 5810 1634 5867 Norim.
1688 5815 1952 5861 etntoccx.
1998 5800 2055 5856 In
2103 5797 2184 5855 8°.

585 5894 886 5984 heuschius
927 5918 979 5975 in
1025 5908 1347 5989 praefatione
1395 5904 1510 5961 ait:
1556 5899 1627 5955 1n
1672 5904 1932 5952 tantorum
1960 5894 2190 5950 virorum

2281 4685 2608 4749 tadiensem,
2633 4697 2741 4751 quo
2770 4679 2983 4734 scilicet
2998 4674 3298 4741 Saubertus
3322 4682 3452 4723 usus
3474 4666 3672 4731 fuerat,
3704 4662 3757 4715 in
3785 4674 3874 4714 va-

2280 4780 2381 4836 riis
2410 4775 2747 4845 lectionihus
2784 4771 2892 4844 41
2932 4766 3160 4825 Umeisii
3197 4765 3256 4819 [it
3282 4759 3516 4824 mentio,
3570 4761 3618 4812 is
3647 4765 3830 4811 narrat
3859 4797 3873 4821 ,

2281 4889 2342 4933 se
2387 4868 2699 4937 exemplum
2744 4863 2970 4920 Juvenci
3004 4857 3286 4927 accepisse
3316 4870 3348 4910 a
3382 4855 3517 4909 Dan.
3562 4849 3690 4908 Gul.
3740 4847 3875 4904 Mol-

2282 4966 2423 5023 lero.
2456 4961 2599 5031 quod
2630 4953 2953 5012 Trenchinii
2984 4953 3038 5008 in
3056 4950 3194 5007 urbe
3224 4945 3517 5018 Hungariae
3545 4958 3613 4998 ex
3653 4942 3878 5011 antiquo

2286 5068 2591 5129 papyraceo
2624 5065 2728 5105 ms.
2776 5047 2989 5110 codice,
3026 5051 3280 5102 exstante
3324 5043 3380 5096 in
3417 5035 3750 5094 bibliotheca
3791 5033 3878 5091 Jo.

2284 5145 2518 5215 Hadikii,
2564 5144 2796 5213 ipsemet
2834 5140 3090 5195 Mullerus
3130 5151 3291 5193 manu
3332 5147 3428 5188 sua
3490 5145 3628 5202 pure
3674 5127 3882 5185 descri-

2284 5248 2492 5316 pserat.
2523 5238 2801 5292 Praeterea
2828 5232 3176 5292 Godofredus
3205 5225 3558 5291 Thoniasius,
3590 5239 3657 5280 ex
3689 5222 3883 5279 biblio-

2288 5314 2442 5392 theca
2474 5328 3048 5400 Schleusiugensium,
3076 5324 3295 5391 Corpus
3326 5330 3610 5391 poetarum
3632 5314 3882 5372 christia-

2286 5440 2481 5484 norum
2510 5421 2755 5478 Omeisio
2777 5424 3191 5492 procuraverat.
3211 5413 3369 5484 cujus
3390 5427 3502 5466 orae
3523 5409 3717 5466 Joach.
3747 5407 3887 5464 Zeh-

2290 5532 2456 5576 nerus
2483 5531 2553 5571 ex
2579 5511 2769 5569 codice
2800 5510 3083 5577 Fuldensi,
3109 5519 3165 5563 et
3193 5520 3302 5561 una
3323 5503 3611 5574 alteraque
3647 5502 3889 5558 editione

2289 5608 2563 5668 variantes
2596 5606 2864 5660 lectiones
2901 5602 3253 5672 ascripserat.
3277 5596 3365 5654 «ιο.
3404 5596 3668 5651 Albertus
3696 5593 3890 5651 Fabri-

2293 5709 2412 5765 cius
2440 5700 2790 5759 collationem
2838 5713 2963 5754 cum
3010 5696 3227 5753 duobus
3266 5691 3550 5749 codicibus
3601 5689 3891 5746 Cantabri-

2294 5796 2577 5875 giensibus
2625 5792 2693 5848 ab
2744 5791 2906 5849 Erice
2961 5789 3221 5847 Benzelio
3272 5793 3533 5842 accurate
3586 5782 3892 5840 institutam

2297 5888 2698 5953 transmiserat.
2737 5883 3021 5943 Fabricius
3051 5886 3182 5957 ipse,
3214 5883 3270 5940 in
3316 5876 3576 5937 Biblioth.
3610 5888 3722 5935 vet.
3769 5876 3889 5934 Lat.
