4058 6322
211 245 269 302 tt
1568 247 2113 312 mammarum.
2732 230 2737 232 ⁷
2786 323 2807 335 ο
3436 257 3512 322 ts

210 357 357 430 paulo
375 356 538 413 aliter
569 357 632 415 id
658 369 869 416 narrat.
894 359 958 416 In
973 360 1157 418 animo
1186 361 1453 420 habuerat
1476 380 1669 422 novam
1698 369 1794 424 .lu—
1819 372 1872 431 Α
1899 369 2138 425 siasticis
2178 377 2236 426 et
2277 371 2607 442 apocryphis
2629 415 2645 439 ,
2702 373 2845 444 quod
2887 374 2989 432 sub
3037 375 3350 435 Hormisdae
3402 396 3506 437 tto-

210 451 348 506 venci
375 450 719 519 editionem,
752 453 817 507 ad
842 468 974 510 mss.
996 455 1244 519 codices,
1269 466 1321 512 et
1352 458 1419 512 ad
1452 468 1666 515 veteres
1682 461 1795 516 edi-

212 542 367 598 tiones
397 545 761 615 castigatam,
792 546 1047 602 ειιιάιοείδ
1078 547 1296 603 oll'erre.
1333 549 1528 606 Postea
1558 552 1798 608 Omeisio

208 635 512 690 saltationes
533 637 761 694 codicis
790 639 1265 708 lleltnstadiensis,
1296 659 1431 712 quas
1454 659 1484 698 a
1518 661 1631 701 rev.
1666 645 1790 702 abb.

206 723 393 781 Joanne
412 725 684 784 Fabricio
695 742 997 800 acceperat,
1013 746 1068 788 et
1081 735 1286 791 codicis
1301 737 1791 810 Cantabrigiensis,

206 834 326 891 quas
352 821 416 875 ab
442 821 619 879 Erico
652 824 911 883 Benzelio
940 828 1228 896 habuerat,
1269 830 1539 887 exhibuit.
1575 833 1793 903 Epistov

206 912 299 970 lam
339 913 565 971 Omeisii
603 917 679 972 ad
707 920 838 975 ahb.
876 920 1143 978 Joannem
1186 922 1524 992 Fabricium,
1575 942 1681 997 qua
1725 928 1797 985 de

206 1008 305 1063 suis
325 1013 751 1069 commentariis
797 1016 865 1070 ad
921 1016 1222 1075 Iuvencum
1277 1020 1539 1090 loquitur,
1587 1022 1793 1079 editam

203 1098 368 1168 fuisse,
382 1101 689 1161 Fabricius
708 1120 1120 1167 commemorat.
1144 1112 1417 1169 Omeisius
1437 1114 1680 1170 moriens
1698 1130 1797 1172 cu-

203 1207 304 1249 ram
324 1194 512 1251 edendi
532 1197 777 1253 Iuvenci
803 1200 1076 1258 Reuschio
1102 1206 1401 1269 commisit,
1420 1207 1513 1274 qui
1536 1205 1796 1263 Schoett-

203 1289 326 1357 genii
355 1299 537 1357 notas,
606 1292 682 1346 ab
712 1292 953 1351 Omeisio
999 1313 1107 1351 non
1154 1299 1319 1361 visas,
1371 1300 1593 1369 adjecit,
1635 1309 1796 1372 atque

202 1380 412 1450 elogium
471 1383 665 1451 ipsius
685 1386 914 1441 Omnisii
967 1391 1245 1445 attexuit:
1287 1406 1354 1446 ex
1381 1408 1492 1462 quo
1522 1401 1795 1450 annotare

203 1488 293 1529 non
324 1476 524 1544 pigeat,
557 1478 873 1535 Omeisium
908 1482 961 1536 in
1003 1484 1107 1538 tori
1154 1488 1600 1543 communionem
1655 1489 1796 1544 asci-

201 1568 327 1625 visse
352 1571 590 1626 Mariam
629 1574 965 1630 Dorotheam
1000 1577 1269 1644 ltostiam,
1301 1580 1354 1635 in
1407 1581 1616 1637 celebri
1669 1581 1795 1637 Hiss

202 1665 355 1734 panis:
380 1668 649 1735 emporio
693 1668 757 1725 S.
799 1669 970 1725 Lucar
1003 1672 1170 1730 hodie
1196 1677 1495 1745 appellato,
1527 1693 1558 1731 a
1590 1679 1697 1750 piis
1734 1688 1794 1735 et

1876 463 2045 539 mine
2089 480 2155 518 ex
2212 464 2446 534 quodam
2496 466 2687 522 codice
2723 482 2753 521 a
2795 468 3094 526 Francisco
3144 471 3339 529 .lnreto
3386 475 3505 531 edi-

1899 567 2009 611 tum
2035 565 2142 625 est,
2195 556 2277 612 sic
2305 556 2376 613 de
2397 556 2682 614 Iuvenca:
2747 558 2879 615 Item
2921 561 3138 618 Iuvenci
3164 565 3505 623 nihilominus

1900 648 2217 705 laboriosum
2253 668 2379 725 opus
2427 670 2531 707 non
2558 654 2852 725 spernimus
2879 698 2892 721 ,
2938 659 3031 712 sed
3055 660 3329 715 mirantur.
3378 660 3505 719 Col-

1897 740 2063 797 latum
2117 752 2203 799 est
2250 745 2355 800 hoc
2409 745 2691 802 decretum
2746 763 2869 803 cum
2925 750 3114 807 codice
3162 751 3424 809 Vaticano
3473 772 3504 810 a
3568 768 3573 773 '

1897 834 2205 892 Fontanino
2243 837 2296 892 in
2326 836 2575 909 Append.
2608 839 2676 894 ad
2717 840 2987 913 Antiquit.
3025 842 3229 913 Hortus,
3263 852 3322 901 et
3355 855 3506 915 post-

1895 940 1959 982 ea
2013 929 2331 985 accuratius
2384 943 2415 983 a
2471 929 2714 1001 Iosepho
2768 931 3095 989 Blanchinio
3147 935 3199 991 in
3262 937 3503 1005 quodam

1893 1021 2195 1091 exemplari
2272 1021 2566 1077 Fontanini
2624 1038 2794 1092 penes
2861 1025 2936 1079 cl.
2990 1024 3291 1083 Prazsulem
3355 1028 3503 1101 Reg-

1892 1112 2065 1183 gium,
2098 1113 2191 1167 cui
2237 1128 2402 1169 manu
2448 1114 2629 1170 varias
2680 1108 2976 1171 lectiones
3005 1117 3308 1188 adjecerat,
3361 1135 3502 1192 quas

1896 1205 2319 1261 etiaminscroit
2354 1206 2407 1261 in
2435 1206 2655 1279 Proleg.
2681 1216 2819 1265 tom.
2865 1208 2934 1265 lV
2987 1209 3306 1268 Anastasii:
3362 1212 3504 1270 nihil

1897 1306 2075 1351 tamen
2110 1298 2165 1352 in
2196 1297 2281 1352 his
2302 1298 2487 1354 verbis
2520 1309 2694 1366 notat,
2725 1300 2827 1356 nisi
2861 1300 3181 1357 lavoriosum
3213 1318 3315 1374 pro
3354 1302 3504 1358 labo-

1896 1390 2091 1444 riosum
2120 1406 2191 1444 ex
2219 1389 2410 1445 codice
2457 1390 2804 1448 Florentino.
2859 1392 2917 1448 In
2971 1394 3199 1449 decreto
3252 1394 3503 1452 Gratiani

1894 1481 2001 1556 43
2035 1499 2156 1554 cap.
2191 1482 2391 1539 Sancta
2422 1485 2659 1538 Romana
2686 1483 2947 1554 Ecclesia,
2970 1487 3214 1542 distinct.
3253 1487 3345 1559 15,
3372 1488 3502 1543 olim

1896 1577 1966 1632 ita
2013 1579 2328 1648 legebantur
2381 1574 2498 1635 hcce
2546 1579 2769 1635 verba:
2825 1577 2960 1633 Item
3025 1578 3285 1635 Vincentii
3345 1578 3500 1635 labo-

1896 1671 2093 1725 riosum
2118 1687 2249 1740 opus
2281 1687 2388 1724 non
2439 1672 2756 1743 spernimus,
2803 1672 2894 1725 sed
2924 1673 3216 1728 imitamur.
3266 1671 3504 1741 Padilla,

199 1756 429 1816 honestis
462 1764 805 1832 parentibus
826 1766 1054 1831 editam,
1111 1782 1162 1826 et
1185 1770 1426 1828 Conradi
1469 1772 1786 1832 Pilnhuberi
1820 1760 1869 1821 Β
1898 1766 1950 1819 in
1984 1763 2184 1820 "isto-‘-
2217 1765 2418 1820 eccles-
2469 1763 2648 1834 Nisa.
2677 1773 2825 1819 cent-
2858 1762 2917 1829 4.
2960 1780 3083 1836 οςψ·
3110 1763 3217 1827 45.
3262 1766 3512 1826 cvrrexit

199 1851 424 1922 viduam,
461 1857 778 1913 virtutibus
800 1875 863 1914 ac
896 1859 1071 1916 forma
1096 1866 1400 1936 egregiam.

255 1947 337 2003 87.
378 1949 577 2005 Eulitio
596 1951 1031 2024 undetrigesima
1064 1958 1116 2011 in
1136 1957 1479 2016 Bibliotheca
1540 1962 1788 2032 Patrum,

196 2039 457 2099 Gallandii
492 2061 636 2101 cura
663 2057 720 2101 et
748 2048 957 2115 studio,
992 2049 1223 2105 Venitiis
1246 2054 1315 2107 ab
1347 2069 1497 2108 anno
1545 2056 1686 2113 1765
1737 2064 1793 2111 et

195 2149 362 2207 seqq.,
402 2150 564 2195 tomo
606 2139 676 2195 IV
710 2140 764 2195 in
798 2141 1240 2213 Prolegomenis,
1283 2161 1408 2217 cap.
1443 2148 1534 2213 t5,
1569 2149 1681 2220 agit
1722 2149 1791 2203 de

192 2227 440 2289 Juvenco.
478 2233 712 2289 Profert
731 2250 952 2291 carmen
983 2237 1039 2291 in
1069 2238 1331 2303 Genesin,
1370 2253 1644 2311 tamquam
1670 2257 1790 2298 cer-

192 2324 546 2381 tutnIuvenci
567 2341 712 2397 opus
733 2370 749 2391 ,
774 2344 840 2384 ex
860 2329 1130 2386 Marteuio
1151 2347 1276 2386 cum
1301 2333 1462 2402 hujus
1487 2336 1653 2390 nmis.
1678 2334 1792 2391 Ad-

190 2416 258 2472 dit
275 2417 325 2474 itt
341 2421 710 2479 ﬁneInvenci
726 2425 1064 2496 epigramma
1079 2427 1148 2481 de
1166 2435 1403 2497 quatuor
1418 2428 1790 2501 Evangelistis

190 2527 244 2568 es
279 2514 485 2586 Georg.
520 2516 812 2586 Fabricio,
845 2530 898 2575 et
951 2521 1198 2577 Barthio.
1253 2524 1507 2579 Historiae
1550 2540 1789 2598 evange-

190 2606 291 2666 lica.-
318 2606 560 2669 Juvenci
590 2613 791 2670 breves
836 2626 994 2671 notas
1018 2617 1320 2689 subjungit.
1357 2618 1476 2674 Etsi
1507 2635 1639 2691 ergo
1663 2622 1786 2677 alia:

188 2702 453 2763 editiones
481 2706 722 2763 Iuvenci
757 2709 813 2763 in
848 2709 1204 2767 Bibliothecis
1243 2711 1466 2767 Patrum
1507 2713 1673 2768 simul
1730 2719 1785 2770 in

189 2809 341 2851 unum
372 2800 557 2854 locum
577 2815 777 2856 omnes
805 2816 834 2855 a
865 2800 1025 2858 nobis
1047 2803 1318 2873 conjecta:
1342 2804 1572 2871 fuerint,
1603 2815 1784 2862 tamen

189 2885 545 2947 Gallandiana
579 2892 781 2961 editio,
816 2897 1079 2963 peculiari
1136 2898 1318 2953 studio
1349 2909 1402 2955 et
1457 2914 1594 2955 cura
1625 2900 1790 2957 ador-

187 2993 319 3053 nata,
349 2986 682 3043 distinctum
709 2989 888 3045 locum
916 2990 1107 3046 debuit
1129 2991 1408 3048 obtinere.

718 3125 828 3201 42
866 3126 1093 3187 CAPUT
1134 3128 1224 3185 tv.

190 3236 372 3314 Elegia
396 3239 622 3299 Iuvenci
655 3259 724 3298 ea:
768 3244 1021 3299 veteribus
1060 3245 1423 3318 scriptoribus,
1467 3264 1529 3302 ac
1565 3250 1786 3303 nonnul-

666 3338 731 3391 lis
757 3338 1066 3401 recentibus.
1092 3342 1274 3411 petita.

254 3449 340 3506 88.
381 3450 629 3517 Laudes,
684 3451 885 3520 quibus
937 3452 995 3509 S.
1061 3453 1429 3525 llieronytnns
1477 3454 1782 3512 Iuvencum

188 3543 553 3612 prosequitur,
600 3544 784 3614 cap.i
842 3555 1289 3600 commemorata:
1337 3557 1483 3601 sunt.
1519 3547 1625 3605 Sed
1674 3565 1781 3603 non

186 3636 543 3691 omittendum
575 3636 682 3690 hoc
716 3637 858 3704 loco,
893 3637 1037 3707 quod
1074 3640 1149 3693 ait
1173 3649 1472 3696 comment.
1500 3641 1554 3694 in
1589 3641 1779 3697 Matth.

185 3729 303 3784 libr.
336 3746 375 3796 ι,
415 3747 540 3801 cap.
577 3747 644 3799 tt,
677 3730 766 3794 Η,
808 3739 945 3785 tom.
999 3731 1107 3797 VII,
1131 3733 1237 3787 col.
1288 3732 1387 3789 M:
1422 3732 1785 3792 Pulcherrime

186 3843 446 3885 munerum
502 3840 842 3884 sacramenta
870 3828 1131 3886 Iuvencus
1152 3832 1419 3905 presbyter
1461 3850 1565 3888 uno
1617 3835 1781 3889 uersi-

188 3920 297 3978 culo
318 3922 761 3991 comprehendit:

243 4035 619 4108 Ilium-aurum,
645 4038 887 4101 myrrham
908 4041 1147 4105 regique,
1170 4040 1474 4108 hominique,
1496 4041 1707 4108 Deoque

243 4098 375 4150 Dona
393 4102 582 4152 ferunt.

253 4205 338 4260 89.
368 4206 635 4277 Prosper,
681 4206 734 4262 in
767 4204 1067 4277 Chronico,
1100 4209 1168 4265 ad
1201 4226 1330 4266 ann.
1364 4211 1493 4279 551,
1525 4212 1782 4267 citatura

190 4301 478 4368 nonnullis,
516 4310 798 4370 tamquam
828 4301 1127 4358 lznidaverit
1160 4302 1483 4360 Iuvencum.
1513 4305 1571 4361 In
1602 4304 1782 4362 Chro-

192 4390 303 4445 nico
352 4392 612 4463 Proxperi
665 4392 797 4447 nihil
858 4393 1102 4450 invenio.
1155 4395 1420 4453 Fortasse
1469 4399 1785 4467 intelligunt

190 4484 649 4551 continuationem
682 4485 940 4543 Chronit'i
978 4489 1295 4560 Eusebiani,
1332 4502 1556 4547 auctore
1583 4491 1784 4547 Hiero—

189 4592 359 4650 nymo.
390 4581 553 4649 cujus
581 4581 749 4635 verba
799 4581 981 4642 attuli.
1016 4599 1165 4636 num.
1208 4583 1301 4640 εξ.
1347 4583 1565 4638 Falsum
1615 4586 1782 4640 etiam

188 4681 327 4741 puto,
359 4674 506 4743 quod
540 4672 768 4748 Vasrcus
799 4676 852 4728 in
882 4674 1150 4730 Chronico
1179 4676 1369 4741 tradit,
1414 4677 1723 4733 Iuvencum
1747 4692 1778 4733 a

184 4760 378 4819 Severo
404 4764 657 4829 Sulpicio
689 4766 1026 4821 celebratum
1061 4766 1252 4824 fuisse.
1279 4768 1364 4824 Ab
1413 4772 1645 4825 Anttore
1685 4769 1781 4826 Iu-

185 4866 404 4910 vencum
433 4870 487 4912 et
521 4857 1081 4914 Seduliumlaudatos
1107 4858 1303 4926 fuisse,
1338 4862 1585 4918 nonnulli
1618 4862 1776 4918 colli-

183 4955 312 5015 gunt
337 4964 408 5004 ex
441 4948 573 5003 Aldi
604 4950 897 5019 relatione,
942 4953 1035 5020 qui
1069 4952 1122 5006 in
1167 4952 1285 5008 Vita
1336 4954 1589 5011 Aratoris
1638 4970 1782 5025 pra:-

185 5038 341 5094 tnissa
394 5040 722 5095 Collectioni
779 5052 1061 5111 poetarum
1092 5044 1518 5102 christianorum
1549 5052 1629 5104 sic
1662 5048 1733 5103 ait
1771 5064 1784 5103 :

187 5125 478 5187 Contulisse
507 5144 685 5185 autem
705 5150 758 5187 se
786 5134 857 5188 ad
883 5136 1180 5190 scribendos
1217 5139 1376 5192 Actus
1417 5138 1789 5209 Apostolorum

187 5221 373 5279 idcirco
401 5225 640 5280 uersibus
690 5228 878 5281 Arator
917 5229 1129 5297 dicitur,
1151 5231 1291 5301 quod
1315 5233 1499 5302 fecisse
1546 5234 1687 5288 idem
1733 5235 1790 5288 in

188 5313 465 5388 Evangelia
486 5317 782 5374 Iuvencum
808 5338 871 5376 ac
916 5321 1194 5377 Scdulium
1224 5326 1458 5380 uidisset.
1490 5325 1559 5379 Id
1587 5343 1705 5381 vero
1732 5328 1788 5381 in

186 5420 243 5459 eo
275 5409 492 5466 Aratore
522 5411 644 5465 licet
671 5412 844 5467 videre
867 5456 881 5479 ,
921 5417 1010 5482 qui
1040 5414 1272 5470 Venetiis
1302 5428 1348 5471 et
1378 5419 1434 5471 in
1468 5416 1535 5470 ο.
1582 5417 1793 5491 Georgii

191 5513 529 5570 coquomento
556 5502 783 5572 Majoris
826 5520 871 5560 et
916 5505 1162 5581 Deipnrce
1202 5526 1409 5581 semper
1452 5510 1684 5583 Virginis
1735 5512 1790 5565 in

188 5589 370 5651 Hortis
393 5596 711 5651 bibliotheca
742 5600 986 5674 alligatus
1014 5613 1109 5657 est.

262 5687 353 5745 90.
394 5689 659 5747 Gelasius
696 5691 862 5763 Papa,
921 5697 973 5750 in
1027 5696 1238 5752 celebri
1286 5697 1512 5754 decreto
1540 5698 1687 5770 quod
1742 5698 1795 5753 in

192 5784 422 5840 concilio
473 5784 735 5841 Romano
784 5787 956 5844 edidit
978 5791 1046 5846 de
1077 5791 1231 5848 libris
1259 5792 1566 5861 canonicis,
1614 5793 1788 5851 eccle-

562 5879 840 5941 Pn‘noc.
889 5882 1069 5944 XIX.

1814 3151 1862 3217 C

1894 1857 2111 1913 Iuvenci
2159 1874 2257 1929 pro
2298 1856 2580 1925 Vincentii,
2612 1871 2666 1913 et
2701 1861 2962 1924 advertit,
3016 1859 3159 1915 male
3210 1863 3510 1921 nonnullos

1896 1953 1949 2007 id
1974 1952 2308 2023 explicuisse
2339 1953 2408 2009 de
2438 1953 2682 2022 Speculo
2725 1953 2933 2010 H'stor.
2988 1954 3264 2010 Vincentii
3317 1956 3510 2016 Bello-

1894 2048 2165 2117 vacensis,
2195 2047 2288 2119 qui
2317 2049 2521 2101 saeculo
2543 2063 2641 2102 xm
2670 2045 2878 2102 ﬂoruit.
2914 2046 3163 2117 Reliquit
3191 2061 3375 2106 autem
3401 2052 3505 2108 Pa-

1893 2136 2023 2194 dilla
2049 2139 2310 2193 intactum
2339 2140 2564 2193 verbum
2608 2140 2895 2193 imitamur.
2949 2139 3146 2195 Veram
3207 2141 3503 2200 lectionem

1891 2242 2187 2300 aperuerat
2208 2231 2321 2302 jam
2355 2231 2624 2287 Antonius
2657 2233 3019 2303 Augustinus,
3073 2242 3131 2289 et
3176 2247 3305 2292 ante
3356 2234 3504 2293 hunc

1891 2325 2277 2391 Covarruvias,
2298 2324 2424 2381 libr.
2449 2341 2500 2381 tv
2525 2325 2657 2381 Var.
2676 2324 2886 2391 Resol,
2910 2340 3033 2396 cap.
3061 2324 3150 2392 16,
3178 2341 3301 2397 qua?
3333 2330 3498 2383 etiam

1890 2426 2070 2473 exstat
2097 2419 2240 2488 apud
2273 2417 2649 2472 Burchardum
2673 2427 2729 2472 et
2762 2416 3015 2479 Nouem.
3052 2418 3103 2472 in
3157 2418 3352 2474 eodem
3402 2419 3502 2476 de-

1890 2518 2041 2569 creto
2090 2510 2318 2579 Gelasii,
2364 2519 2424 2566 et
2473 2511 2835 2578 Chillletium,
2884 2512 2953 2566 ad
3000 2511 3253 2583 \‘igilium
3305 2514 3501 2585 Taps.,

1890 2622 1947 2678 p.
1984 2604 2107 2662 N9.

1959 2700 2051 2757 9t.
2096 2698 2396 2755 Venantius
2425 2697 2782 2765 Fortunatus,
2839 2696 2937 2754 lib.
2969 2712 2986 2754 ι
3019 2697 3090 2754 de
3114 2697 3238 2756 Vita
3269 2699 3329 2756 S.
3356 2698 3472 2755 Mar

1891 2792 2009 2863 tini,
2073 2792 2233 2848 initio
2258 2808 2272 2846 :

2010 2948 2209 3001 Primus
2232 2948 2361 2997 enim
2385 2946 2528 2998 docili
2552 2946 2866 3011 distinguens
2881 2947 3058 3011 ordine
3077 2961 3281 3000 carmen

2010 3011 2280 3074 Majestatis
2297 3024 2422 3073 opus
2444 3011 2590 3062 metri
2611 3010 2741 3059 canit
2759 3021 2869 3060 arte
2886 3010 3161 3074 Iuvencus.

2008 3072 2138 3125 Hinc
2161 3072 2361 3137 quoque
2384 3074 2633 3136 conspicui
2654 3073 2862 3123 radiavit
2888 3072 3060 3137 lingua
3083 3072 3278 3126 Seduli.

1887 3243 2228 3301 Fortunatus
2255 3259 2365 3299 non
2390 3244 2568 3298 solum
2601 3242 2681 3298 ait
2729 3241 3033 3299 Iuvencum
3088 3244 3331 3314 primum
3374 3260 3496 3301 om-

1887 3337 2034 3392 nium
2060 3336 2435 3407 evangelicum
2469 3335 2811 3406 majestatem
2841 3337 2997 3392 metri
3024 3336 3239 3409 legibus
3268 3340 3495 3396 conclu'

1886 3429 2051 3500 sisse,
2102 3444 2294 3484 verum
2347 3427 2533 3484 innuit
2582 3430 2789 3496 etiam,
2843 3429 3128 3485 Sedulium
3179 3431 3494 3489 imitatione

1884 3520 2108 3578 Iuvenci
2132 3538 2267 3592 opus
2300 3521 2558 3593 paschale
2588 3537 2989 3589 concmnasse;
3021 3539 3129 3594 quo
3161 3525 3339 3595 magis
3387 3529 3493 3582 mi-

1885 3617 2113 3672 randum
2128 3627 2205 3671 est
2237 3615 2541 3682 Scdnlimn,
2571 3616 2621 3670 in
2650 3615 2973 3685 praefatione
3002 3618 3068 3671 ad
3094 3617 3492 3687 Macedonum,

1884 3706 2708 3780 quodammododiSsimulassc,
2744 3706 2849 3761 sibi
2883 3716 3070 3763 notum
3097 3708 3265 3765 luisse
3287 3709 3497 3766 Iuven-

1885 3816 2033 3869 cum,
2065 3818 2189 3857 rum
2218 3811 2398 3856 tamen
2424 3816 2485 3857 se
2516 3809 2791 3855 versatum
2820 3800 2874 3855 in
2897 3799 2959 3857 S.
3006 3801 3368 3876 Hieronymo,
3403 3806 3497 3875 qui

1884 3895 2186 3952 Iuvencum
2238 3910 2383 3966 sa-pe
2427 3895 2686 3960 laudavit,
2743 3894 3022 3951 ostendat.
3072 3896 3267 3963 Aldus,
3295 3898 3350 3953 in
3375 3897 3497 3955 Vita

1885 3988 2134 4046 Aratoris
2175 3990 2458 4059 praatnissa
2500 3987 2828 4046 Collectioni
2883 3999 3095 4060 poetar.
3126 3989 3353 4059 christ.,
3403 3994 3496 4049 ubi

1886 4084 2133 4156 quaedam
2161 4082 2410 4153 adjttttgit
2438 4083 2505 4136 de
2536 4082 2780 4151 Sedulio,
2828 4084 2909 4136 sic
2936 4081 3078 4137 hanc
3119 4083 3495 4153 conjecturam

1886 4177 2116 4248 exponit
2140 4193 2154 4230 :
2183 4175 2503 4247 Conjicimus
2529 4185 2703 4230 tamen
2723 4191 2790 4230 ex
2819 4179 2934 4247 ejus
2960 4176 3186 4241 epistola
3211 4179 3281 4230 ad
3314 4177 3495 4234 Mace-

1888 4270 2106 4324 donium
2126 4266 2504 4338 presbyterum,
2535 4264 2753 4319 Iuvenci
2793 4264 2953 4320 libros
2981 4267 3046 4319 de
3075 4264 3300 4321 historia
3344 4285 3498 4325 evan-

1888 4362 2051 4436 gelica
2078 4379 2181 4416 non
2213 4360 2402 4414 vidisse
2427 4359 2724 4416 Sedulium.
2764 4357 2901 4413 Nam
2930 4376 3043 4413 cum
3075 4359 3127 4413 in
3168 4378 3228 4414 ea
3267 4364 3493 4431 epistola

1888 4471 2101 4511 causam
2125 4454 2316 4522 reddit,
2338 4470 2431 4507 cur
2456 4454 2683 4508 versibus
2707 4449 3050 4523 Evangelium
3075 4454 3363 4526 scripserit,
3388 4457 3495 4513 Ju-

1812 4548 1865 4609 D
1890 4548 2054 4615 venci,
2097 4546 2184 4614 qui
2231 4544 2365 4599 idem
2396 4544 2606 4617 fecerat,
2642 4543 3049 4617 haudquaquam
3080 4548 3336 4603 meminit.
3372 4548 3493 4606 Non

1886 4642 2022 4697 enim
2070 4638 2227 4713 culpa
2272 4647 2500 4709 vacaret,
2546 4640 2591 4694 si
2634 4638 2689 4693 id
2730 4642 2896 4694 sciens
2946 4640 3363 4707 prtetermisisset
3394 4659 3415 4698 :
3446 4654 3499 4700 et

1890 4751 1947 4790 eo
1971 4735 2137 4807 magis
2159 4750 2276 4788 cum
2300 4735 2445 4788 locus
2484 4734 2593 4806 ipse
2620 4735 2862 4804 exigeret,
2897 4742 2952 4786 ut
2980 4730 3289 4803 Iuvencum,
3343 4753 3497 4809 quem

1888 4828 2199 4892 imitaretur,
2248 4827 2436 4882 habere
2457 4844 2512 4881 se
2539 4829 2751 4882 diceret.
2802 4826 2967 4882 Certe
2991 4828 3249 4881 nonnulla
3280 4831 3498 4887 occasio

1888 4919 2114 4976 Sedulio
2143 4919 2327 4974 oblata
2354 4928 2461 4986 est,
2491 4930 2551 4974 ut
2569 4918 2867 4975 Iuvencum
2886 4919 3143 4975 distincte
3166 4921 3494 4991 nominaret,

1891 5028 2012 5068 com
2042 5013 2218 5067 lell:
2254 5012 2417 5077 Raro,
2445 5021 2593 5085 pater
2634 5012 2848 5084 Optime,
2898 4996 3032 5065 sicut
3077 5023 3245 5066 vestra
3293 5030 3501 5087 quoque

1889 5107 2074 5179 peritia
2101 5106 2337 5160 lectionis
2364 5106 2672 5160 assiduitate
2697 5103 2981 5174 cognoscit,
3039 5104 3227 5158 divina:
3270 5121 3493 5162 munera

1890 5202 2095 5273 pietatis
2121 5201 2255 5272 stylo
2275 5200 2549 5272 quisquam
2584 5198 2743 5272 hujus
2794 5198 3164 5252 modulationis
3192 5200 3422 5269 aptavit;
3450 5210 3500 5256 et

1892 5296 2042 5349 multi
2074 5303 2217 5363 sunt,
2249 5311 2379 5366 quos
2421 5294 2713 5349 studiomm
2741 5293 3072 5346 saecularium
3100 5292 3381 5363 disciplina
3411 5311 3504 5363 per

1898 5388 2124 5458 poeticas
2171 5388 2335 5460 magis
2381 5385 2624 5452 delicias,
2655 5394 2702 5438 et
2730 5384 3022 5438 carminum
3052 5386 3341 5450 voluptates
3374 5384 3507 5437 oblc-

1897 5489 2022 5534 ctat.
2056 5475 2322 5535 Dubitare
2350 5478 2544 5548 aliquis
2573 5477 2797 5547 poterit,
2832 5492 2901 5529 an
2926 5475 3093 5530 etiam
3121 5472 3386 5528 Orentins
3412 5473 3505 5527 Iu-

1898 5588 2127 5627 vencum
2157 5572 2443 5626 simulatus
2466 5571 2624 5626 fuerit
2657 5585 2726 5626 ex
2754 5569 3029 5623 sententia
3060 5563 3368 5629 Fortunati,
3395 5562 3509 5638 α

1899 5668 1992 5739 qui
2020 5668 2255 5724 subinde
2300 5665 2449 5721 addit
2478 5680 2491 5718 :

2025 5802 2286 5867 Paucaque
2311 5800 2602 5865 perstrinxit
2624 5799 2835 5850 ﬂorente
2856 5792 3099 5844 Orentius
3120 5800 3227 5840 ore.

3018 5876 3057 5939 Ξ
