4058 6322
498 323 569 382 87

1518 312 1582 371 C.
1626 311 1929 373 VETTIUS
1968 306 2139 382 AQUIT

2249 314 2344 374 'US
2382 308 2768 373 JUVENCUS.
3742 313 3811 373 48

499 436 690 505 capite.
752 431 864 489 Nec
907 429 1198 488 deterreant
1241 443 1340 483 nos
1384 429 1653 484 hominum
1695 429 2102 484 umbraticorum
2132 430 2181 494 Α
2206 432 2527 502 Ceillierius,
2557 432 2627 488 de
2659 430 2866 504 Script.
2901 428 3105 487 eccles.
3136 441 3175 487 t.
3211 429 3303 501 IV,
3334 427 3585 487 Juvenco
3639 398 3809 501 objici

500 526 709 592 delirio,
738 527 826 597 qui
845 524 943 579 hoc
963 540 1118 595 genus
1138 532 1412 576 auctorum
1442 522 1557 576 ideo
1578 521 1848 581 damnant.
1874 520 2018 591 quod
2043 521 2108 575 de

500 623 653 678 rebus
682 618 869 674 divinis
912 634 1017 673 non
1045 633 1165 672 cum
1221 615 1440 670 Marone
1478 626 1566 668 aut
1592 612 1800 679 Ovidio,
1824 615 1901 667 vel
1930 624 1977 669 et
2010 613 2117 668 Lu-

505 732 641 771 cano
669 714 839 782 potius
867 711 1168 783 loquuntur,
1199 724 1353 781 quam
1382 706 1575 773 Paula,
1600 705 1746 761 Isaia
1771 718 1817 761 et
1842 705 2113 761 Hattlttea:

505 809 700 865 scilicet
746 817 805 862 ut
857 821 966 861 sese
1008 819 1245 874 proceres
1290 802 1539 857 Romana:
1574 801 1884 873 eloquentia:
1907 817 1966 856 ea
1993 816 2117 854 con-

509 911 706 969 temmu
731 900 942 971 faciant.
968 895 1020 951 Ii
1048 898 1184 952 enim
1209 894 1444 950 homines
1472 894 1822 965 imaginosum
1842 893 2116 964 patiuntur

506 1011 626 1050 cum
653 994 815 1049 tribus
843 990 1181 1063 scriptoribus
1212 991 1298 1044 vix
1324 990 1524 1044 tertiam
1551 998 1752 1051 partem
1784 988 1946 1050 lectis,
1960 986 2115 1060 judi-

504 1090 642 1144 cium
664 1088 758 1142 sibi
780 1089 847 1140 de
866 1084 1105 1140 omnibus
1136 1084 1396 1138 vindicant
1423 1091 1513 1138 :et
1535 1098 1665 1138 τινα
1695 1082 1901 1152 pietatis
1953 1082 2120 1151 stglus

504 1184 664 1238 etiam
690 1183 749 1235 in
778 1177 1042 1234 cathedris
1067 1177 1365 1231 Tulliorunt
1395 1194 1545 1231 suam
1564 1176 1950 1248 simplicitatem
1990 1190 2118 1243 pra-

509 1277 618 1332 bat.
649 1273 731 1330 De
758 1283 864 1346 qua
893 1290 949 1327 re
971 1272 1080 1347 50
1104 1273 1484 1341 disputabimus
1510 1272 1583 1325 ita
1609 1270 1759 1334 alibi,
1792 1280 1847 1324 ut
1876 1284 2121 1343 magnam

507 1379 712 1443 portent
738 1366 1006 1440 supercilii
1035 1368 1121 1423 sui
1148 1350 1347 1439 pudore
1369 1365 1632 1436 fatuitatis
1655 1381 1768 1419 sua:
1779 1364 1919 1418 ultro
1940 1365 2122 1419 remis-

514 1462 628 1518 suri
655 1460 779 1524 sint,
811 1460 1019 1529 Opinor,
1047 1460 1127 1514 illi
1171 1458 1393 1512 censorii
1447 1456 1686 1511 lemures.
1742 1456 1910 1510 Laudi
1957 1460 2121 1511 etiam

2218 524 2478 581 lmmilem
2508 524 2731 597 stylum.
2757 525 3067 598 neglectum
3100 535 3325 580 ornatus
3354 523 3814 595 poctici,pcccata

2218 621 2377 674 metri
2409 629 2464 675 et
2492 617 2794 674 latinitatis.

2288 712 2410 769 “3.
2453 711 2766 768 Postularet
2807 712 2895 768 hic
2943 712 3117 782 locus,
3166 720 3224 767 ut
3266 711 3337 768 de
3363 711 3628 782 prosodia
3660 719 3717 767 et
3742 711 3816 767 la-

2218 807 2431 862 tinitate
2453 804 2678 862 Juvenci
2711 805 3066 863 dissererem.
3094 804 3200 862 Sed
3231 806 3531 862 universim
3572 804 3644 860 de
3681 803 3818 875 ston

2218 906 2276 954 et
2321 898 2473 970 poesi
2521 897 2943 954 christiauorum
2990 906 3274 969 poetarum
3328 913 3433 954 non
3488 910 3664 969 pauca
3710 895 3819 953 dixi

2220 990 2274 1046 in
2318 991 2738 1060 Prolegomenis
2785 991 2851 1046 ad
2887 989 3259 1058 Dracontium,
3308 990 3475 1046 nimis
3505 991 3672 1046 etiam
3720 988 3814 1045 for-

2220 1091 2365 1140 tasse
2412 1086 2580 1140 multa
2632 1084 2684 1139 in
2730 1084 3144 1152 Prolegomenis
3196 1082 3262 1138 ad
3316 1083 3697 1140 Prudentium.
3746 1082 3820 1138 Eo

2221 1188 2406 1234 autem
2448 1177 2707 1235 libentius
2752 1180 2805 1234 itt
2855 1181 3143 1249 praesentia
3187 1180 3256 1235 ab
3303 1178 3408 1235 hac
3455 1177 3823 1249 disputatione

2222 1271 2529 1336 abstinebo,
2577 1271 2701 1343 quia
2749 1271 2843 1327 illa
2888 1271 3030 1342 ipsa,
3075 1286 3201 1343 quae
3232 1271 3390 1326 metri
3435 1279 3493 1326 et
3542 1268 3824 1325 latinitatis

2226 1377 2445 1438 peccata
2474 1365 2544 1421 ab
2568 1366 2797 1437 ignaris,
2831 1365 2974 1432 sive,
3008 1364 3153 1436 quod
3188 1364 3416 1434 perinde
3440 1374 3548 1434 est,
3574 1380 3603 1417 a
3644 1362 3825 1419 sciolis

2220 1459 2558 1530 iudicantur,
2611 1459 2771 1528 longe
2815 1458 3025 1514 rariora
3072 1468 3199 1515 sunt
3247 1458 3301 1515 in
3344 1457 3610 1525 Juvenco,
3664 1471 3821 1529 quam

513 1551 745 1611 Juvenci
804 1553 943 1608 verti
982 1552 1164 1615 debet,
1220 1550 1366 1620 quod
1414 1566 1524 1605 non
1555 1550 1732 1605 solum
1765 1548 2039 1616 Barthius,
2069 1557 2125 1604 ct
2224 1563 2321 1611 aut
2366 1555 2419 1610 in
2469 1556 2782 1621 Dracontio,
2812 1564 2909 1611 aut
2940 1555 2994 1611 in
3038 1554 3357 1624 Prudentia,
3403 1563 3497 1612 aut
3536 1556 3589 1611 in
3633 1553 3826 1627 quovis

511 1647 783 1706 Swartius
811 1647 975 1702 modo
1005 1645 1291 1701 memorati
1320 1644 1480 1715 plura
1508 1643 1630 1715 ejus
1659 1644 1780 1699 loca
1810 1643 2120 1698 illustrave-

515 1746 649 1810 riut,
682 1741 1069 1807 utGrunerus,
1093 1739 1447 1803 Arntzenius,
1487 1735 1786 1803 Vonckius,
1825 1748 1933 1792 etc.
1978 1735 2124 1791 Non-

521 1838 657 1893 nulli
689 1837 853 1892 etiam
877 1836 1174 1892 editionem
1205 1833 1432 1889 Juvenci
1458 1840 1760 1893 tentarunt,
1807 1845 1908 1886 nec
1938 1840 2118 1885 tamen
2156 1817 2200 1877 Β

517 1930 892 2002 perfecerunt.
927 1936 989 1982 ut
1009 1925 1250 1982 Joannes
1268 1923 1560 1987 Weitzius,
1582 1922 1653 1979 de
1681 1938 1789 1994 quo
1801 1923 1924 1978 vide
1941 1931 2123 1978 notam

518 2024 587 2081 ad
612 2040 667 2078 ν.
695 2023 786 2088 15,
819 2022 944 2076 libr.
977 2036 1017 2075 ι.

593 2118 722 2175 111.
767 2116 930 2172 Plura
955 2113 1266 2170 testimonia
1294 2120 1354 2167 ut
1382 2110 1542 2167 facile
1569 2108 1893 2173 estaddere,
1926 2110 1997 2164 ita
2028 2109 2129 2164 mi-

527 2212 677 2268 ttime
706 2220 791 2266 est
821 2209 1216 2265 necessarium.
1259 2204 1519 2273 Qmedam
1546 2204 1649 2259 alia
1685 2202 1930 2258 indicare
1980 2200 2130 2258 suffi-

521 2306 634 2361 ciat
673 2321 687 2357 :
734 2302 945 2358 Platina
978 2300 1032 2355 in
1066 2299 1186 2354 Vita
1216 2297 1382 2355 Marci
1427 2297 1446 2351 I
1506 2295 1808 2366 pontificis;
1841 2294 1944 2350 Lil.
1995 2295 2131 2352 Gre-

522 2400 712 2472 gorius
734 2395 1027 2469 Gyrahlus,
1062 2393 1264 2449 Histor.
1293 2392 1452 2447 Poet.
1485 2391 1617 2446 dial.
1650 2392 1720 2457 5;
1753 2390 1995 2447 Joannes
2031 2389 2130 2446 Pe-

522 2500 641 2548 trus
669 2487 1257 2555 Louchius,Bihlioth.
1301 2483 1508 2541 Poetic.
1561 2493 1705 2552 part.
1758 2499 1798 2553 ι,
1850 2499 1973 2555 pag.
2028 2483 2126 2548 76;

520 2582 771 2640 Andreas
839 2578 1094 2647 Wilkins,
1140 2578 1425 2648 Heortogr.
1500 2586 1641 2646 part.
1692 2577 1767 2643 1,
1813 2590 1933 2646 pag.
1988 2575 2127 2639 201;

522 2674 802 2732 Gerardus
854 2671 1098 2728 Joannes
1159 2670 1404 2732 Vossius,
1430 2668 1499 2724 de
1540 2667 1696 2723 Poet.
1742 2667 1864 2723 Lat.
1909 2668 2128 2736 cap.4;

522 2767 765 2824 Joannes
817 2762 1159 2821 Gntlefridtts
1204 2761 1474 2827 Olearius,
1508 2761 1562 2816 in
1617 2761 1803 2815 Abaco
1856 2759 2129 2829 Patrolog.

525 2875 653 2932 pag.
677 2858 816 2923 283;
866 2857 1033 2911 Olaus
1078 2854 1411 2918 Borrichius,
1465 2854 1690 2909 di~scrt.
1748 2852 2008 2907 Academ.
2064 2851 2133 2906 de

526 2953 729 3027 poetis,
766 2967 892 3022 pag.
921 2948 1011 3006 69.
1050 2949 1142 3003 llis
1179 2948 1320 3003 adde
1348 2946 1787 3011 Vttlaterrstnum,
1827 2942 2134 3014 Eiseogrei-

528 3047 707 3112 nium,
743 3045 1191 3113 Bergontensent,
1216 3040 1447 3113 Xystum
1493 3037 1816 3109 Senensem,
1845 3037 2133 3093 Centuria—

530 3147 706 3205 tores,
740 3137 1058 3202 Baronium,
1091 3134 1455 3205 Scaligerum,
1480 3132 1857 3197 Posseviuum,
1887 3129 2137 3185 innume-

2225 1650 2335 1706 alio
2367 1659 2525 1721 poeta
2556 1649 2880 1707 chriStiano.

2862 1760 3097 1823 CAPUT
3114 1765 3180 1822 V.

2231 1878 2470 1937 Matthtei
2497 1881 2642 1936 locus
2672 1898 2789 1954 cap.
2814 1896 2911 1949 xx,
2935 1896 2986 1935 v.
3013 1880 3109 1949 9.8,
3141 1880 3294 1937 aliter
3322 1898 3355 1935 η
3383 1879 3616 1936 Iuvenca
3644 1880 3826 1949 lectus,

2631 1990 2691 2028 ac
2720 1990 2855 2028 nunc
2883 1976 2937 2029 in
2973 1971 3202 2047 Vulgata
3220 1974 3429 2047 legitur.

2305 2114 2429 2170 tu.
2470 2112 2718 2169 Latinam
2767 2127 3048 2169 sacrarum
3097 2113 3508 2184 Scripturarum
3561 2114 3831 2185 interpre-

2232 2206 2513 2269 tationem,
2544 2205 2740 2262 Italam
2768 2216 3157 2278 nuncupatam,
3189 2216 3315 2262 ante
3344 2210 3400 2263 S.
3433 2207 3829 2281 Hieronymum

2233 2298 2539 2363 exstitisse,
2593 2298 2825 2355 fortasse
2874 2301 2944 2354 ah
2994 2300 3126 2370 ipsis
3179 2298 3569 2369 Apostolorum
3627 2310 3834 2369 tempo-

2232 2378 2385 2444 ribus
2433 2390 2754 2459 profectam,
2796 2400 2987 2445 contra
3041 2391 3387 2463 Bentleyum,
3445 2400 3498 2446 et
3541 2390 3832 2465 Casleyum

2236 2481 2432 2539 Petrus
2493 2483 2745 2539 Sabatier
2791 2484 3004 2539 erudite
3048 2493 3106 2540 et
3159 2499 3395 2541 nervose
3443 2484 3739 2542 caulirntat
3782 2484 3837 2541 in

2237 2575 2449 2647 pra-fat.
2484 2586 2617 2631 tom.
2662 2576 2727 2631 Ill
2770 2577 3045 2633 vers-iouis
3091 2579 3294 2633 veteris
3332 2578 3537 2634 halica:
3580 2594 3653 2635 ex
3705 2592 3815 2634 mss

2237 2668 2475 2739 antiquis
2533 2669 2891 2739 depromptae.
2951 2670 3251 2736 Juvettcus,
3311 2680 3369 2726 ut
3423 2672 3600 2728 fusius
3649 2684 3839 2744 postea

2236 2760 2435 2830 dicam,
2497 2761 2636 2815 hanc
2681 2763 2995 2818 versionem
3056 2764 3304 2820 Latinam
3357 2775 3603 2822 veterem
3663 2768 3841 2836 potius

2238 2856 2591 2927 sequebatur,
2638 2871 2800 2927 quam
2833 2856 3024 2915 Graeca
3071 2859 3406 2928 exemplaria
3451 2857 3516 2915 Ν.
3554 2859 3671 2915 T.:
3719 2875 3841 2916 cum

2239 2948 2333 3005 illa
2371 2960 2521 3005 certe
2556 2965 2704 3019 saepe
2742 2952 3023 3008 convenit.
3067 2951 3303 3024 Insignis
3345 2952 3500 3008 locus
3528 2961 3641 3017 est,
3683 2969 3841 3025 quem

2238 3058 2383 3099 nunc
2406 3042 2661 3110 referam,
2687 3057 2754 3097 ex
2783 3044 3020 3100 Matthazi
3046 3060 3169 3115 cap.
3200 3060 3295 3109 xx,
3323 3045 3532 3113 27.28,
3565 3044 3663 3102 ΞΩ.

2314 3136 2440 3191 115.
2483 3134 2711 3206 Vulgata
2741 3136 2820 3191 sic
2867 3138 3069 3192 habet:
3118 3136 3188 3193 Et
3226 3138 3315 3209 qui
3345 3138 3568 3193 valuerit
3593 3139 3736 3193 inter
3760 3156 3847 3196 vos

529 3249 737 3305 rosque
758 3232 915 3287 alios.
949 3230 1139 3299 Neque
1168 3232 1390 3286 omittas
1428 3243 1548 3293 eos,
1579 3242 1813 3298 quorum
1869 3226 2034 3281 verba
2086 3228 2138 3281 in
2169 3213 2214 3276 C
2245 3229 2444 3301 primus
2481 3245 2612 3292 esse.
2653 3231 2749 3284 erit
2792 3242 2957 3288 vester
3001 3248 3199 3287 servus.
3247 3231 3396 3288 Sicut
3433 3231 3579 3303 [ilius
3627 3234 3849 3288 hominis

532 3325 760 3382 Juvenci
798 3324 1015 3379 laudem
1047 3322 1375 3393 opportunis
1426 3322 1478 3375 in
1537 3320 1671 3375 locis
1698 3336 1727 3374 a
1771 3319 1928 3374 nobis
1981 3318 2140 3374 allata

535 3426 665 3475 sunt
698 3434 712 3475 :
747 3416 1055 3481 Barthium,
1114 3430 1266 3469 num.
1314 3412 1380 3468 12
1429 3412 1697 3484 Proleg.:
1747 3411 2098 3469 Gallandium
2128 3453 2144 3477 ,

538 3529 688 3567 num.
725 3510 828 3577 16;
860 3506 1500 3577 Felicium,Ferrarium,
1534 3507 1933 3579 Maurolycum,
1962 3506 2143 3570 n.3l;

538 3605 710 3675 episc.
737 3602 1072 3671 eqtilinum,
1107 3617 1165 3655 ιι.
1199 3600 1302 3663 52ς
1353 3598 1632 3663 Tarafam,
1684 3614 1835 3652 nttm.
1861 3597 1960 3663 36;
2006 3597 2144 3653 Bus-

535 3696 746 3766 chium,
777 3712 927 3752 num.
964 3693 1067 3758 55;
1103 3693 1389 3759 Faustum,
1419 3709 1569 3748 num.
1602 3692 1703 3753 58:
1746 3686 2046 3761 Bar‘lhium,
2079 3690 2148 3747 ad

532 3789 575 3844 l.
608 3804 649 3854 ι,
679 3805 733 3843 v.
765 3787 821 3850 9,
854 3787 985 3855 215,
1016 3785 1145 3850 399,
1169 3785 1313 3849 683;
1340 3784 1377 3839 1.
1406 3800 1469 3851 ιι,
1501 3800 1554 3838 v.
1587 3785 1645 3850 ‘2,
1674 3784 1738 3839 61
1766 3799 1783 3849 ;
1807 3784 1845 3839 I.
1871 3799 1943 3854 tv,
1970 3799 2022 3838 ν.
2054 3783 2148 3850 63,

542 3882 645 3948 93;
684 3880 935 3944 Badium,
984 3877 1051 3933 ad
1082 3879 1121 3933 l.
1154 3894 1195 3945 t,
1222 3895 1278 3935 ν.
1310 3878 1367 3946 9,
1397 3887 1503 3933 etc.

615 3972 739 4027 “'2.
785 3971 979 4026 Parum
1012 3970 1179 4040 igitur
1228 3970 1388 4023 nohis
1411 3969 1612 4024 obesse
1629 3967 1812 4030 debet,
1841 3968 1984 4039 quod
2013 3985 2150 4025 non-

539 4064 675 4123 nulli
707 4063 777 4119 de
800 4062 946 4135 stylo
985 4060 1214 4117 Jttvenci
1248 4062 1429 4116 minus
1454 4074 1600 4116 recte
1616 4061 1818 4117 sentire
1849 4060 2153 4129 \iiletntur,

544 4175 671 4216 cum
695 4159 781 4214 vel
798 4158 849 4210 Ιιι
871 4157 970 4218 ipsi
994 4156 1305 4218 utilitatem,
1328 4172 1447 4226 qum
1470 4170 1535 4211 ex
1553 4158 1671 4222 ejus
1690 4157 1926 4212 lectione
1949 4154 2155 4226 percipi

2248 3339 2351 3378 non
2383 3325 2519 3378 venit
2547 3323 2856 3389 ministrari,
2899 3326 2989 3379 sed
3027 3328 3348 3390 ministrare,
3381 3334 3431 3380 et
3460 3326 3590 3381 dare
3616 3327 3851 3382 animum

2249 3432 2398 3473 suam
2427 3420 2836 3489 redemptionem
2867 3421 2975 3494 52
2999 3436 3097 3493 pra
3122 3420 3325 3476 multis.
3356 3418 3425 3473 Et
3470 3420 3853 3493 egredientibus

2251 3510 2357 3565 illis
2378 3510 2441 3565 ab
2465 3510 2702 3577 Iericho,
2721 3524 2899 3568 secuta
2921 3523 2994 3568 est
3016 3530 3133 3569 eum
3156 3513 3304 3568 turba
3324 3512 3509 3569 multa.
3530 3513 3699 3571 Vetus
3721 3512 3849 3569 Itala

2252 3602 2433 3656 versio
2475 3618 2543 3658 ex
2593 3619 2698 3658 ms.
2731 3602 2978 3659 Colhert.
3013 3620 3027 3658 :
3063 3603 3135 3659 Et
3179 3606 3270 3678 qui
3298 3604 3541 3660 valuerit.
3588 3646 3603 3660 .
3652 3648 3666 3661 .
3712 3647 3726 3660 .
3759 3621 3853 3676 pro

2252 3696 2454 3750 multis.
2485 3696 2590 3751 Vos
2634 3709 2808 3752 autem
2830 3699 3064 3770 qumritis
3113 3700 3179 3755 de
3201 3698 3397 3773 pusilla
3423 3716 3674 3769 crescere,
3717 3712 3765 3758 et
3791 3701 3855 3757 de

2254 3790 2455 3859 majore
2500 3789 2725 3844 minores
2770 3806 2901 3845 esse.
2950 3789 3217 3847 latrantes
3262 3802 3457 3858 autem,
3485 3804 3536 3849 et
3562 3795 3742 3866 rogati
3789 3793 3856 3849 ad

2256 3899 2454 3939 ctenam
2493 3886 2653 3939 nolite
2697 3888 2995 3941 recumbere
3024 3888 3078 3943 in
3111 3888 3240 3943 locis
3287 3888 3745 3952 eminentioribus,
3794 3905 3860 3945 ne

2259 3977 2394 4045 forte
2429 3977 2626 4031 clarior
2686 3989 2733 4033 te
2777 3979 3106 4050 superveniat
3166 3996 3186 4034 :
3241 3989 3291 4036 et
3345 3979 3592 4035 accedens
3656 3982 3748 4052 qui
3793 3979 3861 4036 ad

2260 4085 2455 4123 ctennm
2481 4072 2677 4125 vocavit
2712 4082 2782 4137 te,
2811 4070 2953 4126 dicat
2992 4073 3085 4127 tibi
3113 4071 3340 4127 :Adltuc
3366 4074 3608 4127 deorsum
3637 4075 3860 4141 accede;

2259 4172 2310 4215 et
2338 4162 2701 4231 confundaris.
2736 4163 2798 4220 Si
2828 4158 3001 4219 autem
3031 4166 3330 4222 recubueris
3358 4168 3413 4221 in
3442 4168 3557 4222 loco
3600 4169 3860 4239 inferiori,

543 4261 746 4322 potest,
773 4248 999 4304 minime
1023 4257 1245 4319 negent.
1272 4246 1360 4302 Jo.
1393 4247 1700 4303 Ludovicus
1725 4248 1909 4313 Vives,
1938 4248 1978 4302 l.
2010 4263 2068 4302 ιιι
2089 4248 2158 4302 de
2261 4264 2310 4309 et
2347 4258 2700 4328 supervenerit
2738 4256 2990 4315 humilior
3011 4270 3082 4323 te,
3125 4262 3265 4315 dicat
3298 4260 3413 4327 tibi,
3447 4261 3538 4333 qui
3565 4261 3865 4319 adcienant

544 4341 798 4396 tradenti.
816 4340 1031 4409 discipl.
1065 4358 1079 4393 :
1104 4338 1386 4402 Iuvencus,
1416 4340 1685 4407 Sedulius,
1705 4339 1959 4410 Prosper,
1979 4339 2160 4394 Pauli-

542 4450 640 4489 nus
661 4432 934 4488 lutulentae
948 4444 994 4486 et
1015 4433 1330 4502 perturbatio
1351 4442 1475 4486 sunt
1499 4450 1649 4502 aqua:
1664 4474 1680 4498 ,
1703 4436 1939 4487 salubres
1961 4445 2155 4498 tamen,

545 4534 606 4581 ut
635 4528 700 4580 de
720 4524 1031 4596 quibusdam
1062 4524 1368 4594 ﬂuminibus
1397 4527 1590 4592 ferunt.
1626 4524 1903 4595 Philippus
1926 4525 2159 4581 Brietius

2263 4348 2463 4402 vocavit
2480 4364 2499 4403 :
2528 4350 2729 4405 Accede
2755 4350 2931 4405 adhuc
2958 4355 3222 4424 superius,
3245 4362 3294 4407 et
3315 4354 3412 4435 erit
3443 4354 3537 4408 tibi
3559 4353 3765 4410 utilius.
3799 4354 3867 4410 Et

2262 4439 2642 4510 egredientibus
2653 4444 2726 4496 eis
2739 4442 3021 4499 ablericho
3033 4455 3221 4501 secutae
3231 4453 3351 4499 sunt
3364 4447 3655 4501 eumturbte
3667 4447 3863 4529 multa.

2340 4534 2464 4589 116.
2505 4534 2800 4608 Juvcncus,
2852 4549 2913 4594 ut
2961 4547 3149 4594 notum
3189 4547 3293 4605 est,
3341 4540 3656 4597 Matthxi-um
3695 4542 3869 4615 potis-

538 4619 649 4675 l.tv
671 4619 738 4673 de
768 4617 919 4672 Poet.
950 4618 1068 4673 Lat.
1086 4616 1404 4672 deluvenco
1430 4616 1658 4687 ejusque
1680 4619 1826 4690 stylo
1847 4637 1860 4670 :
1884 4618 2158 4675 Humilior
2185 4610 2235 4671 D
2261 4625 2457 4683 simu...
2499 4629 2765 4701 sequium
2801 4630 3007 4703 Accipe
3051 4631 3221 4703 igitur
3245 4633 3369 4704 eius
3415 4649 3607 4691 versus
3654 4610 3752 4692 ηδ,
3785 4650 3867 4703 ιη’

548 4725 646 4775 est.
671 4717 797 4769 dum
827 4713 1097 4783 Evangelii
1126 4712 1291 4766 verbis
1321 4712 1475 4765 nimis
1498 4712 1827 4778 adhaerescit,
1863 4723 1914 4767 et
1936 4716 2164 4771 veritatis
2263 4738 2317 4777 ν.
2347 4722 2453 4779 603
2481 4741 2494 4778 τ

546 4823 707 4878 quam
772 4821 982 4875 paeseos
1033 4806 1297 4860 anantiar
1328 4822 1346 4860 :
1374 4804 1564 4874 quique
1616 4805 1771 4861 nimis
1823 4808 2087 4882 restringit
2108 4824 2162 4863 se

545 4901 777 4954 carmine
801 4899 964 4972 magis
991 4899 1101 4971 pio,
1128 4915 1285 4967 quam
1310 4899 1550 4970 eleganti.
1584 4900 1901 4969 Alphonsus
1934 4902 2159 4959 Carsias

549 4994 900 5059 blatamnrOs,
961 4994 1029 5047 de
1079 4992 1358 5054 academ..
1391 5005 1443 5048 et
1467 4994 1613 5050 doct.
1641 4997 1741 5049 vir.
1777 4996 1929 5065 Hisp.
1966 5017 1977 5053 :
2012 4996 2156 5053 Pru-

545 5090 753 5145 dentius
772 5104 908 5154 vero,
940 5097 988 5141 et
1014 5086 1296 5151 Iuvencus,
1324 5089 1367 5141 si
1392 5089 1528 5158 quod
1554 5090 1679 5144 milii
1708 5100 1782 5145 est
1806 5090 1911 5165 51
1960 5093 2015 5146 in
2056 5091 2157 5148 hac

545 5198 603 5237 re
644 5196 761 5234 cum
821 5180 1052 5233 libirtate
1088 5179 1375 5250 judicium,
1454 5184 1687 5237 meliores
1762 5174 2156 5255 versiﬁcntares,

545 5290 701 5345 quam
724 5284 887 5338 poclm
932 5271 1190 5326 videntur.
1246 5272 1534 5343 Dttpittius,
1584 5277 1634 5330 in
1691 5276 1834 5332 Nova
1896 5271 2156 5334 Btb'ioth.

541 5376 681 5423 tom.
713 5364 753 5429 l,
781 5364 1082 5418 iuvencum
1110 5372 1270 5419 vocat
1305 5376 1519 5432 poetam
1549 5370 1728 5438 magni
1752 5372 1938 5440 pretii,
1967 5383 2021 5424 et
2056 5370 2162 5439 pri-

544 5475 693 5515 mum
749 5458 1203 5514 christiauorum.
1237 5458 1473 5525 Spiritus
1517 5463 1764 5528 poeticos
1796 5464 1850 5517 in
1881 5463 2003 5530 ejus
2032 5477 2160 5517 car-

543 5553 694 5608 mine
751 5561 1024 5623 agutiscu,
1055 5566 1452 5622 numerumque
1494 5570 1749 5610 versuum
1789 5555 2018 5609 laudat:
2061 5554 2158 5611 sed

544 5662 715 5704 voces
742 5661 851 5702 non
876 5659 1095 5714 semper
1114 5660 1236 5701 esse
1251 5648 1517 5718 poeticas,
1560 5648 1854 5720 aliquando
1886 5665 1984 5705 nec
2012 5648 2159 5704 Lati-

537 5756 638 5798 nas
679 5740 829 5797 dicit.
866 5739 1033 5795 Addit
1061 5749 1265 5810 tamen,
1297 5744 1383 5798 vix
1409 5742 1521 5800 ﬁeri
1556 5746 1821 5814 potuisse,
1869 5754 1926 5798 ιιι
1951 5744 2152 5800 melius

538 5842 596 5894 ot
626 5832 841 5890 ﬁdelius
869 5832 1034 5889 verba
1065 5835 1375 5907 evangelica
1399 5838 1651 5895 versibus
1662 5836 2141 5895 concluderentur.

2384 4838 2491 4903 15cc
2517 4842 2703 4901 primus
2723 4842 2996 4903 quisquam.
3019 4842 3112 4891 nisi
3138 4843 3329 4893 cunctis
3350 4844 3549 4901 serviat,
3571 4856 3702 4896 unus

2383 4901 2508 4954 Esse
2528 4911 2708 4965 potest.
2724 4901 2955 4965 Hominis
2976 4912 3119 4953 natus
3141 4907 3212 4954 sic
3240 4912 3403 4955 Vestra
3426 4908 3653 4957 minister

2388 4964 2640 5028 Ottseqnio
2662 4964 2795 5014 stilus
2823 4969 3017 5028 proprio
3041 4974 3118 5027 pia
3145 4981 3349 5017 munera
3376 4976 3559 5027 gestat,

2388 5027 2486 5095 lfro
2507 5027 3010 5095 multisquoattintaut
3039 5034 3255 5089 pretioso
3272 5033 3514 5095 sanguine
3540 5033 3694 5095 ponit.

2387 5090 2451 5158 At
2477 5102 2562 5158 vos
2584 5104 2644 5139 ex
2674 5092 2884 5158 tttin_im_ts
2898 5092 3075 5158 opibus
3095 5090 3450 5158 transeeurlére
3470 5090 3638 5158 vultis,

2386 5150 2447 5215 Et
2466 5155 2538 5199 sic
2563 5166 2591 5201 e
2611 5154 2815 5201 summis
2837 5150 2955 5215 lapsi
2975 5155 3329 5215 comprettditis
3347 5156 3487 5206 imos.
3613 5210 3617 5215 ,

2385 5213 2436 5279 S_t
2465 5226 2549 5279 vos
2570 5220 2781 5277 quisque
2809 5213 2946 5265 vocat
2967 5213 3125 5265 comic
3150 5220 3367 5266 convivia
3394 5231 3602 5279 tumens,

2386 5274 2627 5347 Cornibus
2644 5274 2916 5347 in‘sitmmis
2929 5280 3122 5329 devitet
3139 5292 3327 5341 ponere
3348 5274 3590 5341 membra,

2388 5338 2611 5400 Quisque
2632 5341 2779 5402 sapit,
2804 5347 2902 5391 etc.

2264 5461 2342 5516 Ex
2369 5459 2613 5520 Jovem-0
2643 5472 2812 5533 patet.
2847 5479 2909 5519 ea
2942 5464 3135 5531 verba,
3170 5479 3292 5535 qua:
3315 5465 3367 5519 in
3393 5464 3626 5537 Vulgata
3649 5466 3872 5523 deside-

2262 5563 2473 5619 runtur,
2506 5556 2783 5612 eXstitisse
2827 5556 2960 5611 olim
3009 5557 3066 5611 in
3098 5555 3250 5611 Itala.
3294 5557 3409 5613 Hoc
3455 5560 3634 5629 ipsum
3664 5558 3872 5616 contir-

2260 5657 2412 5702 maut
2436 5649 2589 5704 multi
2619 5647 2712 5703 alii
2743 5647 2964 5703 codices
2986 5647 3265 5702 νθιέἰοιιίε
3298 5650 3562 5720 antiquae.

2327 5741 2453 5797 117.
2524 5741 2829 5797 Discrimen
2883 5747 3066 5795 autem
3127 5741 3453 5797 nonnullum
3523 5751 3612 5799 est
3664 5742 3722 5800 in
3786 5743 3875 5801 his

2250 5832 2468 5890 verbis:
2509 5831 2614 5889 Vos
2641 5843 2818 5889 autem
2845 5832 3082 5905 queritis
3114 5834 3179 5888 de
3209 5834 3403 5904 pusillo
3443 5851 3695 5910 crescere,
3735 5845 3787 5894 et
3813 5838 3880 5893 de
