4058 6322
245 317 312 372 49
1635 327 2172 389 PROLEGOMENA.
3495 339 3568 396 50

240 423 436 505 majore
469 435 724 492 minores
747 455 870 493 esse.
907 439 978 524 ita
1011 439 1205 512 legitur
1229 443 1279 496 in
1311 456 1414 498 ms.
1453 442 1725 513 Colbert.,
1757 446 1861 501 nisi
1891 452 1947 511 Α
1969 464 2032 502 ea
2061 450 2177 518 ipsa
2206 449 2310 503 labi
2338 453 2592 521 queritis,
2625 465 2676 508 et
2703 455 2770 509 de
2795 460 2995 527 majore
3020 459 3245 512 minores
3274 457 3412 527 ﬁeri.
3443 455 3538 511 Vel
3558 496 3575 519 ,

235 525 380 596 quod
414 529 703 584 mendum
752 532 916 586 minor
967 549 1073 587 esse
1120 534 1436 590 Sabatierus
1479 540 1720 594 correxit
1765 555 1868 610 per

236 619 462 674 miuorss
490 638 656 679 esse:
687 638 807 680 erat
834 627 1000 694 enim,
1033 640 1088 682 ut
1131 630 1228 694 ait,
1261 629 1446 700 lapsus
1490 635 1684 689 calami
1727 637 1867 690 satis

235 721 392 806 spent
415 730 484 768 IS.
507 713 720 774 Codex
737 719 1060 778 Corbciens.
1083 723 1115 777 ἓ
1131 733 1186 778 et
1211 722 1551 782 Claromont.
1575 729 1646 783 ita
1679 730 1837 798 plane
1853 745 1887 806 :_

243 805 346 861 Vos
377 820 566 864 autem
619 815 858 875 quieritis
895 815 958 870 de
985 817 1178 887 pusillo
1204 835 1452 883 crescere,
1480 833 1525 875 et
1571 822 1636 875 de
1664 825 1869 891 majore

235 900 461 955 minores
505 919 654 959 esse.
689 904 856 961 σοι-1).
902 909 926 962 1
964 910 1142 963 Solum
1180 913 1430 968 immutat
1477 917 1720 986 qureretis
1771 931 1870 985 pro

239 995 507 1061 quwritis,
565 1005 629 1050 et
673 998 739 1051 de
782 1003 979 1072 majore
1007 1004 1233 1057 minores
1275 1005 1389 1073 ﬁeri
1421 1023 1518 1076 pro
1566 1023 1690 1061 esse.
1725 1007 1868 1063 Can-

244 1087 411 1142 tabr.:
456 1088 573 1144 Vos
607 1103 782 1148 autem
809 1097 1041 1164 quteritis
1068 1100 1131 1151 de
1176 1099 1389 1154 minimo
1430 1117 1672 1166 crescere,
1716 1113 1762 1156 et
1805 1103 1868 1158 de

241 1198 442 1250 magno
477 1187 688 1254 minui,
718 1192 859 1254 quod
887 1188 940 1243 in
973 1189 1116 1245 idem
1147 1193 1360 1246 recidit.
1403 1195 1615 1250 Clarior
1660 1197 1876 1253 videtur

237 1275 518 1329 sententia
576 1278 635 1331 in
667 1278 790 1332 cod.
827 1279 1112 1350 Sangcrtn.
1147 1286 1169 1338 1
1215 1302 1228 1337 :
1269 1284 1374 1339 Vos
1418 1295 1594 1340 autem
1637 1292 1872 1360 queeritis

239 1367 302 1422 de
329 1369 533 1439 pusillo
564 1387 828 1439 crescere,
862 1384 911 1429 et
935 1375 999 1429 de
1043 1377 1242 1432 minore
1274 1389 1493 1448 majores
1519 1381 1652 1450 ﬁeri,
1679 1383 1785 1455 53
1815 1394 1873 1439 et

241 1459 294 1514 in
323 1461 513 1518 indice
540 1468 940 1534 capitulorum,
973 1471 1133 1525 artic.
1170 1471 1241 1526 .58
1275 1489 1288 1526 :
1346 1471 1425 1526 De
1451 1475 1576 1544 ﬁliis
1601 1474 1873 1532 Zebedtei:

239 1565 293 1610 et
319 1555 384 1610 de
409 1558 646 1613 minimo
664 1564 888 1632 majores
907 1562 1024 1632 ﬁeri
1047 1580 1065 1617 :
1089 1574 1144 1619 et
1169 1566 1232 1620 de
1271 1567 1470 1622 duobus
1498 1573 1666 1624 cteris.
1696 1570 1866 1628 Favet

241 1662 342 1703 ms.
373 1649 560 1706 codex
601 1653 927 1709 monasterii
953 1655 1012 1711 8.
1041 1656 1282 1713 Andreze
1310 1674 1469 1716 secus
1493 1665 1870 1719 Avenionem:

248 1739 356 1796 Vcs
381 1753 566 1797 autem
605 1748 838 1814 quaeritis
865 1748 929 1801 de
956 1750 1150 1821 pusillo
1189 1768 1434 1818 crescere,
1485 1766 1530 1809 et
1557 1756 1622 1811 de
1668 1758 1874 1828 magnis

246 1839 480 1908 majores
511 1854 651 1892 esse.

316 1930 445 1986 118.
491 1931 554 1987 8.
607 1933 722 1989 Leo
771 1946 1000 2006 utroque
1053 1937 1217 1992 modo
1272 1939 1485 1997 videtur
1534 1942 1752 2010 legisse.
1813 1945 1870 1998 In

241 2024 410 2094 epist.
474 2025 568 2091 18,
623 2026 690 2081 ad
751 2027 952 2084 Dorum
1004 2031 1454 2088 Bent-Ventanuni
1498 2036 1695 2106 episc.,
1749 2053 1872 2093 cum

244 2117 637 2190 presbyteros,
675 2120 789 2189 juri
834 2137 934 2176 suo
979 2135 1032 2178 et
1081 2124 1280 2180 honori
1333 2137 1540 2183 temere
1588 2129 1870 2196 cedentes,

243 2212 644 2283 redargueret,
687 2217 767 2270 sic
791 2217 903 2271 ait:
943 2216 1126 2284 Neque
1167 2221 1305 2274 enim
1354 2222 1650 2290 ignorabas,
1681 2225 1876 2279 dixisse

242 2302 569 2371 Dominum,
617 2311 778 2379 quod,
814 2309 918 2377 Qui
945 2329 999 2365 se
1038 2311 1306 2380 lmmiliat,
1357 2315 1704 2382 exultabitur;
1731 2334 1876 2370 eunt-

242 2399 469 2466 dentque
509 2399 712 2456 dixisse
749 2419 767 2455 :
827 2401 930 2468 Qui
977 2420 1093 2458 vero
1142 2422 1197 2460 se
1237 2405 1451 2470 exultat,
1483 2409 1870 2464 humiliabitur.

255 2491 356 2548 Vcs
395 2505 583 2548 autem
611 2497 848 2566 quwritis
895 2497 957 2550 de
985 2499 1180 2568 pusillo
1220 2516 1465 2564 crescere,
1505 2514 1554 2555 et
1585 2502 1648 2554 de
1679 2506 1875 2574 majore

251 2589 490 2643 minores
515 2605 655 2643 esse.
699 2588 984 2660 Utrumque
1012 2592 1146 2645 enim
1177 2592 1560 2658 inordinatum,
1602 2603 1874 2664 utrumque

245 2691 640 2752 prteposterum
668 2689 768 2736 est.
803 2679 894 2738 Sic
923 2681 1075 2754 legit,
1107 2694 1160 2737 et
1193 2684 1332 2738 hanc
1365 2683 1656 2739 lectionem
1693 2695 1873 2740 tuetur

245 2773 596 2844 Quesa.ellns
638 2784 833 2830 contra
863 2776 1020 2842 alios,
1073 2777 1162 2846 qui
1204 2777 1489 2832 ediderant
1531 2779 1642 2832 :de
1682 2780 1873 2847 pusillo

247 2884 505 2939 crescere,
536 2878 588 2923 et
616 2869 684 2924 de
723 2868 921 2923 honore
948 2872 1168 2942 majores
1214 2889 1343 2926 esse.
1377 2872 1520 2926 Idem
1549 2872 1607 2928 S.
1634 2873 1770 2935 Leo,
1819 2875 1870 2929 in

246 2962 416 3031 epist.
453 2961 550 3030 79,
581 2961 651 3016 ad
686 2961 1054 3025 Pulclteriam,
1100 2979 1150 3017 c.
1194 2963 1230 3016 2
1263 2981 1276 3017 :
1311 2963 1441 3019 [hec
1468 2966 1716 3020 illistunc
1741 2967 1872 3022 insi-

250 3054 578 3122 nuabantur,
603 3054 696 3126 qui
727 3053 791 3108 de
825 3055 1016 3126 pusillo
1044 3056 1276 3112 volebant
1309 3073 1558 3121 crescere,
1585 3069 1630 3110 et
1662 3059 1726 3112 de
1752 3058 1875 3127 inﬁ-

251 3150 350 3202 mis
372 3149 445 3202 ad
476 3165 691 3204 summa
713 3149 954 3203 transire.
986 3149 1316 3218 Quesnellus
1339 3161 1523 3221 negat,
1556 3153 1671 3206 lucc
1705 3156 1871 3206 verba

1977 541 2093 609 Quo
2140 543 2252 613 ipso
2281 559 2368 597 vos
2397 546 2631 614 quieritis
2660 547 2723 600 de
2743 548 2940 618 pusillo
2969 565 3223 615 crescere,
3252 550 3308 603 in
3353 565 3414 604 eo
3457 549 3575 619 ipso

1970 632 2229 700 labimini,
2263 646 2310 689 et
2355 636 2421 688 de
2450 640 2650 709 majore
2694 641 2921 693 minores
2949 641 3092 696 estis.
3127 641 3253 697 [late
3297 642 3575 710 interpre-

1973 727 2108 782 tatio
2132 730 2489 784 conﬁrmatur
2515 733 2767 800 exemplo
2789 733 3042 802 subjecto
3073 735 3194 804 ejus
3220 735 3313 805 qni
3347 744 3576 789 iocatus

1971 819 2036 872 ad
2083 836 2294 876 ctenam
2352 822 2585 892 primum
2636 824 2816 880 locum
2868 837 3119 896 Occupat,
3175 844 3241 883 ex
3281 841 3392 897 quo
3433 826 3578 898 deji-

1972 916 2134 966 citur.

2047 1007 2170 1062 120.
2213 1007 2400 1078 Neque
2432 1009 2499 1064 ab
2531 1008 2632 1065 bac
2659 1012 2931 1068 sententia
2965 1013 3123 1083 longe
3153 1013 3360 1068 abludit
3389 1014 3573 1068 versio

1974 1101 2452 1170 Anglii-Saxonica
2506 1103 2742 1159 Matthxi
2820 1107 2872 1158 in
2923 1115 3158 1172 quatuor
3209 1122 3367 1174 tnss.,
3425 1105 3574 1174 apud

1973 1193 2236 1249 Thomam
2267 1195 2642 1250 lllarescallum
2687 1215 2698 1249 :
2730 1196 2797 1250 In
2819 1198 2971 1251 rebus
2999 1199 3206 1269 exiguis
3235 1215 3462 1253 crescere
3486 1215 3574 1253 vos

1975 1288 2189 1356 cupitis,
2231 1299 2281 1342 et
2311 1290 2363 1341 in
2411 1290 2656 1344 maximis
2683 1292 2838 1344 rebus
2866 1293 3052 1344 minui.
3101 1291 3157 1346 In
3192 1290 3383 1346 Biblits
3409 1295 3578 1345 etiam

1978 1381 2295 1451 polyglottis
2344 1381 2805 1455 [.onditiensibus,
2851 1392 2983 1437 tom.
3023 1382 3108 1451 Vl,
3160 1381 3385 1437 totidem
3435 1396 3575 1453 pene

1977 1474 2158 1528 verbis
2203 1490 2264 1529 ac
2309 1475 2362 1530 in
2397 1490 2499 1531 IIIS.
2531 1474 2875 1540 Colliertino,
2911 1476 3104 1531 Graece
3134 1493 3201 1531 ex
3238 1477 3412 1531 tribus
3453 1491 3583 1546 apo-

1975 1569 2197 1638 grapltis
2229 1569 2342 1621 llaec
2391 1570 2503 1637 ipsa
2540 1568 2900 1635 proferuntur
2931 1587 2943 1619 :
2995 1567 3093 1623 Vos
3129 1580 3298 1623 autent
3321 1569 3575 1640 quwritis,

1976 1670 2085 1715 etc.
2139 1659 2338 1729 Josepb
2396 1659 2775 1724 Blancbinius,
2832 1660 2886 1714 in
2942 1661 3206 1731 Evangel.
3267 1661 3580 1730 Quadrupl.

1977 1767 2098 1806 cum
2142 1769 2244 1806 ms.
2277 1753 2517 1808 Culbt'l‘l.
2549 1765 2602 1808 et
2643 1753 2885 1809 Juvenco
2918 1754 3125 1822 pariter
3170 1755 3297 1824 legit
3341 1769 3406 1809 ex
3441 1769 3576 1810 mss.

1898 1850 1947 1910 Β
1983 1845 2280 1900 Veronensi
2331 1855 2388 1901 et
2431 1847 2807 1904 Vercellensi:
2869 1847 2972 1902 Vos
3017 1858 3191 1902 autem
3237 1849 3471 1919 quasritis
3518 1847 3584 1904 de

1978 1937 2172 2008 pusillo
2227 1955 2472 2005 crescere,
2526 1950 2573 1994 et
2621 1944 2683 1994 de
2721 1941 2917 1994 minore
2961 1945 3185 2014 majores
3230 1956 3384 1995 esse:
3417 1941 3584 2008 idque

1979 2044 2194 2088 exstare
2237 2035 2286 2087 in
2337 2035 2550 2089 duobus
2603 2049 2734 2090 mss.
2794 2036 3073 2091 Bodleian.
3128 2035 3384 2096 al'lirtnat,
3433 2033 3583 2102 quod

1979 2127 2071 2179 alii
2105 2143 2321 2195 quoque
2355 2127 2598 2182 tradunt.
2633 2127 2816 2182 Codex
2865 2127 3254 2188 Vcrcellensis,
3286 2127 3377 2198 qui
3413 2142 3581 2182 manu

1979 2219 2040 2274 S.
2075 2220 2294 2275 Eusebii
2341 2231 2597 2277 exaratus
2642 2221 2864 2284 dicitur,
2915 2221 3146 2276 collatus
3179 2220 3342 2276 etiam
3391 2229 3477 2274 est
3515 2219 3586 2274 ab

1979 2313 2196 2366 Andrca
2230 2311 2408 2378 lricio,
2443 2313 2531 2383 qui
2570 2313 2622 2366 in
2672 2312 2995 2382 pragfatione
3027 2324 3081 2368 et
3111 2314 3164 2367 in
3208 2313 3353 2368 notis
3383 2311 3450 2368 de
3481 2311 3588 2368 boc

1979 2406 2100 2474 ipso
2130 2405 2502 2461 additamento
2528 2406 2792 2476 disputat.

2054 2498 2178 2551 121.
2222 2499 2378 2563 Quod
2407 2501 2659 2566 sequitur
2690 2500 2742 2554 in
2774 2501 3025 2556 versione
3049 2499 3180 2554 Itala
3217 2500 3441 2570 antiqua
3475 2515 3581 2556 ms.

1978 2587 2273 2645 Colbcrtini
2309 2607 2323 2644 :
2367 2589 2635 2644 latrantes
2682 2602 2878 2658 autent,
2934 2602 2985 2646 et
3040 2593 3212 2665 rogati
3251 2594 3320 2645 ad
3362 2608 3582 2657 canant,

1978 2689 2114 2746 etc.,
2147 2682 2352 2750 pariter
2382 2697 2408 2732 a
2440 2681 2689 2736 iuvenco
2718 2698 3038 2752 expressum
3071 2694 3158 2737 est
3185 2700 3199 2736 :
3231 2684 3294 2739 Si
3319 2700 3407 2737 vos
3437 2685 3588 2755 quis-

1977 2789 2076 2844 que
2107 2785 2272 2841 vocat,
2325 2784 2432 2829 etc.
2485 2773 2604 2830 Et~i
2651 2775 2794 2830 enim
2825 2775 2969 2846 apud
3020 2776 3244 2841 Lucam,
3299 2792 3348 2831 c.
3400 2793 3515 2842 xw,
3548 2777 3584 2832 8

1978 2881 2134 2937 Seqq.
2165 2869 2370 2922 similia
2395 2871 2662 2938 legantur,
2690 2881 2872 2926 tamen
2895 2871 3201 2927 iuvencum
3225 2889 3290 2926 cx
3327 2873 3585 2929 Matlbzeo

1979 2960 2034 3014 id
2068 2963 2370 3031 Sltlllpslsse
2418 2966 2613 3031 probat
2647 2961 3016 3020 Sabatierius.
3065 2964 3345 3032 Siquidem
3374 2966 3590 3020 duobus

1978 3056 2254 3123 versibus,
2289 3057 2485 3125 quibus
2519 3058 2668 3126 prius
2698 3057 3131 3112 additamentum
3161 3062 3454 3130 expressit,
3488 3059 3587 3114 ad-

1972 3149 2160 3219 jnnxit
2193 3149 2474 3217 proxime:
2507 3151 2570 3205 Si
2592 3167 2678 3203 vos
2705 3152 2923 3221 quisque
2943 3161 3112 3217 vacat,
3148 3164 3257 3206 etc.
3291 3155 3355 3207 lat
3382 3153 3588 3209 relictis

151 3231 158 3237 “
249 3244 312 3298 de
361 3244 563 3309 inﬁmis
612 3243 685 3297 ad
737 3260 942 3298 summa
998 3246 1221 3299 transire
1269 3261 1392 3302 esse
1440 3247 1868 3317 explicationem
1898 3244 1943 3306 C
1975 3243 2335 3312 sequentibus
2380 3245 2581 3314 capitis
2622 3261 2690 3299 xx
2734 3245 2977 3301 Mattbtei
3033 3247 3347 3314 versiculis,
3389 3248 3590 3316 quibus

250 3335 471 3392 illorum
527 3338 598 3391 de
627 3337 830 3392 minore
881 3340 1108 3410 majores
1136 3356 1264 3395 esse.
1309 3339 1532 3396 Certum
1580 3345 1763 3410 potius
1793 3345 1872 3398 vi-

252 3429 430 3495 detur,
465 3431 684 3501 inquit,
723 3431 854 3486 nihil
909 3434 1054 3487 aliud
1098 3448 1248 3501 esse,
1292 3451 1454 3506 quam
1508 3438 1750 3506 priorum
1786 3456 1872 3494 re-

256 3523 612 3594 petitionem,
644 3524 768 3580 aliis
801 3526 984 3581 verbis
1015 3540 1338 3598 conceptam
1387 3545 1401 3583 :
1449 3531 1592 3600 quod
1624 3548 1692 3587 ex
1729 3532 1873 3589 serie

251 3627 307 3673 et
354 3628 622 3675 eontextu
679 3620 925 3690 epistolae
979 3621 1218 3690 probare
1263 3635 1519 3678 conatur.
1567 3624 1873 3680 liichardus

251 3711 556 3776 Simonius,
589 3713 645 3766 in
675 3711 964 3768 Observat.
994 3714 1059 3767 ad
1095 3724 1300 3770 textum
1335 3724 1390 3770 et
1415 3717 1702 3772 versiones
1747 3721 1873 3774 novi

257 3805 628 3865 Testatnenti.
681 3821 802 3877 cap.
833 3807 926 3871 21,
959 3824 986 3859 a
1020 3807 1321 3874 Quesnello
1349 3809 1630 3865 dissentit.
1663 3811 1875 3866 Consu-

256 3896 411 3955 lenda
441 3909 532 3955 est
573 3900 745 3956 etiam
777 3899 1093 3955 di~sertatio
1134 3902 1322 3955 critica
1367 3901 1624 3967 Simonii,
1665 3902 1718 3957 in
1769 3905 1874 3960 line

257 3994 502 4062 ejusdem
535 3994 755 4064 operis,
782 4009 887 4062 qua
919 3994 1343 4050 difﬁcultatibus
1390 3997 1609 4050 Antonii
1651 3997 1875 4053 Arualdi

257 4087 327 4142 de
360 4088 554 4144 codice
600 4086 1042 4156 Cantabrigiensi
1093 4089 1410 4155 respondet.
1459 4087 1661 4148 Centra
1697 4092 1876 4148 Simo-

260 4184 406 4236 nium
440 4196 580 4236 vero
627 4181 829 4249 prodiit
880 4179 1224 4236 Dissertation
1273 4185 1488 4256 critique
1531 4187 1874 4243 touchuntles

260 4277 602 4348 exemplaires
633 4291 800 4345 grecs,
834 4292 924 4330 sur
953 4276 1172 4339 lesquels
1203 4276 1278 4330 Μ.
1315 4279 1503 4334 Simon
1531 4284 1750 4352 pretend
1774 4301 1876 4357 que

263 4370 552 4426 l‘ancienne
605 4369 832 4440 Vulgate
859 4388 889 4423 α
915 4374 995 4425 été
1021 4372 1170 4440 faite,
1202 4382 1250 4426 et
1275 4390 1372 4426 sur
1400 4375 1448 4427 le
1466 4377 1735 4446 jugement
1781 4397 1878 4442 que

266 4465 362 4517 t’on
393 4465 505 4519 dcit
539 4465 677 4535 fa're
719 4464 790 4517 du
815 4464 1029 4533 famenx
1076 4467 1362 4521 manuscrit
1406 4468 1472 4522 de
1510 4467 1664 4524 Bese.
1696 4473 1740 4525 Α
1780 4472 1879 4526 Co-

265 4558 436 4630 logne,
455 4559 618 4616 1691.

1981 3337 2196 3390 curatio
2223 3337 2454 3391 duorum
2487 3353 2760 3393 caecorum
2789 3351 3099 3407 enarratur,
3131 3344 3395 3396 continuo
3438 3342 3590 3397 venit

1978 3430 2046 3485 ad
2089 3441 2252 3499 caput
2280 3447 2370 3486 xxi
2404 3431 2664 3496 Matthzci,
2697 3434 2842 3502 quod
2874 3434 3174 3502 restiondet
3207 3435 3368 3490 Lucas
3414 3435 3588 3504 capiti

1983 3522 2074 3590 19,
2110 3541 2217 3578 non
2252 3539 2379 3579 vero
2409 3525 2492 3578 his
2521 3540 2643 3596 quae
2672 3537 2976 3594 sequuntur
2999 3527 3142 3595 apud
3189 3527 3413 3592 Lucam,
3454 3541 3586 3598 cap.

1981 3635 2097 3687 διν,
2125 3620 2214 3674 ubi
2245 3621 2314 3676 de
2345 3621 2518 3688 primo
2548 3636 2630 3673 att
2650 3621 2801 3674 ubitu
2829 3621 2884 3675 in
2916 3636 3070 3676 cinna
3103 3623 3304 3692 agitur.

2057 3713 2182 3766 122.
2232 3713 2422 3768 Codici
2465 3711 2792 3768 Colbcrtino
2849 3714 3135 3769 adhaerent
3191 3715 3302 3770 duo
3361 3715 3586 3771 codices

1979 3807 2365 3870 Corbeienses,
2414 3807 2587 3860 codex
2640 3806 2965 3863 Monasterii
3025 3808 3084 3863 S.
3140 3808 3372 3863 Andreae
3425 3824 3586 3864 secus

1982 3900 2350 3963 Avenionem,
2393 3899 2855 3956 ClarOmontanns
2902 3913 2959 3957 et
3001 3901 3489 3972 Cantabrigiensia.
3544 3902 3588 3958 Ε

1981 3988 2265 4044 codicibus
2297 3991 2870 4061 Sangertnanensibns
2894 3994 3088 4064 major,
3123 4010 3272 4049 unm.
3303 3995 3394 4059 15,
3427 3995 3596 4051 habet

1981 4082 2136 4151 prius
2184 4097 2608 4139 assumentum:
2659 4085 2761 4140 Vos
2800 4098 2970 4141 autem
3016 4089 3269 4158 quieritis,
3315 4097 3444 4153 etc.;
3478 4087 3586 4161 55

1982 4191 2092 4232 non
2136 4192 2266 4233 vero
2305 4177 2407 4233 boc
2455 4180 2780 4248 secundum,
2831 4179 3100 4235 Intrantes
3148 4190 3354 4244 autem,
3401 4192 3449 4235 et
3499 4197 3591 4236 ro-

1982 4274 2112 4344 gati,
2175 4280 2280 4326 etc.
2350 4272 2551 4326 Contra
2611 4273 2782 4328 codex
2845 4275 3340 4343 Sanget‘manensis
3405 4275 3587 4331 minor

1982 4365 2189 4434 absque
2239 4365 2515 4419 ttulnnrica
2549 4375 2675 4422 nota
2719 4366 2884 4422 refert
2933 4368 3232 4423 secundum
3281 4369 3383 4424 boc
3430 4370 3586 4426 addi-

1984 4465 2306 4518 tamentum.
2353 4456 2618 4516 latrantes
2644 4473 2834 4519 autem.
2868 4463 3089 4518 secluso
3115 4465 3316 4536 priori.
3354 4463 3459 4521 Vos
3488 4482 3589 4520 au-

1985 4561 2084 4605 tem
2113 4551 2369 4623 quaeritis.
2417 4553 2622 4609 Omnes
2671 4567 2857 4609 autem
2901 4556 2957 4610 bi
3001 4556 3222 4612 codices
3248 4557 3301 4612 in
3346 4558 3593 4614 secundo

341 4654 463 4710 “9_
507 4653 790 4710 Juvencus
838 4654 1058 4725 quidem
1109 4655 1440 4725 scripturam
1491 4657 1696 4714 codicis
1749 4661 1874 4715 ροι,
1902 4639 1952 4698 D
1979 4645 2356 4701 additamento
2384 4645 2567 4702 verbis
2593 4647 2906 4717 dumtaxat,
2941 4659 3038 4705 aut
3083 4666 3272 4705 eormn
3319 4653 3516 4706 ordine
3555 4665 3586 4705 a

273 4748 466 4806 bertini
493 4759 654 4806 tenet
678 4759 735 4804 et
763 4749 1034 4818 explicat:

393 4853 457 4902 At
477 4865 568 4902 vos
589 4863 656 4900 ex
681 4851 892 4900 minimis
913 4852 1090 4914 Opibus
1105 4853 1462 4904 transcendere
1493 4854 1653 4905 vultis.

274 4960 385 5020 Hoc
414 4975 496 5018 est
524 4981 538 5018 :
578 4961 684 5018 Vos
713 4972 885 5018 autem
906 4965 1138 5032 quiet-itis
1169 4966 1232 5020 de
1264 4966 1454 5033 pusillo
1483 4983 1728 5022 crescere.

396 5075 455 5127 Et
472 5077 543 5127 sic
569 5089 600 5126 e
625 5077 830 5125 summis
853 5075 972 5139 lapsi
1000 5076 1350 5140 comprenditis
1373 5079 1496 5127 imos
1519 5093 1531 5126 :

276 5209 540 5266 Nimirum
584 5228 598 5263 :
636 5206 704 5262 Et
747 5209 810 5262 de
838 5212 1035 5280 majore
1086 5208 1312 5261 minores
1357 5224 1486 5262 esse.
1539 5207 1876 5264 Sabalierius

280 5308 356 5363 sic
379 5314 817 5364 commentatur:
845 5303 950 5357 Hic
978 5321 1150 5358 versus
1179 5313 1355 5374 aperte
1377 5305 1548 5359 reddit
1572 5308 1879 5360 sententiam

278 5421 373 5462 ms.
404 5405 568 5459 nostri
616 5399 944 5455 Colbertini:
991 5398 1056 5453 Et
1099 5401 1164 5453 de
1207 5402 1405 5470 majore
1465 5401 1689 5455 minores
1727 5418 1877 5466 esse;

280 5498 434 5552 immo
478 5507 528 5550 et
570 5493 863 5565 p’nniorem
911 5493 1057 5560 facit.
1109 5492 1218 5566 54
1251 5492 1376 5547 Haec
1428 5495 1567 5548 enim
1614 5496 1660 5548 si
1711 5497 1879 5562 prium

281 5591 446 5659 specie
467 5590 800 5658 aliquantum
827 5585 1156 5639 obscuritatis
1183 5583 1334 5638 habet
1365 5585 1419 5638 in
1446 5585 1624 5639 codice
1653 5586 1842 5640 Latino
1863 5630 1878 5653 ,

284 5695 336 5740 ut
361 5686 514 5740 modo
553 5680 869 5745 exprimitur
897 5696 929 5733 a
954 5677 1204 5747 Iuvenca,
1239 5678 1371 5732 nihil
1421 5679 1573 5745 offert
1598 5683 1738 5752 quod
1767 5698 1887 5736 sen-

287 5795 393 5833 sum
437 5777 714 5845 impediat.
750 5771 957 5843 Quippe
996 5774 1069 5828 ita
1095 5774 1322 5843 intelligi
1351 5782 1538 5840 potest,
1568 5791 1630 5828 ac
1676 5778 1723 5830 si
1747 5777 1888 5830 dics-

292 5860 456 5927 i‘stur:
491 5868 612 5934 Qua
639 5863 920 5921 ambitione
949 5878 1031 5919 ros
1057 5863 1289 5931 qumritis
1317 5863 1380 5920 de
1407 5865 1598 5928 pusillo
1637 5877 1884 5934 crescere,

1982 4754 2086 4794 ms.
2119 4740 2440 4796 Coll-ertino
2473 4742 2754 4804 dill‘erunt;
2787 4759 2870 4809 re,
2914 4753 2970 4798 et
3008 4760 3173 4798 sensu
3206 4761 3329 4800 cum
3358 4760 3427 4800 eo
3455 4760 3592 4800 con-

1983 4834 2246 4888 sentiunt.
2273 4833 2398 4887 llaec
2421 4834 2544 4902 ipsa.
2571 4835 2831 4901 parabola
2860 4837 2965 4889 loc.
2991 4837 3088 4890 cit.
3121 4837 3358 4892 Matthxi
3389 4837 3586 4908 legitur

1984 4926 2038 4980 in
2075 4934 2221 4981 textu
2253 4925 2446 4982 Gra'co
2475 4927 2702 4982 Biblior.
2750 4928 3112 5000 Polyglottor.
3141 4929 3402 4998 Lo:»din.,
3445 4940 3584 4988 tom.

1987 5018 2078 5083 V'I,
2129 5031 2186 5073 et
2234 5021 2287 5074 in
2322 5024 2578 5076 versione
2609 5023 3106 5091 Anglo-Samnica,
3146 5025 3449 5095 interprete.
3476 5027 3588 5082 Ma-
3638 5069 3640 5074 τ

1987 5113 2248 5168 rescallo.
2283 5111 2543 5170 Eamdem
2579 5115 2821 5169 indicant
2851 5125 2961 5170 tres
2983 5117 3350 5186 eapitttlornm
3381 5118 3588 5174 indices

1986 5205 2196 5276 praefixi
2251 5207 2546 5277 Evnugt-Iio
2577 5207 2822 5263 Mattlia-i
2866 5211 2917 5262 in
2951 5225 3086 5263 mss.
3135 5210 3474 5278 Colbertino,
3531 5223 3590 5267 et

1986 5300 2203 5355 duobus
2246 5297 2698 5355 Corbeiensibns.
2734 5302 2973 5356 llilarius
2999 5305 3164 5357 etiam
3210 5314 3507 5360 comment.
3540 5305 3595 5360 in

1986 5393 2202 5457 Mattlt.,
2253 5396 2502 5466 quamvis
2553 5397 2706 5464 prius
2757 5397 3209 5463 additamentum,
3268 5397 3371 5452 Vos
3417 5408 3593 5454 autem

1981 5489 2237 5558 qumritis,
2271 5499 2578 5558 praetereat,
2611 5499 2794 5546 tamen
2837 5490 2941 5544 hoc
2979 5491 3215 5545 alterum
3245 5491 3454 5544 diserte
3491 5506 3612 5546 ex-.

1993 5584 2184 5653 ponit:
2219 5593 2273 5638 et
2319 5584 2369 5637 in
2415 5583 2669 5654 capitulis
2694 5585 3092 5639 commentario
3134 5583 3321 5636 llilarii
3371 5583 3422 5636 in
3456 5581 3592 5640 Mat-

1993 5677 2193 5732 lhtrum
2221 5677 2476 5746 praeﬁxis,
2507 5693 2654 5731 num.
2682 5678 2775 5740 20,
2810 5678 3036 5746 legitur:
3068 5675 3147 5728 De
3174 5675 3298 5741 [iliis
3321 5673 3595 5745 Zebedtei;

1993 5771 2058 5826 de
2091 5773 2256 5840 primo
2282 5772 2561 5837 accubitu;
2591 5773 2656 5824 de
2683 5770 2886 5824 duobus
2908 5768 3080 5822 caecis.
3115 5766 3234 5818 Duo
3262 5775 3480 5822 γουσι-εδ
3498 5786 3594 5844 col.

1994 5863 2170 5922 dices.
2205 5864 2402 5931 quibus
2447 5873 2578 5916 tmte
2621 5853 2707 5916 eét
2737 5859 3089 5915 Blnncbinins
3132 5858 3186 5906 lii
3239 5853 3596 5915 Evanaotinr‘,
