4058 6322
174 303 230 359 81
1277 307 1744 368 ΕἾΔΝΕΕΜΟᾹΞ

1869 310 2128 372 aruum
2167 311 2299 370 LIB.
2341 311 2383 368 ι.
3418 319 3489 376 82

299 429 653 504 Audivitque
689 432 787 489 Dei
817 447 981 504 super
1011 432 1230 490 horrida
1257 436 1474 492 somnia
1500 451 1688 493 vocem
1715 457 1726 491 :

297 521 415 595 89
475 524 700 598 Accipe
770 525 1083 600 conjugium
1146 527 1298 584 nullo
1356 543 1477 584 cum
1547 529 1782 586 crimine

1545 631 1681 680 actae

1545 637 1573 677 a

169 710 262 769 175
299 711 559 782 Spiritus
587 714 851 786 implevit
873 724 1065 772 sancto
1087 717 1176 772 cui
1210 715 1420 773 viscera
1450 622 1704 774 (Etim,

295 805 458 862 Hanc
487 808 708 864 cecinit
737 818 891 866 vates
915 821 1199 867 venturam
1229 826 1299 885 ex
1315 812 1526 883 virgine
1541 812 1775 883 prolem;

1811 437 1868 496 A
2033 437 2304 494 Nostscuu
2339 438 2480 494 Deus
2505 449 2591 494 est
2621 453 2819 497 nomen
2851 442 2962 498 cui.
2996 443 3254 500 Protinus
3296 443 3387 498 ille

2027 530 2156 604 9o.
2192 530 2320 588 litae
2357 541 2630 604 praecepta
2671 547 2943 604 sequens,
2985 545 3168 593 servat
3209 534 3486 607 sponsalia

3116 630 3131 695 ι
3205 626 3409 701 [pacta.

2031 718 2138 776 Sed
2172 727 2282 774 tum
2313 719 2454 776 torte
2480 719 2607 774 novi
2644 719 2882 790 capitum
2905 719 3174 778 discussio
3197 735 3396 776 census

1887 811 1995 868 180
2031 811 2266 868 Caesaris
2295 814 2522 885 Augusti
2550 813 2722 884 jussis
2747 829 2845 884 per
2873 814 3107 885 plurima
3137 824 3300 872 terra!

1427 925 1816 984 LECTIONES
1856 926 2272 985 VARIANTES.

233 1013 355 1070 175.
394 1013 652 1089 Poe_l_m.,
711 1031 813 1087 pro
853 1018 910 1073 d.
943 1033 1015 1085 s.,
1061 1017 1248 1084 Fabr.,
1288 1019 1362 1074 ita
1407 1019 1592 1089 legunt
1639 1020 1783 1078 hunc

490 1087 631 1142 Mox
689 1098 956 1155 stertente,
1009 1089 1106 1144 Dei
1151 1107 1249 1144 uox
1291 1100 1368 1145 est
1438 1087 1618 1145 audita
1671 1109 1782 1146 mo-

163 1160 326 1232 uentis
349 1201 364 1225 ,
416 1174 591 1231 quem
647 1164 898 1232 spurium
930 1177 1052 1218 esse
1105 1172 1253 1218 recte
1277 1161 1488 1232 judicat
1520 1162 1780 1220 Barthius

165 1100 378 1141 versum
405 1104 420 1143 2

166 1229 273 1286 loc.
297 1233 392 1290 cit.

238 1303 358 1358 174.
389 1302 593 1370 Torn.,
625 1312 839 1376 pactum
863 1321 883 1370 ;
906 1305 1022 1372 alii,
1057 1312 1243 1374 pactw.
1275 1304 1510 1370 Poelm.,
1538 1322 1638 1376 pro
1661 1308 1774 1362 div.

163 1390 206 1499 ἲ.
237 1415 251 1438 ,
287 1377 361 1499 ἔω
399 1376 536 1448 legit
569 1393 585 1433 :
620 1376 702 1430 Tu
731 1392 980 1448 sponsam
1008 1379 1217 1449 capias,
1247 1388 1393 1432 vacat
1424 1379 1565 1432 omni
1601 1380 1773 1451 pactio

184 1463 284 1499 rau
323 1464 373 1499 e.

165 1450 373 1517 fraude.

237 1521 355 1574 175.
397 1517 843 1592 CodexBarthii
882 1521 1305 1590 sanctus,-quod
1336 1521 1590 1576 Barthius
1631 1537 1772 1592 pra:-

164 1589 266 1664 l'ert
307 1602 526 1657 sancto;
567 1591 738 1662 idque
768 1593 836 1647 ab
878 1593 1062 1664 sciolis
1095 1589 1502 1664 correctoribus
1535 1589 1772 1664 positum

163 1662 420 1736 afﬁrmat,
473 1664 572 1736 sed
609 1681 718 1717 non
756 1663 1072 1736 confirmat.
1113 1663 1280 1720 Favet
1313 1663 1427 1730 illi,
1459 1662 1600 1736 quod
1629 1665 1771 1734 apud

163 1733 474 1804 Matthazum
517 1735 740 1804 legitur,
783 1734 937 1802 Quod
985 1737 1117 1788 enim
1152 1737 1208 1788 in
1243 1752 1305 1790 ea
1347 1733 1527 1789 natum
1556 1733 1676 1801 est,
1710 1737 1774 1790 de

164 1803 362 1876 Spiritu
377 1816 564 1861 sancto
583 1803 683 1860 est.
703 1807 819 1862 lloc
843 1817 1024 1862 tamen
1049 1809 1223 1878 ipsum
1240 1809 1414 1862 innuit
1429 1817 1617 1862 nostra
1637 1810 1772 1863 scri-

163 1885 312 1945 ptura
345 1878 539 1933 verbis
569 1887 753 1932 sancto
783 1882 930 1948 (astu.

229 1950 352 2006 177.
387 1950 550 2004 Rom.
587 1960 646 2006 et
676 1950 812 2005 editi
841 1964 1055 2016 omnes,
1087 1964 1224 2020 quos
1253 1950 1389 2015 vidi,
1419 1952 1491 2004 ita
1526 1951 1762 2008 habent:

165 2019 449 2094 {Vobiscum
483 2021 628 2076 Deus
656 2031 732 2094 est
757 2023 842 2075 cui
865 2038 1073 2089 nomen,
1105 2019 1344 2092 protinus
1372 2021 1481 2076 ille.
1507 2021 1642 2094 Reg.
1665 2065 1680 2084 ,
1711 2034 1766 2078 et

163 2091 266 2147 Ott.
291 2111 304 2146 :
333 2093 631 2148 Nobiscum
667 2093 805 2148 Deus
820 2102 897 2148 est
924 2091 1113 2148 nomen
1137 2095 1222 2148 cui
1248 2096 1488 2166 protinus
1515 2091 1629 2158 ille,
1663 2103 1714 2150 et
1733 2110 1761 2149 a

163 2179 246 2236 pr.
273 2182 345 2218 m.
382 2166 457 2220 ita
482 2168 707 2220 videtur
732 2179 857 2221 esse
882 2167 1141 2235 scriptum
1171 2205 1188 2231 ,
1222 2165 1282 2220 ut
1311 2165 1649 2236 intelligatur
1679 2167 1764 2220 cui

161 2235 595 2308 scilicetvirgini,
615 2237 759 2294 seda
779 2251 887 2292 sec.
917 2253 989 2292 m.
1021 2239 1073 2292 in
1105 2236 1239 2308 Reg.
1267 2236 1452 2293 addita
1477 2235 1562 2293 est
1585 2240 1759 2293 inter-

1804 1855 1854 1915 B

1889 1023 2467 1099 punctio_non_ten_cui_:
2495 1025 2770 1099 protinus,
2799 1041 2922 1081 cum
2946 1026 3128 1097 glossa
3143 1026 3480 1099 cui—proli.

1959 1095 2086 1148 179.
2114 1094 2289 1161 Poel.,
2322 1094 2570 1160 lladam.,
2623 1097 2730 1152 Sed
2773 1110 2883 1152 tum
2929 1094 3061 1168 forte
3107 1099 3223 1152 noui
3252 1094 3483 1167 capitum

1884 1164 2140 1221 discussio
2161 1183 2364 1240 census,
2394 1183 2514 1240 quin
2545 1169 2815 1239 scriptura
2849 1164 3181 1240 approbatur
3205 1185 3234 1224 a
3258 1164 3483 1224 Barthio

1881 1250 1950 1291 ex
1985 1240 2099 1292 suis
2128 1239 2466 1293 membranis
2487 1281 2502 1304 ,
2531 1249 2586 1294 et
2617 1250 2792 1295 exstat
2819 1239 3040 1308 inROtt.,
3067 1242 3119 1295 in
3151 1241 3321 1296 Torn.
3343 1281 3358 1305 ,
3392 1241 3486 1296 tibi

1881 1311 2141 1364 mendose
2169 1314 2326 1380 furte.
2351 1320 2405 1366 et
2427 1309 2680 1365 discussia
2703 1326 2983 1378 exaratnr,
3017 1322 3071 1366 et
3098 1312 3150 1366 in
3182 1311 3342 1373 Aldo,
3373 1311 3468 1380 qui

1877 1395 1992 1433 eum
2031 1380 2192 1435 habet
2241 1396 2340 1451 pro
2373 1391 2502 1434 tum.
2550 1381 2691 1438 ΑΙάο
2733 1383 2978 1440 adhzrret
3029 1382 3216 1447 Rom.,
3261 1382 3358 1437 sed
3407 1381 3478 1437 ad

1877 1465 2051 1522 marg.
2090 1468 2188 1519 pro
2221 1455 2452 1526 capitum
2487 1455 2783 1523 corrigitur
2819 1455 3044 1526 capitur.
3097 1453 3154 1508 In
3194 1453 3328 1523 Reg.
3367 1467 3476 1526 non

1877 1524 2277 1578 contemnenda
2335 1533 2418 1578 est
2468 1526 2707 1580 varietas
2763 1524 2894 1580 nouo
2937 1527 3164 1594 capitum
3221 1525 3500 1584 discussio,

1876 1609 2050 1649 censu.
2087 1593 2329 1658 Fabric.,
2357 1595 2570 1663 Fau~t.,
2594 1613 2773 1659 novus,
2797 1593 3028 1663 capitum
3057 1595 3330 1659 discussio,
3361 1612 3480 1648 cen-

1875 1680 1962 1718 sus
1988 1707 2003 1729 ,
2034 1667 2178 1737 quod
2208 1667 2534 1736 exprimitur
2570 1683 2599 1720 a
2631 1668 2864 1733 Poelm.,
2903 1685 3000 1736 pro
3022 1670 3078 1721 d.
3108 1683 3180 1729 ε..
3215 1667 3321 1722 Sed
3355 1683 3476 1720 cum

1875 1737 2008 1805 forte
2033 1753 2216 1802 novus,
2246 1746 2302 1808 et
2321 1753 2350 1791 a
2375 1739 2616 1802 Barthio,
2645 1739 2771 1793 libr.
2797 1756 2852 1794 xt
2874 1739 3102 1794 Advers.
3127 1753 3248 1808 cap.
3271 1738 3363 1794 20.

1955 1809 2079 1883 180.
2104 1809 2238 1879 Reg.
2263 1807 2483 1883 thsaris
2501 1809 2722 1882 Augusti
2735 1827 2799 1865 ea:
2806 1811 2993 1883 jussis.
3029 1807 3238 1875 Faust.,
3263 1808 3473 1883 Poelm.

1883 1895 2002 1954 pro,
2039 1881 2093 1935 d.
2153 1896 2200 1936 s.
2235 1879 2603 1954 gCa'sarequei
2631 1879 2866 1954 Augusto
2898 1884 3079 1953 jussus
3112 1898 3202 1954 per
3251 1879 3478 1954 plurima

1881 1953 2035 2005 scribi
2060 1994 2075 2020 ,
2107 1951 2250 2022 quod
2282 1953 2526 2020 spurittm
2558 1951 2792 2008 videtur.
2830 1951 3083 2021 Plerique
3109 1951 3328 2006 Caesaris
3362 1953 3473 2004 Au-

1867 2023 2008 2096 gusti
2028 2026 2195 2096 jussis
2223 2041 2315 2095 per
2343 2022 2570 2095 plurima
2599 2036 2787 2096 terrea,
2823 2040 2944 2092 qua:
2977 2033 3061 2078 est
3092 2023 3474 2096 interpretatio

1867 2094 2161 2149 verborum
2195 2094 2355 2150 Lucae
2383 2111 2417 2149 ll
2441 2136 2454 2160 ,
2497 2096 2523 2150 1
2557 2113 2569 2151 :
2599 2095 2667 2152 Ut
2695 2095 3062 2150 describeretur
3091 2094 3361 2150 universus
3385 2109 3472 2148 or-

1866 2164 1962 2219 bis.
1989 2165 2276 2240 Fabricius
2296 2165 2465 2222 edidit
2486 2169 2645 2239 jussu
2669 2183 2766 2238 pro
2777 2168 2972 2240 jussis,
2996 2176 3324 2238 secutusque
3347 2180 3472 2222 cum

1865 2245 1951 2293 est
1980 2237 2343 2294 Sabatierius.

1707 2329 1944 2387 NOTAE.

227 2423 346 2494 175.
366 2423 428 2478 1η
445 2423 658 2494 scripto
682 2423 871 2478 codice
891 2424 1092 2480 Barthii
1115 2425 1292 2494 glossa
1318 2423 1432 2479 htec
1449 2432 1596 2479 erat:
1619 2423 1764 2478 Hor-

163 2492 270 2565 rida
295 2497 501 2550 somnia
515 2492 735 2565 —Lquod
757 2512 935 2551 somno
955 2492 1233 2552 dubietatis
1257 2498 1614 2563 premebatur:
1638 2511 1760 2564 qua:

163 2563 390 2639 loquitur
419 2569 490 2622 de
521 2563 615 2622 illa
647 2567 991 2639 suspicione,
1027 2583 1189 2638 quam
1217 2568 1285 2622 de
1315 2568 1500 2622 vitiata
1527 2563 1759 2637 conjuge

166 2635 384 2692 habebit
433 2639 642 2707 Joseph
671 2681 686 2703 ,
739 2635 985 2706 adquue
1022 2635 1087 2694 ad
1127 2641 1270 2695 hunc
1309 2640 1486 2693 locum
1523 2635 1714 2707 parum
1738 2683 1752 2705 ,

164 2718 244 2763 aut
273 2710 402 2764 nihil
435 2715 623 2781 ponus
645 2710 776 2764 facit
800 2752 814 2773 ,
847 2719 903 2764 nt
931 2711 1313 2766 animadvertit
1349 2710 1621 2765 Barthius.
1650 2710 1755 2764 Vo—

163 2793 266 2834 cem
290 2782 508 2838 Iiorrida
541 2784 816 2852 poeticam
847 2782 978 2836 dicit
1010 2783 1153 2838 idem
1185 2783 1471 2847 Barthius,
1503 2790 1560 2837 et
1597 2797 1662 2836 ex
1695 2797 1754 2836 re

165 2852 266 2918 ipsa
293 2865 513 2921 natam,
543 2869 706 2919 cujus
733 2854 949 2922 quidam
978 2855 1129 2908 velut
1158 2856 1355 2908 horror
1376 2868 1561 2909 ansam
1586 2853 1753 2908 dede-

165 2925 226 2977 rit
261 2927 580 2981 mutationi.
610 2924 892 2981 Juveueus
926 2927 1120 2980 iterum
1150 2925 1253 2980 hoc
1280 2926 1404 2979 lihr.
1431 2941 1574 2979 vers.
1606 2925 1713 2978 986
1737 2967 1754 2992 ,

164 2994 223 3049 de
248 2997 436 3067 Magis,
462 2997 653 3052 Totam
678 3012 800 3051 mox
827 2997 1042 3050 horrida
1071 2998 1272 3051 somnia
1302 3006 1501 3050 noctem
1533 3025 1603 3036 —-
1633 2997 1757 3051 Sol-

163 3067 368 3122 licitant.
405 3069 598 3136 Adde,
635 3068 928 3122 horrorem
959 3069 1026 3123 de
1057 3076 1201 3124 metu
1235 3068 1490 3134 religioso
1527 3067 1634 3122 dici
1656 3108 1669 3128 .
1702 3079 1759 3124 et

163 3152 292 3206 saepe
311 3155 436 3195 eum
455 3141 820 3196 veneratione
841 3139 1120 3210 conjungi.
1142 3139 1323 3194 Valer.
1347 3138 1596 3201 Flaccus,
1626 3138 1662 3192 l.
1695 3157 1755 3205 ll,

163 3224 292 3284 vers.
306 3213 444 3267 432:
467 3212 728 3268 Threiciis
744 3227 937 3265 arcana
951 3213 1112 3266 sacris
1125 3228 1143 3264 .'
1159 3212 1242 3265 hic
1259 3213 1488 3284 numinis
1502 3212 1757 3284 ingens——

165 3279 372 3338 Horror.
406 3287 612 3339 Confer
627 3284 940 3338 Comtnent.
959 3285 1024 3338 ad
1049 3285 1430 3348 Prudentium,
1448 3283 1483 3338 l.
1501 3298 1517 3336 ι
1535 3279 1749 3339 contra.

165 3351 356 3424 Symm.
387 3371 542 3412 vers.
579 3355 708 3410 199.

226 3426 340 3480 174.
376 3428 432 3483 ln
468 3428 661 3482 codice
695 3443 796 3481 ms.
825 3426 1028 3481 Barthii
1059 3429 1236 3496 glossa
1271 3436 1407 3493 erat,
1442 3425 1604 3482 Posse
1634 3428 1754 3482 hinc

163 3497 387 3553 concludi
432 3502 574 3554 inter
615 3514 934 3567 consponsos
965 3500 1159 3565 solum,
1186 3499 1395 3567 ﬁrmum
1426 3509 1598 3552 tamen
1646 3516 1756 3554 esse

163 3573 472 3642 conjugium.
510 3569 710 3626 Nescio
737 3585 848 3642 quo
878 3570 992 3624 haec
1024 3574 1359 3639 pertineant,
1387 3571 1490 3624 nisi
1525 3573 1754 3626 fortasse

161 3639 411 3710 inituiiur,
448 3643 696 3697 nondum
731 3641 899 3696 fuisse
930 3643 1335 3696 matrimonium
1375 3657 1562 3696 verum
1610 3643 1754 3698 inter

159 3708 440 3783 losephntn
460 3725 518 3769 et
544 3714 794 3768 Mariam.
821 3713 1072 3783 Plerique
1101 3725 1282 3768 tamen
1307 3717 1582 3776 sentiunt,
1629 3730 1751 3768 cum

160 3781 342 3854 .loseph
367 3802 490 3841 eam
511 3787 700 3838 animo
729 3781 1412 3852 volvebat—cogitationem,
1440 3797 1614 3838 ratum
1641 3802 1755 3840 ma-

162 3856 457 3912 trimonium
482 3858 598 3923 jam
629 3855 797 3911 fuisse
822 3865 1188 3918 contractum,
1223 3867 1276 3910 et
1300 3858 1462 3910 verba
1488 3855 1749 3923 Mattbaai,

162 3924 388 4001 .-_l_ccipere
417 3930 700 4001 conjugem
724 3938 864 3980 tuant
892 3929 1320 4001 interpretantur
1343 3928 1605 4001 retinere,
1642 3945 1750 3982 non

163 3996 454 4068 dimittere;
497 3996 553 4056 et
584 3996 844 4061 quoniam
877 4001 1059 4053 animo
1091 3999 1202 4068 jam
1235 3999 1569 4066 cogitaverat
1617 4013 1738 4054 eam

163 4067 452 4141 dimittere.
481 4071 716 4141 jubetur
747 4072 814 4124 ah
846 4069 1059 4140 Angelo
1087 4067 1207 4123 eam
1236 4069 1626 4141 cogitationem
1659 4072 1754 4126 ab-

161 4138 329 4204 jicere.
367 4138 536 4198 Pacta
573 4143 793 4210 pr0prie
825 4138 1172 4212 crat—puella,
1204 4138 1422 4209 quando
1448 4140 1515 4195 tle
1549 4143 1752 4209 nuptiis

165 4223 290 4266 certa
321 4217 644 4269 conditione
676 4223 1012 4268 convenerat
1049 4229 1062 4265 :
1107 4229 1334 4282 sponsa,
1378 4229 1500 4266 cum
1549 4215 1752 4268 solem-

165 4296 248 4356 nes
274 4286 654 4356 stipulationes
675 4326 689 4350 ,
719 4301 840 4354 qua:
883 4285 1156 4352 sponsalia
1191 4284 1546 4348 dicebantur,
1595 4301 1754 4339 arce-

165 4352 362 4412 debant'.
393 4358 508 4413 Hoc
541 4352 1054 4411 tamcn'discrimen
1100 4371 1127 4409 a
1179 4357 1338 4410 bonis
1383 4356 1751 4424 scriptoribus

167 4438 256 4499 non
285 4445 499 4499 semper
531 4428 816 4484 observari
844 4467 859 4490 ,
905 4428 1246 4481 demonstrat
1271 4428 1582 4482 lienschius
1609 4468 1623 4492 ,
1655 4431 1749 4497 qui

165 4498 307 4552 etiam
337 4498 524 4566 tenet,
553 4499 865 4572 conjugiumﬁ
890 4507 1057 4570 pacta:
1092 4499 1196 4552 dici
1230 4514 1328 4568 pro
1357 4501 1752 4572 conjugem_pa-

166 4574 280 4621 ctam
309 4588 457 4627 more
482 4569 827 4625 Grmcortttn.
855 4569 1218 4640 Hieronymus
1255 4573 1356 4624 hac.
1380 4569 1752 4640 in’re'idubtus

167 4641 280 4695 mihi
329 4644 545 4697 videtur
584 4645 636 4695 iit
689 4657 810 4710 cap.
857 4657 872 4694 ι
932 4641 1166 4695 Mntthmi
1207 4659 1218 4693 :

165 4711 298 4765 etiam
315 4727 554 4786 quartam
581 4713 728 4766 addit
759 4729 998 4786 causam,
1042 4729 1136 4765 cur
1164 4729 1196 4765 a
1232 4713 1561 4786 desponsata
1576 4728 1760 4786 conce-

165 4792 266 4849 plus
281 4783 370 4839 sit:
393 4786 461 4842 Ut
482 4797 662 4856 partus
673 4827 684 4846 .
706 4785 969 4854 inquiens,
986 4787 1096 4856 ejus
1111 4786 1365 4838 celaretur
1387 4783 1616 4844 diabolo,
1634 4783 1760 4856 dum

167 4867 267 4906 cum
287 4868 450 4928 putat,
475 4855 581 4911 non
601 4856 664 4909 tle
686 4857 905 4928 virgine,
929 4855 1020 4908 sed
1044 4855 1106 4908 de
1124 4872 1290 4909 uxore
1306 4865 1627 4928 generatum.
1660 4855 1758 4911 llic

169 4926 410 4984 astruitnr
454 4926 868 4982 matrimonium
906 4937 1104 4981 ratum.
1157 4928 1415 4981 Diabottts
1441 4926 1586 4980 enim
1617 4967 1630 4991 ,
1663 4929 1754 4996 qui

169 5007 258 5050 non
286 5000 481 5071 ubique
512 5013 757 5070 praesens
799 5008 905 5071 est,
935 5009 985 5052 et
1020 5002 1228 5071 ignorat
1256 5012 1316 5052 ea
1337 5013 1488 5068 quae.
1517 4997 1605 5052 ubi
1637 4999 1753 5066 ipse

169 5079 258 5140 non
305 5069 406 5134 est,
461 5069 723 5140 aguntur,
781 5070 996 5133 videns,
1057 5069 1565 5140 Mariamquttorem
1628 5086 1752 5126 csse

169 5134 387 5213 Iosephi,
421 5134 616 5213 pniare
646 5134 864 5207 potuit,
902 5152 1112 5213 parturn
1148 5155 1252 5195 n0n
1286 5139 1354 5194 de
1383 5140 1589 5209 virgine
1609 5182 1623 5206 ,
1652 5143 1750 5198 sed

168 5207 224 5263 de
251 5207 803 5284 utore'gettcratuttt.;
834 5211 999 5284 Addit
1025 5211 1394 5284 Hieronymus
1419 5227 1434 5264 :
1466 5207 1756 5284 Antequam

167 5281 502 5351 convenireni,
553 5286 759 5338 inrenta
812 5293 886 5336 est
923 5283 975 5335 in
1014 5291 1158 5337 utero
1201 5281 1396 5336 habens
1432 5285 1497 5335 de
1549 5281 1755 5352 Spiritu

167 5367 340 5422 sancto.
369 5355 491 5410 Non
523 5355 587 5408 ab
615 5353 723 5407 alio
745 5356 954 5408 inventa
979 5362 1052 5407 est
1077 5355 1177 5408 nisi
1205 5371 1236 5406 a
1263 5355 1484 5422 Ioseph,
1510 5358 1597 5420 qui
1629 5372 1758 5421 pene

168 5420 352 5496 licentia
379 5427 608 5482 maritali
641 5428 832 5496 futura’
856 5427 1030 5479 uxoris
1053 5427 1226 5479 omnia
1249 5420 1482 5478 noverat.
1505 5420 1755 5496 Intellth

168 5491 355 5552 licentia
369 5516 494 5564 pene
516 5491 769 5564 maritali,
792 5500 916 5563 quia
939 5512 1172 5564 sponsus
1199 5505 1337 5563 erat,
1365 5513 1473 5550 non
1503 5491 1752 5564 inaritu's,

168 5569 291 5639 quod
323 5572 518 5624 clarius
559 5569 886 5639 exprimitur
912 5569 1089 5622 verbis
1132 5573 1324 5638 futura:
1363 5570 1561 5622 uxoris.
1592 5567 1740 5623 Non-

169 5635 277 5711 tium
299 5657 422 5711 ergo
451 5635 786 5696 Maria'uxor
813 5649 953 5692 erat.
981 5635 1178 5711 Postea
1211 5651 1392 5692 tamen
1417 5639 1696 5711 suhjttngit
1722 5657 1734 5692 :

173 5705 418 5783 Quomodo
464 5711 687 5778 Ioseph,
720 5725 838 5762 cum
871 5711 1061 5783 crimen
1096 5710 1282 5783 celaret
1317 5705 1530 5773 uxoris;
1557 5705 1737 5783 justus

170 5780 426 5852 scribitur!
458 5785 564 5839 Sed
597 5785 694 5834 hoc
723 5781 1071 5834 testimonium
1115 5781 1300 5835 Mariw
1322 5791 1426 5844 est,
1465 5780 1606 5852 quod
1642 5780 1739 5835 Jo-

170 5851 274 5914 tcplt
301 5855 457 5908 sciens
493 5855 637 5909 illius
669 5853 956 5907 castitatem
980 5894 994 5919 ,
1037 5864 1082 5907 et
1123 5852 1389 5907 admirans
1410 5892 1423 5919 ,
1455 5851 1594 5922 quod
1625 5869 1737 5907 ettr-

1869 2434 2047 2501 nerat,
2085 2426 2219 2501 celat
2248 2427 2488 2492 silentio,
2526 2431 2678 2501 cujus
2696 2430 3025 2501 "mysterium
3068 2430 3343 2484 nesciebat.
3375 2429 3474 2485 Hic

1867 2496 2192 2572 simpliciter
2229 2509 2387 2552 vocat
2419 2496 2634 2572 uxorein
2661 2496 2887 2572 Mariam
2916 2544 2930 2568 ,
2981 2516 3104 2556 cum
3139 2502 3304 2572 paulo
3340 2510 3473 2558 ante

1864 2568 2098 2640 futuram
2121 2583 2333 2621 umorem
2357 2571 2712 2640 appellasset.
2757 2571 2954 2625 Nescio
2974 2587 3106 2626 vero
3123 2568 3226 2634 [an
3257 2573 3475 2640 probari

1864 2639 2034 2714 possit
2059 2680 2073 2703 ,
2107 2641 2328 2694 nomine
2353 2639 2546 2709 futura:
2575 2642 2754 2696 uxoris
2780 2642 2850 2694 ab
2876 2642 3210 2714 Hieronymo
3236 2639 3470 2712 intelligi

1863 2713 2094 2784 futuram
2139 2723 2357 2784 matrem
2390 2723 2482 2765 aut
2523 2723 2737 2766 ntatrem
2780 2713 3009 2784 familias
3052 2713 3473 2784 {Hieronymus

1861 2783 2004 2836 enim
2041 2783 2094 2836 in
2137 2782 2316 2852 futura
2346 2799 2506 2837 uxore
2551 2782 2817 2840 rationem
2862 2786 3042 2840 innuit
3110 2800 3210 2840 cur
3265 2782 3468 2855 loseph

1854 2855 2036 2908 omnia
2067 2855 2306 2908 sciVeril.

1929 2926 2054 2980 177.
2104 2925 2390 3000 blattltmus
2415 2967 2431 2991 ,
2471 2941 2518 3000 ι,
2549 2926 2620 2981 “25
2653 2943 2666 2982 :
2719 2927 2785 2981 Et
2824 2926 3075 3000 vocabunt
3125 2942 3308 3000 nom_en
3359 2930 3472 3000 ejus

1859 2994 2195 3058 Emmanuel,
2219 2997 2358 3068 quod
2377 3008 2451 3052 est
2471 2999 2891 3068 interpretatum,
2917 2998 3202 3053 Nobiscum
3223 2994 3395 3052 Deus:
3411 2999 3468 3054 In

1857 3069 2050 3124 codice
2093 3069 2298 3124 Barthii
2347 3071 2527 3139 glossa
2578 3080 2698 3124 erat
2740 3069 3114 3125 Homo-Deus.
3165 3069 3473 3125 ltelativum

1859 3141 1944 3194 cui
1988 3142 2040 3196 in
2087 3141 2194 3196 line
2224 3141 2436 3207 periodi
2468 3155 2656 3194 rarum
2694 3152 2800 3207 est,
2825 3141 2922 3196 sed
2955 3141 3250 3210 aliquando
3283 3149 3466 3195 tamen

1863 3215 2158 3284 usitatum,
2200 3219 2260 3265 ut
2298 3211 2664 3284 aPrudentio
2707 3217 2895 3284 hymn.
2943 3212 2978 3266 ἓ
3032 3212 3230 3268 Perist.
3264 3228 3316 3265 v.
3342 3213 3473 3268 299:

1863 3280 2105 3338 Gemmas
2139 3283 2343 3338 corusci
2365 3284 2597 3346 luminis,
2619 3280 2931 3339 ——0r'natur
2962 3285 3060 3339 hoc
3085 3284 3330 3354 templum
3353 3285 3473 3354 qui-

1862 3355 1952 3409 bus
1985 3372 2140 3428 :quio
2168 3371 2327 3428 versu
2348 3355 2623 3410 clauditur
2646 3360 2890 3428 stropha.

1936 3427 2058 3500 178.
2077 3426 2362 3500 Sponsalia
2377 3438 2528 3498 pacta
2544 3443 2564 3500 7:
2581 3429 2624 3481 si
2653 3426 3048 3500 proprietatem
3074 3427 3367 3500 verborum
3395 3439 3477 3483 at-

1861 3499 2075 3562 tendas,
2111 3498 2302 3553 rursus
2333 3499 2586 3554 censebis
2641 3498 2944 3554 iuvencum
2975 3500 3028 3554 in
3060 3514 3122 3554 ea
3147 3498 3318 3555 fuisse
3349 3501 3465 3569 opi-

1860 3571 2048 3642 nione,
2078 3571 2139 3625 B.
2177 3569 2453 3641 Virginem
2486 3570 2728 3625 nonduin
2762 3571 3003 3640 losepho
3033 3571 3308 3642 nupsisse,
3347 3587 3474 3627 cum

1861 3641 1908 3694 is
1927 3645 2046 3710 ejus
2073 3643 2341 3696 thalamos
2366 3656 2642 3708 recusare,
2667 3653 2721 3696 et
2739 3644 2806 3698 ab
2834 3641 3182 3711 sponsalibus
3205 3644 3471 3700 recedere

1860 3714 2158 3785 cogitabat.
2171 3713 2294 3785 Sed
2326 3729 2554 3785 necesse
2589 3729 2698 3768 non
2727 3723 2834 3777 est,
2861 3723 2920 3768 ut
2949 3715 3002 3768 in
3033 3713 3274 3769 Juvenco
3300 3715 3473 3785 magis

1859 3799 2020 3852 quam
2054 3791 2104 3838 in
2147 3783 2444 3854 Evangelio
2477 3787 2872 3854 proprietatem
2906 3787 3201 3842 verborum
3226 3783 3465 3842 retine—a-

1858 3870 1999 3909 mus.
2025 3854 2228 3910 Confer
2254 3865 2463 3909 notam.
2493 3856 2559 3909 ad
2588 3872 2732 3911 vers.
2766 3857 2894 3912 174.

1932 3927 2058 3982 179.
2087 3926 2314 3982 CAPUT
2353 3925 2438 3981 Vl.
2494 3926 2738 3982 Edictum
2763 3928 2985 3998 Augusti
3033 3926 3276 3984 Caesaris.
3313 3929 3474 3986 Luca!

1858 4012 1928 4060 ιι,
1961 3999 2074 4071 1-’11
2109 3998 2316 4050 Novum
2341 4013 2552 4053 censum
2594 3999 3069 4071 vocatslnvencus
3093 4040 3108 4060 .
3153 4009 3212 4054 ut
3238 4002 3477 4071 explicet

1858 4069 2024 4123 verba
2055 4068 2366 4142 Lu_ca3‘cap.
2399 4071 2520 4142 cit.,
2551 4086 2604 4124 v.
2630 4070 2666 4123 2
2689 4089 2701 4124 :
2723 4069 2854 4124 Haec
2875 4071 3131 4142 professio
3145 4068 3478 4142 printa'facta

1857 4149 1952 4212 est,
1983 4153 2090 4195 etc.
2113 4140 2190 4193 Ex
2221 4138 2312 4212 his
2338 4140 2604 4208 versibus,
2635 4151 2692 4195 ut
2717 4143 2790 4194 ait
2818 4138 3078 4196 Barthius
3105 4138 3470 4212 l.'t.xtx,'cap.

1858 4209 1916 4275 5,
1949 4213 2255 4266 clarissime
2282 4209 2580 4274 docemur,
2613 4221 2668 4265 et
2698 4213 2828 4281 quid
2851 4213 3125 4268 discussio
3157 4214 3228 4267 sit
3262 4214 3314 4267 in
3347 4209 3470 4268 tali-

1857 4281 1960 4337 bus
1986 4283 2316 4354 scriptorum
2348 4283 2508 4346 locis,
2535 4290 2591 4336 et
2613 4297 2734 4351 qus:
2760 4284 2848 4337 illa
2881 4284 3138 4338 recensio
3169 4283 3335 4338 fuerit
3365 4300 3468 4354 po-

1858 4355 2110 4423 pulcrum
2152 4353 2254 4407 sub
2294 4354 2582 4422 Angusto:
2623 4354 2772 4424 quali
2816 4355 2906 4409 vix
2949 4356 3134 4410 multis
3173 4353 3469 4412 verborum

1858 4425 2100 4494 periodis
2128 4424 2524 4494 descripserint
2547 4424 2662 4478 alii.
2685 4425 2876 4493 Addit,
2904 4426 3308 4482 discussionem
3341 4429 3468 4484 novi

1856 4511 2055 4550 census
2091 4497 2196 4550 dici
2226 4537 2240 4561 ,
2271 4500 2397 4566 quia
2438 4511 2548 4549 non
2593 4495 2715 4550 talis
2745 4497 3019 4552 discussio
3045 4513 3244 4553 census
3293 4497 3471 4556 fuerat

1858 4582 1955 4634 per
1983 4577 2253 4622 terrarum
2279 4567 2464 4621 orbem
2488 4569 2591 4621 ulla
2621 4577 2928 4637 temporum
2962 4571 3226 4624 memoria
3257 4571 3464 4627 audita.
3521 4604 3533 4617 ι

1274 4641 1479 4712 Mar-lyr
1521 4639 1757 4709 Ignatitts
1786 4655 1841 4716 Β
1865 4638 2145 4716 Invenitur
2179 4639 2379 4716 deinde
2405 4649 2598 4694 contra
2613 4638 2814 4716 Georg.
2847 4641 3184 4702 Fabricium.
3210 4645 3351 4711 quod
3371 4652 3468 4699 aut

1867 4712 2161 4766 mutaverit
2203 4713 2318 4779 ipse
2342 4725 2528 4765 veram
2557 4712 2883 4780 scripturam
2911 4753 2926 4776 ,
2957 4725 3049 4767 aut
3071 4717 3321 4768 vitiosam
3352 4716 3469 4782 pri-

1867 4797 2014 4837 scam
2040 4783 2340 4838 editionem
2372 4782 2525 4849 sequi
2551 4782 2804 4837 voluerit.
2840 4784 3017 4850 Certe,
3053 4784 3222 4854 inquit
3252 4823 3267 4850 ,
3301 4787 3473 4853 suspi-

1866 4870 1974 4915 cor,
2004 4854 2164 4908 nimia
2193 4854 2401 4908 licentia
2432 4855 2487 4906 in
2525 4864 2760 4908 auctores
2787 4897 2800 4920 ,
2835 4871 2962 4923 quos
2992 4853 3185 4910 schola:
3210 4871 3470 4911 commen-

1865 4925 2047 5000 dabat,
2077 4927 2249 4997 ipsum
2271 4924 2488 4979 illusum
2516 4942 2546 4976 a
2572 4923 3219 5000 scholasticosupercilio.
3249 4927 3343 4980 Cui
3375 4946 3469 5000 ge-

1863 4998 1976 5050 neri
2005 4998 2270 5050 hominum
2310 5012 2497 5066 parunt
2529 4997 2703 5062 abest,
2740 4999 2866 5067 quin
2901 4999 3155 5051 bonorum
3194 4997 3470 5054 auctor—um

1862 5072 2093 5140 recensio
2130 5083 2328 5138 semper
2366 5069 2564 5135 aliquid
2610 5069 2864 5139 superbiat
2896 5067 3167 5140 culpabilis
3212 5071 3469 5128 induerit.

1861 5138 2128 5212 Catholici
2173 5140 2614 5212 scriptores,rqui
2646 5138 2718 5212 ita
2748 5141 2817 5212 de
2848 5138 3098 5212 Fabricio
3122 5141 3461 5212 jndicarunt,

1859 5211 2193 5264 auctoritate
2236 5210 2526 5264 acatholici
2567 5210 2807 5264 hominis
2848 5211 3053 5265 Barthii
3096 5211 3254 5266 facile
3297 5210 3457 5270 situm

1866 5282 2128 5350 judicium
2158 5283 2297 5336 tueri
2323 5290 2568 5352 possunt.
2598 5281 2866 5336 Discussio
2880 5292 3060 5337 autem
3084 5283 3213 5352 quid
3243 5285 3332 5348 sit,
3362 5299 3460 5339 ex-

1862 5352 2294 5421 plicatBarthins
2327 5352 2463 5407 locis
2487 5351 2690 5407 citatis.
2724 5354 2851 5406 Erat
2877 5355 3021 5407 enim
3044 5351 3313 5421 quoddam
3345 5354 3467 5408 olli-

1855 5426 1998 5480 cinm
2023 5423 2370 5488 discussoris,
2410 5439 2607 5492 nempe
2647 5426 2998 5494 inspecmris,
3047 5429 3295 5494 censoris
3322 5464 3337 5486 ,
3365 5433 3462 5479 aut

1858 5495 2147 5565 quzestOris
2173 5510 2188 5559 ;
2221 5510 2286 5547 ac
2310 5496 2536 5562 proinde
2557 5493 2822 5549 discuséio
2849 5503 2933 5550 est
2981 5493 3247 5560 il|S|leCli0
3275 5533 3290 5556 .
3324 5509 3458 5565 cen-

1858 5561 1960 5628 sio.
1994 5581 2212 5632 census,
2255 5561 2571 5634 diligentior
2611 5570 2965 5631 examinatio,
3009 5567 3285 5634 scrutatio.
3325 5561 3460 5619 Vide

1851 5638 1889 5692 Ι.
1931 5653 1964 5692 x
1995 5636 2130 5691 Cod.
2164 5677 2180 5698 ,
2212 5637 2298 5691 tit.
2332 5633 2433 5701 '50,
2467 5635 2576 5706 leg.
2603 5639 2657 5700 1,
2689 5645 2796 5689 etc.
2834 5633 3134 5706 Macrobius
3157 5676 3172 5706 ,
3205 5633 3455 5706 Symma-

1843 5709 1980 5763 chus
1997 5751 2011 5774 ,
2042 5708 2216 5761 Julius
2240 5706 2508 5762 Firtnicus
2524 5702 2859 5762 'vocabulntn
2884 5703 3133 5760 discussio
3155 5702 3255 5756 hac
3274 5702 3440 5772 signi;

1847 5782 2095 5836 licatione
2127 5787 2408 5848 usurpant.

1919 5849 2041 5906 180.
2104 5841 2343 5904 Plurima
2385 5857 2556 5916 terra),
2591 5855 2648 5903 ut
2692 5857 2891 5902 ammtta
2934 5851 3202 5908 locorum,
3258 5841 3445 5913 aspera
