4058 6322
432 308 500 365 87
1699 293 1761 350 c.
1809 252 1869 347 v.
1915 289 2144 360 AQUIL.
2186 286 2475 345 JUVENCI
3662 276 3731 333 ss

463 420 592 479 210.
637 418 705 474 Ει
743 415 908 473 simul
941 415 1025 471 his
1053 411 1218 469 dictis
1246 410 1369 467 coeli
1403 417 1616 467 secreta
1647 406 1917 465 revisunt.

583 511 846 568 Pastores
874 519 1113 579 propere
1156 502 1411 585 veniunt,
1462 512 1801 573 puerumque
1842 497 2057 585 jacen:

1831 588 1966 660 [tem

589 695 862 766 Prasepis
883 693 1093 765 gremio
1123 699 1395 747 cernunt:
1429 696 1558 759 post
1593 684 1720 742 inde
1745 692 2041 755 sequentes

593 790 925 861 Dispergunt
949 787 1059 843 late
1090 784 1287 842 celeris
1312 797 1447 855 vaga
1480 781 1689 837 semina
1718 780 1892 834 fama.

589 884 852 942 Mirantes
880 880 1127 947 laudant,
1160 877 1410 933 laetantes
1436 879 1898 944 constupuerunt,

2060 410 2115 467 Α
2170 400 2301 459 215.
2344 399 2539 456 Omnia
2586 397 2868 455 nocturnis
2914 395 3141 453 monitis
3185 392 3354 466 quod,
3375 408 3504 450 vera
3546 406 3732 448 recur-

3498 483 3662 558 [rant.

2286 587 2400 661 96
2426 584 2653 642 Viderat
2681 592 2930 641 octavam
2963 583 3143 638 lucem
3171 596 3341 652 puer:
3371 594 3505 638 ecce
3535 577 3702 634 recidi

2290 684 2375 740 Ad
2399 696 2609 738 morem
2640 679 2800 750 legis,
2836 691 3145 747 nomenque
3166 686 3599 747 aplarenccesse
3622 680 3739 729 est:

2291 778 2725 848 lmpositumqne
2753 776 2834 831 illi
2855 784 2962 842 est,
2993 772 3222 830 monitis
3253 768 3574 828 calcstihus
3610 766 3741 821 olim

2290 870 2446 941 Quod
2477 870 2664 927 Mariae
2694 884 2800 927 vox
2825 867 2995 926 missa
3017 867 3144 942 Deo
3171 863 3456 938 praecepit,
3488 861 3661 919 Iesus.

1691 1031 2080 1092 LECTIONES
2119 1031 2543 1091 VARIANTES.

520 1159 652 1217 ‘210.
694 1156 852 1223 Ald.,
886 1153 1088 1219 Rom.,
1134 1151 1245 1218 his;
1296 1150 1425 1214 alii,
1472 1149 1559 1205 iis.
1606 1147 1667 1205 In
1711 1148 1918 1217 Torn.,
1969 1148 2050 1213 his

451 1234 642 1296 doctis,
671 1227 927 1285 mendum
958 1232 1109 1296 puto.

523 1293 653 1360 212⁷.
699 1300 908 1357 Poelm.
937 1293 1035 1366 pro
1065 1295 1224 1366 d.gs.,
1253 1293 1378 1349 inde
1396 1303 1683 1366 sequentes.

526 1376 652 1431 215.
697 1372 903 1434 Torn.,
939 1362 1089 1432 'Ott.,
1133 1364 1295 1437 Beg.,
1338 1362 1513 1437 codex
1561 1363 1791 1431 Barthii,
1828 1362 2047 1437 celeris;

456 1447 707 1521 plerique
734 1437 1151 1521 editi,.celebris,
1170 1434 1321 1521 quod
1347 1436 1399 1519 in
1436 1434 1548 1491 Ott.
1580 1436 1796 1521 videtur
1820 1436 1996 1521 fuisse.
2018 1451 2046 1489 a

462 1506 546 1588 'pr.
577 1506 675 1581 m'.,
701 1524 757 1571 et
781 1522 866 1569 est
887 1512 940 1565 in
973 1509 1147 1588 Rom._
1166 1506 1446 1588 Omeisius
1474 1506 1698 1588 praefert
1727 1506 1891 1562 etiam
1919 1506 2054 1562 cele-

460 1578 595 1652 bris.
625 1578 749 1659 quia
780 1599 886 1659 vos
914 1598 1046 1659 ruga
1066 1580 1406 1659 celeritatem
1426 1579 1542 1648 jam
1573 1578 1801 1634 indicat.

526 1648 661 1718 214Ῑ
700 1658 757 1714 1η
787 1648 1050 1712 Ottobon.
1081 1651 1231 1723 prius
1260 1650 1479 1723 ponitur
1520 1664 1714 1707 versus
1752 1665 1897 1722 seq.,
1931 1648 2058 1705 0m-

2148 1293 2313 1348 unice

2158 1380 2316 1432 aque

2157 1148 2268 1219 nia,
2300 1149 2426 1206 dein
2456 1148 2553 1205 hic
2583 1146 2856 1203 Mirantes.

2215 1208 2344 1276 216.
2387 1220 2593 1276 Barthii
2614 1219 2813 1279 codex.
2844 1226 2999 1284 atque
3027 1214 3211 1282 recidi,
3237 1225 3399 1284 quam
3422 1208 3753 1284 scripturam

2379 1294 2531 1347 robat
2578 1290 2856 1346 Barthius.
2899 1279 3170 1359 Plerique,
3199 1279 3343 1340 'ecce
3388 1282 3571 1349 recidi,
3614 1279 3758 1351 quud
3846 1310 3858 1318 ο

2226 1380 2316 1432 lue
2350 1372 2552 1419 bonum
2586 1372 2690 1416 est.

2226 1435 2352 1495 218.
2394 1434 2591 1503 Torn.,
2620 1432 2723 1495 illi.
2757 1432 2997 1497 monitis,
3030 1430 3152 1485 sine
3180 1437 3275 1485 est.

2230 1505 2357 1562 219.
2398 1495 2739 1577 Reg.,inissa
2769 1521 2801 1559 a
2833 1502 2965 1570 Deo,
2986 1495 3187 1558 contra
3220 1510 3479 1567 metrum,
3511 1495 3764 1552 immisso

2160 1596 2194 1633 a
2225 1594 2290 1635 es
2328 1578 2510 1650 aliqua
2542 1577 2723 1651 glossa
2758 1578 2811 1631 in
2849 1583 3081 1632 textum.

1988 1780 2215 1841 NOTAE.

463 1911 632 1970 nullis
675 1918 883 1971 tamen,
929 1910 989 1959 ut
1038 1903 1094 1957 in
1148 1901 1403 1972 Vulgata,
1448 1909 1503 1956 et
1534 1899 1768 1972 ingltala
1812 1900 2064 1957 versione
2093 1905 2141 1966 B
2170 1913 2323 1959 munt
2374 1904 2548 1971 clare,
2598 1902 2979 1960 circumcisum
3034 1900 3205 1958 fuisse
3252 1914 3484 1971 puerum
3533 1898 3767 1955 Iesum:

468 1980 758 2039 hominibus
784 1970 929 2032 bona
963 1970 1279 2040 voluntatis,
1299 1971 1548 2034 εὐδοκίας.
1584 1970 1834 2042 Vulgata:
1865 1987 2063 2041 magno

464 2066 739 2112 consensu
770 2049 1030 2104 accinunt
1054 2046 1261 2100 l’atres.
1295 2043 1571 2100 iuvencus
1591 2043 1754 2115 etiam
1770 2046 1945 2115 justas
1972 2043 2066 2099 ho-

2171 1974 2237 2047 Et
2265 1985 2532 2047 postquam
2560 1976 2902 2030 consummati
2931 1985 3045 2029 sunt
3073 1974 3201 2047 dies,
3230 1983 3367 2047 oct_o,
3409 1980 3465 2025 ut
3489 1971 3769 2047 circumci-

2167 2041 2546 2114 derelur'puer,
2575 2057 2815 2101 vocatum
2841 2055 2917 2101 est
2942 2061 3131 2100 nomen
3154 2045 3265 2110 eius
3294 2042 3470 2099 Iesus.
3510 2041 3777 2110 Apertius

470 2128 633 2181 mines
661 2138 775 2177 cum
797 2120 945 2185 dicit,
974 2117 1230 2188 intelligit
1258 2116 1484 2188 interra
1512 2114 1948 2188 pax_hominibus
1978 2115 2068 2170 bo-
2168 2117 2517 2174 circumcisio
2547 2119 2819 2174 indicatur
2846 2118 2899 2171 in
2941 2126 3097 2171 textu
3128 2117 3344 2188 Graec,
3375 2114 3466 2188 ubi
3498 2121 3621 2188 post
3651 2128 3778 2185 puer

470 2212 551 2252 na
587 2192 897 2251 voluntatis.
930 2184 1251 2244 Menocltius
1297 2187 1376 2241 sic
1421 2195 1602 2241 textus
1632 2184 1811 2242 Latini
1844 2200 2066 2241 sensum

472 2265 744 2338 espnnit:
803 2261 870 2338 In
923 2270 1220 2338 terra_paa:_
1254 2257 1547 2338 hominibus
1593 2257 1741 2311 bona
1786 2259 2069 2338 uoluntatis

476 2328 687 2397 dicina.
734 2343 783 2389 et
830 2328 1137 2403 beneplacit’i
1165 2329 1352 2393 divini,
1387 2330 1442 2403 id
1476 2340 1578 2403 est,
1630 2345 1733 2403 pax
1781 2328 2074 2403 hominibus

477 2427 605 2481 quos
633 2407 772 2485 Deus
802 2399 968 2485 amat,
994 2413 1040 2457 ct
1054 2404 1168 2473 jam
1194 2399 1566 2485 gratosAhabet,
1601 2399 1646 2453 et
1682 2400 1736 2453 in
1763 2400 1946 2485 quibus
1976 2402 2073 2455 sibi

480 2472 785 2547 complacet.
821 2472 1165 2530 Maldonatus
1197 2472 1342 2547 idem
1377 2480 1652 2547 tenuerat,
1693 2474 1786 2541 qui
1829 2472 1897 2547 ad
1932 2488 2075 2547 prat—

482 2542 787 2609 destiiiatos
837 2548 981 2602 hunc
1005 2546 1185 2603 locum
1213 2543 1398 2599 refert.
1449 2543 1552 2597 Alii
1599 2542 1747 2597 bona
1790 2542 2074 2599 voluntatis

482 2623 716 2678 homines
754 2618 1055 2688 appellant,
1090 2616 1185 2681 qui
1211 2616 1406 2670 bonam
1440 2613 1680 2688 habeant
1703 2614 2068 2688 voluntatem,

482 2704 541 2751 et
576 2694 644 2748 ad
685 2686 1050 2757 recipiendam
1083 2702 1294 2757 pact-nt,
1320 2686 1883 2757 qumannuntiahatur
1905 2727 1920 2751 ,
1948 2701 2073 2754 pro-

486 2778 737 2836 pensam.
754 2756 1434 2836 WetsteniusScripturatn
1467 2758 1521 2812 in
1544 2772 1676 2812 mss.
1702 2756 1909 2813 Graecis
1925 2771 2075 2812 com-

488 2829 707 2893 inunem
748 2836 949 2888 acriter
976 2829 1240 2886 defendit.

555 2907 684 2963 210.
730 2903 975 2974 Vulgata,
1011 2901 1371 2957 Discesserunt
1418 2900 1482 2954 ab
1530 2900 1603 2954 eis
1650 2901 1827 2974 angeli
1872 2902 1927 2956 in
1976 2916 2081 2974 ca-

489 2977 621 3033 lum.
665 2971 855 3034 Simili
876 2975 1041 3030 modo
1072 2983 1260 3029 testas
1286 2987 1518 3043 graecus.
1555 2975 1618 3025 At
1665 2971 1799 3027 Itala
1839 2982 1996 3043 vetus
2029 2972 2083 3026 in

490 3049 770 3106 nonnullis
807 3061 935 3102 mss.
987 3047 1038 3100 in
1065 3041 1348 3116 singulari,
1381 3043 1635 3116 Discessit
1675 3043 1912 3116 angelus.
1958 3041 2084 3116 Cali

492 3132 727 3186 secreta;
754 3117 967 3188 phrasis
982 3116 1050 3172 ab
1070 3115 1193 3170 aliis
1213 3114 1375 3170 etiam
1399 3114 1574 3188 poetis
1600 3114 1881 3188 usurpata.
1901 3123 1959 3169 ut
1973 3114 2086 3168 dixi

495 3192 565 3247 ad
600 3184 949 3247 Dracontium
982 3188 1078 3241 lib.
1108 3202 1176 3250 ιι,
1211 3202 1355 3242 vers.
1385 3184 1442 3250 4,
1479 3186 1608 3250 Qua
1638 3186 1753 3239 cali
1783 3194 1977 3239 secreta
2007 3195 2084 3238 te-

534 3274 645 3317 unt.
668 3265 710 3317 A
736 3261 912 3328 poetis
929 3258 1020 3313 alii
1035 3259 1086 3313 id
1105 3264 1454 3328 acceperunt,
1486 3254 1855 3326 utGregorius
1868 3256 2089 3325 Magnus

534 3281 645 3317 unt.
668 3281 710 3317 Α
736 3281 912 3328 poetis
929 3281 1020 3313 aut
1036 3281 1086 3313 tu
1105 3281 1454 3323 acceperunt,
1486 3281 1855 3326 uturcgurlus
1868 3281 2089 3325 magnus

494 3281 592 3390 ἥδ.
614 3349 653 3388 ιι
696 3332 906 3401 Dialog.
936 3345 1056 3398 cap.
1083 3330 1175 3401 55.
1210 3324 1337 3382 Cati
1359 3338 1556 3401 secreta
1577 3336 1863 3401 penetrare.
1904 3328 2092 3401 Appo-

498 3405 605 3461 site
633 3406 796 3459 etiam
832 3397 1061 3456 reivisunt
1107 3400 1314 3454 dictum
1366 3397 1436 3453 de
1491 3399 1721 3469 angelis,
1775 3401 1866 3465 qui
1914 3397 2097 3453 adlo-

501 3489 627 3532 cum
674 3489 855 3539 suum,
893 3471 1038 3527 unde
1065 3479 1358 3536 venerunt,
1392 3469 1645 3541 redeunt.
1674 3468 1932 3541 Virgilius
1987 3484 2096 3525 non

502 3548 675 3604 semel
707 3548 811 3601 hoc
847 3542 1017 3598 verbo
1043 3557 1173 3597 usus
1198 3552 1285 3596 est
1317 3542 1409 3595 tali
1466 3540 1797 3611 significatu.

575 3618 703 3673 212.
747 3616 1013 3672 Gremium
1041 3614 1319 3683 eleganter
1351 3612 1698 3675 transfertur,
1745 3620 1801 3666 et
1829 3612 1898 3668 de
1938 3611 2102 3667 rebus

508 3689 762 3745 inanimis
808 3686 1030 3751 dicitur,
1062 3683 1414 3757 utgremium
1445 3692 1613 3748 terra,
1652 3684 1907 3757 gremium
1926 3683 2101 3757 aliis,

506 3761 758 3832 gremium
799 3757 1036 3814 Gracia.
1066 3754 1367 3832 Siliuslib,
1406 3769 1536 3832 vni,
1570 3753 1978 3832 y_efs._1_92,__de
2004 3753 2105 3809 llu-

505 3823 656 3888 inine
686 3850 700 3887 :
735 3831 911 3885 Donec
938 3843 1159 3882 arenosa
1196 3825 1292 3894 (sic
1340 3823 1505 3897 fama)
1563 3824 1837 3881 Numicius
1864 3827 2105 3881 illam-

508 3902 752 3973 Suscepit
786 3901 1016 3977 gremio,
1053 3900 1324 3977 vitreisque
1351 3897 1620 3951 abscondit
1647 3900 1700 3977 in
1725 3900 1913 3953 antris.
1959 3897 2015 3952 In
2048 3913 2105 3953 re

511 3969 723 4039 nostra,
750 3969 871 4030 cum
901 3985 1086 4028 sermo
1121 3969 1193 4024 sit
1220 3970 1291 4025 de
1333 3982 1523 4037 puero,
1554 3969 1818 4038 majorem
1850 3980 2106 4024 venusta-

512 4056 622 4101 tem
651 4046 816 4100 habet
839 4044 1092 4111 Prascpis
1120 4042 1317 4114 gremio
1344 4049 1805 4114 cernuntpuerum
1817 4045 2104 4113 jacentem.

584 4118 712 4173 215.
750 4110 1025 4174 Iuvencus
1056 4110 1162 4169 vim
1204 4114 1356 4168 verbi
1401 4110 1594 4168 Graeci
1629 4110 1955 4179 complexus
1981 4123 2103 4167 est:

511 4204 639 4246 nam
663 4189 995 4265 διιγνὼρισαη
1015 4185 1477 4265 ambiguum‘est,
1510 4194 1564 4238 et
1598 4184 1875 4265 signiticat
1916 4199 2109 4255 cogno-

511 4271 716 4328 verunt,
741 4256 805 4316 ac
834 4256 1000 4313 simul
1027 4267 1151 4311 nota
1170 4256 1289 4310 aliis
1326 4257 1594 4328 fecerunt,-
1635 4256 1782 4327 quod
1817 4263 2109 4326 utrumque

516 4332 791 4388 Iuvencus
812 4330 1102 4399 espressit.

584 4401 714 4458 2M.
774 4397 1198 4471 Constupuerunt
1241 4413 1270 4452 a
1301 4406 1604 4471 constupeo,
1655 4398 1809 4471 qu0d_
1851 4397 2104 4466 verbum,

516 4474 726 4541 nescio,
755 4477 823 4527 an
846 4467 1010 4541 alium
1033 4479 1315 4525 auctorem
1337 4467 1535 4541 habeat
1564 4478 1761 4541 praeter
1781 4467 2105 4525 Iuvencum.

516 4547 585 4601 Et
613 4539 803 4616 potuit,
831 4539 1050 4612 quidem
1106 4542 1151 4595 is
1201 4541 1384 4595 dicere
1414 4539 1649 4616 latantes
1688 4540 2062 4616 obstupuerunt
2094 4556 2113 4594 :

515 4612 834 4744 sled'lmaluit
859 4619 1298 4683 constupuerunt,
1335 4621 1391 4666 ut
1425 4612 1588 4666 simul
1619 4624 1812 4665 omnes
1835 4613 2112 4682 stupuisse

557 4701 620 4743 ec
643 4695 843 4743 araret.
1049 4732 1054 4739 .

557 4689 843 4743 eclararet.
1049 4732 1054 4739 .

587 4758 719 4814 215.
774 4756 1073 4825 Stupebant
1122 4763 1402 4825 pastores,
1463 4751 1619 4825 quod
1655 4753 1838 4808 omnia
1891 4755 2111 4810 monitis

520 4828 805 4885 nocturnis
848 4823 1279 4895 reSponderent;
1322 4839 1453 4879 vera
1490 4823 1746 4895 nimirum
1793 4835 1978 4879 essent
2021 4842 2106 4891 ea,

522 4902 591 4956 de
611 4901 806 4971 quibus
832 4894 1002 4971 noctu
1019 4897 1298 4971 admoniti
1320 4896 1558 4971 fuerant.
1588 4894 1685 4949 Hic
1707 4905 1885 4971 autem
1917 4907 2110 4971 stupor

522 4966 735 5027 narrari
757 4970 974 5026 videtur
998 4969 1069 5023 de
1090 4969 1198 5034 die,
1224 4977 1315 5023 aut
1348 4967 1544 5022 diebus
1561 4968 1939 5036 sequentibus.
1971 4966 2109 5022 Cum

520 5043 669 5098 enim
694 5039 1252 5113 pastoresrvidissent
1279 5052 1512 5109 puerum
1553 5038 1848 5113 iacentem,
1884 5049 2018 5113 post.
2052 5047 2112 5113 ut

522 5128 671 5169 vers.
695 5110 830 5168 ’212
870 5112 1088 5175 dicitur,
1122 5112 1476 5175 disperserunt
1509 5123 1641 5177 vaga
1683 5110 1879 5163 semina
1931 5110 2113 5164 celeris

525 5188 702 5257 fama.
735 5184 866 5240 Inde
892 5181 1160 5257 sequitur,
1193 5181 1450 5257 Latantes
1470 5179 1870 5257 obstupuerunt,
1890 5180 2115 5257 ῖ-ρηι-

525 5253 616 5313 nia
635 5257 898 5310 nocturnis
920 5255 1130 5310 monitis
1150 5254 1289 5320 quod
1317 5269 1438 5309 vera
1469 5260 1764 5309 recurrant.
1796 5253 1945 5309 Ordo
1973 5254 2119 5309 idem

526 5328 810 5398 expositus
835 5341 958 5384 esse
985 5325 1198 5381 videtur
1224 5326 1279 5398 in
1306 5340 1467 5398 sacro
1491 5324 1705 5398 codice.
1756 5325 1896 5380 Vera
1932 5340 2118 5398 recur—

525 5395 669 5466 rant,
712 5409 770 5455 ut
798 5399 899 5454 lib.
928 5413 967 5453 tt
993 5411 1139 5454 vers.
1174 5396 1304 5467 769,
1341 5396 1411 5451 Ut
1445 5398 1639 5452 dictum
1665 5395 1823 5452 Isaia
1849 5398 2032 5453 merita
2058 5397 2124 5452 de

527 5469 675 5545 r1699
683 5478 944 5545 revertat-

597 5541 725 5600 216.
756 5539 988 5599 CAPUT
1024 5539 1160 5597 Vlll.
1192 5537 1534 5598 Circumcisio
1592 5538 1824 5596 Domini.
1869 5540 2003 5597 Luc.
2052 5555 2124 5611 tt,

527 5615 733 5742 2121⁵1.
766 5686 995 5742 Exstant
1024 5684 1323 5757 peculiares
1352 5682 1778 5757 Dissertationes
1808 5682 1886 5739 De
1906 5685 2127 5757 circum-

534 5757 726 5828 cisione
749 5755 1194 5824 Dominia'Guil.
1208 5755 1443 5828 lpysero,
1472 5756 1946 5828 AntonioByn-no,
1980 5755 2120 5828 Dan.

532 5822 799 5889 Gerdesio
821 5822 1166 5903 conseriptze.
1197 5822 1375 5885 Vérba
1417 5822 1786 5901 Evangelista'
1808 5844 1914 5885 non
1946 5822 2124 5898 ex'pri-

2171 2198 2256 2244 est
2284 2190 2545 2261 particula
2574 2200 2644 2251 et.
2672 2205 2778 2261 qua
2815 2186 3217 2261 quodammodo
3237 2186 3508 2261 asseritur
3539 2186 3782 2240 circum—

2171 2260 2327 2327 cisio,
2355 2270 2409 2315 et
2438 2259 2658 2316 additur
2687 2257 2966 2325 impositio
2998 2258 3239 2313 nominis
3270 2277 3282 2312 :
3321 2257 3596 2313 Jnvencus
3627 2265 3780 2312 certe

2173 2332 2647 2389 circumcisionem
2697 2332 2927 2395 astruit;
2978 2347 3097 2398 quae
3128 2330 3234 2385 title
3268 2328 3450 2384 divina
3496 2327 3778 2383 credenda

2175 2413 2284 2468 est,
2316 2418 2439 2459 cum
2473 2407 2731 2459 universa
2766 2403 3015 2460 Ecclesia
3049 2403 3122 2456 ita
3153 2400 3319 2457 verba
3352 2400 3511 2455 Luca
3560 2399 3783 2455 intelle-

2174 2474 2338 2529 xerit.
2372 2474 2527 2543 Quod
2565 2486 2749 2530 aulem
2794 2491 2998 2529 necesse
3039 2475 3216 2544 fuerit,
3258 2470 3534 2544 Christum
3568 2472 3634 2525 ad
3671 2487 3789 2544 itio-

2177 2561 2293 2601 rem
2326 2541 2463 2617 legis
2504 2545 2847 2617 circumcidi,
2881 2541 3167 2601 commoda
3200 2542 3553 2617 distinctione
3595 2541 3786 2617 expli-

2178 2614 2413 2671 candum
2445 2626 2549 2672 est.
2580 2614 2841 2672 Christus
2864 2618 3009 2671 enim
3042 2623 3319 2688 praecepto
3350 2614 3790 2688 circumcisionis

2179 2688 2462 2751 subiectus
2494 2704 2600 2742 non
2625 2701 2769 2752 erat,
2802 2683 3057 2754 adquue
3084 2683 3343 2755 parentes
3375 2685 3496 2757 ejus
3514 2700 3632 2757 non
3668 2683 3792 2741 fue-

2181 2768 2310 2814 runt
2345 2759 2570 2827 obligati
2614 2760 2681 2813 ad
2728 2761 2878 2814 illum
2928 2757 3449 2814 circumcidendum.
3483 2756 3617 2811 Nam
3653 2772 3795 2825 pra:-

2185 2838 2436 2901 terquam
2466 2831 2609 2898 quod
2640 2831 2785 2886 Dens
2808 2841 2950 2899 erat,
2973 2846 3078 2885 non
3112 2830 3289 2885 fuerat
3316 2844 3381 2884 ex
3409 2829 3619 2901 semine
3651 2827 3797 2901 virili

2222 2899 2499 2958 eneratus.
2549 2902 2916 2958 Nihilominus
2970 2902 3199 2958 Suarius
3239 2911 3371 2957 tum.
3412 2899 3595 2965 XVII,
3647 2900 3794 2969 disp.

2223 2972 2276 3046 5,
2304 2983 2442 3029 sect.
2478 2975 2526 3039 1,
2560 2975 2747 3046 docet,
2776 2975 3008 3039 quamvis
3029 2990 3120 3046 per
3148 2989 3202 3046 se
3227 2989 3329 3027 non
3362 2971 3517 3046 fuerit
3559 2987 3800 3025 necessa-

2185 3045 2323 3118 rium
2351 3047 2648 3111 parentibus
2688 3045 2880 3101 Christi
2912 3043 3130 3118 puerum
3159 3043 3547 3118 circumcidere,
3580 3058 3796 3118 perac-

2188 3114 2365 3171 cidens
2394 3127 2567 3172 tamen
2603 3118 2673 3172 ad
2721 3114 2995 3172 vitandum
3049 3114 3355 3171 scandalum
3382 3114 3567 3168 merito
3610 3114 3795 3169 existi-

2190 3188 2325 3240 mari
2359 3187 2589 3257 potuisse
2620 3191 2986 3244 necessarium.
3014 3188 3289 3243 Praterea
3330 3186 3564 3241 maxime
3590 3184 3800 3252 decuit,

2196 3257 2473 3313 Christum
2503 3260 2844 3317 circumcidi.
2891 3261 2950 3316 S.
2997 3260 3238 3315 Thomas
3284 3266 3426 3326 part.
3473 3272 3565 3323 nt,
3598 3266 3802 3327 quast.

2119 3293 2165 3357 Ο
2197 3293 2473 3313 υιιιιοιυ...
2503 3293 2844 3343 casuum}...
2874 3293 2950 3344 ρ.
3009 3293 3426 3340 ...υιιιπογηιυ
3550 3298 3574 3340 ,_
3598 3293 3802 3339 ψη»...

2201 3328 2293 3391 37.
2322 3340 2425 3385 art.
2455 3346 2510 3393 ι.
2543 3333 2846 3402 theologica
2876 3333 2964 3387 illa
2997 3344 3093 3386 sua
3120 3339 3405 3402 gravntate,
3448 3336 3504 3383 et
3531 3329 3807 3398 Singulari

2203 3402 2404 3474 ingenii
2452 3400 2810 3474 perspicacia,
2842 3418 2949 3473 quo
2979 3415 3067 3458 res
3094 3400 3161 3457 ad
3194 3402 3376 3455 vivum
3424 3413 3807 3474 resecareso-

2203 3468 2302 3538 lef,
2334 3468 2543 3542 septem
2575 3468 2769 3531 causas
2788 3468 3041 3529 distincte
3071 3480 3359 3540 memorat,
3391 3472 3462 3526 ob
3483 3486 3621 3541 quas
3646 3468 3811 3526 Chri-

2204 3553 2325 3600 stus
2350 3544 2537 3600 debuit
2565 3545 2906 3602 circumcidi.
2933 3545 2989 3601 Id
3019 3553 3198 3599 autem
3224 3545 3357 3597 satis
3385 3550 3493 3609 est,
3526 3552 3583 3596 ut
3622 3542 3812 3613 aliquo

2205 3630 2373 3670 sensu
2403 3618 2775 3673 necessarium
2802 3618 2971 3673 fuisse
3011 3616 3243 3681 dicatur,
3280 3614 3559 3669 Christum
3589 3614 3656 3668 ad
3693 3628 3813 3668 mo-

2207 3703 2322 3743 rem
2384 3688 2521 3759 legis
2567 3688 2760 3746 recidi.
2806 3692 2997 3756 Aptare
3040 3702 3224 3741 nomen
3272 3685 3485 3759 videtur
3529 3693 3817 3759 mutuatus

2208 3756 2462 3827 pseudo:
2480 3759 2783 3829 Cyprianus
2847 3761 2899 3815 in
2983 3767 3211 3813 tractatu
3300 3757 3370 3814 de
3435 3756 3817 3829 cardinalihus

2207 3829 2409 3885 ChriSti
2433 3827 2683 3900 Operib.,
2714 3845 2837 3901 cap.
2857 3832 2928 3886 de
2957 3831 3169 3887 ratione
3190 3829 3625 3901 circumcisionis
3652 3846 3666 3883 :
3693 3827 3819 3881 Hoc

2209 3918 2326 3955 cum
2374 3912 2553 3958 octava
2596 3904 2679 3957 die
2711 3900 2923 3973 jussum
2970 3904 3059 3971 sit,
3093 3900 3363 3969 celebrari,
3392 3908 3440 3955 et
3486 3914 3677 3955 nomen
3705 3901 3817 3954 cir-

2209 3973 2441 4028 cumciso
2471 3976 2665 4044 aptari,
2697 3984 2803 4030 etc.

2281 4044 2405 4100 218.
2452 4043 2779 4117 [inpositura
2800 4045 2878 4101 illi
2905 4056 2989 4102 est
3017 4059 3244 4112 nomen,
3276 4043 3420 4117 quod
3448 4059 3554 4100 vox
3596 4058 3815 4115 prace-

2210 4116 2312 4186 pit,
2344 4126 2475 4182 etc.,
2508 4118 2722 4172 scilicet
2744 4116 2919 4173 Iesus.

2285 4186 2414 4260 219.
2465 4187 2631 4243 Missa
2664 4188 2786 4260 _Deo
2831 4204 2929 4259 pro
2959 4205 2991 4243 a
3022 4186 3154 4251 Deo,
3184 4188 3399 4244 dativus
3424 4202 3524 4260 pro
3553 4186 3821 4260 ablativo,

2211 4257 2356 4328 quod
2383 4257 2630 4314 Juvenco
2654 4257 2923 4315 familiare
2945 4271 3035 4316 est
3063 4261 3118 4314 in
3145 4257 3454 4330 hujusmodi
3485 4257 3667 4314 verbis
3702 4274 3825 4328 pas-

2214 4330 2366 4383 sivis.
2399 4330 2474 4385 De
2505 4330 2607 4386 hac
2633 4347 2769 4387 voce
2794 4333 2950 4387 missa
2973 4349 3006 4385 a
3038 4329 3146 4385 Deo
3178 4329 3301 4387 vide
3321 4346 3466 4387 vers.
3495 4331 3589 4387 98.
3614 4329 3821 4395 Lucas,

2213 4402 2304 4469 qui
2364 4400 2669 4476 historiam,
2698 4403 3223 4476 Magorurnpenitus
3269 4404 3493 4476 omittit.
3541 4410 3664 4473 post
3712 4404 3831 4457 cir—

2214 4474 2605 4545 cumcisionem
2655 4473 2808 4529 illico
2850 4474 3281 4545 puriﬁcationem
3340 4473 3519 4529 Maria
3565 4482 3821 4529 enarrat.

2224 4541 2475 4620 Vocatum
2512 4556 2589 4620 est
2630 4562 2813 4620 nomen
2837 4541 2954 4620 ejus
2998 4543 3179 4620 Iesus,
3202 4547 3340 4616 quod
3363 4554 3598 4620 vocatum
3624 4556 3725 4610 est,
3757 4546 3826 4601 ab

2215 4617 2399 4688 angelo
2440 4619 2737 4686 priusquam
2780 4619 2835 4672 in
2861 4615 3010 4672 utero
3034 4615 3407 4684 conciperetur.
3447 4615 3515 4688 Et
3550 4625 3831 4687 postquam

2141 4692 2193 4752 1)
2219 4687 2416 4761 impleti
2452 4700 2573 4761 sunt
2631 4689 2741 4743 dies
2779 4689 3101 4761 purgationis
3129 4691 3261 4761 _ejus
3320 4687 3629 4761 secundum!
3658 4689 3829 4759 legem

2221 4755 2438 4830 Moysi)
2488 4760 2714 4814 tulerunt
2780 4755 2951 4815 illum
3015 4760 3069 4813 in
3114 4755 3427 4830 Jerusalem,
3479 4768 3537 4813 ut
3585 4755 3831 4816 sisterent

2213 4828 2341 4903 eum:
2392 4828 2638 4886 Domino.
2695 4833 2764 4886 At
2819 4831 3104 4887 Matthaius
3135 4875 3149 4899 ,
3223 4832 3316 4903 qui
3387 4828 3830 4903 puriﬁcationem

2214 4898 2640 4981 Mariaﬁsile‘utio
2678 4904 2962 4974 praeteriit,
3010 4898 3191 4981 statim
3242 4898 3589 4973 post—ortum
3631 4902 3835 4959 Salva-

2217 4973 2352 5025 toris
2380 4973 2594 5029 Domini
2639 4973 2917 5038 magorum
2972 4974 3266 5030 adventum
3308 4985 3728 5038 commemorat,
3775 4986 3837 5033 et

2215 5041 2445 5118 subinde
2475 5043 2668 5118 fugam_
2696 5041 2838 5118 illius
2877 5048 2927 5098 in
2969 5045 3293 5118 Egyptum.
3340 5043 3469 5118 Cum
3508 5061 3630 5118 ergo
3676 5057 3834 5102 natus

2216 5122 2346 5166 esset
2373 5112 2606 5189 lesus'in
2627 5114 2929 5189 Bethlehem
2948 5112 3175 5189 Juda'i'n
3191 5117 3371 5173 diebus
3404 5112 3635 5172 Herodis
3659 5120 3832 5189 regis,

2224 5199 2340 5238 ecce
2366 5188 2504 5258 magi
2526 5188 2590 5241 ab
2620 5186 2834 5242 Oriente
2865 5198 3118 5261 venerunt
3146 5188 3550 5261 Jerosolymam.
3580 5197 3689 5244 etc.
3724 5186 3837 5258 Qui

2224 5271 2343 5310 cum
2386 5263 2751 5332 recessissent,
2809 5275 2925 5314 ecce
2968 5259 3182 5332 angelus
3226 5259 3441 5315 Domini
3485 5262 3736 5332 apparuit
3776 5265 3837 5319 in

2224 5331 2420 5385 somnis
2445 5328 2640 5405 Joseph
2691 5331 2866 5405 dicens
2899 5347 2921 5405 :7
2967 5328 3157 5405 Stgge,
3190 5342 3237 5387 et
3283 5333 3467 5405 accipe
3505 5328 3750 5405 puerum,
3785 5345 3838 5388 et

2230 5409 2449 5476 matrem
2497 5401 2631 5475 ejus,
2679 5402 2870 5476 etfuge
2906 5404 2959 5457 in
2993 5401 3305 5476 zEgyptum.
3349 5401 3653 5476 Difﬁcultas
3713 5403 3841 5476 haec

2226 5472 2337 5543 jam
2359 5473 2452 5529 diu
2486 5472 2702 5544 torquet
2727 5472 3088 5542 interpretes,
3106 5472 3343 5544 'priorne
3383 5475 3543 5528 fuerit
3571 5475 3841 5543 purifica-

2231 5546 2307 5601 tio
2333 5544 2567 5601 adventu
2597 5560 2879 5617 magorum
2897 5585 2912 5609 ,
2939 5559 3008 5617 an
3039 5544 3308 5601 adventus
3332 5559 3612 5614 magorum
3640 5550 3843 5617 purili-

2230 5617 2462 5673 catione.
2494 5617 2550 5673 Si
2580 5616 2845 5679 dicamus,
2882 5616 3090 5685 primus
3138 5619 3351 5673 venisse
3404 5632 3615 5687 magos.
3646 5616 3840 5688 quam

2230 5688 2480 5760 Christus
2522 5689 2573 5740 in
2610 5687 2815 5757 templo
2845 5688 3274 5760 oblatusgfucrit,
3322 5705 3430 5744 non
3478 5687 3837 5760 intelligitur,

2229 5760 2321 5835 qui
2352 5758 2471 5813 ﬁeri
2499 5761 2754 5828 potuerit,
2774 5766 2842 5835 _ut
2871 5769 2993 5835 post
3016 5759 3310 5835 adventum
3348 5775 3627 5835 magorum
3666 5758 3843 5835 Curi;

2228 5828 2347 5886 stus
2378 5839 2737 5899 prasentatus
2770 5832 2931 5889 luerit
2969 5830 3024 5886 in
3068 5833 3295 5902 templo,
3323 5828 3533 5888 cum'et
3580 5828 3842 5892 Herodes
