4058 6322
494 239 598 296 127

491 355 598 414 560
617 357 913 415 Auctorem
943 356 1164 413 miserae
1189 369 1491 428 properans
1510 355 1807 413 convellito
1835 356 1997 423 labis,

573 451 732 527 139
787 451 855 509 Et
891 451 1138 524 jaculare
1172 451 1386 523 procul.
1435 449 1570 508 Nam
1615 451 1927 508 membrum
1964 465 2089 522 per-

1668 545 1824 620 [dere
1853 545 2024 601 refert

638 640 910 712 Exiguum
931 681 946 708 ,
979 639 1215 695 ﬂammis
1243 654 1407 711 quam
1437 649 1611 695 totum
1643 640 1848 696 dedere
1866 654 2089 711 corpus,

636 733 1030 803 Perpetuisque
1058 733 1295 787 animam
1326 733 1529 804 pariter
1543 733 1871 789 convolvere
1897 732 2094 801 poenis.

636 823 707 880 Et
737 825 784 881 si
813 825 1012 880 dextra
1043 840 1237 880 manus
1259 833 1497 880 mentem
1537 839 1633 893 per
1653 824 1810 880 devia
1836 823 2016 891 ducit,

497 917 604 978 565
644 919 862 976 Erroris
887 934 1107 976 causam
1136 926 1361 992 prmstat
1379 918 1638 976 decidere
1663 919 1831 988 ferro,

639 1015 810 1085 Quam
837 1025 1010 1070 totum
1035 1015 1260 1069 mteruis
1281 1029 1480 1083 corpus
1501 1014 1811 1070 concedere
1834 1012 2092 1067 ﬂammis.

707 1106 1042 1179 Praecipiunt
1069 1116 1314 1174 veteres,
1347 1107 1521 1180 siquis
1543 1108 1819 1165 connubia
1843 1117 2089 1179 rumpet,

1751 234 1812 293 C.
1853 236 1918 294 ν.
1959 234 2201 306 Αριιιι..
2231 235 2517 295 JUVENCI

2119 368 2176 429 Α

3689 237 3810 296 128

2338 354 2594 413 Scribere
2633 355 2923 412 discidium
2945 395 2962 424 ,
2990 353 3132 425 juris
3156 354 3352 412 feralia
3393 356 3582 412 verba.

2337 450 2466 506 Sola
2492 450 2597 506 viri
2627 458 2781 506 recte
2824 449 3080 506 discedet
3106 450 3354 506 adultera
3385 453 3548 506 tectis
3568 493 3583 516 ,
3768 521 3778 528 .

2196 549 2302 604 570
2319 545 2478 620 ιω
2504 545 2606 602 Ast
2630 545 2750 601 alite
2781 557 3040 600 maneant
3068 563 3081 600 :
3111 559 3236 600 nam
3261 546 3395 601 casu
3417 545 3541 616 jura
3571 545 3809 617 pudoris

2340 645 2576 696 Auctore
2605 639 2817 696 amittet
2851 638 3044 696 mulier
3067 639 3286 696 deserta
3319 640 3539 696 marito.

2413 733 2662 804 Antiquae
2693 733 2841 805 leges
2869 733 3161 803 prohibent
3185 735 3422 802 perjuria
3463 733 3684 804 linguis.

2341 826 2446 883 Sed
2469 827 2668 882 nostris
2702 825 3092 895 cedatjurandi
3128 826 3352 882 audacia
3371 825 3575 895 jussis;

2343 921 2454 976 Nec
2481 919 2562 974 fas
2583 929 2670 974 est
2701 920 2906 974 homini
2939 919 3140 976 ccelum
3165 921 3352 991 jurare
3381 935 3480 990 per
3507 919 3678 975 altum
3707 961 3724 987 ,

2203 1013 2308 1070 575
2345 1013 2500 1081 Quod
2533 1013 2693 1068 sedes
2718 1011 2930 1067 Domini
2952 1023 3034 1068 est
3054 1054 3070 1079 ,
3101 1027 3201 1067 nec
3228 1027 3350 1082 qum
3376 1012 3601 1083 vestigia
3627 1018 3816 1083 gestat

2345 1106 2511 1164 Terra
2535 1106 2668 1175 Dei,
2692 1106 3036 1179 Solymteque
3053 1106 3213 1164 Urbis
3231 1106 3549 1163 venerabile
3577 1120 3805 1173 nomen,

1725 1310 2105 1369 LECTIONES
2143 1311 2561 1370 VARIANTES.

575 1453 702 1512 561.
743 1453 876 1527 Reg.
899 1497 914 1522 ,
942 1454 1057 1511 Ott.
1087 1497 1102 1522 ,
1136 1455 1332 1520 Rom..
1366 1463 1423 1511 et
1453 1455 1662 1512 Poelm.
1711 1470 1812 1527 pro
1859 1453 1970 1510 div.
1995 1468 2042 1510 s.
2078 1494 2094 1521 ,

501 1529 662 1598 refert
690 1544 710 1593 ;
734 1527 867 1582 editi
897 1527 1142 1598 plerique
1187 1537 1420 1599 prastat.

577 1597 702 1654 569..
742 1597 865 1654 Ald.
888 1641 904 1654 .
929 1599 1136 1653 tradere
1165 1616 1375 1654 corpus.

577 1600 702 1654 569..
742 1600 865 1655 Ald.
888 1641 904 1664 ,
929 1600 1136 1653 tradere
1165 1616 1375 1672 corpus.

576 1670 702 1725 565.
732 1671 802 1743 In
828 1669 1010 1726 Ottob.
1045 1673 1244 1726 factum
1287 1681 1373 1726 est
1401 1679 1592 1743 prasta
1623 1684 1692 1725 ex
1721 1679 1930 1736 prtrstat
1956 1685 1972 1722 :
2001 1669 2098 1726 sed

2277 1454 2404 1511 571.
2445 1455 2555 1511 Ott.
2580 1498 2595 1523 ,
2631 1455 2857 1510 amittit:
2889 1454 3024 1523 alii,
3069 1455 3294 1511 amittet.

2279 1527 2405 1582 575.
2447 1527 2782 1598 Sabatierius
2838 1542 3124 1597 perperam
3153 1568 3168 1589 ,
3201 1535 3257 1582 et
3310 1535 3500 1582 contra
3559 1525 3810 1598 regulam

2209 1601 2408 1672 metri,
2443 1597 2550 1672 Sed
2578 1599 2995 1672 nostrisjurandi
3021 1599 3169 1672 cedat
3195 1598 3425 1672 audacia
3458 1598 3636 1672 iussis;

2279 1669 2408 1725 575.
2451 1671 2619 1724 Torn.
2663 1669 2957 1740 corrupte,
2984 1671 3104 1724 sede
3134 1669 3364 1724 Domini.
3400 1671 3534 1740 Reg.
3555 1712 3571 1735 ,
3605 1669 3761 1726 Rom.
3791 1707 3814 1736 ,

509 1741 612 1825 hoc
637 1741 984 1825 reti-uendt‘tm
1013 1751 1117 1797 est.
1151 1743 1361 1798 Poelm.
1388 1741 1486 1814 pro
1507 1741 1564 1797 d.
1592 1756 1674 1807 s.,
1697 1757 1911 1795 causam.
1933 1744 2100 1814 magis
2134 1765 2178 1825 Β
2207 1742 2333 1825 Bas.
2362 1782 2378 1808 ,
2408 1743 2518 1797 Ott.
2535 1784 2563 1824 ',
2588 1741 2713 1797 Ald.
2737 1783 2752 1802 .
2772 1742 2996 1825 _Dontini
3026 1752 3099 1796 est
3131 1782 3145 1804 .
3195 1758 3304 1824 nec.
3348 1741 3632 1825 Alii_editi
3656 1782 3672 1807 ,
3706 1741 3816 1796 Do-

507 1814 633 1867 utile
670 1813 857 1867 vellere
893 1814 1054 1882 ferro.

581 1885 725 1958 567ζ
747 1884 953 1941 Poeltn.
979 1900 1076 1958 pro
1101 1884 1213 1941 div.
1243 1901 1318 1953 s.,
1348 1884 1662 1940 Permittunt
1691 1893 1905 1940 veteres.
1932 1884 2094 1958 Reg.,

508 1957 622 2010 Ott.
646 1999 660 2021 ,
697 1955 854 2009 Rom.
877 2002 891 2025 ,
924 1957 1047 2011 Ald.
1068 1999 1082 2018 ,
1113 1969 1338 2023 rumpet.
1383 1958 1525 2022 Alii,
1558 1958 1772 2024 rumpit.

583 2026 710 2083 568.
754 2027 886 2097 Reg.
913 2069 928 2094 ,
963 2029 1072 2084 Ott.
1100 2070 1114 2090 .
1151 2030 1282 2084 Dav.
1308 2072 1322 2095 ,
1356 2029 1516 2084 Rom.
1539 2071 1552 2092 ,
1585 2028 1710 2085 Ald.
1734 2073 1748 2098 ,
1783 2028 1906 2083 Bas.
1937 2070 1950 2090 .
1998 2029 2106 2083 dis-

510 2098 705 2224 cijium
728 2115 747 2152 :
776 2102 891 2166 alii,
916 2099 1212 2154 dissidium.
1240 2100 1478 2158 Omeisio
1506 2101 1712 2156 rec-tius
1751 2100 1968 2158 videtur
2000 2101 2108 2155 dis-

510 2186 556 2224 σι
599 2185 725 2224 tum.
1191 2210 1198 2214 η

509 2185 725 2226 ctutum.
1191 2210 1198 2214 ε

2206 1814 2353 1881 mini,
2378 1830 2470 1868 nec
2501 1817 2620 1868 sine
2643 1825 2736 1867 est.
2772 1813 3069 1878 lladztntar,
3100 1829 3189 1866 nec
3216 1814 3325 1884 qui,
3358 1811 3682 1867 Poelmanu.
3715 1828 3817 1881 pro

2209 1887 2319 1942 div.
2356 1900 2405 1938 s.
2431 1928 2444 1947 .
2481 1901 2572 1938 nec
2599 1886 2758 1956 quod.
2788 1884 2947 1939 Rom.
2971 1927 2986 1947 ,
3009 1893 3199 1956 igestat
3225 1929 3235 1941 .
3268 1885 3333 1938 ad
3385 1899 3556 1956 marg.
3582 1929 3598 1950 ,
3633 1893 3814 1956 gestet.

2283 1957 2407 2013 5⁵16.
2449 1956 2581 2028 Reg.
2607 1953 2622 2021 ,
2655 1957 2820 2012 Terra
2851 1972 2871 2011 :
2920 1953 3245 2027 Solymwue,
3290 1969 3458 2028 supra
3487 1953 3587 2008 Dei
3607 1953 3715 2021 {ut
3741 1956 3817 2028 sit

2217 2030 2375 2084 Terra
2415 2028 2510 2082 Dei
2538 2026 2558 2082 Ξ
2599 2031 2694 2084 sed
2713 2043 2860 2082 vers.
2890 2026 3053 2098 price.
3097 2029 3276 2097 glossa
3311 2027 3495 2097 inepta
3540 2037 3720 2082 nostra
3747 2026 3818 2082 ad

2214 2102 2429 2174 vestigia
2454 2141 2470 2166 ,
2508 2116 2629 2174 nam
2668 2109 2793 2156 sunt
2823 2098 3045 2172 veSIigia
3077 2098 3192 2155 Dei.
3229 2099 3288 2154 In
3310 2098 3422 2155 Ott.
3454 2100 3594 2154 orbis
3635 2113 3822 2154 Corre—

2217 2173 2361 2228 ctum
2387 2188 2481 2244 per
2496 2173 2658 2228 urbis.

2055 2352 2289 2412 NOTAE.

509 2493 881 2567 arnputandam
919 2511 1027 2567 esse
1046 2509 1281 2558 manum,
1306 2495 1350 2550 si
1376 2495 1678 2567 erraverint.
1709 2493 1902 2567 Matth.
1935 2509 2004 2567 7v,
2036 2491 2107 2548 29

508 2563 627 2638 seq.
681 2565 916 2638 Verbum
941 2566 1126 2638 laqueo
1156 2611 1171 2634 ,
1222 2566 1434 2638 laqueos
1459 2567 1627 2638 deest
1658 2566 1713 2620 in
1758 2563 2066 2619 Forcellino
2093 2605 2107 2628 ,

508 2637 663 2692 deest
704 2637 757 2690 in
802 2636 1077 2706 Dtteattgio
1121 2656 1134 2692 :
1177 2636 1565 2708 sed'apposite
1609 2636 1901 2693 l‘orntatum
1931 2649 2109 2708 estex

507 2711 740 2781 laqueus.
765 2709 1080 2776 Composito
1106 2710 1335 2781 illaqueo
1356 2707 1582 2764 utuntur
1599 2709 1878 2770 Horatius,
1905 2707 2112 2781 et_Pru-

509 2778 750 2844 dentius,
799 2788 857 2835 et
896 2778 1226 2852 illaqueatua’
1252 2783 1446 2836 Cicero
1470 2823 1484 2847 ,
1535 2790 1593 2835 ttt
1636 2782 1906 2850 laqueatus
1943 2778 2110 2852 Colu-

509 2853 671 2908 mella
697 2893 713 2917 ,
755 2861 809 2907 et
847 2849 1085 2924 Solinus.
1134 2853 1267 2908 Iliuc
1307 2852 1631 2924 laqueatores
1673 2849 1724 2905 in
1767 2852 1916 2924 circo
1955 2849 2108 2916 dicti.

509 2926 600 2992 qui
650 2925 857 2991 laqueis
894 2923 1035 2980 alios
1079 2921 1380 2994 implicare
1406 2924 1731 2978 didicerant.
1776 2921 1902 2976 Alio
1946 2937 2111 2978 sensu

509 2996 781 3067 laqueatus
829 3005 934 3067 est
967 2998 1318 3066 laquearibus
1370 2995 1945 3067 οιιιειιυςειῖυνειιιοιις
1986 2994 2115 3048 alibi

509 3064 647 3122 dtitit
679 3064 888 3121 Erroris
917 3064 1127 3138 laqueos
1155 3084 1253 3139 pro
1281 3067 1578 3123 scandatis.
1609 3065 1746 3121 Vide
1789 3065 1829 3120 l.
1857 3082 1938 3129 ιιι,
1963 3080 2104 3119 vers.

510 3139 597 3200 12.
629 3153 753 3192 cum
785 3151 930 3193 nota.

581 3209 704 3266 561.
748 3209 997 3264 Jaculare
1023 3253 1037 3276 ,
1073 3210 1300 3279 projice.
1337 3209 1476 3264 Vide
1511 3221 1694 3264 notam
1719 3207 1784 3262 ad
1815 3223 1871 3262 v.
1903 3208 2008 3262 421
2041 3209 2096 3266 h.

511 3281 548 3353 l.
582 3283 824 3335 Nutanda
847 3293 933 3336 est
960 3283 1297 3337 constructio
1333 3282 1474 3346 Ita-c,
1504 3281 1680 3353 Refert
1707 3279 1917 3351 perdere
1944 3296 2102 3353 utrm-

510 3352 679 3421 brum,
712 3369 868 3420 quam
901 3371 996 3418 pro
1026 3354 1191 3424 magis
1219 3356 1393 3424 refert.
1425 3351 1599 3419 quam;
1640 3351 1712 3405 lta
1757 3353 1919 3406 etiam
1971 3351 2101 3406 Vul-

508 3437 663 3492 gata,
696 3434 754 3479 et
777 3423 957 3478 Italica
1009 3423 1197 3478 vetus:
1234 3423 1458 3492 Expedit
1500 3425 1637 3478 enim
1683 3425 1804 3489 tibi,
1851 3433 1903 3476 ut
1929 3436 2103 3495 pereat

513 3511 674 3549 unum
703 3496 1047 3550 membrorum
1076 3505 1282 3548 tuorum
1301 3537 1315 3557 ,
1353 3511 1506 3564 quam
1536 3512 1723 3562 corpus
1754 3503 1917 3546 totum
1957 3509 2104 3550 tuum

511 3577 596 3621 eat
622 3566 1010 3639 inigehettnam.
1062 3567 1382 3639 Bonietiam
1434 3569 1727 3634 scriptores
1779 3565 1954 3618 L'ttiui
2007 3568 2106 3622 ali-

514 3637 728 3705 quando
749 3637 803 3692 in
827 3637 1325 3710 comparationibus
1340 3639 1608 3710 ejusmodi
1637 3639 1801 3710 magis
1823 3639 1902 3692 vel
1930 3641 2105 3710 potius

515 3719 791 3764 omittunt.
826 3709 1046 3763 ’l‘aritns
1074 3709 1272 3764 Annal.
1304 3725 1358 3774 ι,
1391 3725 1510 3778 cap.
1546 3709 1652 3764 58:
1689 3709 1876 3762 Pacem
1907 3709 2106 3778 ,quant

511 3779 702 3834 bellum
727 3780 1023 3848 probabam.
1057 3781 1294 3837 Consule
1327 3781 1696 3835 Forcellinum
1727 3780 1890 3833 terbo
1926 3798 2104 3850 quam,

513 3858 571 3905 et
603 3854 794 3918 porius.
828 3853 1004 3906 Prima
1051 3855 1104 3906 in
1148 3856 1319 3922 refero
1351 3854 1656 3907 communis
1687 3858 1771 3906 est
1797 3869 1808 3904 :
1839 3851 1917 3905 sic
1959 3856 2103 3907 enim

513 3924 668 3978 multi
715 3925 1030 3979 existimant
1072 3925 1144 3995 de
1193 3925 1578 3995 praepositione
1617 3940 1691 3980 re.
1743 3922 2109 3994 lmpersonale

513 4000 667 4067 refert
696 4010 911 4067 semper
951 3994 1284 4065 producitur.

583 4067 708 4125 563.
756 4065 1033 4138 Perpetuis
1081 4073 1242 4139 poenis
1267 4086 1284 4122 :
1313 4068 1438 4139 quia
1466 4067 1519 4122 in
1552 4065 1846 4139 Evangelia
1871 4065 1928 4121 lit
1952 4083 2108 4122 men-

514 4139 590 4195 tio
617 4140 882 4209 geltennm
903 4184 917 4207 ,
945 4142 1060 4196 sive
1083 4138 1525 4210 igutsgperpetui.
1567 4138 1906 4193 Sabatierius
1933 4140 2112 4207 διιερί-

509 4223 665 4266 catur
687 4255 702 4278 ,
734 4210 1035 4268 Iuvencum
1070 4214 1262 4284 legisse
1291 4227 1449 4283 quam
1487 4225 1670 4284 corpus
1712 4220 1875 4265 totum
1921 4219 2064 4262 tuum
2091 4249 2108 4276 ,

511 4293 558 4336 et
582 4284 761 4336 anima
787 4286 1022 4338 mittatur
1036 4286 1092 4338 in
1125 4281 1442 4354 gehennam,
1473 4281 1619 4352 quod
1659 4297 1920 4352 nusquam
1949 4296 2110 4354 repe-

511 4355 676 4410 ritur.
706 4353 904 4409 Verum
932 4353 1206 4410 Ιιινθιιεῖιιε
1244 4355 1378 4409 nihil
1420 4354 1564 4409 aliud
1587 4354 1730 4424 agit,
1767 4354 1866 4407 nisi
1907 4361 1967 4406 ut
1995 4353 2113 4406 vul-

513 4435 692 4494 gatam
717 4427 1006 4481 lectionem
1031 4426 1282 4493 explicet.

589 4497 719 4552 567.
760 4498 991 4555 CAPUT
1015 4496 1253 4552 XXVIII.
1291 4495 1520 4551 Uxorem
1561 4512 1666 4550 non
1695 4497 1796 4549 nisi
1822 4498 1884 4549 ob
1909 4495 2111 4550 adulte-

512 4568 651 4621 rium
701 4569 1088 4623 dimtttendam.
1145 4570 1335 4624 Matth.
1397 4584 1468 4631 v,
1519 4569 1611 4631 51,
1661 4582 1774 4632 nx,
1820 4567 1851 4619 7
1897 4583 2049 4638 seqq.
2094 4585 2108 4633 ;

512 4638 677 4711 Marc.
711 4656 766 4701 ι,
803 4642 904 4705 11,
949 4641 1046 4705 12;
1079 4640 1215 4695 Luc.
1250 4655 1384 4711 xvi,
1419 4639 1506 4693 18.

587 4711 714 4767 568.
758 4712 1042 4767 Mattlnt-us
1067 4729 1134 4777 v,
1175 4711 1239 4766 51
1271 4728 1285 4766 :
1321 4710 1644 4776 Quicumque
1685 4709 1937 4764 dimiserit
1982 4727 2114 4765 uxo-

513 4799 620 4838 rem
651 4800 826 4849 suam,
875 4787 959 4839 det
988 4785 1035 4838 ei
1063 4783 1292 4838 librllum
1321 4782 1545 4854 repudii.
1585 4781 1792 4854 Verba,
1828 4782 2023 4854 quibus
2049 4783 2109 4837 li-

515 4856 692 4911 bellus
740 4859 946 4922 repudii
994 4859 1336 4912 scribeltatur
1361 4853 1386 4917 ,⁷
1437 4855 1692 4909 dicuntur
1734 4853 1921 4978 feralia
1948 4896 1962 4918 ,
2005 4854 2040 4908 It
2067 4871 2110 4910 te

515 4939 622 4978 est.
643 4929 850 4978 funesta
876 4969 891 4978 .
924 4928 1095 4978 tristia
1116 4970 1130 4978 .
1155 4928 1366 4978 dira.et
1391 4925 1621 4978 fortasse
1647 4925 1723 4978 liti
1771 4941 1831 4978 us
1852 4925 2104 4978 obnoxia.

515 4939 622 4992 est,
643 4929 850 4982 funesta
876 4969 892 4994 ,
924 4928 1095 4982 tristia
1116 4970 1130 4993 ,
1155 4928 1294 4992 dira,
1311 4937 1366 4982 et
1391 4925 1621 4980 fortasse
1647 4925 1831 4981 litibus
1852 4925 2104 4982 obnoxia.

518 4999 662 5054 Inter
685 5000 786 5052 alia
815 5000 896 5054 vir
921 5004 1071 5057 uxori
1099 5002 1334 5054 libellum
1368 4999 1573 5066 repudii
1600 4997 1883 5065 tradebat,
1915 5000 1964 5052 in
1997 5014 2102 5066 quo

514 5073 775 5137 sct'iptum
827 5082 980 5126 erat:
1036 5073 1166 5125 Dedi
1192 5072 1273 5125 illi
1302 5071 1532 5124 libellum
1582 5070 1787 5137 repudii
1813 5072 1865 5123 in
1895 5088 2052 5124 manu
2086 5115 2100 5138 ,

515 5140 759 5214 echedatu
789 5144 1149 5210 abscissionis,
1173 5144 1499 5214 signaculum
1521 5144 1811 5196 divisionis.
1849 5145 2101 5212 Alioquin

514 5213 736 5268 libellus
768 5215 976 5283 repudii
1019 5213 1336 5271 eonlereltztt
1364 5216 1574 5269 mulieri
1597 5215 1687 5280 jus
1722 5214 1790 5269 ad
1823 5215 1957 5268 alias
2005 5231 2104 5267 nu-

516 5284 898 5355 ptias.Couter
927 5298 1039 5340 not.
1065 5287 1130 5340 ad
1163 5287 1200 5342 l.
1235 5303 1323 5351 ιιι,
1359 5304 1503 5342 vers.
1528 5285 1662 5341 475.

585 5355 713 5413 569.
757 5357 986 5413 Matthmi
1045 5358 1161 5414 haec
1189 5363 1353 5414 verba
1388 5369 1544 5413 sunt:
1593 5358 1801 5419 Omnis,
1831 5357 1922 5426 qui
1950 5356 2102 5408 dimi-

509 5429 634 5484 serit
682 5445 893 5484 uxorem
918 5447 1088 5495 suam,
1122 5442 1333 5504 excepta
1357 5433 1714 5504 fornicationis
1753 5444 1949 5504 causa,
1989 5428 2118 5494 facit

509 5517 625 5573 eam
664 5503 948 5556 iniec/tari:
978 5514 1024 5557 et
1073 5505 1163 5573 qui
1211 5498 1479 5557 dimissam
1525 5503 1733 5573 duxerit
1763 5544 1784 5573 ,_
1826 5498 2106 5573 adulterat.

510 5571 847 5642 Interpretes
867 5570 1121 5628 catholici
1159 5575 1305 5628 iditu
1346 5586 1646 5641 exponunt.
1693 5571 1822 5627 Sola
1876 5570 2111 5624 I'oruica-

511 5645 675 5715 tiOuis
699 5690 714 5713 ,
748 5650 862 5698 sive
889 5645 1143 5701 adulterii
1185 5661 1342 5701 causa
1370 5688 1385 5712 ,
1419 5655 1512 5699 aut
1535 5661 1655 5715 quae
1690 5643 1816 5696 huic
1841 5656 1956 5708 par,
1981 5655 2107 5711 gra-

509 5714 696 5769 viurve
725 5731 785 5770 ea
819 5717 921 5782 sit,
953 5718 1144 5773 idonea
1195 5731 1319 5772 esse
1365 5724 1582 5786 potest,
1615 5724 1676 5768 ut
1718 5728 1892 5776 uxor,
1926 5728 2101 5780 quan-

506 5792 618 5842 tum
645 5787 860 5857 quidem
892 5789 958 5843 ad
997 5798 1172 5845 torum
1225 5801 1279 5845 et
1323 5788 1546 5843 domum
1593 5787 1829 5842 attinet.
1873 5797 2093 5853 Separee

2217 2501 2350 2548 tura
2381 2491 2542 2556 viro;
2568 2493 2712 2564 quod
2740 2507 2863 2548 cum
2898 2493 2986 2559 tit,
3026 2494 3357 2548 matrimonii
3399 2493 3677 2550 vinculum
3711 2509 3818 2552 non

2217 2565 2531 2619 dissolvitur
2561 2606 2577 2629 ,
2609 2564 2752 2634 quod
2784 2573 2970 2619 natura
3000 2579 3094 2619 Stta
3123 2564 3501 2621 indissoltthile
3541 2577 3664 2630 est;
3698 2579 3751 2620 et
3783 2583 3814 2622 a

2216 2637 2437 2707 Christo
2483 2636 2636 2689 novis
2667 2636 2779 2689 suis
2814 2636 3024 2707 legibus
3072 2636 3450 2707 indissolultile
3479 2638 3813 2694 declaratur.

2219 2706 2313 2762 Vir
2357 2716 2580 2772 autem,
2629 2707 2722 2776 qui
2769 2706 2891 2763 sine
2938 2721 3100 2762 causa
3129 2706 3542 2774 fornicationis,
3576 2721 3663 2764 aut
3709 2711 3813 2766 alia

2219 2779 2337 2850 pari
2362 2821 2375 2840 ,
2430 2779 2514 2834 vel
2545 2779 2764 2843 majori,
2795 2795 3022 2834 uxorem
3055 2795 3084 2833 a
3118 2795 3177 2833 se
3218 2779 3442 2834 dimittit
3465 2823 3481 2846 ,
3531 2780 3664 2837 facit
3691 2797 3812 2838 eam

2223 2850 2515 2916 mtechari,
2559 2851 2684 2918 quia
2763 2853 2882 2907 sine
2926 2851 3033 2906 ulla
3093 2851 3274 2906 uxoris
3321 2851 3480 2921 culpa
3549 2869 3668 2908 eam
3749 2855 3812 2909 li-

2224 2921 2390 2976 bidini
2436 2937 2548 2975 sua:
2579 2924 2862 2990 permittit.
2914 2921 3187 2979 Iuvencus
3247 2923 3492 2978 nonnittil
3542 2925 3809 2981 obscurus

2223 3007 2336 3054 εει,
2372 2994 2466 3048 st-d
2509 2994 2573 3048 ad
2608 2993 2745 3048 hanc
2767 3005 2917 3051 certe
2961 2996 3284 3050 Sententiam
3319 3006 3401 3051 est
3447 2997 3807 3053 revocandus.

2295 3065 2420 3120 571.
2462 3064 2653 3122 Mulier
2677 3069 2796 3121 sine
2823 3080 2985 3121 eausa
3019 3067 3207 3122 idonea
3239 3066 3452 3121 deserta
3475 3107 3490 3130 ,
3523 3079 3623 3121 aut
3648 3083 3679 3124 e
3706 3069 3807 3122 viri

2117 3134 2163 3197 C
2194 3133 2358 3190 domo
2397 3137 2566 3206 ejecta
2595 3179 2608 3201 ,
2641 3139 2682 3191 si
2711 3138 2870 3194 alteri
2912 3138 3077 3192 nubat
3100 3180 3116 3204 ,
3146 3153 3236 3192 aut
3263 3136 3562 3193 moechetur
3585 3181 3601 3204 ,
3649 3140 3808 3194 amit-

2205 3207 2422 3276 tetjura
2473 3210 2604 3262 eaSti
2635 3208 2883 3276 pudoris,
2926 3210 3028 3263 hoc
3074 3219 3193 3269 est.
3228 3210 3449 3263 violabit
3500 3213 3758 3278 pudorem
3789 3252 3805 3276 ,

2204 3291 2429 3334 auctore
2449 3281 2664 3335 marito.
2693 3280 2956 3336 Videlicet
2972 3281 3146 3348 culpa:
3168 3280 3360 3335 marito
3381 3280 3633 3344 dabitur,
3662 3283 3806 3352 quod

2207 3366 2237 3403 u
2249 3366 2346 3404 xor
2359 3351 2474 3419 ejus
2495 3353 2664 3406 violet
2679 3353 3166 3422 pudoreut.B.tdius
3179 3370 3240 3406 ex
3252 3351 3804 3422 ponitzAmittet,etc.,

2207 3435 2314 3475 non
2330 3423 2557 3477 duretur
2570 3424 2777 3487 abalio,
2793 3427 2914 3494 quia
2937 3426 3025 3492 qui
3041 3425 3315 3479 dimissam
3331 3425 3551 3480 dtmerit
3569 3468 3581 3488 ,
3599 3425 3808 3481 adulte-

2209 3501 2311 3567 rat.
2338 3495 2587 3554 .luveuc..
2611 3496 2645 3550 Ι.
2665 3511 2890 3558 nt,vers.
2916 3496 3241 3557 l7u,iterum
3259 3497 3326 3567 de
3345 3499 3446 3551 ltoc
3459 3508 3798 3567 argumento:

2210 3561 2348 3639 Nam
2364 3583 2530 3621 emere
2550 3567 2768 3622 exsolvet
2782 3568 3008 3632 castiqui
3023 3561 3727 3639 juracubilis,—Alt'eraque
3742 3571 3806 3622 il-

2210 3637 2310 3692 lius
2327 3639 2567 3692 thalamis
2583 3640 2860 3711 soriabitur
2873 3655 3025 3702 uxor,
3045 3670 3114 3679 —-
3126 3638 3330 3693 Crimen
3350 3640 3596 3693 adulterii
3614 3637 3804 3711 populo

2211 3711 2303 3781 sub
2319 3719 2442 3764 teste
2457 3711 2664 3764 subibit.
2686 3709 2941 3765 Fortasse
2963 3727 3094 3781 ergo
3117 3714 3381 3765 sententia
3409 3711 3568 3779 hujus
3584 3709 3800 3766 lin-test:

2210 3780 2400 3836 Mulier
2421 3783 2773 3850 perlibellum
2816 3780 3277 3848 repudiideserttt,
3319 3794 3544 3837 auctore
3571 3784 3799 3849 marito,

2209 3855 2719 3921 atnittetjttrueasti
2761 3855 3000 3924 pudoris,
3024 3856 3137 3908 sive
3169 3853 3493 3911 eubtlis.aut
3545 3855 3802 3924 conjugii.

2281 3925 2407 3978 579..
2447 3925 2677 3980 CAPUT
2700 3923 2892 3980 XXIX.
2918 3923 3041 3978 Non
3063 3942 3170 3979 esse
3184 3926 3476 3994 jurandum
3499 3924 3608 3978 ullo
3626 3923 3799 3992 modo,

2211 3997 2302 4050 sed
2332 3997 2422 4050 Est
2447 4038 2461 4060 ,
2492 4007 2538 4050 et
2571 3997 2692 4050 Non
2719 4006 2814 4060 est,
2849 3996 3140 4050 dicendum.
3193 3996 3382 4050 Matth.
3417 4013 3445 4048 v
3476 4039 3490 4061 ,
3524 3997 3616 4063 55,
3646 4015 3799 4067 seqq.

2284 4067 2406 4141 575.
2470 4067 2729 4141 Vestigia,
2762 4068 2925 4137 pedes
2947 4109 2961 4134 ,
3015 4083 3112 4122 seu
3147 4068 3309 4123 imam
3339 4069 3538 4139 pedum
3571 4081 3799 4139 partem.

2214 4136 2348 4192 Vide
2375 4149 2482 4192 not.
2518 4140 2582 4191 ad
2615 4136 2916 4196 vers.512.

2310 4211 2438 4265 576.
2515 4210 2686 4266 Judaei
2749 4211 3403 4283 SUIIImtIpet‘eAvllttbanl
3455 4211 3647 4282 jurare
3708 4229 3802 4283 per

2213 4279 2385 4335 Deum
2415 4300 2426 4336 :
2459 4287 2552 4337 sed
2583 4284 2740 4339 facile
2762 4326 2776 4348 ,
2806 4294 2860 4339 et
2887 4296 3090 4339 temere
3118 4281 3373 4353 jurabant
3418 4279 3516 4354 per
3553 4279 3750 4340 eteluin
3784 4325 3800 4349 .

2215 4361 2432 4428 terram,
2467 4354 2893 4428 Hierosolymam
2923 4397 2936 4415 .
2957 4365 3130 4428 _eaput
3175 4355 3452 4428 proprium
3481 4373 3495 4409 :
3527 4373 3649 4426 quat:
3679 4373 3799 4411 vera

2209 4421 2515 4493 juramenta
2542 4443 2662 4482 esse
2696 4421 2800 4482 non
2847 4421 3558 4482 credebant._Ma’itnonides
3581 4429 3632 4482 in
3665 4439 3802 4482 trac-

2217 4504 2329 4551 tatu
2357 4497 2625 4553 Sltebuoth
2656 4540 2670 4563 ,
2702 4499 2814 4551 sive
2847 4496 2924 4550 De
2947 4499 3260 4567 jnramentis
3286 4513 3407 4567 cap.
3440 4498 3548 4567 12-,
3587 4515 3734 4554 num.
3769 4500 3801 4555 5

2215 4579 2272 4640 et
2313 4570 2348 4624 4
2375 4589 2387 4624 :
2426 4571 2487 4626 Si
2518 4571 2629 4637 quis
2655 4571 2901 4638 iuraverit
2929 4584 3018 4640 per
3045 4567 3224 4622 caelum
3247 4611 3261 4632 ,
3297 4580 3343 4622 et
3377 4579 3565 4625 terram
3590 4615 3606 4634 ,
3635 4587 3683 4626 et
3719 4589 3800 4627 so-

2214 4637 2336 4708 lem,
2369 4653 2417 4697 et
2438 4637 2660 4703 similia,
2694 4640 2897 4694 tametsi
2930 4637 3228 4714 cogitaverit
3270 4652 3466 4696 tantum
3500 4643 3563 4695 de
3589 4660 3680 4708 eo,
3715 4645 3802 4714 qui

2214 4729 2274 4766 ea
2301 4715 2492 4768 creavit
2514 4755 2530 4778 ,
2552 4717 2908 4785 juramentum
2935 4712 3268 4774 nihilominus
3293 4731 3396 4785 non
3422 4724 3516 4768 est.
3565 4715 3691 4769 Hac
3720 4712 3801 4770 est

2213 4799 2372 4855 causa
2392 4826 2405 4848 ,
2433 4801 2530 4839 cur
2553 4783 2820 4838 Martialis
2843 4786 2880 4835 l.
2911 4799 2961 4837 XI
2987 4785 3207 4855 ,_epigr.
3234 4783 3304 4840 95
3329 4827 3344 4851 ,
3377 4785 3613 4855 Verputn
3642 4828 3658 4852 ,
3691 4787 3799 4842 sive

2211 4854 2587 4930 Judaeum_sic_
2619 4855 2950 4930 alloqttitttr_:_
2981 4852 3114 4908 Ecce
3156 4873 3352 4930 negas,
3373 4852 3633 4930 jurasque
3675 4858 3800 4912 mihi

2213 4944 2303 5003 per
2330 4928 2517 5003 templa
2546 4924 3020 5003 Tonantisr-Nmt
3053 4924 3239 4982 credo:
3259 4924 3397 4982 Iura
3420 4970 3455 5003 ,ί
3482 4924 3644 5003 Verpe
3665 4971 3681 4995 ,
3715 4946 3801 5003 per
3827 4931 3832 4933 “

2213 4999 2553 5071 Anchialum.
2577 4997 2686 5071 _Sic
2718 5007 2874 5071 vocat
2914 4999 3282 5071 juramentum
3321 5017 3414 5070 per
3432 4997 3623 5068 Deup't,
3659 4999 3800 5071 quod

2217 5070 2430 5124 Hebrwi
2460 5070 2532 5123 ita
2567 5068 2876 5122 formabant
2905 5070 2984 5122 An
3023 5069 3105 5122 citi
3151 5075 3275 5126 aton
3297 5068 3471 5137 {Non
3499 5091 3516 5128 :
3550 5068 3690 5127 vivit'
3713 5073 3801 5126 At-

2213 5141 2464 5214 tissimus.’
2507 5139 2613 5196 Alii
2654 5138 2969 5214 Anchialum
3000 5139 3265 5202 Heltraice
3302 5159 3498 5200 sonare
3526 5148 3681 5199 aiunt
3713 5159 3800 5214 per

2213 5213 2689 5286 Deumioiventem,
2735 5213 2821 5286 vel
2868 5230 2959 5283 per
3000 5230 3136 5286 eum,
3165 5218 3254 5286 qui
3297 5217 3415 5269 vivit
3445 5219 3498 5270 in
3527 5213 3797 5273 internum.

2211 5285 2360 5359 Isaac
2389 5285 2614 5359 Vossius
2641 5285 2709 5340 ad
2740 5285 3006 5353 Pompon.
3036 5285 3249 5341 Melam.
3282 5287 3318 5340 1.
3350 5302 3389 5348 ι,
3412 5304 3461 5341 c.
3496 5291 3550 5353 8,
3579 5289 3803 5359 corrigit

2211 5355 2557 5429 Anc/torium,
2589 5359 2641 5429 lt.
2675 5372 2726 5410 e.
2748 5402 2762 5424 ,
2797 5359 3009 5429 asinum
3038 5377 3048 5410 :
3104 5361 3224 5429 quia
3252 5359 3454 5414 ludatis
3499 5355 3801 5429 imputaba-

2217 5438 2333 5491 Iur,
2364 5428 2506 5497 quod
2539 5427 2748 5482 asinum
2779 5427 3092 5483 adorarent.
3125 5428 3378 5485 Christus
3409 5427 3666 5499 prohibet
3690 5448 3802 5486 om-

2216 5500 2302 5552 nia
2336 5499 2449 5553 lnec
2491 5499 2800 5569 juramentu
2829 5541 2843 5565 ,
2875 5517 2993 5570 quae
3024 5516 3153 5554 vere
3194 5517 3318 5555 esse
3362 5503 3673 5570 iuramenta
3707 5504 3800 5558 de-

2213 5570 2414 5624 clarat:
2451 5571 2732 5640 prohibet,
2767 5571 3007 5639 inquam,
3042 5586 3148 5624 non
3179 5573 3358 5626 solum
3392 5591 3458 5628 ne
3487 5575 3624 5628 falso
3652 5617 3667 5638 ,
3708 5574 3802 5630 sed

2211 5643 2374 5696 etiam
2408 5657 2474 5696 ne
2509 5653 2737 5707 temere,
2771 5651 2825 5696 et
2853 5642 2973 5697 sine
3019 5658 3182 5697 causa
3229 5645 3577 5699 emittantur.
3625 5645 3800 5701 luris-

2203 5713 2419 5784 jurandi
2449 5714 2758 5782 exemplum
2786 5728 2884 5782 per
2914 5723 3112 5766 terram
3151 5714 3296 5784 apud
3326 5714 3682 5773 Theocritum
3713 5732 3801 5772 oc-

2207 5783 2380 5838 currit
2407 5785 2479 5834 Na‘
2514 5788 2609 5837 Δᾶν
2640 5784 2828 5839 dorice
2860 5799 2958 5854 pro
2987 5785 3051 5839 νά
3073 5783 3195 5839 Γᾶν.
