4058 6322
495 295 600 356 155

1776 292 1841 351 C.
1881 291 1949 350 V.
1990 290 2222 363 AQUIL.
2265 291 2552 351 JUVENC!

3699 288 3796 348 156

641 411 802 486 148
837 410 951 467 lllic
981 410 1148 466 corda
1174 410 1343 468 etiam
1374 407 1538 466 simili
1576 408 1788 466 ditione
1821 418 2094 467 tenentur.
2128 412 2178 472 Α
2206 406 2312 463 665
2357 408 2516 482 ιω
2537 408 2803 465 lnservire
2824 407 3004 464 simul.
3028 405 3142 464 Sed
3162 417 3260 460 vos
3283 404 3400 460 haec
3420 403 3795 474 jussatenetc.

633 503 888 573 Corporis
917 513 998 558 est
1031 502 1244 569 lumen,
1268 518 1377 573 quo
1397 499 1614 572 publica
1645 501 1846 556 lumina
1872 501 2052 557 cernis
2079 520 2090 556 :

487 593 596 652 655
635 593 746 651 Sed
772 594 817 648 si
851 609 982 664 pura
1012 593 1160 650 acies
1186 594 1383 662 oculis,
1407 592 1749 663 simplexque
1774 591 1986 661 nitebit,

633 685 821 743 Totius
862 688 1010 744 clare
1039 685 1678 757 splendebuntcorporis
1705 697 1880 742 artus.

633 779 726 837 Sin
756 795 890 836 vero
913 794 1152 849 nequam
1182 778 1370 846 fuerit,
1399 794 1738 850 pravumque
1767 778 1993 847 videbit,

639 871 900 930 Obscura:
929 873 1252 930 incumbent
1283 888 1450 945 super
1488 873 1670 929 omnia
1719 873 1963 930 membra
2015 879 2094 930 te-

1790 964 2021 1038 [nebraa

636 1061 695 1117 ltt
729 1061 914 1133 nigras
942 1061 1134 1116 lumen
1161 1061 1260 1118 sed
1285 1060 1332 1116 si
1357 1060 1695 1116 convertitur
1722 1060 1962 1128 umbras,

493 1152 603 1213 660
641 1155 780 1228 Ipsis
803 1156 1000 1211 horror
1028 1154 1134 1211 erit
1160 1164 1400 1225 quantus
1426 1153 1545 1210 sine
1571 1154 1694 1209 luce
1724 1152 2002 1208 tenebris?

710 1249 884 1306 Nemo
927 1259 1111 1321 potest
1140 1247 1380 1304 dominis
1399 1263 1552 1318 aeque
1578 1247 1786 1304 servire
1836 1247 2046 1303 duobus
2073 1264 2086 1303 :

636 1345 810 1404 Unius
847 1355 940 1402 aut
968 1345 1108 1401 odiis
1139 1343 1320 1412 cedet,
1348 1343 1435 1399 vel
1466 1343 1626 1398 cedet
1652 1343 1848 1397 amori.

634 1439 743 1497 Nec
779 1440 981 1510 pariter
997 1438 1276 1495 dominum
1301 1452 1495 1494 servus
1521 1437 1756 1505 patietur
1783 1445 2090 1508 utrumque.

638 1530 791 1588 Haud
819 1545 1056 1604 unquam
1084 1528 1291 1603 poterit
1341 1529 1464 1601 quis
1505 1527 1846 1600 divitiisque,
1872 1529 2094 1602 Deoque

2346 503 2618 559 Sollicitet
2645 503 2874 573 prottrio
2905 517 2972 557 ne
3002 516 3099 556 vos
3132 515 3230 572 pro
3255 512 3492 569 corpore
3524 497 3713 563 vestis,

2344 597 2463 652 Neu
2495 597 2682 653 faciles
2707 597 2881 653 victus
2907 611 3048 668 (egra
3073 593 3367 664 disquirite
3393 605 3550 648 cura.

2343 690 2534 748 Nonne
2556 691 2796 747 animam
2827 690 3000 763 pluris
3051 689 3303 759 facimus,
3332 703 3498 759 quam
3551 685 3797 756 corporis

3509 779 3688 853 [escas
3707 779 3730 833 τ

2343 877 2454 934 Aut
2481 878 2691 935 dubitat
2714 893 2913 950 corpus
2934 877 3225 949 quisquam
3257 889 3587 948 praeponere
3617 871 3800 929 vesti?

2148 1009 2152 1014 -
2199 972 2303 1032 670
2341 973 2538 1030 Aerias
2564 985 2878 1042 spectemus
2899 987 3026 1029 aves
3055 982 3070 1027 :
3097 987 3204 1026 non
3231 984 3454 1025 vomere
3479 981 3676 1038 presso

2341 1067 2511 1140 Terga
2539 1067 2642 1123 soli
2664 1068 2945 1138 subigunt,
2974 1066 3186 1136 jaciunt
3209 1073 3304 1120 aut
3331 1063 3542 1120 semina
3575 1059 3757 1129 larris,

2349 1163 2459 1215 Aut
2487 1170 2732 1231 segetum
2761 1159 2976 1214 culmos
2996 1156 3219 1212 incurva
3250 1155 3392 1212 falce
3423 1151 3696 1210 recidunt.

2363 1253 2656 1308 Proveniet
2675 1261 2855 1308 tamen
2887 1250 2972 1306 his
3000 1250 3168 1305 satias
3196 1259 3490 1320 potusque,
3529 1245 3765 1316 cibique.

2344 1345 2531 1401 Nonne
2555 1345 2666 1402 Deo
2696 1345 2870 1416 magis
2895 1352 2984 1400 est
3013 1341 3294 1398 hominum
3327 1339 3548 1397 curatio
3568 1334 3762 1394 cordi?

2201 1438 2306 1495 675
2351 1437 2509 1511 150
2533 1436 2644 1494 Nec
2670 1436 2891 1508 dignum
2927 1436 3103 1492 fuerat
3125 1434 3296 1492 vestis
3318 1431 3666 1505 suspendere
3706 1444 3804 1486 cu-

3593 1523 3735 1598 [ram

1721 1731 2109 1792 LECTIONES
2149 1733 2564 1794 VARIANTES.

563 1882 691 1940 655.
720 1879 958 1945 Poelm.,
981 1876 1145 1945 Had,
1179 1874 1502 1947 Fabr.,ﬁSed
1527 1875 1572 1930 si
1593 1892 1724 1947 pura
1759 1878 1898 1932 acies
1926 1877 2084 1942 oculi,
2118 1882 2167 1942 B
2268 1875 2650 1943 669.Poelm.,
2670 1875 3439 1944 Ald.,lladam.,Reg..Ott.,
3462 1874 3804 1947 Autdubitat.

493 1955 832 2021 simplexque.
863 1952 1000 2018 Ott.,
1021 1950 1168 2014 Ald.,
1203 1949 1351 2021 Bas_..
1377 1946 1571 2021 _Torn.,
1592 1946 1699 2002 Sed
1719 1947 1765 2002 si
1792 1965 1923 2020 pura
1950 1949 2083 2002 acies

491 2019 682 2090 oculis,
708 2019 1048 2094 simplexque.
1084 2019 1385 2094 Reg.,Se_d
1430 2019 1474 2072 si
1523 2034 1657 2094 pura
1685 2019 1852 2094 oculis
1901 2021 2036 2094 acies
2064 2061 2080 2084 ,

493 2088 838 2166 simplexque.
894 2094 1081 2166 Rotn.,
1112 2088 1265 2157 Quod
1305 2092 1350 2144 si
1380 2105 1514 2166 pura
1541 2088 1716 2143 oculos
1756 2091 1915 2166 acies,
1959 2093 2085 2147 sim-

495 2163 858 2240 omnem
883 2163 1518 2240 ocu@s_clare_tpetulttttt
1541 2169 1628 2216 est
1653 2176 1750 2240 pro
1780 2163 1965 2240 oculis.

563 2231 690 2295 636.
723 2237 953 2305 Poelm.,
987 2232 1345 2301 Fabr.,Ald.,
1377 2231 1662 2305 Da_ventr.,
1696 2232 1853 2298 llad.,
1881 2235 2084 2305 aliique

491 2312 646 2374 editi,
685 2307 841 2363 Clare
867 2302 1021 2362 totius
1047 2305 1409 2379 splendebant.
1430 2302 1660 2379 Codices
1689 2302 2080 2379 mss._variaitt.

491 2381 655 2452 Reg.,
693 2375 1084 2452 Totiusiclare,“
1106 2377 1173 2431 ad
1222 2391 1395 2452 m_arg.
1429 2375 1622 2452 eadem
1678 2377 1845 2452 veteri
1880 2392 2080 2452 manu,

491 2446 637 2508 Tunc
665 2453 821 2506 totius
847 2451 1004 2505 clare.
1041 2449 1224 2513 Rom.,
1251 2446 1316 2501 Et
1345 2446 1503 2500 totius
1523 2446 1680 2506 clare,
1713 2447 1850 2515 Ott.,
1879 2447 2083 2514 Tatius,

489 2526 665 2588 clare;
689 2523 783 2578 sed
811 2540 837 2575 a
870 2539 955 2592 pr.
981 2538 1054 2575 nt.
1085 2519 1204 2584 luit,
1242 2518 1385 2592 Tunc
1411 2517 1756 2592 totius_clare,
1787 2529 1875 2573 aut
1904 2519 2083 2592 Eglo-

487 2597 588 2650 tius
609 2587 753 2648 clare
773 2611 792 2648 :
825 2587 946 2648 nam
968 2605 1096 2646 ante
1126 2592 1284 2646 totius
1304 2587 1507 2656 aliquid
1538 2588 1790 2644 abrasutn
1819 2600 1920 2647 est.
1955 2590 2085 2646 For-

489 2675 633 2722 tasse
666 2669 736 2720 ita
761 2667 1020 2732 scriptum
1048 2663 1147 2718 fuit
1174 2680 1202 2716 a
1226 2658 1661 2732 Juvenco.Tunc
1701 2666 1860 2715 totius
1907 2661 2078 2729 clare‘,

485 2749 580 2793 aut
607 2736 676 2791 Et
707 2731 1044 2796 totius'clare,
1077 2745 1134 2788 ut
1183 2731 1622 2804 mnttosyllabunt
1675 2733 1747 2786 sit
1798 2735 2086 2804 totius'per

485 2808 807 2870 synaeresin.
838 2809 947 2865 Sed
993 2822 1122 2862 eum
1173 2803 1548 2861 necessarium
1597 2820 1708 2861 non
1737 2805 1812 2860 sit
1858 2803 1970 2870 Et,
1997 2805 2084 2860 vel

536 2897 657 2943 unc,
683 2882 988 2946 omittatur,
1017 2893 1114 2947 per
1138 2893 1224 2933 me
1247 2877 1396 2932 licet.

560 2953 686 3008 657.
713 2951 904 3019 Basil.,
929 2964 1249 3022 pronumque
1278 2948 1469 3004 videbit
1500 2964 1518 3002 :
1546 2948 1724 3003 retine
1765 2963 2086 3019 pravumque

486 3023 694 3079 videbit.

557 3094 683 3151 662.
717 3094 828 3150 Ott.
861 3108 891 3148 a
921 3109 1002 3164 pr.
1024 3109 1122 3157 m.,
1153 3102 1247 3148 aut
1273 3091 1408 3146 odiis
1430 3091 1587 3164 cedit,
1606 3101 1696 3164 aut
1717 3090 1848 3164 cedit
1875 3106 2084 3164 amore:

486 3179 792 3222 correctum
825 3162 988 3235 supra
1014 3167 1183 3221 veteri
1209 3179 1392 3224 manu,
1426 3162 1693 3235 cedettvel
1719 3162 1860 3216 cedet
1891 3163 2080 3216 amori.

2192 1947 2328 2018 Reg.
2346 1964 2372 2000 a
2389 1963 2499 2002 sec.
2525 1964 2622 2006 m..
2642 1952 2739 2004 Aut
2762 1949 2976 2003 dubitet.
2995 1947 3346 2006 Rom..Haud
3360 1947 3589 2002 dubitat.
3611 1946 3807 2014 Torn.,

2187 2018 2331 2073 haud
2349 2019 2581 2074 dubitet.
2602 2020 2660 2076 Si
2684 2022 2892 2089 legatur
2922 2018 3078 2072 Haud
3111 2019 3332 2081 dubitat,
3355 2018 3478 2073 sine
3503 2019 3810 2087 interroga-

2190 2094 2336 2145 tione
2362 2090 2413 2145 id
2443 2091 2779 2146 ellereudum
2807 2103 2909 2147 est.
2944 2089 3108 2145 Forte
3136 2091 3416 2152 praestabit
3452 2091 3706 2145 scribere
3727 2089 3810 2145 An

2189 2163 2416 2226 dubitat,
2452 2163 2532 2216 vel
2568 2165 2645 2217 An
2677 2162 2892 2218 dubitet.
2923 2161 3203 2217 Sententia
3232 2161 3425 2216 eadem
3452 2172 3559 2216 est.

2260 2235 2386 2289 670.
2413 2231 2551 2299 Ott.,
2582 2245 2635 2290 et
2661 2249 2690 2287 a
2713 2251 2825 2289 sec.
2859 2250 2932 2288 In.
2965 2232 3096 2302 Reg.
3142 2234 3393 2289 scribunt
3435 2232 3659 2296 Aerias;
3690 2232 3806 2295 alii,

2188 2305 2404 2360 Aereas.
2436 2304 2585 2373 Bas,
2622 2305 2772 2369 ΑΜ..
2802 2323 2926 2359 num
2956 2320 3156 2359 vomere
3186 2320 3364 2368 presso
3390 2332 3463 2344 -—
3494 2303 3671 2374 Terga
3709 2302 3809 2358 soli

2186 2378 2428 2446 subigunt
2452 2377 2476 2430 ?
2503 2377 2632 2436 Alii,
2660 2394 2763 2431 non
2785 2393 3004 2441 vomere,
3031 2377 3154 2430 sine
3182 2374 3618 2438 interrogatione
3639 2416 3654 2438 ,
3687 2391 3810 2445 qua:

2187 2449 2354 2503 etiam
2387 2463 2416 2501 a
2449 2458 2595 2502 textu
2623 2451 2897 2519 Evangelii
2931 2449 3104 2519 abest.
3137 2447 3467 2508 Reuschins,
3503 2464 3655 2519 num,
3680 2461 3807 2502 cum

2193 2519 2630 2588 interrogatione
2660 2517 3030 2589 praeireliquis
3063 2518 3393 2574 lectionibus
3422 2518 3600 2585 eligit.

2260 2592 2384 2646 67t.
2421 2591 2600 2652 Ront.,
2631 2591 2849 2645 subeunt
2879 2607 2895 2644 :
2924 2591 3162 2653 cnrrige,
3205 2589 3472 2660 subigunt.
3507 2589 3723 2644 Poelm.
3753 2590 3808 2644 in

2189 2671 2362 2724 textu,
2393 2661 2642 2723 iladatn.,
2664 2661 2859 2726 'l'nrn.,
2881 2662 3038 2714 haud.
3073 2661 3227 2728 MSs.,
3264 2661 3411 2726 an.,
3443 2660 3682 2722 Poelm.,
3709 2676 3811 2727 pro

2186 2733 2298 2787 div.
2330 2743 2548 2802 εει-ιρι..
2580 2743 2689 2786 aut.
2717 2732 2907 2795 Fabr.,
2945 2749 3057 2786 nec.
3087 2733 3295 2788 Sensus
3319 2733 3462 2786 idem
3495 2741 3602 2787 est.
3636 2732 3810 2787 Aldus

2189 2805 2675 2872 interrogationem
2706 2805 2880 2874 pergit
2924 2803 3186 2860 adbibere
3223 2804 3434 2874 jaciunt
3460 2814 3554 2858 aut
3604 2805 3809 2858 sentina

2189 2876 2387 2946 farris?
2417 2877 2504 2931 Sic
2527 2876 2694 2946 ctiant
2723 2891 2773 2928 v.
2798 2891 2916 2946 seq.

2259 2947 2382 3002 675.
2420 2947 2579 3017 lleg.,
2630 2945 2902 3018 Proveniet
2925 2949 3006 3000 Itis
3030 2958 3203 3018 tamen
3236 2947 3414 3012 saties,
3449 2946 3602 3018 quod
3639 2947 3810 3002 metri

2189 3019 2331 3072 ratio
2375 3035 2481 3074 non
2527 3018 2751 3086 patitur.
2786 3017 2976 3082 Fabr.,
3017 3017 3258 3074 Provenit
3293 3030 3341 3072 et
3372 3017 3545 3073 tamen
3589 3019 3674 3072 Itis
3723 3037 3813 3074 sa-

2187 3092 2304 3144 tias.
2340 3092 2491 3158 Alil.,
2526 3090 2709 3158 Ront.,
2745 3091 2940 3152 Torn.,
2985 3090 3139 3156 Bas.,
3183 3089 3460 3144 Proveniet
3499 3102 3676 3146 tamen
3728 3092 3811 3144 bis

2185 3163 2360 3234 saties.
2391 3161 2529 3226 Ott.,
2559 3162 2790 3226 Poeltn.,
2824 3161 3095 3216 Proveniet
3116 3170 3286 3216 tamen
3315 3162 3394 3216 bis
3417 3164 3608 3217 satias.
3635 3163 3811 3234 Magis

487 3237 772 3333 Fortasse,
789 3233 972 3333 cedet,
992 3245 1084 3290 aut
1133 3237 1298 3333 'cedel.
1347 3233 1660 3306 Aliquando
1719 3241 1900 3288 tamen
1960 3240 2084 3305 post
2109 3268 2156 3333 C
2187 3233 2474 3333 mitigatus:
2504 3241 2590 3333 est
2617 3235 2991 3333 ﬁllahﬂﬁtlfl
3023 3234 3198 3316 saties.

489 3326 656 3366 unum
682 3318 772 3364 aut
800 3309 1046 3380 sequitur
1068 3307 1167 3362 vel.

561 3384 686 3436 664.
721 3382 912 3447 Basil.,
954 3381 1148 3450 poteris
1173 3380 1308 3450 quis.

500 3527 512 3540 .
557 3453 684 3510 665.
729 3452 914 3521 Rom.,
945 3447 1035 3508 sed
1057 3451 1166 3506 haec
1187 3447 1194 3450 ⁷
1216 3467 1306 3504 vos
1350 3451 1526 3518 iussa;
1557 3448 1684 3518 alii,
1716 3448 1808 3504 sed
1834 3464 1919 3504 vos
1975 3447 2086 3503 haec

481 3542 686 3653 “86617.
727 3595 866 3666 Ott.,
901 3595 1021 3652 Neu
1046 3594 1258 3668 facilis;
1281 3593 1404 3665 lege
1433 3591 1556 3648 Neu
1579 3591 1782 3663 faciles.

2259 3303 2385 3358 674.
2414 3305 2595 3372 Rom.,
2620 3303 2824 3358 Nuutne
2859 3303 2968 3359 Deo
2999 3307 3160 3374 magis
3187 3315 3261 3360 est
3289 3304 3564 3361 hominum
3588 3304 3803 3360 curatio

2189 3375 2400 3430 cordis?
2422 3376 2565 3447 quod
2590 3376 2831 3446 profecto
2861 3377 3121 3447 sustineri
3155 3377 3369 3447 nequit.

2262 3447 2387 3500 675.
2425 3445 2603 3511 Vide,’
2635 3463 2763 3502 nunt
2823 3446 3144 3519 melius,4lt't
3173 3445 3389 3518 dignum
3435 3449 3601 3519 fuerit
3653 3449 3807 3503 restis

2187 3519 2502 3590 suspendere
2525 3535 2726 3588 curam,
2761 3522 2866 3575 hoc
2893 3527 3001 3587 est,
3035 3517 3258 3576 dilIerre
3287 3517 3501 3576 curam.

2018 3725 2249 3786 NOTAE.

558 3897 683 3954 657.
716 3895 912 3952 Oculus
942 3907 1187 3964 nequam,
1214 3888 1466 3964 vitiosus,
1490 3898 1582 3964 aut
1617 3885 1828 3942 inutilis
1851 3928 1866 3952 ,
1917 3895 1972 3964 et
1995 3886 2076 3964 _ad

486 3968 778 4025 videndum
813 3957 1049 4034 ineptus.
1078 3962 1310 4018 Pravum
1333 3960 1573 4017 adverbii
1605 3973 1789 4014 more:
1821 3959 1965 4030 quod
1987 3957 2078 4014 Ju-

486 4055 660 4096 venco
691 4039 950 4107 frequens
980 4045 1085 4091 est.

556 4113 681 4167 658.
713 4103 1015 4164 Ιηὲιιιηὺιτε
1043 4119 1144 4175 pro
1166 4104 1392 4174 instare,
1419 4103 1694 4174 ingruere,
1731 4108 2081 4175 uttempestas

482 4183 750 4246 incubuit,
775 4181 904 4235 venti
933 4173 1302 4232 incubuerunt.
1335 4173 1638 4231 Rcustius
1671 4173 1884 4242 tmesint
1911 4173 2084 4246 agno-

482 4257 591 4309 scit
625 4257 676 4309 in
707 4243 1002 4306 incumbent
1023 4263 1202 4320 super:
1226 4247 1322 4303 sed
1347 4249 1544 4304 melius
1573 4255 1659 4303 est
1683 4260 1836 4316 super
1859 4243 2086 4298 ntembra

485 4326 802 4379 incumbent.

559 4397 682 4453 660.
750 4394 876 4449 Sine
898 4393 1011 4447 luce
1033 4391 1290 4457 tenebris;
1315 4389 1440 4457 quia
1475 4389 1714 4445 tenebrae
1746 4386 1952 4442 nullam
1983 4401 2082 4440 un-

485 4467 851 4539 quarn_lucem
879 4463 1122 4539 habent,
1148 4461 1475 4539 au_t_habere
1506 4467 1752 4539 possunt.
1801 4457 2083 4539 Matutinus

486 4529 563 4594 ait
596 4558 608 4592 :
643 4537 704 4594 Si
733 4551 854 4609 ergo
871 4535 1064 4598 lumen,
1094 4531 1234 4609 quod
1251 4533 1302 4585 in
1329 4539 1378 4584 te
1398 4539 1491 4599 est,
1521 4529 1743 4585 tenebrat
1759 4538 1880 4583 sunt
1909 4545 1924 4582 :
1956 4529 2086 4599 ἔρδω

503 4611 726 4664 tenebrat
751 4603 958 4674 quanta:
983 4603 1184 4674 erant}?

555 4683 681 4736 66!.
702 4669 930 4732 CAPUT
959 4672 1202 4744 XXXIX.
1237 4670 1359 4727 Non
1384 4690 1532 4744 posse
1559 4686 1865 4742 queinquam
1895 4669 2083 4723 servire

482 4751 682 4808 duobus
725 4748 967 4803 dominis.
1005 4743 1139 4798 Item
1181 4743 1396 4798 nimiam
1452 4744 1720 4809 ciborum,
1771 4749 1818 4792 et
1867 4745 2082 4793 restium

481 4840 660 4878 curam
687 4837 714 4875 e
741 4817 897 4873 corde
923 4816 1318 4879 eliminandam,
1347 4831 1436 4869 nec
1480 4816 1596 4886 plus
1618 4828 1778 4886 teque
1828 4811 2080 4886 sollicitos

483 4911 596 4949 esse
623 4904 878 4965 oportere.
921 4886 1114 4943 Matth.
1143 4901 1218 4954 v1,
1248 4887 1319 4941 24
1377 4884 1564 4955 seqq.,
1611 4885 1772 4940 Luca:
1820 4899 1934 4951 stt,
1983 4884 2074 4950 22,

487 4973 542 5021 et
570 4964 682 5023 svt.
714 4964 800 5019 l5.

566 5036 693 5092 666.
728 5031 988 5088 Sollicitet
1021 5029 1202 5084 :idetn
1233 5028 1458 5084 verbum
1492 5028 1542 5082 in
1562 5027 1726 5082 simili
1751 5036 2078 5096 argumento

481 5105 628 5178 apud
661 5103 1036 5178 Prudentium,
1069 5110 1126 5156 et
1153 5098 1572 5166 Columbanum,
1603 5108 1660 5154 ut
1701 5099 1847 5168 leges
1877 5096 1930 5151 in
1963 5107 2075 5151 not.

485 5173 554 5234 ad
584 5193 638 5231 v.
670 5175 798 5231 68.3.
835 5176 888 5226 It.
918 5173 959 5228 Ι.

2191 3889 2294 3944 lius
2317 3889 2450 3969 libr.
2488 3907 2524 3947 t.
2557 3890 2756 3965 Georg.
2810 3909 2954 3950 vers.
2993 3894 3062 3969 9_7
3093 3912 3105 3948 :
3143 3893 3209 3948 Et
3253 3895 3346 3969 qui
3379 3896 3646 3969 proscisso
3691 3913 3807 3969 qua:

2187 3965 2404 4014 suscitat
2447 3979 2663 4037 imquore
2702 3974 2867 4037 terga,
2899 3995 2970 4006 —
3003 3966 3207 4021 Rursus
3245 3968 3299 4020 in
3340 3965 3613 4029 obliquum
3657 3965 3805 4024 verso

2191 4036 2477 4102 perrumpit
2505 4045 2702 4090 aratro.
2736 4036 2802 4090 Et
2831 4037 2953 4091 libr.
2979 4053 3040 4096 tt.
3075 4053 3221 4092 vers.
3272 4037 3383 4094 236
3413 4037 3644 4094 :Glebas
3676 4058 3806 4095 cun-

2191 4113 2405 4178 ctantes.
2432 4122 2712 4178 crassaque
2734 4117 2877 4177 terga
2898 4138 2970 4148 —
2998 4107 3279 4173 Exspecta,
3308 4120 3354 4164 et
3385 4110 3580 4164 validis
3608 4123 3805 4166 terram

2193 4175 2470 4243 proscinde
2505 4175 2763 4247 juve’ncis.
2793 4175 3065 4234 Iuvencus
3095 4195 3241 4248 saepe
3270 4181 3414 4234 idem
3469 4185 3804 4238 vocabulum

2192 4249 2258 4299 ad
2286 4254 2442 4300 terra:
2471 4250 2811 4315 sutierlicietn
2845 4251 3184 4306 ittdiCandam
3211 4251 3455 4306 adhibet.
3491 4253 3804 4310 Columella

2192 4316 2230 4395 l.
2256 4331 2314 4382 ll,
2347 4333 2470 4384 cap.
2503 4319 2557 4384 2,
2587 4336 2729 4376 vers.
2757 4323 2885 4377 lin.:
2917 4321 3138 4395 Exiguis
3161 4323 3472 4386 vomeribus,
3501 4334 3550 4378 et
3577 4327 3808 4380 dentali-

2190 4385 2288 4463 bus
2301 4398 2500 4463 terram
2528 4394 2777 4463 subigere.

2260 4461 2384 4542 673.
2402 4461 2671 4542 Cellarius
2687 4465 2759 4518 De
2780 4465 2945 4542 Barba
2957 4464 3110 4520 rism.
3126 4464 3331 4542 _inCur.
3350 4469 3679 4542 poster.‘ait,
3696 4486 3802 4526 non

2189 4536 2322 4606 satis
2339 4544 2590 4606 constare
2605 4537 2672 4590 de
2683 4539 3006 4590 auctoritate
3019 4536 3174 4590 verbi
3189 4538 3342 4591 saties
3359 4553 3457 4606 pro
3471 4539 3712 4594 satietas.
3735 4545 3803 4596 At

2190 4603 2590 4680 verbutnsatias
2610 4623 2707 4675 pro
2722 4609 2939 4680 satietas
2964 4607 3152 4675 probat
3180 4608 3325 4664 idem
3339 4603 3640 4676 Cellarius,
3678 4617 3801 4680 quia

2189 4688 2294 4751 non
2329 4678 3024 4751 solum_a_ntiquissitnorutn
3056 4689 3138 4733 est
3168 4680 3410 4751 Terentii
3433 4693 3489 4736 et
3519 4678 3800 4751 Lucretii,

2187 4743 2282 4799 sed
2311 4747 2472 4801 etiam
2507 4743 2671 4811 Livii,
2690 4758 2743 4804 ιιι
2771 4748 2960 4804 Taciti.
2994 4749 3144 4803 Alios
3173 4750 3322 4805 addit
3352 4751 3726 4811 Forcellinns.

2259 4818 2383 4890 674.
2417 4817 2626 4873 Curatio
2658 4821 2874 4890 proprie
2903 4828 2987 4875 est
3011 4835 3164 4884 cura,
3194 4821 3626 4880 administratio.
3664 4827 3803 4883 Hinc

2190 4889 2518 4962 transfertur
2546 4892 2611 4944 ad
2654 4889 2798 4944 illaut
2832 4907 3042 4957 curaui,
3070 4907 3192 4962 qua:
3239 4895 3446 4947 morbis
3476 4896 3800 4952 adhibetur.

2257 4959 2382 5016 675.
2416 4960 2695 5016 Sententia
2745 4965 2962 5016 inversa
2995 4959 3102 5016 esti
3129 4967 3181 5016 in
3225 4963 3495 5027 JuvenCo,
3527 4980 3628 5021 aut
3690 4978 3804 5024 tra-

2183 5031 2324 5103 jectu
2373 5045 2499 5103 sunt
2546 5032 2733 5096 verba,
2773 5044 2827 5086 et
2878 5033 3098 5103 aliquod
3152 5034 3567 5090 hemistichium
3616 5036 3798 5095 deest.

2194 5101 2536 5175 [ilvattgelista
2565 5104 2680 5157 ait:
2712 5103 2902 5158 Nonne
2947 5101 3032 5157 vos
3064 5107 3229 5174 magis
3258 5106 3423 5175 pluris
3469 5109 3594 5163 estis
3642 5111 3756 5166 illis
3779 5114 3804 5166 ?

2193 5172 2323 5238 Quis
2349 5182 2518 5225 autem
2549 5187 2770 5249 vestrum
2795 5176 3032 5249 cogitans
3065 5172 3230 5245 potest
3257 5172 3486 5249 adjicere
3510 5181 3584 5232 ad
3627 5192 3803 5236 statu-

557 5248 684 5306 667.
715 5243 925 5298 Faciles
972 5243 1169 5314 victus,
1191 5241 1313 5311 quia
1347 5241 1518 5314 victus
1577 5240 1782 5314 homini
1835 5255 2087 5297 necessa-
2186 5258 2302 5295 ram
2331 5259 2477 5297 suam
2503 5245 2730 5298 cubitum
2751 5240 2914 5299 unum
2936 5247 2962 5301 .’
2991 5240 3146 5299 Et'de
3174 5240 3478 5304 vestimento
3509 5253 3643 5314 quid
3693 5254 3802 5309 sol~

481 5321 597 5379 rius
627 5316 802 5374 facitis
821 5326 926 5379 est,
951 5324 1006 5370 et
1027 5313 1304 5384 parabilis,
1333 5315 1451 5368 sive
1474 5313 1631 5370 facile
1651 5313 1948 5368 nbtinetur.
1977 5314 2084 5367 llac

483 5390 882 5512 signillcntliOone
909 5388 1069 5439 victus
1116 5384 1316 5440 dicitur
1342 5392 1452 5439 tam
1485 5387 1536 5440 in
1588 5384 1872 5457 singulari,
1922 5399 2080 5455 quant

485 5465 546 5512 in
590 5465 738 5512 nlura
768 5475 804 5512 ι.

485 5458 562 5520 ἰεῐ
590 5458 804 5520 plurali.

551 5481 1036 5600 ϐξδιῗῐῗῖῗιίείιὶιιξι,
1068 5543 1082 5581 t
1110 5527 1310 5600 Georg.
1342 5543 1486 5584 vers.
1512 5529 1584 5600 45
1609 5547 1620 5583 :
1647 5526 2073 5600 Depresspdinci-

519 5606 593 5659 iat
621 5605 729 5673 iam
757 5595 867 5655 tuin
889 5597 1016 5673 mihi
1037 5609 1216 5673 taurus
1242 5595 1419 5673 aratro
1445 5630 1518 5644 —
1543 5595 1828 5673 Ingemere.
1860 5595 2071 5652 Plinius

519 5622 593 5659 tat
621 5622 729 5673 1am
757 5622 867 5655 tum
889 5622 1016 5652 mins
1037 5622 1216 5654 taurus
1242 5622 1419 5654 aratro
1445 5630 1518 5644 —
1543 5622 1828 5671 tngemere.
1860 5622 2070 5652 ιἠιιιιιδ

483 5622 525 5731 l’.
558 5691 695 5740 xvn,
726 5689 848 5741 cap.
876 5673 933 5737 4,
965 5670 1101 5725 dixit
1128 5686 1377 5727 vomerem
1403 5672 1721 5742 imprimere.
1768 5670 1880 5726 Hoc
1905 5684 2070 5725 sensu

477 5760 679 5816 vomere
706 5758 880 5816 presso
910 5757 1008 5811 pro
1033 5743 1296 5816 depresso,
1319 5753 1413 5799 aut
1436 5746 1706 5816 impresso.

549 5815 672 5873 671.
707 5811 872 5887 Terga
900 5829 996 5884 pro
1023 5811 1336 5885 superﬁcie,
1365 5825 1424 5873 ut
1468 5811 1622 5888 terga
1676 5813 1869 5872 maris.
1901 5811 2073 5884 Virgi-

2188 5316 2509 5390 liciti‘estis?
2538 5315 2868 5372 Considerate
2913 5317 3026 5370 lilia
3051 5319 3189 5390 agri,
3218 5321 3482 5390 quomodo
3511 5337 3758 5380 crescunt
3783 5343 3802 5381 :

2188 5402 2290 5440 non
2321 5384 2573 5452 labarent,
2608 5404 2767 5451 neque
2799 5398 2937 5452 nent,
2968 5384 3267 5458 etcflgitu'r
3289 5391 3408 5448 haec
3450 5397 3649 5458 verba,
3688 5397 3804 5453 Nec

2188 5459 2401 5530 dignum
2429 5461 2599 5538 fuerat
2625 5461 2775 5538 ιιεειρ
2823 5460 3131 5538 suspendere
3156 5477 3338 5515 curam
3364 5505 3377 5525 ,
3403 5468 3799 5538 coniungenda

2180 5529 2307 5604 sunt
2333 5543 2454 5582 cum
2485 5531 2670 5604 verbis
2686 5570 2710 5604 ,_
2722 5529 2936 5604 Cernite
2957 5545 3051 5598 per
3078 5531 3318 5604 pingues,
3341 5543 3448 5590 etc.
3473 5529 3796 5595 Obsc'..mm

2179 5601 2342 5656 etiam
2373 5611 2489 5676 est,
2523 5599 2646 5676 Nec
2679 5601 2892 5671 dignum
2912 5605 3094 5676 fuerat
3138 5599 3312 5658 vestis
3341 5608 3670 5676 suspendere
3716 5628 3800 5666 cu-

2177 5687 2287 5724 ram
2314 5699 2384 5708 —
2420 5668 2875 5746 _Pectoribus'pro“
2902 5669 3012 5746 Nec
3040 5672 3260 5744 dignum
3288 5668 3459 5746 fuerat
3494 5695 3683 5734 curam
3733 5682 3798 5738 de

2179 5750 2310 5824 peste
2336 5743 2552 5824 retinere
2582 5751 2801 5824 pec-tore.
2838 5741 3072 5824 vet-bum
3100 5741 3316 5824 "alitem
3359 5750 3615 5824 c_ub_i_tal_ia
3666 5769 3794 5824 pro-

2177 5811 2306 5868 bum
2337 5821 2423 5866 est
2457 5828 2470 5864 :
2497 5827 2606 5882 quo
2630 5819 2851 5868 utuntur
2880 5811 3084 5881 Livius,
3110 5813 3348 5889 Plinius,
3378 5811 3684 5880 Palladius:
