4058 6322
204 297 297 355 165

328 505 562 561 Crimina
590 518 779 562 n05tra
810 514 996 562 vetant
1016 505 1162 570 vitae,
1190 501 1438 571 lucisque
1465 506 1772 570 parentem.

327 598 478 656 Nunc
497 600 668 654 verbo
697 599 831 655 satis
861 608 943 655 est
969 599 1162 668 jubeas
1194 608 1440 652 remeare
1469 591 1721 646 salutem.

327 692 620 762 Suhjectos
650 691 782 747 mihi
806 707 953 760 saepe
976 691 1124 745 viros
1153 689 1232 744 sic
1262 693 1446 742 nostra
1477 691 1718 755 potestas

326 782 532 839 Ofﬁciis
560 786 736 840 verbo
761 783 930 855 jussis
956 796 1154 854 parere
1180 780 1382 849 coegit.

199 875 291 933 790
325 876 577 932 Dixerat:
611 877 707 933 ille
734 877 834 931 viri
867 883 1047 930 motus
1080 873 1444 945 precibusque
1468 912 1482 938 ,
1517 869 1733 940 ﬁdeque
1756 911 1770 935 ,

327 971 469 1026 Talia
497 985 814 1028 conversus
843 969 1046 1041 populo
1073 970 1166 1024 dat
1194 967 1336 1022 dicta
1361 965 1633 1035 sequenti.

328 1065 476 1120 Haud
505 1080 766 1136 umquam
795 1065 961 1120 talem
986 1063 1210 1119 memini
1234 1075 1321 1116 me
1341 1060 1520 1130 gentis
1549 1057 1709 1112 avitae

330 1159 482 1231 160
508 1157 796 1214 Invenisse
823 1156 985 1211 Iidem
1009 1172 1022 1210 :
1050 1154 1145 1210 sed
1173 1153 1319 1208 veris
1347 1149 1546 1206 discite
1569 1149 1731 1204 dictis
1761 1191 1776 1218 ,

322 1253 473 1322 Quod
503 1251 718 1308 multos
746 1251 1001 1306 homines
1031 1247 1268 1304 diversis
1290 1244 1538 1316 partibus
1563 1240 1717 1299 orbis

197 1344 293 1404 795
327 1345 655 1418 Progenitos
680 1346 805 1402 coeli
834 1359 1064 1416 regnum
1092 1342 1328 1398 sublime
1349 1339 1569 1395 vocabit

323 1436 451 1494 Cum
477 1438 736 1510 patribus
765 1437 972 1492 nostris
999 1435 1152 1491 vitali
1184 1432 1511 1489 accumbere
1539 1444 1743 1486 mensa:
1767 1445 1781 1483 :

327 1530 624 1605 Progenies
647 1544 883 1603 quorum
910 1528 1072 1587 caecis
1101 1526 1353 1585 demersa
1375 1522 1620 1582 tenebris

1280 289 1743 351 EVANGELICE
1783 290 2124 350 HISTORIA]
2162 294 2293 351 LIB.
2336 295 2375 349 I.

201 410 297 468 785
331 410 433 470 Sed
456 411 613 491 jussu
646 411 933 479 miserere,
968 423 1197 481 precor:
1227 421 1352 462 nam
1388 412 1528 461 tecta
1555 402 1741 458 subire
1807 411 1861 470 Α

3367 297 3472 354 146

2027 402 2287 461 Dentibus
2339 404 2676 462 horrendum
2733 407 2974 464 stridens
2999 447 3014 474 ,
3039 406 3338 479 ﬂetumque
3364 407 3474 464 ire-

3169 509 3403 556 nentans

3169 509 3302 556 nent

2026 592 2311 664 Perpetuis
2337 607 2550 662 poenam
2583 593 2916 650 cruciatibus
2936 603 3054 649 acta
3077 498 3302 650 siiiiibit.

1884 683 1990 743 800
2027 685 2098 739 At
2122 684 2212 739 tibi
2245 685 2352 754 jam
2378 684 2562 754 juveni
2613 687 2814 741 mentis
2844 686 3043 740 virtute
3073 685 3274 754 ﬁdelis,

2033 778 2186 850 161
2216 775 2283 832 Ut
2314 777 2514 838 credis.
2546 779 2734 834 veniet
2759 778 2967 833 fructus
2987 780 3243 835 cumluce
3263 779 3478 837 salutis.

2029 871 2274 936 Dixerat,
2297 881 2352 926 et
2376 871 2526 926 dicto
2550 871 2716 926 citius
2735 886 2864 927 eum
2892 887 3026 928 voce
3064 873 3335 944 loquentis

2029 964 2110 1018 Ad
2140 979 2370 1036 puerum
2401 964 2604 1019 celeris
2641 973 3020 1021 transcurrunt
3045 982 3264 1021 munera
3305 966 3481 1022 verbi.

2025 1056 2416 1126 Ingressusque
2447 1056 2668 1109 domum
2709 1056 2866 1112 miles
2899 1064 3225 1127 properante
3259 1073 3486 1115 recursu

1882 1148 1991 1207 805
2027 1148 2378 1205 Praevenisw
2411 1149 2509 1204 Dei
2540 1150 2758 1205 laetatur
2784 1150 2927 1206 dona
2960 1150 3251 1206 medentis.

2097 1239 2264 1296 .‘Edes
2294 1240 2419 1295 inde
2445 1241 2590 1296 Petri
2621 1251 2845 1297 sanctus
2874 1243 3202 1314 penetrabat
3225 1242 3406 1311 Iesus,

2026 1332 2195 1404 Cujus
2223 1334 2418 1390 anhela
2445 1350 2638 1390 socrus
2665 1346 2822 1402 aestu,
2849 1336 3098 1408 lebriqne
3114 1337 3360 1408 iacebat.

2024 1426 2205 1498 thue
2239 1427 2315 1482 illi
2346 1427 2599 1483 dextram
2627 1427 2806 1498 tetigit
2852 1429 3108 1485 Salvator
3143 1429 3326 1499 Iesus,

1883 1519 1989 1577 809
2027 1519 2170 1578 Sana
2195 1521 2558 1584 ministerium
2587 1521 2868 1594 praebebat
2896 1522 3108 1581 l‘emina
3139 1525 3370 1584 mensis.
3414 1591 3425 1613 '

1408 1709 1797 1770 LECTIONES
1836 1712 2251 1773 VARIANTES.

261 1855 377 1911 794.
406 1856 549 1927 Reg.
571 1897 586 1921 ,
618 1852 966 1927 0tt.._R_om.
986 1849 1186 1927 ,_Ald.,
1217 1846 1598 1927 'I‘orn.,.Bas.,
1628 1847 1788 1927 Quod
1818 1851 1868 1913 B
1893 1846 2098 1927 Actibi.
2129 1847 2255 1927 Ald.
2277 1891 2300 1927 _,
2327 1847 2490 1927 Febr.
2514 1889 2529 1915 ,
2577 1848 2782 1927 Ro_m._,
2818 1849 2986 1927 'I‘orn.
3015 1891 3030 1917 ,
3060 1849 3231 1927 Bas.)
3261 1851 3494 1927 juvenis.

201 1929 392 1984 mullos.
433 1917 678 1984 ﬂauam.
707 1967 723 1994 ,
752 1924 916 1980 Fabr.
950 1968 964 1993 ,
1000 1922 1214 1979 Poelm.
1244 1961 1260 1989 ,
1291 1933 1389 1990 pro
1410 1917 1466 1973 d.
1497 1933 1545 1974 s.
1576 1958 1590 1986 ,
1620 1919 1789 1985 Quam
1893 1919 2021 1994 Alii,
2041 1920 2243 1994 juveni.
2277 1920 2346 1994 In_
2376 1920 2507 1992 Reg.
2539 1936 2604 1975 ex
2635 1921 2805 1994 ﬁdelis
2833 1920 3051 1994 facitth
3073 1921 3221 1991 ﬁdeli
3243 1917 3502 1994 [scilicet

203 1999 395 2056 multos.

262 2071 377 2127 796.
418 2070 573 2135 Ald.,
606 2071 793 2124 vestris
816 2085 835 2123 :
865 2068 980 2133 alii,
1009 2066 1218 2120 nostris.

261 2143 380 2198 797.
419 2133 598 2198 'I‘orn.
622 2183 636 2207 ,
672 2141 837 2196 Fabr.
861 2181 875 2207 ,
907 2139 1155 2194 scribunt
1197 2137 1434 2190 demersa
1458 2151 1477 2189 :
1503 2133 1749 2207 plerique
1776 2177 1791 2200 ,

200 2213 424 2270 dimersa.
463 2215 594 2269 Bas.
624 2257 638 2280 ,

199 2286 364 2357 aliquo
412 2300 584 2341 sensu
616 2277 882 2354 explicari
910 2277 986 2336 'id
1031 2279 1466 2357 possit.,__n_empe
1512 2277 1791 2357 apposita,

202 2347 357 2431 autin
377 2369 532 2431 parte
552 2347 822 2411 contraria
849 2365 896 2409 et
916 2347 1179 2431 opposita.
1212 2350 1564 2431 \lide_not.ad
1589 2364 1640 2400 ν.
1663 2347 1788 2403 761.

261 2422 558 2501 798.'Ott.,
593 2444 622 2482 a
657 2444 738 2494 pr.
771 2443 870 2490 m.,
895 2422 1173 2501 ﬂetumque
1196 2464 1208 2479 .
1240 2423 1294 2476 in
1327 2422 1487 2491 Reg.,
1516 2435 1545 2473 a
1579 2435 1661 2501 pr.
1688 2436 1792 2501 m.,

202 2499 417 2556 fortas'se
471 2500 574 2555 fuit
621 2494 958 2571 ﬂentumque.
1005 2494 1287 2567 Scriptura
1326 2494 1672 2560 communis,
1700 2494 1794 2562 flc-

203 2581 418 2628 tumaue.
1086 2577 1096 2586 ’

253 2589 595 2714 ’ξὲἔῗοῐῖθεη
631 2640 1080 2716 pwnte;_reliqni,
1111 2654 1334 2716 pinnam.
1504 2707 1522 2716 _
1689 2707 1702 2716 ο

262 2717 380 2773 800.
422 2707 558 2784 Reg.
583 2707 600 2781 μ
630 2707 746 2769 Ott.
776 2756 791 2780 ,
811 2707 815 2708 ί
837 2707 999 2768 Rom;
1028 2707 1201 2784 ,Ald.
1224 2752 1244 2784 ε
1271 2712 1337 2765 At
1367 2709 1478 2764 tibi.
1503 2707 1582 2784 Ita
1631 2707 1796 2764 etiam

200 2785 354 2846 Torn.
382 2834 402 2862 ,
429 2799 487 2846 et
506 2781 634 2844 Bas.
663 2785 775 2845 Alii
796 2800 919 2842 cum
952 2782 1186 2841 Hadam.
1220 2783 1431 2840 Poelm.
1462 2826 1476 2852 ,
1507 2781 1563 2837 in
1599 2790 1750 2837 texm
1779 2824 1793 2848 ,

1893 1991 2116 2066 virtute.
2150 1991 2478 2066 Rensehins,
2511 1994 2576 2066 A_t
2601 1991 2706 2066 tibi
2743 1995 2859 2064 jam
2871 1992 3285 2066 jureni_mentis
3313 1993 3501 2066 virtute

1893 2062 2088 2131 ﬁdelis,
2113 2075 2220 2120 etc.
2253 2064 2496 2130 Scilicet,
2529 2063 2672 2131 Tibi,
2703 2062 3036 2125 o'cen'turio.
3064 2062 3185 2118 ﬁdei
3213 2074 3318 2118 tuae
3350 2063 3498 2118 l'ruc-

1892 2143 1980 2188 tus
2004 2136 2222 2190 veniet:
2252 2135 2490 2205 juvenis,
2522 2151 2684 2206 quem
2718 2135 2856 2190 adeo
2885 2134 3099 2206 lidelem
3139 2135 3236 2190 tibi
3264 2146 3318 2190 et
3337 2135 3500 2190 obse-

697 2204 921 2281 divers'a,
954 2212 1134 2263 minus
1167 2209 1325 2281 bene,
1369 2204 1618 2273 quamvis
1646 2205 1792 2281 bono
1894 2216 2149 2281 quentem
2167 2204 2505 2281 praedicasti,
2540 2204 2778 2281 accipiet
2809 2207 3000 2281 lucem
3022 2205 3234 2272 salutis,
3266 2207 3382 2281 sive
3401 2221 3501 2281 sa-

1896 2280 2143 2333 nitatem.
2167 2279 2286 2333 Duo
2316 2278 2484 2332 dativi
2517 2279 2692 2333 eidem
2721 2278 2888 2333 verbo
2916 2278 3284 2350 adjunguntur
3310 2278 3366 2334 in
3400 2278 3501 2334 hac

1897 2350 2159 2405 Reusehii
2192 2353 2463 2420 scriptura
2496 2360 2550 2406 et
2580 2351 2948 2418 expositione.

1967 2421 2093 2476 805.
2150 2421 2299 2487 Ald.,
2355 2423 2502 2488 Bas.,
2551 2421 2784 2489 Poelm.,
2814 2437 2912 2492 pro
2940 2420 2996 2476 d.
3021 2435 3096 2488 s.,
3139 2429 3448 2493 percurrunt
3481 2437 3500 2476 :

1899 2491 2010 2556 alii,
2045 2501 2431 2547 transcurrunt.

1972 2564 2098 2619 805.
2128 2565 2310 2629 Rom.,
2340 2562 2654 2619 Provenisse
2681 2580 2699 2617 :
2725 2564 2922 2618 melius
2945 2562 3127 2618 caeteri
3156 2563 3502 2620 Prwvenisse.

1975 2636 2100 2690 808.
2121 2635 2282 2706 Reg,
2319 2635 2563 2692 Servator
2587 2653 2606 2689 :
2629 2635 2848 2706 reliqui,
2876 2635 3142 2706 salvator.

1975 2707 2102 2764 809.
2134 2705 2265 2765 Post
2314 2708 2461 2765 hunc
2509 2721 2564 2764 v.
2589 2707 2727 2780 Reg.
2755 2705 2769 2761 ξ
2796 2705 3034 2780 Explicit
3063 2706 3194 2764 liber
3223 2723 3265 2776 ι,
3306 2706 3505 2780 Incipit

1904 2779 2032 2836 liber
2060 2795 2118 2837 ιι.

1714 2958 1945 3018 ΝΟΤιΕ.

265 3104 392 3162 791.
423 3100 534 3157 Dat
559 3101 701 3155 dicta
727 3098 1060 3168 :aliquando
1089 3099 1218 3152 dare
1249 3097 1401 3152 verba
1424 3097 1697 3168 signiﬁcat
1723 3097 1792 3154 lo-

202 3177 306 3246 qui,
325 3190 438 3231 non
457 3174 678 3246 fallere.
699 3170 962 3242 Exempla
986 3171 1185 3242 protuli
1221 3170 1274 3225 in
1298 3179 1413 3226 not.
1447 3170 1514 3225 ad
1540 3170 1798 3226 Dracont.

225 3243 319 3302 ibr.
348 3263 436 3302 ιιι.
471 3262 522 3300 v.
557 3243 687 3300 456.

203 3243 641 3376 hbi921il’ﬂ‘imiriii
672 3332 753 3370 me
777 3315 1032 3369 invenisse
1054 3331 1073 3369 :
1094 3315 1318 3382 elegans
1345 3323 1488 3370 esset
1517 3329 1639 3369 cum
1681 3313 1802 3368 inﬁ-

1907 3097 2015 3154 ‘288
2039 3119 2052 3155 :
2092 3097 2429 3152 Horrendum
2449 3098 2693 3152 stridens.
2727 3099 2883 3155 Mitto
2908 3100 3065 3156 alios.

1979 3171 2103 3227 799.
2165 3173 2317 3233 Acta,
2367 3177 2577 3242 coacta,
2630 3168 2886 3242 impulsa,
2919 3173 3165 3228 subacta.
3221 3171 3333 3229 Has
3359 3173 3510 3230 enim

1904 3242 2337 3312 signiﬁcationes
2360 3241 2604 3310 aliasque
2629 3241 2682 3296 id
2712 3241 2939 3299 verbum
2973 3244 3156 3299 habet.

1978 3314 2106 3369 802.
2125 3313 2256 3368 Cum
2279 3328 2402 3368 voce
2423 3329 2441 3368 :
2459 3313 2586 3369 vide
2600 3328 2721 3370 var.
2746 3315 2898 3371 Lect.
2925 3316 2993 3372 ad
3019 3317 3056 3370 |.
3082 3331 3202 3380 tt,v.
3226 3315 3357 3384 597,
3377 3314 3511 3372 Cum

207 3391 369 3475 nitito
411 3388 693 3473 praesenti,
723 3385 1048 3475 etia‘msiale
1079 3402 1138 3441 re
1169 3385 1442 3470 praeterita
1492 3401 1674 3475 sermo
1703 3387 1795 3439 sit.
1826 3411 1874 3475 ο
1905 3385 2066 3475 dicto.

206 3458 588 3518 Verum'etiatn
622 3474 747 3514 cum
773 3458 1042 3512 inlinitivo
1072 3459 1356 3526 praeterito
1389 3459 1530 3527 apud
1579 3459 1794 3513 Cicero-

208 3550 350 3597 nem,
378 3534 670 3603 Virgilium
696 3531 1168 3603 aliosqueprobos
1193 3530 1490 3598 scriptores
1515 3539 1804 3598 reperitur.

271 3607 396 3663 T95.
449 3600 577 3660 (Πικειὶ
620 3619 836 3672 regnum
877 3600 1096 3654 sublime
1145 3602 1376 3674 ﬁgurate
1426 3616 1525 3669 pro
1563 3610 1811 3674 regnator

204 3679 309 3733 eteli
339 3677 596 3731 sublimis.
637 3670 943 3728 liensehius
982 3674 1290 3740 supplebat,
1339 3670 1427 3725 Vel
1455 3675 1565 3728 (teli
1593 3670 1808 3744 regnum

207 3759 374 3805 tenens
395 3747 619 3813 vocabit,
649 3747 734 3798 viil
772 3744 930 3800 Pater
950 3745 1166 3798 caelestis
1188 3745 1256 3797 ad
1285 3745 1398 3798 τίειὶ
1425 3760 1642 3814 regnum
1661 3761 1811 3798 rora-

207 3820 292 3876 bit.
318 3821 630 3878 Notandum
661 3817 861 3871 vocabit
882 3836 895 3867 ι
915 3832 1004 3870 um
1041 3816 1308 3870 inlinitivo
1337 3817 1642 3870 accumbere
1664 3816 1811 3868 vitali

208 3909 412 3948 niensie.
435 3891 718 3955 Horatius,
738 3889 854 3942 libr.
873 3904 932 3948 tt.
966 3888 1056 3942 od.
1080 3887 1167 3952 I8,
1193 3888 1242 3940 in
1272 3887 1390 3944 lin..
1417 3887 1486 3940 de
1508 3886 1807 3941 (.haronte:

211 3961 308 4018 Hic
329 3965 498 4018 levare
524 3966 761 4034 functum
786 3989 863 4034 -—h
889 3957 1545 4034 Pauperentlaboribus—
1569 3957 1808 4034 Vocatus,

207 4045 352 4106 atque
373 4054 474 4090 non
499 4029 713 4088 vocatus
743 4032 909 4086 audit.
958 4029 1215 4085 Nnttnulli
1252 4031 1320 4080 ita
1355 4029 1613 4106 ordinem
1643 4029 1812 4083 collo-

209 4103 330 4162 cant
355 4125 369 4162 :
400 4107 610 4162 Charon
633 4115 866 4165 vocatus,
893 4114 1044 4169 atque
1075 4119 1175 4155 non
1196 4112 1403 4155 vocatus
1426 4103 1574 4154 ardit
1597 4104 1770 4154 levare
1794 4141 1808 4164 ,

213 4188 313 4232 etc.
343 4182 468 4244 Alii,
507 4178 746 4232 melius:
788 4173 1015 4229 Vocatus
1047 4175 1214 4227 levare
1264 4190 1543 4243 pauperem
1579 4177 1813 4243 [uitatum

215 4251 485 4316 laboribus,
511 4263 664 4320 atque
695 4264 796 4301 non
827 4256 1054 4320 vocatus,
1097 4245 1268 4299 audit.
1301 4245 1564 4320 Nimirum
1611 4260 1815 4320 paupe-

214 4337 320 4377 rem
369 4339 397 4377 a
447 4315 733 4376 laboribus
771 4319 1049 4380 sublevat,
1103 4320 1218 4371 sive
1246 4317 1311 4370 ad
1342 4317 1394 4371 id
1425 4329 1668 4382 vocetur,
1697 4315 1815 4371 sive

219 4410 316 4449 non
343 4405 594 4450 vocetur.
631 4391 935 4445 Notandum
983 4389 1148 4443 etiam
1181 4390 1408 4443 verbum
1452 4388 1631 4456 ipsum
1661 4404 1813 4442 voca-

220 4465 301 4522 bit.
331 4467 476 4535 quod
505 4463 761 4519 absolute
789 4463 1024 4531 positum
1057 4462 1307 4535 solemne
1336 4469 1422 4535 es_t
1452 4477 1554 4531 pro
1594 4461 1816 4535 inritare

220 4538 282 4590 ad
307 4532 519 4592 (cenant.
585 4536 722 4589 I'liuc
754 4541 982 4595 vocator,
1034 4543 1090 4585 et
1119 4533 1336 4585 vacatio.
1376 4532 1665 4598 Exempla,
1721 4533 1813 4602 qtti

223 4612 379 4677 voles,
433 4611 584 4680 leges
632 4606 773 4676 apud
817 4603 1211 4668 Forcellinnm,
1257 4605 1465 4661 aliosve
1509 4605 1816 4674 lexicogra-

259 4681 366 4736 hos.

223 4695 404 4809 “iis.
441 4751 733 4822 Virgilius,
759 4763 775 4804 ι
803 4746 934 4804 mn.
968 4763 1020 4803 ν.
1052 4749 1156 4804 83:
1188 4746 1268 4802 Tu
1295 4747 1389 4803 das
1410 4746 1576 4818 εραιίε
1608 4762 1818 4802 σεσωπ-

226 4827 325 4878 bere
355 4824 564 4878 Dirum.

289 4897 407 4953 797.
441 4895 734 4949 Malthteus
764 4893 877 4953 hic,
914 4901 970 4947 et
1014 4908 1134 4962 cap.
1167 4907 1308 4958 xxu,
1336 4909 1388 4946 v.
1427 4891 1513 4959 l5,
1548 4900 1709 4946 vocat
1750 4902 1826 4947 te-

227 4969 395 5023 nebras
443 4969 745 5021 exteriores.
791 4964 1129 5030 Mazochius,
1173 4965 1239 5018 ad
1285 4964 1475 5019 Matth.
1533 4980 1652 5024 \‘ttt.
1714 4963 1822 5032 12,

227 5049 344 5095 tom.
372 5057 424 5094 nt
453 5038 674 5108 Spicil.,
709 5037 851 5091 hanc
875 5037 1298 5103 appellationem
1342 5037 1582 5092 desumit
1632 5051 1700 5090 ex
1728 5053 1824 5104 eo,

226 5114 357 5179 quod
393 5114 551 5167 locus
579 5112 820 5164 carceris
847 5108 1136 5173 secretior,
1165 5120 1218 5163 et
1249 5110 1537 5164 obsiiurior
1566 5119 1687 5163 erat
1737 5125 1828 5162 ve-

228 5182 316 5236 luti
343 5199 530 5237 carcer
551 5194 710 5236 extra
754 5193 1058 5234 carcerem.
1095 5183 1230 5236 Acta
1263 5180 1320 5236 S.
1353 5181 1652 5239 Vincentii.
1687 5191 1823 5236 sect.

230 5255 291 5306 8:
322 5255 549 5322 Quaerite
587 5254 760 5306 locum
798 5249 1140 5316 tenebrosum,
1174 5261 1219 5305 et
1268 5270 1569 5323 oppressum
1614 5264 1829 5322 urgente

232 5333 435 5391 tectura,
465 5326 530 5380 ab
559 5325 701 5378 omni
729 5323 932 5391 publica
982 5324 1095 5379 luce
1135 5326 1438 5393 sepositum,
1475 5335 1828 5392 perpetuaque

233 5410 367 5450 nocte
395 5399 728 5454 damnatum,
762 5393 929 5448 reotui
951 5397 1062 5467 ejus
1084 5394 1426 5468 peculiarem,
1458 5405 1607 5452 extra
1652 5395 1832 5451 videli-

234 5478 301 5523 cet
331 5485 557 5524 carceres
579 5481 856 5520 carcerem.

299 5541 420 5600 798.
455 5537 803 5598 Horrendum
830 5536 1076 5598 adverbii
1108 5554 1282 5598 more.
1318 5537 1594 5614 Virgilius,
1631 5538 1724 5596 lib.
1757 5553 1830 5606 vi,

1986 3455 2403 3530 804.7Recursus
2429 3462 2655 3530 proprie
2695 3458 2964 3529 signiﬁcat
2984 3458 3245 3526 reditum,
3271 3459 3366 3528 qui
3386 3474 3514 3515 enr-

1915 3531 2085 3603 [endo
2108 3529 2186 3584 Iit.
2215 3529 2503 3603 Μίιιῑιιειῖυδ
2530 3536 2580 3586 in
2609 3532 2838 3603 Vulgata
2863 3534 3040 3586 solum
3067 3531 3354 3603 ItaItetert
3383 3531 3519 3603 dixit

1913 3599 2064 3655 Jesus
2093 3601 2387 3655 centurioni
2420 3619 2438 3656 :
2475 3603 2638 3660 Vade.
2670 3599 2879 3658 et'sicut
2928 3603 3219 3669 credidisti,
3250 3602 3342 3672 ﬁat
3378 3602 3470 3658 tibi
3496 3620 3518 3657 :

1913 3681 1960 3725 et
1977 3685 2190 3726 sanatus
2219 3683 2292 3726 est
2317 3677 2514 3740 puerin
2534 3676 2629 3729 illa
2657 3674 2808 3728 hora.
2828 3675 2956 3728 ltzilzi
2981 3677 3032 3728 in
3057 3677 3334 3730 nonnullis
3354 3689 3515 3741 mss.,

1917 3743 2162 3814 pli-rique
2189 3744 2366 3817 ,Grarci
2409 3747 2655 3817 codices,
2681 3747 2874 3802 Versio
2903 3745 3324 3815 jEiltiopica,-et
3378 3745 3520 3817 Syra

1913 3817 2106 3881 altera,
2134 3816 2334 3870 :idilnnt
2360 3837 2372 3868 ;
2401 3815 2469 3873 Et
2487 3834 2764 3873 conversus
2785 3819 3019 3873 centurio
3042 3819 3097 3872 in
3116 3818 3328 3874 domum
3347 3815 3517 3885 suam,

1912 3887 2092 3940 eadem
2125 3890 2251 3940 liora
2277 3888 2470 3942 invenit
2496 3906 2708 3953 puerum
2733 3907 2940 3944 sanum.

1987 3957 2112 4012 805.
2148 3957 2380 4012 Laetatur
2408 3975 2530 4013 cum
2563 3961 2832 4015 inlinitivo
2857 3962 2996 4015 satis
3025 3961 3283 4015 usitatum
3319 3969 3424 4016 est.

1987 4027 2388 4102 806.7ACAPUT
2424 4030 2657 4086 XLVIII.
2690 4032 2911 4087 Sacrum
2955 4031 3102 4087 Petri
3146 4032 3520 4102 febricitantem

1915 4109 2052 4227 tIactu
2084 4100 2373 4227 libeggtam.
2407 4102 2561 4157 Matt.
2589 4119 2704 4169 vni,
2738 4103 2808 4158 14
2832 4101 2986 4174 seq.;
3017 4100 3181 4159 Marc.
3215 4117 3255 4173 ι,
3284 4101 3355 4160 30
3377 4118 3522 4174 seq.;

1965 4186 2050 4226 uc.
2085 4188 2156 4227 tv.
2263 4212 2276 4224 .

1965 4186 2050 4226 uc.
2085 4188 2156 4229 tv.
2189 4183 2276 4227 58.

1988 4243 2113 4299 807.
2155 4242 2432 4309 Sedulius,
2464 4245 2590 4299 libr.
2620 4262 2678 4301 ιιι
2706 4261 2758 4300 v-
2802 4247 2872 4301 '55
2907 4264 2919 4299 :
2952 4245 3110 4300 Forte
3141 4244 3284 4300 Petri
3334 4245 3525 4300 valida:

1917 4315 2145 4371 torrebat
2177 4315 2439 4384 lampadis
2464 4326 2591 4370 a’stu
2619 4348 2690 4358 —
2719 4316 2902 4372 Febris
2927 4318 3116 4373 anhela
3136 4333 3361 4372 socrum.
3393 4317 3527 4372 Pro-

1918 4391 2035 4454 prie
2063 4385 2250 4441 anhelu
2293 4397 2378 4441 est
2409 4386 2690 4454 anhelans,
2718 4401 2776 4444 tit
2816 4405 2994 4444 socrus
3029 4391 3236 4444 anhela.
3265 4389 3529 4445 Sedulius

1916 4457 2114 4514 febrim
2145 4457 2388 4514 anhelam
2419 4472 2596 4520 vceat.
2623 4463 2746 4530 quia
2803 4461 3064 4517 anhelare
3113 4461 3258 4517 facit.
3291 4462 3530 4517 Consule

1918 4541 2077 4605 notas
2112 4531 2163 4586 in
2195 4531 2434 4605 editione
2469 4533 2778 4590 Arntzenii.
2816 4532 3033 4589 Iacebat
3079 4535 3332 4605 apposite
3362 4541 3526 4591 etiam

1916 4602 2122 4656 dictum
2158 4621 2170 4657 :
2205 4618 2327 4656 nam
2359 4603 2461 4659 hoc
2504 4607 2732 4662 verbum
2780 4621 2928 4677 sa'pe
2965 4602 3274 4675 adhibetur,
3306 4621 3430 4664 cum
3461 4607 3534 4664 de

1917 4677 2080 4746 aegris
2101 4689 2286 4730 sermo
2308 4685 2412 4732 est.

1991 4749 2119 4804 808.
2154 4746 2401 4804 Salvator
2429 4770 2447 4806 :
2479 4765 2582 4805 vox
2615 4749 3020 4820 antiquioribus
3066 4751 3270 4820 ignota,
3295 4767 3324 4807 a
3359 4751 3535 4807 chris-

1839 4808 1897 4870 D
1926 4820 2088 4876 tianis
2129 4822 2513 4892 scriptoribus,
2559 4808 2919 4880 Tertulliano.
2950 4808 3269 4892 Lactantio;
3309 4834 3364 4879 et
3411 4824 3537 4880 aliis

1940 4898 2187 4964 usurpari
2267 4903 2442 4965 coepta
2501 4914 2514 4949 :
2577 4899 2731 4966 cujus
2779 4896 3004 4965 proinde
3079 4911 3233 4950 usum
3319 4897 3544 4966 egregie

1939 4967 2177 5023 vindicat
2228 4968 2586 5038 Augustinus,
2634 4984 2803 5024 Serm.
2833 4967 2963 5025 299.
2989 4978 3124 5022 sect.
3157 4969 3209 5021 6.
3253 4967 3540 5038 Profertur

1937 5037 2100 5109 etiam
2133 5049 2289 5094 vetus
2312 5037 2592 5107 inscriptio
2622 5056 2687 5095 ex
2716 5039 2971 5102 Grulero,
3006 5054 3130 5109 pag.
3162 5038 3250 5109 15,
3282 5037 3498 5109 unm.5
3522 5055 3540 5092 :

1936 5106 2056 5163 Jovi
2084 5111 2286 5182 custodi
2313 5106 2536 5177 Quirino
2559 5111 2824 5167 Saluatori
2852 5127 2948 5182 pro
2969 5106 3136 5164 salute
3155 5107 3378 5182 Caesaris
3399 5107 3542 5162 Ner-

1941 5197 2019 5256 vw
2049 5181 2302 5256 Trajani,
2326 5198 2432 5256 etc.
2487 5183 2745 5256 Isidorus,
2781 5180 2944 5256 ιςιξιι
2986 5181 3139 5256 Qrig.
3185 5196 3306 5249 cap.
3329 5180 3388 5242 2,
3418 5195 3542 5256 cum

1938 5253 1997 5330 ξ.
2028 5249 2336 5330 Angit-tino
2369 5254 2512 5310 idem
2544 5255 2771 5310 verbum
2804 5249 3421 5330 _deletidit.’Annot_ator
3445 5249 3545 5330 Isi-

1939 5323 2059 5406 dori
2093 5327 2348 5406 advertit,
2377 5336 2573 5394 sotera,
2604 5342 2704 5384 seu
2733 5328 3042 5382 salvatorem
3072 5338 3184 5379 non
3209 5323 3346 5376 satis
3365 5323 3548 5389 expri-

1938 5400 2012 5452 mi
2045 5400 2320 5453 servatoris
2343 5414 2499 5452 voce.

2013 5466 2142 5542 809.
2184 5467 2542 5542 Ministerium
2594 5471 2823 5542 prcebere
2867 5467 3005 5526 dixit
3053 5464 3334 5536 Ulpianus,
3362 5467 3423 5517 ut
3446 5458 3544 5514 alii

1941 5540 2284 5598 ministerium
2309 5551 2574 5614 primore,
2596 5540 2788 5614 facere.

1500 5839 1514 5847 .
1570 5807 2150 5852 *Ἦ
