4058 6322
214 271 314 334 155

338 484 749 556 Parcarumque
782 485 915 542 sinit
951 486 1207 558 gregibus
1242 485 1398 542 ﬁnire
1426 485 1661 544 furores.

235 575 302 636 65
335 574 567 647 Jamque
599 576 842 634 hominis
872 577 1144 650 stupidum
1169 619 1184 645 ,
1221 578 1452 636 decussa
1499 578 1752 636 daemone
1772 621 1790 649 ,

1498 673 1519 748 [
1535 684 1724 745 pectus

332 764 621 836 Insperata
651 780 768 822 suae
796 777 1088 824 veneratur
1108 767 1249 822 dona
1277 768 1487 824 salutis.

329 857 397 912 Et
421 858 532 927 jam
565 860 884 930 praecipites
914 860 1268 930 scopulorum
1292 861 1535 933 margine
1564 863 1714 934 porci

329 950 386 1008 In
417 967 572 1009 mare
603 952 811 1024 deiecti
841 965 1134 1025 properant
1161 956 1482 1028 disperdere
1513 959 1678 1014 vitas.

331 1045 400 1100 At
454 1060 592 1102 vero
647 1061 679 1102 e
724 1048 964 1118 speculis
1023 1049 1282 1106 miracula
1336 1059 1482 1106 tanta
1535 1061 1795 1122 paventes

233 1137 297 1194 70
333 1137 658 1209 Dill‘ugiunt,
693 1140 956 1211 urbisque
985 1153 1151 1198 ruunt
1177 1142 1246 1198 ad
1280 1154 1425 1200 tecta
1457 1145 1692 1210 subulci,

329 1231 395 1287 Et
449 1231 658 1288 famam
711 1233 1056 1303 accendunt,
1109 1236 1447 1309 populosque
1495 1236 1562 1292 ad
1608 1237 1790 1294 littora

1472 1330 1715 1405 [cogunt.

341 1417 502 1492 169
523 1418 787 1476 Insanum
812 1435 942 1476 vero
962 1421 1216 1492 juvenem
1234 1432 1520 1494 postquam
1543 1424 1798 1495 resipisse

327 1509 575 1568 Credere
599 1521 928 1570 cernentum
954 1518 1279 1587 populorum
1301 1519 1458 1588 turba
1481 1527 1668 1575 coacta
1683 1529 1792 1591 est,

325 1609 572 1669 Orabant
598 1614 820 1685 pavidi,
853 1617 1136 1687 regionem
1162 1618 1435 1689 linqueret
1457 1619 1624 1676 illam.

227 1704 293 1762 75
395 1705 530 1765 Inde
550 1706 782 1766 domum
807 1710 1028 1782 repedat
1053 1719 1322 1768 terrarum
1345 1713 1531 1768 lumen
1553 1712 1720 1770 Iesus.

1279 274 1743 336 EVANGELICE
1783 276 2138 338 HISTORIA}
2175 270 2308 337 LIB.
2351 281 2414 338 II.

335 390 569 462 Imperat
592 392 660 448 iis
691 392 930 449 hominis
955 401 1196 450 mentem
1221 393 1502 451 dimittere
1520 393 1796 464 Christus,
1827 398 1884 460 Α

3395 271 3500 337 154

2045 397 2188 453 Ecce
2215 398 2508 454 revertenti
2533 398 2750 469 juvenis
2781 398 3056 470 torpentia
3085 394 3371 466 membraj,

2045 490 2294 547 Ofﬁcium
2317 507 2550 562 quorum
2574 493 2800 550 morbus
2822 492 3152 549 dissalverat
3172 503 3320 556 acer,

2045 586 2187 640 Ante
2213 584 2378 655 pedes
2405 584 2605 640 Christi
2634 586 2779 642 lecta
2806 601 3039 658 posuere
3063 585 3382 641 cubantem.

2041 677 2214 747 Quem
2246 677 2518 733 miserans
2549 678 2732 733 animo
2762 678 2950 734 verbis
2977 676 3270 747 compellat
3299 674 3452 730 Iesus
3477 689 3493 730 :

1933 769 2004 828 80
2041 770 2202 826 Adsit
2227 781 2379 825 certa
2405 780 2508 824 tua:
2535 811 2549 834 ,
2577 769 2822 839 juvenis,
2849 769 3163 826 constantia
3189 768 3359 824 menti
3387 807 3402 833 ,

2043 865 2179 920 Nam
2215 865 2309 920 tibi
2341 865 2648 936 praeteritus
2675 866 2799 921 vitae
2825 865 3120 922 donabitur
3147 878 3327 921 error.

2043 959 2202 1033 170
2219 958 2336 1016 Hoc
2351 959 2555 1016 dictum
2579 958 2789 1018 Scribte
2809 961 3031 1028 mentis,
3054 975 3151 1030 per
3163 968 3352 1034 aperta
3376 971 3494 1013 ma-

3215 1057 3417 1130 [lignaa

2035 1151 2380 1224 Carpebant,
2415 1151 2562 1224 quod
2592 1152 2758 1209 verba
2795 1153 2889 1209 Dei
2920 1153 3120 1208 virtute
3147 1149 3376 1206 ferenda

2040 1245 2367 1303 Protulerat.
2392 1245 2648 1302 Christus
2669 1248 2762 1300 sed
2787 1256 3010 1317 pectora
3041 1243 3168 1299 talia
3193 1255 3456 1308 cernens,

1933 1337 2005 1396 85
2044 1339 2181 1404 Hoc,
2207 1338 2406 1410 inquit,
2423 1337 2648 1394 verbum
2670 1337 2986 1394 Scribarum
3006 1338 3151 1394 dicta
3175 1342 3498 1391 retractant.

2041 1432 2196 1501 Quod
2218 1444 2422 1504 quanta
2449 1435 2627 1489 levius
2656 1433 2821 1488 luerit
2851 1433 3082 1500 dixisse,
3111 1429 3392 1501 sequentis

2041 1527 2110 1582 Et
2137 1526 2268 1582 dicti
2294 1567 2309 1592 ,
2339 1535 2395 1582 et
2416 1526 2545 1582 facti
2569 1527 2776 1598 pariter
2795 1527 2996 1583 virtute
3017 1524 3328 1598 probabunt
3344 1565 3360 1590 ,

2041 1621 2107 1678 Et
2131 1620 2261 1678 mihi
2285 1637 2607 1679 concessum
2630 1631 2853 1694 peccata
2874 1620 3162 1679 remittere
3185 1626 3446 1679 cernant.

1414 1848 1796 1908 LECTIONES
1834 1849 2249 1910 VARIANTES.

262 1963 346 2041 65.
388 1964 497 2021 Pro
557 1967 780 2041 decussa
846 1968 1128 2041 Kaeoigius
1184 1967 1494 2037 suspicatur
1543 1969 1791 2024 disclusa.
1827 1972 1875 2034 B
1903 1969 2077 2024 bantia
2106 1972 2252 2026 lecto.
2287 1970 2595 2027 Reuschius
2617 1970 2855 2041 priorem
2884 1971 3174 2027 lectionem
3202 1971 3494 2041 genuinam

196 2035 274 2089 Sic
297 2037 330 2090 I.
353 2053 410 2092 ιιι
431 2081 446 2106 ,
469 2053 626 2112 vers.
660 2038 932 2112 I937legit,
971 2039 1202 2112 Virginis
1231 2035 1538 2107 elimentem,
1563 2041 1790 2096 disclusa

197 2116 430 2182 divinante,
487 2111 681 2166 virtus.
729 2111 856 2176 Alii,
906 2111 1161 2166 discuSso.
1219 2112 1326 2166 Pro
1373 2112 1632 2182 expellere
1659 2113 1790 2167 alibi

198 2179 344 2253 etiam
365 2179 652 2253 iuvencus
678 2192 902 2253 usurpat
931 2183 1243 2246 discludere,
1261 2179 1465 2247 utl.m',
1490 2199 1635 2238 vers.
1664 2183 1788 2239 I62.

260 2249 344 2306 68.
385 2251 552 2328 Reg"
582 2251 653 2328 In
682 2249 828 2308 mare
841 2257 1079 2328 conjecti.
1106 2255 1254 2324 Ald.,
1280 2255 1484 2312 Poelm.
1506 2271 1606 2324 pro
1632 2255 1689 2311 d.
1716 2271 1788 2323 s.,

199 2321 377 2390 vitam;
405 2321 519 2389 alii,
550 2325 710 2380 vitas.

261 2392 343 2470 69.
378 2395 550 2470 Beg.,
580 2396 652 2450 At
683 2414 799 2470 vero
824 2399 1156 2470 exoscopulis.
1195 2397 1378 2459 Rom..
1424 2399 1488 2451 At
1519 2412 1636 2452 vero
1673 2413 1791 2452 sca-

201 2465 348 2535 pulis.
367 2465 491 2523 Ott:
506 2483 640 2524 cum
663 2469 850 2534 editis,
873 2469 938 2522 At
970 2465 1084 2524 vero
1110 2486 1138 2524 e
1159 2471 1403 2535 speculis.

265 2537 344 2611 71.
388 2538 548 2610 Reg.,
571 2538 720 2611 Ott.)
745 2541 928 2606 liam,
954 2540 1150 2604 Torn.,
1171 2537 1236 2594 Et
1259 2544 1453 2611 famam
1484 2541 1788 2595 accendunt.

204 2605 434 2685 Plerique
460 2605 626 2685 editi,
655 2605 722 2666 Et
745 2615 937 2685 famam
967 2605 1474 2685 ερᾳνφυητξνοθιηι.
1511 2628 1606 2682 pro
1636 2611 1692 2666 d.
1715 2627 1788 2678 s.,

203 2675 262 2756 Et
301 2675 492 2756 famam
545 2675 874 2756 intendunt,
926 2675 1169 2756 qu'od'in
1224 2684 1464 2756 Parisina
1511 2675 1791 2756 repertum

206 2747 424 2808 Omeisio
459 2770 570 2810 nan
607 2747 964 2824 diSplicebat’,
1005 2764 1061 2810 ut
1085 2755 1227 2826 apud
1259 2755 1523 2822 Tacitum,
1557 2747 1792 2808 Intendi-

204 2829 279 2895 t_ur
321 2827 598 2886 socordia,
654 2829 755 2881 bac
782 2834 902 2892 est,
972 2837 1217 2895 augetur.
1278 2826 1350 2881 Ita
1405 2829 1566 2881 etiam
1622 2826 1794 2882 edidit

206 2889 508 2970 lleuschins.
563 2895 772 2970 Verum
825 2889 1112 2970 accendunt
1165 2898 1354 2954 eadem
1395 2898 1792 2970 significatione

201 2963 488 3040 elegantius
532 2968 780 3024 videtur.
811 2971 901 3025 Sic
946 2969 1147 3025 dicitur
1193 2963 1474 3024 accendere
1503 2969 1751 3024 liduciam
1773 3015 1788 3040 ,

203 3037 554 3122 alacritatem,
593 3043 767 3110 sitim,
797 3057 974 3112 spem,
1003 3057 1211 3110 curam,
1241 3041 1594 3109 desiderium,
1628 3037 1788 3110 vitia,

204 3122 437 3175 pretium.
911 3132 916 3137 '

266 3181 348 3256 72.
373 3185 503 3240 Mss.
533 3185 681 3256 Reg.
705 3225 720 3249 ,
750 3183 894 3256 Ott”
924 3183 1082 3239 Rom.
1108 3199 1229 3240 cum
1258 3184 1418 3239 editis
1445 3185 1564 3238 Bas.
1593 3225 1608 3247 ,
1638 3183 1790 3247 Ald..

204 3247 395 3338 Poelm.
430 3272 530 3341 pro
570 3247 656 3341 ot:
671 3247 718 3312 s.
747 3297 763 3323 ,
796 3247 1208 3341 lasanmnnvero
1237 3259 1477 3341 juvenem
1521 3266 1792 3341 postquam

203 3327 444 3394 resipisse.
473 3327 804 3392 Hadamar.,
831 3328 999 3382 'I‘orn.
1021 3369 1035 3391 ,
1061 3327 1251 3388 Fabr.;
1277 3328 1486 3383 Poelm.
1520 3327 1575 3384 in
1599 3339 1745 3384 textu
1774 3369 1789 3394 ,

205 3399 424 3523 feqsch.
448 3441 465 3469 ,
499 3398 768 3454 Insanum
797 3401 1043 3472 juvenem
1068 3411 1340 3472 postquam
1379 3401 1618 3472 resipisse
1650 3400 1791 3459 vide-

229 3488 290 3523 an
320 3513 330 3523 .

229 3479 330 3526 αηι.

266 3543 346 3616 71.
375 3541 536 3616 Rom.
565 3586 585 3611 ,
617 3545 881 3616 regionem
907 3553 959 3596 ut
984 3542 1239 3613 linqueret
1259 3541 1428 3598 illam.

377 3615 513 3688 [ἴδε.
538 3659 555 3683 ,
591 3615 1072 3688 dissolverataeger.
1137 3685 1162 3688 Δ
1225 3664 1232 3669 .

265 3686 346 3742 78.
376 3684 513 3758 Reg.
541 3729 558 3751 ,
592 3687 705 3742 Ott.
737 3728 752 3752 ,
788 3684 1101 3742 Ramfcum
1135 3685 1461 3741 Poelmann.
1496 3701 1598 3757 pro
1623 3684 1678 3758 d.
1713 3701 1788 3756 3.,

203 3757 319 3830 {inte
341 3757 490 3824 pedes
533 3758 744 3830 Christi,
778 3759 908 3814 lecto
937 3775 1155 3830 posuere
1199 3758 1492 3812 cubantem.
1559 3757 1680 3813 Ald.
1734 3768 1792 3814 et

204 3827 304 3887 fere
328 3844 517 3889 omnes
549 3829 654 3886 alii
681 3829 816 3887 editi
845 3872 859 3899 ,
892 3827 1022 3885 Ante
1053 3829 1206 3901 pedes
1228 3840 1424 3900 ponunt
1450 3831 1622 3901 tepido
1645 3846 1784 3884 recu-

1899 2041 2277 2115 esseJuvenci
2311 2041 2600 2099 conﬁrmat
2634 2061 2645 2096 :
2678 2058 2782 2110 qua
2822 2042 3098 2115 synthesis
3127 2045 3345 2115 generis
3383 2043 3496 2099 ele-

1896 2114 2210 2186 gantissima
2238 2115 2315 2170 iit.
2344 2115 2612 2186 Nimirum
2643 2116 2840 2180 iuvenis
2857 2114 3120 2186 torpentia
3147 2114 3373 2168 membra
3399 2128 3494 2186 pa-

1896 2183 2058 2240 situm
2089 2195 2174 2242 est
2201 2203 2300 2256 pro
2321 2187 2523 2256 juvene
2552 2184 2790 2241 habente
2812 2183 3085 2257 torpentia
3119 2183 3498 2257 membra.’De

1896 2257 2162 2324 ejusmodi
2202 2255 2518 2314 mutatione
2548 2258 2764 2324 generis
2806 2255 2929 2312 vide
2977 2266 3092 2311 not.
3141 2255 3210 2312 ad
3242 2257 3497 2312 Dracont.‘

1896 2343 2042 2401 vers.
2075 2328 2198 2401 153.
2229 2329 2503 2386 Satistact.
2533 2329 2739 2386 Eadem
2772 2329 2944 2401 ﬁgura
2961 2327 3092 2384 alibi
3114 2329 3278 2384 etiam
3303 2342 3498 2384 occur-

1897 2399 1968 2454 rit
1994 2401 2137 2466 apud
2161 2400 2488 2456 Iuvencum.

1969 2471 2057 2525 85.
2093 2471 2462 2535 Sabatierius,
2515 2472 2722 2538 nescia,
2760 2471 2908 2527 unde
2954 2470 3162 2540 profert
3203 2471 3390 2527 virtute
3414 2487 3498 2526 ve-

1895 2542 2080 2613 renda.
2117 2542 2350 2596 Probum
2379 2554 2464 2597 est
2493 2543 2707 2613 ferenda
2732 2585 2748 2610 ,
2779 2543 2881 2597 hoc
2909 2553 2994 2596 est
3019 2583 3033 2604 ,
3068 2542 3418 2613 proferenda.

1969 2612 2056 2668 84.
2094 2613 2239 2668 Editi
2289 2611 2679 2685 interpungunt
2707 2658 2720 2678 ,
2749 2613 3056 2685 Protulerat
3093 2611 3378 2685 Christus;
3406 2615 3498 2685 sed

1898 2694 2124 2752 pectora.
2149 2686 2338 2741 Melius
2367 2682 2580 2742 videtur
2601 2701 2723 2741 cum
2747 2684 2932 2750 Rom.,
2960 2682 3282 2739 Protulerat.
3315 2682 3495 2739 Chris-

1898 2765 1984 2828 tus
1993 2757 2097 2828 sed-
2126 2767 2354 2828 pectora.

1933 2827 2022 2883 85.
2053 2827 2176 2883 Ald.
2207 2844 2329 2883 cum
2362 2828 2641 2885 nonnullis
2681 2836 2989 2894 retrectant;
3025 2827 3115 2883 alii
3143 2869 3156 2893 ,
3187 2834 3496 2884 retractant.

1894 2897 2058 2954 Rom.
2082 2942 2098 2969 ,
2141 2900 2403 2957 mendose
2430 2943 2445 2964 ,
2476 2911 2782 2956 retractans.

1967 2971 2058 3026 86.
2094 2972 2217 3026 Ald.
2245 3015 2261 3036 ,
2298 2973 2501 3028 Poelm.
2529 2987 2630 3041 pro
2660 2971 2714 3027 d.
2745 2986 2792 3026 s.
2819 3014 2834 3034 ,
2867 2970 2990 3026 Bas.
3016 3012 3030 3034 ,
3063 2970 3217 3038 Quod
3247 2979 3498 3039 quantum

1896 3044 2055 3114 facile
2089 3045 2248 3114 fuerit
2279 3045 2494 3100 dixisse.
2525 3044 2713 3108 Rom.,
2745 3043 2852 3097 Sed
2881 3051 3076 3114 quanto
3115 3041 3278 3096 levius
3307 3045 3498 3114 fuerat,

1895 3111 2119 3172 dixisse.
2152 3117 2264 3170 Ott.
2295 3157 2311 3182 ,
2347 3117 2502 3181 Quod
2531 3123 2723 3184 quanto
2765 3111 2929 3168 levius
2959 3113 3153 3167 dixisse
3175 3153 3190 3177 ,
3219 3127 3383 3184 supra
3414 3113 3500 3167 in-

1895 3195 2106 3257 sertum
2136 3188 2293 3257 fuerit
2325 3189 2466 3243 inter
2497 3183 2657 3241 leuius
2681 3227 2696 3251 ,
2725 3197 2778 3240 et
2807 3185 3023 3241 dixisse.
3055 3184 3189 3257 Reg.
3214 3225 3242 3257 ,γ
3267 3183 3498 3257 lladam,

1898 3255 2104 3382 Eaelm.
2137 3255 2196 3314 in
2242 3268 2396 3316 textu
2420 3304 2434 3329 ,
2476 3259 2673 3326 Torn.,
2725 3258 2875 3326 Quod
2919 3265 3110 3326 quanta
3148 3256 3308 3310 levius
3341 3256 3504 3327 fuerit

1936 3345 2111 3382 txtsse.

1936 3345 2091 3385 3.13M“?
2097 3370 2111 3384 ο

1819 3365 1867 3432 C
1898 3365 2217 3459 militum.
2247 3444 2260 3460 .
2293 3402 2458 3458 Fabr.
2479 3447 2492 3471 ,
2530 3402 2668 3458 Had.
2697 3444 2714 3470 ,
2749 3399 2956 3456 Poelm.
2990 3399 3042 3454 in
3084 3407 3254 3471 textu,
3287 3397 3457 3454 Tom.
3484 3439 3500 3464 ,

1897 3473 2192 3543 probabo...
2227 3475 2438 3541 Poelm,
2474 3490 2592 3543 pro.
2622 3475 2680 3528 d.
2714 3488 2757 3528 s.
2792 3487 2914 3528 cum
2952 3488 3084 3525 mss.
3118 3470 3302 3543 Rom.,
3338 3471 3499 3543 Iieg.,

1895 3541 2034 3616 Ott.,
2057 3545 2346 3616 probabunt
2377 3562 2395 3600 :
2421 3541 2599 3616 glassa
2629 3547 2680 3600 in
2707 3546 2864 3614 Reg.,
2894 3543 3249 3616 probabunt—
3271 3542 3507 3616 Scribis;

1895 3615 1948 3670 in
1978 3613 2090 3672 Oti.
2119 3633 2149 3672 a
2179 3633 2260 3686 pr.
2307 3633 2379 3673 m.
2426 3613 2861 3686 l'uitprababaut.
2909 3614 3220 3670 Ri-uschius
3273 3613 3508 3686 sustinet

1897 3685 2216 3760 probabunt.
2253 3699 2362 3744 tum
2405 3691 2527 3760 quia
2561 3690 2801 3759 sequitur
2832 3697 3057 3760 cernant,
3089 3694 3201 3740 tum
3244 3685 3367 3760 quia
3401 3685 3505 3740 Da-

1896 3759 2026 3814 mini
2061 3761 2254 3815 Iaudes
2285 3756 2514 3828 populus
2540 3756 2848 3816 celebrasse
2868 3757 3070 3812 dicitur
3096 3771 3245 3828 vers.
3287 3756 3358 3812 95
3385 3771 3500 3822 seq.

1966 3831 2056 3886 88.
2087 3831 2214 3887 Ald.
2243 3872 2260 3899 ,
2295 3830 2460 3888 Fabr.
2494 3875 2508 3899 ,
2543 3841 2777 3888 cernant.
2817 3829 3028 3886 Poelm.
3054 3871 3069 3896 ,
3114 3827 3320 3883 Hadam
3342 3869 3358 3896 ,
3397 3843 3508 3883 cer-

1719 3949 1953 4008 NOTAE.

263 4063 638 4141 65_.A_Hominis
692 4079 867 4141 peetus
917 4068 1290 4141 ﬁgurate__pro
1327 4067 1488 4141 ltomo
1535 4065 1797 4133 stupidus.

209 4131 446 4204 Yirgilins
501 4143 540 4196 l.
604 4131 703 4203 κιξ
729 4156 876 4196 vers.
934 4131 1074 4194 2'15:
1129 4131 1234 4194 Hic
1287 4139 1447 4192 chara
1484 4131 1800 4194 sororum-—

205 4202 770 4284 Peot‘ora‘ma'rentum.
815 4213 1060 4284 puerique
1093 4211 1390 4284 parentibus
1413 4211 1543 4265 orbi.

265 4280 350 4336 66.
390 4282 546 4338 Dona
575 4283 809 4337 salutis:
842 4280 1052 4338 scilicet
1078 4283 1324 4339 datorem
1354 4283 1568 4336 salutis.

265 4351 345 4406 68.
396 4353 544 4409 Vitas
580 4355 634 4409 in
673 4354 866 4421 plurali
908 4370 1122 4420 rarum;
1154 4355 1251 4410 sed
1283 4355 1351 4409 ab
1379 4355 1444 4409 A.
1477 4354 1654 4411 Gellio
1687 4374 1795 4413 non

207 4424 357 4479 semel
408 4436 752 4495 usurpatum,
803 4437 857 4481 et
907 4425 962 4480 in
999 4427 1160 4481 editis
1192 4441 1221 4480 a
1268 4426 1521 4480 Cornelio
1551 4427 1792 4497 Nepote:

205 4506 312 4616 :iam
339 4498 560 4555 codices
603 4513 736 4555 mss.
790 4497 950 4569 hujus
997 4499 1151 4552 vitam
1200 4499 1494 4569 praeferre,
1548 4502 1792 4557 nonnulli

223 4577 473 4616 estantur-

223 4577 473 4623 estantnr.

267 4636 348 4714 ἕξ).
391 4639 440 4714 li
466 4641 694 4714 speculis
720 4657 740 4696 :
770 4640 892 4696 vide
917 4656 1061 4695 vers.
1095 4640 1220 4708 715,
1256 4641 1290 4696 Ι.
1321 4655 1396 4694 ιν.

1904 4069 2066 4124 modo
2104 4069 2393 4124 venustius
2420 4078 2524 4124 est.
2573 4068 2867 4122 Donabitur
2887 4083 3054 4131 error,
3089 4064 3419 4128 remittetur,
3449 4076 3508 4120 ttt

1903 4141 1940 4195 I.
1976 4155 2066 4205 III,
2098 4155 2244 4193 vers.
2282 4139 2388 4194 456
2421 4156 2432 4192 :
2469 4140 2576 4194 Sed
2606 4140 2882 4210 decuplata
2927 4153 3082 4210 super
3102 4136 3362 4210 donentur
3395 4139 3510 4210 rul-

1902 4228 2024 4266 uera
2054 4211 2228 4281 fratri.
2263 4211 2376 4264 Alia
2414 4211 2612 4264 indicat
2637 4205 2972 4281 Artitzenius
2993 4205 3068 4281 ad
3095 4205 3441 4281 Seduliuml.
3467 4223 3506 4262 II

1905 4277 2063 4338 vers:
2095 4282 2186 4336 26.
2238 4282 2454 4337 Similia
2506 4282 2761 4350 exempla
2809 4280 2966 4334 attuli
3009 4280 3073 4332 ad
3110 4281 3344 4350 [)racont
3386 4277 3424 4331 l.
3465 4294 3506 4350 tt

1903 4371 2047 4410 vers.
2084 4352 2210 4418 556,
2250 4352 2522 4422 Douatque
2552 4347 2770 4405 reatum.
2803 4351 2959 4407 Addo
2992 4367 3131 4405 nunc
3152 4390 3164 4411 ,
3199 4364 3275 4422 ex_
3299 4347 3402 4403 hac
3429 4349 3505 4404 si-

1901 4425 2257 4498 gniﬁcatione
2281 4420 2602 4498 verbi-dona
2630 4434 2814 4498 natum
2835 4466 2847 4486 ,
2867 4424 3012 4494 quod
3034 4420 3277 4498 sequiori
3295 4422 3509 4498 saecula

1909 4491 2006 4568 pro
2031 4497 2229 4568 veniam
2258 4495 2537 4568 concedere
2567 4495 2721 4568 multi
2765 4491 3150 4568 usurpaverint
3177 4491 3506 4568 pet-donare;

1906 4563 1974 4624 de
2003 4583 2111 4636 quo
2142 4567 2264 4622 vide
2285 4567 2648 4638 Ducangium.
2683 4567 2942 4622 Vocabuli
2975 4563 3249 4633 lliSpanici
3280 4565 3499 4634 perdon,

1904 4651 1961 4697 et
2003 4639 2263 4710 perdonar
2289 4640 2450 4694 aliam
2480 4640 2749 4710 originem
2795 4640 3069 4694 incassum
3102 4638 3190 4690 alii
3223 4647 3502 4710 quzerunt.

265 4708 346 4786 72.
379 4706 704 4786 Resipiscere
745 4724 827 4769 est
879 4715 946 4786 ad
980 4706 1264 4786 pristinum
1297 4726 1557 4786 sensuum
1589 4723 1789 4770 statum
1820 4725 1876 4785 Ι)
1973 4706 2078 4786 8⁸2ἒ
2116 4709 2375 4786 Oper-tum
2406 4706 2736 4786 substantivi
2786 4725 2981 4786 tuore._
2997 4711 3194 4786 Cicero
3225 4706 3508 4786 Parad._iv

204 4779 390 4859 redire.
429 4779 776 4859 I’rieteriluiii
810 4784 968 4859 verbi
982 4779 1268 4854 resipisco,
1299 4793 1356 4838 et
1384 4785 1571 4859 resipia
1601 4795 1682 4840 est
1713 4803 1792 4840 re-

204 4853 341 4927 sipiri
360 4901 373 4922 ,
406 4857 591 4925 resipii
611 4897 628 4921 ,
661 4857 892 4927 resipui;
920 4856 1046 4910 hinc
1075 4853 1170 4920 per
1197 4858 1632 4927 contractionem
1658 4859 1790 4911 resi-

203 4921 368 5000 piss_e._
389 4921 616 4982 Plautus
648 4921 776 4983 Mill
809 4943 884 4986 tv.
931 4928 964 4979 8
989 4969 1005 4994 ,
1034 4927 1124 5000 _55
1155 4945 1168 4981 :
1201 4925 1324 4980 Jam
1352 4928 1622 4998 resipisti?
1649 4927 1788 5000 Syn-

206 4997 329 5050 laxis
346 4996 548 5068 ﬁliorum
576 5014 833 5054 versuum
858 5007 942 5053 est
970 5017 982 5051 :
1019 4997 1304 5068 Postquam
1329 4996 1475 5051 turba
1497 4996 1792 5054 cernentum

206 5067 502 5146 populorum
528 5080 710 5126 coacta
745 5079 822 5146 est
850 5071 1088 5138 credere,
1121 5067 1360 5124 insanum
1380 5072 1625 5140 juvenem
1654 5073 1787 5125 resi-

207 5142 328 5200 pisse
351 5182 365 5207 ,
399 5147 617 5196 orabant
648 5142 822 5205 pavidi
846 5183 861 5206 ,
891 5152 999 5196 etc.

269 5209 349 5266 75.
378 5210 611 5286 CAPUT
635 5211 702 5268 ν.
729 5212 882 5268 Jesus
910 5211 1202 5286 paralytico
1226 5223 1411 5286 sanato
1429 5213 1590 5286 jussit
1630 5213 1791 5280 abire,

207 5277 415 5356 bumeris
444 5286 689 5356 imposito
721 5287 873 5339 lecto.
909 5277 1100 5356 Mattli.
1126 5300 1177 5339 ιχ
1205 5325 1218 5349 ,
1258 5285 1305 5345 1.
1339 5277 1484 5349 εῑεῖς
1515 5285 1681 5341 Marc.
1714 5277 1790 5354 ιι,

207 5348 254 5412 1.
283 5363 380 5408 etc.
408 5370 424 5421 ;
454 5348 590 5411 Luc.
623 5373 677 5421 ν,
707 5357 772 5410 17
801 5371 953 5426 seqq.
983 5354 1140 5427 Jesus
1171 5348 1427 5410 terrarum
1459 5348 1633 5411 lumen
1667 5348 1795 5427 pos;

211 5429 284 5476 tea
313 5428 472 5480 etiam
501 5427 708 5483 dicitur
732 5443 878 5482 vers.
913 5428 1022 5484 755
1055 5426 1108 5480 ll.
1147 5427 1184 5480 Ι.

269 5494 352 5552 76.
381 5497 649 5572 ducenis;
669 5497 882 5572 scilicet
923 5498 1089 5572 homo
1112 5542 1126 5564 ,
1155 5497 1244 5568 qui
1262 5507 1396 5572 erat
1424 5498 1792 5572 paralyticus‘,

212 5573 263 5620 ut
288 5573 356 5620 ait
380 5568 574 5624 Lucas.
609 5569 815 5626 Confer
838 5581 950 5624 not.
981 5569 1044 5624 ad
1078 5585 1218 5624 vers.
1248 5569 1341 5624 44.

244 5637 767 5718 .7_7._Dissolvet:akl,_
779 5641 1018 5718 paralysi
1051 5642 1386 5698 conveniens
1429 5643 1653 5701 verbum
1677 5685 1691 5711 ,
1739 5651 1796 5698 ut

211 5701 306 5762 dixi
328 5711 390 5765 ad
420 5728 564 5768 vers.
596 5703 705 5768 784
735 5701 858 5768 libr.
891 5710 928 5768 i.

215 5838 242 5858 Η
273 5781 698 5858 8I.hPr_-wteritus
725 5787 840 5858 uiue
859 5801 1006 5839 error
1035 5801 1074 5858 :A
1094 5783 1354 5858 ﬁgurate,
1389 5785 1443 5842 e't
1476 5786 1648 5858 pathit
1673 5786 1796 5856 qui-

214 5841 322 5904 ilem
349 5845 558 5908 dixisse
590 5855 865 5922 pra'teritm
889 5858 1008 5908 vita?
1042 5841 1318 5908 donunbimr
1340 5841 1528 5916 'errnr;
1555 5857 1649 5909 sed
1684 5841 1792 5909 alio

1901 4785 2005 4839 sub
2051 4779 2180 4848 tim,
2231 4783 2568 4838 Prudentius
2617 4784 2805 4854 byrnn.
2841 4783 2904 4854 11
2954 4783 3146 4854 Perist.
3179 4793 3327 4836 vers.
3377 4779 3504 4836 169.

1904 4855 2040 4912 Vide
2069 4865 2369 4911 comment.
2402 4855 2467 4909 ad
2502 4852 2855 4909 buncflocmn
2886 4852 3190 4907 Prudentii.

1974 4929 2061 4983 84.
2097 4927 2382 4982 Matthxeus
2405 4929 2490 5002 _a_i_t
2519 4943 2543 5002 :_
2568 4924 2635 4980 Et
2658 4942 2780 4980 cum
2798 4924 3004 4980 vidisset
3040 4923 3198 5002 Iesus
3232 4929 3506 5002 cogitatio-

1901 5017 1990 5054 nes
2022 5013 2232 5062 eorum,
2265 5008 2372 5071 etc.
2404 4995 2670 5052 Nimirum
2715 5009 2938 5071 pectore
2968 4997 3218 5063 consilia,
3271 4995 3320 5054 ei
3354 5005 3504 5071 cogi-

1901 5073 2138 5124 tntiones
2166 5069 2372 5124 versari
2400 5078 2641 5134 veteres,
2669 5069 2972 5139 praesertim
3001 5082 3201 5140 ρουιω,
3227 5069 3504 5128 dicebant.

1903 5139 2083 5210 Quare
2115 5149 2300 5208 pectus
2349 5155 2446 5210 pro
2489 5142 2844 5210 Cogitationc,
2879 5149 2935 5194 et
2967 5139 3204 5194 consilio
3237 5159 3508 5198 nonnum-

1902 5228 2064 5284 quam
2098 5211 2350 5266 sumitur.
2395 5211 2583 5266 Livius
2628 5213 2664 5266 I.
2701 5229 2756 5278 ι,
2799 5227 2919 5280 cap.
2956 5210 3062 5284 5'9:
3097 5210 3179 5284 lbi
3210 5215 3379 5268 oratio
3411 5216 3504 5268 ha-

1904 5283 2060 5366 bita,_
2099 5300 2422 5366 nequaquam
2481 5287 2596 5366 ejus
2639 5285 2915 5366 pectoris,
2968 5283 3263 5356 ingeniique
3289 5326 3304 5352 ,
3368 5286 3506 5355 quod

1902 5356 2204 5410 simulatum
2227 5355 2294 5408 ad
2327 5372 2436 5408 eum
2465 5354 2605 5408 diem
2629 5354 2820 5424 fuerat.

1976 5429 2067 5483 85.
2095 5427 2398 5481 Retractare
2428 5423 2637 5496 praeter
2655 5427 2791 5480 alias
2810 5423 3256 5496 rsigniﬁcationcs
3283 5424 3506 5496 denotat

1900 5499 2064 5554 etiam
2111 5493 2462 5566 improbare,
2514 5493 2959 5566 reprehendere,
3009 5494 3328 5562 reprobare.
3375 5493 3504 5566 Gel-

1903 5570 2008 5625 lius
2030 5570 2069 5624 l.
2103 5563 2212 5629 xw.
2237 5585 2287 5623 c.
2321 5569 2355 5623 5
2385 5587 2397 5620 :
2429 5567 2512 5640 Eo
2537 5563 2699 5640 facta,
2727 5569 3025 5634 scriptoque
3049 5568 3160 5640 ejus
3185 5579 3347 5640 usque
3371 5563 3502 5640 adeo

1903 5651 2328 5714 permotumesse
2372 5634 2644 5714 Platonem
2681 5643 2853 5708 ferunt
2881 5680 2896 5703 ,
2932 5634 3327 5714 utuquodantjn
3371 5634 3503 5714 libro

1905 5701 2163 5766 inentione
2183 5711 2307 5782 Cyri
2329 5715 2464 5781 regis
2493 5701 3044 5782 habita-retractandi,
3065 5701 3368 5782 levondique
3387 5705 3502 5773 ejus

1904 5785 2075 5856 operis
2104 5772 2275 5856 gratia
2301 5826 2315 5846 ,
2348 5772 2458 5838 elo.
2508 5779 2772 5856 Videlioet
2820 5789 2875 5856 ut
2905 5772 3286 5856 C_yr0pa:diam
3319 5772 3504 5836 Χεηοβ

1903 5848 2126 5920 plionti-I
2146 5857 2398 5914 notaret.
2435 5863 2498 5904 ac
2531 5848 2982 5916 reprehenderet.
