4058 6322
464 286 576 354 150

617 411 774 486 175
810 410 951 469 Vina
981 409 1077 469 sed
1107 410 1313 468 interea
1343 409 1588 468 convivis
1614 408 1961 468 deﬁciebant.

614 503 767 561 Tunc
797 512 971 561 mater
996 503 1272 561 Chrismm
1305 518 1403 574 per
1429 503 1555 560 talia
1584 502 1729 560 dicta
1760 511 2019 575 precatur
2050 520 2062 557 :

614 596 843 665 Cernis,
874 596 1077 653 laetitia:
1103 596 1215 667 jam
1247 593 1514 653 defecisse
1539 594 1853 666 liquorem?

618 688 834 756 Adsint,
866 697 1025 757 nate,
1058 688 1218 745 bonis
1249 704 1317 744 ex
1347 696 1401 744 te
1429 688 1554 743 data
1583 701 1809 744 munera
1841 685 2065 745 mensis.

472 781 578 841 155
615 781 722 839 Olli
753 781 1034 853 respondit
1064 790 1331 838 terrarum
1359 780 1535 853 gloria
1568 779 1820 837 Christus
1849 796 1863 833 :

620 874 894 946 Festinas,
923 875 1156 947 genitrix
1189 893 1204 943 ;
1238 874 1478 932 nondum
1508 889 1597 931 me
1624 874 1750 930 talia
1780 873 1927 945 cogit

619 968 703 1024 Ad
732 972 913 1025 victus
942 967 1221 1025 hominum
1255 977 1468 1040 tempus
1496 967 1798 1025 concedere
1820 966 1985 1023 dona.

621 1060 934 1116 Mensarum
964 1067 1093 1115 tunc
1122 1058 1248 1115 inde
1273 1068 1431 1115 vocat
1459 1059 1639 1115 laetata
1669 1059 1947 1115 ministros

620 1151 813 1223 Mater,
846 1161 903 1207 et
934 1152 1178 1222 imperiis
1207 1152 1316 1208 nati
1347 1167 1538 1222 parere
1559 1152 1804 1223 jubebat.

479 1247 587 1308 140
620 1250 725 1308 Sex
752 1251 867 1308 illic
893 1251 1109 1308 luerant
1134 1251 1290 1308 saxis
1319 1250 1657 1322 praepulchra
1687 1248 1893 1306 cavatis

625 1344 785 1417 176
812 1344 1061 1409 Vascula,
1088 1358 1210 1414 qua!
1236 1341 1410 1399 ternis
1431 1342 1712 1413 aperirent
1742 1342 1832 1397 ilia
1864 1340 2073 1398 metris.

623 1439 751 1496 llaec
804 1436 961 1511 jubet
989 1452 1047 1510 ,ε
1101 1435 1270 1494 fontis
1313 1435 1522 1508 gremio
1578 1434 1859 1508 complere
1916 1434 2077 1491 mini-

1773 1525 1969 1600 [stros.

1726 295 1789 354 C.
1831 295 1898 354 V.
1940 293 2180 367 AQUIL.
2218 295 2511 356 JUVENCI

2091 413 2145 475 A

2104 970 2156 1033 Β

3659 291 3756 352 160

2310 410 2607 482 Ριωεεριίε
2638 418 2831 482 parent
2856 409 3120 481 juvenes,
3154 408 3438 482 undasque
3466 421 3756 478 coronant,

2316 504 2620 576 Completis
2649 504 2809 560 labiis
2847 504 3087 575 lapidum
3116 522 3128 558 :
3154 513 3265 559 tum
3293 518 3485 573 spuma
3516 518 3615 574 per
3641 517 3761 560 oras

2175 595 2284 657 145
2318 597 2661 655 Commixtas
2692 596 2851 653 undis
2895 611 3055 653 auras
3085 595 3149 652 ad
3182 610 3392 653 summa
3425 596 3654 651 volutat.

2316 690 2455 746 Hinc
2472 690 2647 758 jubet,
2663 698 2949 746 utsummo
2970 688 3185 745 tradant
3206 688 3471 761 guStanda
3495 687 3762 744 ministro.

2322 778 2478 851 177
2507 778 2605 834 111ε
2637 779 2725 835 ubi
2755 780 3003 850 percepit
3026 778 3325 834 venerandi
3353 778 3495 833 dona
3523 777 3755 847 saporis.

2319 870 2571 938 Nescius,
2604 871 2657 927 in
2685 872 2797 927 vini
2823 880 3038 943 gratum
3070 872 3340 928 transisse
3370 871 3643 944 liquorem

2325 961 2556 1033 Egestas
2584 978 2760 1035 nuper
2789 966 2944 1035 puris
2972 964 3044 1021 de
3073 963 3319 1021 fontibus
3346 964 3539 1034 undas,

2179 1054 2283 1113 150
2320 1054 2573 1129 Increpat
2614 1058 2869 1130 ignarum
2909 1072 3201 1129 sponsum,
3232 1059 3382 1130 quod
3416 1058 3646 1130 pulchra
3682 1071 3771 1114 re-

3431 1150 3702 1224 [servans,

2324 1245 2610 1302 Deteriora
2643 1243 2794 1315 prius
2823 1258 2920 1314 per
2952 1258 3175 1301 mensas
3204 1243 3331 1299 vina
3359 1243 3626 1300 dedisset.

2328 1338 2425 1394 llis
2453 1339 2625 1409 signis
2646 1337 2811 1410 digne
2837 1337 3161 1394 credentum
3193 1338 3592 1409 discipulorum

2327 1432 2657 1501 Perpetuam
2684 1430 2865 1486 stabili
2897 1430 3130 1487 ﬁrmavit
3160 1431 3365 1489 robore
3393 1439 3655 1488 mentem.

2308 1514 2313 1521 ’
2400 1524 2531 1581 lnde
2559 1523 2655 1581 ubi
2683 1522 2891 1583 Judaeis
2923 1524 3155 1582 aderant
3178 1526 3445 1583 solemnia
3475 1524 3744 1599 paschm,‘

1697 1620 1997 1679 LECTIUN
2003 1620 2085 1679 ES
2126 1620 2545 1679 VARIANTES.

554 1721 679 1779 151.
724 1720 884 1778 Deest
915 1719 1005 1779 hic
1030 1734 1222 1779 versus
1242 1720 1299 1777 in
1327 1719 1487 1793 [ἰείη
1519 1716 1619 1777 sed
1646 1718 1702 1787 in
1731 1718 1841 1775 line
1870 1717 2082 1790 paginae
2112 1721 2161 1783 Β
2184 1716 2421 1793 Poelm.,
2441 1715 2639 1793 proud.
2670 1732 2743 1793 s._,
2774 1728 2825 1793 et
2861 1718 3043 1793 Rom”
3076 1718 3193 1793 ubi,
3214 1732 3371 1793 error
3410 1726 3496 1775 est
3524 1717 3656 1773 labis
3683 1730 3780 1790 pro

484 1793 788 1861 suppletur.

554 1808 851 1939 ﬁliiﬁlii,
883 1863 1292 1939 Ollirespondet
1311 1881 1331 1931 ;
1352 1863 1468 1933 alii,
1500 1861 1607 1918 Olli
1639 1861 1941 1934 respondit;
1965 1860 2080 1928 alii,

484 1935 582 1991 Illi
610 1936 895 2007 respondit,
928 1937 1013 1993 vel
1042 1935 1337 2006 respondet.

556 2003 852 2078 {aL—Mss.
885 2023 1009 2063 cum
1040 2003 1224 2072 editis,
1265 2008 1530 2078 aperirent
1561 2006 1674 2060 illia
1704 2005 1915 2072 metris,
1943 2013 2000 2060 et
2026 2003 2077 2059 in

485 2077 622 2150 Reg.
671 2077 849 2150 glossa
879 2120 894 2142 ,
938 2078 1035 2134 ilia
1060 2109 1131 2120 —
1160 2077 1431 2135 capitalem
1458 2079 1539 2132 sui
1577 2081 1726 2150 quasi
1767 2078 2082 2150 ventris}:-

485 2147 770 2205 n'tet'ris'—
805 2151 1064 2220 metretis,
1123 2153 1203 2205 vel
1252 2150 1525 2206 mensuris.
1582 2147 1863 2220 Fabricius
1911 2147 2084 2203 edidit

483 2222 745 2292 aperirent
773 2236 865 2275 ora
891 2223 1137 2290 metretis,
1160 2221 1280 2286 sed,
1310 2230 1370 2277 ut
1399 2221 1612 2292 opinor,
1639 2236 1704 2276 ex
1747 2219 2082 2292 conjectura,

481 2290 594 2349 non
635 2308 702 2348 ex
736 2292 842 2349 lide
876 2293 1152 2348 codicum.
1187 2293 1278 2349 Sic
1308 2290 1528 2356 Arator,
1573 2292 1697 2347 libr.
1731 2307 1789 2357 ιι,
1825 2308 1879 2345 ν.
1923 2290 2031 2347 892’.
2064 2310 2079 2347 :

486 2364 580 2421 Sic
609 2365 796 2419 etenim
840 2372 1012 2419 ternas
1047 2365 1259 2434 capiunt
1300 2380 1390 2420 sea:
1427 2381 1549 2418 vasa
1590 2369 1847 2418 metretas.
1898 2363 2082 2417 liens-

484 2435 644 2490 chius
675 2435 807 2501 legit
850 2436 945 2491 ilia
999 2437 1223 2491 metretis
1246 2477 1260 2498 .
1295 2446 1353 2491 ut
1392 2436 1488 2490 ilia
1524 2435 1595 2490 sit
1624 2433 1952 2503 disyllabum
1985 2449 2079 2504 per

484 2509 785 2580 synaeresin
804 2548 818 2572 ,
844 2507 965 2580 nisi
982 2505 1069 2580 hic
1097 2522 1201 2580 pro
1219 2506 1483 2580 spondam
1517 2516 1853 2580 anapaestum
1887 2520 2075 2576 agnos-

485 2576 611 2633 cére
640 2578 889 2634 velimus.
937 2576 1162 2633 Ponitur
1188 2576 1285 2633 ilia
1310 2593 1407 2646 pro
1429 2576 1665 2633 cavitate
1690 2623 1704 2647 ,
1735 2593 1830 2634 seu
1856 2589 2047 2632 ventre
2064 2619 2079 2645 ,

485 2648 971 2721 quiaihujusmodi
1023 2651 1171 2705 vasis
1234 2653 1388 2720 plura
1448 2648 1664 2704 nomina
1712 2664 1779 2705 ex
1828 2648 2081 2721 humanis

484 2719 745 2845 inguibris
782 2720 1043 2777 translata
1078 2719 1448 2794 assignantur,
1488 2730 1548 2776 ut
1576 2736 1631 2779 v.
1662 2720 1768 2778 144
1801 2739 1815 2776 :
1844 2720 2085 2794 lapidum

506 2807 537 2845 α
576 2809 658 2845 118.

506 2807 658 2845 αυιιδ.

559 2862 685 2920 144.
725 2862 889 2936 Reg.,
938 2862 1077 2933 Ott.,
1126 2862 1408 2937 Completis
1462 2864 1616 2922 labiis
1667 2864 1909 2939 lapidum
1957 2879 2081 2939 cum

562 3026 689 3095 152.
729 3025 835 3082 Per
883 3028 1014 3083 talia
1060 3027 1202 3083 dicta
1249 3044 1267 3082 :
1316 3028 1519 3085 talibus
1546 3027 1747 3096 dictis,
1798 3026 1877 3083 sic
1926 3027 2072 3085 enim

2186 1788 2364 1845 labiis.
2392 1788 2520 1861 Alii,
2550 1788 2833 1861 Completis
2859 1790 3095 1860 lapidum
3120 1790 3297 1845 labiis.

2260 1862 2383 1935 145.
2426 1860 2592 1935 Reg.,
2623 1860 3204 1935 undis,_aurasque;ad
3246 1878 3470 1935 summa.
3513 1860 3682 1935 forte
3709 1860 3778 1935 ita

2186 1930 2598 2002 intelligendum
2631 1942 2711 1987 est
2744 1949 2759 1987 :
2790 1930 3013 2004 Spuma'
3035 1932 3234 1988 volutat
3265 1932 3677 2005 (subintellecto
3705 1930 3778 2003 se)

2187 2021 2279 2075 per
2329 2000 2449 2059 oras
2503 2005 2810 2059 commixtus
2835 2000 3037 2070 'nndis,
3096 2014 3147 2058 et
3195 2000 3287 2074 per
3338 2020 3521 2058 auras.
3581 2000 3780 2059 Verum
3885 2000 3889 2009 ’

2186 2076 2433 2144 quamvis
2464 2076 2515 2131 in
2548 2076 2832 2147 participio
2858 2077 3114 2148 praesenti
3144 2076 3348 2130 volvens
3370 2091 3526 2148 saepe
3557 2091 3613 2131 se
3655 2075 3783 2148 sub-

2187 2148 2479 2210 audiatur,
2524 2157 2708 2202 tamen
2743 2144 2820 2202 'in
2860 2144 2985 2202 aliis
3030 2150 3369 2215 temporibus
3415 2144 3568 2203 verbi
3614 2144 3781 2215 volvo,

2189 2229 2282 2275 aut
2306 2218 2481 2273 voluto
2513 2233 2619 2273 non
2651 2216 2809 2276 facile
2842 2218 2893 2274 id
2924 2219 3261 2275 admiserim.

2258 2289 2382 2346 146.
2427 2289 2614 2357 Fabr.,
2640 2292 2891 2363 magisqu
2918 2308 2935 2344 :
2962 2291 3156 2362 reliqui
3179 2292 3413 2346 ministro
3438 2306 3456 2345 :
3479 2289 3628 2362 quod
3652 2305 3786 2363 prte-

2186 2361 2467 2419 ierettdum
2495 2369 2621 2429 est;
2656 2361 2918 2430 praecedit
2945 2361 3090 2417 enim
3121 2378 3344 2416 summo.

2258 2433 2383 2489 H9.
2428 2432 2610 2505 Rom..
2645 2434 2917 2505 questas.
2954 2434 3088 2497 Alii,
3120 2434 3357 2504 Egestas.

2258 2506 2384 2561 150.
2428 2504 2558 2559 Mss.
2591 2516 2646 2561 et
2673 2504 2921 2577 plerique
2967 2506 3127 2574 editi,
3153 2505 3315 2577 quod.
3350 2504 3590 2575 Poelm.,
3636 2505 3783 2577 quid,

2249 2578 2373 2631 inus
2409 2576 2571 2631 bene.

2189 2591 2373 2632 minus
2409 2591 2571 2632 bene.

2260 2649 2385 2704 154.
2430 2647 2588 2717 Reg.,
2642 2646 2774 2703 Inde
2811 2647 2906 2702 ubi
2949 2648 3165 2704 aderant
3210 2645 3435 2704 ludatis.
3465 2647 3608 2715 Ott.,
3650 2647 3781 2703 lnde

2186 2718 2274 2791 ubi
2299 2720 2655 2791 aderantLet
2700 2734 2862 2791 supra
2903 2718 3050 2777 inter
3074 2719 3163 2776 ubi
3190 2729 3246 2777 et
3271 2720 3490 2778 aderant
3520 2721 3784 2781 insertum

2187 2790 2414 2861 ludatis,
2441 2789 2585 2863 quod
2612 2789 2821 2849 rectum
2853 2801 2960 2849 est.

2029 2934 2255 2992 NOTAE.

2188 3034 2342 3082 tratte
2369 3028 2460 3082 dai
2490 3027 2725 3083 Cimiteri
2757 3026 2812 3081 di
2845 3027 3016 3082 Roma
3044 3025 3208 3082 1757.

485 3098 735 3170 usitatius
789 3099 1010 3155 dicitur.
1061 3099 1354 3166 Sedulius,
1399 3100 1435 3155 1.
1466 3115 1503 3155 v
1541 3113 1688 3156 vers.
1737 3099 1844 3154 2l7
1883 3114 1897 3153 :
1940 3098 2082 3153 Alter
2110 3098 2158 3163 C
2220 3168 2229 3170 Α
2261 3098 2385 3153 141.
2432 3100 2506 3155 De
2543 3114 2639 3154 sex
2682 3097 3017 3170 bydriarum_
3048 3097 3355 3170 capacitate
3391 3099 3615 3170 scripsit
3646 3100 3783 3157 Mat-

487 3169 706 3225 adorato
734 3186 824 3242 per
852 3177 1003 3226 verba
1034 3174 1302 3242 precantia
1330 3171 1560 3228 Christo.

562 3243 685 3312 155.
728 3240 949 3298 Latitiae
989 3240 1243 3312 liquorem
1289 3260 1306 3296 :
1353 3244 1536 3297 vinum
1586 3258 1685 3299 cur
1728 3243 1800 3297 ita
1843 3241 2082 3307 dicatur,

486 3311 610 3368 vide
631 3322 744 3370 not.
760 3314 827 3369 ad
854 3311 1110 3370 Dracont.
1134 3317 1173 3370 ι.
1200 3331 1238 3381 ι,
1263 3330 1318 3369 v.
1346 3315 1477 3370 172:
1501 3313 1721 3368 Munera
1744 3314 1958 3374 ιωιῑιξω,
1975 3322 2082 3367 etc.

564 3384 690 3443 154.
730 3383 890 3440 Bonis
917 3388 1109 3442 mensis
1141 3402 1158 3438 :
1187 3386 1378 3442 amicis
1419 3386 1654 3451 mensis,
1695 3383 1879 3447 lautis,
1925 3383 2082 3438 lmtis.

490 3454 751 3527 Plautus,
772 3456 1090 3515 Metltechm.
1124 3472 1185 3525 tt,
1213 3458 1270 3524 2,
1300 3457 1433 3513 dixit
1465 3456 1657 3511 bonum
1683 3455 1983 3527 prandium.

566 3527 689 3583 1³56.
730 3526 1003 3595 Joannes,
1046 3530 1152 3584 loc.
1185 3530 1279 3584 cit.
1318 3546 1335 3583 :
1369 3527 1508 3596 Quid
1556 3527 1717 3590 mihi,
1754 3539 1804 3580 et
1839 3526 1931 3580 tibi
1970 3537 2045 3580 est
2069 3571 2082 3596 ,

490 3599 723 3656 mulier?
759 3599 1008 3656 Nondum
1035 3601 1173 3656 venit
1200 3602 1330 3655 hora
1367 3615 1501 3653 mea.
1546 3598 1877 3667 Augusuinus
1901 3639 1915 3661 ,
1961 3598 2083 3651 lihr.

491 3669 562 3726 de
584 3685 699 3726 ver.
726 3670 901 3742 Relig.
932 3684 1063 3727 tom.
1086 3689 1120 3736 ι,
1146 3672 1256 3726 col.
1282 3670 1386 3726 757
1413 3688 1425 3720 :
1452 3668 1658 3742 Recede
1679 3686 1712 3723 a
1737 3670 2046 3742 me,mulier
2065 3670 2090 3722 ?

492 3743 641 3808 mihi,
661 3754 707 3797 et
730 3743 821 3797 tibi
842 3740 971 3815 quid
984 3745 1101 3798 est?
1125 3742 1377 3815 Nondum
1393 3744 1541 3815 uenit
1565 3740 1698 3815 hora
1722 3757 1856 3795 mea.
1888 3741 2090 3796 Juven-

491 3828 591 3869 cus
618 3810 900 3877 explicat:
928 3814 1187 3879 Festinus,
1215 3814 1461 3885 genitrix,
1492 3821 1628 3885 etc._
1630 3810 1742 3868 Cur
1771 3824 1951 3868 autem
1976 3828 2088 3885 non

493 3885 719 3941 retinuit
744 3887 960 3942 mulier?
985 3886 1166 3941 Potuit
1193 3882 1338 3940 enim
1366 3884 1551 3939 dicere
1579 3882 1844 3943 Festinus.
1876 3884 2086 3939 mulier.

493 3954 754 4013 Fortasse
792 3958 1021 4012 innuere
1052 3957 1226 4011 voluit
1264 3955 1770 4027 interpretationem
1800 3955 2089 4027 'l‘heophy-

493 4028 657 4083 lacti:
684 4028 824 4083 Dicit
864 4030 1021 4091 enim,
1055 4028 1117 4083 Si
1152 4044 1255 4081 non
1285 4026 1431 4082 adest
1474 4028 1683 4096 vinum,
1726 4035 1926 4097 oportet
1960 4026 2090 4082 illos

496 4100 663 4169 ipsos,
688 4100 879 4173 quibus
903 4100 1067 4173 deest,
1089 4098 1360 4173 accedere,
1390 4108 1438 4173 et
1457 4116 1662 4173 rogare,
1687 4108 1733 4153 et
1761 4115 1862 4173 non
1902 4107 1951 4173 te
1978 4116 2092 4173 ma-

496 4180 647 4227 trem.
678 4171 817 4243 Nam
838 4171 1049 4243 quando
1077 4171 1350 4243 hortantur
1371 4171 1660 4239 domestici,
1691 4171 2001 4243 scandalum
2030 4172 2091 4240 ﬁt

494 4242 783 4317 videntibus
806 4259 824 4297 :
844 4241 1054 4313 quando
1078 4253 1251 4297 autem
1278 4242 1333 4297 hi
1362 4253 1569 4317 rogant,
1599 4244 1688 4316 qui
1716 4260 1845 4316 Opus
1866 4241 2086 4311 habent,

494 4314 785 4381 suspicione
813 4330 893 4367 res
919 4321 1079 4367 caret.

572 4386 697 4441 158.
742 4383 940 4439 Lanato
965 4399 984 4456 .·
1010 4385 1115 4440 etsi
1154 4386 1298 4441 enim
1340 4386 1630 4455 responsio
1659 4386 1756 4441 ﬁlii
1785 4384 2089 4456 reprelien-

495 4455 667 4510 sionis
692 4456 924 4527 quadam
956 4454 1183 4511 formula
1228 4454 1489 4527 concepta
1529 4469 1710 4518 esset.
1745 4467 1805 4511 ut
1845 4454 2092 4526 plerique

500 4527 825 4596 interpretes
855 4526 1076 4588 docent.
1126 4538 1307 4583 tamen
1357 4526 1629 4586 intellexit
1676 4528 1929 4596 Deipara,
1980 4528 2092 4581 suis

497 4598 756 4669 precibus
795 4598 963 4652 lilium
995 4597 1160 4655 fuisse
1207 4609 1511 4669 permotum
1538 4643 1553 4663 ,
1583 4608 1644 4655 ut
1673 4600 1860 4654 viuum
1895 4613 2089 4669 procu-

498 4678 667 4725 raret.
702 4669 1040 4725 Maldonatus
1072 4686 1289 4725 versum
1337 4670 1482 4726 hunc
1507 4671 1734 4728 Iuvenci
1779 4670 1882 4726 hoc
1928 4685 2093 4725 sensu

498 4741 715 4812 accipit.
762 4740 1016 4796 Lwtatam
1056 4743 1194 4796 enim
1236 4743 1363 4796 dicit
1406 4742 1597 4798 Christi
1634 4757 1880 4812 responso
1907 4783 1922 4808 ,
1967 4743 2094 4812 quia

500 4813 760 4887 cognouit,
786 4830 906 4887 eum
928 4815 1057 4887 uelle
1077 4813 1250 4887 facere
1264 4813 1606 4887 miraculum.
1632 4815 1709 4868 Ex
1736 4829 1843 4885 quo
1862 4812 2091 4885 colligit,

499 4883 723 4940 Matrem
757 4901 782 4934 a
813 4884 1036 4939 Christo
1066 4900 1175 4940 non
1200 4884 1368 4941 fuisse
1396 4883 1807 4954 reprehensam.

574 4956 697 5011 140.
740 4953 1120 5025 Prtepulchra,
1148 4966 1207 5010 ut
1238 4970 1383 5011 vers.
1413 4953 1521 5012 465
1562 4957 1689 5013 libr.
1722 4973 1773 5024 1,
1808 4956 1968 5012 Saxis
2006 4973 2095 5010 ca-

497 5028 630 5100 vatis
654 5043 673 5081 :
709 5027 937 5100 hydrise,
968 5027 1086 5084 sive
1113 5041 1239 5082 vasa
1269 5029 1490 5098 aquaria
1523 5028 1642 5084 ﬁeri
1673 5028 1922 5084 solebant
1949 5043 1980 5100 e
2011 5028 2097 5082 la-

500 5098 714 5170 pidibus
743 5098 1044 5163 excavatis,
1079 5110 1137 5155 ut
1165 5114 1394 5170 cernere
1423 5100 1601 5157 adhuc
1628 5100 1759 5156 licet
1786 5100 1841 5154 in
1872 5099 2090 5166 multis,

499 5169 622 5243 qum
657 5179 892 5243 exstant.
929 5170 1127 5226 Confer
1148 5169 1574 5243 Observationes
1607 5172 1796 5243 Angeli
1840 5172 1910 5227 Μ.
1952 5173 2095 5226 Ban-

500 5242 633 5313 dinii
667 5241 722 5295 in
760 5243 1043 5313 antiquam
1090 5242 1328 5299 tabulam
1370 5241 1710 5311 eburneam,
1753 5246 1809 5298 in
1836 5259 1942 5313 qua
1990 5243 2095 5297 hoc

501 5311 704 5369 Christi
754 5311 1075 5369 miraculum
1128 5313 1441 5371 exhibetur.
1491 5316 1763 5373 Juvencus
1817 5311 2095 5382 Evangelii

501 5384 668 5441 verba
686 5386 971 5455 expressit
1014 5384 1231 5458 :_Erant
1268 5397 1441 5458 autent
1481 5389 1591 5443 illic
1631 5387 1853 5457 lapidea:
1894 5386 2097 5458 hydria:

500 5471 613 5513 sex.
643 5458 724 5513 Ad
755 5458 893 5512 hanc
920 5456 1164 5528 regulam
1188 5457 1542 5528 iudicandum
1573 5471 1658 5516 εει
1684 5456 1754 5515 dc
1778 5456 1947 5525 vasis,
1972 5471 2097 5527 qute

501 5528 648 5584 inter
674 5529 893 5585 cimelia
924 5542 1077 5584 sacra
1110 5530 1165 5585 in
1201 5532 1481 5587 nonnullis
1516 5533 1765 5588 ecclesiis
1800 5529 2098 5586 ostendun-

498 5607 612 5668 tur,
638 5610 925 5675 tamquam
950 5615 1014 5656 ea
1048 5600 1270 5675 fuerint,
1301 5619 1424 5675 qua:
1456 5605 1510 5659 in
1538 5605 1681 5659 Cana
1720 5602 1963 5675 Gallicum
1995 5602 2099 5675 mi-

500 5672 690 5744 raculo
722 5671 1103 5744 inserviernnt.
1137 5674 1196 5731 ln
1223 5671 1447 5744 picturis
1474 5683 1529 5730 et
1561 5673 1927 5731 monumentis
1952 5672 2096 5726 anti-

499 5744 620 5812 quis
661 5743 1113 5819 hoc__miracultun
1157 5743 1303 5819 saepe
1342 5746 1618 5819 reperitur
1635 5759 2004 5819 iespressum,
2038 5752 2097 5799 ut

499 5825 727 5873 caruere
760 5816 890 5874 licet
926 5817 981 5873 in
1013 5832 1182 5891 opere
1208 5836 1223 5876 :
1246 5816 1489 5874 Sculture
1525 5824 1553 5871 e‘
1591 5816 1783 5888 pitture
1826 5830 1976 5886 sagre
2014 5831 2097 5870 es-

2118 4498 2174 4560 D

2194 3168 2638 3245 [διευς-ἥρωας.
2686 3167 2945 3245 Joannes
2974 3167 3439 3245 Tabi_n_gin_s,__l)e
3485 3167 3693 3245 liydriis
3737 3174 3787 3228 in

2187 3240 2338 3298 Cana
2368 3241 2591 3297 Galilaee
2620 3241 2675 3294 in
2708 3240 2858 3296 Novo
2886 3242 3051 3296 Thes.
3083 3240 3283 3296 Tlteol.
3317 3242 3456 3297 Phil.

2263 3312 2387 3369 142.
2432 3310 2618 3367 Fontis
2649 3313 2867 3382 gremio,
2909 3314 3072 3382 quasi
3123 3311 3269 3367 sinu.
3316 3314 3520 3369 Confer
3561 3324 3679 3371 not.
3723 3315 3786 3371 ad

2190 3384 2228 3439 1.
2252 3400 2291 3460 ι,
2324 3400 2375 3438 v.
2407 3384 2540 3449 212,
2561 3394 2619 3441 et
2643 3382 2845 3441 Gilanii
2866 3384 3100 3440 indicem
3128 3384 3181 3438 iu
3206 3382 3454 3456 Lucret.,
3480 3388 3652 3445 verbo
3679 3403 3790 3460 gre-

2189 3458 2358 3511 mium
2386 3466 2561 3511 terra.

2264 3527 2391 3584 145.
2433 3528 2513 3583 Ex
2551 3527 2811 3597 Virgilio.
2856 3528 2894 3580 1.
2944 3542 2960 3583 ι
3000 3525 3223 3583 Eneid.
3265 3541 3319 3580 v.
3352 3528 3499 3597 728,
3551 3529 3790 3588 Crateras

2191 3615 2406 3674 magnos
2436 3608 2697 3674 statuunt,
2726 3608 2777 3654 et
2804 3600 2927 3674 uina
2947 3608 3219 3668 coronant,
3246 3598 3346 3653 hoc
3375 3612 3482 3674 est,
3521 3617 3693 3674 usque
3722 3600 3788 3657 ad

2192 3671 2492 3741 marginem
2521 3671 2767 3739 implent.
2801 3671 2917 3725 Alia
2949 3682 3032 3725 est
3060 3672 3457 3737 interpretatio,
3484 3671 3667 3741 Serio,
3700 3681 3790 3729 aut

2192 3757 2395 3798 corona
2437 3744 2661 3813 cingunt
2728 3743 2942 3813 pocula.
2982 3743 3269 3813 iuvencus
3320 3744 3490 3810 priori
3539 3745 3787 3800 adhaesit.

2193 3813 2503 3875 Lucretius.
2535 3811 2577 3868 l.
2606 3830 2666 3868 ιιι
2692 3811 2746 3868 ν.
2780 3813 2889 3884 9ὶῇ
2922 3832 2935 3867 :
2968 3811 3087 3867 Hoc
3123 3818 3277 3867 etiam
3311 3816 3541 3884 faciunt,
3574 3818 3665 3872 ubi
3689 3817 3793 3871 dis-

2192 3886 2436 3953 cubuere,
2463 3897 2735 3957 tenentque
2756 3914 2826 3925 —-
2850 3883 3051 3939 Pocula
3083 3901 3218 3957 stupe
3246 3887 3479 3942 homines
3498 3883 3589 3950 ,et
3618 3892 3791 3944 inum-

2194 3957 2346 4010 brant
2376 3974 2470 4012 ora
2499 3958 2735 4026 coronis,
2770 3957 3060 4013 secundam
3103 3957 3284 4029 potius
3327 3959 3595 4017 rationem
3633 3974 3790 4018 coro-

2194 4029 2357 4082 nandi
2384 4029 2628 4099 respicit.

2270 4100 2391 4155 145.
2435 4099 2754 4174 Commimtas
2788 4101 2942 4174 undis
2973 4115 3171 4155 auras:
3196 4101 3417 4174 physica
3444 4104 3565 4161 haec
3597 4114 3681 4161 est
3706 4119 3791 4159 ra—

2197 4172 2295 4245 t_io,
2327 4187 2428 4245 cur
2457 4187 2645 4241 Spuma
2675 4172 2791 4235 (lat,
2814 4172 2939 4245 quia
2970 4186 3119 4227 aurae
3160 4172 3316 4228 undis
3341 4177 3791 4245 commiscentur,

2198 4243 2580 4314 Descriptione
2605 4260 2737 4313 ergo
2760 4243 2948 4309 utitur,
2984 4253 3042 4298 ut
3071 4257 3320 4314 spumam
3349 4247 3573 4305 indicet.

2270 4316 2394 4371 146.
2437 4314 2656 4372 Summo
2684 4317 2924 4370 ministro
2950 4329 2968 4367 :
2998 4316 3394 4385 art-bitriclino,
3434 4329 3493 4375 ut
3530 4322 3610 4376 ait
3634 4321 3796 4377 Joan-

2195 4400 2317 4446 nes.
2365 4388 2623 4463 Nonnulli
2668 4387 3178 4463 intelligunt,__esse
3222 4403 3374 4463 eum,
3420 4392 3512 4463 qui
3551 4404 3792 4462 curator,

2198 4473 2294 4513 seu
2345 4461 2603 4537 magister
2632 4468 2749 4537 erat
2797 4457 3038 4537 co_nvi_vii
3070 4501 3103 4537 ,_
3126 4467 3182 4513 et
3209 4457 3605 4537 cibosacvina
3649 4457 3794 4537 prch

2196 4532 2470 4603 gustabat.
2503 4531 2811 4603 Pignorius,
2841 4530 2910 4603 de
2930 4529 3137 4603 AServis
3175 4545 3296 4603 pag.
3328 4531 3418 4600 54,
3447 4529 3796 4603 ἀορει.ἰ›1υ-

2197 4600 2290 4679 res
2317 4601 2482 4658 fuisse
2505 4600 2703 4679 servos
2736 4600 3101 4679 tricliniares,
3117 4600 3357 4679 quorum
3390 4608 3565 4679 aliqui
3601 4600 3794 4679 aquam

2197 4673 2252 4728 in
2283 4689 2478 4730 manus
2504 4673 2890 4739 infundebant,
2920 4673 3092 4744 aliqui
3114 4674 3316 4730 terettla
3340 4673 3686 4744 inferebant,
3716 4681 3796 4734 in-

2198 4746 2418 4816 feriores
2448 4745 2726 4815 appellati,
2757 4753 2862 4799 etc.
2912 4743 3116 4818 Servus
3143 4745 3386 4818 triclinio
3416 4743 3711 4818 pra-[emus
3739 4752 3794 4806 in

2199 4815 2367 4889 veteri
2392 4818 2783 4889 epigrammate
2806 4815 3118 4871 nominatur
3138 4815 3519 4876 tricliniarcha.
3547 4823 3646 4878 Hic
3666 4838 3796 4887 ergo

2197 4903 2228 4943 a
2256 4887 2504 4973 Juvenco
2535 4887 2734 4944 dicitur
2768 4903 3005 4951 summus
3044 4889 3297 4948 minister.
3345 4893 3499 4949 Alius
3539 4904 3661 4950 erat
3698 4910 3795 4952 rex

2198 4976 2452 5015 οοιινινιι.

2272 5032 2398 5087 150.
2444 5030 2676 5104 Pulchra
2722 5030 2842 5085 uina
2882 5031 3117 5104 :_bona.
3166 5032 3448 5104 Accipitur
3500 5038 3646 5093 enim
3696 5039 3796 5094 ali-

2199 5103 2416 5176 quando
2449 5099 2745 5176 pulchrum»
2774 5117 2874 5176 pro
2917 5102 3064 5158 bono
3108 5105 3163 5158 in
3195 5099 3538 5176 quocumque
3567 5126 3788 5176 genere.

2198 5173 2474 5233 Horatius.
2526 5173 2651 5228 libr.
2687 5175 2886 5244 tepisl.
2921 5176 3013 5236 15.
3045 5191 3097 5228 v.
3127 5176 3191 5231 41
3214 5173 3241 5230 ⁷2
3270 5178 3399 5232 Cum
3441 5173 3509 5235 sit
3550 5173 3705 5237 obeso
3728 5212 3796 5224 —-

2201 5244 2527 5323 {Vilnmelius
2571 5244 2773 5323 turdo,
2794 5245 2887 5323 ‘nil
2905 5245 3076 5323 ‘vulua
3107 5248 3374 5323 pulchrius
3404 5254 3603 5322 ampla.
3638 5253 3791 5323 Cato,

2201 5316 2278 5397 D_e
2301 5316 2377 5370 Rc
2399 5325 2535 5397 rust.
2561 5330 2687 5397 cap2
2717 5318 2814 5372 104
2842 5334 2856 5370 :
2882 5319 3093 5397 A_ce_tum
3140 5322 3453 5397 acerrimum
3479 5316 3529 5378 et
3555 5316 3796 5397 pulcher;

2198 5388 2391 5461 rimum
2432 5388 2548 5461 erit.
2598 5386 2745 5442 lnlra
2768 5433 2782 5457 ,
2814 5403 2867 5443 v.
2902 5390 3007 5447 305
3033 5407 3047 5443 :
3075 5392 3279 5459 pulchri
3307 5392 3427 5461 cibi,
3475 5406 3533 5453 et
3555 5386 3613 5452 ἓν.
3647 5400 3749 5455 517
3777 5415 3791 5453 :

2197 5456 2415 5531 pulcher
2438 5458 2607 5531 labor.

2271 5529 2403 5610 liii:
2442 5530 2547 5610 Per
2573 5545 2777 5585 mensas
2802 5546 2822 5610 ς
2844 5532 2948 5587 hoc
2967 5532 3620 5610 ipsumdixitmensatim,
3650 5541 3688 5596 l.
3709 5556 3789 5610 nt,

2198 5616 2255 5656 v.
2302 5600 2431 5656 214.
2475 5600 2758 5671 Frequens
2804 5601 2923 5662 lucc
2970 5614 3052 5658 est
3094 5600 3337 5661 adverbii
3380 5600 3792 5669 circumlocutio

2199 5680 2308 5728 tam
2340 5671 2482 5745 apud
2507 5671 2759 5745 Grgegos,
2786 5689 2948 5745 quam
2981 5675 3121 5745 apud
3154 5677 3396 5735 Latinos.

2271 5742 2396 5827 154.
2438 5742 2668 5827 ῼΑΡμΤ
2693 5743 2787 5826 IX.
2806 5742 2976 5827 ’Jesus
2988 5742 3231 5827 _ementes
3261 5751 3617 5827 attendentes
3645 5756 3794 5827 ejecit

2200 5816 2264 5871 de
2309 5817 2520 5889 templo.
2568 5818 2795 5875 Joannis
2836 5829 2897 5880 tt.
2950 5820 3039 5883 l3,
3093 5828 3237 5885 etca
3286 5822 3479 5879 Matth.
3526 5816 3807 5893 sufﬁt
