4058 6322
480 328 587 387 175

619 442 715 500 His
736 441 922 499 verbis
956 440 1192 497 fructum
1224 451 1349 493 mox
1381 443 1712 509 perceptura
1741 437 1939 492 salutis

617 538 850 594 Pulchra
885 536 1020 593 fides
1044 536 1284 591 animum
1307 534 1523 590 laetanti
1548 534 1605 587 in
1635 542 1856 604 pectore
1887 533 2089 592 firmat.

562 636 567 639 ’
622 633 852 704 Jamque
871 631 977 687 iter
995 631 1245 703 ingresso
1271 627 1699 700 properantibus
1717 627 1880 683 obvia
1911 626 2090 682 servis

622 734 783 808 194
824 733 1025 790 Nuntia
1068 733 1212 788 fama
1239 732 1750 814 venit,-pueroque
1781 729 1835 784 in
1866 726 2089 783 luminis

1855 821 2017 895 [oras

477 922 586 979 545
623 921 840 979 Limine
874 920 943 976 de
977 919 1175 976 mortis
1213 920 1453 976 subitam
1487 932 1764 974 remeasse
1784 916 2045 972 salutem.

618 1025 717 1081 Ille
745 1024 837 1080 ubi
859 1024 1140 1094 cognovit,
1170 1030 1379 1077 certum
1406 1035 1742 1077 concurrere
1777 1028 1993 1088 tempus

627 1126 889 1184 Sanantis
916 1123 1123 1180 Christi
1152 1123 1361 1189 verbis,
1393 1136 1651 1192 seseque.
1690 1119 2024 1189 domumque

615 1230 912 1299 Mancipat,
946 1227 1236 1297 amplexus
1271 1224 1401 1280 ﬁdei
1427 1222 1751 1279 venerabile
1794 1221 2021 1277 donum.

690 1331 855 1387 Forte
877 1328 1001 1385 dies
1030 1327 1214 1397 epulis
1241 1327 1445 1381 multos
1480 1326 1793 1381 sociaverat
1817 1340 1946 1391 una,

468 1436 580 1493 550
617 1432 844 1492 Publica
866 1429 1156 1488 conductis
1177 1428 1269 1499 qui
1290 1426 1581 1498 vectigalia
1611 1426 1781 1480 lucris

614 1534 880 1601 Professi,
905 1532 1124 1603 rapiunt
1153 1529 1337 1585 alieno
1367 1528 1592 1584 nomine
1624 1525 1890 1598 praedam.

617 1640 729 1695 Hos
758 1653 884 1695 cum
906 1634 1193 1705 discipulis
1223 1632 1386 1688 simul
1415 1630 1725 1701 accipiebat
1756 1630 1928 1687 Iesus.

618 1742 764 1797 Ecce
792 1737 1059 1795 Pharisaei
1081 1733 1301 1791 occulto
1322 1730 1734 1804 reprehendere
1762 1732 1907 1795 nisu,

620 1844 777 1915 Quod
802 1842 938 1914 legis
966 1840 1163 1897 doctor
1191 1836 1444 1895 convivia
1483 1837 1611 1893 talia
1640 1836 1826 1893 iniret.

1741 318 1805 374 (Ξ.
1847 317 1911 373 V.
1956 313 2186 387 AQUIL.
2227 312 2513 374 JUVENCI

2106 441 2161 500 Α
2184 434 2290 493 555
2333 437 2490 508 195
2510 433 2608 489 Ille
2639 429 2736 488 sed
2768 427 3092 501 inspiciens,
3117 427 3245 500 quid
3274 432 3495 499 pectora
3521 438 3663 482 smva
3708 434 3784 481 te-

3686 300 3782 363 176

3463 518 3679 591 [nerent
3703 563 3716 585 ,

2334 620 2478 686 Non,
2502 618 2702 691 inquit,
2724 616 2952 673 medicis
2971 630 3112 687 opus
3123 622 3229 681 est,
3250 614 3340 671 ubi
3368 612 3529 668 fortia
3549 613 3783 669 membra

2338 716 2665 771 Intemerata
2696 713 2845 768 salus
2868 719 3087 783 vegetat
3106 709 3323 765 virtutis
3343 709 3577 764 honore.

2332 808 2517 879 Egris
2529 807 2623 863 sed
2637 808 2833 863 merito
2850 807 3119 862 miserans
3136 803 3442 860 adhibenda
3463 800 3679 859 medela
3689 811 3787 859 est.

2332 903 2533 958 Discite
2546 916 2689 958 nunc
2700 902 2916 965 saltem,
2932 897 3294 971 iubeantquid
3308 896 3475 953 verba
3495 894 3787 968 prophetae:

2192 997 2296 1055 560
2332 996 2450 1053 Non
2469 1013 2568 1067 ego
2586 1012 2741 1053 sacra
2771 995 2963 1067 magis,
2991 1010 3153 1066 quam
3172 993 3321 1050 mitia
3347 1002 3569 1064 pectora
3589 1005 3787 1063 qmero.

2339 1090 2495 1145 Haud
2526 1090 2729 1146 etenim
2748 1088 2928 1160 justos
2956 1087 3083 1143 veni
3109 1085 3177 1142 ad
3205 1087 3415 1143 directa
3440 1086 3653 1140 viantes
3676 1129 3690 1144 .

2337 1181 2445 1239 Sed
2465 1197 2728 1237 revocare
2751 1181 2925 1236 malos
2952 1189 3278 1251 peccantum
3300 1193 3332 1233 a
3354 1175 3541 1232 limine
3559 1189 3789 1247 gressus.

2409 1278 2550 1333 Ecce
2579 1276 2676 1332 sed
2715 1291 2746 1331 e
2777 1289 3004 1331 numero
3029 1273 3325 1329 mirantum
3348 1286 3573 1327 munera
3595 1267 3791 1325 Christi

2343 1371 2495 1428 Unus
2525 1370 2753 1427 Joannis
2783 1368 3070 1441 quaerebat
3090 1367 3510 1439 discipulorum,

2207 1462 2315 1520 565
2350 1462 2462 1517 Cur
2490 1461 2595 1532 ipsi
2626 1461 2760 1531 legis
2781 1460 2988 1531 jejunia
3015 1459 3209 1516 crebra
3238 1467 3517 1522 tenerent.

2344 1553 2617 1625 Nullaque
2647 1554 2751 1609 sub
2776 1553 2996 1610 Christo
3029 1552 3213 1623 plebes
3235 1551 3445 1624 jejunis
3467 1551 3656 1608 ferret.

2343 1646 2595 1703 Christus
2612 1645 2681 1701 ad
2708 1644 2828 1701 haec
2846 1653 3034 1701 contra
3057 1643 3271 1715 placido
3293 1645 3374 1700 sic
3394 1658 3491 1700 ore
3522 1642 3789 1715 profatur:

2341 1740 2443 1810 Qui
2469 1739 2662 1809 sponsi
2692 1739 2837 1795 laetis
2860 1737 3193 1795 comitantur
3224 1747 3353 1794 vota
3379 1737 3625 1804 choreis,

2328 1834 2522 1908 196
2537 1832 2681 1903 Non,
2706 1842 2979 1906 praesente
3004 1830 3338 1904 illo,jejunia
3359 1831 3535 1888 tristia
3566 1840 3797 1903 portant.

1718 1967 2020 2026 LECTION
2030 1970 2113 2027 ES
2151 1968 2582 2027 VARIANTES.

549 2128 678 2185 5M.
737 2126 901 2183 Rom.
921 2166 937 2192 ,
970 2124 1185 2195 fratrem
1215 2139 1235 2177 :
1268 2123 1386 2192 lege
1413 2122 1664 2195 fructum.

552 2200 682 2257 549..
737 2198 934 2265 Rom.,
970 2192 1135 2258 male,
1165 2195 1347 2261 animi,
1380 2208 1476 2265 pro
1511 2193 1764 2248 animum.
1806 2192 1920 2249 Ott.
1941 2233 1957 2261 ,
2002 2193 2094 2249 lte—

490 2274 622 2328 tanti
652 2280 879 2340 pectore,
914 2268 1032 2323 sine
1056 2268 1131 2320 in.

554 2336 683 2401 544'.
736 2336 896 2402 ΑΙιΙ.⁷,
925 2339 1050 2394 Bas.
1073 2380 1088 2403 ,
1132 2337 1344 2410 Poelm.
1367 2379 1383 2403 ,
1432 2351 1532 2410 pro
1562 2336 1618 2391 d.
1653 2354 1701 2393 s.
1721 2382 1734 2404 ,
1766 2354 1926 2410 puero
1956 2353 2098 2392 reso-

481 2428 675 2486 natque
693 2412 911 2486 jacenti.
941 2412 1098 2486 Reg,
1122 2408 1306 2465 Ottob.
1331 2424 1453 2463 cum
1474 2409 1603 2463 aliis
1624 2408 1811 2475 editis,
1837 2424 2101 2486 pueroque

478 2489 537 2542 in
564 2482 776 2540 luminis
818 2500 934 2538 oras
958 2499 977 2537 :
1011 2483 1201 2543 Rom.,
1233 2496 1545 2550 perperam,
1594 2498 1932 2552 puerumque.
1983 2482 2102 2535 Non

482 2558 630 2614 male
661 2566 811 2612 esset
844 2571 1002 2623 puero
1048 2553 1141 2606 sub
1176 2552 1388 2606 luminis
1433 2568 1578 2613 oras,
1627 2564 1734 2607 etc.
1768 2552 1827 2607 In
1859 2554 2101 2608 lectione

484 2627 842 2687 oontmnniori
898 2625 1235 2694 subintelligi
1291 2631 1474 2695 potest
1520 2627 1717 2695 refert,
1782 2626 1871 2679 vel
1923 2633 2101 2678 narrat

484 2716 743 2757 remeasse
768 2698 1015 2753 salutem.

555 2773 680 2828 547.
716 2770 849 2839 Reg.
870 2811 886 2834 ,
928 2769 1140 2826 Sanati.
1173 2766 1232 2821 In
1263 2766 1375 2823 Ott.
1402 2766 1622 2824 videtur
1661 2766 1829 2822 fuisse
1860 2768 2099 2825 Sanctis.

488 2845 652 2899 Rom.
672 2884 688 2907 ,
737 2838 1008 2905 sonantis,
1047 2856 1170 2896 cum
1198 2838 1382 2894 editis.

558 2913 686 2971 559.
726 2913 890 2983 Reg.,
924 2912 1119 2976 Rom.,
1151 2910 1301 2975 0tt.,
1334 2910 1542 2983 Torn.,,
1597 2911 1807 2965 l’oelm.
1831 2954 1844 2977 ,
1878 2926 2000 2983 pro
2044 2911 2100 2967 d.

488 3002 536 3042 s.
558 3028 573 3051 ,
606 3002 711 3040 una
742 3004 755 3038 ε
786 2985 913 3053 alii,
944 3000 1102 3039 unus.
1142 2983 1273 3037 Mss.
1312 2996 1436 3036 eum
1479 2982 1760 3052 plerisque
1803 2982 1989 3047 editis,
2020 2999 2105 3038 so-

489 3059 733 3112 ciaverat.
757 3055 881 3111 Ald.
901 3097 917 3121 ,
942 3055 1114 3110 Torn.
1132 3094 1146 3115 .
1191 3054 1314 3109 Bas.
1334 3098 1348 3122 ,
1388 3054 1687 3108 satiarerat.
1719 3053 1778 3106 In
1804 3055 2062 3110 Duventr.
2084 3095 2099 3120 ,

486 3131 773 3184 sociaverat
814 3126 1110 3193 unus;sed
1151 3126 1335 3195 glossa
1368 3139 1500 3180 mss.
1548 3123 1838 3193 replet'erat
1885 3127 2103 3183 videtur

488 3200 630 3257 facta
661 3216 759 3267 pro
788 3199 1090 3254 satiauerat.
1120 3196 1266 3266 quod
1297 3196 1480 3251 minus
1504 3198 1702 3266 probo.

560 3272 686 3328 555.
731 3272 963 3343 Mss._et
998 3268 1145 3343 editi
1189 3276 1529 3343 constanter,
1578 3269 1797 3343 occulto,
1829 3272 2105 3343 reprelien-

484 3346 605 3397 dcre
633 3345 763 3397 risu.
792 3341 899 3397 Sed
923 3340 1050 3409 quid
1080 3354 1235 3407 rogo,
1259 3347 1342 3393 est
1367 3341 1615 3394 occultus
1642 3341 1728 3394 hic
1758 3340 1944 3396 risus?
1974 3342 2106 3397 Nul—

484 3416 575 3470 lus
603 3414 813 3480 dubito,
848 3412 977 3482 quin
1028 3411 1212 3483 legere
1268 3420 1520 3483 oporteat
1575 3412 1778 3465 occulto
1827 3414 2106 3483 reprehen-

2121 2135 2171 2195 Β
2196 2122 2389 2179 adiret.

2272 2196 2399 2252 555.
2422 2193 2572 2261 Ald.,
2601 2193 2841 2261 Fabric.,
2863 2193 3013 2257 Bas.,
3032 2191 3267 2258 Poelm.,
3297 2203 3396 2260 pro
3420 2189 3477 2245 d.
3505 2204 3580 2255 s.,
3605 2190 3804 2261 clausa.

2204 2268 2335 2324 Mss.
2367 2282 2490 2322 cum
2525 2259 2647 2320 aliis
2670 2259 2854 2323 editis.
2884 2280 3021 2318 mea
3054 2280 3073 2318 :
3106 2262 3249 2334 quod
3281 2259 3537 2334 praefero,
3560 2259 3808 2332 quamvis

2207 2355 2315 2395 non
2346 2337 2635 2407 displiceat
2659 2336 2863 2400 clausa,
2886 2336 2990 2391 hoc
3011 2333 3286 2405 est,’tecta
3314 2342 3370 2389 et
3401 2333 3545 2388 ficta.

2278 2410 2404 2467 556.
2439 2405 2540 2464 lln.
2571 2410 2714 2478 apud
2747 2408 3098 2473 Renschinm,
3144 2424 3240 2476 per
3280 2405 3760 2475 interrogationem
3789 2419 3806 2459 :

2212 2482 2510 2550 Numquid,
2543 2483 2639 2549 ait,
2669 2480 2882 2534 medicis
2910 2496 3040 2547 opus
3075 2488 3172 2541 est,
3195 2486 3303 2533 etc.

2285 2548 2409 2611 557.
2439 2548 3034 2623 Rom.,Reg.,0ttob.,
3057 2551 3288 2623 Poelm.,
3313 2565 3410 2620 pro
3426 2548 3483 2603 d.
3513 2563 3591 2613 3.,
3619 2553 3811 2623 regem

2213 2628 2417 2682 virtutis
2448 2629 2659 2680 honore.
2694 2619 2752 2678 Ιιὶ
2782 2624 2991 2690 Ottob.,
3047 2637 3145 2693 pro
3170 2622 3224 2675 d.
3257 2619 3331 2683 8.,
3364 2630 3560 2693 vegetat
3580 2619 3812 2693 viresque

2206 2699 2489 2761 ministrat,
2519 2696 2663 2767 quod
2695 2697 2964 2764 reperitur
2993 2690 3353 2767 in'plerisqne
3397 2691 3581 2747 editis.
3634 2690 3812 2767 Reus-

2206 2770 2361 2825 chins
2393 2762 2683 2838 amplexus
2723 2762 2808 2821 est
2835 2766 3040 2821 virtutis
3066 2762 3432 2838 honorc',_hoc
3474 2762 3813 2838 est,_virtute

2207 2850 2263 2896 et
2294 2833 2521 2894 viribus.
2551 2838 2758 2895 Similis
2787 2838 2989 2893 locutio
3015 2838 3157 2909 apud
3187 2836 3440 2892 Ovidium
3466 2877 3483 2905 ,
3517 2851 3557 2890 ιι
3590 2833 3812 2890 Metam.

2212 2927 2357 2967 vers.
2385 2912 2514 2972 285,
2552 2912 2624 2964 al.
2654 2910 2785 2965 ⁸285.

2279 2984 2406 3040 558.
2433 2982 2822 3049 Wopkensius,
2853 2981 2919 3035 ad
2946 2980 3249 3049 Sedulium,
3274 2980 3312 3035 l.
3342 2996 3358 3035 ι
3391 2993 3541 3036 vers.
3568 2977 3664 3047 22,
3687 2992 3819 3035 con-

2201 3056 2425 3128 jiciebat
2457 3056 2658 3109 miseris
2682 3070 2780 3128 pro
2807 3054 3080 3128 miserans.

2279 3126 2408 3183 559.
2445 3128 2579 3195 Reg.
2612 3126 2803 3181 scribit
2825 3124 3022 3180 saltim.

2278 3200 2403 3253 564.
2438 3200 2494 3253 In
2524 3194 2635 3254 Ott.
2657 3214 2723 3252 ex
2752 3196 2988 3252 Joannes
3019 3205 3168 3252 recte
3200 3196 3403 3253 factum
3432 3194 3681 3252 Joannis.

2281 3270 2406 3325 566.
2434 3271 2593 3338 Πειρη
2630 3270 2769 3336 0tt.,
2814 3269 3007 3334 Torn.,
3052 3268 3239 3334 Fabr.,
3279 3270 3459 3338 ferret.
3497 3267 3662 3338 Rom.
3693 3281 3817 3322 cum

2210 3342 2361 3407 Ald.,
2383 3352 2437 3397 et
2464 3337 2585 3397 aliis
2602 3340 2763 3397 editis
2779 3341 2991 3410 ferrent,
3014 3341 3159 3410 quod
3183 3337 3412 3397 fortasse
3431 3338 3529 3394 fuit
3553 3339 3612 3394 in
3625 3337 3762 3403 οιι.,
3786 3353 3817 3393 a

2210 3429 2297 3486 pr.
2327 3431 2399 3468 m.
2431 3414 2538 3468 Sed
2558 3456 2573 3478 ,
2608 3422 2666 3468 ut
2692 3416 3144 3486 opinor,_ferrent
3172 3427 3202 3465 a
3222 3411 3481 3486 librariis
3510 3412 3772 3486 scriptum
3800 3454 3816 3478 ,

490 3486 613 3540 dere
631 3486 749 3539 nisu
775 3530 788 3553 ,
819 3481 1032 3557 scilicet
1059 3481 1274 3557 occulta
1305 3481 1593 3557 molitione
1634 3493 1691 3557 et
1730 3481 1955 3540 conatu.
2000 3485 2105 3542 Su-
2132 3485 2180 3547 C
2210 3481 2305 3557 qui
2350 3486 2522 3553 plebes
2566 3487 2621 3540 in
2674 3481 3011 3557 nominativo
3060 3484 3254 3557 plurali
3306 3497 3429 3539 esse
3480 3482 3814 3557 putaverint.

488 3573 587 3627 pra
619 3552 915 3627 vers.718_i:
952 3552 1131 3627 Gentis
1181 3554 1255 3605 sic
1302 3562 1446 3627 sunt_
1472 3553 1740 3607 molimina
1796 3566 1980 3611 vestrae
2004 3598 2017 3620 ,
2052 3563 2108 3612 et

490 3624 636 3683 vers.
669 3627 776 3683 510
804 3644 816 3679 :
843 3624 946 3679 Ille
982 3626 1076 3680 sed
1103 3625 1323 3678 interme
1342 3624 1612 3679 molimina
1651 3629 1854 3681 mentis.
1898 3629 2017 3683 Lib.
2047 3644 2104 3683 ιιι

493 3714 640 3771 vers.
678 3698 784 3771 152
813 3712 955 3767 seq..
987 3696 1190 3771 pariter
1229 3698 1427 3766 legam.
1476 3696 1629 3762 Quod
1656 3697 1821 3771 verba
1850 3700 2107 3771 loquentis

494 3768 786 3825 ——0cculto
816 3777 1031 3839 carpant
1058 3767 1345 3839 scribarum
1372 3778 1583 3839 pectora
1613 3770 1753 3824 nisu.

568 3843 696 3899 554.
751 3836 915 3911 Reg.,
958 3838 1097 3902 Ott.,
1146 3836 1339 3911 vellet:
1372 3836 1441 3911 :in
1489 3841 1628 3903 0tt.,
1694 3856 1880 3911 supra,
1929 3842 2106 3909 iniret,

506 3913 650 3985 quod
681 3910 882 3970 habent
904 3912 1151 3984 plerique
1188 3910 1343 3967 editi.
1370 3910 1579 3967 Poelm.
1610 3930 1705 3982 pro
1728 3910 1779 3969 d.
1810 3930 1885 3980 s.,
1917 3914 2106 3983 Fahr.,

2215 3554 2373 3628 Haud
2399 3557 2654 3628 equidem
2685 3555 3015 3625 negaverim,
3049 3555 3327 3628 eleganter
3361 3569 3483 3628 cum
3519 3554 3691 3622 plebes
3719 3568 3817 3608 seu

2212 3626 2526 3713 populus—in
2568 3629 2829 3713 singulari
2862 3641 3024 3713 posse
3062 3626 3595 3713 conjungiﬂverbum
3630 3630 3823 3713 ferrent

2214 3698 2267 3756 in
2319 3701 2537 3767 plurali.
2737 3715 2860 3782 cum
2894 3698 2962 3755 de
2996 3698 3097 3782 hac
3130 3698 3405 3782 elegantia
3428 3705 3778 3782 "Oll‘licflllSl‘ﬂl
3802 3737 3819 3761 ,

2212 3786 2357 3842 aegre
2380 3789 2502 3828 eam
2528 3772 2810 3827 admittam
2841 3772 2892 3826 in
2925 3771 3099 3842 poetis
3126 3769 3459 3842 Christianis.
3493 3769 3610 3823 Etsi
3639 3777 3822 3823 autem

2215 3839 2387 3913 plebes
2444 3847 2499 3899 in
2550 3844 2742 3907 plurali
2793 3839 3086 3913 aliquando
3126 3842 3341 3913 dictum
3393 3839 3585 3905 fuerit,
3640 3851 3823 3896 tamen

2217 3911 2375 3986 longe
2403 3916 2653 3972 usitatius
2680 3924 2763 3970 est
2792 3914 2847 3969 in
2880 3911 3162 3985 singulari.

2052 4067 2283 4126 ΝΟΤιλΕ.

576 4211 702 4268 542.
726 4207 960 4264 Pulchra
982 4206 1111 4276 ﬁdes
1132 4220 1193 4260 ea
1216 4204 1637 4275 signiﬁcatione,
1669 4220 1789 4277 quae
1816 4220 1958 4268 vers.
1985 4205 2115 4271 150,

509 4294 563 4339 et
589 4285 689 4340 51⁸7
719 4282 991 4351 explicata
1020 4289 1124 4335 est.

577 4356 704 4411 516.
753 4347 1092 4417 concurrere,
1138 4363 1460 4420 congruere,
1496 4348 1824 4404 convenire.
1860 4347 1998 4404 Vide
2027 4348 2063 4401 l.
2100 4363 2115 4402 ι

516 4443 661 4481 vers.
690 4425 819 4487 448,
848 4436 905 4476 et
928 4423 983 4477 b.
1016 4424 1058 4477 l.
1085 4437 1123 4476 ιι
1152 4436 1298 4476 vers.
1328 4422 1456 4476 851.

585 4498 711 4553 548.
740 4494 929 4551 Glossa
954 4493 1009 4547 in
1040 4492 1161 4564 cod.
1194 4493 1355 4564 Reg,
1380 4490 1853 4564 Mancipat—subdit
1882 4491 2111 4547 Christo.

582 4569 707 4623 549.
750 4564 976 4621 CAPUT
1003 4563 1146 4619 XIV.
1176 4563 1337 4635 .lesus‘
1359 4563 1632 4635 pltaristeis
1674 4565 2117 4619 murmurantibus

514 4642 577 4693 de
607 4638 835 4708 convivio
874 4636 1266 4708 publicmtorum
1303 4632 1473 4708 dicit,
1502 4650 1607 4688 non
1649 4650 1777 4708 Opus
1819 4653 1927 4691 esse
1976 4635 2120 4691 sanis

516 4712 736 4764 medico.
770 4704 957 4761 Matth.
992 4722 1049 4761 ix
1072 4749 1087 4772 ,
1121 4710 1210 4769 10,
1243 4717 1390 4769 etc.;
1424 4704 1591 4759 Marc.
1641 4721 1709 4771 ιι,
1745 4706 1834 4772 15,
1867 4715 1973 4762 etc.

591 4781 718 4837 550.
755 4778 983 4833 Pulchra
1029 4778 1328 4848 descriptio
1362 4776 1812 4849 publicanorum,
1853 4780 1944 4849 qui
1993 4793 2124 4849 proe

519 4853 649 4908 fessi
684 4850 894 4921 publica
921 4847 1735 4921 vec1igalia1cooductisjncris,
1766 4847 2122 4918 rapiunt‘sibi

519 4917 755 4992 praedam
783 4920 1006 4992 nomine
1043 4917 1179 4976 lisci.
1212 4917 1892 4992 Janseniuerandavensis
1915 4922 2017 4975 hoc
2039 4924 2123 4990 ip-

512 4991 632 5048 sum
670 5004 836 5055 tenet,
881 4991 1086 5047 Judtcis
1138 4991 1461 5062 publicanos
1508 4991 1735 5055 invisos,
1767 4995 1911 5062 quod
1941 4993 2015 5055 vi,
2066 4999 2122 5047 et

513 5066 718 5134 rapinis
754 5073 1163 5135 grassarentur.

582 5136 707 5191 551.
769 5140 1022 5207 Quaestus
1054 5135 1469 5207 publicanorum
1499 5143 1651 5207 recte
1674 5137 1906 5207 praedam
1938 5142 2117 5191 vocat.

512 5206 703 5262 Cicero
746 5223 777 5260 v
803 5209 856 5261 in
888 5205 1067 5278 νει-ιν
1096 5205 1176 5278 al.
1224 5205 1352 5278 [illi
1378 5220 1500 5274 cap.
1534 5204 1640 5262 5οε
1674 5204 1939 5262 Maximos
1969 5222 2119 5278 qua:-

507 5286 639 5341 stus,
675 5279 983 5405 p;c(egasque
1011 5276 1210 5347 fecisse.
1259 5275 1393 5331 Vide
1442 5285 1555 5332 not.
1588 5278 1655 5332 ad
1701 5275 2047 5336 Dracontfl.
2085 5294 2122 5334 tt

512 5365 660 5405 vers.
761 5372 777 5404 ι
822 5389 836 5403 .

512 5365 660 5405 vers.
709 5353 836 5406 769.

584 5421 708 5478 551.
762 5420 993 5477 Videtur
1024 5418 1334 5490 hypallage,
1378 5421 1533 5487 quasi
1568 5422 1699 5477 velit
1723 5421 2118 5478 Juvencns-di-

507 5509 637 5549 cere
662 5514 675 5551 :
711 5494 775 5551 Hi
807 5490 1145 5563 accipiebant
1171 5491 1420 5546 euovivio
1446 5491 1630 5548 Je~um
1658 5509 1779 5549 cum
1808 5493 2116 5563 discipulis.

507 5566 616 5621 Sed
648 5569 827 5632 potius
856 5562 1328 5636 Juvencus_verba
1363 5565 1641 5636 Evangelii
1681 5562 1995 5633 exprimere
2022 5581 2119 5617 vo-

518 5638 702 5694 luerit.
734 5637 1022 5693 M-ittltmus
1054 5651 1069 5688 :
1130 5634 1193 5687 Et
1232 5636 1424 5705 factum
1472 5634 1570 5703 est,
1604 5638 1951 5691 discumbente
1981 5654 2042 5692 eo
2066 5638 2120 5691 in

518 5709 689 5767 domo.
716 5708 865 5763 multi
900 5705 1163 5775 publicani
1210 5717 1260 5761 et
1308 5718 1599 5775 peccatores
1646 5717 1919 5774 venerunt,
1950 5720 1997 5762 et
2043 5725 2124 5763 re-

516 5779 816 5852 cumbebant
857 5793 981 5852 cum
1016 5774 1170 5852 Iesu,
1195 5789 1244 5833 et
1281 5774 1398 5833 cum
1426 5779 1696 5852 discipulis
1726 5782 1864 5852 ejus.
1916 5779 2125 5837 Marcus

516 5849 668 5907 addit
698 5850 887 5907 :Erant
899 5849 1034 5904 enim
1062 5851 1235 5917 multi,
1258 5853 1347 5921 qui
1372 5863 1423 5908 et
1451 5849 1802 5927 sequebantur
1822 5865 1956 5906 eum.

2292 4206 2418 4279 560.
2449 4207 2661 4263 Rursus
2688 4224 2831 4266 vers.
2864 4207 2963 4266 581
3004 4227 3017 4265 :
3051 4207 3204 4277 Quod
3231 4225 3337 4265 non
3363 4225 3517 4265 sacra
3547 4207 3712 4279 Deus,
3738 4206 3834 4266 sed

2222 4277 2400 4332 ntallet
2420 4281 2568 4333 mitia
2597 4282 2778 4336 corda.

2293 4350 2419 4406 565.
2470 4349 2700 4408 CAPUT
2744 4351 2864 4430 XV.
2912 4352 3201 4430 Discipulis
3239 4351 3468 4430 Joannis
3500 4353 3833 4430 interrogan-

2223 4421 2395 4483 tibus.-
2427 4439 2586 4499 quare
2633 4440 2737 4499 non
2775 4421 3079 4499 jejunarent
3118 4426 3363 4499 discipuli
3392 4428 3530 4499 ejus,
3577 4421 3832 4499 para'bola

2223 4496 2536 4565 proponitur
2554 4496 2714 4566 panni
2736 4496 2998 4563 scissurw,
3015 4508 3062 4551 et
3085 4500 3239 4553 utris.
3261 4496 3455 4553 Matth.
3485 4496 3662 4565 lx,“
3684 4513 3828 4570 seq.;

2221 4564 2391 4621 Marc.
2422 4582 2483 4629 tt,
2520 4569 2584 4623 l8
2610 4583 2760 4637 seq.;
2788 4567 2922 4622 Luc.
2953 4584 3006 4630 v.
3036 4569 3107 4623 55
3136 4584 3253 4637 seq.

2379 4605 2391 4617 .
2422 4583 2483 4629 tl,
2520 4583 2584 4623 ιδ
2610 4583 2760 4633 seq.;
2788 4583 2922 4622 Luc.
2953 4584 3006 4630 v.
3036 4583 3107 4623 eo
3136 4584 3253 4633 seq.

2294 4586 2391 4620 ιτα.
2422 4586 2483 4629 ιι,
2520 4586 2584 4623 ιδ
2610 4586 2760 4637 seq.;
2788 4586 2922 4622 huc.
2953 4586 3006 4630 v.
3036 4586 3107 4623 oo
3136 4586 3253 4641 seq.

2294 4637 2421 4692 568.
2456 4638 2653 4709 Sponsi
2686 4649 2802 4693 vota
2832 4654 2850 4692 :
2883 4640 2962 4693 sic
2990 4641 3193 4709 nuptiae
3219 4640 3564 4709 appellantur
3603 4639 3661 4695 in
3699 4640 3826 4698 cod.

2224 4709 2509 4781 Theodos.
2532 4711 2569 4763 l.
2601 4726 2682 4771 ιιι,
2710 4710 2794 4764 tit.
2819 4710 2874 4776 5,
2901 4710 3005 4781 leg.
3038 4712 3089 4765 7.
3125 4712 3403 4781 Apuleius,
3435 4713 3475 4767 ι.
3500 4728 3557 4767 tv
3582 4714 3830 4779 Metam,

2226 4788 2359 4858 post
2396 4780 2540 4836 med.
2568 4797 2618 4858 -Ξ
2657 4781 2800 4858 votis
2849 4780 3187 4858 nuptialibus
3211 4793 3364 4858 pacto
3407 4783 3589 4858 jugali
3633 4784 3832 4858 pridem

2227 4851 2537 4926 destinatus.
2568 4851 2853 4926 Matthmus
2899 4851 2954 4908 et
3000 4855 3175 4909 Lucas
3211 4851 3449 4910 eomites
3477 4851 3668 4926 Sponsi
3694 4900 3710 4923 ,
3740 4856 3830 4926 qui

2150 4943 2205 5005 Ι)
2231 4940 2351 5005 eum
2372 4924 2517 5005 laetis
2543 4924 2759 4980 choreis
2781 4926 3187 5005 comitabantur
3213 4927 3355 5005 et__ad
3386 4925 3692 4981 thalamum
3713 4924 3834 5005 _d_e-

2228 4995 2521 5063 ducebant,
2579 5008 2776 5050 vocant
2826 4996 2963 5064 ﬁlios
3006 4998 3208 5065 sponsi,
3251 4997 3464 5053 Marcus
3512 5012 3653 5054 vero
3698 5000 3832 5065 ﬁlios

2226 5062 2541 5138 nuptiarum.
2597 5066 2675 5122 De
2728 5062 2834 5121 hoc
2893 5068 3000 5123 ritu
3034 5062 3363 5125 'deducendi
3415 5077 3472 5124 et
3531 5062 3831 5127 comitandi

2225 5151 2484 5207 Sponsum
2542 5153 2663 5192 cum
2715 5138 3087 5208 lampadibus,
3149 5155 3244 5195 seu
3311 5140 3556 5207 facibus,
3612 5143 3833 5198 choreis

2223 5218 2280 5264 et
2304 5208 2571 5335 ganticis,
2622 5212 2847 5265 consule
2890 5210 3183 5267 Martinam
3212 5211 3362 5281 Roa,
3402 5212 3439 5266 l.
3472 5227 3511 5266 ll
3551 5212 3830 5284 Singular.

2224 5294 2272 5335 c.
2380 5322 2394 5335 .

2224 5294 2272 5336 C.
2304 5294 2394 5335 21.

2295 5352 2419 5408 569.
2445 5351 2672 5424 Vulgata
2697 5352 2976 5422 Evangelii
3008 5353 3244 5409 Matthmi
3274 5374 3284 5409 :
3312 5354 3381 5409 Et
3402 5356 3476 5409 ait
3497 5356 3609 5410 illis
3638 5353 3847 5415 Jesus:.

2226 5423 2496 5494 Numquid
2528 5423 2740 5490 possunt
2765 5426 2862 5496 filii
2882 5427 3057 5496 sponsi
3080 5427 3258 5497 lugere
3277 5471 3289 5487 .
3316 5428 3567 5497 quamdiu
3584 5444 3705 5481 cum
3730 5428 3834 5482 illis

2224 5506 2297 5550 est
2324 5514 2541 5568 sponsus
2562 5498 2586 5551 ?
2610 5497 2826 5552 Veniant
2839 5507 3007 5551 autem
3036 5497 3168 5569 dies,
3191 5516 3305 5554 cum
3335 5502 3599 5569 auferetur
3649 5500 3714 5553 ab
3762 5500 3833 5554 eis

2223 5584 2475 5639 sponsus,
2514 5578 2566 5641 et
2608 5581 2726 5623 tunc
2756 5569 3090 5639 jejunabunt.
3144 5568 3279 5625 Itala
3310 5568 3466 5626 vetus
3500 5589 3513 5625 :
3558 5569 3836 5641 Numquid

2224 5652 2438 5713 possunt
2463 5640 2559 5706 ﬁlii
2580 5642 2756 5713 sponsi
2772 5641 3042 5713 jejunare.
3077 5641 3316 5697 Hilarius
3344 5642 3413 5696 ad
3443 5644 3591 5698 hunc
3613 5645 3791 5697 locum
3815 5658 3831 5697 :

2227 5708 2491 5765 Prwscnte
2515 5708 2726 5787 sponso,
2749 5708 3032 5787 jejiunandi
3054 5716 3409 5768 necessitatem
3433 5715 3713 5787 discipulis
3733 5729 3834 5768 non

2228 5799 2353 5907 edssel
2377 5783 2772 5855 respondet.....
2804 5782 2993 5838 Ablato
3022 5792 3194 5839 autem
3222 5801 3305 5854 se,
3342 5782 3696 5859 jejunaturos.
3726 5798 3837 5839 esse

2266 5869 2330 5907 lC!
2362 5893 2374 5906 .

2266 5869 2374 5908 ιειι.
