4058 6322
256 297 345 354 177
1309 302 1773 361 EVANGELICE
1815 306 2161 365 UlSTOBUE
2200 310 2330 367 LIB.
2374 313 2438 368 II.

240 412 341 469 570
372 414 610 485 Jamque
638 414 764 471 dies
794 415 988 486 aderit,
1021 432 1140 471 cum
1175 432 1408 489 sponsus
1444 419 1665 475 turbine
1686 422 1835 477 saecli
1860 426 1914 486 Α

373 506 415 562 E
446 506 636 562 medio
658 510 918 564 comitum
944 509 1180 581 rapietur
1214 528 1225 565 :
1260 510 1504 566 tristibus
1535 511 1614 567 illi

354 600 660 672 Languida
693 604 1005 674 concipient
1038 606 1235 661 animis
1258 605 1467 676 jejunia
1490 606 1707 663 ﬂentes.

364 691 539 760 Quam
583 697 816 750 stultum
868 705 952 752 est
995 696 1217 754 rudibus
1275 707 1489 755 veteres
1536 700 1830 758 subtexere

1575 809 1753 861 annts,

1575 809 1642 847 an

371 880 635 939 Vestibus
661 890 725 938 ut
748 883 921 953 turpis
947 883 1105 955 pejus
1133 884 1370 940 scissura
1395 791 1686 957 pateﬁat?i

224 976 322 1034 575
362 977 472 1032 Aut
499 977 728 1033 utribus
761 978 993 1034 calidum
1019 979 1159 1034 tritis
1194 980 1535 1036 committere
1567 991 1826 1049 mustum,

360 1069 521 1143 197
560 1070 735 1140 Queis
780 1072 951 1143 ruptis
1002 1081 1171 1129 totum
1219 1074 1466 1145 sequitur
1509 1074 1827 1146 disperdere

1513 1167 1757 1241 [vinum?

353 1256 463 1313 Sed
486 1257 729 1314 rudibus
748 1267 955 1315 rectum
979 1264 1063 1314 est
1084 1259 1293 1316 utribus
1318 1262 1626 1331 spumantia
1649 1272 1824 1319 musta

350 1349 614 1409 Condere
646 1368 664 1407 :
689 1350 767 1408 sic
788 1352 974 1408 vinum
997 1362 1326 1409 conservant
1354 1352 1513 1410 fortia
1540 1369 1689 1410 vasa.

3434 317 3540 376 178

2153 421 2308 478 Talia
2338 429 2589 483 tractanti
2622 429 2907 499 perculsus
2936 439 3159 501 pectora
3189 431 3337 489 luctu

1937 516 2045 572 580
2082 515 2225 572 Ecce
2253 518 2595 575 sacerdotum
2630 521 2891 592 princeps
2933 522 3244 593 procumbit
3266 522 3539 596 adorans,

2085 611 2153 665 Et
2182 610 2287 667 sibi
2314 611 2623 668 defunctam
2648 655 2663 682 ,
2694 614 2857 671 funus
2888 615 3204 673 miserabile
3229 658 3245 682 ,
3282 627 3465 672 natam

2075 704 2335 774 lmplmat
2376 706 2705 777 lacrymans,
2737 719 3049 779 certamque
3088 709 3277 766 venire
3298 711 3529 768 salutem

2080 795 2362 851 Delunctis
2391 799 2557 853 etiam
2585 799 2843 868 poscebat
2870 815 3094 856 munera
3126 800 3353 857 Christi.

2076 889 2231 943 Haud
2264 904 2437 957 mora,
2464 905 2800 961 consurgens
2824 892 3340 961 graditurServator
3361 894 3538 951 Iesus.

1933 979 2040 1037 585
2076 979 2360 1050 Progressi
2389 981 2587 1037 mulier
2613 982 2864 1052 sequitur
2891 983 3118 1052 vestigia
3150 1000 3378 1041 servans
3404 1026 3422 1053 ,

2081 1075 2242 1148 198
2276 1074 2447 1146 Quam
2490 1076 2753 1147 languore
2789 1075 2943 1147 gravi
2964 1075 3061 1150 ,bis
3092 1091 3189 1133 sex
3212 1077 3526 1135 labentibus

3270 1169 3453 1242 [artnis

2075 1259 2344 1332 Carpebat
2372 1262 2578 1331 ﬂuxus,
2612 1262 2862 1318 lacerans
2882 1261 3001 1317 sine
3031 1260 3173 1329 ﬁne,
3205 1263 3451 1332 cruoris,

2075 1353 2294 1411 Viribus
2321 1356 2625 1427 absumptis
2650 1397 2666 1422 ,
2695 1364 2752 1412 et
2781 1363 2897 1412 toto
2918 1368 3153 1425 corpore
3181 1353 3404 1411 fessam.

1443 1490 1832 1549 LECTIONES
1871 1492 1960 1549 VA
1971 1493 2291 1552 BIANTES.

278 1608 401 1663 571.
459 1607 683 1664 Poelm.
716 1608 772 1663 in
805 1617 979 1675 textu,
1011 1608 1332 1675 Dauventr.,
1376 1608 1627 1675 undam,
1663 1608 1814 1676 Ald.,

221 1676 399 1765 .Fabr"
423 1678 697 1765 Tristibus
712 1680 1116 1765 illi—.Tuncgue
1135 1681 1332 1763 dabunt
1345 1682 1545 1765 animos
1568 1682 1815 1765 lacrgmis

212 1753 417 1825 horrore
437 1751 702 1825 ciborum,
734 1783 796 1794 —
830 1751 1417 1825 Languidafoncipient
1453 1753 1637 1825 animis
1668 1751 1817 1825 jeju-

210 1821 291 1875 nio
312 1824 518 1893 ﬂentes.
552 1854 630 1863 —
659 1824 829 1889 Quam
850 1821 1088 1879 stultum.
1112 1823 1172 1878 In
1214 1821 1395 1887 Rom”
1434 1834 1487 1878 et
1520 1821 1754 1889 Poelm.}
1783 1841 1810 1878 a

211 1908 314 1967 sec.
363 1911 469 1967 m.,
518 1895 865 1967 Spondebunt
914 1911 1010 1965 pro
1053 1894 1295 1967 Tuncque
1336 1894 1548 1967 dabunt.
1604 1894 1661 1948 In
1699 1895 1811 1951 Ott.

209 1965 361 2049 etiam
387 2007 404 2033 ,
440 1965 798 2049 Spondebunt
826 1967 967 2049 ,Ds‘cd
1003 1967 1166 2049 deest
1193 1965 1382 2049 versus
1411 1965 1704 2049 Languida.
1755 1969 1813 2024 lu

210 2034 335 2111 ﬂag.
385 2034 636 2111 pariter,
672 2038 1160 2111 Spondebunt,‘sed
1195 2040 1344 2111 prius
1380 2037 1597 2111 ponitur
1624 2054 1814 2093 versus

210 2106 502 2180 Languida;
532 2121 652 2165 tum
694 2106 836 2165 alius
873 2106 1235 2180 Spondebunt.
1264 2106 1406 2165 Sane
1430 2110 1695 2165 alteruter
1725 2127 1817 2166 su-

210 2128 311 2161 um
351 2128 502 2175 utaa;
532 2128 652 2165 tum
694 2128 836 2165 altus
873 2128 1235 2180 Sponaeount.
1264 2128 1406 2165 bane
1430 2128 1695 2165 altermer
1725 2128 1817 2166 SU-

209 2128 442 2253 perllquus
469 2192 562 2238 est
594 2200 608 2236 :
637 2184 733 2253 sed
768 2183 941 2252 magis
967 2182 1186 2253 spurius
1218 2182 1348 2237 ntilti
1382 2184 1599 2253 videtur
1639 2181 1817 2251 Spon-

209 2251 387 2325 debunt
402 2254 615 2325 animos
630 2250 877 2325 lacrymis
891 2250 1101 2308 horrore
1123 2255 1370 2309 ciborum.
1394 2250 1818 2325 Ktnuiginscon-

205 2323 418 2397 jicicbat
459 2324 671 2397 Sponte
700 2322 897 2379 dabunt
920 2326 1142 2380 animos.
1171 2326 1228 2380 lu
1260 2325 1383 2380 cod.
1422 2322 1519 2379 Ca.
1545 2322 1811 2397 scriptum

210 2405 331 2469 erat,
349 2395 638 2469 Languida
660 2398 992 2465 concupient.

271 2467 394 2541 575.
430 2465 600 2541 Reg,
633 2484 664 2524 a
692 2482 805 2524 sec.
842 2485 942 2534 m.,
988 2469 1123 2535 0tt.,
1156 2468 1364 2540 pannis,
1391 2465 1813 2541 —r-_Vestibusiut

210 2540 369 2614 turpis
420 2538 579 2614 pejus
622 2543 856 2614 scissura
896 2549 1122 2614 patescat
1157 2538 1187 2594 ':
1237 2553 1357 2614 qua;
1402 2538 1619 2614 videtur
1646 2540 1813 2609 proba

209 2609 385 2680 lectio,
417 2609 817 2666 et'distiuctio.
847 2610 959 2667 Alii
987 2628 1188 2680 pannos
1209 2609 1278 2651 4
1313 2609 1573 2674 Vestibus,
1605 2622 1682 2665 ut.

272 2682 394 2738 574.
431 2681 625 2754 Ralm,
651 2683 849 2752 Torn.,
874 2682 1139 2743 Vestibus.
1162 2692 1217 2737 ut
1240 2683 1403 2754 turpis
1425 2682 1571 2754 pejor
1591 2684 1814 2754 scissura

208 2763 447 2822 patescat.
484 2752 678 2810 Codex
706 2755 892 2827 Fultl.,
928 2765 984 2810 ut
1012 2755 1161 2827 pejor
1184 2752 1368 2827 turpi—s7.
1403 2752 1583 2809 Codex
1627 2753 1811 2819 Cant.,

213 2833 262 2877 ut
299 2828 464 2899 ruptis
493 2830 671 2899 pejor.
706 2826 914 2881 Poelm.
946 2826 1019 2882 iu
1044 2836 1213 2899 textu,
1252 2826 1505 2899 Nudam,
1553 2834 1608 2879 ut
1633 2827 1816 2880 reteris

206 2899 346 2968 pejor
391 2897 631 2954 scissura
683 2910 955 2967 patescat,
1008 2897 1150 2968 quod
1201 2898 1425 2966 exponit
1475 2897 1810 2963 Reuscbius,

210 2983 335 3022 nova
366 2972 613 3024 scissura
642 2970 798 3038 pejor
826 2969 995 3025 reteri
1020 2970 1288 3037 scissura,
1324 2984 1420 3038 per
1455 2968 1817 3024 cottSlrUCIio-

1845 1618 1896 1680 Β
1920 1612 2266 1675 corripiatur.
2299 1618 2357 1665 ut
2385 1625 2557 1680 nuper
2584 1610 2815 1666 aiebam.

1992 1683 2119 1737 580.
2154 1683 2210 1738 In
2246 1682 2428 1753 Ottub.
2467 1682 2676 1753 videtur
2703 1682 2901 1738 factum
2928 1683 3132 1738 adoras
3153 1697 3253 1753 pro
3274 1683 3525 1739 adorans.

1991 1754 2119 1809 581.
2162 1756 2318 1809 Rom.
2372 1752 2441 1824 [Ι]
2477 1752 2573 1807 sibi
2604 1753 2917 1823 defunctam.
2972 1753 3124 1824 Bus.,
3158 1752 3240 1809 ’Et
3285 1754 3383 1809 sibi
3427 1754 3523 1809 de-

1926 1827 2183 1895 functum.
2220 1826 2361 1892 Lege
2388 1822 2456 1879 Et
2478 1825 2575 1897 sibi
2592 1822 2916 1897 defunctam.

1990 1897 2118 1951 582.
2154 1897 2430 1967 Κωιιὶεἰυε
2457 1896 2696 1966 conjicit,
2728 1896 3303 1968 Comploratlacrymis.

1992 1969 2117 2023 585.
2157 1972 2211 2025 In
2235 1970 2394 2025 Rom.
2428 1968 2583 2022 deest
2612 1968 2698 2022 ttic
2724 1984 2935 2024 versus.
2966 1966 3101 2038 Reg.
3126 1966 3386 2035 ,'0ttoh.,
3419 1969 3523 2025 De-

1919 2039 2113 2164 gmetis
2160 2044 2315 2097 etiam
2354 2039 2598 2112 poscebat
2640 2056 2855 2093 munera
2892 2038 3117 2105 Christi,
3165 2040 3308 2108 quod
3347 2040 3519 2097 edidit

1964 2113 2126 2164 oelm.
2155 2130 2253 2164 nrt)
2280 2116 2333 2164 d.
2365 2127 2411 2164 s.
2442 2110 2692 2164 Plerique
2716 2112 2869 2164 editi.
2908 2113 3177 2164 Defuncta
3208 2112 3314 2164 vita
3338 2129 3519 2164 nosce-

1964 2113 2126 2165 oelm.
2155 2130 2253 2184 pro
2280 2116 2333 2184 d_.
2355 2110 2411 2184 's.
2442 2110 2692 2184 Plerique
2716 2112 2869 2184 editi,
2908 2113 3177 2184 Defuncttz
3208 2112 3314 2164 vita
3338 2129 3522 2184 posce-

1917 2182 2004 2235 bat
2039 2182 2250 2256 munere
2285 2182 2501 2239 Christi.
2536 2182 2788 2252 Hadatu.,
2822 2182 3083 2255 Defuncto
3104 2182 3243 2249 vita,
3274 2182 3519 2256 poscebat

1918 2270 2132 2309 munera
2162 2255 2375 2310 Christi.

1989 2326 2116 2381 584.
2151 2328 2308 2382 Rom.
2343 2344 2373 2381 a
2406 2343 2485 2399 pr.
2512 2343 2620 2389 m.,
2650 2325 2776 2399 Ald.
2802 2368 2816 2391 ,
2850 2325 3318 2399 Daveutr.,Reg.,
3350 2327 3465 2383 Ott.
3494 2370 3511 2395 ,

1919 2395 2069 2465 Bas.,
2105 2400 2350 2455 Servatur
2374 2395 2532 2465 :alii,
2560 2398 2826 2453 Saluator.

1990 2470 2118 2525 585.
2154 2470 2280 2525 Mss.
2305 2480 2360 2525 et
2392 2470 2639 2540 plerique
2660 2469 2829 2533 editi,
2862 2466 3159 2540 Progressi.
3192 2468 3512 2537 Hadamar.,

1918 2542 2124 2597 Poelm.
2150 2583 2164 2606 ,
2199 2542 2254 2595 in
2278 2550 2456 2606 textu,
2487 2540 2799 2612 Progressos
2822 2558 2843 2610 ;
2872 2556 3034 2612 quam
3069 2541 3357 2612 lectionem
3384 2544 3522 2596 tole-

1919 2614 2029 2669 rari
2073 2628 2234 2681 posse
2280 2613 2354 2666 ait
2403 2610 2708 2667 Reuscliius
2752 2628 2764 2664 :
2807 2610 2903 2665 sed
2936 2611 3099 2663 aliam
3146 2611 3369 2681 praefert
3406 2612 3509 2668 hac

1918 2685 2133 2755 syntaxi
2168 2702 2181 2737 :
2215 2682 2485 2757 Progressi
2514 2682 2801 2757 Saluatoris
2833 2681 3049 2750 vestigia
3078 2699 3287 2757 seruans
3319 2684 3512 2757 mulier

1916 2753 2163 2825 sequitur,
2196 2766 2253 2810 ut
2282 2753 2641 2825 alistirbeatur
2685 2754 2823 2825 alter
2862 2754 3158 2825 accusandi
3182 2767 3379 2816 cat-us,
3416 2753 3511 2823 qui

1920 2824 2075 2884 facile
2106 2824 2351 2897 suppleri
2376 2837 2571 2895 potest.
2601 2824 2697 2879 Vel
2724 2824 2812 2897 die
2843 2824 3097 2879 eumdem
3124 2825 3511 2880 accusativum

1919 2900 2129 2968 uestigia
2156 2896 2266 2969 regi
2290 2913 2318 2952 a
2352 2898 2562 2952 duobus
2580 2896 2793 2969 verbis.

1996 2966 2121 3026 587.
2154 2966 2309 3040 Reg,
2344 2969 2501 3024 Rom.
2526 3011 2541 3034 ,
2578 2966 2765 3040 Fabr.,
2799 2966 3052 3040 Qarpebat
3073 2969 3247 3038 ﬂuxus
3274 2968 3514 3023 lacerans

207 3054 319 3123 nem
342 3018 727 3124 comparativi,
740 3018 1146 3124 cum'getiitivo.
1177 3018 1560 3124 Aldiprelm.
1589 3082 1604 3106 ,
1638 3056 1736 3124 pro
1758 3040 1814 3095 d.
1847 3018 1892 3082 Ο
1923 3018 2159 3124 εἱηῖῇηε
2185 3018 2405 3124 crinitis.
2440 3018 2590 3123 Ald.,
2624 3018 2772 3124 1325.:
2808 3018 3101 3124 Tofgueba't
3133 3042 3309 3124 ﬂuxu:
3336 3056 3518 3124 mace-

166 3150 171 3151 κ
209 3115 413 3182 script.,
446 3124 505 3168 ut
536 3112 709 3182 turpis
733 3116 883 3186 pej_us
895 3114 1120 3167 scissura
1148 3111 1572 3186 notetur.Teueo
1591 3111 1819 3186 scriptu-

206 3197 333 3255 ram.
367 3201 529 3253 quam
557 3198 624 3239 ex
652 3183 940 3255 πιδείξω-ς.
966 3193 1022 3240 et
1046 3186 1153 3237 Ott.
1176 3198 1318 3238 vers.
1337 3198 1496 3248 prusc.
1535 3183 1811 3238 indicavit.

271 3254 390 3311 575.
423 3255 561 3311 Mss.
609 3255 797 3317 Rom.,
829 3254 986 3326 Reg”
1017 3256 1161 3326 Ott.,
1194 3256 1298 3308 Aut
1327 3255 1527 3326 utribus
1567 3255 1814 3309 calidum.

209 3323 364 3391 Editi,
418 3326 648 3383 Utribus
686 3336 780 3381 aut
830 3323 1081 3382 calidum.
1117 3325 1376 3381 Fortasse
1423 3326 1473 3379 id
1508 3325 1710 3381 factum
1751 3328 1819 3382 ab

206 3396 525 3464 editoribus,
557 3400 687 3469 quia
714 3400 999 3468 putabant,
1041 3401 1274 3467 primam
1305 3397 1356 3451 iu
1391 3398 1593 3451 utribus
1624 3412 1817 3453 neces-

206 3470 346 3523 sario
376 3486 502 3526 esse
547 3473 769 3539 longam
801 3489 812 3524 :
846 3470 991 3541 quod
1027 3482 1208 3524 tamen
1238 3470 1594 3524 fundamento
1630 3481 1817 3534 caret,

206 3542 445 3609 quamvis
489 3545 549 3597 in
579 3543 983 3613 antiquioribus
1011 3542 1325 3611 exemplum
1373 3556 1482 3595 non
1524 3550 1823 3607 occurrat,

209 3626 270 3665 ex
300 3629 404 3678 quo
439 3615 675 3681 liqueat.
711 3613 913 3681 corripi
944 3627 1065 3668 eam
1093 3627 1276 3681 posse.

270 3682 393 3739 577.
448 3685 568 3741 Ott.
595 3725 612 3753 ,
641 3683 829 3749 Rom.,
873 3686 978 3740 Sed
1019 3684 1236 3738 rudibus
1278 3696 1471 3737 rectum
1505 3693 1577 3737 est
1622 3684 1820 3739 utribus

205 3759 499 3822 spumantia
549 3764 746 3811 musta.
803 3757 877 3810 Ita
932 3756 1063 3825 Reg.
1115 3756 1213 3809 sed
1258 3756 1376 3809 sine
1420 3764 1532 3821 est,
1590 3764 1647 3811 et
1695 3770 1818 3810 cum

206 3828 372 3892 glossa
393 3829 622 3883 rudibus
650 3857 722 3869 —
746 3828 911 3881 nouis.
947 3827 1113 3895 Editi,
1148 3825 1360 3882 Utribus
1391 3836 1466 3879 est
1492 3836 1686 3879 rectum
1725 3842 1819 3880 ru-

212 3896 350 3951 dibus
397 3900 712 3973 spumantia
751 3907 952 3968 musta,
991 3915 1060 3955 ue
1092 3897 1301 3954 scilicet
1329 3899 1501 3968 prima
1536 3899 1588 3952 in
1617 3897 1818 3952 utribus

1922 3109 2201 3168 rans'sine
2246 3114 2350 3183 [ine
2390 3113 2613 3183 cruoris.
2659 3109 2847 3174 Rom.,
2899 3112 3217 3183 “adamat,
3266 3110 3509 3180 Poelm.,

1925 3185 2178 3253 Carpebat
2201 3181 2376 3254 ﬂuxus
2406 3182 2640 3237 lacerans
2663 3184 2774 3236 sine
2793 3184 2897 3250 [ine
2926 3181 3146 3235 cruoris.
3179 3182 3237 3236 In
3263 3198 3469 3254 mocer_o
3491 3223 3510 3251 ,

1923 3274 1957 3310 a
1979 3251 2299 3326 producitur
2327 3274 2341 3311 :
2378 3257 2477 3310 Itac
2508 3255 2717 3326 ratione
2746 3255 3101 3326 rejeciettam
3128 3255 3315 3323 ltymn.
3340 3254 3373 3308 8
3402 3251 3510 3308 Ca-

1927 3323 2095 3384 lh'em.
2139 3327 2418 3383 Prudentii
2448 3342 2592 3381 vers.
2631 3324 2705 3379 ‘22
2736 3343 2748 3377 :
2785 3323 3046 3379 Sordidus
3076 3328 3221 3380 cultu
3251 3341 3516 3379 macerare

1925 3402 2168 3473 frontem,
2200 3411 2260 3454 ut
2288 3397 2819 3473 legitNebrissensis
2852 3412 2867 3448 :
2900 3412 2996 3473 pro
3017 3412 3125 3473 quo
3148 3398 3262 3473 alii,
3294 3398 3514 3473 melius,

1929 3468 2190 3528 Sordidus
2231 3473 2374 3525 cultu
2410 3470 2640 3524 lacerare
2671 3469 2916 3536 frontem.
2954 3468 3239 3539 Kuenigius
3268 3469 3514 3538 suspica-

1929 3554 2016 3598 tur
2049 3562 2060 3596 :
2092 3560 2313 3597 manans
2329 3542 2441 3596 sine
2460 3540 2583 3611 ﬁne.
2616 3540 2742 3594 Post
2766 3539 2910 3594 hunc
2937 3554 3157 3611 versum
3191 3541 3260 3611 in_
3274 3539 3510 3611 Poelm.,

1925 3614 2181 3677 Hadatn.,
2214 3614 2411 3677 Torn.,
2443 3609 2707 3667 inseritur
2730 3612 2901 3673 alius,
2928 3610 3140 3665 scilicet
3172 3629 3186 3666 :
3219 3609 3515 3682 Torquebat

1922 3686 2125 3741 solvens
2155 3685 2363 3740 morbus
2392 3685 2598 3753 pallore
2627 3683 2878 3737 virentem
2910 3698 2929 3736 :
2956 3683 3050 3736 sed
3086 3682 3255 3737 Torn.
3286 3692 3343 3736 et
3365 3724 3382 3747 ,
3414 3694 3514 3753 pro

1924 3757 1980 3813 d.
2025 3774 2072 3813 s.
2100 3798 2116 3823 ,
2165 3742 2547 3825 Poeltn.'legit
2580 3742 2971 3825 Torquebatque
2997 3755 3142 3826 graui
3186 3742 3428 3809 morbus.-
3446 3752 3510 3807 In

1924 3829 2198 3900 plerisque
2220 3826 2490 3900 deestbic
2524 3841 2740 3900 versus.

1993 3895 2123 3955 588.
2168 3900 2315 3969 Ald.,
2351 3898 2546 3965 Torn.,
2595 3897 2742 3961 Bas.,
2787 3898 2973 3965 Rom.,
3016 3895 3513 3967 fessa—Pectoris

1739 4055 1972 4114 NOTIE.

268 4203 390 4259 570.
413 4200 657 4257 Turbine
677 4198 840 4267 saecli,
873 4208 930 4253 ut
958 4207 1018 4253 ut
1044 4211 1189 4252 vers.
1219 4195 1328 4250 $25
1352 4197 1406 4249 lt.
1439 4196 1478 4251 Ι.

270 4275 391 4329 372.
426 4272 595 4329 Ferre
609 4272 848 4344 ,ἰείιιηὶιιΣ
858 4281 1103 4344 portare,
1137 4274 1405 4344 concipere
1419 4283 1514 4344 pro
1531 4266 1803 4344 jcjnttare.

272 4347 393 4401 575.
430 4338 727 4401 Μηιιιιῖειιε
772 4362 783 4397 :
820 4338 992 4398 Nemo
1017 4354 1194 4394 autem
1233 4338 1460 4393 immittit
1504 4338 1805 4393 commissu-

207 4418 485 4489 ramp'mni
517 4416 669 4469 rudis
694 4414 1121 4489 investimentmn
1159 4422 1334 4489 vetus:
1365 4412 1497 4489 tollit
1525 4413 1662 4489 enim
1678 4410 1803 4489 ple-

1916 4194 2083 4266 ﬁliam
2126 4194 2409 4266 principis
2438 4194 2798 4266 sacerdotum,
2860 4193 3134 4266 mulierem
3178 4208 3212 4247 a
3244 4193 3521 4266 proﬂuuio

1914 4263 2183 4341 sanguinis
2212 4263 2797 4341 sanatJesus_._Mattlt._
2819 4281 2871 4319 tx
2898 4306 2911 4327 .
2946 4263 3013 4341 1.8
3039 4278 3157 4333 seq.
3193 4280 3209 4330 ;
3243 4263 3409 4341 Marc.
3442 4280 3515 4333 ν,

1913 4338 1985 4392 22
2011 4334 2133 4407 seq.
2161 4354 2175 4401 ;
2211 4336 2341 4390 Luc.
2371 4351 2486 4399 vut,
2515 4335 2580 4390 41
2617 4352 2732 4406 seq.
2764 4337 2843 4392 De
2872 4334 3041 4389 verbo
3065 4345 3226 4390 tracto
3242 4337 3517 4407 :styloec-

1912 4410 2221 4465 clesiastico
2267 4422 2363 4478 pro
2411 4409 2609 4462 dissero
2640 4408 2766 4464 vide
2794 4418 3093 4463 comment.
3136 4408 3204 4462 ad
3239 4406 3505 4465 Pr’udent.

208 4479 495 4543 nitudimm
513 4488 631 4557 eius
659 4502 689 4537 a
713 4487 1027 4559 vestimento,
1064 4492 1112 4537 et
1142 4485 1292 4559 pejor
1313 4484 1539 4559 scissura
1567 4481 1803 4559 [itLHzec
1830 4500 1882 4559 D
1912 4480 2099 4559 hyrnn.
2134 4479 2421 4559 lgPerist.
2454 4496 2599 4559 vers.
2635 4480 2761 4559 illi.

209 4566 479 4615 sententia
521 4552 724 4612 melius
769 4557 1000 4611 fortasse
1047 4552 1449 4624 exprimeretur
1478 4555 1555 4606 sic
1586 4571 1597 4605 :
1632 4552 1803 4624 Quam

210 4634 427 4688 stultum
460 4641 548 4687 est
577 4628 747 4683 rudes
772 4643 980 4697 pannos
1011 4623 1291 4682 veteribus
1320 4625 1642 4697 subtexere?
1674 4623 1812 4677 Pan-

210 4718 304 4757 nus
350 4718 531 4759 novus
570 4696 792 4755 assutus
840 4715 1019 4768 panno
1061 4698 1233 4751 veteri
1263 4712 1383 4751 eam
1416 4696 1585 4768 panni
1612 4697 1813 4768 veteris

211 4788 410 4842 partem
445 4775 674 4829 auferre
706 4764 879 4834 solet,
926 4773 1011 4825 cui
1057 4786 1153 4838 per
1184 4764 1431 4821 suturam
1459 4766 1724 4842 adhaeret.
1754 4764 1813 4820 Id

211 4839 381 4903 autem
413 4845 644 4908 accidit,
677 4845 791 4897 sive
821 4859 886 4898 ex
918 4842 1121 4912 duplici
1147 4854 1325 4911 panno
1356 4839 1551 4912 veteri,
1586 4848 1639 4893 et
1673 4851 1814 4891 novo

211 4921 370 4974 vestis
418 4920 538 4983 ﬁat,
588 4917 709 4971 sive
756 4930 937 4983 panno
981 4910 1150 4968 vestis
1197 4912 1309 4980 jam
1357 4910 1495 4965 trita:
1535 4923 1728 4983 novus,
1761 4918 1818 4963 et

214 4991 356 5046 rudis
412 4979 636 5059 pannus
684 4979 960 5041 assuatur.
1014 4979 1294 5040 Juvenctts
1338 4983 1515 5059 igitur_
1551 4979 1816 5035 subtexere

215 5054 436 5134 usurpat
481 5077 581 5134 pro
613 5068 885 5112 contexere
933 5073 950 5109 :
1008 5064 1344 5134 et__utroque
1392 5054 1553 5109 modo
1603 5062 1815 5134 rectum

214 5142 312 5199 est,
336 5124 452 5190 sive
476 5124 643 5188 rudes
680 5144 886 5196 pannos
916 5127 1195 5184 veteribus
1223 5134 1540 5191 contexere,
1586 5124 1698 5180 sive
1724 5138 1821 5178 ve-

217 5214 351 5261 teres
380 5219 597 5278 panuos
648 5202 822 5254 novis.
856 5200 1161 5278 Reuscltius
1190 5199 1463 5278 existimat
1488 5237 1504 5262 ,
1549 5204 1816 5278 nontam

216 5267 402 5332 scituu't
433 5277 611 5332 fuisse
642 5282 886 5326 veterum
914 5273 1105 5327 suendi
1134 5270 1378 5333 modum,
1409 5283 1569 5337 quam
1601 5267 1817 5335 quidem

218 5352 350 5416 apud
374 5364 476 5404 nos
507 5353 629 5407 est.
662 5345 755 5397 sed
786 5345 1026 5397 crassius
1058 5341 1227 5396 fuisse
1273 5341 1331 5416 τὸ
1375 5340 1647 5416 πλήρωμα,
1674 5338 1821 5416 quod

223 5408 568 5477 inserendum
598 5424 721 5470 erat
748 5418 1079 5469 vestimento
1114 5414 1317 5476 veteri,
1345 5408 1486 5464 adeo
1512 5408 1567 5464 ut
1596 5408 1821 5481 proinde

223 5497 519 5548 exstantitts
558 5495 733 5563 esset,
766 5495 822 5541 et
850 5497 1058 5541 Vestem
1096 5484 1256 5563 citius
1284 5482 1578 5563 detereret.
1607 5561 1613 5563 _
1683 5552 1693 5563 .

289 5566 415 5623 575.
451 5564 562 5621 Pro
587 5557 824 5612 calidum
843 5569 1073 5612 mustum
1094 5558 1147 5610 in
1176 5569 1335 5610 sacro
1360 5562 1507 5609 textu
1537 5561 1621 5608 est
1646 5557 1822 5606 uinum

223 5651 423 5763 "031%..
450 5701 777 5776 Disperdere
807 5716 906 5773 pro
936 5699 1169 5772 disperdi
1196 5712 1291 5769 per
1318 5696 1626 5772 enallagen,
1660 5702 1716 5751 ut
1748 5693 1827 5749 ait

227 5776 547 5837 Reuschius.

292 5853 410 5910 579.
445 5844 687 5908 CAPUT
715 5843 855 5901 XVI.
890 5843 1038 5900 Inter
1077 5840 1305 5897 eundum
1352 5840 1422 5894 ad
1465 5838 1821 5895 suscitamlam

1988 4553 2114 4608 580.
2150 4550 2231 4607 Ab
2265 4551 2622 4619 Evangelistis
2652 4551 2855 4607 dicitur
2879 4552 3370 4625 archisynagogus,
3400 4552 3520 4610 sive

1916 4625 2177 4694 princeps
2216 4638 2529 4694 synagogw,
2562 4625 2653 4691 qui
2684 4625 2897 4679 scilicet
2926 4637 3088 4692 caput
3120 4637 3238 4680 erat
3279 4639 3517 4696 synago-

1916 4712 2035 4821 gtel,
2078 4699 2235 4764 cujus
2259 4697 2417 4766 juSsu
2454 4710 2542 4750 res
2571 4697 2629 4751 iu
2657 4709 2935 4767 synagoga
2971 4696 3091 4752 ﬁeri
3113 4696 3292 4752 solitae
3322 4696 3520 4753 decer-

1918 4784 1986 4821 ne
2010 4781 2207 4821 lﬂllllll‘.

1918 4781 2207 4822 nellﬂllllll'.

1994 4838 2123 4895 582.
2148 4837 2404 4911 Imploral
2435 4838 2726 4910 lacrgmans
2753 4845 2841 4894 est
2869 4836 3227 4907 pleonasmus
3258 4857 3270 4892 :
3303 4853 3427 4894 nam
3462 4839 3519 4894 in

1920 4911 2166 4982 implorat
2210 4910 2321 4981 jam
2367 4911 2633 4982 Alacryune
2676 4910 3075 4980 intelliguntur.
3103 4911 3348 4966 Notauda
3384 4926 3517 4967 vero
3564 4954 3571 4963 .

1921 4980 2029 5037 hoc
2063 4986 2184 5037 loco
2210 4980 2535 5052 Signiﬁcatip
2566 4999 2674 5036 non
2700 4983 2860 5035 obvia
2894 4982 3051 5037 verbi
3071 4984 3298 5052 imploro
3330 5000 3342 5036 :
3373 4982 3521 5037 idem

1922 5065 2007 5108 est
2037 5054 2182 5107 enim
2208 5055 2457 5122 implorat
2483 5063 2680 5115 natam.
2721 5068 2786 5108 ac
2822 5055 3094 5117 nominat,
3124 5055 3366 5123 appellat
3388 5068 3514 5108 cum

1924 5127 2179 5194 Iacrytuis
2234 5135 2443 5191 natam,
2503 5136 2559 5179 et
2609 5126 2974 5196 nomenﬂejus
3018 5129 3237 5196 rt-petit.
3291 5126 3518 5192 Cit-ero,

1924 5196 2084 5252 Verr.
2116 5212 2210 5261 vn,
2233 5200 2303 5251 al.
2334 5197 2460 5251 ltbr.
2479 5213 2506 5248 v
2528 5212 2650 5268 cap.
2673 5195 2744 5252 49
2769 5213 2783 5251 :
2809 5195 2897 5249 Me
2922 5214 3067 5268 suam
3086 5195 3307 5251 salutem
3333 5195 3521 5267 appel-

1927 5269 2065 5334 lans,
2093 5277 2139 5321 te
2160 5285 2313 5323 suum
2346 5267 2646 5338 carniﬁcem
2670 5269 2963 5334 nominans,
2993 5267 3096 5335 lilii
3120 5283 3309 5322 nomen
3331 5269 3523 5338 implo-

1926 5355 2071 5392 rans.
2105 5340 2410 5410 lieuscltius
2435 5342 2695 5406 extiticat,
2726 5338 2983 5407 Implorat
3003 5338 3412 5410 lacrymans,|t.
3442 5352 3519 5410 εξ.ξ

1930 5409 2191 5481 lacryntis
2222 5422 2275 5466 et
2305 5413 2556 5478 SUSDll‘llS
2588 5415 2876 5465 conttrntat
2909 5425 3097 5464 verum
3116 5408 3259 5481 esse
3290 5408 3342 5481 id
3374 5408 3523 5475 quod

1927 5482 1995 5537 de
2028 5476 2209 5536 morte
2240 5482 2367 5537 ﬁlia:
2400 5476 2566 5537 dicat.
2608 5481 2861 5537 Sedulius
2898 5481 3198 5535 Juvencum
3237 5476 3482 5531 imitatur
3503 5518 3522 5543 ,

1928 5552 1966 5607 l.
1996 5568 2076 5615 lli,
2104 5570 2250 5608 vers.
2274 5554 2402 5617 ‘298,
2426 5551 2782 5624 Imploratquc
2792 5566 2997 5621 gemens
3019 5564 3221 5621 :_quent
3248 5547 3316 5600 ad
3335 5547 3519 5603 locum

1925 5624 2190 5679 videndus
2217 5624 2603 5693 Wopkenstus.

1999 5697 2127 5769 585.
2164 5694 2393 5769 Yestigia
2411 5712 2618 5751 servans
2646 5737 2660 5769 ,
2692 5695 3008 5769 observans.

2001 5766 2125 5839 587.
2154 5767 2284 5822 Sine
2309 5757 2446 5838 line:
2473 5767 2701 5839 phrasis
2720 5759 3115 5821 ecclesiasticis
3139 5757 3514 5839 scriptoribus

1931 5837 2238 5893 familiaris.
2276 5828 2409 5894 Vide
2443 5828 2555 5891 not.
2584 5837 2648 5891 ad
2676 5837 2931 5891 Dracout.
2966 5844 3109 5885 vers.
3141 5829 3207 5883 21
3238 5828 3364 5883 libr.
3392 5844 3433 5885 t.
