4058 6322
530 287 634 344 185

1741 496 2010 568 [mentem
2037 537 2051 562 ,

678 590 746 646 Ut
772 590 928 646 vobis
957 590 1175 661 subigat
1203 589 1435 646 virtutes
1463 589 1728 646 daemonis
1754 590 1858 645 atri

530 683 638 740 440
677 683 880 738 Sancta
906 682 1062 753 ﬁdes,
1087 698 1389 755 curamque
1411 685 1554 755 piam
1579 683 1932 755 languoribus
1953 692 2124 755 aptet.

677 779 770 834 Hae
802 779 950 835 vires
983 780 1132 834 nulla
1159 781 1316 835 vobis
1338 779 1595 836 mercede
1625 779 1920 835 dabuntur.

679 873 742 927 Et
771 888 866 926 vos
899 872 1039 926 haud
1065 872 1230 928 aliter
1258 874 1427 943 gratis
1459 873 1756 943 impendite
1781 873 1944 927 dona.

673 965 789 1020 Non
820 965 938 1019 auri
963 1006 977 1029 ,
1011 965 1294 1035 argentive
1323 964 1508 1020 domet
1539 965 1815 1035 possessio
1844 975 2088 1019 mentem
2111 1008 2125 1031 ,

679 1059 793 1116 Nec
826 1075 923 1115 vos
963 1075 1309 1115 nummorum
1349 1061 1568 1130 subigat
1604 1061 1870 1116 scelerata
1894 1059 2128 1130 cupido:

531 1153 638 1210 445
677 1154 788 1210 Nec
815 1155 1060 1225 geminas
1086 1164 1292 1221 vestes,
1328 1169 1428 1211 nec
1452 1155 1652 1226 plantis
1687 1155 1921 1225 tegmina
1956 1154 2081 1209 bina

679 1247 907 1301 Virtutis
933 1247 1094 1301 nuda:
1122 1247 1304 1317 cupiat
1325 1262 1546 1304 servare
1578 1248 1846 1302 minister.

679 1340 912 1412 lngressi
945 1355 1130 1395 muros
1159 1341 1330 1408 urbis,
1365 1343 1664 1413 perquirite
1686 1357 1922 1412 semper,

678 1433 924 1504 Hospitio
953 1449 1186 1502 quorum
1218 1449 1314 1504 par
1343 1435 1415 1489 sit
1443 1435 1741 1491 succedere
1767 1436 1951 1506 justis.

580 1529 581 1532 “
677 1526 1020 1598 lngressique
1045 1526 1243 1582 dehinc
1275 1543 1464 1598 pacem
1493 1528 1594 1584 sub
1623 1537 1762 1583 tecta
1791 1538 1982 1583 vocate
2008 1547 2021 1583 :

535 1618 639 1676 450
678 1619 735 1674 Si
763 1619 1053 1690 tranquilla
1083 1619 1277 1675 domus
1298 1620 1484 1690 fuerit,
1514 1637 1618 1693 pax
1652 1621 1744 1676 illa
1775 1623 2039 1676 manebit.

677 1712 840 1787 204
862 1715 956 1770 Sin
980 1719 1080 1774 erit
1105 1715 1337 1786 indignis
1358 1716 1696 1771 habitantum
1729 1717 1974 1772 moribus
1999 1717 2127 1772 hor-

1869 1809 1888 1882 [
1912 1825 2062 1876 rens,

1790 283 1852 338 C.
1899 282 1959 336 V.
2006 280 2232 349 AQL’IL.
2274 282 2565 340 JUVENCI
3709 289 3802 347 184

668 407 830 479 203
884 406 1184 478 Pergentes
1244 419 1375 459 vero
1440 403 1674 458 similem
1735 402 1873 458 mihi
1925 402 2205 467 sumiteA

2377 402 2668 474 Diﬂ‘ugiet,
2729 412 3076 476 vestrumque
3118 403 3327 460 abitum
3374 419 3477 475 pax
3511 415 3687 461 vestra
3721 421 3802 462 se-

3492 496 3510 573 Ι
3533 507 3738 569 quetur.

2378 589 2642 646 Excludet
2672 592 3003 663 quicumque
3030 590 3180 647 ferus
3210 606 3307 648 vos
3335 592 3521 646 limine
3547 593 3696 659 tecti,

2378 685 2623 740 Auribus
2647 697 2738 740 aut
2762 686 2916 742 duris
2940 697 3166 757 spernet
3195 688 3379 742 vitalia
3408 687 3573 743 verba
3598 706 3612 742 :

2234 779 2339 836 455
2381 779 2637 836 Excutite
2669 781 2874 852 egressi
2903 781 3162 837 domibus
3186 783 3412 854 vestigia
3445 792 3643 850 vestra,

2378 874 2596 929 llzereat
2617 875 2818 946 injuste
2850 889 2918 930 ne
2949 875 3106 931 vobis
3137 875 3317 946 portio
3349 877 3499 933 vitze.

2378 967 2506 1023 Illos
2537 968 2780 1023 deterior
2805 967 3171 1024 Sodomorum
3203 984 3358 1040 ptena
3392 968 3632 1025 manebit

2375 1060 2702 1131 Suppliciis,
2755 1062 2939 1116 veniet
2976 1062 3179 1118 mundo
3221 1079 3342 1118 cum
3373 1065 3636 1118 terminus
3656 1063 3812 1120 omni.

2379 1154 2618 1225 Pergitis
2645 1170 2736 1220 cn,
2775 1164 2832 1209 ut
2861 1170 3010 1222 oves,
3030 1171 3301 1210 saavorum
3329 1155 3513 1226 praeda
3537 1156 3811 1228 luporum:

2235 1245 2341 1302 460
2381 1247 2487 1302 Sed
2512 1263 2608 1300 vos
2637 1256 2828 1318 arguto
2855 1257 3170 1318 serpentum
3198 1249 3367 1304 corde
3391 1249 3602 1320 vigete,

2381 1341 2542 1414 205
2574 1339 2929 1412 Simplicitate
2977 1350 3158 1396 tamen
3211 1341 3400 1398 dulces
3441 1349 3694 1410 superate
3734 1356 3820 1397 co-

3504 1432 3750 1506 [lumbas.

2380 1525 2511 1580 Nam
2543 1539 2687 1595 saepe
2719 1525 3000 1581 incumbet
3027 1524 3182 1580 vobis
3232 1524 3432 1595 injuria
3460 1540 3718 1596 prmccps,

2380 1617 3040 1688 Conciliisquehominum
3059 1627 3619 1688 statuenturcorpora
3631 1624 3823 1673 vestra.

2380 1713 2492 1768 Vos
2520 1712 2718 1784 ﬂagris,
2747 1713 3047 1783 vinclisque
3099 1712 3228 1768 leris
3247 1755 3262 1779 ,
3295 1711 3555 1784 durisque
3581 1713 3814 1785 tyrannis

2245 1806 2356 1864 465
2396 1806 2678 1862 Frendens
2712 1805 2928 1878 urgebit
2957 1821 3056 1878 pro
3080 1821 3167 1863 me
3192 1807 3442 1863 violentia
3470 1807 3639 1864 saecli.

1764 1944 2052 2002 LECTION
2062 1946 2142 2003 ES
2181 1944 2604 2001 VARIANTES.

531 2068 666 2118 satis
698 2065 1042 2134 exprimitur.
1078 2064 1268 2119 Posset
1293 2078 1362 2120 ex
1389 2062 1705 2131 conjectura
1755 2065 1968 2118 restitui
2017 2081 2138 2119 cus-
2169 2070 2217 2129 B
2251 2062 2673 2132 -—llospitiique
2711 2061 2853 2131 focos
2884 2061 3096 2115 miscere
3125 2069 3339 2134 gravata
3366 2057 3830 2134 vetabit._Ahsunt

534 2136 678 2188 todia
706 2138 878 2205 lapsat
904 2154 916 2190 :
941 2136 1036 2192 sed
1068 2135 1172 2190 hoc
1194 2136 1421 2190 verbum
1450 2135 1628 2206 minus
1649 2134 1936 2205 signiﬁcat.
1976 2152 2136 2207 quam

533 2207 694 2260 labat.
726 2207 875 2262 Libr.
907 2224 981 2273 tv,
1012 2223 1157 2262 vers.
1184 2207 1314 2271 501,
1348 2221 1479 2262 mss.
1515 2209 1687 2261 nostri
1721 2223 1874 2277 atque
1897 2211 2140 2262 rel’crunt

534 2279 625 2332 sed
651 2295 838 2349 corpus
869 2279 1035 2334 debile
1057 2279 1215 2344 labat,
1243 2294 1338 2348 pro
1367 2294 1475 2348 quo
1500 2279 1746 2334 nonnulli
1771 2279 1901 2334 editi
1932 2278 2139 2335 habent

534 2353 729 2419 lapsat.
761 2350 962 2406 Confer
988 2353 1154 2406 etiam
1184 2366 1330 2406 vers.
1360 2351 1466 2405 373
1499 2351 1533 2404 Ι.
1570 2366 1650 2405 ιιι.

606 2419 732 2478 459.
772 2423 1005 2488 Poelm.,
1034 2437 1132 2493 pro
1179 2422 1234 2478 d.
1267 2437 1313 2477 s.
1341 2464 1355 2488 ,
1395 2424 1669 2477 virtutem:
1712 2422 1764 2477 in
1807 2431 1978 2491 textu,
2013 2437 2135 2478 eum

535 2492 675 2557 aliis,
704 2497 938 2549 virtutes.

608 2566 734 2620 441.
767 2566 960 2632 Torn.,
994 2568 1172 2622 vocis:
1201 2566 1320 2635 lege
1341 2567 1505 2621 vobis.

605 2635 732 2712 442.
769 2639 906 2712 Ott.,
933 2643 1134 2712 gravita
1169 2639 1399 2712 pendite,
1430 2646 1741 2712 correctum
1785 2654 1884 2712 per
1908 2641 2138 2711 gratuita

537 2709 762 2777 pendite.
801 2709 958 2782 Regf,
985 2712 1215 2782 gratuita
1239 2709 1562 2776 itnpendite;
1590 2709 1685 2782 sed
1719 2709 1818 2779 pro
1848 2709 2020 2767 tribus
2043 2727 2139 2767 ex-

536 2784 727 2837 tremis
778 2781 1001 2837 lttte’ris’
1037 2784 1090 2837 in
1141 2783 1424 2850 impenditc
1472 2781 1617 2837 aliud
1675 2782 1846 2837 fuisse
1900 2783 2136 2840 videtur.

535 2851 694 2906 Rom.
723 2897 738 2919 ,
770 2855 930 2926 gratis
968 2854 1273 2926 impendite.
1326 2855 1473 2926 Editi
1515 2869 1707 2908 omnes
1739 2894 1752 2916 ,
1806 2869 1941 2923 quos
1980 2855 2136 2922 vidi,

534 2925 731 2978 cunctis
760 2923 1062 2994 i'mpendite.
1111 2923 1540 2989 Praeferendum,
1573 2927 1772 2994 opinor
1796 2942 1916 2980 cum
1947 2927 2132 2994 Rom.,

533 2995 699 3078 gratis
727 2997 1050 3121 ‘i‘mpendite,
1086 3011 1152 3051 ex
1185 2996 1374 3052 Matth.
1412 3013 1466 3062 κ,
1497 2998 1560 3052 8;
1619 2995 1802 3053 Gratis
1838 2999 2133 3070 accepistis,

535 3077 697 3121 aratis
763 3081 866 3121 ate.

570 3077 697 3120 ratis
727 3077 866 3122 date.

534 3083 697 3136 graus
727 3083 866 3122 ante.

603 3137 728 3193 445.
766 3140 913 3202 Ald.,
972 3138 1095 3212 an
1126 3140 1380 3212 geminas.
1409 3140 1534 3196 Ald.
1559 3182 1574 3205 ,
1625 3141 1834 3195 Poelm.
1866 3155 1970 3212 pro
2000 3143 2056 3196 tl.
2089 3157 2138 3198 s.

533 3223 654 3264 cum
686 3227 816 3265 mss.
848 3212 986 3274 0tt.,
1014 3211 1178 3265 Rom.
1198 3252 1212 3275 ,
1247 3213 1470 3281 tegmina
1505 3213 1709 3267 bina--
1737 3211 1954 3267 Virtutis
1984 3214 2139 3268 nuda:

531 3283 706 3349 cupiat
728 3300 931 3338 servare
952 3284 1213 3338 minister.
1245 3284 1334 3339 Sic
1362 3283 1524 3351 Reg,
1547 3284 1641 3338 svd
1662 3293 1870 3346 portare
1900 3300 2000 3352 pro
2030 3303 2139 3339 ser-

533 3369 671 3429 vare.
729 3355 953 3429 lladam.
977 3397 992 3419 ,
1025 3355 1226 3429 aliique
1251 3355 1379 3429 editi
1413 3357 1642 3429 tegmina
1670 3356 1811 3419 bina,
1839 3385 1906 3395 -
1939 3355 2136 3411 Virtuti

534 3423 692 3477 nuda:
720 3427 898 3492 cupiat
929 3427 1118 3480 servire
1140 3423 1402 3482 minister.

604 3493 732 3550 452.
767 3497 926 3552 Rom.
952 3541 965 3561 ,
1008 3500 1119 3551 Ott.
1145 3541 1158 3562 ,
1198 3497 1331 3569 ltcg.
1363 3499 1610 3554 scribunt
1665 3499 1898 3554 habitum
1924 3539 1937 3561 ,
1979 3509 2033 3553 et
2076 3499 2130 3554 in
2164 3493 2211 3524 “

541 3567 673 3640 Reg.
719 3569 898 3640 glossa
944 3572 1241 3640 apponitur
1286 3567 1598 3626 sanctitatis.
1666 3571 1744 3626 Ex
1775 3570 1936 3626 editis
1967 3571 2131 3625 etiam

533 3639 692 3712 Ald”
722 3639 979 3696 Daventr.
1002 3682 1015 3705 ,
1055 3641 1237 3696 Vesth.
1275 3643 1328 3695 in
1359 3653 1510 3698 textu
1541 3641 1838 3712 praeferunt
1871 3641 2128 3698 habitum.

534 3708 798 3778 lladam.,
845 3712 1088 3779 Poelm.,
1140 3725 1194 3769 et
1239 3714 1360 3779 alii,
1407 3708 1628 3768 abitum.
1692 3714 1820 3768 llmc
1861 3713 2130 3781 scriptura

534 3783 702 3855 proba
719 3794 829 3855 est,
860 3794 911 3838 et
929 3785 1210 3855 Evangelii
1244 3787 1427 3840 verbis
1457 3800 1788 3839 consonans.
1822 3783 2016 3837 Matth.
2071 3801 2131 3849 χ,

537 3854 604 3906 15
631 3872 644 3908 :
705 3854 771 3909 Et
800 3857 1056 3928 siquidem
1085 3854 1242 3926 fuerit
1273 3858 1458 3910 domus
1487 3857 1582 3910 illa
1612 3858 1808 3928 digna,
1835 3856 1995 3908 veniet
2026 3873 2132 3926 pax

535 3936 698 3980 vestra
725 3926 878 3999 super
899 3944 1012 3982 eam
1037 3945 1054 3981 :
1097 3929 1142 3981 si
1172 3938 1342 3980 autem
1371 3944 1476 3981 non
1504 3926 1882 3999 [uerit’digna,
1913 3943 2019 3994 pax
2048 3944 2133 3980 ve-

532 4007 641 4052 stra
689 3997 969 4054 revertetur
999 4000 1068 4052 ad
1108 4016 1214 4052 vos.
1263 3999 1418 4068 Apud
1462 3997 1822 4053 Hilarium—in
1866 3997 2009 4052 hunc
2053 3999 2132 4052 Io-

533 4083 658 4123 cum
687 4088 699 4124 :
755 4069 884 4136 Quae
913 4073 959 4124 si
989 4071 1148 4139 digna
1181 4080 1275 4133 est,
1315 4079 1360 4122 et
1387 4073 1530 4138 pacis
1555 4074 1916 4124 communione
1957 4071 2024 4124 sit
2052 4072 2132 4124 di-

532 4157 633 4210 gna
659 4156 675 4194 :
703 4143 747 4195 si
771 4142 1016 4213 indigna,
1051 4157 1156 4212 pax
1178 4142 1394 4213 invicem
1427 4151 1734 4196 revertatur.

603 4213 728 4268 455.
766 4212 939 4282 Reg.,
977 4213 1134 4268 Rom.
1155 4254 1170 4278 ,
1201 4212 1311 4268 Ott.
1333 4256 1347 4278 ,
1383 4214 1592 4270 Poelm.
1622 4229 1721 4284 pro
1747 4212 1803 4267 d.
1836 4227 1908 4276 s.,
1941 4213 2082 4282 ferus
2109 4231 2128 4279 ,-

533 4282 866 4406 aliiiferox.
915 4285 1106 4350 R0m.,
1140 4285 1207 4340 de
1235 4285 1447 4340 limine:
1474 4282 1693 4351 melius,
1722 4299 1846 4340 cum
1880 4285 2128 4355 reliquis,

534 4369 620 4406 vos
665 4371 840 4406 tmme.

534 4369 620 4407 vos
644 4369 840 4408 ttmme.

607 4425 734 4498 {54.
769 4425 899 4498 Reg.
923 4469 936 4487 .
977 4427 1089 4482 Ott.
1117 4468 1130 4491 ,
1161 4427 1324 4482 Rom.
1347 4469 1360 4492 ,
1389 4427 1510 4482 Ald.
1534 4469 1548 4493 ,
1583 4429 1839 4484 Daventr.
1863 4470 1878 4495 ,
1900 4439 2130 4498 spernet.

536 4495 761 4570 Radam.
783 4537 797 4558 ,
830 4497 1035 4552 Poelm.
1068 4499 1121 4551 in
1151 4507 1322 4561 textu,
1356 4509 1410 4554 et
1440 4499 1691 4553 nonnulli
1720 4501 1832 4562 alii,
1877 4495 2125 4570 penetret.

535 4567 663 4621 Post
695 4565 840 4622 hunc
879 4583 1100 4623 versum
1133 4571 1184 4623 in
1225 4569 1390 4624 editis
1433 4571 1731 4636 Daventr.,
1776 4565 2022 4637 Poelm.,
2072 4583 2129 4628 et

533 4638 657 4710 aliis
687 4638 1007 4710 inseruntur
1046 4640 1155 4694 duo
1184 4641 1272 4694 alii
1311 4655 1502 4696 versus
1531 4641 1778 4710 ejusdem
1810 4645 2121 4709 sententize,

535 4709 823 4776 videlicet,
867 4709 989 4766 Sive
1021 4727 1200 4767 aversa
1242 4711 1343 4767 Dei
1387 4713 1614 4782 famulos
1653 4714 1925 4769 succedere
1954 4718 2120 4781 tectis,

2244 2137 2313 2190 ab
2338 2135 2517 2201 Aldo,
2551 2131 2606 2188 et
2650 2149 2677 2187 a
2711 2133 2915 2187 nostris
2956 2147 3086 2187 mss.
3128 2131 3330 2195 Rom,
3369 2131 3540 2202 Reg.,
3577 2131 3684 2187 Ott.
3709 2171 3724 2192 ,
3774 2142 3829 2186 et

2243 2207 2314 2262 ah
2338 2207 2460 2260 aliis
2485 2204 2951 2275 praestantissimis
2982 2203 3264 2259 codicibus
3301 2219 3435 2258 mss.
3463 2219 3530 2258 ex
3564 2203 3666 2258 lide
3690 2203 3830 2257 Rett-

2242 2279 2381 2335 schii
2418 2295 2430 2332 :
2486 2282 2668 2346 itaque
2714 2291 2810 2331 eos
2837 2277 2956 2330 loco
2999 2276 3102 2330 hoc
3130 2276 3415 2344 expellere
3453 2285 3698 2346 oportet,
3749 2285 3830 2328 ut-

2243 2360 2370 2422 pote
2421 2348 3029 2422 spurios,7pr:csertim_
3061 2363 3184 2402 cum
3235 2347 3516 2422 Evangelii
3562 2346 3829 2422 sententia

2242 2418 2366 2478 sine
2398 2418 2478 2476 eis
2507 2418 2726 2491 egregie
2775 2421 2847 2474 sit
2890 2420 3159 2490 explicata
3209 2433 3238 2473 a
3263 2419 3528 2474 .Iuvenco.
3561 2418 3744 2491 Matth.
3772 2433 3824 2482 χ,
3851 2458 3854 2462 ί

2245 2493 2313 2548 14
2347 2511 2360 2548 :
2389 2493 2453 2546 Et
2481 2488 2786 2562 quicumque
2825 2507 2927 2544 non
2952 2488 3203 2558 receperit
3233 2507 3354 2556 vos,
3407 2505 3568 2560 neque
3613 2488 3828 2544 audierit

2243 2581 2506 2620 sermones
2529 2573 2757 2618 vestros:
2785 2573 3028 2618 exeuntes
3055 2567 3193 2632 foras
3223 2563 3286 2615 de
3309 2564 3484 2628 domo,
3509 2563 3591 2615 vel
3611 2562 3828 2626 civitate,

2243 2639 2462 2691 cxcutite
2518 2637 2786 2707 pulverem
2815 2635 2881 2707 de
2920 2633 3136 2707 pedibus
3165 2635 3349 2688 vestris
3376 2650 3394 2698 ;
3435 2644 3491 2688 et
3519 2632 3684 2707 simili
3711 2648 3831 2688 mo-

2244 2711 2315 2762 tlo
2361 2704 2527 2762 Marc.
2553 2723 2627 2771 vr,
2678 2707 2736 2759 il
2772 2724 2785 2760 :
2839 2704 2904 2758 Et
2937 2705 3245 2777 quicumque
3277 2722 3377 2760 non
3420 2706 3698 2777 receperint
3727 2721 3832 2770 vos,

2243 2797 2406 2851 neque
2435 2780 2696 2833 audierint
2718 2793 2827 2851 vos,
2871 2775 3112 2851 exeuntes
3142 2779 3280 2851 inde,
3306 2775 3541 2831 exctttite’
3574 2775 3831 2851 pulverem

2242 2848 2556 2922 de’pedibus
2594 2849 2812 2914 vestris,
2851 2859 2959 2904 etc.
3028 2848 3084 2902 lu
3115 2850 3285 2922 priori
3329 2863 3489 2904 versu
3514 2863 3558 2922 _e
3600 2848 3831 2913 duobus,

2300 2919 2379 2978 tos
2426 2923 2650 2992 ιιι-ιίιςίυ,
2709 2921 2914 2992 Poelm.
2979 2930 3137 2975 notat
3187 2920 3462 2976 diversam
3513 2919 3832 2987 lectionem,

2300 2939 2379 2978 IOS
2426 2940 2650 2992 rvpem,
2709 2939 2914 2976 roetm.
2979 2939 3092 2975 nou

2241 2939 2365 3051 give
2386 2997 2598 3048 adversa
2622 3008 2722 3064 pro
2754 2991 2874 3048 Sive
2895 3009 3092 3048 aversa.

2313 3068 2438 3124 455.
2471 3063 2682 3121 Poelm.
2735 3079 2831 3134 pro
2869 3065 2924 3119 d.
2967 3081 3013 3120 s.
3041 3105 3058 3131 ,
3105 3079 3355 3137 egressu;
3414 3063 3464 3118 in
3512 3071 3666 3119 textu
3710 3078 3833 3119 cum

2242 3138 2492 3208 reliquis,
2523 3137 2735 3208 egressi.

2311 3207 2441 3266 456.
2473 3207 2584 3268 Ott.
2609 3253 2623 3276 ,
2655 3209 2792 3262 vobis
2814 3224 2898 3262 ne.
2956 3207 3089 3278 Reg.
3117 3251 3131 3272 ,
3181 3207 3340 3262 Rom.
3387 3223 3510 3264 cum
3541 3207 3726 3276 editis,
3777 3224 3840 3264 ne

2239 3283 2397 3337 vobis.

2310 3354 2438 3410 457.
2473 3353 2629 3423 Apud
2671 3351 2980 3423 Kmnigium
3043 3351 3135 3405 alii
3182 3349 3345 3420 Illos,
3383 3351 3474 3407 alii
3503 3350 3644 3407 Illis.
3677 3350 3837 3411 Rom.

2241 3423 2525 3489 horridior,
2559 3429 2742 3481 caeteri
2773 3425 3014 3479 deterior.

2317 3499 2443 3554 458.
2478 3497 2818 3552 Sabatierius
2861 3496 2988 3568 legit
3035 3497 3228 3562 omnis,
3274 3495 3420 3568 quod
3447 3495 3684 3553 fortasse
3711 3510 3841 3554 casn

2246 3568 2323 3623 illi
2356 3569 2588 3624 excidit:
2616 3584 2738 3622 nam
2769 3568 2863 3622 alii
2889 3567 3089 3623 habent
3109 3569 3272 3623 omni.

2317 3641 2440 3696 459.
2474 3641 2671 3712 Rotn.,
2721 3639 2890 3704 Ald.,
2945 3641 3107 3702 Bas.,
3163 3639 3371 3712 Pergite
3414 3659 3576 3705 nunc,
3622 3652 3678 3697 ut
3702 3657 3840 3700 oves.

2244 3711 2376 3772 Alii.
2413 3711 2644 3782 Pergitis
2673 3719 2760 3773 en,
2788 3720 2844 3764 ut
2868 3727 3001 3776 ores,
3034 3713 3177 3782 quod
3203 3711 3374 3782 magis
3399 3715 3612 3769 accedit
3631 3714 3698 3770 ad
3720 3729 3842 3769 vera

2191 3810 2196 3818 ·
2244 3783 2312 3838 ba
2337 3781 2619 3854 Evangelii
2651 3781 2840 3838 Matth.
2875 3798 2928 3849 κ,
2962 3781 3061 3838 ιδ.
3091 3783 3226 3836 Ecce
3250 3781 3344 3854 ego
3366 3786 3516 3839 mitto
3554 3801 3664 3851 vos,
3711 3787 3844 3840 sicut

2239 3870 2352 3929 ores
2379 3857 2433 3909 in
2455 3855 2624 3908 medio
2653 3855 2894 3929 luporum
2917 3871 2936 3918 ;
2959 3865 3014 3909 et
3047 3855 3208 3910 Luca:
3245 3871 3274 3910 κ
3297 3897 3312 3921 ,
3342 3859 3376 3912 5
3406 3875 3419 3911 :
3449 3855 3569 3920 Ite;
3591 3873 3708 3912 ecce
3731 3872 3826 3929 ego

2241 3927 2387 4000 mitto
2413 3944 2519 4000 vos.
2546 3925 2984 4000 quemadmodum
3004 3943 3167 4000 agnos
3199 3928 3251 3981 in
3282 3929 3452 3983 medio
3481 3925 3844 4000 luporumfln

2240 3995 2344 4070 hoc
2375 3999 2568 4054 eodem
2600 4013 2760 4052 versu
2792 3997 2954 4070 Rom.
2975 4038 2990 4062 ,
3042 3998 3177 4068 Reg.
3202 4040 3216 4059 .
3263 4014 3389 4054 cum
3427 3995 3616 4055 multis
3653 4001 3842 4070 editis,

2242 4068 2445 4125 habent
2473 4085 2722 4124 stevorum
2747 4085 2761 4131 ;
2806 4067 2917 4123 Ott.
2944 4110 2958 4134 ,
2991 4067 3297 4136 cum’aliis,
3323 4071 3602 4126 durorum.

2311 4140 2438 4196 461.
2493 4141 2654 4209 Reg.,
2704 4139 2815 4211 Ott.
2850 4155 2971 4194 cum
3010 4141 3222 4196 Poelm.
3279 4144 3330 4196 in
3359 4153 3534 4211 textu,
3583 4142 3843 4209 Hadam.,

2239 4211 2629 4278 dulces;Roni.
2659 4209 2824 4278 dulci,
2868 4212 3079 4267 scilicet
3109 4214 3472 4281 simplicitate.
3520 4209 3673 4281 Ald.,
3719 4229 3843 4270 cum

2242 4284 2366 4338 aliis
2390 4285 2572 4347 editis.
2603 4299 2795 4356 puras;
2829 4285 2905 4338 ita
2935 4285 3098 4339 etiam
3122 4284 3292 4339 edidit
3314 4285 3597 4342 Fabricius
3625 4301 3691 4340 es
3725 4301 3842 4341 ma-

2243 4357 2556 4424 nuscripto,
2589 4365 2649 4408 ut
2679 4356 2784 4409 ait:
2811 4357 2903 4426 qui
2933 4356 3100 4411 etiam
3129 4357 3405 4426 observat,
3441 4375 3551 4415 non
3577 4358 3742 4414 aliter
3767 4358 3846 4414 le-

2237 4429 2386 4497 gisse
2417 4427 2715 4483 Ravisium.

2309 4502 2432 4555 465.
2469 4501 2676 4555 Poelm.
2730 4513 2829 4570 pro
2868 4499 2922 4555 d.
2955 4514 3028 4566 s.,
3079 4501 3392 4567 consistent;
3437 4502 3490 4557 in
3539 4510 3696 4559 textu
3722 4517 3846 4560 cum

2234 4571 2376 4634 aliis,
2410 4581 2718 4627 statuenlur.

2304 4643 2430 4701 464.
2467 4645 2603 4710 Οιι.,
2628 4645 2878 4711 dirisque,
2908 4643 3004 4700 sed
3033 4644 3251 4702 videtur
3279 4645 3444 4703 luisse
3470 4647 3742 4719 durisque.

2085 4855 2334 4914 NOTE.’

604 4965 732 5042 459.
766 4964 1202 5042 Dtcntonisiatri:
1231 4984 1395 5040 supra
1422 4986 1568 5027 vers.
1602 4971 1697 5040 45,
1748 4971 1979 5042 Spiritus
2002 4983 2137 5039 ater;
2165 4983 2220 5042 1)
2245 4975 2541 5031 Succedere
2571 4975 2736 5026 tectis.

533 5046 590 5092 et
612 5039 750 5115 i_n_l‘_ra
770 5055 833 5115 χ.
868 5038 997 5115 616,
1035 5038 1350 5115 Sidtemone
1377 5043 1598 5115 pellitur
1620 5038 1758 5099 atro.

607 5108 735 5187 445.
769 5109 1022 5187 Tegmina
1057 5112 1213 5168 bina:
1251 5117 1331 5170 sic
1372 5108 1598 5187 exponit
1637 5115 1979 5181 Matthaeum,
2028 5117 2139 5172 Nc-

534 5197 634 5250 que
671 5182 804 5257 duas
849 5183 1076 5257 tunicas,
1128 5202 1288 5257 neque
1320 5182 1691 5243 calceamenta.
1753 5187 1888 5244 Nam
1919 5190 2133 5244 Marcus

531 5267 667 5332 c._vt
698 5254 805 5307 ait:
838 5253 945 5308 Sed
973 5253 1226 5332 calt-catos
1252 5259 1526 5316 sandaliis.
1569 5259 1686 5316 Non
1717 5276 1847 5332 ergo
1876 5271 2134 5316 vetantur

531 5324 903 5398 calceamenta
953 5327 1268 5398 discipulis,
1317 5333 1410 5387 sed
1461 5332 1586 5387 bina
1636 5324 2036 5396 calceamenta,
2078 5342 2136 5388 ut

530 5397 674 5452 bina:
705 5397 1144 5471 tunicteullujus
1167 5404 1442 5471 opinionis
1480 5406 1673 5460 ducem
1705 5405 2007 5461 Juvencum
2039 5418 2132 5459 sc-

531 5479 797 5545 quuntur_
824 5469 880 5545 S_.
931 5469 1170 5545 Thomas
1195 5469 1218 5538 ,“
1255 5474 1568 5545 Cajetanus,
1601 5487 1658 5532 et
1676 5475 2040 5540 Maldonatus,
2071 5484 2129 5530 ut

534 5542 745 5618 notavit
771 5540 946 5618 ._l_u|ius
976 5542 1249 5618 Nigronus
1278 5540 1348 5602 de
1373 5540 1564 5618 Caliga
1586 5563 1705 5618 cap.
1737 5547 1795 5613 ἓ,
1831 5563 1982 5602 num.
2027 5545 2120 5602 52.

604 5615 731 5687 446.
774 5612 949 5687 Virtus
978 5616 1143 5683 nuda,
1177 5618 1434 5687 simplex.
1489 5612 1806 5674 Lactantius
1838 5619 1958 5673 init.
1991 5620 2118 5673 libr.

536 5684 850 5762 l‘lnstitula
889 5685 956 5741 Ut
986 5684 1498 5762 solaut,4nudamque
1523 5692 1764 5744 virtutem
1788 5691 1933 5754 nudi,
1971 5706 2123 5762 expe-

535 5755 729 5828 ditique
749 5768 1079 5828 sequerentur
1097 5777 1115 5814 :
1143 5755 1233 5813 alii
1261 5755 1520 5814 veritatem
1547 5777 1644 5828 pro
1670 5762 1926 5814 virtutem.

607 5826 732 5883 448.
767 5826 1012 5899 Hospitio
1067 5832 1354 5886 succedere.
1389 5826 1587 5886 Canter
1617 5844 1730 5888 not.
1757 5832 1825 5886 atl
1858 5848 1999 5888 vers.
2031 5834 2120 5899 17,

2313 5045 2438 5103 450.
2478 5045 2709 5113 Intelligi
2746 5051 2945 5113 potest,
2975 5043 3093 5098 Pax
3118 5046 3343 5101 manebit
3376 5047 3470 5102 illa
3502 5058 3662 5106 tecta.

2309 5117 2436 5172 456.
2474 5116 2672 5198 Reddit
2702 5115 2994 5198 rationem,
3028 5131 3128 5172 cur
3149 5117 3402 5190 discipuli
3425 5132 3701 5182 excutere
3721 5127 3844 5198 pul-

2237 5203 2420 5242 verem
2450 5205 2479 5241 e
2510 5187 2740 5258 pedibus
2767 5187 3087 5256 jubeantur.

2309 5259 2403 5338 461
2422 5300 2432 5311 .
2449 5258 2571 5338 _Cur
2592 5258 2911 5338 simplicitas
2935 5259 3204 5338 columba
3230 5261 3501 5332 laudetur,
3559 5265 3686 5338 lege
3711 5267 3846 5326 Bar-

2240 5331 2414 5385 thium
2449 5333 2486 5386 Ι.
2509 5345 2679 5386 xxxnt
2707 5331 2848 5386 Adv.
2881 5345 2999 5400 cap.
3034 5332 3120 5385 11.

2304 5403 2430 5458 462.
2459 5401 2764 5481 incumbet:
2795 5401 3042 5481 Scaliger
3073 5405 3109 5456 l.
3144 5419 3291 5481 me.
3322 5405 3390 5460 16
3420 5405 3631 5465 Poetic.
3661 5423 3844 5481 notat,

2239 5474 2342 5530 hoc
2362 5475 2611 5548 verbum,
2633 5490 2738 5548 quo
2763 5475 2962 5548 sit-pius
2991 5474 3138 5528 Maro
3167 5477 3355 5548 utitur,
3381 5494 3571 5548 grave,
3594 5493 3652 5540 et
3674 5474 3846 5540 sono;

2239 5562 2356 5601 rum
2381 5562 2522 5600 esse.
2554 5544 2759 5600 Eodem
2789 5546 3061 5601 Juvencus
3084 5547 3288 5616 pariter
3311 5544 3639 5610 delectatur.

2304 5617 2430 5672 465.
2464 5617 2772 5672 Statuentur
2792 5635 3008 5698 corpora
3034 5629 3205 5698 vestra
3226 5637 3245 5698 ς
3286 5624 3648 5698 statuentini.
3683 5627 3847 5698 Stepe

2230 5689 2501 5770 Jttveucus
2531 5704 2752 5756 corpora
2784 5693 2939 5770 ponit
2965 5706 3064 5761 pro
3095 5689 3428 5770 hominibus,
3459 5705 3554 5749 aut
3585 5689 3845 5770 suppogi-

2233 5763 2324 5841 tis,
2349 5776 2468 5831 quae
2489 5775 2742 5841 corpore,
2770 5771 2824 5815 et
2853 5763 3031 5816 anima
3057 5771 3329 5841 constant.
3359 5763 3711 5841 Statuenturf
3745 5790 3844 5841 pro

2231 5835 2410 5888 sistere
2440 5834 2666 5904 ponitur
2685 5841 2889 5890 statuo:
2923 5849 3041 5889 nam
3073 5834 3255 5890 sistere
3279 5839 3498 5895 verbum
3525 5839 3670 5909 juris
3693 5834 3800 5900 est.
3825 5863 3828 5866 ’
