4058 6322
239 282 340 338 185

366 490 581 560 Sponte
605 492 793 550 lluens
821 494 1043 550 dabitur
1064 496 1331 551 sermonis
1355 495 1528 567 gratia
1551 495 1726 552 vobis.

369 581 617 652 Spiritus
644 584 701 639 in
725 585 883 640 vobis
909 601 1008 656 pro
1035 585 1189 643 vobis
1213 585 1375 659 digna
1405 587 1681 658 loquetur.

364 676 572 733 Prodet
592 679 747 734 enim
779 678 1004 735 fratrem
1033 680 1294 735 scelerata
1324 681 1531 735 insania
1555 680 1759 748 fratris,

227 768 329 825 470
368 768 449 825 Ad
478 769 814 843 lethumque
838 770 1048 828 dabunt
1073 773 1385 843 genitorum
1413 787 1643 844 corpora
1673 773 1805 829 uati.

364 858 475 915 Vos
514 859 649 916 odia
674 862 951 934 urgebunt
990 877 1212 934 semper
1233 878 1330 934 pro
1353 866 1576 923 nomine
1617 877 1828 936 nostro,

357 952 465 1009 Sed
489 952 665 1009 linem
698 954 827 1011 ﬁdei
850 954 1147 1011 comitatur
1169 956 1345 1026 gloria
1371 959 1521 1015 vitae.
1562 1014 1573 1031 ,

357 1044 652 1117 Profugite
678 1064 750 1104 ex
790 1051 977 1116 tectis,
1006 1064 1126 1121 qum
1159 1065 1260 1106 vos
1289 1054 1611 1122 sectabitur,
1646 1055 1830 1112 urbis:

355 1138 521 1211 206
537 1138 684 1197 Inde
711 1141 905 1211 aliam,
932 1157 1059 1199 mox
1078 1142 1205 1201 inde
1232 1146 1391 1202 aliam
1414 1150 1724 1220 conquirite
1745 1165 1834 1207 se-

1585 1242 1754 1315 fdem.

222 1322 320 1379 475
354 1324 490 1381 Nam
513 1327 680 1383 vobis
711 1329 877 1386 nrbes
898 1344 1117 1400 semper
1144 1348 1435 1404 superesse
1466 1349 1696 1393 necesse
1724 1347 1833 1405 est,

356 1417 753 1476 lsraelitarnm
791 1438 914 1493 qua:
944 1423 1074 1480 dent
1100 1425 1201 1481 sub
1222 1428 1443 1484 nomine
1482 1429 1722 1499 plebem.

355 1512 687 1583 Discipulus
716 1532 1010 1588 numquam
1054 1522 1390 1577 transcendit
1412 1523 1558 1579 celsa
1587 1524 1830 1596 magistri

347 1605 637 1678 Culmina,
690 1624 795 1668 nec
835 1610 1121 1669 Dominum
1158 1624 1328 1671 tentet
1371 1617 1689 1687 prmcellere
1715 1633 1832 1674 scr-

1610 1711 1753 1785 [νας.

1332 281 1794 341 ΕνΑΝϐειιϐΑε
1831 284 2177 343 1115Τοῐίιῶ
2216 287 2345 343 LIB.
2388 287 2453 344 ll.

368 396 506 454 Cum
532 413 638 455 vos
673 400 1039 471 prodiderint,
1059 401 1346 458 verborum
1371 404 1558 474 ponite
1578 417 1797 459 curam:
1866 409 1922 468 Α

3437 289 3544 346 186

2085 403 2362 476 Discipulo
2383 406 2515 463 satis
2539 414 2623 463 est
2649 407 2797 466 vires
2817 421 3038 480 aequare
3059 410 3328 481 magistri,

1941 498 2048 556 480
2085 498 2186 555 Vel
2215 499 2421 555 domini
2444 501 2679 557 similem
2704 503 2962 559 virtutem
2990 502 3264 574 prendere
3293 517 3482 561 servo.

2082 590 2402 648 Pectoribus
2426 594 2622 650 vestris
2651 609 2870 665 semper
2890 596 3055 651 timor
3075 597 3258 652 omnis
3283 597 3539 655 aberret:

2083 682 2220 739 Nam
2251 684 2453 741 nudata
2470 686 2582 740 suis
2607 697 2934 757 promuntur
2958 698 3150 746 cuncta
3179 688 3425 745 latebris.

2083 777 2141 833 ln
2167 779 2410 835 tenebris
2444 780 2604 834 tacite
2627 780 2781 836 vobis
2803 797 3151 852 qaaecumque
3175 782 3465 854 iubentur,

2081 873 2243 944 207
2266 872 2438 929 Dicite
2468 873 2734 944 praeclaro
2756 873 2917 930 nitidi
2943 876 3046 931 sub
3074 875 3282 933 lumine
3304 876 3464 933 solis.

1936 962 2043 1020 485
2080 965 2320 1020 Auribus
2368 976 2424 1022 et
2458 966 2661 1022 vestris
2708 966 2882 1022 dicam
2937 983 3295 1044 quaecumque
3347 985 3537 1027 susur-

3235 1064 3257 1138 [
3282 1080 3410 1122 rans
3441 1110 3457 1136 ,

2069 1152 2310 1211 Excelsa
2332 1155 2385 1211 in
2410 1157 2638 1227 populos
2667 1166 2997 1231 spargantur
3036 1158 3275 1216 culmine
3306 1162 3458 1217 tecti.

2084 1247 2353 1319 Despicite
2376 1250 2602 1307 illorum
2635 1253 2862 1321 rabiem,
2908 1252 3000 1324 qui
3027 1267 3255 1325 corpora
3282 1262 3460 1311 vestra

2080 1341 2445 1400 Prosternunt
2467 1345 2611 1402 ferro
2636 1366 2649 1401 :
2685 1362 2790 1403 non
2820 1358 2907 1404 est
2936 1347 3024 1403 his
3047 1348 3154 1403 ulla
3187 1356 3427 1419 potestas

2078 1433 2332 1493 Vivacem
2362 1438 2511 1494 letho
2534 1440 2737 1511 pariter
2766 1442 3055 1499 demittere
3076 1452 3313 1499 mentem
3341 1462 3356 1499 :

1932 1528 2039 1586 490
2075 1529 2231 1585 illum
2257 1532 2354 1587 sed
2390 1534 2570 1603 potius
2598 1534 2783 1593 cordis
2812 1546 3027 1593 secreta
3066 1547 3386 1609 pavescant,

2076 1622 2336 1696 Corporis
2367 1636 2475 1695 est,
2513 1627 2820 1701 animmque
2862 1629 3022 1687 simul
3054 1632 3143 1687 cui
3201 1638 3395 1687 cuncta
3437 1645 3535 1703 po-

3228 1724 3244 1797 [
3267 1733 3454 1782 testas.

1452 1856 1745 1914 LECTION
1753 1858 1834 1915 ES
1878 1860 2291 1920 VARIANTES.

284 1939 592 2033 Adii-198m?
782 1943 1076 2033 Titanius,
1102 1945 1411 2033 tradiderint
1426 1950 1605 2032 :.Mss.
1626 1952 1820 2033 nostri,
1855 1954 1900 2017 Β
1934 1958 2071 2033 enim
2099 1968 2334 2030 apertum
2374 1969 2486 2027 est,
2541 1962 2683 2033 quod
2729 1979 2830 2018 non
2858 1963 3132 2026 reveletur,
3162 1973 3211 2018 et
3249 1963 3527 2031 occultum,

217 2022 266 2069 et
277 2014 571 2139 οῗὲῑὶᾳὶῗε
616 2013 767 2085 apud
796 2014 1124 2072 Reuschium
1155 2033 1280 2073 cum
1331 2020 1601 2092 plerisque
1634 2013 1820 2092 editis,

218 2101 276 2139 π
345 2102 360 2138 Ι
400 2102 475 2139 ενι
547 2123 562 2137 ο

345 2087 562 2141 idert'nt.

217 2101 562 2156 premamus.

281 2158 407 2211 469.
441 2157 662 2213 Poelm.
707 2172 808 2229 pro
837 2158 892 2229 d.
926 2174 997 2221 ε..
1033 2158 1274 2216 Fratrem
1314 2175 1486 2219 autem
1512 2167 1718 2222 tradet:
1774 2169 1826 2223 in

217 2234 514 2304 textucum
548 2228 805 2304 caeteris,
839 2228 1031 2304 Prodet
1056 2236 1194 2289 enim
1226 2238 1464 2304 fratrem.

282 2299 410 2358 470.
442 2299 503 2357 In
532 2300 681 2357 Aldo
714 2302 971 2358 tuendum
1013 2314 1143 2375 puto
1167 2299 1451 2377 genitorem
1498 2324 1595 2378 pro
1623 2313 1823 2381 genito-

213 2386 327 2425 ηιηι
336 2411 350 2427 ο

284 2443 411 2500 471.
445 2444 597 2509 Ald.,
626 2444 787 2519 Bas"
821 2445 1030 2503 Poelm.
1065 2464 1163 2519 pro
1190 2451 1247 2506 d.
1290 2466 1364 2517 s.,
1390 2451 1658 2515 odio;alii
1691 2454 1823 2509 editi

213 2517 714 2591 cum_mss_.,ﬁodia,
744 2520 890 2587 quod
930 2517 1193 2590 majorem
1226 2523 1511 2591 emphasin
1538 2522 1722 2579 habet.

284 2587 412 2664 475.
473 2589 653 2655 Editi,
686 2606 715 2643 e
754 2591 934 2657 tectis;
980 2587 1111 2649 mss.
1147 2587 1328 2664 Reg,
1354 2594 1547 2661 Rom.,
1578 2594 1719 2663 0tt.,
1764 2614 1826 2652 ea:

215 2660 384 2714 tectis.

284 2732 411 2786 477.
437 2731 626 2797 Rom.,
650 2734 973 2790 transcendit
1000 2752 1017 2801 ;
1045 2736 1132 2792 alii
1156 2731 1286 2792 mss.
1312 2746 1368 2793 et
1392 2738 1825 2803 editi,transcen-

213 2802 341 2858 dat:
367 2803 583 2872 utlvers.
603 2821 752 2881 seq.,
779 2815 958 2861 tentet.
984 2808 1112 2863 Mihi
1133 2819 1311 2865 tamen
1329 2826 1435 2865 non
1448 2802 1697 2881 displicet
1720 2814 1823 2868 hoc

210 2889 361 2930 vers.
387 2877 732 2941 transcendit,
756 2888 814 2933 et
828 2894 972 2933 vers.
999 2895 1116 2949 scq.
1140 2891 1334 2936 tentet:
1362 2897 1483 2937 nam
1508 2877 1823 2940 transcendit

211 2949 445 3021 positum
478 2951 701 3021 videtur
732 2965 833 3021 pro
871 2959 944 3003 est
1001 2968 1155 3020 super
1202 2954 1342 3021 apud
1401 2955 1593 3010 Matth.
1634 2972 1689 3021 κ,
1720 2957 1819 3012 2t:

212 3017 439 3101 N'onOest
468 3017 941 3101 discipulussuper
969 3017 1300 3101 magistrum,
1336 3042 1430 3080 nec
1469 3041 1643 3081 servus
1668 3017 1824 3101 super

209 3089 479 3145 dominum
513 3089 692 3147 suum.
721 3089 885 3149 Aliud
907 3103 991 3150 est
1019 3089 1087 3149 de
1110 3089 1506 3152 verbo—tentat:
1535 3116 1641 3153 non
1677 3089 1822 3157 enim

210 3171 362 3217 recte
380 3162 614 3237 dicetur,
648 3180 844 3220 servus
869 3181 976 3220 non
1008 3176 1173 3222 tentat
1210 3170 1523 3237 prmcellere
1542 3171 1821 3229 dominum

209 3247 391 3301 suum,
422 3245 480 3289 ut
506 3236 862 3307 signiﬁcetur
890 3237 965 3305 id,
1000 3240 1192 3295 Servus
1212 3236 1327 3295 non
1355 3253 1427 3297 est
1468 3258 1625 3314 super
1654 3245 1821 3301 domi-

209 3321 338 3360 num
358 3324 530 3361 suum.

279 3377 407 3433 482.
451 3377 840 3455 Βυηὲιλαιω
897 3381 1004 3446 alii,
1060 3380 1222 3438 Nam.
1256 3384 1401 3451 Ott.,
1434 3386 1596 3454 Reg.,
1627 3385 1810 3455 Rom.,

207 3460 533 3524 promuntur.
570 3451 723 3524 Edjti
756 3468 969 3519 omnes,
1005 3465 1327 3524 promentur.
1362 3457 1490 3514 Ha‘c
1517 3451 1679 3514 lectio
1701 3451 1814 3516 ma;

207 3520 291 3591 gis
320 3524 570 3593 congruit
622 3522 869 3593 Vulgata:
926 3520 1112 3580 Matth.
1144 3543 1201 3591 κ,
1232 3529 1334 3584 26:
1382 3528 1536 3584 Nihil
1572 3532 1710 3585 enim
1736 3543 1813 3586 est

208 3594 607 3673 opertumque}!
637 3610 745 3649 non
772 3596 1097 3673 revelabitur,
1149 3608 1197 3651 et
1237 3601 1514 3667 occultum,
1541 3603 1679 3673 quod
1710 3620 1812 3659 non

206 3667 418 3719 scietur.
454 3665 692 3722 Retineo
734 3676 912 3722 tamen
940 3669 1263 3739 scripturam
1296 3665 1564 3728 codicuin'
1598 3686 1813 3730 nostro-

206 3749 331 3790 rum
362 3752 522 3805 mss.,
544 3753 671 3805 qua:
702 3739 876 3809 magis
902 3751 1266 3797 consentanea
1300 3753 1385 3799 est
1409 3747 1643 3802 versioni
1673 3746 1812 3803 Itali-

206 3821 287 3865 ca:
314 3825 379 3867 es
405 3826 507 3866 ms.
538 3809 947 3885 Colbert.apud
969 3812 1330 3871 Sabatierium
1360 3816 1463 3873 hoc
1485 3817 1637 3875 loco:
1660 3817 1812 3874 Nihil

1930 2031 2070 2099 quod
2093 2048 2195 2085 non
2222 2033 2456 2100 sciatur;
2504 2031 2562 2089 et
2589 2051 2655 2090 cx
2688 2051 2822 2091 mss.
2851 2033 3046 2100 Corh.,
3098 2034 3248 2090 Nihil
3287 2045 3360 2088 est
3388 2037 3527 2091 enim
3563 2038 3566 2041 λ

1930 2112 2185 2170 opertum,
2216 2104 2356 2174 quod
2401 2121 2505 2159 non
2523 2107 2803 2162 reveletur:
2854 2115 2904 2161 et
2928 2107 3214 2170 occultum,
3252 2106 3393 2180 quod
3422 2123 3527 2161 non

1929 2172 2304 2248 manifestatur.
2359 2174 2638 2248 consonat
2670 2179 2832 2235 etiam
2862 2188 3052 2235 auctor
3083 2181 3267 2246 aperis
3304 2178 3525 2248 imperf.

1931 2244 1983 2296 iri
2006 2245 2197 2300 Matth.
2232 2247 2377 2323 hom.
2403 2247 2513 2305 25:
2552 2248 2703 2323 Nihil
2732 2260 2988 2323 opertum,
3028 2244 3167 2323 quod
3197 2267 3299 2305 non
3329 2244 3525 2323 revele-

1927 2323 2033 2392 tur;
2051 2326 2100 2371 et
2120 2319 2398 2385 occultum,
2417 2322 2558 2392 quod
2585 2338 2686 2375 non
2707 2319 2921 2376 sciatur.
2947 2319 3059 2378 Nec
3073 2323 3332 2377 dissimili
3364 2321 3529 2378 modo

1930 2386 2056 2463 haec:
2070 2386 2621 2463 exponuntur'Marc.
2656 2408 2730 2458 tv,
2758 2394 2852 2458 22,
2899 2405 2955 2449 et
2984 2394 3116 2450 an.
3150 2410 3262 2459 vni,
3291 2395 3382 2460 17,
3426 2409 3523 2463 xu,

1926 2457 1979 2535 ᾖ.
2021 2457 2230 2535 Poelm.
2262 2461 2491 2535 intexto
2526 2464 2684 2519 habet
2714 2457 2901 2519 cuncta
2927 2482 3047 2521 cum
3077 2465 3222 2530 aliis;
3250 2457 3353 2535 pro
3368 2457 3437 2520 id.
3471 2457 3521 2521 s.

1927 2528 2059 2597 lata,
2091 2533 2233 2599 quod
2264 2533 2442 2588 minus
2473 2534 2669 2598 placet.
2714 2535 2974 2607 Suspicor
2999 2528 3525 2607 autem,'irrepsisse

1925 2616 2169 2676 errorem
2208 2607 2577 2676 Alypograpbi,
2645 2621 2753 2675 quo
2797 2608 3013 2662 diversa
3065 2608 3227 2663 lectio
3265 2607 3373 2663 lata
3423 2622 3522 2676 pro

1925 2683 2110 2749 cuncta
2131 2674 2257 2749 huic
2280 2674 2462 2749 versui
2501 2674 2814 2748 attingatur,
2842 2693 2965 2735 cum
2997 2694 3058 2734 ea
3102 2679 3272 2749 magis
3300 2674 3521 2749 propria

1923 2745 2208 2821 sitversus
2231 2747 2361 2814 491,
2394 2745 2658 2821 Corporis:
2688 2758 2795 2805 etc.

1994 2815 2119 2892 484.
2155 2819 2337 2892 Roin.,
2360 2821 2452 2874 sub
2480 2815 2896 2887 nomine;codd.
2925 2822 3173 2878 nonnulli
3203 2821 3349 2892 apud
3376 2822 3525 2880 Reu-

1925 2889 2158 2964 scbiuin,
2181 2890 2289 2964 sub
2314 2891 2492 2964 limine
2519 2908 2539 2960 ;
2572 2893 2690 2964 lege
2720 2894 2812 2948 sub
2838 2895 3053 2949 lumine.

1995 2961 2121 3018 486.
2163 2962 2314 3027 Ald.,
2362 2962 2516 3030 Bas.,
2562 2961 2877 3034 spargentur
2909 2982 2928 3019 :
2955 2981 3063 3035 quo
3091 2974 3301 3034 spectat
3328 2964 3520 3033 Rom.,

1922 3036 2171 3102 quamvis
2187 3035 2485 3105 depravate
2505 3036 2710 3094 scribat
2736 3038 2929 3107 populo
2948 3036 3517 3110 spergentur.Reliqui,

1922 3115 2254 3176 spargantur.
2942 3138 2952 3155 ι

1949 3247 1952 3248 ν
1992 3176 2119 3248 688.
2153 3177 2313 3248 Reg.,
2347 3178 2529 3246 Rom.,
2558 3179 2929 3236 Prosternunt.
2986 3179 3196 3243 0ttob.,
3228 3193 3351 3235 cum
3400 3180 3521 3235 edi-

1923 3247 2013 3323 tis,
2063 3247 2429 3323 Prosternent.
2464 3252 2540 3323 plu
2582 3252 2810 3323 Vulgata
2842 3262 2945 3319 est,
2998 3250 3257 3306 Occidunt
3301 3266 3513 3320 corpus.

1844 3350 1890 3414 ρ
1923 3319 2266 3414 Patreswalili‘
2296 3324 2394 3406 ita,
2425 3322 2554 3389 alii;
2592 3319 2711 3414 Qui;
2730 3334 2946 3414 possunt
2997 3322 3233 3414 occidere
3286 3319 3520 3414 corpus;

1923 3393 2324 3466 nonnulliLQui
2353 3411 2541 3463 corpus
2566 3393 2825 3451 accidant.
2855 3396 3017 3466 Reg.,
3049 3407 3103 3450 et
3124 3393 3260 3459 Ott.,
3293 3411 3399 3449 non
3430 3396 3514 3451 Itis

1922 3472 1997 3518 est
2024 3462 2153 3517 ulla.
2187 3464 2375 3531 Rom.,
2400 3462 2525 3521 cum
2553 3467 2736 3530 editis,
2758 3484 2861 3522 non
2887 3462 2964 3522 esi
2990 3468 3094 3533 his,
3120 3466 3203 3521 vel
3236 3468 3323 3521 iis.

1989 3534 2119 3592 489.
2149 3536 2336 3604 Rom.,
2366 3539 2621 3593 dimittere
2647 3555 2666 3593 :
2697 3540 2892 3594 melius
2936 3540 3051 3602 alii,
3080 3537 3368 3595 demittere.

1992 3605 2119 3681 491.
2145 3607 2282 3679 Reg.
2312 3624 2340 3662 a
2374 3626 2456 3681 pr.
2491 3626 2590 3673 m.,
2625 3612 2863 3681 itemque
2910 3608 3172 3665 Ottobon.
3228 3625 3258 3663 a
3291 3625 3374 3679 pr.
3408 3625 3512 3677 m.,

1920 3680 2184 3752 animique
2213 3695 2310 3749 pro
2338 3680 2644 3750 animaeque.
2677 3681 2829 3746 Ald.,
2870 3682 3022 3749 Bas.,
3052 3682 3159 3737 lata
3186 3695 3291 3752 pro.
3306 3690 3514 3737 cuncta.

1921 3749 2142 3807 COItlet'.
2171 3752 2458 3811 lectionem
2479 3749 2685 3809 variant
2718 3753 2785 3808 ad
2810 3770 2859 3808 ν.
2885 3752 3012 3810 482.

1755 3939 1983 3996 ΝΟΤιΕ.

278 4051 411 4111 466.
444 4054 658 4121 Ponite,
698 4056 973 4127 deponite.
1020 4055 1220 4113 Ponere
1259 4073 1409 4111 curas
1458 4057 1595 4114 dixit
1623 4056 1805 4114 Livius

208 4125 247 4181 l.
273 4142 338 4193 t.,
364 4143 415 4182 c.
449 4130 535 4199 19.
563 4129 696 4191 Alii.
729 4125 918 4198 ponere
947 4139 1155 4191 metum,
1186 4146 1376 4197 moras,
1400 4147 1567 4199 arma,
1588 4141 1695 4185 etc.

280 4199 409 4273 469.
442 4198 664 4273 liisania
687 4202 888 4273 fratris,
921 4201 1143 4257 insanus
1166 4202 1351 4257 frater.

444 4271 747 4345 (ianitorum
778 4290 1027 4345 corpora,
1060 4275 1353 4345 genitnrcs,
1391 4285 1446 4330 ut
1479 4274 1639 4344 paulo
1684 4282 1805 4329 ante

206 4357 262 4417 v_.
288 4342 417 4403 465.
445 4342 681 4416 Corpora
704 4342 1151 4417 vestra‘.,Notantla
1181 4343 1343 4401 etiam
1373 4342 1605 4417 phrasis,
1630 4345 1709 4401 Ad
1735 4348 1805 4401 le-

206 4414 353 4469 thum
384 4414 603 4485 dabunt,
631 4428 688 4471 ut
720 4416 857 4481 neci,
884 4415 1020 4472 letho
1050 4418 1337 4473 demittere.

281 4487 410 4542 472.
444 4488 600 4543 Hunc
631 4489 925 4545 verborum
953 4490 1200 4544 ordinem
1225 4498 1439 4546 statuo:
1470 4489 1658 4546 Gloria
1688 4488 1806 4545 fidei

207 4559 503 4616 comitatur
534 4560 702 4616 linem
741 4562 887 4615 vitae.
952 4560 1235 4616 Matthwus
1268 4562 1458 4618 habet:
1512 4561 1806 4627 Quintilem

209 4634 598 4703 perseveraverit
628 4649 789 4701 usque
812 4634 866 4686 in
896 4632 1076 4703 ﬁnem,
1104 4632 1189 4686 hic
1218 4635 1391 4689 salvus
1416 4635 1531 4688 erit.

280 4702 411 4759 475.
442 4704 646 4761 Sectari
675 4704 759 4759 vel
788 4720 882 4771 pro
900 4702 1194 4773 assentari,
1220 4714 1274 4759 et
1294 4705 1565 4770 comitari,
1598 4703 1678 4758 vel
1712 4718 1807 4775 pro

212 4776 493 4849 insectari,
532 4788 590 4832 et
632 4775 1155 4849 urgere‘accipitur.
1209 4775 1450 4848 Utraque
1486 4776 1809 4849 signiﬁcatio

213 4847 381 4919 proba
412 4856 533 4906 est:
567 4847 807 4904 secunda
837 4847 944 4903 hoc
966 4848 1088 4904 loco
1108 4848 1337 4903 obtinet.

1915 4060 2227 4116 succedent.

1986 4132 2110 4187 480.
2149 4131 2242 4186 Vel
2272 4147 2370 4200 pro
2399 4143 2468 4188 et.
2501 4132 2637 4188 Vide
2666 4142 2784 4188 not.
2828 4132 2894 4187 ad
2926 4132 3183 4187 Draconi.
3208 4130 3246 4185 1.
3272 4146 3310 4199 l,
3358 4144 3509 4187 vers.

1912 4204 2047 4260 266:
2108 4203 2363 4258 Virtutem
2407 4202 2629 4259 similem
2668 4203 2926 4268 Domini,
2979 4203 3228 4258 videlicet
3273 4202 3506 4257 similem

1915 4276 2100 4332 virtuti
2151 4276 2383 4331 Domini.
2418 4274 2535 4330 Non
2589 4275 2853 4331 dissimile
2901 4285 3004 4341 est,
3035 4273 3181 4345 quod
3213 4289 3359 4330 vers.
3400 4275 3511 4330 458

1913 4348 2083 4404 dixit:
2112 4347 2345 4403 Similem
2372 4349 2497 4400 mihi
2528 4348 2712 4401 sumite
2732 4355 2970 4401 mentem.

1985 4419 2112 4475 486.
2141 4416 2381 4473 Culmine
2411 4420 2531 4473 tecti
2559 4437 2577 4474 :
2608 4434 2763 4473 sacer
2793 4429 2990 4485 textus,
3034 4434 3193 4487 super
3222 4425 3371 4472 tecta.
3403 4414 3511 4472 Co-

1914 4489 2017 4544 dex
2051 4488 2341 4554 Cantabr.,
2374 4492 2426 4545 in
2458 4493 2623 4544 tectis.
2658 4488 2978 4544 Audiendus
3026 4489 3389 4559 Hieronymus
3418 4504 3508 4559 ep.

1916 4561 2041 4627 106,
2110 4563 2183 4617 al.
2231 4560 2358 4625 405,
2405 4579 2554 4618 num.
2587 4564 2679 4628 65,
2710 4562 2777 4617 ad
2830 4562 2965 4618 Sun.
3016 4570 3071 4617 et
3101 4560 3356 4629 Fretel|.,
3385 4570 3509 4629 post

1914 4635 2152 4689 medium
2182 4652 2195 4688 :
2222 4632 2288 4689 In
2315 4634 2573 4706 Afgyplo,
2604 4644 2651 4687 et
2703 4633 3061 4706 Paltestina...
3089 4649 3192 4706 non
3220 4630 3411 4706 habent
3451 4634 3507 4687 in

1912 4707 2055 4760 tectis
2083 4705 2330 4771 culmina,
2364 4703 2453 4761 sed
2480 4708 2690 4761 domata
2740 4722 2855 4777 quat
2885 4705 3064 4760 Romae
3085 4704 3166 4758 vel
3182 4703 3399 4777 salaria,
3427 4706 3510 4759 vel

1913 4778 2151 4850 meniana
2171 4787 2373 4845 vocant,
2394 4778 2449 4830 id
2471 4790 2564 4850 est,
2583 4779 2743 4850 plana
2765 4787 2918 4850 t_ecta,
2942 4793 3057 4849 qua:
3075 4776 3375 4850 transversis
3397 4784 3508 4850 tra-

1914 4847 2060 4904 bibus
2089 4862 2466 4905 sustentantur.
2508 4847 2640 4904 Hinc
2677 4850 2731 4904 in
2764 4847 3090 4920 Evangelia:
3127 4847 3257 4913 Quw
3313 4848 3507 4920 auditis

280 4917 411 4976 474.
439 4905 640 4990 Accipe
672 4919 1154 4993 verbarEvaiigelii
1197 4919 1463 4993 Matthaai:
1493 4916 1621 4975 Cum
1640 4927 1807 4993 autem
1835 4905 1889 4965 D
1915 4920 1966 4972 in
1994 4938 2140 4993 aure.
2166 4924 2343 4976 dicetis
2369 4939 2522 4993 super
2548 4922 2777 4976 domata.
2796 4905 2987 4978 Greece
3015 4930 3094 4976 est
3112 4905 3195 4993 ἑξί
3210 4926 3311 4974 τῶν
3332 4917 3506 4993 tmpe-

209 4988 586 5065 persequentur
610 5008 700 5047 vos
720 4992 1021 5065 incivitate
1038 4988 1168 5057 ista,
1217 4992 1380 5063 fugite
1404 4994 1457 5065 in
1479 4992 1676 5065 aliam._
1711 4988 1804 5065 Ju-

212 5061 417 5119 vencns
440 5076 685 5121 veterem
719 5062 907 5118 Italam
940 5063 1177 5134 legerat,
1219 5061 1396 5132 qualis
1426 5064 1479 5119 in
1505 5078 1606 5118 ms.
1639 5061 1804 5117 Corb.

211 5138 510 5208 reperitur:
546 5134 679 5191 Cum
705 5144 879 5189 autem
905 5144 1277 5208 persequentur
1294 5151 1382 5189 vos
1400 5135 1664 5190 incivitate
1685 5138 1804 5208 ista,

211 5204 371 5280 fugite
391 5208 443 5262 in
464 5208 630 5263 aliam
645 5224 665 5264 :
686 5208 823 5280 quod
845 5204 972 5280 siin
998 5204 1159 5262 aliam
1186 5217 1555 5279 persequentur
1577 5223 1699 5280 vosL
1730 5204 1812 5274 fu-

211 5277 313 5351 gite
340 5283 393 5335 in
421 5282 666 5335 alteram.
699 5277 1016 5351 'Concinunt
1049 5280 1100 5335 in
1131 5277 1193 5333 re
1220 5277 1467 5345 ipsa‘duo
1494 5294 1633 5351 mss.
1668 5277 1803 5351 san-

211 5349 405 5432 germ.,
438 5351 806 5432 Claromont.,
834 5350 1056 5432 δέδηε..
1081 5359 1137 5406 et
1157 5351 1282 5432 Maj.
1303 5350 1675 5432 Mon.,_versio
1696 5349 1804 5432 An-

212 5422 635 5493 glo—Saxonica,
694 5436 797 5478 ms.
858 5421 1155 5485 Cantabr.,
1217 5431 1398 5493 textus
1459 5424 1681 5479 Grmcus
1752 5421 1803 5475 in

217 5495 458 5565 pluribus
487 5511 651 5561 mss.,
685 5493 942 5565 llilarius,
970 5492 1318 5561 Ambrosius,
1347 5502 1451 5550 etc.

284 5565 403 5622 175.
436 5567 625 5637 Pergit
650 5564 972 5637 Matthaeus:
1004 5565 1166 5621 Amen
1194 5566 1309 5620 dico
1333 5567 1509 5623 vobis:
1541 5566 1664 5622 Non
1691 5581 1811 5619 con-

215 5639 535 5710 summabilis
550 5634 793 5710 civitates
821 5634 1010 5696 Israel.
1033 5638 1196 5710 donec
1222 5638 1546 5710 veniatﬁlius
1566 5637 1809 5710 hominis.

213 5707 340 5836 gina:
367 5713 543 5766 verba
590 5708 870 5778 eleganter
941 5710 1018 5764 ait
1068 5707 1521 5776 Schoettgenius,
1580 5708 1815 5776 explicat

247 5797 506 5836 uvencus.
540 5782 775 5836 Semper
804 5753 959 5835 vobis
992 5795 1161 5836 usauc
1188 5780 1254 5835 ad
1285 5781 1425 5836 diem
1460 5782 1814 5836 novissimum

247 5753 775 5849 ifi'v'éu'c'déi'sé'mﬁer
804 5753 959 5835 vobis
992 5753 1161 5852 usque
1188 5780 1254 5852 ad
1285 5753 1425 5837 diem
1460 5753 1814 5852 novissimum

218 5861 367 5912 erunt
391 5851 583 5915 urbes,
621 5846 916 5922 ct'populi,
951 5846 1044 5923 qui
1074 5846 1147 5907 'in
1185 5851 1496 5909 Judazorum
1554 5850 1816 5923 populum

1912 5014 2033 5047 των.
2066 4988 2441 5047 Nihilominus
2473 4992 2746 5049 Iuvencus
2783 4994 2999 5048 culmen
3052 4992 3181 5047 lceti
3225 4988 3501 5055 nominat,

1914 5065 2036 5133 quia
2070 5079 2127 5119 re
2157 5080 2285 5119 vera
2332 5065 2531 5120 culmen
2560 5063 2733 5134 accipi
2759 5066 2899 5119 solet
2950 5079 3045 5133 pro
3089 5063 3281 5117 altiore
3308 5060 3505 5117 domus

1918 5145 2090 5207 parte,
2123 5143 2178 5191 et
2209 5151 2306 5205 pro
2332 5152 2675 5207 quocumque
2703 5147 2866 5191 tecto.
2900 5134 3174 5207 Iuvencus
3203 5146 3507 5207 ergo_eam-

1914 5202 2037 5285 dem
2065 5202 2801 5285 inter—prela!inuem—tcnet,_
2823 5223 2885 5285 ac
2918 5202 3391 5285 Hieronymusln
3426 5210 3507 5285 te:

1915 5278 2016 5331 ctis
2046 5272 2335 5333 domorum
2368 5280 2514 5334 soliti
2564 5289 2723 5334 erant
2769 5272 2945 5333 .luda-i
2995 5272 3373 5338 confabulari;
3407 5272 3505 5327 sed

1914 5364 2039 5403 cum
2070 5348 2231 5405 facile
2274 5365 2301 5403 a
2336 5350 2524 5406 vicinis
2572 5350 2745 5404 audiri
2775 5348 3266 5421 possent,ntinime
3294 5352 3506 5398 secreta

1914 5429 2091 5495 erant,
2123 5423 2190 5495 de
2220 5421 2420 5495 quibus
2448 5423 2517 5477 ibi
2551 5419 2858 5495 sermonem
2893 5419 3180 5495 habebant.
3225 5485 3291 5495 Μ.
3363 5483 3376 5495 _
3467 5483 3480 5495 .

1981 5483 2106 5548 489.
2140 5483 2303 5547 Letho
2343 5494 2628 5548 demittere.
2667 5492 2918 5561 Virgilius
2954 5506 3010 5557 ll,
3061 5488 3191 5544 Ain.
3222 5485 3313 5549 85,
3340 5483 3509 5537 demi-

1911 5580 2019 5619 sere
2043 5566 2172 5618 neci.
2196 5564 2408 5621 Similia
2433 5566 2523 5619 alii
2558 5574 2732 5634 poetm
2775 5564 2998 5632 passim.

1985 5634 2111 5708 430ζ
2136 5636 2322 5692 Cordis
2343 5627 2726 5708 secreta.'rLihr.
2745 5627 2788 5698 ιζ
2810 5649 2953 5708 vers_.
2971 5631 3179 5708 339,9t
3261 5640 3339 5684 ut,
3358 5638 3503 5708 vers.

1917 5706 2043 5786 ξ
2071 5706 2259 5763 Cordis
2279 5719 2495 5786 secreta.
2526 5707 2648 5786 μὶ).
2673 5723 2712 5771 ι,
2745 5702 3041 5786 νει-ε...4υ8,
3076 5699 3264 5754 Mentis
3288 5704 3503 5749 secreta.

1918 5777 2036 5837 Lib.
2067 5795 2147 5847 ιιι,
2182 5795 2326 5836 vers.
2356 5780 2482 5851 169,
2518 5778 2728 5833 Secreto
2757 5774 2947 5829 cordis.
