4058 6322
528 286 625 346 161

671 407 741 464 Et
763 408 889 466 cmli
920 423 1148 481 regnum
1169 408 1432 467 violentia
1450 409 1642 483 diripit
1668 419 1847 467 atrox.

673 503 785 559 Lex
809 504 991 560 omnis
1011 519 1281 561 sunnnam
1305 504 1566 577 Baptistae
1592 520 1622 560 a
1650 513 1897 576 tempore
1925 505 2089 578 cepit,

675 596 852 667 Atque
876 597 1273 668 prophetarum
1299 598 1423 654 linis
1449 599 1795 656 concluditur
1817 598 1981 656 idem.

528 689 635 748 5l5
674 691 731 750 Si
762 692 927 749 vultis
956 693 1196 751 volucris
1221 695 1523 765 penetralia
1554 710 1787 751 noscere
1814 694 1989 763 saecli,

674 783 890 856 Corpus
913 787 1140 845 Joannis
1168 787 1303 845 felix
1328 789 1624 846 habitabile
1650 791 1881 861 sumpsit

672 881 835 954 213
865 882 1034 950 Elias,
1048 882 1320 955 quondam
1334 898 1492 955 quem
1508 883 1723 940 turbine
1736 884 1883 954 jussa
1898 898 2128 941 corusco

683 974 1118 1045 Flammipedum
1149 976 1326 1049 rapuit
1353 976 1630 1033 simulatio
1664 977 2129 1050 quadrijugornm.

676 1068 883 1124 Audiat
908 1067 1025 1125 huc
1054 1069 1215 1125 dictis
1238 1071 1479 1141 pandens
1504 1071 1758 1127 vitalibus
1782 1086 1966 1129 aures.

532 1159 643 1216 550
680 1159 836 1217 Nunc
864 1162 964 1217 tibi
995 1161 1280 1235 conﬁteor,
1310 1162 1560 1232 Genitor,
1584 1165 1669 1220 cui
1692 1164 1865 1236 gloria
1894 1166 2062 1222 servit

678 1255 965 1329 Fulgentis
990 1257 1137 1326 coeli,
1167 1267 1223 1314 et
1242 1268 1511 1315 terrarum
1539 1258 1975 1330 frugiferentum,

1756 292 1822 350 C.
1867 293 1932 352 V.
1976 293 2209 365 AQUIL.
2240 294 2533 354 JUVENCI

2158 416 2210 476 Α

3732 294 3839 352 l9?-

2378 410 2543 485 214.
2553 410 2752 469 Celasti
2768 426 2911 470 nunc
2924 414 3069 485 quod
3086 412 3421 484 sapientibus
3440 413 3543 469 ista
3555 412 3835 485 superbis,

2381 505 2452 560 Pa
2460 506 2722 577 rvulaque
2736 506 3000 562 infantum
3014 506 3100 562 vis
3112 506 3227 563 haec
3237 505 3635 578 comprendere
3644 503 3810 560 corda
3820 544 3837 560 .

2379 596 2498 653 Jam
2526 599 2655 653 mihi
2687 600 2964 669 regnantis
2991 612 3117 655 sunt
3143 599 3325 656 omnia
3352 599 3550 659 tradita
3576 597 3787 663 Patris,

2237 693 2345 750 555
2380 693 2491 750 Nec
2505 694 2789 765 quisquam
2808 694 3021 751 Domini
3045 696 3243 765 poterit
3258 708 3590 767 cognoscere
3611 691 3839 759 Natum,

2380 785 2446 842 Ni
2476 786 2624 841 solus
2647 785 2909 853 Genitor;
2930 785 3244 843 Genitorem
3270 796 3450 842 mente
3478 783 3693 841 videbit

2381 878 2571 945 Filius,
2600 879 2860 937 autidem
2891 880 3093 950 pandet
3124 880 3209 935 cui
3248 880 3373 935 talia
3403 879 3597 935 Natus.

2382 972 2497 1026 lluc
2518 987 2709 1028 omnes
2730 972 2971 1040 veniant,
2996 975 3181 1029 oneris
3203 988 3344 1045 quos
3366 970 3581 1028 sarcina
3603 973 3748 1026 vasti

2381 1064 2723 1139 Comprimit,
2764 1068 2809 1123 is
2834 1069 3035 1140 poterit
3060 1071 3232 1126 virtus
3257 1084 3376 1125 mea
3403 1082 3636 1124 munere
3663 1067 3846 1124 Patris

2236 1159 2343 1216 560
2386 1161 2648 1232 Antiquas
2677 1162 2822 1218 vires
2847 1161 3005 1218 hilari
3033 1177 3290 1234 reparare
3318 1162 3524 1234 quiete.

2382 1255 2589 1313 Sumite
2611 1256 2749 1313 forte
2764 1256 2978 1329 jugum,
3005 1257 3141 1314 levis
3162 1267 3245 1314 est
3267 1271 3384 1312 mea
3403 1254 3623 1312 sarcina
3644 1254 3842 1326 iustis,

1771 1376 2158 1435 LECTIONES
2193 1375 2616 1434 VARIANTES.

608 1468 736 1524 545.
769 1469 929 1541 Reg.,
975 1471 1115 1538 Ott.,
1147 1470 1295 1537 Ald.,
1322 1471 1471 1537 Bas.,
1517 1471 1627 1527 Lex
1667 1472 1831 1525 omnis
1860 1487 2136 1539 summam,

538 1537 788 1615 ἔρρωμαι
827 1537 875 1615 ιζ
898 1537 1122 1615 tempore
1155 1544 1306 1614 cepit.
1343 1542 1596 1613 Hadam.,
1628 1542 1838 1599 Poelm.
1875 1544 1928 1596 in
1961 1537 2137 1610 textu,

538 1609 751 1686 Westb.
783 1612 867 1686 ad
893 1609 1092 1685 marg.,
1132 1615 1202 1668 ad
1213 1609 1473 1686 tempora.
1499 1609 1694 1677 Torn.,
1720 1631 1753 1667 a
1781 1625 2012 1686 tempore
2033 1609 2138 1669 car-

537 1684 635 1808 ait.
667 1682 904 1750 Poelm.,
938 1682 1037 1755 pro
1067 1686 1121 1741 d.
1155 1702 1228 1756 s.,
1271 1682 1333 1740 in"
1351 1696 1597 1759 tempore.
1632 1687 1778 1750 Bas.,
1826 1682 1938 1741 Lex
1978 1688 2138 1740 omni.

593 1771 728 1808 om..
770 1755 887 1808 Vox
929 1758 1095 1808 omnis
1122 1774 1326 1808 summa
1356 1756 1607 1808 Baulistm
1632 1775 1666 1808 α
1709 1766 1935 1808 tempore
1963 1759 2137 1808 euenit.

593 1771 728 1830 om"
770 1755 887 1830 Vna;
929 1758 1095 1830 omnis
1122 1774 1326 1812 summa
1356 1755 1607 1829 Baptista!
1632 1775 1666 1812 a
1694 1766 1935 1830 tempore
1963 1759 2137 1830 carpit.

613 1825 740 1882 544.
782 1826 939 1896 Ald.,
962 1828 1113 1898 Bas.,
1145 1825 1654 1884 conclusus'eodem.
1680 1825 1902 1895 Cteteri,
1926 1825 2139 1883 conelu-

543 1896 688 1951 ditur
716 1897 873 1951 idem.

583 1899 688 1952 itur
716 1899 873 1953 idem.

613 1968 741 2025 845.
774 1970 831 2044 In
858 1971 995 2044 Reg.
1015 1969 1105 2026 hic
1124 1986 1317 2028 versus
1335 1982 1391 2028 et
1410 1987 1589 2044 seqq.,
1627 1987 1798 2042 usque
1829 1971 1896 2027 ad
1921 1986 2143 2027 versum

547 2040 753 2115 Quanto
793 2040 963 2111 igitur
984 2044 1152 2110 nobis,
1190 2043 1408 2111 desunt,
1442 2040 1577 2100 etin
1606 2040 1737 2099 folio
1765 2058 1985 2100 annexo
2011 2059 2143 2115 sup-

543 2113 677 2183 pleti
710 2123 838 2168 sunt
859 2116 1153 2168 recentiori
1184 2131 1367 2171 manu.

614 2182 743 2259 546.
782 2184 913 2259 Post
952 2201 1095 2241 vers.
1125 2186 1187 2243 Si
1224 2187 1405 2253 vultis,
1446 2186 1609 2259 lladz,
1642 2186 1875 2259 Poelm.,
1911 2185 2034 2259 Ipse
2074 2194 2147 2259 est

547 2254 695 2333 Elius
722 2256 851 2333 felix
877 2268 1120 2333 venturus
1153 2260 1208 2312 in
1237 2276 1425 2333 aevum,
1452 2290 1525 2300 —
1552 2257 1755 2333 Corpus
1770 2254 1999 2333 Joannis
2019 2257 2150 2327 felia:

545 2324 829 2402 habitabile
869 2330 1089 2402 sumpsit
1127 2360 1199 2371 —
1228 2329 1373 2402 Etias
1412 2324 1694 2402 quondam.
1726 2330 1817 2385 Sic
1864 2324 2144 2402 Daventr.,

549 2397 644 2475 sed
676 2396 902 2475 Ipse_est
928 2396 1180 2475 Joannes,
1212 2418 1309 2471 pro
1331 2396 1463 2475 Ipse
1482 2412 1557 2457 est
1584 2402 1754 2457 Elias.
1780 2402 1916 2456 Rom
1927 2442 1966 2475 ._,
1987 2396 2146 2471 Reg,

550 2466 747 2547 Corpus
790 2469 1021 2547 Joannes
1063 2466 1192 2541 felia:
1215 2466 1494 2530 habitabile
1534 2476 1773 2547 sumpsit,
1817 2502 1889 2515 -—
1925 2473 2051 2547 Ipse
2070 2466 2151 2528 est

546 2538 780 2616 Joannes
808 2544 936 2616 felix
973 2538 1220 2600 venturus
1268 2548 1324 2601 in
1347 2563 1512 2601 navum
1551 2576 1623 2587 -—
1651 2538 1816 2600 'Elias
1862 2538 2146 2616 quondam.

548 2610 687 2677 Ott.,
729 2625 781 2666 et
809 2610 977 2679 'Ald.,
1015 2625 1137 2684 post
1173 2633 1313 2672 vers.
1351 2619 1417 2674 Si
1463 2617 1643 2679 vultis,
1691 2610 1896 2673 omisso
1925 2619 2151 2671 omnino

550 2698 710 2761 versu
739 2684 864 2761 Ipse
888 2694 987 2752 est,
1016 2691 1200 2761 statim
1232 2690 1429 2761 legunt
1475 2712 1489 2743 :
1524 2688 1725 2761 Corpus
1753 2687 1981 2761 Joannis
2000 2687 2153 2761 felix

551 2755 830 2832 habitabile
857 2760 1076 2830 sumpsit
1105 2788 1175 2800 —-
1222 2755 1392 2830 Elius,
1441 2755 1725 2832 quondam.
1772 2760 1827 2814 ld
1872 2755 2043 2829 magis
2073 2760 2154 2815 vi-

546 2825 707 2883 detur
732 2844 858 2884 esse
887 2845 954 2884 ex
974 2825 1136 2885 'textu
1189 2825 1390 2887 Matth.
1410 2825 1486 2896 xi,
1525 2834 1627 2887 lt:
1662 2830 1731 2885 Et
1756 2833 1799 2885 si
1840 2825 1994 2885 vultis
2022 2832 2156 2885 reci-

553 2914 691 2967 pere.
721 2901 836 2972 ipse
860 2910 935 2974 est
958 2899 1126 2969 Elius,
1145 2905 1235 2974 qui
1255 2915 1501 2958 venturus
1523 2915 1617 2958 est.
1647 2902 1956 2958 Reuschius
1979 2911 2150 2974 putat,

553 2982 769 3044 poetam
792 2986 890 3041 per
908 2973 1232 3044 hypallagen
1251 2976 1472 3031 inverso
1499 2975 1692 3030 ordine
1716 2976 1923 3029 dictum
1948 2973 2151 3028 Christi
2167 2988 2180 3002 ·

555 3041 624 3095 de
655 3043 770 3115 Elia
802 3045 926 3099 novi
948 3041 1215 3101 'Fmderis
1246 3048 1616 3102 testimonium
1650 3046 1976 3101 enuntiare:
2010 3046 2154 3115 quod

552 3114 863 3181 artificium,
893 3116 1062 3179 addit.
1086 3118 1700 3188 gloSSatoridisplicuit,
1730 3119 1822 3189 qui
1842 3117 1967 3172 ideo
1987 3114 2154 3172 verba

555 3194 732 3240 textus
762 3190 1073 3258 accuratius
1098 3190 1406 3254 exprimere
1433 3200 1708 3258 satagens,
1758 3189 1905 3244 hunc
1935 3204 2151 3243 versum

556 3258 818 3332 Oll‘ll'llASll:
848 3257 972 3332 Ipse
1000 3269 1073 3332 est
1108 3259 1259 3313 Elias
1281 3303 1296 3327 ,
1323 3261 1453 3332 felix
1478 3257 1723 3314 venturus
1753 3262 1807 3313 in
1829 3276 2017 3314 aevum.
2053 3262 2157 3332 Stt-

554 3329 808 3400 spicabar
836 3347 851 3385 :
884 3329 948 3385 Si
970 3330 1124 3385 vultis
1146 3329 1374 3387 volucris
1414 3332 1704 3400 penetralia
1749 3347 1958 3384 noscere
1988 3330 2152 3399 strcli,

554 3425 627 3439 --
650 3397 774 3474 Ipse
801 3412 873 3456 est
898 3400 1129 3458 Joannes
1158 3404 1287 3474 felix
1324 3397 1574 3459 venturus
1614 3405 1668 3457 in
1691 3417 1859 3458 aevum
1896 3433 1967 3443 —
2006 3397 2155 3458 Elias

552 3473 815 3540 quondam
842 3490 1013 3546 quem,
1041 3484 1147 3531 etc.

2319 1470 2445 1525 547.
2480 1468 2663 1532 Rom.,
2688 1467 2825 1536 Olt.,
2850 1468 3029 1535 missa,
3056 1469 3200 1540 quod
3228 1470 3283 1524 in
3302 1468 3411 1524 Ott.
3438 1467 3641 1523 factum
3665 1474 3749 1523 est
3772 1479 3847 1540 ex

2242 1542 2420 1614 misso.
2468 1540 2612 1614 Reg:
2634 1555 2756 1595 cum
2791 1540 3060 1611 plerisque
3077 1538 3269 1614 editis,
3289 1545 3443 1614 jussa
3473 1556 3494 1595 :
3530 1553 3642 1610 quo
3671 1538 3842 1614 verbo

2244 1608 2881 1669 delectatur—Iuvencus.
2926 1608 3127 1682 Aptum
3156 1608 3373 1683 quitlém
3408 1611 3512 1667 hoc
3547 1608 3636 1665 est
3670 1609 3739 1683 ad
3770 1608 3848 1663 si-

2244 1684 2594 1740 mulationem
2618 1680 3063 1754 qnadrijugorum
3085 1680 3510 1754 exprimendam,
3534 1696 3661 1752 qua:
3684 1680 3847 1752 jussu

2244 1756 2429 1811 divino
2462 1765 2673 1825 peracta
2706 1765 2807 1810 est.
2840 1755 3013 1810 Aldus
3039 1770 3171 1811 vero
3196 1756 3361 1811 edidit
3392 1756 3571 1808 missa.

2317 1826 2440 1882 5.8.
2463 1821 2626 1900 Rom.
2657 1827 3051 1900 quadrigarum.
3080 1826 3184 1882 Alii
3206 1827 3662 1897 quadrijugorum,
3692 1821 3839 1899 quod

2170 1890 2218 1949 B
2248 1905 2443 1955 melius
2470 1890 2711 1955 cohmrét
2736 1890 2866 1953 cuni
2890 1890 3333 1970 Flammipedum.

2319 1972 2445 2027 551.
2488 1970 2741 2036 iladam.,
2770 1970 3003 2033 Poelm.,
3033 1966 3223 2030 Fabr..
3253 1981 3309 2025 et
3329 1969 3420 2024 alii
3441 1966 3844 2039 frugiferarum.

2319 1986 2445 2027 551.
2488 1986 2741 2036 uaaam.,
2770 1986 3003 2033 γοειιιι..
3036 1986 3223 2030 ηυγ..
3253 1986 3309 2025 et
3329 1986 3420 2024 aut
3441 1986 3525 2039 [ru
3567 1986 3844 2029 iterarunt.

2249 2042 2377 2098 Mss.
2410 2057 2601 2097 omnes
2626 2043 2797 2097 nostri
2818 2057 2939 2097 cum
2968 2041 3091 2097 Ald.
3124 2053 3179 2097 et
3210 2042 3494 2104 Daventr.,
3523 1986 3850 2110 ﬁugiferen-

2248 2124 2374 2177 tum,
2407 2113 2551 2184 quod
2590 2113 2861 2168 arridebat
2886 2114 3048 2168 etiam
3080 2113 3387 2185 Gallandio,
3428 2112 3557 2183 quia
3590 2112 3709 2185 huic
3738 2124 3849 2164 vox

2249 2181 2487 2244 Lucnetii
2526 2194 2607 2240 est
2648 2185 2770 2240 libr.
2810 2201 2828 2240 ι
2874 2199 3013 2240 vers.
3045 2185 3080 2241 5
3112 2202 3125 2238 :
3180 2184 3309 2254 Qua:
3336 2181 3480 2239 mare
3517 2181 3845 2256 navigerum,

2248 2274 2363 2326 qua:
2393 2268 2555 2310 terras
2587 2257 2971 2327 frugiferentes.

2321 2327 2448 2384 552.
2473 2322 2916 2393 Τιιτιι.,Ῥὸειιιι.,
2941 2344 3037 2398 pro
3058 2327 3112 2383 d.
3138 2344 3211 2395 s.,
3240 2326 3480 2399 Namque
3505 2322 3847 2399 abscondisti.

2249 2399 2494 2467 Westli.,
2527 2399 2585 2454 in
2611 2411 2788 2471 textu,
2822 2400 2894 2453 ita
2914 2394 3022 2465 {ad
3053 2414 3251 2471 marg.,
3282 2394 3485 2471 Caelesti
3510 2413 3649 2471 nunc
3678 2394 3815 2467 quod
3828 2436 3845 2461 ,

2251 2472 2530 2536 mendose,
2560 2487 2655 2539 pro
2681 2470 2880 2542 Celasti
2901 2488 3035 2525 nunc
3063 2472 3223 2542 quod,
3258 2470 3400 2540 quod
3427 2470 3689 2527 exhibent
3717 2481 3850 2542 mss.

2252 2552 2307 2599 et
2333 2538 2576 2614 plerique
2595 2543 2747 2598 editi.
2781 2543 2835 2614 In
2857 2538 3145 2611 Ott.,.post
3167 2538 3310 2598 hunc
3328 2538 3852 2614 versutn,_inseritur

2255 2612 2530 2687 hic_alius:
2557 2614 2766 2669 Occulis
2786 2613 2894 2687 lure
2914 2615 3177 2687 quondam
3198 2631 3350 2684 parve
3368 2612 3688 2687 sapientibus
3706 2624 3852 2674 orsa,

2252 2685 2820 2759 —Parvulaque,ietc.
2856 2685 3130 2759 Fortasse,
3162 2702 3316 2756 prave
3344 2685 3691 2759 sapientibus.

2327 2757 2454 2813 553.
2498 2754 2632 2827 Reg.
2669 2758 2894 2812 Parvula
2918 2759 3005 2829 qui
3027 2754 3304 2827 infantum,
3333 2754 3479 2827 quod
3511 2754 3854 2811 subobscure

2257 2830 2525 2884 indicatur
2550 2830 2603 2883 in
2626 2830 2810 2889 Rom.,
2845 2833 2934 2884 nhi
2969 2829 3225 2885 mendum
3257 2838 3342 2884 est
3366 2830 3452 2883 via:
3478 2843 3579 2898 pro
3608 2834 3703 2898 vis.

2328 2901 2456 2956 554.
2486 2901 2750 2967 ϐιιιιὶἱίοίθι
2772 2901 2967 2970 aliquis
2995 2916 3060 2955 ex
3092 2911 3238 2956 textu
3263 2896 3565 2971 Evangelii,
3586 2896 3856 2971 Jammilti

2258 2975 2493 3044 regnanti
2514 2983 2628 3027 sunt
2652 2973 2825 3045 omnia
2851 2968 3044 3045 tradita
3080 2971 3247 3034 Patri,
3283 2986 3381 3045 pro
3406 2968 3439 3025 ἀ
3464 2979 3717 3045 regnante
3749 2968 3858 3045 Pa-

2260 3041 2353 3099 tre.
2377 3045 2531 3100 Solet
2552 3044 2694 3099 enim
2716 3042 2987 3098 Juvencus
3018 3044 3101 3096 his
3128 3044 3325 3098 dativis
3350 3059 3449 3113 pro
3469 3041 3724 3097 ablativis
3751 3041 3855 3097 uti.

2261 3117 2319 3171 In
2351 3132 2409 3172 re
2442 3117 2693 3184 praesenti
2730 3115 2890 3170 nimis
2920 3115 3154 3186 implexa
3186 3116 3263 3171 sic
3292 3114 3551 3171 evaderet
3581 3114 3854 3187 syntaxis,

2260 3198 2316 3244 et
2343 3204 2531 3251 parum
2558 3190 2704 3243 clara
2733 3190 3023 3242 sententia.
3392 3202 3397 3207 ‘

2333 3260 2457 3315 559.
2488 3259 2718 3319 Poelm.,
2736 3260 2873 3322 Ott.,
2901 3274 2930 3313 a
2952 3274 3032 3328 pr.
3060 3274 3157 3318 m..
3182 3274 3420 3322 munera,
3444 3273 3509 3314 ex
3534 3272 3644 3329 quo
3667 3252 3723 3311 in
3744 3257 3857 3312 Ott.

2265 3341 2416 3458 re‘ete
2459 3331 2659 3386 factum
2694 3345 2928 3398 munere,
2972 3330 3439 3386 consentientibus
3468 3329 3591 3385 aliis
3627 3344 3761 3385 mss.
3807 3338 3861 3383 et

2265 3419 2295 3458 e
2338 3414 2446 3458 ius.

2263 3414 2446 3458 CUIUS.

2332 3475 2458 3530 561.
2491 3473 2904 3548 Schoettgenius
2925 3475 3237 3547 suspicatur
3261 3478 3399 3547 ferre
3419 3488 3521 3546 pro
3547 3476 3727 3547 forte:
3759 3472 3861 3529 hoc

2082 3587 2314 3645 NOTAE.

628 3682 756 3737 512.
780 3684 977 3756 Atrox,
1010 3686 1065 3740 in
1113 3684 1313 3741 bonam
1360 3694 1595 3756 partem,
1652 3683 1977 3756 vehemens,
2022 3697 2157 3737 con-

563 3765 733 3809 stans.
773 3755 1050 3824 Horatius,
1106 3756 1140 3812 l.
1192 3774 1254 3821 ll,
1285 3754 1377 3812 od.
1407 3758 1460 3821 1,
1518 3770 1660 3811 vers.
1692 3755 1765 3811 23
1800 3772 1813 3807 :
1848 3754 1916 3808 Et
1944 3765 2160 3824 cuncta

563 3836 821 3881 terrarum
845 3822 1062 3882 subacta
1086 3858 1159 3867 —
1180 3827 1384 3883 Praeter
1407 3837 1633 3882 atrocem
1663 3828 1900 3880 animum
1923 3822 2158 3880 Catonis.

564 3897 756 3970 Silius,
788 3898 827 3954 l.
859 3915 1096 3968 Vt,vers.
1128 3900 1552 3955 5781Atroxilla
1568 3900 1721 3970 ﬁdes.

635 3968 761 4025 545.
798 3970 1092 4035 Summam,
1136 3972 1325 4036 ﬁnem,
1365 3968 1845 4041 complementum.
1877 3969 2164 4037 Quintilia-

560 4054 688 4106 nuS,
722 4042 758 4096 Ι.
790 4060 848 4100 ιιι
869 4059 918 4098 c.
953 4044 1017 4097 2:
1045 4043 1185 4097 Huic
1209 4044 1457 4109 studium,
1491 4051 1538 4097 et
1568 4044 1940 4097 incrementum
1969 4042 2167 4096 dederit

561 4112 788 4182 utilitas,
812 4131 1068 4170 summam
1090 4116 1221 4169 ratio
1243 4126 1290 4168 et
1314 4116 1632 4179 exercitatio.
1659 4113 1860 4171 Confer
1888 4113 2167 4170 Barthittm

561 4197 615 4240 et
654 4185 1052 4258 Burmannum,
1080 4188 1146 4242 ad
1174 4186 1345 4247 Gtatii
1373 4187 1636 4258 Cyneget.
1667 4202 1813 4241 vers.
1841 4187 1966 4241 517.

636 4257 764 4315 545.
799 4259 1086 4315 Matthreus
1130 4261 1306 4314 solum
1332 4257 1479 4324 hmo;
1533 4258 1597 4314 Et
1641 4261 1688 4314 si
1727 4257 1887 4312 vultis
1916 4257 2164 4327 recipere.

573 4327 761 4385 Versio
786 4339 937 4385 vetns
968 4332 1021 4384 in
1053 4332 1178 4385 cod.
1209 4327 1451 4386 Colhert.
1483 4346 1604 4385 cum
1633 4329 1997 4395 Tertulliano,
2033 4333 2067 4382 Ι.
2101 4330 2169 4383 de

569 4400 769 4472 Anima
798 4417 918 4471 cap.
945 4403 1047 4457 55:
1083 4402 1148 4455 Et
1174 4402 1221 4456 si
1248 4402 1405 4456 vultis
1431 4401 1638 4456 audire.
1662 4402 1851 4458 Codex
1878 4400 2165 4472 Sangerm.

571 4470 626 4533 1,
655 4485 777 4525 cum
806 4473 1171 4536 Claratnont.,
1206 4473 1274 4527 Et
1299 4476 1342 4527 si
1364 4475 1516 4527 vultis
1544 4474 1700 4528 scire.

2268 3683 2414 3738 tione
2443 3682 2705 3754 analogia:
2728 3682 3040 3739 formatum.
3068 3682 3354 3754 Simulatio
3379 3678 3865 3754 interdumsimili:

2270 3754 2510 3809 tudinem
2528 3751 2995 3826 imitationemque
3016 3753 3318 3826 significat;
3348 3751 3494 3826 quod
3521 3752 3860 3826 hocJuvenci

2268 3841 2426 3881 versu
2457 3827 2741 3881 conﬁrmat
2772 3822 3127 3881 Forcellinus.
3160 3822 3437 3880 Glossa'in
3461 3822 3585 3878 cod.
3615 3823 3749 3894 lleg.
3783 3834 3863 3879 est

2268 3897 2742 3964 simulatio—sicut
2760 3900 2896 3952 visus
2914 3905 3011 3952 est.
3027 3896 3172 3951 Libr.
3189 3911 3269 3962 ιιι,
3291 3910 3434 3951 vers.
3451 3894 3582 3961 265,
3608 3896 3662 3949 in
3674 3894 3863 3951 eodem

2272 3982 2630 4040 argumento:
2684 3971 2842 4036 Quem
2889 3978 3113 4040 praepete
3160 3965 3631 4040 cunne—Turbine
3673 3968 3863 4022 caelesti

2273 4038 2537 4112 quondam
2563 4041 2812 4096 sintulata
2839 4038 3191 4112 quadrigis—
3212 4038 3379 4112 Astris
3421 4038 3643 4093 inseruit
3670 4040 3866 4112 rapida:

2272 4110 2345 4166 vis
2371 4113 2571 4182 fervida
2598 4110 2858 4183 ﬂammw.
2880 4110 3155 4176 Sedulius,
3190 4126 3230 4178 ι,
3266 4110 3368 4166 165
3398 4129 3411 4163 :
3445 4112 3616 4183 Aurea
3646 4110 3868 4183 flammi-

2273 4181 2412 4257 geris
2439 4181 2638 4257 erectus
2666 4184 2718 4238 in
2751 4194 2893 4237 astra
2922 4183 3214 4257 quadrigis.
3245 4181 3776 4257 Arntzenius,_ad_h.
3805 4183 3863 4247 l.,

2276 4250 2383 4310 non
2405 4254 2666 4310 dissimile
2693 4257 2771 4309 ait
2799 4250 3053 4311 essehoc
3083 4250 3343 4319 Juvenci,
3388 4254 3482 4308 sed
3515 4252 3647 4321 legit
3680 4250 3864 4306 Flam-

2273 4330 2527 4400 miger-um
2554 4327 2751 4400 rapuit.
2790 4327 3176 4400 Conferend‘us
3208 4333 3291 4381 est
3320 4324 3484 4381 etiam
3517 4323 3779 4380 Muncker
3803 4323 3864 4379 ad

2276 4397 2525 4483 Fuigent.
2558 4398 2594 4452 l.
2631 4414 2645 4451 ι
2673 4398 2899 4470 Mythol.
3022 4397 3148 4453 616.

2346 4472 2472 4523 549.
2516 4471 2716 4523 Sunra.
2744 4484 2890 4523 vers.
2960 4470 3067 4523 54:
3114 4469 3148 4523 Α

2346 4467 2472 4544 549.
2516 4467 2890 4544 Supra,'vers.
2920 4467 3067 4525 454:
3114 4468 3344 4523 Auribus
3373 4475 3462 4522 aut
3488 4467 3641 4524 duris
3668 4477 3866 4544 spernet

644 4542 770 4596 546.
804 4541 980 4617 Verba
1012 4533 1246 4598 Matthasi
1277 4554 1431 4617 sunt:
1467 4543 1593 4617 Ipse
1621 4556 1697 4598 est
1726 4543 1899 4610 Elias,
1928 4545 2017 4617 qui
2043 4561 2168 4598 ven-
2195 4533 2248 4594 Ι)
2274 4543 2453 4617 vitalia
2480 4533 2651 4617 verba.

566 4622 719 4666 turus
767 4622 862 4667 est.
904 4614 1060 4681 Quod
1112 4623 1291 4671 autem
1338 4614 1830 4683 Elias'sumpserit
1879 4615 2171 4671 habitabile

573 4684 1029 4757 eorpusloanuis,
1048 4685 1545 4757 metempsychosin
1562 4688 1791 4741 redolet.
1813 4686 2171 4757 Eratquidem

577 4754 681 4807 hoc
706 4755 901 4826 dogma
918 4758 1053 4811 satis
1082 4754 1340 4828 frequens
1360 4758 1501 4812 inter
1520 4757 1738 4813 Judteos
1759 4754 2170 4812 Cliristi'aatate:

574 4827 663 4894 qui
696 4839 982 4898 propterea
1010 4827 1271 4897 putabant
1290 4829 1568 4884 Christum
1599 4844 1723 4884 esse
1744 4828 2008 4885 Joannem
2038 4828 2175 4895 Bap-

577 4898 782 4966 tistam,
811 4911 902 4953 aut
928 4898 1248 4962 Jeremiam.
1280 4911 1373 4954 aut
1404 4901 1595 4963 Eliam,
1624 4910 1717 4956 aut
1747 4901 1911 4954 alium
1940 4916 2004 4955 ex
2051 4916 2173 4966 pro-

581 4968 777 5041 phetis.
814 4971 1018 5027 Eodem
1051 4974 1287 5041 pertinet
1318 4972 1460 5041 quod
1497 4973 1736 5027 Herodes
1780 4973 1994 5028 dicebat
2033 4970 2170 5026 Mat-

584 5040 708 5094 thaci
740 5058 845 5116 xw,
880 5043 915 5096 2
944 5060 969 5116 εγ
997 5040 1097 5097 Hic
1123 5053 1195 5097 est
1220 5040 1457 5097 Joannes
1486 5042 1761 5116 Baptista:
1796 5046 1907 5112 ipse
1945 5045 2173 5116 surrexit

580 5128 613 5163 η
643 5114 882 5170 mortuis.
915 5115 1163 5170 Christus
1187 5116 1255 5168 de
1273 5117 1483 5171 Joanne
1509 5113 1700 5170 eodem
1730 5117 1895 5172 modo
1916 5117 2019 5170 ait:
2050 5113 2174 5184 Ipse

581 5192 656 5238 est
690 5184 829 5239 Elius
854 5203 874 5251 ;
901 5185 995 5241 sed
1026 5201 1148 5240 cum
1182 5188 1347 5240 addat
1373 5207 1383 5241 :
1420 5187 1522 5255 Qui
1542 5186 1696 5242 habet
1724 5204 1874 5242 aures
1899 5186 2172 5251 audiendi,

582 5254 785 5329 audiat,
817 5259 1042 5329 mystice
1086 5258 1217 5313 illttd
1263 5254 1671 5329 intelligendum
1705 5274 1827 5314 eSse
1850 5271 2035 5329 aperte
2075 5258 2173 5311 de-

585 5328 776 5382 clarat.
819 5328 1018 5382 Eadem
1058 5328 1707 5398 interpretatio’quadrat
1749 5334 1801 5385 in
1849 5328 2171 5395 iuvencum,

586 5398 679 5473 qui
705 5399 848 5454 illico
884 5400 1198 5473 subiungit:
1233 5403 1427 5456 Audiat
1465 5402 1574 5457 Ittec
1601 5403 1754 5457 dictis
1781 5403 2015 5473 pandens
2042 5401 2175 5454 vita-

586 5471 720 5526 libus
747 5487 913 5526 aures.
948 5471 1250 5529 ReusChius
1279 5484 1456 5531 tamen
1483 5471 1789 5543 suspicatur
1816 5491 1880 5531 ex
1910 5475 2009 5529 hoc
2037 5474 2179 5538 loco,

584 5552 638 5599 et
679 5558 745 5598 ex
777 5558 923 5599 vers.
965 5544 1092 5609 524,
1122 5545 1420 5602 Iuvencum
1452 5562 1519 5601 ex
1548 5546 1790 5603 Ριςιιυηὶε
1817 5547 2001 5601 schola
2051 5560 2181 5615 pro-

589 5615 833 5691 diissei
847 5619 1094 5691 agnoscit
1127 5619 1270 5674 enim
1313 5631 1556 5689 apertam
1586 5619 2083 5691 metempsychosin
2114 5629 2182 5671 eo

591 5686 903 5766 vers:__524,'
930 5705 1093 5766 quem
1127 5692 1207 5746 sic
1236 5686 1366 5763 legit
1388 5707 1403 5746 :
1425 5691 1505 5746 Ad
1530 5708 1718 5766 corpus
1741 5686 1974 5746 remeans
1996 5691 2187 5744 anima:

579 5759 696 5827 jam
716 5758 879 5812 libera
904 5761 1085 5816 virtus.

586 5863 605 5899 ι
658 5830 783 5887 548.
814 5828 1158 5905 Flammipes,
1195 5835 1512 5894 vocabulum
1542 5853 1739 5893 novum
1765 5853 1793 5892 a
1820 5836 2062 5892 Juvenco
2093 5848 2180 5890 ra-

2348 4616 2474 4673 550.
2520 4612 2749 4671 CAPUT
2792 4610 2940 4668 XXI.
2979 4612 3251 4685 Confessio
3275 4611 3402 4669 Iesu
3431 4615 3501 4667 ad
3539 4606 3777 4685 Patrem,
3823 4622 3867 4669 et

2266 4690 2454 4761 jugum
2477 4685 2691 4741 Domini
2713 4688 2819 4741 leve
2839 4701 2968 4741 esse.
2995 4684 3185 4741 Matth.
3204 4703 3276 4753 xn,
3301 4688 3373 4743 25
3395 4702 3532 4758 seq.;
3560 4684 3693 4741 Luc.
3724 4704 3776 4755 x,
3799 4685 3861 4741 2|

2276 4774 2431 4814 sentt.

2386 4778 2472 4887 55.
2502 4831 2694 4885 Omnia
2717 4828 2910 4894 Patris,
2940 4843 3134 4897 nempe
3157 4830 3362 4897 omnia,
3383 4846 3502 4898 qua:
3525 4830 3703 4886 Patris
3725 4835 3864 4895 sunt,

2279 4912 2335 4955 ut
2360 4903 2397 4956 l.
2426 4903 2481 4957 h.
2512 4901 2821 4958 vers-.199:
2861 4900 3052 4955 Omnia
3082 4902 3295 4965 mundi;
3323 4912 3377 4957 et
3399 4904 3434 4955 l.
3462 4918 3538 4970 tv,
3565 4919 3710 4958 vers.
3732 4903 3862 4956 2l8:

2283 4973 2472 5029 Omnia
2508 4989 2731 5043 pompae.
2788 4973 3076 5027 Malthaaus
3113 4972 3189 5027 ait
3223 4991 3236 5028 :
3283 4972 3472 5029 Omnia
3510 4976 3639 5029 milii
3684 4974 3858 5030 tradita

2282 5057 2397 5099 sunt
2418 5064 2451 5099 a
2471 5045 2649 5099 Patre.

2355 5117 2478 5172 560.
2509 5116 2793 5190 Matthmus
2827 5133 2840 5170 :
2873 5115 2941 5170 Et
2971 5132 3062 5187 ego
3086 5115 3320 5190 reﬁciam
3346 5133 3454 5172 vos.
3486 5117 3771 5190 Sangerm.
3790 5117 3824 5170 2

2289 5187 2473 5263 _Et_ego
2503 5189 2757 5257 reﬁciam,
2785 5205 2879 5263 nos
2906 5188 3462 5263 requiescerefaciam,
3491 5187 3842 5263 Hieronymus

2285 5259 2339 5315 in
2367 5257 2556 5315 Isaiam
2586 5276 2707 5315 LVIII
2736 5279 2748 5314 :
2778 5257 2845 5313 Et
2870 5257 3128 5332 ego'vobis
3154 5257 3290 5313 dabo
3312 5261 3572 5330 requiem:
3606 5257 3713 5317 hoc
3730 5261 3837 5316 enit

2286 5333 2578 5403 significat,
2610 5332 2858 5404 aitipse,
2902 5332 3185 5404 ἀναπαύσω
3215 5334 3372 5404 ὑμᾶς.
3394 5332 3703 5404 Coltzerent
3734 5333 3833 5387 Pra

2286 5402 2609 5468 destinatus,
2653 5403 2772 5461 libr.
2810 5419 2890 5466 ιιι,
2934 5415 3065 5458 tom.
3100 5402 3448 5465 lSirmondi.
3481 5416 3675 5461 auctor
3698 5410 3827 5473 oper

2286 5476 2591 5547 imperfecti
2623 5477 2677 5530 in
2714 5476 2887 5543 Matt.,
2930 5486 2984 5529 et
3016 5474 3120 5547 hoc
3150 5476 3274 5529 loco
3302 5474 3597 5531 Juvencus.
3641 5476 3821 5533 Sclicet

2284 5545 2477 5618 genius
2493 5550 2767 5614 observat,
2782 5545 3366 5618 eleganterluvencutn
3383 5547 3817 5616 circumscripsis:

2284 5616 2345 5677 ἑὸ
2376 5622 2671 5690 aveoabeo
2690 5632 2813 5673 cum
2846 5618 3144 5690 interprete
3178 5616 3340 5690 Syro.
3386 5618 3574 5674 Simile
3599 5621 3726 5689 quid
3752 5631 3812 5690 an

2288 5691 2580 5746 ntadvertit
2609 5688 2677 5744 ad
2704 5703 2823 5760 cap.
2855 5704 2886 5742 ν
2917 5689 3070 5760 Matt.
3100 5688 3173 5745 45
3206 5688 3237 5743 ε’
3255 5690 3355 5756 Qui
3382 5694 3543 5745 solem
3574 5688 3726 5746 suum
3749 5688 3815 5744 on'

2285 5764 2411 5833 facit
2434 5777 2586 5833 super
2619 5762 2776 5814 bonos
2802 5768 2849 5814 et
2873 5759 3059 5814 malos.

2355 5832 2480 5888 561.
2506 5830 2669 5888 Forte
2689 5833 3063 5902 accipiendum
3084 5844 3166 5888 est
3187 5834 3431 5892 adverbii
3452 5851 3626 5904 more,
3654 5850 3748 5907 pro
3768 5836 3821 5907 ρ-
