3994 6314
484 297 596 355 ut:

1749 296 1812 355 c.
1855 297 1923 354 v.
1963 296 2196 368 AQUIL.
2236 295 2528 356 JUYENCI

3655 297 3766 358 216

1651 500 1997 585 LIBER
2070 499 2582 586 TERTIUS

627 797 792 872 κω
819 797 1058 856 Fuderat
1106 797 1162 853 in
1202 806 1378 855 terras
1420 811 1638 854 roseum
1677 797 1838 870 jubar
1877 799 2083 870 ignico-

1017 961 1020 964 ἠ
1795 888 1950 964 [inus
1976 891 2082 949 sol.

627 989 892 1060 Discipuli
920 988 1188 1060 rogitant,
1219 986 1360 1042 Lolii
1384 985 1513 1058 quid
1560 987 1792 1059 quaestio
1812 987 2012 1054 vellet,

633 1086 697 1140 Et
735 1084 977 1156 segetis:
1011 1083 1195 1138 clarus
1222 1081 1420 1153 quibus
1452 1079 1571 1136 haec
1597 1080 1870 1151 depromit
1898 1080 2082 1137 Iesus:

628 1177 844 1254 Optima
867 1175 960 1248 qui
987 1175 1148 1232 farris
1173 1174 1519 1231 commendat
1545 1173 1752 1229 semina
1783 1173 1985 1244 glebis,

557 1269 592 1325 5
631 1269 805 1325 Filius
845 1279 926 1324 est
965 1267 1240 1323 hominis:
1271 1266 1531 1322 mundum
1561 1266 1663 1322 sub
1693 1265 1912 1322 nomine
1943 1267 2084 1322 ruris

631 1361 898 1434 Accipite,
921 1369 1084 1432 atque
1105 1358 1354 1415 homines
1379 1375 1512 1428 puro
1531 1374 1630 1430 pro
1653 1359 1864 1415 semine
1883 1359 2081 1430 justos.

634 1461 705 1512 At
730 1455 942 1511 Lolium
972 1453 1159 1510 infelix
1181 1453 1424 1524 cooperti
1457 1451 1723 1508 daemonis
1753 1461 1871 1508 arte

627 1547 766 1604 Sunt
798 1546 1046 1602 homines
1087 1563 1100 1600 :
1133 1543 1390 1600 inimicus
1412 1543 1548 1609 erit,
1577 1545 1661 1600 vis
1692 1543 1937 1612 horrida,
1967 1543 2082 1601 dae-

571 1706 594 1718 ’
1835 1638 2006 1712 [mon.

627 1735 920 1791 Extremus
948 1731 1135 1788 mundi
1165 1730 1290 1786 linis
1317 1745 1418 1802 pro
1450 1740 1699 1804 tempore
1728 1730 1948 1786 messis.

526 1830 596 1886 10
634 1828 909 1888 Messores
940 1825 1102 1896 patrii
1133 1824 1355 1880 venient
1383 1837 1479 1893 per
1506 1837 1634 1878 rura
1665 1823 1937 1892 ministri,

626 1923 774 1991 Quos
804 1918 1044 1976 hominis
1075 1925 1236 1973 natus
1264 1917 1471 1988 proprii
1502 1916 1572 1971 de
1599 1931 1828 1986 corpore
1855 1917 2010 1988 regni

631 2013 906 2084 Colligere
935 2010 1140 2067 erroris
1171 2010 1415 2082 laqueos,
1447 2008 1738 2079 labemque
1761 2007 1997 2079 jubebit,

623 2107 788 2183 241
803 2107 1180 2176 Collectosque
1192 2102 1568 2176 simulrapidis
1577 2118 1810 2160 exurere
1826 2103 2080 2160 llammis.

2110 764 2166 824 A

2333 798 2598 855 Dentibus
2619 797 2711 856 hic
2726 797 2932 853 stridor
2953 811 3194 868 semper,
3217 795 3482 867 ﬂetusque
3500 796 3763 868 perennis:

2189 893 2258 951 15
2330 895 2679 966 Secretisque
2719 894 2826 964 piis
2856 890 3038 949 veniet
3071 892 3166 946 lux
3194 906 3360 947 aurea
3393 893 3534 958 vitta,

2326 989 2556 1046 Sedibus
2586 998 2642 1043 ut
2670 988 2796 1044 caeli
2822 987 3104 1043 vibrantur
3133 986 3339 1040 lumina
3370 985 3522 1040 solis.

2389 1079 2724 1144 Haecdocuit,
2746 1078 3082 1149 patriamque
3095 1075 3556 1133 reditSalvatorin
3568 1075 3767 1145 urbem,

2324 1171 2438 1227 Illic
2463 1170 2756 1239 expediens
2785 1169 2998 1240 populis
3026 1168 3305 1241 (mirabile
3333 1169 3509 1238 dictu)

2325 1264 2561 1321 Iustitia:
2595 1263 2765 1334 leges,
2791 1262 3027 1334 vitaeque
3053 1260 3288 1317 salubria
3307 1260 3484 1330 jussa,

2184 1357 2256 1413 20
2331 1356 2568 1413 Virtutes
2612 1355 2815 1426 patrias
2842 1353 3004 1410 simul
3039 1350 3372 1408 insinuando
3398 1350 3638 1408 docebat.

2329 1454 2484 1510 Tunc
2511 1453 2681 1508 livore
2706 1452 2860 1524 gravi
2890 1451 3078 1523 plebes
3106 1459 3377 1506 commota
3401 1463 3639 1516 suorum,

2331 1547 2730 1618 Pracsentisque
2759 1545 2918 1601 simul
2964 1545 3177 1601 Domini
3207 1543 3471 1600 miracula
3499 1543 3732 1611 volvens,

2333 1641 2400 1697 Et
2426 1641 2644 1713 generis
2673 1641 2786 1696 noti
2813 1651 3075 1712 reputans
3100 1654 3172 1694 ex
3205 1637 3398 1694 ordine
3427 1647 3659 1709 gentem,

2332 1737 2458 1794 Haec
2489 1739 2633 1793 inter
2664 1752 2790 1794 sese
2821 1736 3085 1792 mussanti
3115 1751 3252 1792 voce
3278 1744 3607 1791 susurrant:

2187 1831 2258 1887 25
2329 1829 2492 1904 242
2531 1830 2724 1888 Nonne
2766 1829 2856 1886 hic
2893 1839 2979 1887 est
3017 1829 3151 1886 fabri
3191 1828 3432 1897 soboles,
3460 1828 3549 1884 cui
3576 1842 3763 1885 nomen

3463 1919 3710 1994 [Ioseph?

2335 2016 2450 2073 Non
2475 2017 2645 2073 Maria
2663 2025 2742 2074 est
2763 2015 2997 2088 genitrix
3016 2017 3157 2072 ?non
3172 2015 3398 2071 fratrum
3411 2023 3536 2070 nota
3550 2025 3777 2084 propago

3562 2105 3664 2179 [est
3680 2104 3703 2160 ‘l

1724 2239 2112 2302 LECTIONES
2153 2245 2569 2302 VARIANTES.

567 2344 738 2400 Versu
771 2344 823 2400 1.
856 2340 996 2410 0tt.,
1039 2339 1224 2405 Rom.,
1271 2337 1327 2394 in
1357 2337 1548 2393 terris:
1578 2336 1709 2408 Reg.
1741 2351 1862 2391 cum
1890 2337 2052 2394 editis
2072 2382 2087 2408 ,
2122 2341 2170 2402 B
2199 2349 2374 2403 textu,
2419 2341 2682 2409 Reusch.,
2727 2341 2920 2409 'l‘oru.,
2953 2359 3061 2398 sese
3090 2344 3367 2398 summissa
3392 2357 3517 2396 voce
3542 2340 3784 2396 volutant.

489 2419 547 2472 in
579 2425 769 2470 terras.

557 2487 616 2542 2.
667 2486 808 2551 0tt.,
855 2485 1006 2550 velit,
1060 2482 1282 2551 factum,
1317 2489 1375 2535 ut
1405 2480 1618 2536 videtur
1657 2496 1724 2536 ex
1758 2481 1926 2536 vellet.
1976 2480 2083 2537 Lex

488 2557 751 2615 carminis
777 2557 952 2627 poscit
980 2552 1148 2609 vellet.

554 2633 609 2687 3.
653 2623 812 2700 Reg.,
836 2627 904 2683 Et
924 2626 1129 2699 segetis,
1153 2623 1386 2681 Christus
1408 2623 1596 2696 quibus
1620 2640 1639 2679 :
1659 2623 1842 2680 exteri
1857 2667 1871 2690 ,
1894 2623 2084 2689 clarus,

494 2701 880 2774 pro_Clrristus_.

561 2772 650 2829 10.
691 2771 819 2828 Mss.
848 2771 1008 2836 Reg.,
1032 2771 1176 2833 0tt.,
1201 2768 1360 2823 Rom.
1380 2780 1505 2821 cum
1527 2766 1722 2831 Torn.,
1743 2766 2088 2835 Poelmann.,

485 2861 587 2916 pro
618 2844 674 2898 d.
703 2860 778 2907 s.,
811 2851 877 2916 et
897 2838 1220 2916 _Gallaudio,
1254 2838 1625 2916 patrii._Ald.,
1659 2838 1936 2916 Davom},
1967 2839 2089 2916 _Ha-

489 2909 662 2983 dam.,
683 2915 870 2987 patris.
896 2913 1002 2969 Pro
1024 2913 1219 2969 venient
1249 2909 1398 2978 Ald.,
1432 2909 1580 2976 Bas.,
1604 2911 1835 2966 veniunt.
1859 2909 2091 2966 Retineo

490 2988 715 3043 venient.

563 3059 650 3113 12.
684 3057 794 3113 Ott.
815 3097 831 3124 ,
861 3055 1176 3128 Corrigere;
1209 3054 1265 3128 in
1319 3053 1452 3125 Reg.
1505 3052 1755 3128 fortasse
1778 3054 1946 3109 etiam
1992 3053 2095 3109 fuit

490 3130 787 3201 (Zorrigere,
838 3143 983 3183 nunc
1011 3124 1870 3201 estAColligere,’_quod‘verbum
1918 3140 1986 3179 ex
2035 3141 2094 3181 re

491 3203 604 3273 ipsa
644 3197 710 3273 'et
761 3216 828 3255 ex
882 3199 1153 3254 sententia
1204 3197 1486 3267 Evangelii
1538 3198 1699 3252 unice
1749 3211 1939 3251 verum
1971 3211 2094 3252 esse

492 3272 824 3329 Ostenditur.

565 3344 655 3398 14.
686 3343 874 3404 Rom..
905 3341 1064 3411 Reg.,
1098 3339 1249 3411 Ald.,
1271 3337 1506 3401 Poe!m.,
1532 3352 1630 3407 pro
1656 3337 1714 3403 d,
1743 3351 1814 3411 ε..
1843 3340 2096 3411 ﬂetusque

559 3416 750 3468 renuis.
796 3413 900 3467 Alii
939 3408 1062 3466 cum
1099 3410 1238 3481 Ott.,
1281 3411 1549 3478 luctusque
1583 3408 1849 3481 perennis.
1875 3408 2009 3463 Tum
2043 3411 2092 3462 in

542 3486 743 3556 ulgata,
782 3494 894 3539 tum
927 3483 980 3556 in
1003 3480 1618 3556 versionibus‘antiqnis
1650 3482 1754 3556 boc
1780 3481 1900 3556 loco
1929 3495 2095 3535 voca-

496 3550 681 3613 bulum
712 3558 862 3616 fletus
890 3554 1195 3608 adhibetur.
1234 3551 1489 3607 Putabam
1522 3550 1772 3606 Dentibus
1801 3553 1901 3605 hic.

568 3629 659 3683 17.
690 3626 850 3698 Reg.,
884 3625 1070 3690 Rom.,
1100 3623 1350 3698 Servatur
1379 3639 1398 3676 :
1428 3623 1673 3698 aliicum
1693 3621 1804 3679 Ott.
1831 3623 2096 3698 Salvator.

495 3699 555 3754 ln
594 3693 797 3763 Rom.,
836 3698 1154 3768 primamque
1193 3694 1448 3751 mendum
1481 3693 1699 3750 videtur
1728 3709 1823 3763 pro
1847 3697 2097 3764 patriam-
2129 3738 2175 3800 Ο

497 3787 617 3842 que.

570 3840 663 3897 20.
694 3841 875 3908 Rom.,
904 3840 1097 3912 primas
1127 3855 1146 3894 :
1174 3839 1289 3910 lege
1315 3839 1538 3912 patrias.

571 3913 664 3969 24.
697 3911 835 3975 Οιι..
867 3909 1050 3980 Ιὶὀῐη.,
1081 3927 1190 3966 sese
1215 3909 1484 3964 musitanti
1507 3925 1626 3964 voce
1653 3909 1908 3964 volutant.
1935 3910 2092 3980 Reg.,

499 4002 610 4042 sese
629 3985 882 4039 mussanti
900 4000 1020 4038 voce
1037 3990 1330 4038 susurrant.
1358 3980 1506 4049 Ald.,
1527 3980 1776 4050 Hadam.,
1792 3979 1998 4039 Poelm.
2012 4027 2026 4052 ,
2042 3983 2096 4038 in

2196 2411 2409 2468 Fabric.
2436 2455 2451 2476 ,
2503 2412 2902 2480 Poelmannus,
2947 2430 3043 2478 pro
3082 2413 3140 2469 d.
3189 2430 3278 2483 s.,
3327 2413 3644 2469 Gallandius
3681 2429 3780 2466 sese

2192 2485 2450 2555 mussanli
2490 2501 2608 2539 voce
2637 2485 2892 2539 volutant.
2928 2485 3112 2540 Placet
3144 2501 3257 2555 prie
3290 2486 3507 2540 cmteris
3533 2486 3786 2554 scriptura

2192 2554 2351 2626 Reg.,
2381 2571 2490 2609 sese
2518 2558 2772 2610 mussanti
2799 2572 2920 2610 voce
2945 2554 3242 2611 susurrant.
3276 2555 3517 2611 Mussare
3547 2565 3633 2626 est
3659 2557 3787 2610 clam

2195 2625 2556 2689 murmurare.
2605 2628 2744 2692 apud
2789 2628 3076 2698 Virgilium
3123 2640 3178 2684 et
3218 2628 3376 2683 alios.
3423 2626 3552 2683 Inde
3597 2625 3652 2682 lit
3688 2626 3785 2682 fre-

2192 2699 2565 2769 quentativum
2594 2699 2825 2766 musuilo,
2859 2701 3000 2767 quod
3031 2701 3086 2754 in
3117 2702 3228 2754 Ott.
3261 2707 3316 2755 et
3347 2699 3511 2755 Rom.
3541 2698 3679 2754 male
3702 2704 3791 2758 ex!

2192 2770 2448 2842 primitur
2491 2771 2890 2842 permusitanti
2928 2787 2947 2826 :
2989 2787 3167 2842 neque
3210 2780 3446 2825 metrum
3480 2772 3704 2842 patitur.
3731 2779 3789 2825 ut

2194 2839 2406 2896 dicatur
2449 2841 2768 2894 mussitanti.
2823 2839 3112 2897 Susum-are
3160 2843 3324 2898 simili
3371 2841 3534 2896 modo
3579 2849 3662 2897 est
3703 2856 3790 2895 oc-

2195 2913 2338 2967 culte
2368 2926 2650 2966 sermones
2678 2927 2882 2969 serere.
2910 2913 3164 2978 Ovidius,
3193 2913 3414 2969 Heroid.
3440 2914 3601 2980 epist.
3625 2912 3787 2967 ultim.

2196 2997 2340 3038 vers.
2380 2983 2488 3038 255
2534 3000 2548 3036 :
2595 2981 2650 3036 Is
2690 3001 2912 3108 Ictaque,
2959 2988 3132 3040 nescia
3171 3001 3350 3057 quam,
3397 3001 3536 3038 nunc
3574 2993 3628 3039 ut
3671 3000 3793 3053 vaga

2201 3056 2338 3108 fama
2352 3063 2709 3108 susurrat.—.
2749 3059 2994 3108 ealectam
3009 3058 3243 3108 atteritur
3263 3057 3406 3108 testis
3428 3055 3614 3108 habere
3628 3056 3790 3108 Iidem.

2197 3056 2338 3181 {ama
2352 3055 2994 3126 susurrat,—Neglectam
3009 3055 3243 3129 queritur
3263 3057 3406 3111 testis
3428 3055 3614 3110 habere
3625 3056 3790 3119 Iidem.

2219 3127 2334 3181 iinc
2364 3143 2666 3181 susurrones
2709 3129 2779 3181 ab
2810 3129 3163 3181 scriptoribus
3191 3128 3506 3181 christiauis
3528 3127 3678 3181 dicti.
3707 3127 3790 3181 aui

2219 3127 2334 3181 linc
2364 3143 2666 3181 susurrones
2709 3129 2779 3182 ab
2810 3127 3163 3194 scriptoribus
3191 3128 3506 3182 Christianis
3528 3127 3678 3193 dicti,
3707 3127 3791 3196 qui

2197 3198 2410 3321 occlulte
2429 3199 2778 3269 maledicunt,
2798 3211 2850 3255 et
2866 3199 3237 3255 dissensiones
3253 3200 3492 3254 susurris
3515 3197 3790 3254 iuteralios

2201 3283 2290 3321 mo
2315 3280 2514 3321 runtur.

2201 3280 2514 3324 mouuntur.

2270 3340 2363 3395 25.
2409 3339 2596 3407 Rom.,
2644 3340 2769 3397 Nun
2813 3342 2896 3395 [ti
2938 3359 2956 3396 :
3000 3341 3231 3398 fortasse
3274 3337 3533 3398 librarius
3566 3341 3798 3397 scribere

2201 3413 2370 3466 voluit
2409 3411 2620 3468 Numne
2663 3415 2763 3467 hic.
2812 3413 2972 3482 Ald.,
3016 3414 3140 3469 Bas.
3166 3459 3181 3483 ,
3226 3415 3422 3470 soboles
3470 3413 3602 3480 fabri
3641 3412 3794 3480 :alii,

2204 3484 2339 3552 fabri
2366 3485 2586 3539 soboles.

2271 3555 2362 3628 26.
2396 3553 2553 3628 _(_)tt.,
2580 3554 2722 3628 ,Νοη
2771 3555 2945 3610 Maria
2985 3558 3256 3628 genetrix?
3298 3556 3417 3611 sine
3461 3565 3561 3614 est.
3605 3557 3796 3619 Rom..

2204 3625 2350 3693 Ald.,
2385 3625 2436 3679 Ν
2446 3644 2528 3680 um
2562 3625 2832 3700 Μανίᾳ-εει
2859 3625 3121 3700 ρςηὶῐνὶπῖ
3141 3645 3263 3682 num
3291 3628 3520 3698 fratrum
3542 3639 3664 3700 nota
3686 3643 3797 3700 pro-

2205 3715 2336 3770 pago
2374 3701 2489 3752 est?
2527 3699 2650 3762 Alii,
2694 3697 2815 3772 Non
2856 3697 3038 3772 Maria
3059 3709 3133 3753 est
3163 3697 3437 3772 genittixﬂ
3456 3716 3561 3754 non
3590 3697 3799 3772 fratrum

2211 3779 2334 3843 nota
2359 3787 2592 3843 prOpago
2621 3772 2738 3825 est?
2761 3771 2968 3843 ()tnitto
2998 3769 3230 3834 Vallat’n,
3264 3771 3357 3840 qui
3380 3769 3611 3824 Mariam
3634 3772 3803 3843 iuno-

2210 3840 2474 3964 ;uinativo
2516 3840 2730 3913 semper
2771 3842 3058 3912 legendum
3101 3851 3273 3911 putat,
3311 3852 3369 3898 ut
3406 3843 3600 3908 Adam,
3648 3840 3803 3897 Abra-

2227 3929 2359 3964 tam.

2227 3929 2359 3968 tam.

2046 4097 2275 4156 ΝΟΤιΕ.

572 4196 732 4253 Vers.
765 4197 815 4251 1.
854 4193 1083 4251 CAPUT
1115 4191 1165 4266 Ι.
1193 4192 1574 4266 Interpretatur
1622 4192 1892 4266 discipulis
1922 4197 2094 4264 'para-

503 4269 673 4324 bolam
695 4269 758 4323 de
778 4268 1001 4323 zizania.
1023 4265 1260 4322 Mattlnci
1284 4263 1398 4330 xlii,
1424 4263 1492 4319 56
1513 4279 1666 4333 seqq.
1690 4263 2097 4318 Primum’hunc

503 4355 718 4396 versum
747 4341 1019 4394 iuvencus
1057 4337 1127 4391 de
1168 4350 1268 4391 suo
1315 4335 1538 4390 addidit.
1588 4334 1877 4389 Mattlncus
1920 4335 2096 4389 solum

505 4413 613 4466 ait:
643 4410 791 4464 Tunc
821 4411 1048 4463 dimissis
1077 4408 1258 4471 turbis,
1291 4410 1423 4460 venit
1444 4407 1500 4458 in
1527 4407 1770 4472 domum;
1799 4417 1848 4460 et
1871 4422 2099 4460 accesse-

503 4491 628 4536 runt
667 4483 734 4550 ad
765 4496 880 4532 eum
907 4480 1147 4549 discipuli
1188 4481 1299 4550 ejus
1342 4478 1568 4550 dicentes
1599 4492 1617 4530 :
1664 4476 1904 4550 Edissere
1952 4478 2098 4531 nobis

506 4549 811 4625 parabolam
836 4547 1152 4625 siaaniorunt
1179 4547 1312 4625 agri.
1340 4547 1460 4625 Lib.
1490 4562 1568 4613 iv,
1602 4563 1748 4625 vers.
1778 4549 1899 4625 iiii,
1925 4550 2100 4625 stellae

506 4618 762 4679 dicuntur
784 4621 1076 4691 ignicomar.
1105 4618 1252 4674 Voce
1278 4620 1568 4692 ignit‘omus
1607 4618 1883 4692 Ausonius
1911 4630 1967 4692 et
1992 4619 2099 4675 Ne-

509 4693 782 4749 mesianus
815 4692 898 4745 nsi
929 4700 1088 4757 sunt,
1135 4691 1370 4746 Avienus
1397 4691 1562 4745 etiam
1590 4691 1909 4758 ignicomans
1939 4691 2099 4747 dixit.

505 4763 706 4821 Cumas
753 4763 894 4829 soli,
942 4763 1139 4830 stellis,
1182 4761 1348 4816 immo
1387 4771 1442 4816 et
1482 4759 1591 4831 igni
1623 4761 1819 4831 passim
1854 4762 2103 4816 tribuunt

509 4845 708 4906 poeta).
720 4835 874 4906 illinc
899 4835 1064 4906 etiam
1093 4831 1171 4886 sol
1195 4833 1510 4906 auricomus.

579 4907 632 4962 Ἰ.
667 4905 946 4975 Virgilius,
987 4904 1160 4972 cclog.
1194 4905 1249 4968 5,
1281 4917 1434 4975 vers.
1464 4905 1531 4958 57
1558 4923 1571 4959 :
1600 4903 1798 4971 Infelix
1821 4903 2025 4969 lolium,
2057 4914 2104 4958 et

513 4978 710 5032 steriles
740 4973 1299 5046 dominanturiavenw.
1331 4973 1572 5030 Isidorus
1591 5017 1606 5040 ,
1635 4975 1760 5030 libr.
1792 4991 1925 5030 xvn.
1948 4975 2099 5046 Orig.

508 5063 628 5120 cap.
649 5049 702 5110 9,
738 5063 887 5120 num.
911 5046 1014 5102 152
1039 5065 1056 5120 :_
1075 5045 1314 5120 Zizania,
1340 5047 1480 5120 quod
1509 5056 1672 5118 poeta:
1698 5063 1897 5120 semper
1923 5048 2107 5120 infelix

507 5118 690 5174 lolium
707 5119 902 5179 dicunt,
917 5118 1056 5189 quod
1079 5118 1144 5171 sit
1161 5118 1367 5183 inutile,
1393 5128 1439 5170 et
1457 5118 1830 5190 infacundum.
1852 5118 2108 5188 Syntaxis

505 5201 628 5245 est:
673 5188 935 5245 Homines
981 5190 1224 5259 cooperti
1271 5199 1391 5244 arte
1437 5188 1701 5244 dzcmonis
1750 5202 1876 5245 sunt
1923 5191 2108 5246 lolium

511 5259 724 5334 infelix,
743 5261 955 5334 inutile.
985 5259 1225 5333 Cooperti
1253 5259 1502 5315 damonis
1522 5271 1634 5315 arte
1665 5262 1734 5317 ab
1761 5262 2107 5334 Evangelista

508 5333 768 5388 dicuntur
796 5332 896 5402 ﬁlii
921 5348 1162 5404 nequam.

582 5407 636 5461 8.
670 5406 878 5460 Sensus
909 5402 1026 5459 est:
1061 5403 1317 5458 Inimicus
1341 5402 1452 5458 erit
1483 5403 1718 5472 daemon,
1752 5406 1833 5460 vis
1866 5405 2107 5461 horrida.

2203 4209 2348 4267 vers.
2383 4194 2452 4267 9.8
2477 4211 2490 4246 :
2521 4191 2811 4267 credulitas
2833 4196 3030 4267 laqueis
3054 4204 3319 4250 errantum
3341 4197 3718 4267 praecipitetur.

2277 4264 2364 4338 15.
2392 4263 2636 4338 secretis,
2661 4263 2978 4336 segregans.
3001 4268 3141 4322 Mox.
3163 4285 3306 4322 vers.
3337 4263 3405 4323 96
3433 4286 3446 4322 :
3473 4263 3807 4338 Secretusque

2203 4333 2674 4410 deliincgenitoris
2691 4333 2880 4392 numen
2909 4339 3114 4392 adorat.
3143 4338 3422 4410 Virgilius,
3451 4343 3486 4393 Ι.
3516 4356 3633 4406 vin,
3660 4333 3802 4396 vers.

2204 4408 2310 4481 (ΠΟ
2345 4424 2356 4460 :
2391 4405 2725 4481 secretosque
2753 4410 2888 4481 pios,
2920 4411 2999 4464 Itis
3030 4405 3382 4481 dantem'jura
3410 4405 3678 4467 Catonem.

2278 4480 2366 4533 16.
2410 4479 2581 4554 Sacer
2619 4479 2789 4554 codex
2839 4499 2852 4535 :
2902 4481 3207 4554 Tuncjusti
3237 4479 3530 4554 fulgebunt,
3561 4485 3694 4539 sicut
3721 4483 3795 4538 sol

2203 4552 2256 4604 in
2287 4567 2448 4622 regno
2481 4551 2657 4606 Patris
2687 4569 2882 4607 eorum.
2921 4554 3025 4608 Pro
3048 4551 3256 4620 fulgent
3278 4551 3502 4622 ponitur
3521 4554 3802 4621 vibrantur,

2206 4639 2305 4696 pro
2342 4639 2449 4693 quo
2490 4623 2578 4677 alii
2620 4623 2808 4679 dicunt
2845 4624 3069 4696 vibrant,
3115 4624 3203 4679 tibi
3241 4625 3569 4696 intelligitur
3595 4641 3806 4683 accusa-

2208 4695 2346 4770 tivus
2372 4697 2633 4765 ﬂammas,
2664 4704 2757 4752 aut
2781 4696 2980 4770 aliquid
3008 4695 3208 4770 simile.
3239 4695 3459 4770 Vibrare
3489 4699 3710 4770 proprie
3728 4704 3807 4770 est

2209 4767 2510 4835 projicere,
2542 4779 2854 4824 concutere.
2892 4767 3168 4838 Virgilius,
3201 4783 3274 4822 vn
3304 4766 3435 4824 En.
3468 4766 3615 4825 vers.
3655 4768 3757 4825 524
3787 4785 3798 4823 :

2215 4838 2474 4909 Vibratus
2505 4838 2568 4892 ab
2594 4840 2785 4894 tet/tere
2821 4839 3016 4909 fulgor.
3408 4889 3411 4891 _

2282 4911 2369 4963 17.
2408 4907 2638 4983 CAPQT
2681 4909 2743 4964 ll.
2796 4907 3111 4983 Prop/letam
3148 4909 3204 4964 in
3241 4912 3414 4983 patria
3455 4928 3549 4967 sua
3579 4914 3689 4966 sine
3717 4911 3806 4965 lto-

2208 4997 2335 5036 nore
2379 4997 2509 5052 esse.
2555 4980 2742 5035 Matth.
2785 4980 2912 5052 xm,
2947 4981 3016 5037 55
3058 4980 3428 5052 εθαάΜειό.
3471 4999 3548 5051 vr,
3583 4985 3610 5039 1
3636 5001 3650 5049 ;
3680 4983 3806 5039 Luc.

2208 5068 2284 5116 tv,
2320 5052 2420 5116 16;
2451 5051 2644 5106 Joann.
2673 5067 2751 5118 vt,
2780 5051 2874 5109 42.

2284 5125 2373 5178 18.
2425 5121 2755 5195 Expediens,
2802 5124 3122 5194 explicans,
3172 5139 3476 5195 exponens.
3531 5126 3808 5198 Elegantia

2213 5207 2362 5250 ncta.

2281 5266 2370 5322 20.
2416 5264 2698 5321 Insinuare
2742 5282 2796 5321 se
2835 5275 2920 5321 est
2974 5266 3178 5322 aditum
3224 5267 3323 5323 sibi
3365 5269 3548 5326 facere
3587 5271 3653 5326 ad
3693 5284 3811 5324 cau-

2212 5352 2348 5393 Sam.
2381 5337 2656 5394 Interdum
2699 5349 2991 5404 usurpatur
3016 5339 3289 5393 insinuare
3321 5349 3635 5396 neutrorum
3665 5355 3811 5396 more

2212 5411 2331 5465 sine
2355 5413 2690 5477 accusativo,
2725 5413 2817 5478 qui
2854 5409 3013 5465 facile
3039 5410 3383 5466 subauditur.
3420 5413 3533 5469 Hoc
3562 5414 3686 5469 loco
3715 5428 3808 5481 po-

523 5475 612 5566 γᾶς
665 5475 885 5566 horrida
935 5476 1447 5566 casusapposiius.
1502 5475 1650 5532 Libr.
1700 5491 1748 5544 ι,
1807 5492 1948 5533 vers.
1975 5479 2100 5544 420,
2129 5491 2317 5566 Dtest
2362 5483 2503 5566 idem
2555 5475 2894 5566 accusativus
2937 5481 3152 5536 virtutes
3202 5482 3500 5566 deservire
3533 5500 3636 5556 pro
3679 5475 3805 5540 insi-

510 5547 724 5603 daemon
755 5546 959 5602 dicitur
985 5545 1060 5600 vis
1086 5547 1264 5600 livida.

586 5619 673 5674 12.
710 5620 820 5673 Hoc
848 5617 884 5672 l.
916 5631 1059 5672 vers.
1093 5617 1196 5673 58:
1232 5615 1442 5674 Erroris
1468 5621 1657 5688 labem,
1686 5630 1748 5676 et
1773 5634 1917 5676 vers.
1961 5621 2103 5688 402,

509 5688 720 5744 Erroris
749 5690 994 5757 laqueos;
1022 5698 1077 5744 et
1111 5689 1148 5743 Ι.
1191 5705 1278 5753 tv,
1312 5705 1455 5746 vers.
1503 5691 1632 5759 752,
1678 5707 1866 5748 rursus
1899 5692 2104 5749 Erroris

511 5761 744 5832 laqueos.
775 5762 866 5818 Sic
889 5762 1113 5829 exponit
1139 5777 1328 5817 vocem
1376 5763 1647 5832 scandala,
1694 5775 1751 5819 ut
1798 5765 1834 5818 l.
1878 5781 1923 5832 ι,
1953 5780 2098 5821 vers.

509 5829 642 5887 559:
667 5832 728 5889 Si
758 5842 805 5887 te
833 5834 967 5900 forte
991 5832 1128 5889 oculi
1156 5833 1324 5889 dextri
1353 5829 1668 5906 laqueaverit
1685 5852 1860 5901 error;
1886 5829 1940 5892 et
1967 5837 2002 5894 l.
2020 5852 2094 5903 tv,

2209 5552 2438 5614 natando,
2470 5563 2525 5607 et
2554 5551 2802 5616 docebat,
2834 5560 2894 5606 ut.
2918 5567 3062 5618 smpe
3090 5555 3272 5607 evenit
3302 5555 3444 5622 apud
3473 5551 3797 5612 .lu'vencum.

2210 5624 2512 5697 Insittuutin
2553 5625 2834 5697 rhetorica
2875 5623 3004 5693 quid
3051 5623 3140 5690 sit,
3187 5625 3355 5681 docet
3391 5625 3608 5697 Cicero,
3639 5629 3676 5683 Ι.
3700 5643 3720 5682 ι
3747 5627 3812 5682 de

2209 5695 2420 5750 Inveni.
2455 5711 2574 5761 cap.
2609 5693 2697 5749 15.

2274 5767 2364 5821 21.
2404 5766 2654 5831 Suarum,
2697 5765 2907 5838 civiuin
2939 5765 3173 5838 scilicet.
3217 5767 3298 5825 De
3336 5768 3498 5825 simili
3547 5771 3801 5838 loquendi

2207 5839 2419 5894 ratione
2450 5838 2670 5894 consule
2701 5849 2814 5896 nat.
2844 5836 2910 5891 ad
2944 5837 3200 5894 Dracont.
3232 5841 3269 5895 Ι.
3303 5855 3385 5909 ιιι,
3413 5848 3557 5899 vers.
3590 5836 3718 5898 256.
