3994 6314
279 323 370 383 241

467 530 596 587 "me
623 530 715 586 ubi
738 530 888 587 dicta
912 529 1086 600 dedit,
1118 546 1333 604 passus,
1351 530 1437 588 bis
1461 542 1615 589 terna
1646 534 1861 592 dierum

400 624 632 681 Lumina
654 638 905 681 convexo
932 634 1106 681 terras
1132 633 1515 683 transcurrere
1544 629 1718 700 coelo,

402 719 541 775 Tum
569 735 756 776 secum
775 720 934 791 jubet
962 721 1253 793 abruptum
1285 722 1662 781 conscendere
1698 740 1857 780 mon-

1650 816 1783 891 [tem

397 906 627 964 Petrum
653 949 668 975 ,
697 906 1044 979 Zebedeique
1065 908 1202 964 duos
1232 924 1328 979 per
1356 910 1517 966 devia
1550 919 1729 967 natos.

262 1000 360 1059 520
396 1003 563 1076 2⁷0
607 1000 745 1059 Inde
789 1003 882 1059 ubi
931 1012 1253 1075 perventum
1296 1006 1494 1062 secreti
1547 1006 1753 1063 montis
1795 1006 1853 1063 in

1537 1101 1742 1177 [arcem
1760 1145 1775 1172 ,

393 1193 672 1251 Continuo
698 1192 953 1250 Christus
979 1195 1171 1251 faciem
1198 1194 1413 1267 fulgore
1437 1210 1669 1252 corusco

388 1288 654 1354 Mutatur,
685 1288 969 1359 vestisque
996 1288 1140 1345 nivis
1169 1289 1408 1345 candore
1429 1289 1669 1346 nitescit.

384 1380 718 1456 Respiciunt
740 1383 972 1441 comites
993 1425 1008 1454 ,
1047 1383 1398 1459 mediumque
1432 1384 1694 1443 assistere
1726 1401 1849 1444 san-

1653 1483 1778 1557 [clis

383 1573 524 1630 Elia:
542 1615 559 1640 ,
593 1572 848 1644 Mosique
874 1573 1079 1630 vident.
1108 1573 1245 1630 Tum
1269 1575 1401 1631 talia
1427 1576 1623 1634 Petrus
1652 1597 1665 1631 :

249 1666 349 1725 525
383 1666 625 1741 Respice
645 1710 661 1738 ,
702 1683 834 1726 num
865 1670 1023 1728 nobis
1047 1669 1233 1742 potius
1257 1670 1546 1730 discedere
1568 1673 1733 1747 longe
1753 1717 1768 1743 ,

1336 322 1805 385 EVANGELICJE
1845 327 2194 388 HISTORIA}
2231 332 2363 390 LIB.
2405 334 2493 393 IlI.

274 437 372 494 515
405 436 686 495 Inveniam
706 478 722 505 ,
749 436 874 493 caali
905 435 1117 508 fulgens
1142 451 1267 494 cum
1298 452 1467 509 regna
1498 453 1807 511 capessam.
1887 447 1941 509 Α

3456 337 3585 429 eis

2110 448 2195 504 An
2222 448 2383 506 isthic
2406 458 2571 506 tantae
2594 452 2904 523 spectacula
2928 467 3165 510 cernere
3194 452 3361 509 molis

2105 541 2414 600 Conveniat
2444 562 2457 598 :
2490 545 2629 601 trina
2659 557 2841 604 tamen
2865 547 2955 605 hic
2986 547 3221 604 tentoria
3251 548 3411 604 vobis
3433 590 3450 615 ,

2107 636 2163 694 Si
2189 637 2415 708 jubeas,
2449 639 2664 696 frondis
2690 641 2882 697 faciam
2915 643 3133 699 diversa
3160 652 3353 713 paratu
3376 686 3392 713 ,
3548 621 3561 641 τ

2112 732 2340 804 Singula
2368 733 2471 790 sub
2497 745 2716 791 noctem
2742 752 2863 806 qua:
2893 752 2988 792 vos
3018 736 3190 792 aulaea
3221 744 3531 806 receptent.

1968 825 2071 882 550
2108 825 2262 881 Talia
2292 826 2419 881 dum
2454 826 2712 898 loquitur,
2746 828 2886 885 cmlo
2913 828 3230 900 prmfulgida
3262 830 3435 886 nubes

2110 921 2269 994 271
2302 921 2662 993 Circumjecta
2689 923 2863 979 oculis
2899 923 3129 979 vestibat
3156 923 3361 982 lumine
3403 939 3562 979 mon-

3328 1014 3484 1089 [tem,

2107 1110 2175 1165 Et
2198 1123 2300 1165 vox
2325 1123 2357 1166 θ
2379 1108 2558 1166 medio
2590 1109 2726 1166 lucis
2749 1108 3037 1167 manifesta
3064 1109 3306 1166 cucurrit
3337 1127 3349 1164 :

2104 1204 2309 1262 Unicus
2341 1205 2429 1260 hic
2454 1221 2609 1261 meus
2641 1212 2728 1262 est
2755 1205 2944 1273 Natus,
2979 1220 3098 1260 mea
3125 1203 3241 1260 sola
3272 1202 3553 1272 voluntas;

2101 1296 2273 1368 Hujus
2290 1297 2552 1367 justitiam
2580 1298 2729 1369 justo
2754 1297 3124 1369 comprendite
3157 1296 3340 1353 corde.

1959 1389 2065 1446 555
2104 1390 2364 1460 Discipuli
2389 1391 2585 1462 pavido
2626 1402 2952 1463 presserunt
3000 1405 3238 1463 corpore
3280 1400 3508 1451 terram.
3558 1414 3563 1419 ν

2100 1482 2212 1540 Nec
2245 1485 2399 1553 prius
2427 1500 2459 1541 e
2483 1500 2661 1556 prono
2683 1486 2866 1540 vultus
2895 1484 3186 1541 sustollere
3208 1500 3345 1541 casu

2096 1577 2406 1647 Audehant,
2436 1587 2625 1634 sancto
2654 1577 2856 1635 Christi
2882 1577 2984 1635 nisi
3013 1578 3240 1635 dextera
3268 1589 3417 1637 tactu

2097 1674 2427 1733 Demulcens
2449 1674 2663 1732 blandis
2695 1674 2966 1732 ﬁrmasset
2988 1683 3216 1748 pectora
3246 1676 3435 1734 verbis
3472 1696 3483 1732 :
3541 1655 3562 1669 ”

1499 1831 1879 1891 LECTIONES
1916 1831 2337 1892 VARIANTES.

245 1948 584 2027 Itaquevera
602 1949 777 2027 lectio
807 1949 1024 2027 videtur
1044 1948 1138 2005 sub
1153 1949 1338 2027 limine
1359 1948 1513 2027 luci_s,
1547 1957 1609 2004 ut
1632 1950 1757 2005 libr.
1785 1966 1845 2027 ιι,
1878 1955 1927 2015 Β
1955 1953 2118 2007 etiam
2152 1953 2205 2007 in
2252 1953 2541 2027 Reg.,ﬁsed
2572 1954 2629 2010 in
2673 1955 2775 2011 hoc
2814 1954 3166 2011 emendatum
3196 1953 3302 2009 fuit
3351 1971 3450 2027 per
3474 1957 3558 2011 di-

241 2038 374 2078 vers.
400 2021 509 2079 654
542 2040 556 2076 :
593 2021 856 2094 Larisque
878 2023 1053 2093 vigens
1093 2023 1162 2075 ad
1191 2021 1396 2094 limina.
1447 2023 1512 2076 Et
1564 2033 1745 2092 potest
1788 2024 1842 2077 id

242 2094 462 2167 intelligi
486 2096 558 2150 de
585 2097 693 2149 line
722 2092 842 2164 ipso
863 2092 1021 2167 vigc,
1061 2102 1118 2147 ut
1138 2092 1277 2160 apud
1305 2094 1599 2167 Apuleium
1618 2095 1750 2167 libr.
1780 2110 1838 2149 ιι

240 2164 642 2240 Metani.,post
670 2166 816 2240 med.
857 2164 1218 2240 :UTrattsactis
1243 2167 1359 2240 vine
1387 2166 1699 2240 temporibus
1720 2169 1838 2240 jam

240 2184 476 2235 metam,
513 2184 642 2236 pOSt
670 2184 816 2221 mea.
857 2184 869 2219 :
914 2184 940 2219 ι
961 2184 1218 2219 ransacus
1243 2184 1359 2220 una:
1387 2184 1699 2292 temporibus
1720 2184 1838 2240 Jam

236 2238 286 2292 in
309 2240 417 2311 ipso
463 2239 638 2308 ﬁnita:
691 2238 1065 2311 lucis_limine_
1092 2237 1415 2311 constitutos.
1470 2310 1473 2311 ν
1507 2236 1689 2311 atthazi
1723 2247 1839 2293 tex-

240 2308 341 2365 tum
370 2311 463 2366 alii
494 2312 566 2365 de
599 2319 797 2366 exortu
830 2309 1137 2380 Evangelii.
1192 2309 1285 2362 alii
1316 2309 1383 2363 de
1429 2308 1605 2379 gloria
1645 2325 1836 2364 ascen—

237 2382 395 2436 sionis
429 2402 442 2436 :
479 2384 615 2437 item
647 2381 744 2436 alii
767 2382 836 2436 de
857 2381 1069 2437 Joanne
1101 2381 1472 2448 Evangelista,
1514 2381 1605 2434 alii
1636 2381 1707 2435 de
1738 2397 1835 2435 un-

235 2452 401 2509 decim
426 2455 702 2526 aposrolis
722 2461 1013 2526 exponunt
1044 2471 1057 2508 :
1088 2453 1336 2507 nonnulli
1363 2451 1432 2508 de
1455 2451 1835 2523 Transﬁgura-

240 2526 410 2588 tione,
443 2525 570 2598 Quae
605 2525 772 2594 paulo
797 2534 917 2592 post
943 2534 1128 2598 secuta
1155 2532 1259 2579 est.

297 2598 417 2654 517.
451 2593 715 2666 Plerique
741 2613 981 2652 converso
1005 2613 1023 2652 :
1050 2593 1161 2650 Ott.
1195 2610 1295 2665 pro
1314 2594 1369 2649 d.
1390 2610 1461 2663 s.,
1484 2595 1675 2662 Fabr.,
1704 2613 1829 2650 con-

232 2684 367 2741 vexo,
399 2671 546 2741 quod
571 2687 639 2726 ex
674 2669 862 2724 codice
888 2667 1309 2741 llelmstqnpgis
1328 2669 1512 2721 arrisit
1532 2667 1825 2724 Reuschio.

232 2740 283 2795 In
324 2738 477 2797 Rom.
534 2741 797 2797 mendum
847 2756 1076 2795 connexo
1116 2738 1319 2795 indicat
1365 2742 1532 2794 etiam
1577 2756 1824 2796 convexo.

237 2810 359 2867 Vide
383 2829 549 2876 Supra
574 2830 631 2868 ν.
658 2811 790 2868 224.

296 2885 416 2943 320.
458 2885 627 2957 Iit-3.,
655 2886 795 2950 Ott.,
824 2884 1334 2957 perventum_secreti
1351 2900 1369 2937 :
1394 2891 1453 2937 ut
1473 2899 1525 2938 v.
1543 2883 1656 2957 257
1683 2883 1738 2939 h.
1764 2884 1822 2938 |.:

232 2953 354 3011 Inde
393 2958 479 3012 ubi
521 2953 832 3029 pvervcntum
870 2955 1080 3029 liquidi.
1118 2954 1307 3021 Rom.,
1335 2970 1456 3029 cum
1488 2955 1675 3029 editis,
1709 2973 1827 3027 per-

231 3040 418 3083 ventum
476 3027 669 3084 secreti
722 3038 818 3083 est.
869 3027 929 3083 In
970 3029 1087 3082 Ott.
1126 3037 1198 3092 et,
1228 3035 1288 3081 ut
1325 3027 1565 3095 videtur,
1601 3028 1652 3082 in
1686 3029 1821 3099 Heg.

230 3102 478 3171 scriptum
496 3101 807 3156 fuitsecreti
824 3100 880 3153 in
894 3101 1101 3167 montis,
1139 3103 1233 3154 sed
1261 3107 1465 3171 postea-
1478 3099 1718 3154 deletum
1743 3101 1824 3155 in.

291 3170 408 3228 5‘21.
451 3174 509 3229 lu
542 3172 737 3229 Ottob.
789 3186 819 3225 a
860 3186 945 3241 pr.
1000 3186 1099 3239 m.,
1151 3173 1254 3226 nisi
1303 3170 1488 3235 fallor,
1538 3183 1819 3227 exaratum

228 3241 319 3319 fuit
341 3247 495 3314 facie,
530 3260 562 3299 a
593 3260 710 3319 sec.
741 3259 843 3309 m.,
870 3243 1088 3314 faciem:
1118 3257 1239 3312 quae
1266 3250 1353 3299 est
1378 3258 1503 3299 vera
1531 3243 1692 3319 lectio
1721 3259 1821 3315 per

228 3314 574 3371 Graecismum
610 3317 899 3371 usitatum.
1660 3316 1669 3319 “
1726 3314 1729 3315 ⁷

291 3388 386 3420 προ
452 3390 591 3420 Ωιι-η
688 3389 842 3420 cunni-.0
873 3387 1045 3420 ηἶαωιι-
1076 3387 1267 3420 ,Αίῖηηῖ
1324 3387 1578 3420 smnia-un
1604 3389 1736 3420 ..ἐιιὶ.
1845 3357 1890 3420 C

290 3388 405 3443 522.
452 3390 643 3455 Rom.,
688 3389 842 3441 vestis
873 3387 1045 3458 niveo;
1076 3387 1290 3458 reliqui,
1324 3387 1578 3455 vestisque
1604 3389 1757 3443 nivis.

289 3458 408 3514 524.
427 3460 542 3516 Oll.
558 3501 573 3525 ,
588 3460 645 3514 Μ
653 3460 890 3528 oseique;
903 3457 1086 3529 Rom.,
1107 3460 1157 3512 Μ
1166 3457 1400 3531 agsique;
1422 3459 1811 3531 alii,Mosique.

290 3531 408 3587 526.
452 3533 587 3588 Mss.
638 3541 695 3586 et
744 3533 996 3601 plerique
1045 3531 1207 3597 editi,
1257 3532 1339 3584 An
1398 3530 1573 3584 isthic.
1618 3532 1812 3597 Torn.,

227 3601 444 3673 Poelm.,
470 3604 735 3668 Hadam.,
779 3602 928 3656 Anne
964 3601 1150 3671 isthic,
1185 3604 1327 3673 quod
1358 3602 1595 3659 fortasse
1623 3604 1690 3658 ah
1718 3604 1815 3658 ali-

228 3689 324 3741 quo
348 3674 582 3743 factum,
630 3691 700 3728 ne
731 3690 802 3726 an
833 3673 1193 3743 producatur:
1234 3690 1398 3743 posse
1428 3682 1608 3729 autem
1642 3693 1733 3739 an,
1760 3686 1819 3731 et

226 3746 410 3801 similia
464 3746 878 3817 monosyllaba,
929 3760 1052 3812 qua:
1098 3747 1287 3802 breVIa
1342 3758 1660 3817 censentur,
1717 3748 1815 3801 ali-

224 3820 433 3888 quando
466 3818 721 3887 produci,
751 3817 966 3871 ostendi
998 3818 1063 3871 ad
1090 3819 1211 3872 libr.
1243 3833 1301 3883 u,
1333 3832 1478 3871 vers.
1499 3819 1624 3873 517.

288 3891 405 3946 517.
436 3891 604 3963 Reg.,
639 3891 780 3944 trino
822 3898 991 3942 tamen
1024 3890 1107 3943 hic
1137 3891 1359 3944 tentoria
1389 3889 1548 3952 vobis,
1583 3899 1637 3944 et
1664 3891 1811 3959 glos-

224 3970 361 4032 sator
390 3962 599 4018 iudicat
650 3964 787 4016 trino
826 3972 1107 4032 apparatu.
1141 3962 1280 4027 Ott.,
1329 3963 1614 4029 haveutr.,
1657 3963 1809 4027 Ald.,

224 4029 359 4093 Bas..
384 4034 604 4092 Westh.
637 4034 690 4088 in
717 4029 891 4094 textu.
923 4034 1060 4086 trina
1089 4044 1259 4087 tamen
1290 4034 1372 4086 hic
1404 4034 1623 4087 tentoria
1650 4035 1812 4100 vobis,

223 4109 476 4175 producto
508 4108 723 4162 scilicet
750 4122 779 4157 α
809 4106 859 4157 in
885 4106 1019 4157 trina
1041 4105 1251 4159 ratione
1282 4119 1529 4159 cmsmm.
1560 4106 1812 4175 Iladam.,

223 4174 439 4243 Poelm.,
483 4180 681 4243 Fabr.,
708 4175 936 4248 Westh:
965 4176 1032 4229 ad
1060 4192 1257 4248 marg,
1283 4177 1476 4247 Torn.,
1512 4178 1651 4231 trina
1679 4174 1817 4231 atta—

223 4265 326 4303 men
345 4253 426 4304 lu'c
447 4252 678 4306 tentoria
713 4247 874 4302 vobis.
906 4245 1091 4315 Rom.,
1126 4245 1295 4305 tamen
1325 4251 1408 4302 hic
1437 4245 1574 4304 vobis
1597 4251 1816 4304 tentoria

224 4322 369 4377 trina.

286 4394 405 4449 328.
452 4395 617 4466 Reg,
655 4394 891 4463 frondes,
927 4394 1066 4450 bene
1095 4401 1402 4449 correctum
1444 4409 1560 4466 per
1588 4394 1811 4465 frondis.

225 4460 275 4521 lu
302 4467 411 4523 Ott.
438 4460 739 4534 mendVOSe,
760 4460 962 4522 diverso
986 4475 1196 4538 paratu,
1231 4466 1377 4538 quod
1404 4460 1664 4523 mendum
1692 4474 1815 4522 erat

1921 3823 2046 3875 nisi.
2098 3823 2308 3877 Poelm.

1919 3910 2094 3964 quam.
2130 3893 2387 3964 Equidem
2414 3894 2551 3950 bene
2580 3894 2823 3948 Latinam
2855 3895 3113 3949 existimo
3139 3896 3277 3947 lianc
3304 3892 3525 3961 loquen-

1920 3963 1975 4018 di
2000 3963 2287 4029 rationem,
2313 3965 2425 4019 Nec
2450 3968 2596 4037 prius
2626 3966 2906 4033 audebant,
2932 3966 3031 4020 nisi
3049 3966 3293 4037 dextera
3315 3963 3524 4033 ﬁrmas-

1919 4046 2014 4101 set,
2048 4045 2154 4090 etc.
2190 4036 2307 4090 Non
2332 4035 2459 4091 sunt
2483 4051 2632 4092 certe
2684 4038 2909 4091 omnino
2937 4035 3158 4099 similia,
3201 4035 3296 4088 sed
3342 4044 3522 4089 tamen

1951 2041 2100 2097 versa
2148 2037 2359 2094 paratu.
2409 2026 2583 2081 Error
2625 2043 2843 2097 quoque
2885 2028 3103 2082 videtur
3152 2040 3274 2082 esse
3323 2026 3379 2082 in
3430 2027 3546 2087 Ott.

1948 2096 2136 2166 fronde
2166 2098 2357 2170 faciam
2380 2113 2480 2168 pro
2508 2096 2715 2167 frondis
2745 2099 2953 2170 faciam.
3278 2155 3292 2161 -

2016 2170 2141 2245 519.
2176 2169 2231 2224 In
2276 2169 2491 2245 Ottnb.,
2523 2172 2614 2225 sub
2660 2182 2829 2242 nocte,
2874 2183 2926 2227 et
2982 2174 3033 2227 in
3079 2171 3238 2227 Rom.
3282 2180 3547 2245 receptant

1949 2244 2289 2314 corrigeiper
2316 2243 2408 2296 sub
2430 2255 2652 2305 noctem.
2685 2256 2740 2299 et
2772 2253 3052 2314 reccplent.

2013 2313 2628 2386 551.ch.,rvcstiebat,
2657 2316 2805 2386 quod
2865 2318 2938 2370 ita
2994 2316 3228 2372 fortasse
3282 2316 3546 2386 scriptum

1941 2384 2037 2439 fuit
2064 2386 2116 2457 in
2135 2387 2244 2439 Ott.
2278 2385 2417 2439 Editi
2457 2384 2701 2457 plerique
2726 2403 2848 2441 cum
2881 2390 2993 2443 Ott.
3019 2404 3050 2442 a
3080 2404 3191 2443 sec.
3226 2404 3325 2453 m.,
3349 2384 3537 2455 Rom.,

1937 2455 2172 2511 vestibat.
2207 2456 2491 2524 Davcntr.,
2514 2455 2720 2513 Poelm.
2763 2476 2859 2525 pro
2889 2461 2943 2513 d.
2978 2475 3051 2524 s.,
3106 2458 3376 2513 condebat.
3409 2460 3544 2515 Pro-

1937 2527 2064 2581 bum
2097 2537 2179 2582 est
2201 2529 2417 2583 vestibat
2448 2546 2545 2593 pro
2576 2530 2836 2585 vestiebat.
2892 2531 3178 2601 Virgilius:
3230 2529 3367 2585 Tum
3412 2533 3543 2586 mihi

1934 2601 2105 2669 prima
2127 2604 2286 2668 genas
2311 2601 2682 2674 vestibula/lore
2697 2604 2932 2674 juventa.

2005 2674 2130 2727 555.
2163 2674 2309 2734 Ald.,
2341 2673 2466 2736 Bis,
2495 2671 2712 2728 Westltl
2736 2675 2788 2728 in
2820 2685 2991 2739 textu,
3028 2674 3215 2729 Vivens
3263 2672 3348 2727 hic
3394 2692 3539 2730 meus

1933 2753 2029 2817 est.
2070 2743 2200 2817 Alii.
2227 2744 2382 2808 editi,
2406 2743 2624 2800 Westh.
2658 2744 2725 2799 ad
2757 2761 2929 2817 marg.
2982 2761 3106 2800 cum
3137 2759 3269 2801 mss.
3306 2750 3535 2812 nostris,

1936 2816 2133 2872 Unicus
2160 2814 2245 2869 hic
2270 2833 2413 2870 meus
2441 2826 2533 2871 est.
2569 2817 2717 2879 Ald.,
2767 2814 2931 2885 BasI,
2985 2818 3193 2872 Poelm.
3251 2833 3348 2886 pro
3375 2820 3429 2873 d.
3459 2834 3534 2883 s.,

1931 2888 2123 2953 'l‘nrn.,
2145 2891 2403 2960 voluptas.
2429 2888 2557 2943 Mss.
2582 2889 2754 2943 nostri
2783 2906 2905 2960 cum
2919 2890 3041 2944 aliis
3067 2888 3244 2953 editis,
3263 2890 3535 2957 voluntas;

1928 2971 1982 3014 et
2007 2960 2186 3029 glossa
2211 2959 2456 3032 iuiﬂeg"
2498 2962 2553 3013 in
2582 2976 2683 3032 quo
2716 2959 2843 3014 mihi
2868 2961 2993 3016 bene
3033 2962 3349 3028 complacui.
3410 2960 3531 3018 Etsi

1927 3034 2169 3104 voluptas
2196 3031 2445 3087 videatur
2474 3031 2645 3103 magis
2677 3035 2980 3101 proprium,
3014 3043 3197 3087 tamen
3236 3034 3533 3088 auctorita-

1927 3110 2038 3159 tem
2091 3119 2223 3157 mss.
2256 3104 2653 3172 exemplarium
2694 3120 3010 3173 sequamur,
3067 3106 3370 3173 prmserlim
3400 3105 3528 3172 quia

1925 3175 1991 3229 ad
2029 3176 2368 3231 voluntatem
2406 3177 2664 3246 pertinet,
2713 3176 2855 3242 quod
2896 3178 3119 3238 dicitur,
3168 3177 3220 3229 in
3264 3191 3366 3244 quo
3403 3174 3535 3230 mihi

1924 3246 2050 3302 bene
2104 3248 2421 3319 complacui.
2472 3247 2528 3302 lu
2582 3250 2758 3315 primo
2800 3247 3147 3303 hemistichia
3186 3247 3306 3302 sine
3362 3247 3531 3302 dubio

1924 3321 2105 3385 potior
2159 3331 2244 3374 est
2287 3320 2555 3388 scriptura
2600 3321 2851 3375 codicum
2899 3334 3066 3383 mss.,
3124 3334 3247 3373 nam
3301 3322 3529 3374 verbum

1927 3390 2127 3461 Unicus
2149 3393 2426 3459 exprimit,
2458 3392 2600 3460 quod
2628 3395 2680 3446 in
2716 3392 3009 3461 Evangelio
3035 3391 3257 3455 dicitur,
3291 3388 3395 3443 Hic
3453 3399 3529 3444 est

1926 3460 2100 3517 Filius
2124 3480 2267 3518 meus
2295 3464 2533 3528 dilecms,
2558 3475 2651 3519 aut
2676 3460 3080 3527 dilectissimus,
3112 3473 3169 3515 ut
3199 3464 3252 3515 in
3272 3462 3529 3517 versione

1921 3540 2142 3605 antiqua
2165 3551 2231 3591 ex
2265 3538 2453 3591 codice
2478 3536 2715 3591 Colbcrt.
2731 3577 2745 3600 ,
2768 3542 2855 3591 vel
2879 3536 3217 3589 charissimus
3238 3549 3305 3589 ex
3334 3534 3527 3589 codice

1922 3606 2087 3660 Corb.
2122 3624 2159 3661 ι.
2195 3608 2630 3678 Evangeliarium
2680 3608 3061 3663 'l‘ridentinum
3089 3624 3102 3661 :
3130 3605 3232 3660 Hic
3281 3613 3356 3658 est
3385 3605 3529 3675 ﬁlius

1923 3693 2068 3731 meus
2107 3680 2491 3743 dilectissimus,
2522 3681 2576 3732 in
2605 3696 2706 3750 quo
2736 3682 2859 3734 bene
2899 3679 3056 3734 sensi.

1993 3752 2114 3805 557.
2149 3751 2331 3817 Bouh,
2364 3752 2459 3816 ni;
2509 3747 2672 3822 Reg},
2704 3753 2814 3806 Ott.
2862 3769 2983 3806 cum
3018 3749 3293 3822 nonnullis
3332 3747 3520 3822 editis,

2346 3838 2445 3892 pro
2491 3822 2546 3876 d.
2588 3820 2658 3887 s.,
2715 3823 2863 3887 Ald.,
2913 3822 3102 3889 Fabr.,
3130 3820 3279 3886 B.ns.,
3327 3820 3521 3889 Torn.,

1923 4124 2029 4161 non
2061 4116 2188 4161 sunt
2227 4109 2384 4161 valde
2437 4108 2721 4162 dissimilia
2770 4107 2885 4162 haec
2917 4126 2929 4159 :
2957 4110 3141 4162 Cass“
3186 4106 3309 4159 libr.
3346 4106 3520 4161 IBcll.

1922 4178 2144 4242 Gallic.,
2169 4194 2288 4247 cap.
2310 4179 2374 4233 51
2403 4197 2417 4229 :
2445 4178 2569 4251 Non
2592 4196 2741 4246 posse
2768 4182 2883 4251 ejus
2900 4178 3116 4251 imperia
3138 4177 3335 4251 diutius
3359 4177 3519 4251 susti-

1922 4253 2057 4318 neri,
2082 4252 2184 4305 nisi
2203 4251 2328 4321 quid
2352 4252 2403 4303 in
2430 4249 2633 4304 διεκαιέ
2649 4251 2714 4302 sit
2740 4248 2947 4304 auxilii.
2976 4248 3082 4303 Alii
3108 4248 3221 4321 alio
3255 4248 3419 4321 modo
3441 4248 3525 4301 in-

1925 4316 2275 4392 terpungunt.
2332 4321 2587 4376 Horatius
2617 4321 2712 4375 lib.
2757 4336 2796 4380 ι,
2822 4333 2930 4392 sat.
2953 4322 3007 4383 5.
3036 4335 3180 4374 Vers.
3212 4319 3326 4392 fill“:
3354 4316 3525 4374 Num-

1921 4390 2081 4467 quam
2100 4390 2418 4465 erepsemus,
2448 4394 2551 4446 nisi
2571 4409 2666 4448 nos
2704 4394 2873 4447 vicina
2898 4391 3087 4448 Trivici
3108 4420 3180 4432 —
3212 4390 3352 4445 Villa
3390 4407 3529 4447 rece-

1923 4468 2101 4539 pisset.

1748 4626 1981 4684 NOTAE.
1998 4631 2009 4697 ξ

1181 4761 1359 4801 urasse
1415 4762 1468 4800 se
1518 4743 1704 4799 Iesum
1760 4746 1814 4798 in

285 4746 405 4803 516.
456 4746 693 4805 CAPUT
745 4743 857 4801 XII.
938 4743 1359 4873 Trartsfggurasse
1415 4762 1468 4800 se
1518 4743 1704 4799 Iesum
1760 4747 1772 4798 i

285 4830 401 4873 inte.
429 4820 624 4873 Matth.
666 4833 799 4873 xvu.
835 4820 860 4873 1
893 4830 1085 4873 seau.:
1167 4832 1281 4873 arc.
1306 4832 1361 4872 ιχ
1386 4860 1401 4873 .
1451 4818 1478 4872 1
1512 4835 1524 4870 :
1556 4817 1689 4872 Luc.
1715 4831 1772 4870 ix

1267 4859 1281 4872 ο
1306 4857 1361 4872 ιιι
1386 4860 1401 4887 ,
1456 4857 1478 4872 ³
1512 4858 1524 4870 ⁸
1556 4857 1689 4872 υυυο
1715 4857 1772 4870 ΙΙ-
1798 4857 1814 4883 ’

225 4830 401 4889 monte.
429 4820 624 4878 Matth.
666 4833 799 4884 xvu,
835 4820 860 4873 1
893 4830 1085 4889 seqq.;

222 4888 405 5089 2831}.
439 4964 669 5019 Lumina
699 4962 778 5016 bis
807 4968 955 5015 terna
979 4962 1182 5017 dierum
1209 5009 1224 5033 ,
1258 4962 1499 5034 positum
1527 4960 1580 5015 id
1612 4969 1694 5017 est
1716 4975 1816 5032 pro

225 5047 314 5089 88X
376 5051 475 5089 res.

225 5047 314 5090 sex
339 5047 483 5106 dies,

286 5109 403 5164 325.
446 5105 746 5171 Assistere,
799 5105 992 5162 adesse
1044 5124 1057 5159 :
1122 5108 1316 5163 eodem
1367 5106 1531 5162 modo
1579 5106 1704 5160 libr.
1755 5121 1811 5171 ι,

1927 4748 2128 4805 celliuo
2160 4749 2302 4806 inter
2329 4750 2495 4806 verba
2526 4749 2720 4805 Latina
2752 4749 3075 4805 collocatur.
3105 4749 3380 4807 Omeisius
3408 4765 3529 4809 eam

1927 4837 2114 4906 vocem
2147 4823 2337 4906 tribuit
2363 4822 2527 4877 etiam
2554 4821 2698 4877 Julio
2727 4822 2986 4878 Firmico.
3014 4821 3190 4877 Latini
3218 4823 3532 4896 prcefulgens

1928 4895 2111 4963 potius
2140 4894 2348 4950 dicunt.
3412 4894 3425 4896 ἡ

1930 5036 1969 5038 μ
1999 4967 2125 5021 551.
2169 4964 2393 5021 Vestibat
2419 4965 2617 5022 lumine
2639 4974 2865 5021 montem
2888 4983 2907 5022 :
2938 4967 3161 5036 elegans
3185 4968 3533 5038 metaphora.

1929 5036 2186 5110 Virgilius
2210 5038 2247 5093 1.
2282 5055 2358 5105 vr,
2395 5054 2543 5110 vers.
2579 5039 2686 5093 640
2714 5056 2725 5091 :
2756 5039 2976 5110 Largior
2997 5039 3083 5092 hic
3123 5036 3348 5110 campos
3374 5039 3534 5095 tet/ter

1924 5117 1974 5183 et
2003 5108 2200 5163 lumine
2229 5113 2379 5165 vestit
2400 5140 2474 5183 5—-
2502 5109 2777 5183 Purpureo
2805 5153 2819 5177 ,
2861 5108 3121 5181 solemque
3148 5108 3300 5183 suum
3330 5128 3428 5183 sua
3463 5113 3538 5165 si-

224 5191 360 5252 vers.
391 5180 497 5236 617
533 5201 546 5234 :
578 5177 652 5234 Et
682 5178 919 5252 precibus
957 5179 1137 5250 gaudii
1163 5181 1391 5251 gaudent
1435 5179 1678 5233 assistere
1706 5187 1819 5234 tur-
1844 5174 1900 5235 D
1924 5179 2049 5234 dera
2076 5192 2289 5235 norunt.
2322 5182 2478 5237 Adde
2500 5174 2813 5237 Lucretium
2839 5183 2875 5239 l.
2900 5198 2958 5248 tt,
2981 5174 3107 5236 vers
3135 5180 3242 5235 142
3275 5199 3289 5236 :
3314 5182 3538 5237 Conves-

227 5248 329 5306 bas.
486 5282 491 5286 ι

288 5322 409 5395 5ξ5.
440 5324 740 5395 Mattbmus
774 5339 787 5375 :
841 5321 1178 5395 Respondeas
1218 5332 1391 5377 autem
1419 5322 1637 5388 Petrus,
1685 5322 1828 5395 dixit

229 5394 291 5447 ad
314 5393 493 5450 Jesum
524 5414 540 5449 :
572 5394 803 5449 Domine
827 5436 840 5456 ,
881 5393 1070 5448 bonum
1097 5406 1169 5448 est
1214 5412 1305 5450 nos
1347 5396 1429 5449 hic
1463 5412 1574 5451 esse
1603 5410 1619 5446 :
1649 5394 1694 5446 si
1716 5394 1823 5463 vis,

232 5465 474 5534 faciamus
492 5467 577 5521 hic
609 5467 716 5537 tria
740 5467 1095 5533 tabernacula,
1127 5467 1217 5520 tibi
1235 5483 1415 5529 unum,
1439 5467 1614 5537 Moysi
1640 5481 1823 5537 unum,

234 5545 277 5609 e_t
305 5537 430 5593 filice
454 5556 642 5593 unum.
675 5536 954 5593 Juvencns
985 5539 1034 5592 id
1066 5537 1363 5609 amplificat
1395 5557 1407 5591 :
1458 5536 1552 5592 sed
1586 5552 1682 5591 cur
1713 5536 1823 5605 ait,

238 5604 468 5682 Respice,
500 5628 629 5665 num
652 5609 800 5682 nobis
826 5610 1018 5681 potius,
1064 5604 1208 5664 etcf?
1236 5609 1491 5682 Fortasse
1523 5604 1827 5677 interroga;

239 5678 341 5735 tive'
364 5681 608 5751 legebat,
644 5678 899 5749 Domine,
930 5683 1117 5735 bonum
1141 5692 1215 5735 est
1254 5699 1347 5735 nos
1369 5680 1453 5736 hic
1478 5682 1622 5736 esse?

304 5751 421 5807 528.
458 5751 696 5815 Paz'ntu,
746 5763 1029 5822 apparatu.
1081 5752 1201 5808 Val.
1239 5753 1469 5809 Flaccus
1495 5753 1532 5808 l.
1560 5768 1597 5807 ιι
1624 5798 1637 5821 ,
1680 5766 1825 5807 vers.

241 5820 355 5897 652.
381 5822 683 5897 Mensque
705 5820 889 5897 paratu
906 5854 977 5897 5—-
998 5824 1250 5897 Regi/ica.

305 5894 422 5951 550.
456 5894 824 5969 Prtefulgidus
846 5894 1260 5952 soliusluvenci
1292 5898 1618 5954 auctoritate
1643 5911 1671 5950 a
1695 5894 1831 5951 For-

1937 5252 2034 5307 tire
2051 5270 2148 5307 sua
2174 5254 2492 5322 perfundens
2520 5256 2692 5308 omnia
2717 5257 2852 5307 luce.

2010 5271 2148 5307 esua
2212 5271 2492 5322 erfunaens
2520 5271 2692 5308 omnm
2717 5271 2852 5307 luce.

2010 5325 2135 5380 552.
2172 5271 2322 5409 Eiill‘.
2355 5342 2394 5391 ι,
2431 5342 2587 5410 νει-δ..
2611 5326 2757 5382 596;
2787 5325 2917 5379 Tum
2974 5340 3074 5379 voa:
3098 5326 3256 5379 missa
3296 5322 3392 5378 Dei
3424 5323 3546 5379 lon-

1938 5412 2063 5469 gum
2090 5407 2359 5469 perinane
2380 5407 2629 5469 cucurrit.

1938 5467 2133 5593 ὲο1555.
2165 5467 2381 5534 Unicus,
2403 5468 2740 5541 unigenitus,
2757 5468 3006 5538 adeoque
3028 5468 3296 5536 impense,
3316 5480 3371 5519 et
3393 5482 3552 5524 unice

1980 5555 1991 5593 ι
2019 5554 2082 5595 ec
2110 5556 2191 5596 us.

2012 5582 2382 5668 356.".Prono
2413 5656 2427 5681 ,
2478 5628 2585 5683 quo
2636 5611 2792 5682 proni
2855 5608 3168 5665 ceciderant
3231 5607 3284 5661 in
3338 5607 3539 5666 faciem

1940 5697 2119 5739 suam.

2014 5757 2138 5812 558.
2198 5758 2507 5813 Demulcens
2561 5758 2819 5823 ﬁrmasset
2868 5759 3075 5823 pectora
3122 5764 3142 5801 .'
3185 5747 3327 5803 idem
3378 5762 3541 5808 accu-

1941 5828 2152 5885 satiVus
2198 5846 2230 5885 a
2278 5830 2481 5900 duplici
2538 5828 2707 5881 verbo
2756 5825 3005 5891 regitur,
3077 5829 3136 5872 ut
3207 5833 3354 5889 saepe
3403 5824 3547 5878 vidi-‘i
3634 5856 3645 5863 κ

1941 5912 2080 5953 mus.
