3994 6314
451 236 555 301 ur

596 360 769 432 inque
797 338 932 412 alias
958 351 1122 410 sedes
1151 354 1401 407 cunctam
1425 342 1806 402 transvolvere
1821 339 2043 399 molem.
2072 341 2125 403 Λ

595 453 730 510 Nam
746 461 917 524 genus
930 446 1037 503 hoc
1054 442 1237 501 morbi
1255 439 1509 514 precibus
1525 438 1646 496 sine
1658 435 1764 494 ﬁne
1780 433 2045 506 ﬁdesque,

454 546 561 605 580
598 546 873 613 Multaque
900 538 1112 597 robusti
1136 534 1346 608 jejunis
1375 532 1618 606 pectoris
1659 539 1867 588 arcent.

668 635 803 692 lude
827 631 1211 704 Capharnaum
1237 626 1498 700 gradiens
1537 633 1869 697 pervenerat
1889 621 2047 694 toras.

597 729 925 788 Convenere
956 725 1178 782 Petrum
1197 763 1213 790 ,
1242 719 1442 793 quibus
1485 718 1655 775 instat
1682 733 1808 775 cura
1839 716 2051 783 tributi,

602 824 830 881 Solvere
858 824 1154 893 poscentes
1179 812 1401 871 solitum
1431 826 1528 884 pro
1559 811 1779 867 nomine
1825 808 2049 866 Christi.

600 916 759 990 2³17
792 914 892 970 Ille
922 912 1018 968 sed
1040 910 1108 966 ad
1131 909 1349 965 Petrum
1372 919 1691 971 conversus,
1722 904 1848 959 talia
1872 901 2051 960 fatur:

458 1011 569 1070 585
608 1011 727 1076 Dic,
758 1007 952 1078 inquit,
981 1020 1159 1076 reges,
1185 1016 1415 1074 quorum
1446 998 1754 1070 dependere
1780 1007 1957 1062 natos.

601 1104 903 1165 Externos,
939 1097 1262 1169 propriosne
1290 1093 1391 1149 sibi
1414 1091 1629 1163 jussere
1660 1090 1861 1147 tributa
1887 1089 1911 1144 ἲ

600 1194 909 1269 Respondit
938 1192 1167 1250 Petrus:
1218 1189 1443 1245 Alienos
1468 1186 1685 1243 solvere
1711 1194 1917 1241 certum
1948 1194 2052 1240 est.

600 1289 817 1356 Cernis,
852 1287 927 1342 ait
952 1284 1228 1349 Christus,
1265 1292 1450 1337 natum
1480 1295 1589 1336 non
1618 1279 1835 1335 solvere
1869 1277 2058 1349 regis?

603 1384 713 1442 Sed
740 1398 810 1440 ne
848 1394 1008 1454 quem
1050 1378 1241 1435 laedam
1268 1419 1282 1446 ,
1331 1382 1661 1447 praeceptum
1702 1373 1923 1445 suscipe
1961 1387 2059 1428 no-

1749 1469 1944 1543 [εει-ωτι
1970 1487 1983 1523 :

462 1574 573 1634 590
609 1574 692 1631 En
721 1572 887 1629 maris
916 1567 1167 1626 undisoni
1195 1580 1359 1639 rupes
1384 1579 1503 1637 quae
1532 1563 1722 1636 prodit
1747 1563 1801 1619 in
1825 1562 2019 1633 altum,

1698 225 1764 282 ϐ.
1804 223 1874 281 ν.
1915 217 2151 290 Αρυιι..
2191 214 2482 276 JUVENCI

3636 210 3740 268 248

2294 333 2599 407 Scandatur
2629 332 2727 390 tibi
2755 346 2991 400 summa,
3024 330 3213 389 Simon
3235 374 3250 399 ,
3286 332 3591 404 humusque
3618 346 3739 402 pro-

3489 423 3674 500 [tundo

2298 523 2543 583 Stamine
2572 530 2812 579 setarum
2840 535 3126 578 connexus
3153 520 3548 592 prmcipitetur.

2258 634 2268 642 ’
2297 616 2535 675 Haeserit
2559 625 2616 672 et
2638 628 2808 672 curvo
2835 615 2928 687 qui
2958 614 3169 686 primus
3197 613 3449 670 acumine
3480 613 3660 684 piscis,

2303 712 2473 784 Hujus
2503 710 2818 785 pandantur
2848 710 3002 767 scissi
3033 708 3333 782 penetralia
3364 708 3591 764 ventris.

2153 807 2263 867 595
2298 808 2415 864 lllic
2444 807 2728 862 inventum
2757 803 2959 876 duplex
2989 803 3226 860 dissolve
3252 802 3542 858 tributum.

2374 900 2538 975 278
2570 898 2826 972 Discipuli
2856 905 2983 970 post
3010 897 3140 955 inde
3166 906 3394 970 rogant,
3429 895 3552 970 quis
3580 896 3744 953 maxi-

3409 991 3556 1066 [mus
3578 989 3683 1048 alto

2304 1093 2362 1150 In
2389 1092 2516 1151 caeli
2542 1105 2713 1165 regno
2741 1090 2953 1147 meritis
2982 1103 3084 1162 pro
3108 1086 3362 1161 qualibus
3387 1096 3557 1145 esset.

2304 1188 2443 1246 Tum
2471 1188 2723 1244 Christus
2752 1186 2936 1243 medio
2964 1199 3194 1257 puerum
3222 1184 3534 1240 consistere
3563 1189 3699 1240 cattu

2308 1283 2559 1357 Praecipit
2583 1325 2597 1349 ,
2638 1292 2694 1340 et
2722 1281 2935 1354 placido
2965 1280 3161 1337 doctor
3190 1293 3446 1336 sermone
3476 1281 3742 1349 profatur:

2165 1378 2271 1438 400
2307 1378 2553 1450 Quisque
2579 1376 2730 1447 cupit
2755 1375 2958 1431 celsam
2987 1372 3110 1430 coeli
3140 1370 3523 1429 conscendere
3549 1369 3745 1439 sedem,

2311 1472 2392 1529 En
2423 1469 2585 1541 hujus
2611 1468 2769 1541 pueri
2796 1467 3031 1524 similem
3059 1480 3120 1522 se
3146 1465 3351 1537 ﬁngere
3374 1471 3582 1520 certet:

2313 1563 2531 1622 Erroris
2560 1563 2785 1635 laqueos
2811 1560 2991 1618 szeclis
3020 1560 3329 1617 increscere
3357 1567 3570 1614 certum
3599 1564 3695 1614 est.

1702 1681 2003 1739 LECTION
2010 1681 2095 1739 ES
2137 1680 2551 1738 VARIANTES.

532 1785 658 1843 578.
688 1783 845 1855 Reg.,
885 1780 1118 1855 Eiusque
1147 1778 1281 1834 alias
1308 1763 1456 1855 sedes
1495 1776 1672 1855 ;_lege
1702 1775 1868 1855 Inque
1895 1775 2051 1832 alias.
2085 1781 2134 1841 B
2158 1793 2274 1855 qua;
2304 1778 2477 1849 prodit
2502 1773 3128 1855 in‘tequa,.sedlactt_tm
3160 1773 3214 1855 in
3243 1772 3409 1827 altum
3438 1770 3631 1855 eadem
3663 1788 3751 1855 ve-

533 1857 659 1913 579.
704 1847 900 1920 ram,
922 1847 1131 1908 Poelm.
1178 1865 1280 1921 pro
1307 1849 1362 1905 d.
1393 1863 1474 1913 s.,
1508 1847 1697 1915 Fabr.,
1729 1847 1869 1904 Nam
1898 1865 2057 1921 genus

456 1931 557 1987 hoc
578 1928 744 1983 morbi
773 1927 1045 1995 dumtaxat
1070 1920 1207 1989 uota,
1230 1937 1527 1995 precesque.
1547 1921 1684 1995 Ott.,
1712 1920 1995 1995 eum‘Ald.
2008 1932 2061 1976 et

462 2001 741 2072 plerisque
765 1997 961 2072 editis,
989 1993 1139 2072 Nam
1160 1992 1319 2065 genus
1358 1992 1458 2046 hoc
1498 1992 1663 2072 morbi
1691 1992 1935 2072 precibus
1952 1992 2062 2048 sine

460 2064 587 2143 ﬁne,
612 2064 837 2143 ﬁdeque.
867 2068 1010 2125 Vera
1033 2064 1308 2143 scriptura
1333 2074 1513 2143 exstat
1524 2065 1595 2143 in
1630 2064 1786 2143 ligni.
1820 2075 1871 2119 et
1897 2064 2058 2143 Reg.,

462 2135 903 2215 Nam'genushoc
925 2138 1101 2215 morbi
1119 2135 1355 2215 precibus
1376 2137 1490 2215 sine
1508 2136 1632 2206 ﬁne,
1658 2135 2058 2215 ﬁdesque,qttod

459 2207 715 2287 explicat
749 2214 929 2287 glossa
973 2211 1024 2264 in
1065 2207 1228 2281 Reg.,
1261 2207 1328 2263 Et
1372 2207 1501 2279 ﬁdes
1546 2224 1663 2263 cum
1714 2208 1985 2278 precibus,
2011 2219 2062 2264 et

462 2285 845 2357 multujeiunia
873 2293 1068 2357 argent.
1169 2354 1179 2357 _
1491 2350 1520 2357 Α
1600 2351 1610 2357 ῃ
1907 2351 1954 2357 η
2052 2294 2059 2297 ,

535 2350 661 2415 58ιῖ
690 2350 886 2422 Fabn,
919 2352 1293 2426 capharnitum
1338 2367 1438 2423 pro
1461 2350 1870 2426 ‘Capharuaum.
1904 2351 2058 2426 Mss...

461 2435 759 2504 peruenerat
780 2442 919 2504 oras.
951 2423 1056 2504 Sig
1073 2424 1238 2504 etiam
1269 2423 1860 2504 nonnullae'editiones.
1880 2423 2061 2504 Aldus

462 2494 585 2557 cum
619 2499 817 2563 Torn.,
840 2497 992 2563 Bas,,
1023 2496 1228 2552 Poelm.
1257 2509 1356 2563 pro
1378 2494 1436 2550 d.
1466 2511 1542 2562 s.,
1566 2496 1793 2566 pervenit
1821 2496 1891 2549 ad
1919 2511 2058 2550 oras.

462 2572 571 2631 Sed
602 2571 840 2645 pervenio
894 2571 1174 2645 invenitur
1203 2567 1368 2645 etiam
1409 2582 1531 2622 cum
1584 2567 1908 2645 accnsativo‘
1942 2569 2062 2623 sine

462 2637 877 2717 praepositione.
906 2639 1134 2717 Ovidius
1163 2654 1223 2717 tn
1247 2640 1402 2707 Men,
1436 2653 1583 2695 vers.
1609 2637 1748 2693 462:
1789 2637 1955 2693 Verba
1978 2655 2058 2694 re-

464 2712 571 2788 fers
585 2712 751 2788 aure;
772 2729 879 2767 non
896 2712 1240 2788 pervenientia
1270 2718 1493 2788 nostras.

531 2788 660 2844 585.
696 2786 828 2841 Mss.
857 2826 872 2849 ,
899 2781 957 2839 et
988 2784 1237 2854 plerique
1276 2782 1405 2839 editi
1432 2823 1447 2848 ,
1476 2783 1711 2839 solitum.
1752 2781 1866 2838 Ott.
1899 2784 2060 2838 etiam

460 2859 530 2915 ad
572 2855 1024 2929 marg.,7sotitun1
1039 2854 1140 2929 ,‘in
1182 2863 1341 2929 textu
1378 2855 1908 2929 verhum‘abrasum
1953 2864 2058 2929 est.

460 2925 735 2997 Hadamf,
769 2928 945 2994 Poe|.,
985 2925 1176 2990 Fahr.,
1207 2926 1448 2981 solidum.
1480 2925 1797 2996 lntelligunt
1845 2926 1898 2981 hi
1947 2927 2065 2983 edi-

462 3010 612 3057 tores
642 3014 923 3056 nummum
955 2998 1501 3069 aureumintegrum,
1526 3008 1583 3053 et
1606 2998 1738 3066 justi
1765 2998 2059 3069 ponderis,

459 3074 553 3144 qui
582 3072 886 3144 posteriore
916 3084 1033 3144 sevo
1061 3068 1609 3144 solidusAdicebatnr,
1641 3080 1697 3125 et
1723 3068 1878 3144 cujus
1910 3072 2063 3125 valor

2166 1844 2270 1906 teri
2302 1844 2489 1905 manu.
2538 1844 2745 1904 Poelm.
2774 1847 2825 1902 in
2855 1855 3012 1904 textu
3043 1848 3095 1903 in
3127 1845 3332 1901 altum:
3382 1859 3483 1916 pro
3511 1844 3566 1899 d.
3598 1859 3666 1913 s.,
3704 1846 3751 1900 in

2166 1938 2363 1993 sequor.

2238 1994 2361 2066 594.
2397 1994 2534 2062 Οιι.,
2568 1994 2864 2066 pandetur;
2889 2006 3078 2066 supra,
3111 1990 3431 2066 inundantur.

2239 2006 2361 2049 594.
2397 2006 2534 2062 υιι.,
2568 2006 2864 2066 pandetur;
2889 2006 3078 2120 sutpra,
3111 2006 3431 2058 pandantur.

2239 2064 2365 2122 595.
2393 2066 2545 2133 Ald.,
2576 2064 2783 2121 Poelm.
2816 2078 2915 2136 pro
2984 2108 2994 2118 .
3021 2077 3095 2133 s.,
3126 2062 3506 2136 Torn.,WBas_.,
3534 2063 3752 2129 invento,

2167 2134 2423 2194 nimirum
2453 2139 2604 2194 solve
2635 2134 2897 2193 tributum
2928 2150 2992 2190 ea
3021 2151 3103 2205 re,
3132 2149 3293 2206 quam
3325 2135 3435 2190 illic
3461 2134 3748 2192 inveneris.

2165 2206 2438 2275 Plerique,
2469 2223 2596 2266 cum
2627 2223 2784 2274 mss.,
2816 2208 3103 2264 inventum.

2237 2280 2366 2336 597.
2391 2281 2528 2345 Ott.,
2563 2278 2630 2335 In
2652 2279 2792 2335 ariis
2811 2295 3002 2353 regno;
3034 2278 3177 2350 lege,
3204 2276 3406 2353 Ittrctrli
3426 2295 3605 2353 regno.
3636 2279 3750 2353 Bas.

2166 2364 2358 2409 contra
2406 2363 2638 2409 metrum
2683 2348 2980 2423 meritisque
3007 2348 3111 2423 pro
3133 2348 3369 2423 esiAldo
3400 2348 3638 2416 scilicet,
3667 2352 3753 2421 qui

2167 2424 2239 2478 ita
2269 2425 2467 2489 edidit,
2500 2424 2595 2481 sed
2627 2422 2798 2478 Aldus
2824 2422 3068 2479 errorem
3102 2422 3155 2478 in
3181 2422 3389 2478 Erratis
3417 2423 3754 2480 animadver-

2168 2495 2254 2561 tit,
2284 2506 2341 2553 ct
2366 2496 2698 2553 emendavit.

2237 2568 2364 2641 599.
2394 2569 2554 2641 Reg.,
2586 2566 2843 2641 Praecepit
2870 2575 2921 2621 et
2948 2566 3173 2641 placido,
3208 2566 3503 2623 resistente
3528 2576 3716 2641 metro.

2235 2638 2362 2696 400.
2394 2637 2531 2710 Reg.
2559 2682 2576 2707 ,
2619 2637 2731 2694 Ott.
2744 2637 2915 2711 _hunc
2943 2639 3188 2711 ordinent
3220 2650 3474 2708 servant,
3526 2640 3750 2711 primum

2168 2710 2395 2785 Quisque
2415 2708 2577 2785 cupit,
2603 2721 2714 2768 tum
2737 2708 2817 2765 En
2838 2710 3221 2785 Itujusultomq
3245 2708 3571 2785 comeditis,
3592 2713 3752 2785 priori

2164 2782 2319 2850 loco,
2344 2782 2429 2855 Eu
2449 2783 2642 2855 hujus;
2675 2782 2980 2855 posteriori,
3010 2782 3238 2853 Quisque
3257 2784 3421 2853 cupit.
3454 2783 3628 2839 Aldus
3646 2784 3754 2839 edi-

2165 2855 2289 2928 ditl
2320 2854 2550 2928 Quisque
2598 2855 2737 2928 cupit
2790 2854 2979 2928 celsam
3026 2855 3137 2909 caeli
3175 2856 3518 2928 conscendere
3541 2856 3750 2922 sedem;

2167 2926 2221 2982 in
2251 2925 2470 2982 Erratis
2497 2925 2759 2997 reposuit,
2793 2925 2897 2991 Qui
2924 2928 3066 2996 cupit
3097 2925 3353 2981 exrclsam
3378 2927 3494 2980 (mli
3521 2944 3754 2982 conscen-

2166 2999 2288 3054 dere
2338 3000 2527 3053 sedem.
2577 2998 2685 3056 Sed
2733 2998 2966 3068 genuina
3015 2997 3176 3071 lectio
3201 3008 3285 3053 est
3317 2997 3549 3069 Quisque
3577 3001 3751 3071 cupit:

2166 3086 2289 3126 nam
2322 3085 2350 3123 a
2380 3071 2619 3127 Juvenco
2645 3112 2675 3141 ,ν
2707 3079 2762 3141 et
2792 3070 3089 3140 aequalibus
3119 3069 3239 3141 ejus
3269 3071 3488 3139 quisque
3516 3085 3614 3140 pro
3638 3069 3752 3141 qui-

460 3138 741 3201 lion-idem
773 3142 968 3213 quovis
991 3151 1237 3210 tempore
1255 3138 1474 3213 ΔΙίιίιηιιι
1501 3138 1801 3213 Evangelio
1830 3140 1885 3196 lit
1910 3158 2058 3196 men—
2088 3144 2136 3207 Ο
2168 3158 2382 3209 cumque
2411 3157 2558 3213 saepe
2596 3138 2916 3205 adhibetur,
2948 3150 3002 3196 ut
3026 3140 3239 3197 ostendi
3271 3138 3322 3196 in
3349 3138 3659 3197 COmtnent.
3690 3141 3752 3197 ad

461 3217 540 3271 tio
568 3210 941 3280 didrachmas,
973 3227 1080 3267 non
1128 3210 1290 3267 solidi
1343 3227 1359 3266 :
1386 3210 1705 3267 didrachma
1741 3223 1921 3268 autem
1954 3254 1968 3279 ,
2000 3223 2060 3268 ut

459 3298 718 3359 supputat
742 3287 1023 3359 Calmetus
1066 3284 1120 3338 in
1158 3284 1395 3359 Diction.
1426 3281 1595 3359 Ιξίὺὶ..
1626 3283 1816 3359 solidis
1845 3283 2060 3359 decem,

457 3367 515 3414 et
528 3353 770 3415 denariis
794 3356 1007 3414 duobus
1025 3353 1421 3427 respondebat.
1443 3353 1677 3409 Praestat
1693 3354 1856 3425 igitur
1878 3355 2063 3427 legere

456 3431 688 3497 solitum,
720 3429 975 3485 videlicet
1007 3426 1296 3481 tributum.

530 3502 657 3560 585.
690 3502 828 3568 Οιι.,
860 3497 1176 3571 rependere;
1204 3498 1298 3552 alii
1318 3497 1676 3571 ,‘dependere,
1706 3498 1852 3571 quod
1887 3509 2062 3555 metro

460 3574 638 3645 magis
664 3568 935 3645 congruit.
964 3568 1224 3640 Alioquin
1248 3585 1308 3623 re
1339 3569 1393 3624 in
1426 3568 1752 3640 Compositis
1786 3586 2060 3625 nonnum-

458 3643 629 3717 quam
655 3643 996 3717 producitur.
1189 3712 1200 3717 _
1664 3713 1675 3717 _
1842 3666 1870 3717 _.

533 3711 831 3780 586.Α1ι1.,
851 3714 1000 3786 Bas.,
1020 3712 1350 3785 prapriosve;
1365 3711 1477 3779 alii,
1495 3713 1821 3786 propriosne.
1842 3711 2057 3769 Wcstb.

456 3787 514 3843 in
548 3797 719 3853 textu,
746 3788 882 3853 sive;
924 3785 992 3839 ad
1022 3784 1222 3854 marg.,
1255 3792 1428 3851 recte,
1452 3785 1571 3839 sibi.
1594 3784 1761 3840 Rom.
1798 3784 1852 3840 in
1887 3795 2058 3852 textu,

447 3861 659 3932 jussere
675 3875 694 3924 ;
710 3857 776 3932 ad
801 3872 998 3927 marg.,
1028 3856 1357 3932 misere,_attt
1378 3856 1645 3932 mendose
1662 3858 1893 3923 missere,
1914 3860 2057 3929 quod

458 3927 567 3988 non
596 3933 667 3985 ita
699 3930 907 3985 clarum
937 3937 1042 3984 est.
1072 3927 1283 3999 Mutari;
1297 3944 1403 3983 non
1435 3928 1598 3983 debet
1618 3929 1842 3999 jussere.

529 4002 655 4059 587.
689 4002 893 4059 Poelm.
930 4016 1027 4071 pro
1058 4001 1115 4054 d.
1143 4014 1215 4063 s.,
1250 3997 1440 4055 Petrus
1470 4000 1592 4055 his:
1620 3997 1847 4056 alienos.
1899 4002 2061 4058 Deest

457 4075 539 4131 his
569 4076 620 4130 in
654 4074 950 4146 plerisque,
984 4080 1042 4128 et
1071 4074 1440 4146 necessarium
1469 4072 1689 4146 quidem
1722 4090 1842 4146 non
1861 4084 1966 4146 est.

530 4144 853 4211 590.'Mss.,
881 4160 1003 4201 cum
1037 4144 1159 4199 Ald.
1195 4151 1250 4198 et
1276 4145 1429 4207 aliis,
1474 4144 1555 4199 En
1585 4146 1767 4200 utaris.
1803 4144 2055 4210 liadam.,

454 4219 691 4279 Poelm..
735 4218 922 4287 Fahr.,
958 4214 1027 4288 Et
1056 4217 1234 4271 maris.
1275 4215 1435 4271 Rom.
1468 4216 1534 4271 ad
1565 4232 1774 4288 marg.,
1796 4218 2059 4273 undosum

454 4306 556 4364 pro
577 4291 842 4359 undisoni,
882 4287 1136 4346 videlicet
1164 4289 1423 4343 undosum
1446 4289 1497 4342 in
1520 4287 1707 4343 altum.
1742 4287 1879 4359 Ott.,
1909 4290 2057 4360 rupis

2164 3213 2517 3287 l’rndcntium
2544 3215 2736 3287 ltytnn.
2767 3212 2798 3268 7
2833 3213 3170 3287 Cntlthvet‘s.
3201 3213 3308 3268 216
3328 3253 3344 3279 ,
3386 3215 3520 3270 etin
3551 3223 3661 3269 not.
3692 3213 3755 3272 ad

2163 3284 2516 3341 Dracontium
2541 3284 2670 3341 libr.
2699 3299 2760 3351 tt,
2794 3300 2936 3340 vers.
2967 3285 3093 3341 7l9.

2233 3357 2362 3413 491.
2394 3358 2529 3428 Reg.
2550 3399 2564 3424 ,
2604 3356 2765 3411 Rom.
2800 3359 2867 3429 ad
2888 3372 3103 3429 marg,
3134 3356 3215 3411 En
3248 3357 3403 3429 huius
3435 3359 3581 3429 pueri
3611 3359 3755 3415 simi-

2163 3429 2265 3503 l_em
2292 3446 2348 3484 se
2364 3427 2566 3503 ﬁngere
2589 3427 2948 3503 certel._Ald.,
2980 3427 3480 3503 Daventr.,'l‘orn.,
3505 3429 3753 3503 Hadam.,

2165 3501 2316 3568 Bas.,
2353 3499 2621 3572 Ett'htjits
2647 3499 2871 3554 similem
2899 3501 3045 3572 pueri
3073 3518 3126 3556 se
3152 3501 3367 3555 reddere
3390 3510 3566 3558 certet.
3603 3502 3754 3559 Rom.

2167 3573 2221 3627 in
2264 3581 2449 3647 textu,
2505 3572 2672 3647 Istius
2714 3587 2775 3647 en
2822 3573 2970 3647 pueri
3012 3572 3234 3647 similem
3260 3588 3314 3628 se
3340 3575 3571 3647 moribus
3600 3583 3754 3647 aptet,

2166 3644 2312 3714 quod
2343 3645 2563 3700 videtur
2590 3641 2828 3699 voluisse
2846 3643 2983 3707 Ott.,
3015 3644 3105 3699 ubi
3131 3653 3216 3700 est
3239 3645 3561 3700 sermonibus
3586 3641 3681 3713 pro
3706 3663 3757 3701 se

2168 3715 2417 3770 moribus.
2471 3717 2525 3770 In
2574 3715 2684 3771 Ott.
2731 3729 2829 3783 pro
2865 3714 2922 3769 (Ι.
2967 3729 3015 3769 s.
3067 3716 3361 3770 indicatum
3391 3726 3471 3771 est
3508 3716 3668 3772 Istius
3697 3734 3754 3771 en

2168 3788 2325 3861 pueri,
2363 3789 2585 3843 similem
2632 3784 2929 3861 seﬁngere
2952 3789 3229 3861 certet.lta
3250 3787 3432 3861 edidit
3462 3787 3753 3861 Fabricius,

2168 3856 2265 3932 sed
2293 3860 2489 3932 ﬁngere
2512 3856 2739 3914 mutavit
2764 3856 2823 3932 in
2838 3858 3071 3932 reddere.
3108 3860 3348 3915 timeisio
3378 3874 3485 3915 non
3511 3860 3758 3930 displice-

2168 3931 2261 3987 bat
2294 3928 2472 3986 lec‘tio
2514 3930 2878 4000 quorumdam
2920 3928 3169 3985 codicum
3197 3945 3419 3986 suorum
3453 3928 3758 4003 pueri—simi-

2169 4003 2269 4057 lem
2313 4018 2368 4057 se
2415 4003 2642 4057 moribus
2671 4008 2833 4073 aptet,
2865 4016 3063 4069 nempe
3093 4003 3275 4057 animo
3298 4044 3314 4067 ,
3362 4003 3548 4073 qualis
3580 4006 3756 4070 pueris

2165 4089 2294 4146 esse,
2315 4074 2487 4140 solet,
2539 4072 2969 4146 simplicissime.
3001 4073 3059 4129 In
3090 4086 3273 4128 noswa
3304 4072 3541 4130 lectione
3571 4076 3758 4146 ﬁngere

2163 4154 2249 4201 cst
2275 4145 2544 4209 formare,
2591 4142 2736 4216 quod
2773 4160 2881 4201 non
2912 4144 3248 4203 intellectum
3279 4142 3599 4203 varietatem
3632 4142 3757 4203 seri.

2164 4226 2338 4290 pturae
2371 4217 2609 4289 peperit.

1995 4405 2224 4464 NOTAE.

466 4482 479 4493 ’
532 4504 659 4576 578.
680 4500 1098 4576 ⁸Τιἰρυςυοιυετε.
1160 4498 1490 4576 Prudentius
1550 4498 1739 4576 hjmn.
1767 4570 1782 4576 _
1806 4499 2054 4576 Cathem.
2086 4505 2137 4565 D
2163 4503 2310 4576 mitte
2336 4500 2588 4558 humum:
2622 4512 2671 4557 et
2697 4518 2812 4558 eum
2841 4501 3063 4575 piscem,
3103 4503 3194 4575 qui
3222 4504 3423 4576 primus
3455 4504 3754 4569 ascenderit,

455 4590 607 4633 vers.
633 4573 706 4630 29
738 4590 751 4628 :
783 4569 960 4626 Donec
988 4579 1160 4626 rotata
1207 4571 1551 4625 annalium—
1567 4569 2058 4628 Transvblverentur

459 4663 595 4705 stacu
602 4645 675 4700 la.

535 4719 661 4775 589.
692 4715 907 4770 Robusti
947 4714 1199 4783 pectoris,
1230 4721 1288 4767 ut
1317 4712 1352 4767 l.
1386 4728 1427 4780 ι,
1456 4728 1601 4769 vers.
1634 4715 1737 4769 497
1765 4732 1778 4769 :
1812 4714 1917 4769 Sed
1939 4733 2060 4770 con-

460 4800 601 4848 texta
622 4787 775 4843 simul
801 4786 937 4853 ﬁrmi
953 4785 1163 4853 jejunia
1187 4786 1379 4838 cordis.

532 4861 657 4919 581.
692 4855 921 4913 CAPUT
952 4853 1093 4911 XIV.
1129 4853 1345 4910 Petrum
1371 4856 1425 4908 in
1466 4857 1622 4923 piscis
1652 4871 1739 4910 ore
1793 4873 2058 4911 nummum

457 4932 733 4996 invenisse,
760 4944 863 5001 quo
892 4927 1138 5001 tributum
1181 4924 1418 5001 solveret.
1435 4927 1633 5001 Matth.
1671 4943 1799 5001 μνη,
1829 4929 1922 4983 23.
1953 4928 2058 4983 Ba-

459 5005 585 5061 dius
614 4997 786 5064 notut,
816 4998 1207 5073 Capharnaum,
1240 4997 1539 5068 penttltima
1572 4999 1833 5067 producta
1852 5043 1866 5067 ,
1900 5001 2048 5070 poni,

458 5084 521 5131 ut
548 5073 839 5129 Henelaus.

530 5145 655 5203 586.
700 5144 848 5200 Ordo
875 5141 962 5197 hic
991 5148 1112 5196 est:
1156 5140 1274 5204 Dic,
1308 5154 1467 5211 reges
1494 5156 1731 5213 quorum
1759 5153 1915 5197 natos
1939 5143 2055 5213 jus-

459 5232 584 5274 sere
614 5216 717 5272 sibi
744 5214 1052 5285 dependere
1080 5213 1281 5267 tributa
1304 5252 1319 5279 ,
1365 5226 1650 5282 externos,
1697 5216 2054 5286 pmpriosnc?

455 5289 735 5346 Sententia
768 5287 912 5341 clara
939 5293 1047 5341 est.
1630 5290 1643 5297 ‘

530 5362 655 5417 589.
688 5358 1001 5414 Μτιιιιιωιιεε
1048 5355 1118 5411 Ut
1153 5365 1326 5411 autem
1361 5374 1463 5412 non
1502 5358 1913 5414 scandalizemus
1938 5376 2048 5416 eos.

459 5432 782 5488 Ambrosius
806 5430 879 5501 in
910 5428 1176 5501 psalmum
1207 5444 1405 5485 XLVIII:
1449 5427 1519 5484 Ut
1548 5439 1720 5483 autem
1748 5447 1849 5485 non
1880 5431 2048 5501 facia-

458 5519 574 5557 mus
600 5504 706 5558 illis
734 5499 1109 5570 oﬂ'endiculum
1140 5539 1155 5554 .
1181 5540 1195 5554 .
1225 5541 1238 5553 .
1272 5502 1412 5555 mitte
1438 5502 1672 5567 hamum,
1703 5511 1807 5558 etc.
1844 5499 2047 5560 Eodem

459 5586 623 5630 sensu
653 5575 950 5638 Juvencus,
985 5570 1091 5628 Sed
1118 5583 1185 5625 ne
1209 5588 1358 5643 quem
1383 5573 1589 5627 tradam.

529 5647 653 5702 599.
687 5645 973 5701 Undisoui:
1006 5645 1108 5715 hac
1141 5657 1274 5699 voce
1296 5646 1376 5699 usi
1400 5656 1525 5701 sunt
1548 5645 1888 5715 Propertius,
1921 5646 2045 5704 Sta-

459 5713 598 5779 tius,
645 5717 762 5771 Val.
789 5717 1037 5777 Flaccus,
1065 5714 1410 5772 Dracontius.
1440 5713 1747 5787 Ampliﬁcat
1772 5716 2045 5776 Juvencus

458 5787 620 5844 verba
653 5786 909 5853 Maltlnri,
943 5788 1032 5856 qui
1065 5786 1137 5839 ita
1168 5787 1340 5844 solum
1372 5791 1481 5845 ait:
1531 5786 1678 5845 Vade
1704 5791 1772 5843 ad
1802 5806 1964 5858 mare,
1995 5802 2046 5847 et

2165 4574 2311 4643 tolle,
2340 4585 2408 4640 et,
2440 4582 2619 4646 aperto
2649 4590 2739 4631 ore
2763 4578 2898 4647 ejus,
2930 4574 3162 4631 invenies
3190 4574 3466 4631 staterem:
3498 4575 3647 4631 illum
3673 4593 3758 4631 su-

2165 4664 2330 4715 mens,
2364 4648 2432 4701 da
2460 4648 2533 4702 eis
2558 4664 2652 4717 pro
2679 4663 2779 4711 me,
2810 4655 2862 4701 et
2884 4656 2953 4702 te.

2236 4720 2361 4777 594.
2394 4717 2504 4774 Cur
2534 4719 2824 4789 penetralia
2848 4720 3062 4787 ventris,
3091 4734 3216 4775 cum
3243 4734 3427 4776 sermo
3455 4730 3662 4777 tantum
3692 4721 3758 4776 sit

2163 4790 2233 4867 de
2258 4790 2396 4847 ore?
2442 4790 2533 4847 Sic
2561 4793 2706 4867 enim
2734 4791 2964 4867 _\_’Aul_ga_ta
2988 4809 3000 4846 :
3051 4790 3119 4845 Et
3145 4803 3321 4865 aperto
3349 4808 3441 4867 ore
3467 4796 3603 4867 ejus,
3628 4792 3759 4847 iure-

2164 4863 2274 4917 nies
2301 4870 2562 4934 stateram.
2615 4861 2876 4931 lntelligit
2899 4861 3265 4920 Juvencus'os
3293 4861 3672 4934 aperiendum,
3704 4873 3758 4918 ut

2164 4950 2196 4990 e
2227 4933 2597 5005 penetralibus
2638 4933 2844 4989 ventris
2889 4942 3059 4989 stater
3089 4933 3428 4991 extrahatur.
3472 4936 3627 5005 Quod
3655 4934 3756 4990 tor-

2163 5001 2309 5061 lasse
2341 5004 2519 5057 innuit
2546 5001 2677 5058 Itala
2706 5006 2758 5058 in
2795 5006 3183 5075 Evangeliario
3206 5001 3557 5063 Tridentino:
3592 5007 3754 5062 Etes-

2160 5077 2469 5153 cendentem
2510 5076 2732 5153 primum
2776 5077 2970 5147 piscem
2998 5075 3175 5153 affer,
3195 5088 3243 5133 et
3265 5079 3410 5145 aperi
3436 5093 3494 5134 os
3521 5084 3633 5153 ejus
3652 5120 3666 5144 ,
3712 5086 3753 5133 et

2157 5146 2423 5201 inveniens
2452 5147 2504 5200 in
2532 5145 2626 5201 illo
2655 5145 2914 5215 staterem,
2946 5165 3090 5203 sume
3114 5150 3289 5214 illum,
3320 5160 3429 5205 etc.

2230 5220 2357 5275 595.
2392 5216 2687 5274 Dissolvere
2717 5221 2957 5291 pertinet
2983 5221 3049 5275 ad
3083 5235 3160 5276 aes
3186 5221 3454 5287 alienum,
3486 5231 3545 5278 ut
3572 5219 3750 5277 dissol-

2160 5291 2692 5365 verepecttniamﬂes
2716 5292 2983 5365 falienum,
3002 5302 3058 5349 et
3085 5293 3308 5365 similia.

2232 5361 2356 5418 596.
2396 5361 2627 5420 CAPUT
2657 5363 2774 5420 XV.
2817 5365 2922 5429 Qui
2951 5361 3023 5418 'in
3073 5364 3259 5419 coelum
3304 5366 3582 5421 ascendere
3613 5365 3747 5427 uelit,

2155 5432 2432 5507 humilem,
2478 5436 2654 5506 qualis
2684 5452 2811 5506 puer
2835 5445 2929 5501 est,
2962 5452 3074 5491 esse
3103 5446 3369 5507 oportere,
3417 5454 3478 5493 ac
3508 5455 3572 5493 ue
3596 5451 3747 5491 unum

2152 5506 2356 5577 quidem
2379 5507 2740 5580 decipiendum
2759 5507 3058 5580 puerulum,
3087 5506 3242 5580 etqui
3263 5510 3545 5578 deceperit,
3569 5511 3749 5580 dignas

2152 5593 2327 5644 ptenas
2353 5578 2619 5632 daturum.
2666 5578 2857 5633 Matth.
2889 5595 3039 5647 xvm,
3072 5581 3134 5647 l,
3166 5578 3309 5647 etc.;
3357 5581 3520 5639 Marc.
3547 5578 3744 5649 ιι,’55;

2151 5648 2282 5719 Luc.
2311 5665 2384 5719 ιχ,
2415 5650 2509 5712 46.
2543 5666 2677 5714 xvn,
2706 5649 2759 5706 2.

2223 5718 2350 5776 402.
2372 5718 2595 5776 Erroris
2633 5724 2881 5790 laqueos:
2921 5723 3045 5780 vide
3074 5733 3187 5780 not.
3221 5725 3287 5779 ad
3318 5723 3373 5781 lt.
3407 5726 3446 5780 l.
3481 5740 3625 5781 vers.
3665 5721 3743 5787 l2,

2150 5792 2335 5847 chlis
2376 5806 2471 5863 pro
2512 5792 2615 5849 hoc
2643 5794 2862 5849 mundo.
2901 5794 2995 5850 γω
3016 5797 3210 5851 mundo
3254 5814 3285 5849 α
3328 5798 3612 5863 scandulis,
3640 5802 3742 5851 etc.
