3994 6314
559 284 672 347 255

711 498 1013 570 Alteraque
1041 498 1193 555 illius
1224 498 1482 557 thalamis
1511 499 1812 557 sociabitur
1837 516 1997 570 uxor,

706 589 931 650 Crimen
959 592 1215 651 adulterii
1242 595 1446 665 popqu
1475 594 1581 651 sub
1612 603 1753 652 teste
1781 595 2005 653 subibit.

713 684 977 757 Discipuli
1002 685 1251 743 referunt
1278 705 1293 743 :
1318 686 1491 760 Urget
1518 687 1604 745 les
1636 688 1739 744 ista
1768 689 2031 759 virorum,

567 773 679 835 480
715 776 1049 847 Servitiique
1078 780 1277 850 premit
1316 795 1426 836 non
1462 796 1619 853 aequo
1650 781 1893 852 pondere
1920 794 2164 855 partem,

710 871 782 929 Ut
815 872 1011 928 melius
1041 871 1209 930 fuerit
1240 874 1495 931 thalamis
1525 876 1769 932 caruisse
1794 878 2030 948 perosis.

708 970 871 1044 287
901 968 1204 1043 Respondit
1230 970 1495 1028 Dominus
1518 989 1533 1029 :
1554 970 1673 1029 Non
1701 987 1896 1031 omnes
1926 973 2170 1046 pondere

1978 1089 2006 1128 a

698 1158 1005 1230 Subjicient
1034 1159 1302 1219 humeros
1332 1178 1347 1219 :
1379 1163 1538 1222 lectae
1566 1172 1694 1222 sunt
1717 1164 1842 1221 talia
1865 1072 2108 1223 domum

702 1253 957 1312 Virtutis.
989 1255 1161 1312 Trino
1192 1265 1516 1315 truncantur
1540 1275 1773 1331 corpora
1806 1276 1981 1330 more,

559 1347 668 1405 485
705 1348 838 1422 Quae
860 1350 1010 1407 nulla
1035 1349 1273 1424 gaudent
1297 1352 1523 1426 genitali
1554 1353 1676 1426 lege
1702 1363 1972 1411 tororum.

1808 285 1873 344 C.
1920 287 1983 343 V.
2024 286 2259 358 AQUIL.
2297 287 2588 348 JUVENCI
3737 293 3822 355 256

698 402 866 478 286
880 400 1013 459 Nam
1037 410 1246 460 temere
1265 401 1513 460 exsolvet
1532 402 1671 468 casti
1695 403 1786 475 qui
1797 402 1925 475 jura
1941 402 2155 476 cubitis,
2187 409 2238 469 Λ

2406 406 2651 479 Namque
2679 405 2820 463 alios
2853 407 2991 465 tales
3024 408 3269 480 progigni
3294 409 3350 465 in
3383 408 3601 466 luminis
3624 424 3738 469 oras

2405 498 2833 573 Comperimus:
2866 503 3161 576 plerosque
3216 503 3497 561 hominum
3547 506 3624 562 vis
3654 509 3819 585 ferrea

3650 616 3767 658 εειιι

3650 616 3709 658 se:

2407 689 2579 745 Exuit
2614 710 2627 747 :
2660 699 2748 746 ast
2774 691 2914 747 alios
2937 689 3086 761 ipsos
3115 690 3221 748 sibi
3249 690 3473 749 demere
3508 600 3709 749 cons[tat

2409 784 2516 841 Pro
2540 786 2664 843 coeli
2695 787 2880 858 regnis
2903 802 3137 859 pronum
3158 788 3229 844 de
3260 798 3483 858 pectore
3510 803 3752 848 amorem.

2268 880 2375 938 490
2412 880 2655 953 Quisque
2682 896 2854 953 capax
2881 881 3067 951 fuerit,
3089 884 3236 941 celsa
3262 885 3470 942 virtute
3490 896 3739 957 capessat,
3821 891 3829 911 ‘

2411 974 2566 1043 Quod
2591 976 2800 1048 paucis,
2841 975 3106 1050 lectisque
3134 978 3281 1035 Deus
3313 980 3438 1035 vult
3461 979 3695 1052 pandere
3729 996 3829 1038 mu-

3644 1074 3770 1147 [nus.

2414 1164 2541 1221 llmc
2564 1164 2671 1236 ait,
2701 1172 2752 1221 et
2770 1180 2988 1236 pueros,
3012 1180 3149 1238 quos
3167 1165 3410 1237 gaudens
3432 1181 3560 1223 cura
3581 1177 3828 1240 parentum

2410 1259 2547 1317 Cum
2577 1261 2828 1332 precibus
2859 1263 2998 1319 lzetis
3019 1264 3270 1320 certatim
3303 1264 3432 1321 hinc
3480 1264 3605 1321 inde
3633 1264 3827 1334 ferebat,

2409 1353 2670 1428 Suscipit,
2690 1363 2748 1414 et
2772 1356 2987 1429 plebem
3017 1365 3350 1429 sectantum,
3371 1359 3516 1431 quod
3538 1357 3830 1432 prohiberet,

1791 1511 2185 1571 LECTIONES
2223 1513 2648 1573 VARIANTES.

633 1632 759 1688 476.
799 1630 935 1699 Οιι.,
960 1631 1199 1697 exsolvit,
1231 1628 1357 1687 inde
1387 1629 1588 1685 factum
1617 1627 1867 1684 exsolvet.

632 1703 761 1760 481.
804 1702 1035 1768 Ald.,et
1063 1704 1190 1759 Bas.
1230 1717 1355 1758 cum
1397 1699 1844 1772 interrogationis
1889 1708 2016 1757 nota
2061 1716 2155 1771 pe-

562 1774 738 1832 rosis?
768 1775 911 1830 Alibi
936 1774 1091 1831 deest
1119 1789 1184 1830 ea
1216 1783 1365 1830 nota.

631 1847 757 1903 485.
784 1847 1028 1915 Poelm.,
1080 1845 1211 1913 alia,
1244 1844 1507 1903 mendose
1549 1860 1649 1916 pro
1686 1845 1837 1899 talia.
1883 1844 2161 1915 Plerique,

559 1919 737 1990 lectae;
768 1918 983 1974 Poelm.
1034 1933 1135 1990 pro
1152 1918 1215 1974 d.
1247 1933 1295 1973 s.
1329 1933 1451 1974 cum
1490 1916 1604 1990 Oti,
1652 1932 1682 1973 a
1733 1932 1818 1990 pr2
1848 1932 1972 1990 rm.,
2006 1916 2159 1990 lictis.

561 1972 747 2059 nam;
771 1972 1141 2059 iactasque
1168 1972 1377 2046 etiam
1420 1972 1540 2045 vult
1569 1972 1858 2058 Reg.,'ubi
1898 1972 1981 2043 est
2020 1986 2160 2057 lecti,
2195 1972 2243 2034 B

560 2064 657 2118 sed
686 2063 868 2135 glossa
929 2062 1170 2135 perfectis
1190 2062 1313 2135 siris
1361 2061 1568 2117 indicat
1600 2062 1780 2135 lectis.
1818 2060 2168 2135 Distinguuut

561 2133 707 2191 vero
724 2137 879 2189 ltom.
905 2144 960 2190 et
988 2133 1151 2204 Reg.,
1179 2133 1322 2189 lectis
1368 2144 1487 2189 sunt
1535 2133 1663 2188 talia
1691 2133 1851 2188 dona.
1885 2163 1955 2172 —
1990 2133 2167 2185 Virtu-

561 2207 629 2261 tis
678 2207 816 2261 trino
858 2214 1161 2261 truncantur
1202 2221 1422 2278 corpora
1465 2222 1609 2262 more
1658 2221 1676 2261 :
1720 2220 1841 2277 quae
1885 2204 2167 2261 distinctio

564 2286 887 2406 lni%‘:.el§ie
931 2364 1125 2407 versus
1165 2350 1236 2405 ita
1288 2357 1581 2419 corruptus
1634 2348 1832 2418 legitur
1868 2348 1923 2404 in
1957 2347 2116 2404 Rom.
2151 2366 2164 2403 :

574 2419 667 2495 Vir
696 2431 814 2476 tuus
843 2423 977 2477 trino
1004 2432 1270 2477 truncatur
1296 2438 1512 2495 corpore
1555 2437 1754 2495 amore.
1791 2421 1952 2492 Beg.,
1984 2421 2167 2495 Virtu»

572 2494 639 2570 iis
665 2495 800 2570 trino
825 2502 1127 2570 (queantur
1158 2494 1601 2570 corpora’amore.
1630 2494 1795 2563 Lege,
1844 2509 1969 2549 cum
2018 2494 2162 2563 aliis,

572 2562 825 2639 Virtutis_._
852 2566 1009 2621 Trino
1031 2562 1336 2621 truncantur
1366 2582 1583 2639 corpora
1604 2562 1770 2639 more.

631 2638 758 2696 ‘85.
783 2636 1067 2710 Kmnigius
1096 2641 1407 2767 suspicatur
1432 2636 1673 2712 ,geniali
1694 2638 1824 2713 lege.

631 2709 761 2767 686.
792 2709 1001 2767 Poelm.
1034 2725 1132 2767 pro
1223 2751 1235 2766 .
1269 2726 1345 2767 5..
1373 2709 1585 2767 luminis
1632 2725 1824 2767 auras:

631 2709 761 2768 686.
792 2709 1001 2768 Poelm.
1034 2725 1132 2782 pro
1178 2709 1235 2767 d.
1269 2726 1345 2778 5.,
1373 2709 1585 2769 luminis
1632 2709 1787 2767 auras
1810 2725 1830 2766 :
1852 2709 2160 2768 communis

2262 1627 2448 1695 lectio,
2468 1628 2680 1684 luminis
2706 1644 2847 1684 oras.

2332 1700 2459 1756 488.
2484 1701 2672 1774 item,
2702 1698 3079 1774 Ald.,_1‘orn.,
3108 1708 3261 1770 atque
3287 1701 3451 1774 alios,
3487 1702 3741 1774 plerique,
3772 1711 3834 1760 ast

2263 1773 2417 1845 alios.
2448 1772 2599 1843 Ald.,
2633 1773 2830 1845 Torn.,
2858 1772 3012 1840 Bas.,
3060 1774 3191 1845 ipsis
3232 1773 3351 1829 sibi.
3398 1772 3526 1831 Mss.
3575 1772 3691 1831 cuin
3731 1776 3831 1833 aliis

2267 1844 2449 1915 editis,
2500 1846 2639 1915 ipsos
2677 1844 2795 1900 sibi.

2339 1917 2465 1974 491.
2506 1917 2735 1990 Westh.
2766 1920 2819 1971 in
2879 1926 3030 1975 testu
3086 1919 3315 1990 lwtisque
3366 1917 3533 1985 Deus,
3569 1918 3622 1974 in
3670 1932 3835 1989 marg,

2270 1989 2472 2062 (letique
2498 1988 2660 2062 peus.
2691 1988 2959 2062 Neutrum
2991 1990 3213 2061 quidem
3233 1988 3377 2046 ferri
3414 1998 3616 2062 potest.

2344 2060 2469 2185 432.
2498 2060 2684 2130 Rom.,
2716 2060 2864 2130 Ald.,
2918 2060 3066 2130 Bas.,
3123 2063 3355 2136 gaudens
3399 2060 3568 2135 quos;
3608 2062 3693 2118 alii
3734 2078 3836 2135 quos

2344 2150 2373 2185 u
2416 2150 2524 2185 ens.

2305 2150 2524 2188 audens.

2268 2154 2645 2262 gazszshlss.
2693 2220 2816 2260 cum
2857 2204 3136 2276 plerisque
3188 2205 3383 2271 editis,
3433 2205 3836 2274 lwtis;nonnulli

2271 2276 2425 2343 editi,
2458 2278 2584 2331 laeti.
2638 2277 2803 2348 Reg,
2848 2277 3043 2344 Torn.,
3096 2277 3285 2344 Fabr.,
3332 2279 3545 2334 Poelm.
3597 2279 3648 2334 in
3691 2288 3833 2343 textu,

2272 2349 2525 2408 lladam..
2560 2348 2826 2419 ferebant;
2856 2348 3043 2411 Rom..
3074 2348 3212 2413 Ott.,
3245 2364 3369 2405 cum
3399 2350 3543 2415 aliis,
3574 2351 3769 2417 ferebat.
3790 2349 3835 2404 Si

2273 2420 2422 2492 legas
2449 2419 2557 2495 (ceti
2595 2422 2831 2476 certatim
2862 2420 2983 2475 hinc
3023 2422 3143 2475 inde
3180 2422 3436 2495 ferebant,
3477 2422 3711 2495 intellige
3737 2435 3836 2479 esse

2271 2494 2626 2565 mutaiionem
2658 2495 2882 2565 generis
2902 2502 2960 2565 et
2984 2494 3218 2549 numeri.
3656 2494 3671 2545 ζ

2340 2564 2467 2621 494.
2500 2565 2838 2621 Sahalierius
2868 2564 3043 2621 edidit
3078 2572 3381 2629 sectantem,
3415 2575 3470 2623 et
3502 2580 3600 2637 pro
3622 2567 3675 2622 d.
3696 2581 3737 2621 s.
3762 2565 3836 2637 ad-

2268 2636 2348 2693 dit
2386 2646 2692 2701 sectautuin,
2720 2637 2862 2707 quod
2894 2638 3055 2692 unice
3104 2637 3156 2691 in
3186 2637 3392 2693 nostris
3433 2636 3592 2703 mss.,
3620 2649 3673 2695 et
3703 2636 3836 2694 editis

2268 2709 2561 2766 invenitur.
2579 2707 2715 2765 Vide
2734 2724 2788 2763 ν.
2810 2707 2917 2765 564
2934 2709 2972 2764 ι.
2987 2725 3045 2764 ιι.
3062 2708 3223 2765 Rom.
3242 2724 3351 2765 non
3369 2711 3512 2767 male
3524 2710 3836 2786 prohiberent.
3858 2776 3864 2780 ,

2113 2833 2347 2892 NOTAE.

559 2927 815 2986 licentius
834 2937 1144 3001 vagaretur.
1171 2928 1463 2986 Constituit
1488 2930 1659 2997 enim,
1684 2929 1923 2987 libellum
1946 2929 2158 3001 repudii

563 3002 878 3058 necessario
903 3001 1249 3057 scribendum
1280 3002 1350 3055 ab
1374 3002 1441 3056 iis
1470 3017 1618 3070 esse,
1642 3003 1734 3072 qui
1763 3016 1967 3059 uxores
1992 3018 2157 3072 repu-

560 3073 798 3142 diarent,
831 3084 891 3130 ut
920 3088 1011 3130 res
1039 3074 1142 3129 sub
1163 3073 1347 3144 judice
1375 3078 1562 3143 posset
1587 3076 1865 3145 cognosci.
1899 3073 2013 3129 Huc
2035 3089 2160 3145 per-

559 3146 717 3212 tinet,
740 3147 883 3216 quod
910 3147 1188 3203 Juveneus
1215 3146 1252 3217 li.
1282 3162 1332 3216 ι,
1363 3161 1507 3202 vers.
1535 3147 1661 3215 567,
1691 3147 1769 3200 ait
1793 3164 1807 3200 :
1836 3144 2161 3217 Principium

558 3215 787 3278 ueteres.
837 3218 996 3285 siquis
1044 3215 1306 3271 connubia
1351 3218 1583 3285 rumpit,
1615 3247 1690 3258 —
1718 3217 1958 3273 Scribere
1997 3215 2160 3271 disci-

561 3290 729 3353 dium,
763 3290 906 3362 juris
936 3289 1123 3360 feralia
1151 3288 1325 3362 uerba.
1361 3287 1471 3362 Leu
1510 3288 1722 3362 repudii
1748 3288 1971 3344 Denter.
2007 3304 2157 3354 xxiv,

2268 2938 2440 2985 autem
2475 2945 2539 2982 ne
2572 2928 2801 2983 dimissis
2830 2928 3043 2998 quidem
3071 2928 3153 2999 fas
3192 2935 3269 2999 est
3297 2925 3522 2999 nubere,
3554 2923 3834 2999 nisiprioris

2267 3001 2365 3055 viri
2397 3004 2671 3068 permissu.
2714 2997 2850 3054 Cum
2894 3014 3027 3070 ergo
3070 2997 3171 3069 pro
3197 2998 3330 3052 viris
3373 2997 3464 3070 lex
3508 2997 3709 3065 repudii
3735 2997 3833 3049 data

2268 3081 2439 3137 esset,
2473 3087 2582 3144 quo
2613 3071 2787 3144 magis
2833 3069 3051 3126 licentia
3098 3069 3423 3144 repudiandi
3466 3078 3759 3144 coercetur,
3784 3079 3835 3119 co

2267 3140 2595 3215 gravius'est
2617 3140 2748 3198 viris
2771 3144 3048 3215 vinculum
3079 3142 3432 3197 matrimonii.
3458 3140 3706 3215 Christus
3728 3151 3833 3208 ergo

2271 3211 2499 3270 uxorum
2531 3230 2748 3270 causam
2775 3214 3121 3283 relinquebat
3152 3215 3202 3267 in
3232 3229 3299 3269 eo
3322 3224 3485 3277 statu,
3513 3211 3565 3266 in
3593 3226 3694 3279 quo
3717 3218 3831 3273 erat,

2269 3296 2531 3359 quantum
2559 3287 2777 3358 quidem
2807 3286 3214 3359 adlibertatem
3246 3283 3572 3359 repudiandi
3600 3290 3832 3359 spectat;

560 3376 601 3429 t,
633 3348 741 3417 etc.
762 3348 785 3425 ζ’
805 3348 1069 3416 haec'erat
1095 3376 1109 3413 :
1143 3358 1202 3414 Si
1235 3359 1495 3427 acceperit
1521 3348 1674 3413 Ιιὸηιο
1701 3375 1919 3414 uxorem
1939 3401 1954 3425 ,
1984 3369 2029 3413 et
2062 3348 2166 3414 non
2193 3348 2239 3413 C
2270 3348 2324 3413 at
2348 3348 2589 3414 virorum
2617 3374 2837 3414 eausnm
2865 3356 3232 3414 difficiliorem
3264 3348 3548 3413 reddebat.
3586 3348 3833 3429 Putabant

561 3432 815 3505 invenerit
842 3432 1067 3505 gratiam
1082 3430 1405 3505 aute‘oculos
1434 3431 1556 3505 ejus
1574 3441 1785 3505 prapter
1805 3432 2042 3505 aliquam
2071 3433 2163 3503 fee-

562 3504 802 3567 ditatem,
842 3500 1027 3558 scribit
1075 3500 1313 3574 libellum
1347 3500 1595 3574 repudii,
1645 3500 1692 3556 et
1721 3502 1869 3574 dabit
1908 3503 1963 3557 in
2005 3500 2164 3557 manu

561 3574 737 3638 illius,
767 3584 814 3628 et
841 3575 1064 3628 dimittet
1090 3588 1206 3627 eam
1230 3571 1294 3627 de
1321 3571 1476 3628 domo
1516 3589 1637 3628 sua.
1686 3573 1919 3643 Cumque
1965 3590 2164 3644 egressa

569 3645 795 3699 alterunt
837 3646 1084 3699 maritum
1120 3644 1358 3716 duxerit,
1390 3654 1437 3698 et
1468 3644 1557 3716 ille
1584 3661 1783 3716 quoque
1809 3646 1977 3699 oderit
2013 3662 2159 3712 eam,

565 3717 860 3786 dederitque
885 3716 1115 3772 libellum
1145 3715 1424 3783 repudii...
1456 3715 1535 3771 vel
1559 3715 1956 3773 certe’ntortuus
1979 3720 2160 3788 fuerit,

564 3805 671 3861 non
697 3789 880 3861 poterit
907 3789 1050 3861 prior
1080 3788 1296 3842 maritus
1326 3790 1556 3861 recipere
1578 3804 1695 3861 eam
1716 3790 1770 3843 in
1792 3806 2029 3857 uxorem,
2054 3799 2159 3845 etc.

565 3858 809 3932 Inhujus
839 3858 977 3932 legis
1006 3859 1464 3932 interpretatione,
1485 3859 1663 3916 Judaei
1694 3861 1835 3917 inter
1861 3875 1920 3916 se
1951 3861 2161 3917 discre-

566 3930 791 4003 pabant.
816 3930 921 3992 Alii
952 3932 1248 3999 tenebant,
1280 3931 1566 4003 repudium
1596 3933 1772 3988 solum
1812 3933 2052 4003 permitti
2094 3948 2160 3988 ex

566 4002 755 4073 aliquo
785 4004 934 4072 gravi
962 4004 1188 4058 crimine
1216 4013 1401 4060 contra
1436 4002 1941 4060 honeSIatem.iAlii
1974 4004 2163 4060 defen-

566 4075 790 4147 debant,
832 4075 1079 4147 quamvis
1108 4075 1367 4131 leviorem
1405 4078 1785 4144 mitioremque
1808 4092 2028 4131 causam
2052 4076 2164 4130 Suf-

564 4145 754 4218 ﬁcere,
778 4145 865 4203 vel
901 4164 1020 4203 eam
1064 4149 1227 4204 etiam
1249 4189 1267 4215 ,
1297 4148 1439 4217 quod
1468 4163 1604 4203 uxor
1633 4150 1812 4204 minus
1851 4158 2003 4218 grata
2044 4148 2162 4203 viro

564 4217 864 4291 videretur.
932 4219 1184 4277 Christus
1232 4219 1407 4291 legem
1462 4220 1530 4276 de
1577 4236 1739 4276 causa
1788 4217 2162 4291 fornicationis

564 4289 795 4362 intelligi
822 4291 1029 4358 docuit,
1060 4308 1124 4347 ac
1159 4288 1317 4347 simul
1351 4308 1418 4348 ex
1450 4292 1904 4363 interpretatione
1934 4288 2162 4347 Juveuci

564 4361 826 4430 ostendit,
858 4379 980 4419 eam
1010 4378 1230 4419 causam
1265 4379 1370 4419 non
1402 4365 1585 4419 valere
1603 4361 1682 4419 ad
1714 4361 2013 4434 perfectam
2048 4378 2163 4434 ma-

568 4434 815 4489 trimonii
860 4434 1275 4490 dissolutionem
1323 4436 1376 4489 iu
1422 4434 1541 4490 foro
1580 4433 1953 4491 conscientias.
1999 4433 2161 4490 Aliud

566 4514 649 4559 est
676 4504 745 4559 de
772 4505 1032 4572 divortio,
1063 4521 1157 4561 seu
1187 4506 1536 4568 separatione
1564 4507 1696 4562 tori.

634 4575 759 4629 476.
795 4575 943 4630 Libr.
956 4593 1003 4651 ρ,
1027 4591 1173 4651 vers.
1318 4596 1333 4651 ξ
1350 4575 1490 4631 Nam
1506 4579 1634 4651 casti
1651 4582 1781 4651 jura
1795 4577 2031 4651 pudoris,
2053 4588 2156 4634 etc.

569 4646 778 4718 Sensus
796 4657 918 4718 est:
943 4647 1045 4715 Qui
1067 4648 1186 4718 sine
1209 4647 1397 4703 libello
1425 4646 1882 4718 repudii'dimiitit
1903 4664 2155 4717 uxorem,

566 4717 840 4789 aliamque
869 4717 1041 4782 ducit,
1070 4717 1286 4774 adulter
1319 4717 1877 4789 palam’judicabitur.

635 4788 762 4845 479.
805 4787 1013 4846 Sensus
1042 4799 1127 4845 est
1153 4808 1166 4845 :
1194 4790 1306 4845 Lex
1333 4791 1431 4845 ista
1460 4787 1695 4860 cn‘njugii
1728 4791 1975 4860 perpetui
2008 4803 2159 4863 urget

566 4869 779 4931 partem
808 4863 1073 4924 virorum,
1104 4876 1336 4930 eamque
1362 4863 1561 4930 premit
1592 4877 1698 4917 non
1729 4876 1890 4930 atquo
1917 4863 2159 4931 pondere

564 4931 793 5005 servitii.
826 4932 1113 4987 Mattheus
1148 4934 1269 4989 ait:
1307 4931 1497 4986 Dicunt
1519 4935 1567 4987 ei
1603 4932 2003 5005 discipuliejus
2040 4951 2059 4990 :
2096 4937 2159 4992 Si

559 5003 637 5074 ita
661 5013 736 5074 est
765 5019 923 5058 causa
947 5006 1171 5060 hominis
1212 5021 1331 5058 cum
1361 5020 1547 5070 uxore,
1578 5020 1681 5059 non
1710 5003 1923 5074 expedit
1944 5006 2153 5062 nubere.

564 5073 774 5129 Nubere
804 5077 1080 5146 proprium
1110 5086 1195 5132 est
1222 5074 1437 5130 feminze
1476 5092 1489 5130 :
1536 5076 1630 5131 sed
1656 5076 1926 5146 reperitur
1946 5092 1975 5131 a
1998 5074 2157 5133 Citri-

566 5146 758 5225 stianis
785 5157 1097 5225 usurpatum
1120 5148 1186 5203 de
1214 5148 1351 5203 viro.
1395 5146 1696 5225 Grzrceest
1720 5159 1978 5225 γαμῆσαι,
2026 5166 2161 5205 uxo-

563 5232 681 5292 rem
706 5216 927 5274 ducere.
959 5219 1324 5292 Hieronymus
1349 5223 1510 5290 epist.
1541 5221 1607 5277 ad
1633 5216 1866 5277 Amand.
1896 5231 2028 5276 tom.
2062 5237 2112 5275 tv
2144 5240 2157 5276 :

567 5287 629 5343 Si
661 5289 734 5371 ita
763 5298 862 5371 est,
893 5307 995 5346 non
1025 5287 1233 5371 expedit
1262 5287 1717 5371 homini__ttxorem
1758 5297 2010 5367 arripere.
2044 5296 2155 5348 Au-

561 5361 811 5431 gustinus
842 5361 897 5416 in
925 5361 1119 5433 psalui.
1154 5379 1241 5419 CIII
1274 5382 1287 5418 :
1315 5366 1376 5422 Si
1399 5367 1520 5421 talis
1540 5376 1613 5421 est
1641 5384 1798 5421 causa
1825 5361 1941 5421 cum
1972 5382 2153 5431 uxore,

562 5447 669 5506 non
699 5433 904 5505 expedit
934 5435 1141 5490 dueere.
1174 5433 1285 5491 Cur
1305 5447 1489 5493 autem
1533 5441 1647 5493 lucc
1691 5438 1780 5494 lex
1804 5440 1953 5506 viro,
1993 5445 2051 5492 et
2080 5437 2157 5493 fe-

564 5503 728 5559 minae
752 5503 860 5559 non
890 5521 1039 5575 aqua
1072 5507 1322 5564 dicetur?
1363 5509 1496 5565 Nam
1526 5509 1667 5565 sicut
1692 5510 1810 5565 viro
1831 5503 1948 5566 non
1973 5510 2100 5564 licet
2122 5524 2154 5564 a

564 5576 917 5652 matrimonio
946 5578 1162 5652 resilire
1182 5618 1198 5642 ,
1227 5582 1299 5635 ita
1333 5596 1505 5652 neque
1536 5583 1712 5637 uxori.
1744 5580 2152 5638 Advertendum

563 5655 671 5724 est,
697 5663 803 5724 non
833 5649 1052 5724 licuisse
1078 5649 1298 5724 feminis
1326 5649 1611 5724 repudiare
1639 5655 1808 5719 viros,
1840 5663 1897 5708 ut
1925 5660 2155 5724 testatur

563 5715 1115 5798 JosepliusiAntiquit.
1135 5722 1169 5777 Ι.
1187 5740 1281 5788 xv.
1299 5741 1352 5782 c.
1370 5715 1431 5781 ﬂ
1451 5744 1466 5783 :
1484 5725 1695 5782 Salome
1706 5715 1933 5780 libellum
1945 5723 2151 5798 repudii

564 5791 754 5870 marito
782 5793 942 5847 mittit
990 5802 1174 5870 printer
1218 5797 1503 5870 legigimum
1552 5815 1743 5870 morem
1786 5791 2013 5870 patrias.’
2043 5793 2150 5870 ραις

564 5809 754 5856 marito
782 5809 942 5847 mum
990 5809 1174 5860 preter
1218 5809 1503 5921 tegi/timum
1552 5815 1743 5854 morem
1786 5809 1991 5870 patriae.
2043 5809 2148 5847 Lar

556 5859 689 5913 enim
719 5870 892 5918 nostra
930 5863 1056 5919 solis
1080 5870 1279 5923 maritis
1322 5862 1514 5947 tocjus
1541 5868 1811 5937 permittit,
1844 5860 2148 5923 mulieribus

2265 3440 2450 3487 autem
2495 3429 2704 3497 Judari,
2738 3429 2920 3485 hacin
2954 3445 3013 3484 re
3063 3430 3233 3500 magis
3284 3426 3692 3483 concedendum
3734 3437 3833 3500 esse

2266 3505 2408 3568 viro,
2441 3503 2534 3573 qui
2560 3511 2725 3572 caput
2747 3513 2830 3557 est
2858 3503 3094 3569 feminae,
3124 3497 3283 3568 quam
3312 3500 3568 3573 fetninai,
3598 3497 3833 3573 quierim

2267 3568 2513 3646 subjecta
2555 3568 2679 3630 esse
2707 3573 2871 3629 debet
2901 3591 2915 3628 :
2944 3573 3188 3646 adeoque
3236 3588 3379 3646 regre
3413 3570 3689 3646 (terebant,
3728 3568 3834 3646 ipsis

2267 3640 2555 3716 repudium
2588 3687 2604 3709 ,
2660 3657 2713 3702 et
2757 3640 3465 3717 polygamiamprohiberi.
3514 3641 3651 3699 Alia:
3695 3640 3831 3717 eiiam

2266 3713 2455 3782 gentes
2481 3717 2614 3773 viris
2643 3713 2939 3771 divortium
2972 3713 3401 3783 permittebant,
3437 3730 3545 3769 non
3578 3713 3832 3783 uxoribus.

2268 3789 2408 3845 Hinc
2430 3790 2612 3843 Medea
2637 3789 2777 3860 apud
2806 3788 3119 3858 Euripidem
3133 3804 3188 3842 v.
3211 3788 3317 3842 9.50
3333 3782 3835 3860 querebaturzpme-

2266 3878 2482 3933 cumque
2516 3872 2637 3933 sunt
2671 3855 2918 3915 animalia
2941 3855 3116 3914 mente
3147 3855 3390 3933 praedita,
3417 3888 3490 3933 -ς
3520 3855 3832 3933 Miserrimum

2266 3927 2451 3986 horum
2480 3932 2757 3987 mulierum
2778 3950 2939 4001 genus
2968 3927 3167 4001 sumus.
3192 3961 3264 3971 ——
3282 3927 3485 3984 Grandi
3514 3930 3721 4001 pecunia
3741 3934 3833 3977 ante

2266 4006 2438 4058 omnia
2468 4020 2688 4073 namque
2717 3998 2977 4073 adigimur
3003 4032 3074 4042 —
3100 4000 3289 4073 Emere
3317 3998 3594 4073 maritum,
3615 3998 3714 4073 hoc
3738 4005 3827 4059 est,

2264 4076 2533 4148 dominum
2571 4070 2735 4131 emere
2761 4070 3029 4148 corporis.
3068 4102 3139 4114 -—
3170 4072 3303 4148 Tum
3329 4073 3535 4148 grauius
3580 4070 3714 4148 istud
3734 4110 3761 4148 ,.
3784 4083 3832 4119 at?

2265 4147 2626 4219 periculosius,
2650 4177 2720 4187 —
2745 4138 2896 4213 Quod
2914 4147 3112 4219 jacitur
3131 4138 3349 4216 ancipiti
3374 4147 3514 4219 exitu
3540 4141 3690 4219 semel
3714 4138 3829 4201 alca,

2265 4212 2337 4259 ῖ-
2355 4215 2569 4271 Bonone
2589 4212 2777 4283 nubas,
2805 4236 2873 4272 an
2896 4212 3038 4272 malo
3061 4232 3079 4270 :
3102 4233 3222 4270 nam
3243 4212 3463 4287 repudia
3484 4245 3556 4257 ——
3578 4212 3831 4268 Inhonesta

2266 4291 2433 4356 nobis,
2455 4304 2545 4343 nec
2565 4299 2797 4344 nostrum
2818 4298 2891 4344 est
2907 4289 3180 4343 divertere.
3213 4287 3354 4355 Lege
3375 4287 3681 4342 Christiana
3706 4295 3829 4356 sepa-

2267 4352 2548 4416 ratio'tori
2592 4376 2745 4430 teque
2785 4363 2942 4416 usori
2981 4376 3043 4415 ac
3086 4360 3204 4415 viro
3234 4352 3571 4429 permittitur
3594 4357 3747 4414 certis
3773 4352 3827 4406 de

2267 4433 2469 4508 causis.
2499 4429 2787 4508 Cornelius
2818 4431 3079 4508 a_Lapide
3105 4447 3173 4487 ex
3203 4440 3451 4508 veterum
3482 4430 3641 4484 dictis
3676 4434 3830 4508 osten-

2266 4502 2368 4571 dit,
2399 4505 2470 4559 ob
2501 4504 2826 4560 feminarum
2857 4502 3093 4571 ineptias
3122 4503 3452 4558 matrimonii
3480 4515 3617 4558 ouus
3637 4502 3829 4571 gravius

2262 4591 2384 4633 esse
2413 4576 2546 4647 viris
2575 4592 2738 4647 quam
2765 4576 3108 4647 mulieribus.

2336 4649 2463 4705 48L
2506 4639 2755 4717 Perosis,
2790 4648 2919 4704 odio
2955 4646 3158 4718 dignis.
3204 4644 3433 4718 Perosus
3464 4655 3585 4718 est,
3614 4643 3698 4715 qui
3725 4639 3828 4696 odio

2268 4719 2434 4775 habet
2459 4737 2472 4774 :
2499 4719 2714 4791 sedihic
2742 4716 2957 4791 passive
2976 4716 3231 4787 sumitur,
3257 4728 3315 4772 ut
3340 4732 3371 4772 a
3393 4716 3725 4773 Tertulliano
3745 4726 3830 4766 non

2266 4792 2462 4848 semel.
2608 4786 2613 4799 “

2338 4865 2465 4918 482.
2508 4862 2772 4930 Pondere,
2821 4864 2878 4920 h.
2932 4880 2983 4920 e.
3008 4908 3023 4932 ,
3072 4863 3174 4918 sub
3202 4860 3467 4932 pondere.
3498 4858 3755 4917 Omeisius
3777 4868 3829 4909 ex

2270 4935 2503 5006 Virgilio
2533 4937 2570 4990 l.
2604 4952 2679 5004 vr,
2705 4952 2851 4993 vers.
2895 4937 3001 4992 465
3043 4934 3265 5006 proferi
3292 4952 3306 4988 :
3357 4932 3537 5006 Teque
3556 4939 3753 4999 aspectu
3777 4940 3826 5006 ne

2264 4995 2508 5062 subii-alie
2536 4995 2734 5073 nostra,
2784 5019 2839 5064 et
2868 5023 2937 5064 ex
2970 4995 3147 5062 En'nio
3173 5025 3186 5061 :
3218 4995 3495 5060 Esurienle
3520 4995 3662 5058 leone
3683 4995 3831 5057 excul-

2266 5094 2385 5151 pere
2413 5079 2663 5151 prtedam.
2689 5080 2797 5136 Sed
2822 5079 2939 5135 litec
2964 5080 3079 5151 alio
3097 5078 3400 5151 pertinent.

2336 5140 2464 5204 48.1.
2511 5150 2746 5207 Verbum
2779 5162 3019 5206 truncare
3042 5140 3319 5205 cellarius
3349 5157 3544 5204 contra
3568 5140 3829 5203 nonnullos

2266 5235 2448 5275 aureae
2478 5221 2757 5281 Latinitati
2786 5223 3047 5279 restituit.

2338 5291 2472 5367 487._
2512 5294 2605 5349 Vis
2648 5298 2815 5367 ferrea
2857 5294 3149 5358 hominum,
3183 5308 3384 5364 nempe
3413 5292 3660 5347 homines
3686 5288 3825 5347 l‘erro,

2266 5365 2545 5441 εις-...δίνᾳ
2575 5365 2721 5422 acies
2752 5366 2894 5441 ferri
2916 5379 3008 5421 aut
3039 5368 3238 5441 culter.

2335 5436 2463 5491 489.
2512 5439 2763 5506 Pronum,
2784 5436 3014 5497 scilicet
3041 5439 3108 5493 ad
3139 5453 3426 5494 venerem.

2333 5508 2462 5565 490.
2502 5508 2726 5565 Ovidius
2752 5495 2800 5566 ἶ.
2825 5525 2922 5564 νιιι
2968 5510 3122 5578 Met.,
3179 5524 3324 5565 vers.
3363 5509 3473 5565 245
3514 5526 3526 5562 :
3578 5501 3736 5560 Animi
3774 5495 3829 5578 ad

2262 5592 2521 5651 pracepta
2555 5583 2781 5649 capacis.
2832 5581 3005 5636 Verba
3049 5576 3288 5637 Maltlttei
3338 5589 3487 5642 sunt,
3539 5578 3638 5645 Qui
3684 5576 3828 5652 potest

2262 5667 2466 5718 capere,
2513 5654 2708 5724 capiat.
2740 5652 3012 5709 Juveucus
3042 5654 3311 5722 exponit,
3350 5652 3457 5721 Qui
3494 5657 3826 5724 potestach-

2256 5738 2408 5792 pere,
2436 5719 2687 5793 accipiat.
2718 5724 3029 5780 Mazochius
3049 5719 3203 5780 ad'h.
3247 5724 3284 5780 l.
3319 5719 3506 5791 capere
3532 5719 3723 5788 accipit
3742 5725 3825 5784 pro

2253 5794 2459 5863 glu!ire,
2494 5811 2826 5864 concoquere,
2858 5795 3001 5866 quod
3035 5795 3104 5850 de
3132 5795 3453 5866 durioribus
3479 5793 3693 5857 dicitur,
3720 5794 3823 5857 qui!

2257 5880 2363 5920 non
2398 5875 2623 5935 possunt
2653 5865 2940 5937 eoncoqui,
2974 5868 3091 5921 sive
3124 5868 3283 5922 facile
3312 5865 3484 5921 credi.
