3994 6314
181 308 274 367 275
1240 301 1705 366 nuncnum
1740 305 2093 369 amoma:
2131 309 2262 387 LIB.
2305 312 2396 370 lll.

1777 437 1834 497 Α

297 422 446 480 Talia
474 420 629 480 dicta
657 422 847 481 dedit:
882 422 1024 480 Vitis
1050 421 1183 480 mihi
1208 424 1388 496 portio
1412 425 1591 497 major

293 516 639 588 Semiputata
661 516 831 588 jacet.
864 516 973 575 Sed
1000 532 1200 590 perge,
1228 525 1287 575 et
1304 518 1508 577 robore
1533 516 1666 576 forti

169 612 263 674 695
290 611 446 672 Nunc
466 612 791 683 scrobibus,
814 627 960 671 nunc
981 613 1117 671 lalce
1141 628 1424 687 premens,
1451 616 1635 672 vineta
1659 630 1751 675 re-

372 757 378 762 .
1460 709 1675 767 ltonde.

295 757 429 857 Tum
456 800 684 872 juvenis
711 816 839 860 sese
862 810 970 859 tam
1000 801 1225 859 sordida
1250 802 1431 861 vinela
1455 709 1661 860 ἓξὲξ-,ἓξ

286 894 443 953 Nolle
466 896 580 967 pati
605 904 895 954 memorat.
919 896 1247 955 Postomnia
1264 897 1418 969 jussa
1437 896 1682 970 parentis

287 989 446 1065 307
495 988 871 1064 Exsequitur,
903 990 1278 1065 damnansque
1324 992 1427 1049 sibi
1478 1007 1743 1064 responsa

530 1136 533 1145 ,
1402 1096 1412 1146 Ι
1425 1096 1666 1146 coercet.

331 1113 340 1121 -
530 1136 533 1145 ,
1425 1101 1561 1144 coeo

292 1176 422 1234 Post
447 1176 622 1234 alium
647 1186 836 1236 natum
864 1179 1033 1237 simili
1058 1194 1314 1237 sermone
1334 1086 1561 1251 iubebat

164 1268 257 1330 700
286 1269 369 1330 Ad
395 1272 587 1331 vineta
617 1273 704 1331 sui
727 1273 1038 1347 dependere
1054 1274 1207 1347 jussa
1228 1273 1452 1332 laboris.

3333 319 3443 376 274

1999 430 2209 486 Annuit
2229 430 2313 488 bis
2327 431 2544 502 juvenis
2559 478 2574 502 ,
2602 448 2705 492 nec
2723 434 2887 493 dictis
2934 434 3075 495 facta
3095 448 3377 511 repensat.

1998 523 2206 592 Dicite,
2231 525 2354 596 quis
2380 526 2559 597 potius
2582 529 2850 601 genitoris
2879 531 3034 602 jussa
3068 534 3379 606 sequatur?

1888 690 1904 702 Ἰ
1994 614 2080 672 llli
2108 617 2418 674 collaudant
2447 634 2787 691 responsum,
2803 625 3153 695 posterioris.
3442 618 3449 624 ’

1877 698 1904 707 ”
1995 709 2162 784 308
2193 710 2547 785 Prosequitur
2560 713 2854 774 Christus:
2882 717 3040 777 Nunc
3076 735 3208 778 vera
3239 719 3446 779 adver-

3065 816 3189 890 [tite
3217 817 3387 874 dicta.

1854 899 1961 958 705
1999 900 2117 959 lam
2146 904 2317 977 magis
2345 905 2474 963 hinc
2517 907 2647 967 coeli
2674 908 2863 966 sedem
2903 911 3302 984 comprendere
3328 927 3454 972 cer-

3150 1014 3264 1063 tum
3290 1016 3377 1065 θει

2721 1034 2724 1037 -
3150 1014 3264 1063 tum
3290 1032 3295 1058 4

1988 1091 2252 1164 Corporis
2277 1107 2309 1150 e
2334 1094 2482 1150 vitiis
2511 1105 2823 1167 quaerentes
2854 1096 3076 1155 sordida
3101 1004 3249 1155 ἰξατο
3279 1144 3295 1169 ,

1989 1183 2938 1260 Quamvestrumquemquam.Vobis
2955 1199 3450 1250 namveneratante

1984 1278 2170 1338 Justus
2206 1282 2483 1340 Joannes:
2514 1282 2611 1341 sed
2643 1298 2757 1342 non
2787 1293 2872 1341 est
2911 1284 3143 1343 credere
3173 1293 3445 1344 vestrum.

1359 1388 1747 1450 LECTIONES
1784 1391 2200 1456 VARIANTES.

222 1481 339 1541 695.
365 1483 558 1550 Rom.,
596 1483 847 1552 retonde;
893 1483 1160 1548 Helmst.,
1206 1484 1469 1551 reconde;
1514 1486 1609 1542 alii
1654 1501 1739 1539 re-

165 1556 322 1611 tunde.
349 1553 633 1611 Reuscbio
658 1557 833 1627 magis
859 1556 1072 1613 arridet
1096 1557 1315 1612 retunde
1340 1571 1443 1627 pro
1464 1558 1654 1614 tonde.
1681 1555 1740 1613 ld

162 1627 364 1684 verbum
395 1627 671 1683 tribuitur
696 1627 921 1695 Plauto,
962 1638 1020 1686 et
1043 1638 1279 1684 relansus
1304 1643 1334 1682 a
1366 1627 1549 1687 Plinio
1575 1642 1738 1686 usur-

1846 1489 2054 1563 busque
2082 1489 2205 1546 aliis
2234 1492 2647 1562 recentioribus,
2691 1510 2903 1553 necnon
2933 1511 3006 1555 ex
3054 1498 3306 1555 versione
3339 1498 3447 1554 Co-

1886 1570 1962 1629 ta,
1992 1566 2227 1619 Armena
2257 1606 2297 1641 ι
2312 1563 2613 1641 Saxonica,
2651 1565 2922 1633 Arabica,
2964 1585 3029 1625 ac
3070 1580 3453 1641 praetereaex

1894 1635 2810 1710 amasceno,__Pseudo-Athanasio
2834 1650 3025 1696 contra
3056 1635 3246 1698 Arium
3270 1684 3287 1710 ,
3319 1640 3451 1696 Vic-

162 1707 304 1772 patur
328 1698 455 1754 libr.
486 1714 664 1781 ιηῃ2
694 1700 1034 1781 cap._17,__de
1059 1711 1266 1771 segete.
1292 1699 1429 1781 Vitis
1458 1701 1736 1781 tondetur,
1770 1696 1817 1757 B
1842 1706 2028 1781 toriuo
2070 1714 2137 1781 et
2176 1696 2484 1781 ‘llippplyto
2506 1726 2525 1775 ,η
2556 1709 2633 1781 in
2687 1709 2953 1767 Genesin.
3016 1696 3249 1769 A'ccedit
3272 1696 3450 1769 'nunc

162 1770 267 1826 cum
289 1780 535 1842 putatur.
563 1770 890 1839 Columella,
934 1772 1062 1829 libr.
1097 1770 1170 1836 tv,
1204 1786 1325 1842 cap.
1357 1771 1423 1826 21
1460 1792 1471 1827 :
1512 1773 1649 1829 Vitis
1676 1774 1733 1827 in

162 1842 376 1913 pollicem
405 1841 704 1897 tondeatur.
751 1843 961 1899 Plinius
987 1885 1002 1909 ,
1044 1842 1170 1899 libr.
1200 1841 1292 1910 xv,
1332 1858 1452 1914 cap.
1490 1846 1517 1900 1
1550 1863 1563 1900 :
1597 1843 1738 1900 Olea:

162 1916 438 1989 tondentur,
465 1930 587 1989 cum
614 1923 664 1989 et
687 1915 830 1970 nites.
856 1914 949 1973 SIC
978 1926 1133 1989 tonsa,
1150 1915 1254 1970 ilea:
1274 1956 1290 1981 ,
1316 1924 1469 1989 tonsa
1492 1925 1692 1989 myrtus
1718 1957 1733 1982 ,

159 1996 206 2057 et
231 1987 441 2043 similia.
469 1986 528 2041 In
561 1985 829 2053 scriptura
858 1987 1136 2044 communi
1159 1995 1215 2042 et
1242 1987 1452 2057 vulgata
1481 1985 1733 2044 eumdem

158 2054 360 2129 sensum
392 2059 563 2115 habet
586 2058 803 2114 retunde
826 2076 847 2115 :
876 2068 932 2115 et
954 2066 1219 2129 quantum
1239 2054 1463 2128 quidem
1490 2060 1558 2115 ad
1583 2074 1736 2116 scro—

159 2128 245 2185 bes
295 2132 533 2202 attinet,
568 2129 677 2185 dici
724 2139 904 2201 potest
951 2128 1113 2186 vitem
1151 2129 1409 2202 retundi,
1442 2148 1564 2187 cum
1610 2148 1735 2202 pro-

158 2204 417 2258 sternitur.
446 2201 771 2271 Columella,
799 2202 923 2260 libr.
950 2218 1025 2271 tv,
1053 2217 1174 2267 cap.
1197 2202 1268 2273 4.:
1303 2201 1470 2257 Facto
1492 2205 1546 2257 in
1572 2201 1736 2272 pasti-

158 2282 266 2328 nato
285 2274 491 2338 scrobe,
526 2283 637 2329 tota
679 2275 794 2330 ritis
832 2293 864 2328 a
910 2275 1081 2329 media
1112 2274 1218 2345 fere
1248 2282 1396 2343 parte
1435 2273 1565 2329 sulci
1612 2290 1735 2342 pro-

159 2354 416 2424 sternatur.
449 2346 733 2403 Scrobibus
778 2347 947 2402 vinela
993 2360 1223 2420 premere
1262 2356 1349 2401 eSt
1398 2345 1617 2415 fodere,
1670 2362 1735 2403 ac

161 2427 449 2487 pastinare,
480 2433 580 2474 seu
604 2428 819 2475 vertere
848 2427 1076 2473 terram.

219 2488 345 2547 698.
381 2490 511 2546 Mss.
560 2491 735 2546 nostri
761 2504 954 2546 omnes
984 2504 1106 2546 cum
1138 2487 1308 2544 Torn.
1337 2503 1350 2542 :
1383 2486 1732 2558 Exsequitur,

159 2559 491 2633 damnumque
514 2561 612 2617 sibi
633 2578 887 2631 responsa
909 2569 1105 2633 coeer
1120 2602 1136 2627 ,
1163 2559 1425 2615 nimirum
1440 2564 1677 2633 corrigit
1701 2579 1731 2618 a

158 2644 211 2688 se
240 2631 516 2700 responsa.
542 2633 796 2704 Plerique
823 2634 952 2689 editi
982 2679 995 2701 ,
1030 2631 1346 2704 Exsequitur
1365 2673 1379 2695 ,
1413 2631 1561 2687 dura:
1586 2633 1735 2689 dam-

157 2718 275 2760 nans
294 2722 533 2781 responsa
554 2702 799 2781 loquelis.
815 2704 1212 2781 Conjiciebam:
1234 2702 1567 2776 Exsequitur,
1585 2704 1734 2760 dam»

158 2785 328 2849 natque
356 2775 464 2834 suta
488 2775 743 2848 responsa
781 2775 1020 2847 loquella.
1040 2847 1063 2849 _
1102 2846 1115 2849 _
1387 2775 1391 2776 ί
1628 2824 1633 2827 ν

220 2846 338 2907 702.
378 2846 589 2907 Poelm.
617 2894 632 2917 ,
669 2865 766 2920 pro
814 2846 869 2905 d7.
904 2865 953 2905 s.
974 2892 989 2915 ,
1024 2846 1188 2920 Fabr.
1223 2888 1247 2914 ,.
1277 2858 1393 2902 uter
1444 2849 1650 2917 potius;
1678 2851 1734 2907 in

159 2926 295 2995 textu
318 2935 433 2978 cum
453 2919 705 2990 caeteris,
736 2922 851 2989 quis
872 2921 1063 2992 potius.
1098 2919 1257 2975 Rom.
1277 2960 1292 2987 ,
1319 2932 1576 2992 corrupte
1602 2963 1617 2989 ,
1646 2939 1734 2995 ge-

157 2992 323 3068 nitoris
346 2995 951 3068 gloriamquesequatur.

235 3063 364 3137 705:
387 3066 522 3137 Reg.
544 3106 560 3129 .
579 3063 704 3120 Ulli
730 3063 1046 3120 conlaudant
1076 3080 1375 3137 responsum
1402 3066 1737 3137 posterioris;
1762 3070 1809 3135 C

159 3134 231 3191 sic
253 3135 354 3193 Ott.
381 3180 395 3202 ,
426 3134 521 3194 sed
552 3153 807 3206 responsa
835 3147 1021 3193 contra
1054 3134 1310 3191 metrum.
1344 3134 1504 3193 Rem.
1524 3179 1538 3203 ,
1572 3134 1727 3193 simi;

158 3206 302 3279 liter:
334 3207 424 3265 Illi
452 3209 757 3265 collaudant
804 3224 1057 3278 responsa
1107 3208 1425 3279 posterioris.
1478 3208 1688 3265 Poelm.
1715 3253 1731 3279 ,

156 3276 205 3333 in
221 3288 375 3349 textu,
393 3281 675 3349 Daventr.,
695 3280 843 3343 Ald.,
862 3276 1066 3335 Hadam
1086 3277 1209 3334 :Illi
1222 3280 1522 3337 collaudant
1534 3282 1642 3336 nati
1654 3276 1736 3339 re;

157 3366 327 3423 sponsa
338 3353 757 3423 prioris.Poelm.
768 3395 784 3421 ,
801 3352 859 3408 in
873 3359 1043 3415 textu,
1063 3352 1314 3406 Daventr.
1328 3352 1732 3423 ,Ald.,i1adam:

187 3423 541 3496 llicollaudant
556 3426 665 3479 nati
676 3441 919 3496 responsa
935 3425 1144 3495 prioris.
1167 3423 1373 3496 Poelm.
1388 3440 1507 3495 ,pro
1521 3426 1629 3482 div.
1651 3443 1697 3481 s.
1717 3445 1731 3482 :

160 3491 257 3569 _0lli
277 3506 377 3550 non”
390 3498 611 3552 laudant
635 3491 944 3567 responsum
957 3491 1648 3569 posteriorisRes'tituenda
1679 3511 1733 3555 et

155 3562 375 3623 iuvenco
403 3584 496 3624 sua
519 3568 683 3625 lectio
698 3562 761 3625 ex
798 3562 1000 3624 nostris
1025 3580 1155 3622 mss.
1176 3585 1191 3621 :
1214 3566 1240 3620 l
1247 3567 1307 3622 lli
1328 3567 1631 3624 collaudant
1651 3587 1730 3626 re-

156 3653 378 3713 sponsum
406 3640 726 3713 posterioris.
756 3638 986 3713 Lilirarii
1005 3649 1264 3713 veteres,
1296 3649 1387 3713 aut
1433 3642 1589 3708 primi
1613 3642 1732 3698 edi-

158 3716 289 3765 tores
309 3710 527 3768 iuvenci
552 3755 567 3779 ,
587 3712 678 3784 qui
701 3726 871 3767 sacrm
899 3711 1193 3781 Scriptum
1224 3712 1497 3782 vulgatam
1522 3714 1732 3769 versio-

156 3794 267 3853 nem
287 3792 566 3848 noverant,
583 3799 690 3839 non
711 3785 898 3847 aliam,
932 3786 1073 3838 hunc
1101 3796 1315 3837 versum
1344 3794 1725 3853 corruperunt.

156 3849 313 3927 Verba
343 3858 393 3910 in
418 3856 648 3927 Vulgata
676 3863 803 3911 sunt
831 3854 1022 3927 Mattli_.
1045 3869 1146 3927 xxt
1164 3894 1178 3918 ,
1212 3854 1275 3927 51
1304 3854 1484 3927 :_Quis
1510 3849 1577 3910 ea:
1596 3856 1729 3910 duo-

156 3922 238 3979 bus
264 3930 375 3996 fecit
401 3922 716 3983 voluntatem
745 3931 909 3998 patris
931 3926 966 3998 7A
989 3924 1184 3998 Dicunt
1198 3925 1273 3998 ei.
1315 3922 1549 3998 Primus.
1580 3926 1723 3982 Con-

156 3994 301 4053 sentit
326 3999 503 4055 versio
519 3994 755 4069 antiqua:
772 4014 837 4054 ex
871 3996 1061 4053 codice
1091 3994 1335 4069 Colbert.
1365 4037 1378 4061 ,
1409 3997 1555 4069 etis.
1587 3998 1723 4054 Ger-

158 4081 287 4126 man.
313 4070 376 4135 2;
408 4081 463 4127 at
484 4086 556 4128 ex
591 4067 692 4126 ms.
717 4067 1039 4126 Cnrbeiens.
1069 4069 1094 4122 1
1128 4078 1181 4123 et
1206 4067 1272 4133 2,
1297 4076 1352 4121 et
1380 4069 1438 4122 S.
1464 4068 1722 4125 German.

157 4138 217 4204 1,
246 4157 305 4196 ex
349 4141 589 4200 Clarom.
614 4184 628 4207 ,
668 4157 740 4197 ex
792 4140 1051 4196 Cantabr.
1080 4180 1095 4206 ,
1127 4154 1192 4194 ex
1243 4139 1368 4194 cod.
1398 4141 1457 4196 S.
1492 4141 1726 4197 Andreae

156 4209 307 4286 t_\_ven.
335 4254 349 4278 ,
382 4231 478 4286 pro
506 4213 705 4269 Dicunt
735 4214 781 4268 ei
800 4254 816 4282 ,
836 4210 1095 4286 Primus,
1117 4210 1628 4286 exhibetur-picum
1652 4216 1721 4276 ei.

159 4279 481 4354 Norissinius.
515 4287 592 4342 Ita
637 4279 810 4342 etiam
832 4284 1029 4354 legitur
1058 4282 1113 4338 in
1163 4283 1354 4338 codice
1386 4284 1722 4341 Vercellensi

154 4351 215 4407 ab
240 4354 384 4414 lricio
413 4357 599 4421 edito,
632 4367 686 4413 et
733 4358 788 4412 in
839 4351 1144 4429 veronensi
1172 4369 1202 4407 a
1234 4355 1551 4429 B_lancb_inio
1582 4358 1723 4429 typis

155 4437 349 4485 excuso.
383 4430 631 4485 Bircliius
653 4471 669 4495 ,
705 4429 759 4484 in
786 4441 953 4499 opere
987 4425 1225 4499 Quatuor
1250 4424 1539 4499 Evangelia
1561 4469 1577 4491 ,
1604 4424 1718 4484 etc.

1842 1776 2698 1851 Evangeliarium'Tridentinum
2719 1828 2734 1850 ,
2768 1798 2913 1851 saepe
2945 1798 2975 1838 a
3006 1798 3095 1840 me
3144 1784 3446 1840 laudatum.

1838 1846 2080 1904 Thomas
2107 1848 2460 1907 Marescallns
2510 1846 2920 1919 animadvertit,
2953 1854 3012 1910 in
3042 1857 3299 1911 versione
3331 1855 3447 1912 An-

1836 1919 2087 1991 glo-Su.
2140 1921 2246 1993 legi
2273 1938 2286 1976 :
2322 1920 2456 1977 Tum
2480 1922 2719 1980 dicebant
2759 1924 2885 1980 illi:
2916 1924 3206 1982 Posterior.
3233 1927 3446 1984 Omitto

1837 1993 2159 2070 versiones,
2214 1993 2543 2070 Arabicam__
2564 1996 2616 2050 in
2674 1997 2958 2053 nonnullis
2981 1998 3416 2070 exemplaribus
3432 2040 3449 2063 ,

1837 2073 1893 2119 et
1920 2063 2319 2137 Egyptiacam,
2351 2066 2405 2121 in
2435 2066 2631 2135 quibus
2671 2069 2832 2123 unius
2858 2078 2914 2124 et
2943 2063 3186 2126 alterius’
3215 2069 3312 2125 lilii
3360 2070 3449 2125 in-

1838 2137 2068 2192 vertitur
2096 2137 2381 2207 responsio
2408 2179 2423 2203 ,
2452 2138 2699 2204 adeoque
2719 2140 2920 2196 mirum
2945 2157 3053 2195 non
3082 2150 3199 2206 est,
3231 2140 3444 2198 laudari

1838 2221 2163 2283 responsum
2196 2210 2541 2283 posterioris.
2572 2209 2714 2283 Mss.
2760 2212 2969 2268 Latinis
3022 2213 3303 2283 plerisque
3333 2253 3350 2278 ,
3387 2213 3443 2268 in

1838 2278 2035 2350 quibus
2071 2278 2209 2335 sine
2239 2279 2349 2335 ulla
2384 2282 2800 2350 perturbatione
2852 2278 3254 2340 versiculorum
3284 2283 3357 2341 29
3385 2292 3447 2340 et

1837 2349 1926 2411 50.
1955 2359 2267 2406 conSIanter
2296 2349 2545 2407 subditur
2569 2395 2583 2420 ,
2618 2352 2812 2409 Dicunt
2841 2356 2889 2409 ei
2911 2395 2926 2419 ,
2977 2353 3308 2410 Nouissimas
3330 2398 3344 2419 .
3380 2366 3443 2412 et

1836 2435 1946 2499 non
1972 2419 2204 2499 Primus,
2240 2419 2579 2499 Sabatierius
2620 2425 2868 2496 adjungit
2908 2426 2976 2499 AS.
3013 2427 3379 2499 {lngusuinum
3418 2471 3434 2495 ,

1836 2491 1963 2565 libr.
1990 2509 2031 2565 7v
2067 2492 2301 2565 Locut._,
2334 2504 2468 2550 tom.
2492 2496 2547 2563 5,
2582 2491 2726 2565 part.
2762 2491 2947 2561 ιζοοι.
2974 2491 3125 2563 568ξ
3158 2508 3211 2553 et
3233 2491 3439 2553 clarius

1834 2563 2121 2629 Hilarium,
2154 2566 2207 2619 iu
2234 2563 2600 2641 Comment._,
2640 2568 2743 2641 col.
2776 2568 2903 2623 716.
2949 2566 3009 2624 S.
3063 2568 3435 2641 Hieronymus

1833 2644 2151 2710 agnoverat
2176 2635 2340 2692 etiam
2385 2636 2526 2710 hanc
2553 2637 2878 2707 lectionem,
2909 2641 3164 2710 quamvis
3211 2635 3435 2696 in'aliis

1834 2707 2241 2780 exemplaribus
2265 2752 2281 2776 ,
2313 2723 2436 2780 qua:
2457 2709 2583 2780 ipse
2628 2725 2756 2765 vera
2784 2707 2980 2775 vocat,
3027 2711 3191 2766 aliter
3216 2710 3318 2780 legi
3347 2724 3432 2765 as-

1833 2787 1982 2835 serat
2000 2778 2309 2836 Comment.
2340 2780 2393 2835 in
2423 2779 2614 2835 Matth.
2634 2822 2650 2848 ,
2682 2791 2818 2838 tom.
2844 2781 2944 2846 IV,
2967 2780 3074 2836 col.
3101 2780 3199 2838 101
3230 2799 3243 2836 :
3274 2778 3436 2850 Quod

1834 2850 2025 2907 dicitur
2056 2868 2073 2906 :
2106 2851 2325 2924 Quisco:
2371 2850 2571 2907 duobus
2603 2853 2723 2924 fecit
2773 2854 3092 2908 voluntatem
3143 2854 3343 2921 patris,
3383 2863 3434 2907 et

1832 2924 1913 2978 illi
1937 2925 2115 2979 dicunt
2139 2939 2157 2978 :
2194 2923 2560 2988 Nouissimas;
2589 2923 2854 2980 sciendum
2883 2933 2958 2979 est
2981 2965 2997 2991 ,
3028 2927 3083 2978 in
3106 2926 3237 2980 reris
3260 2940 3438 2980 exem-

1835 2995 2068 3064 plaribus
2097 3010 2199 3050 non
2226 2994 2405 3050 haberi
2431 3010 2750 3051 novtssruuu
2769 3037 2786 3065 ,
2819 2995 2911 3051 sed
2937 3010 3142 3052 rntuuu
3161 3043 3174 3066 ,
3210 3005 3268 3049 ut
3312 3012 3436 3066 pro-

1843 3068 1957 3140 prio
1977 3068 2186 3140 judicio
2214 3067 2639 3140 condemnentur.
2667 3067 2731 3122 Si
2765 3078 2939 3123 autem
2981 3082 3439 3140 Νονιεειιυιίηυο-

1841 3136 2108 3213 lueriinus
2122 3138 2293 3213 legere
2318 3183 2333 3206 ,
2364 3138 2648 3213 manifesta
2678 3147 2754 3193 est
2794 3139 3173 3213 interpretatio,
3206 3148 3263 3213 ut
3292 3138 3439 3213 dica-

1837 3226 1953 3265 mus
1982 3208 2271 3283 intellig'ere
2290 3209 2499 3283 quidem
2546 3211 2807 3264 veritatem
2841 3208 3110 3283 Indicos,
3144 3209 3234 3264 sed
3276 3210 3436 3283 tergi-

1837 3283 2033 3337 versari
2057 3281 2167 3354 ,_et'
2185 3281 2323 3337 nolle
2361 3282 2530 3335 dicere
2556 3324 2571 3349 ,
2602 3283 2739 3354 quod
2766 3282 2995 3354 sentiunt
3021 3297 3040 3336 :
3068 3281 3281 3354 sicutet
3309 3281 3436 3353 bap-

1838 3355 2046 3409 tismum
2071 3352 2291 3409 Joannis
2317 3354 2532 3409 scientes
2552 3352 2661 3408 esse
2686 3354 2749 3408 de
2772 3354 2918 3414 caelo.
2944 3353 3113 3408 dicere
3130 3352 3431 3408 noluerunt.

1839 3424 2177 3482 Sabatierius
2201 3424 2498 3482 Juvencum
2526 3424 2750 3480 adduxit
2768 3441 2869 3497 pro
2898 3424 3135 3497 lectione
3166 3423 3436 3497 Vulgatze,

1875 3498 1962 3554 uia
1994 3499 2206 3554 scilicet
2244 3497 2574 3567 exemplaria
2603 3497 2732 3553 cod.
2768 3495 2902 3553 inss.
2949 3495 3176 3552 .luvenci
3211 3512 3320 3567 non
3350 3496 3434 3551 vi-

1872 3579 2029 3626 erat:
2056 3585 2126 3627 ex
2171 3569 2258 3625 liis
2302 3565 2485 3623 autem
2515 3576 2731 3624 constat
2756 3611 2769 3633 ,
2821 3584 2944 3624 enm
2976 3568 3206 3638 legisse,
3239 3565 3437 3622 Dicunt

1835 3641 1921 3696 ei:
1957 3640 2307 3714 Nouissimas.
2361 3640 2663 3696 lleuscliius
2706 3640 2981 3714 vulgatam
3011 3639 3240 3714 Juvenci
3288 3639 3431 3714 scri-

1833 3710 2078 3783 pturam'
2098 3713 2322 3768 retinuit
2354 3753 2368 3778 ,
2401 3714 2648 3783 quamvis
2685 3726 2796 3767 non
2844 3711 3175 3783 dubitaverit
3190 3757 3218 3783 ,_
3238 3721 3297 3783 ut
3325 3710 3436 3777 ait,

1832 3781 1962 3856 quin
1991 3786 2257 3856 genuinus
2286 3783 2357 3839 sit
2384 3798 2579 3838 versus
2618 3782 2844 3856 J_nvenci
2872 3798 2903 3836 a
2935 3782 3113 3856 nobis
3132 3781 3432 3856 exhibitus.

1832 3853 1925 3911 Sic
1948 3852 2129 3911 autem
2182 3854 2604 3924 interpretatur:
2636 3853 2981 3925 Responsum
3025 3852 3284 3925 videlicet
3315 3897 3329 3920 ,
3354 3863 3437 3925 “et

1831 3927 1994 3983 verba
2025 3922 2344 3996 posterioris
2373 3922 2788 3994 collaudarunt‘,
2821 3926 2917 3980 sed
2948 3940 3054 3996 non
3088 3922 3432 3996 lactnmLEo

1831 3997 1951 4069 ipso
1977 3991 2159 4069 autem
2189 3998 2391 4069 factum
2420 3997 2618 4069 prioris
2640 3991 2896 4069 probant.
2928 3994 3279 4069 Christianus
3308 3991 3435 4049 Fri-

1830 4064 2047 4125 dericus
2100 4067 2381 4123 Matthaeus
2421 4064 2491 4121 Vin
2545 4064 2685 4122 nov'o
2733 4067 3084 4122 Testamento
3141 4064 3333 4121 erco
3375 4075 3433 4119 et

1828 4140 2026 4197 Latino
2066 4138 2341 4205 afﬁrmat,
2374 4137 2426 4192 in
2462 4137 2743 4193 nonnullis
2787 4137 2900 4193 suis
2946 4151 3080 4192 mss.
3113 4135 3431 4205 responsio-

1830 4228 1954 4269 nem
1991 4214 2222 4268 liliorum
2274 4210 2505 4274 inverti,
2536 4218 2592 4263 et
2641 4210 2782 4264 lianc
2821 4206 3304 4278 transpositionem
3336 4221 3433 4261 or-

1831 4292 1937 4341 tam
1967 4298 2087 4340 esse
2132 4299 2200 4338 ex
2226 4278 2652 4350 Commentariis
2702 4280 3102 4350 interpretum,
3149 4278 3239 4348 qui
3284 4278 3431 4350 hunc

1828 4356 2006 4412 locum
2040 4357 2107 4410 de
2148 4352 2350 4425 pepnlo
2378 4349 2680 4425 Israelitico
2711 4392 2726 4416 ,
2759 4360 2815 4406 et
2849 4348 2928 4406 'de
2956 4350 3254 4425 gentilibus
3283 4348 3427 4425 acci-

1829 4428 2003 4500 piunt.
2034 4420 2165 4496 Qno'
2202 4420 2413 4494 posito,
2444 4423 2791 4480 exoriebantur
2835 4421 3066 4495 quaestio
3088 4467 3104 4493 ,
3136 4421 3245 4477 utri
3274 4420 3427 4493 prius

155 4473 459 4620 Vrsas};
475 4473 759 4570 ἓὲἓῖὖιῖιιῖέ
786 4473 969 4553 Γεῖἷιὶιιι
989 4473 1719 4556 "celeberrimis"esseea;
1747 4473 1802 4535 1)
1826 4473 2003 4556 illeilli
2035 4473 2239 4555 agant.

195 4570 448 4620 alimmum
487 4572 738 4620 Graecum
783 4570 923 4620 19.09
944 4612 958 4620 .
993 4573 1082 4620 aui
1106 4569 1344 4620 omimus
1364 4581 1447 4620 est
1472 4571 1716 4620 omnium
1901 4571 2027 4620 705.
2069 4570 2182 4620 Ott.
2210 4611 2226 4620 .

195 4570 448 4629 aticannm
487 4569 738 4628 Graecum
783 4570 958 4634 19.09,
993 4573 1082 4640 qui
1106 4569 1344 4640 optimus
1364 4581 1447 4626 est
1472 4571 1716 4628 omnium

156 4652 396 4764 guotquot
423 4652 679 4713 exstant,
728 4642 892 4727 Vind.
942 4640 1133 4697 Lamb.
1168 4642 1271 4725 51ξ
1315 4650 1372 4697 et
1416 4642 1725 4725 versionem

193 4726 322 4764 Vram
372 4716 951 4764 Hternsnlvmitanam.
1001 4712 1382 4764 Wetstemus.
1424 4728 1477 4764 in
1526 4713 1722 4764 Testa-

192 4712 322 4782 yram
372 4712 951 4789 Hierosolymitanam.
1001 4712 1382 4789 Wetstenius,
1424 4714 1477 4767 in
1526 4713 1722 4770 Testa-

156 4796 313 4842 mento
341 4804 477 4844 novo
492 4785 694 4859 grazc'o,
728 4787 976 4859 eamdem
994 4785 1302 4859 lectionem
1332 4796 1726 4859 commemorat

156 4866 214 4910 ex
248 4856 519 4918 codicibus
556 4857 765 4916 Graecis
811 4856 1253 4928 Cantabrigiensi
1300 4856 1554 4929 antiquo,
1588 4856 1725 4915 duo-

1901 4571 2027 4628 705.
2069 4570 2182 4627 Ott.
2210 4611 2226 4638 ,
2288 4568 2424 4638 Reg.
2462 4608 2477 4631 ,
2508 4566 2898 4639 comprendere
2943 4576 3156 4639 possunt
3188 4606 3205 4636 ,
3264 4565 3426 4622 Rom.

1833 4658 1954 4700 cum
1999 4641 2161 4699 editis
2183 4633 2599 4711 {comprendere
2624 4633 2819 4694 certum
2860 4633 2955 4695 est;

1901 4715 2028 4771 707.
2068 4715 2180 4771 Ott.
2204 4756 2219 4780 ,
2250 4710 2384 4785 Reg.
2416 4754 2430 4778 ,
2460 4714 2776 4785 quisquam:
2805 4710 2898 4767 alii
2920 4755 2939 4785 ,
2973 4726 3318 4785 quemquam,
3371 4718 3432 4764 ut

1831 4786 1921 4844 hic
1944 4802 2137 4843 versus
2157 4782 2354 4842 versui
2382 4782 2488 4843 705
2519 4783 2868 4857 respondeat.
2920 4782 2995 4839 ln‘
3030 4783 3140 4840 Ott.
3191 4782 3430 4839 fortasse

1829 4859 1933 4916 fuit
1949 4874 2277 4932 quamquam.

1716 4974 1952 5035 NOTE.

211 5067 325 5142 (illi.
354 5068 646 5141 Virgilius,
673 5070 849 5140 eclog.
880 5070 916 5125 2
938 5113 952 5139 ,
981 5082 1123 5126 vers.
1156 5069 1226 5126 70
1248 5087 1259 5124 :
1279 5067 1611 5142 Semiputata
1631 5071 1724 5128 tibi

157 5138 376 5205 frondosa
400 5138 517 5197 ritis
546 5142 602 5197 in
624 5142 767 5196 ulmo
787 5138 882 5197 est.

210 5211 321 5268 695.
370 5213 621 5269 Premens
670 5216 838 5269 vineta
887 5211 1103 5270 retonde
1131 5230 1150 5268 :
1182 5212 1328 5271 idem
1377 5216 1721 5273 accusativus

156 5291 256 5337 cum
282 5284 489 5341 duobus
513 5286 724 5340 verbis.

212 5353 326 5413 696.
356 5356 588 5413 Sordida
625 5371 733 5412 non
779 5364 908 5414 sunt
942 5357 1122 5412 vincla
1167 5357 1374 5414 laboris
1406 5359 1596 5414 rustici
1621 5402 1636 5421 ,
1674 5360 1722 5417 si

159 5420 387 5483 Sordidus
416 5427 720 5499 accipiatur
762 5444 866 5500 pro
910 5428 1102 5483 infami
1127 5471 1141 5493 ,
1174 5429 1351 5500 turpi,
1390 5429 1556 5486 findo.
1598 5420 1722 5487 Alio

158 5506 296 5571 sensu
324 5515 447 5555 rura
493 5501 749 5557 dicuntur
802 5500 1019 5555 sordida
1042 5542 1056 5562 ,
1106 5512 1288 5556 aratra
1333 5502 1546 5557 sordida
1572 5545 1588 5571 ,
1617 5505 1725 5558 otia

156 5570 342 5644 sordida
370 5571 528 5637 ruris,
561 5572 781 5627 sordida
808 5580 940 5626 tecta
968 5571 1166 5644 stillat,
1192 5589 1357 5639 caste,
1399 5584 1505 5630 etc.
1533 5615 1549 5640 ,
1575 5570 1725 5644 quia

159 5642 312 5716 nullus
336 5644 455 5716 ruri
481 5644 873 5716 munditiarum
897 5643 1105 5716 cultus.
1139 5643 1329 5700 Vincla
1360 5646 1552 5701 laboris
1585 5642 1726 5716 peti-

159 5713 250 5766 tum
269 5713 476 5786 videtur
502 5730 567 5770 ex
598 5715 845 5781 lloratio,
873 5716 909 5769 l.
939 5731 952 5769 ι
978 5756 993 5781 ,
1024 5715 1186 5785 epist.
1212 5717 1267 5786 7,
1297 5732 1444 5774 vers.
1472 5717 1540 5775 67
1571 5713 1727 5774 {Ex-

159 5795 315 5839 tutare
338 5784 567 5841 laborem
589 5826 603 5850 ,
639 5800 686 5842 et
711 5788 1039 5843 mercenaria
1086 5784 1280 5843 vincla.

216 5854 328 5912 700.
368 5856 616 5916 Nomuda
664 5860 901 5914 locutio:
947 5857 1169 5916 Jubebat
1217 5860 1290 5915 ad
1317 5862 1487 5917 vinem
1530 5862 1723 5934 depen-

1828 5074 1950 5129 dere
1984 5073 2140 5145 jussa
2168 5074 2252 5129 sui
2295 5071 2519 5145 laboris:
2550 5083 2747 5145 nempe
2773 5068 3006 5145 iubebat
3059 5068 3153 5145 ire
3168 5067 3225 5123 in
3276 5068 3431 5145 vine-

1829 5155 1965 5215 tum,
1984 5140 2060 5201 'ut
2089 5147 2382 5202 laboraret.
2437 5140 3061 5216 Dependere_’signilicat
3083 5140 3429 5216 etiaminsu;

1828 5210 2010 5284 mere,
2043 5227 2101 5272 ut
2129 5218 2419 5287 dependere
2465 5210 2695 5287 operam.
2729 5210 2987 5269 Fortasse
3016 5212 3121 5266 hoc
3166 5210 3272 5267 sibi
3311 5211 3434 5267 vult

1827 5290 2116 5362 dependere
2142 5291 2283 5355 iussa
2304 5289 2520 5362 laboris.
2574 5356 2579 5361 Α

1903 5352 2027 5418 701.
2071 5352 2359 5432 Repensat,
2391 5356 2910 5432 frequentativum}
2941 5354 3183 5432 rependo
3229 5352 3423 5409 eadem

1832 5433 1947 5490 lere
1978 5426 2397 5505 signiﬁcatione.
2422 5426 2535 5489 Nec
2561 5428 2688 5485 facit
2711 5469 2727 5496 ,
2755 5438 2815 5484 ut
2835 5426 3000 5483 dictis
3027 5427 3164 5481 facta
3195 5437 3424 5493 respon-

1833 5505 2026 5570 deant,
2057 5512 2151 5560 aut
2176 5507 2331 5575 paria
2382 5506 2510 5559 sint.

1907 5563 2029 5633 706.
2077 5563 2316 5643 Qnéstns
2359 5575 2428 5633 de
2456 5568 3132 5647 professione_meretricia
3162 5563 3425 5647 frequen-

1838 5657 1921 5703 ter
1950 5633 2168 5704 dicitur.
2205 5648 2422 5703 Plautus
2449 5633 2470 5710 ξ
2492 5647 2647 5702 Poen.
2678 5659 2739 5708 v,
2791 5641 2826 5695 '5
2856 5681 2871 5707 ,
2913 5640 2984 5695 20
3010 5654 3024 5692 :
3058 5633 3423 5705 Facerentque

1832 5719 2320 5793 indignunigenere
2344 5728 2594 5789 quaestum
2619 5727 2857 5793 corpore.

1904 5777 2027 5847 708.
2073 5777 2197 5845 Non
2234 5800 2311 5847 est
2351 5777 2591 5845 oestrum.
2619 5777 2948 5845 Terentius,
2986 5777 3278 5834 Heautont.
3307 5784 3366 5831 lu
3407 5792 3424 5847 ς

1831 5865 1890 5918 9:
1930 5861 2049 5919 Non
2073 5873 2144 5918 est
2168 5862 2376 5917 mentiri
2418 5871 2605 5914 meum
