3994 6314
535 229 642 293 519

1884 454 1905 530 [
1925 472 2067 514 rum.

678 536 750 596 At
783 537 1022 598 Petrus:
1052 539 1255 597 Duram
1295 550 1536 601 mortem
1580 544 1714 604 mihi
1755 563 1977 608 sumere
2021 566 2141 609 ma-

1904 641 1925 716 [
1949 642 2064 700 lim.

680 723 803 782 Vox
844 723 1013 783 oblita
1075 740 1234 784 suum
1288 743 1452 802 quam
1505 731 1744 805 deneget
1788 734 1892 792 ista
1940 735 2141 809 magis-

1850 828 1871 903 [
1896 840 2060 886 trum.

684 910 793 969 llas
819 912 967 971 vires
1014 914 1199 973 cordis
1253 925 1506 988 perstant
1554 921 1882 991 promittere
1932 926 2135 983 cuncti.

751 1007 1003 1066 Nominis
1031 1010 1245 1067 Hebrmi
1272 1021 1402 1068 sunt
1425 1012 1844 1073 Gethsemaneia
1876 1033 2028 1075 rura.

536 1103 643 1160 480
680 1104 784 1163 Illo
816 1107 1169 1179 progreditur
1191 1109 1341 1178 vitae,
1376 1109 1621 1183 lucisque
1648 1122 1924 1184 repertor,

682 1198 858 1267 Quem
892 1215 1023 1256 mox
1044 1200 1327 1273 discipuli,
1352 1202 1492 1261 Juda
1520 1204 1788 1278 fugiente,
1816 1218 2137 1281 sequuntur.

681 1290 864 1365 Atque
910 1292 1022 1350 illic
1061 1293 1304 1366 reliquos
1330 1295 1494 1367 jussit
1542 1298 1789 1357 residere
1838 1301 2137 1361 ministros.

680 1385 779 1443 Ille
806 1386 905 1444 sed
924 1399 1208 1459 assumpto
1238 1388 1403 1462 longe
1448 1393 1750 1462 procedere
1778 1393 1966 1465 Petro,

682 1480 849 1554 360
871 1480 1224 1555 Zebedeique
1248 1484 1412 1540 simul
1433 1486 1600 1556 natis,
1633 1502 1730 1559 per
1757 1487 1916 1545 devia
1943 1490 2134 1547 tendit.

540 1574 649 1630 485
685 1574 839 1632 Tunc
858 1591 1063 1648 angore
1107 1579 1263 1649 gravi
1289 1589 1540 1649 moestus,
1572 1581 1652 1638 sic
1683 1598 1817 1639 voce
1844 1583 2090 1654 profatur
2121 1602 2134 1640 :

683 1666 988 1726 Tristitiam
1015 1670 1243 1730 volvens
1272 1672 1496 1730 animus
1542 1676 1677 1731 mihi
1706 1684 1931 1747 pectora
1960 1678 2142 1734 turbat

1791 241 1856 302 C.
1898 244 1964 303 V.
2002 246 2233 318 AQUIL.
2277 250 2569 312 IUVENCI
3709 271 3801 328 520

530 344 638 401 475
676 343 745 402 Et
782 344 955 421 prius,
991 346 1213 406 alitibus
1250 360 1513 409 resonent
1545 368 1710 427 quam
1752 364 1896 416 tecta
1938 359 2131 418 domo-
2155 365 2205 425 A

2377 365 2792 443 Sollicitamque
2811 371 2978 429 simul
3010 372 3281 447 vigilando
3305 375 3489 437 ducite
3517 388 3734 441 noctem.

2386 460 2515 519 Haec
2545 464 2640 531 ait,
2672 473 2728 521 et
2753 465 2978 538 paulum
3022 469 3350 542 procedens,
3382 487 3607 545 corpore
3626 486 3804 539 terram

2241 551 2348 611 490
2388 555 2673 628 Deprimit,
2707 567 2768 615 et
2797 559 2892 617 tali
2919 561 3198 634 proiectus
3228 580 3366 622 voce
3385 578 3672 637 precatur:

2386 646 2443 705 Si
2472 648 2555 706 fas
2579 660 2685 718 est,
2710 653 2950 723 genitor,
2971 656 3163 713 calicis
3182 673 3272 715 me
3294 668 3539 718 transeat
3565 662 3711 737 hujus

2383 742 2709 803 Incumbens
2739 748 2920 805 valido
2941 750 3099 808 nobis
3128 752 3390 815 violentia
3423 766 3616 816 tractu.

2382 836 2490 893 Sed
2505 849 2684 896 tamen
2698 840 2954 898 adveniat
2970 845 3176 917 potius,
3191 862 3355 919 quam
3379 861 3563 909 nostra
3582 853 3805 915 voluntas

2382 928 2514 999 Quae
2543 931 2639 988 tibi
2660 932 2876 990 decreta
2902 945 2991 992 est
3023 939 3190 995 tantis
3212 942 3489 998 sententia
3515 945 3688 1003 rebus.

2241 1022 2350 1078 405
2423 1023 2576 1081 Tunc
2620 1026 2688 1082 ad
2736 1026 3043 1102 discipulos
3107 1032 3373 1104 repedat,
3445 1036 3544 1093 sed
3609 1054 3807 1099 somnus

3511 1129 3532 1204 [
3553 1132 3747 1191 anhelis

2384 1212 2698 1271 Prostratos
2727 1225 2875 1273 terra
2905 1218 3168 1276 membris
3197 1219 3531 1280 dissolvent
3556 1238 3749 1281 omnes.

2385 1305 2539 1363 Tunc
2584 1308 2663 1364 ait
2712 1308 2779 1365 ad
2830 1309 3052 1367 Petrum
3098 1310 3265 1369 :Non
3316 1323 3404 1370 est
3460 1314 3587 1371 mihi
3632 1331 3809 1387 ponere

3557 1409 3579 1481 [
3592 1408 3751 1465 virtus

2381 1492 2542 1568 361
2576 1493 2750 1552 Unam
2795 1496 3112 1569 pervigilem
3148 1499 3314 1557 tantis
3360 1502 3464 1559 sub
3490 1504 3695 1561 casibus
3721 1503 3806 1562 bo-

3562 1595 3749 1669 [mmt

2382 1681 2488 1739 Sed
2518 1681 2765 1754 vigilate,
2795 1698 3014 1755 precor,
3049 1701 3118 1744 ne
3147 1701 3247 1743 vos
3276 1689 3507 1744 tentatio
3535 1699 3707 1761 raptos

684 1764 859 1822 Morte
910 1776 1103 1835 tenus;
1151 1768 1247 1826 sed
1279 1785 1427 1829 nunc
1450 1786 1548 1829 vos
1594 1786 1817 1844 segnem
1866 1773 2141 1831 excludite
2171 1770 2216 1832 B
2245 1774 2349 1831 500
2381 1774 2608 1831 Horrida
2632 1777 2936 1849 praecipitet
2964 1793 3128 1835 saevae
3171 1795 3268 1851 per
3299 1779 3514 1837 lubrica
3539 1784 3735 1840 mortis.

1744 1868 1762 1941 [
1789 1882 2064 1940 somnum,

2392 1868 2628 1940 Spiritus
2656 1869 2759 1927 iste
2787 1871 2954 1943 viget,
2988 1871 3082 1929 sed
3114 1886 3314 1944 corpus
3342 1872 3524 1932 debile
3550 1875 3703 1932 labat.

1747 2070 2139 2131 LECTIONES
2181 2068 2603 2130 VARIANTES.

611 2232 736 2290 475.
772 2232 902 2290 Mss.
936 2232 1062 2290 cod.
1106 2235 1301 2305 nostri,
1331 2242 1387 2292 et
1428 2234 1558 2291 editi
1601 2232 1871 2306 plerique,
1902 2233 2134 2290 alitibus.

542 2304 847 2378 Reuschius
879 2307 1065 2378 nescio
1092 2321 1195 2362 cur
1216 2307 1424 2363 mavult
1446 2306 1704 2376 altilibus,
1726 2304 1871 2378 quod
1911 2306 2133 2375 Badius,

539 2389 603 2433 et
628 2377 1045 2449 Schmttgenius
1073 2378 1315 2434 referunt
1362 2378 1428 2434 ad
1452 2394 1580 2435 aves
1609 2379 1962 2444 domesticas,
1993 2378 2138 2433 inter

536 2464 673 2521 quas
702 2449 865 2521 galli,
891 2459 949 2505 et
969 2450 1213 2519 gallinae.
1238 2449 1567 2507 Prudentius
1599 2451 1790 2521 hvmn.
1824 2451 1850 2505 1
1876 2449 2134 2506 Cathem.

542 2520 688 2577 vers.
719 2522 771 2589 1,
802 2520 925 2576 Ales
947 2522 1301 2594 dieinuntius,
1325 2533 1433 2580 etc.
1463 2523 1784 2594 Propertius
1806 2522 1899 2578 lib.
1929 2538 1971 2594 li,
1992 2521 2135 2591 eleg.

541 2595 634 2659 16,
658 2606 803 2668 vers.
832 2594 902 2649 46
936 2611 949 2647 :
987 2592 1055 2647 Et
1084 2596 1357 2668 matutinis
1386 2592 1632 2668 obstrepit
1672 2594 1904 2649 alitibus.
1938 2593 2141 2649 Juven-

540 2665 863 2741 t_:us_iterutn
908 2681 1055 2722 vers.
1079 2665 1231 2741 5874b:
1260 2668 1382 2723 Ales
1425 2665 1756 2741 prosequitur
1804 2676 1981 2733 cantu,
2028 2674 2136 2720 etc.

541 2735 901 2792 Retinendum
924 2752 1060 2795 eruo
1086 2737 1319 2795 alitibus.

2240 2232 2484 2288 Tristitia
2513 2248 2650 2287 nunc
2679 2231 2902 2298 volvens,
2930 2231 3073 2301 quod
3097 2231 3285 2288 multis
3322 2231 3520 2288 melius
3535 2229 3803 2297 videbitur;

2240 2304 2339 2361 sed
2370 2304 2697 2372 scripturam
2726 2304 3120 2371 exemplarium
3149 2318 3286 2359 mss.
3320 2320 3433 2359 non
3467 2302 3625 2359 facile
3654 2313 3806 2358 muta-

2241 2376 2438 2444 verim,
2466 2377 2552 2431 vel
2577 2377 2622 2431 si
2655 2385 2864 2431 mutare
2890 2376 3079 2444 libeat,
3133 2376 3439 2447 rescribam
3490 2374 3676 2430 Tristia
3707 2378 3806 2447 jam

2240 2448 2467 2517 volvens,
2496 2448 2640 2517 quod
2666 2450 2836 2517 magis
2862 2447 3071 2517 accedit
3104 2446 3169 2502 ad
3203 2448 3488 2502 tristitiam.

2311 2518 2438 2592 489.
2456 2516 2653 2586 uom.,
2683 2516 2956 2592 paululum
2987 2535 3006 2573 :
3028 2519 3266 2592 corrige,
3292 2517 3529 2589 paulum.
3555 2517 3611 2572 In
3634 2516 3734 2573 Ott.
3750 2531 3807 2573 ex

2244 2591 2516 2663 procidens
2545 2589 2697 2647 recte
2719 2589 2917 2646 factum
2944 2591 3249 2663 procedens.

2310 2663 2439 2719 490.
2470 2662 2632 2734 Reg.,
2664 2664 2904 2789 profatur
2935 2661 3176 2719 .melius
3209 2661 3326 2731 alii,
3353 2670 3616 2745 precatur.

2312 2735 2441 2789 491.
2469 2734 2659 2789 Fabr..
2688 2750 2749 2788 ca
2777 2750 2868 2789 tcts
2895 2741 3220 2789 pertranseat
3244 2751 3263 2789 :
3296 2734 3532 2789 reltaut.
3556 2750 3615 2788 ca

2312 2735 2441 2791 491.
2469 2731 2868 2802 .,
2894 2741 3220 2806 pertranseat
3243 2751 3263 2801 ;
3296 2734 3532 2805 reliquit,
3556 2731 3722 2788 colicis
3740 2747 3804 2787 me

612 2809 737 2864 476.
767 2808 955 2877 Ront.,
983 2808 1049 2864 Et
1091 2808 1313 2879 Petrus;
1334 2811 1451 2877 alii,
1476 2813 1541 2866 At
1562 2810 1775 2865 Petrus.

613 2881 739 2935 477.
768 2881 905 2948 0tt.,
937 2882 1152 2950 audita;
1195 2883 1292 2938 sed
1329 2882 1565 2939 fortasse
1614 2882 1712 2937 fuit
1757 2879 1911 2951 prius
1957 2880 2133 2946 oblita,

540 2952 686 3023 quod
724 2951 917 3023 reliqui
950 2954 1280 3023 praeferunt:
1317 2956 1571 3010 nimirum
1622 2969 1730 3007 vox
1760 2952 2138 3018 obliviscatur,

541 3022 599 3077 et
624 3022 856 3097 deneget
884 3022 1041 3081 suum
1097 3027 1437 3097 magistrum.
1487 3027 1604 3082 Non
1646 3024 1817 3081 semel
1863 3022 2141 3097 Juvencus

544 3096 798 3152 eumdem
848 3096 1224 3154 accusativum
1290 3099 1461 3155 verbo
1493 3139 1508 3167 ,
1562 3107 1618 3154 et
1682 3096 1971 3167 participio
2045 3110 2140 3166 ap-

580 3168 746 3222 osuit.

544 3183 746 3295 poil'ig:
773 3240 931 3311 ..
964 3240 1103 3296 Sunt
1130 3238 1285 3294 Ceste
1304 3242 1479 3295 mania
1518 3257 1661 3294 rura.
1685 3238 1826 3305 Ott.,
1856 3247 1977 3311 sunt
2010 3235 2144 3311 (ges.

543 3313 806 3365 semaneia
824 3309 971 3374 rura.
1023 3312 1119 3367 sed
1146 3311 1378 3366 fortasse
1402 3314 1556 3381 prius
1586 3311 1847 3378 scriptum
1890 3310 1990 3365 fuit
2012 3309 2141 3364 Ges-

538 3383 860 3457 s_emaneida.
899 3382 1129 3457 Alloma,
1182 3380 1598 3457 Getaemaneida.
1657 3381 1801 3436 Editi
1854 3381 2137 3457 plerique,
2244 3380 2435 3457 belus;
2464 3396 2624 3457 "185.,
2654 3395 2776 3457 curn
2809 3380 2933 3435 aliis
2954 3380 3392 3457 _edilis,__anhelis.
3640 3450 3675 3457 _

544 3450 1169 3524 Gethsemaneida,quia,
1194 3452 1666 3518 utaitUmeisius,
1691 3446 2137 3523 poetaifreqtien-
2315 3446 2442 3508 496.
2492 3446 2650 3523 Reg.,
2688 3450 2991 3524 Prostratis
3014 3468 3034 3517 ;
3074 3451 3171 3524 alii
3196 3492 3211 3514 ,
3261 3449 3587 3524 Prostratos.
3626 3446 3809 3524 Badius

548 3534 631 3596 ter
691 3522 1065 3596 patronymica
1113 3525 1236 3581 loco
1280 3526 1714 3596 possessivorum
1769 3522 2030 3596 formant.
2080 3526 2134 3578 lu
2245 3533 2394 3579 terra:
2421 3522 2835 3589 adverbialiter,
2870 3522 3033 3596 sicut,
3062 3522 3230 3596 ltumi,
3263 3522 3367 3596 _vel
3428 3523 3482 3577 in
3527 3522 3720 3596 dativo.

555 3590 782 3667 Vulgata
834 3590 1031 3652 nomen
1088 3596 1196 3651 vici
1240 3590 1400 3667 hujus
1450 3599 1508 3652 in
1559 3607 1748 3652 monte
1785 3594 1987 3651 Oliveti
2048 3607 2137 3651 est
2246 3596 2501 3666 Virgilius
2521 3597 2645 3651 libr.
2679 3610 2732 3661 v,
2764 3608 2906 3651 vers.
2939 3593 3035 3661 48,
3067 3592 3411 3649 Condidimus
3439 3605 3606 3649 terrae.
3654 3590 3805 3649 Pleri-

548 3664 909 3722 -
942 3713 956 3736 ,
1010 3667 1098 3724 vel
1149 3664 1501 3724 Getltsemani.
1555 3667 1613 3723 In
1667 3667 1819 3738 Itala:
1864 3667 2138 3723 versionis
2242 3664 2371 3738 que,
2403 3678 2561 3722 terra.

548 3752 684 3808 mss.
735 3738 819 3793 vel
862 3739 958 3802 ita,
1014 3739 1097 3795 vel
1144 3739 1469 3806 Getsamani,
1523 3740 1605 3795 vel
1655 3737 1989 3808 Gessamani,
2051 3739 2140 3794 vel
2312 3739 2442 3795 497.
2474 3739 2629 3808 Reg.,
2662 3737 2847 3801 Rom.,
2876 3754 2980 3792 non
3025 3748 3099 3793 est
3126 3737 3259 3792 mihi
3302 3752 3497 3808 ponere
3523 3738 3677 3792 virtus
3704 3745 3804 3788 cum

552 3806 916 3885 Getltsgmant.
967 3810 1096 3881 Legi
1152 3826 1284 3885 ergo
1328 3821 1506 3885 potest
1551 3806 2138 3885 Gethsemaneia,__ve_l,
2245 3811 2427 3885 glossa
2459 3812 2512 3865 in
2544 3806 2722 3885 Reg,
2759 3810 2922 3885 virtus
2944 3810 3145 3885 _nabis_.
3180 3806 3322 3885 Ott..
3354 3825 3480 3885 cum
3523 3808 3809 3885 editis,no.n

548 3893 672 3935 cum
704 3878 838 3954 Ott.,
874 3878 1252 3950 Getsenianeiti,
1273 3878 1356 3938 vel
1382 3882 1797 3940 Gethsemanica.
1826 3882 1961 3939 Nam
1984 3881 2139 3938 Getlt-
2248 3878 2319 3938 Est
2347 3883 2438 3936 tibi
2469 3878 2856 3954 ponereiirtus.
2890 3880 3069 3954 Priori
3104 3881 3346 3954 lectione
3372 3883 3561 3954 aptius
3580 3878 3813 3949 exprimi-

550 3952 818 4007 semanida
847 3955 1066 4023 generis
1095 3954 1313 4012 feminei
1336 3965 1443 4011 est.
2252 3965 2342 4010 tur
2362 3951 2629 4009 sententia
2654 3952 2934 4023 Evangelii
2964 3951 3153 4006 Matth.
3182 3969 3335 4016 xxvi,
3358 3953 3431 4007 40
3459 3969 3474 4006 :
3500 3952 3592 4008 Sic
3619 3965 3715 4004 non
3738 3962 3811 4017 po

620 4023 755 4101 .
784 4025 915 4101 Mss.
931 4027 1137 4101 nostri,
1171 4028 1310 4101 vitae,
1333 4029 1560 4099 lucisque
1596 4037 1862 4101 repertor;
1893 4025 2141 4083 nonnulli
2248 4028 2418 4084 tuistis
2440 4023 2702 4101 una_hora
2728 4022 2946 4101 vigilare
2991 4025 3230 4101 mecum?
3253 4025 3333 4080 Ac
3368 4022 3692 4101 notandum,
3738 4032 3812 4101 pro

551 4093 823 4171 cdi_ti_sic5
849 4099 963 4165 alii,
998 4088 1151 4163 lucis,
1184 4088 1399 4171 uitw'que
1420 4088 1675 4170 repertor:
2246 4114 2447 4171 mecum
2475 4110 2505 4171 a
2537 4088 2936 4171 Juveucoipoui
2962 4094 3092 4171 milii
3114 4096 3308 4171 eadem
3329 4093 3742 4171 .
3767 4088 3811 4171 II}

2247 4169 2525 4226 nonnullis
2567 4156 2911 4223 versionibus
2952 4168 3194 4235 antiquis
3235 4156 3437 4237 legitur
3474 4164 3704 4237 potuisti,
3733 4156 3810 4215 sed

2249 4242 2305 4298 in
2325 4242 2447 4295 aliis
2473 4240 2635 4294 etiam
2658 4238 2919 4309 antiquis,
2943 4246 3001 4293 et
3037 4239 3092 4294 in
3119 4237 3370 4310 Vulgata,
3398 4252 3612 4295 necnon
3641 4237 3689 4290 in
3714 4242 3813 4288 tex

2250 4322 2306 4369 tu
2326 4326 2510 4383 graeco
2534 4311 2805 4383 potuistis.

2324 4374 2445 4439 50L
2477 4374 2665 4447 Rom,
2694 4381 2783 4436 sed
2805 4380 2965 4453 labat
2987 4380 3159 4436 debile
3185 4396 3396 4453 corpus.
3427 4374 3812 4453 Reg.i,A0ttoh.,

2249 4455 2440 4519 Torn.,
2477 4446 2756 4520 Daventr.,
2787 4451 2937 4518 Ald.,
2969 4452 3115 4521 Bas.,
3149 4452 3238 4507 sed
3265 4446 3455 4522 corpus
3493 4446 3654 4522 debile
3682 4446 3812 4502 labat.

2248 4526 2487 4591 Fabrie.,
2535 4524 2785 4591 Hadam.,
2818 4523 3056 4589 Poelm.,
3099 4525 3191 4579 sed
3221 4520 3414 4594 corpus
3443 4522 3610 4578 debile
3637 4520 3813 4595 [aptati

2249 4586 2484 4654 WesthX
2515 4597 2568 4651 in
2608 4586 2961 4651 testu'debile
2997 4586 3183 4661 labat,
3235 4586 3643 4665 ad'marginem
3679 4586 3815 4665 debile

2249 4668 2440 4740 lapsat.
2469 4668 2623 4740 Metri
2656 4666 2913 4740 regulam,
2940 4666 3114 4740 magis
3145 4659 3330 4724 servat
3355 4659 3550 4740 lapsat,
3581 4677 3727 4736 quam
3756 4659 3816 4714 la-

2250 4739 2356 4796 bat.
2391 4739 2525 4796 Vide
2550 4739 2587 4794 1.
2621 4754 2681 4805 ,
2715 4753 2861 4795 vers.
2890 4739 3018 4794 457.

2243 2815 2496 2862 transeat.

2310 2877 2442 2934 492.
2472 2878 2659 2946 Rom.,
2691 2887 2891 2944 tracta;
2919 2876 3180 2943 emenda,
3215 2885 3409 2934 tractu.

2312 2950 2439 3007 495.
2464 2950 2624 3021 Reg.,
2646 2944 2935 3014 mendose,
2962 2948 3077 3003 Tua
3094 2950 3184 3003 sed
3212 2949 3320 3013 iam
3346 2950 3541 3004 ueniat.
3564 2944 3807 3021 Ott.,Jant

2244 3036 2335 3079 tua
2363 3024 2453 3077 sed
2473 3019 2662 3077 veniat.
2722 3021 2887 3087 Editi,
2938 3020 3046 3078 Sed
3071 3031 3161 3095 tua
3194 3023 3333 3095 jam_
3360 3020 3641 3095 ueniattln
3668 3019 3802 3073 Rom.

2242 3095 2460 3150 invenio
2490 3096 2840 3163 scripturam,
2871 3107 2993 3163 quae
3024 3092 3506 3163 magis'probetur,
3540 3092 3641 3148 Sed
3665 3100 3806 3163 tamen

2241 3167 2482 3221 adveniat
2504 3161 2691 3237 potius,
2723 3180 2874 3234 quam
2892 3161 3083 3237 nostra
3104 3161 3365 3233 uoluntas,
3495 3164 3624 3232 Qua:
3643 3162 3724 3216 tibi
3737 3161 3809 3215 tle-

2242 3247 2381 3293 creta
2405 3249 2477 3292 est
2506 3235 2684 3291 tantis
2707 3236 2957 3292 sententia
2978 3235 3153 3291 rebus.

2313 3309 2441 3365 495.
2472 3309 2797 3365 Poelmann.
2832 3324 2929 3375 pro
2951 3309 3006 3363 .
3032 3323 3105 3373 s.,
3134 3306 3333 3372 Toru.,
3380 3307 3535 3375 Ald.,
3565 3306 3705 3373 Bas.,
3730 3320 3807 3358 an

2244 3380 2435 3447 helus;
2464 3396 2624 3449 llISS.,
2654 3395 2776 3435 cum
2809 3378 2933 3435 aliis
2958 3379 3140 3446 editis,
3165 3378 3392 3434 anhelis.

623 4166 749 4240 482.
774 4167 913 4240 Ott..
938 4171 1171 4240 resedere
1202 4187 1221 4225 :
1250 4166 1326 4227 es
1339 4186 1448 4240 quo
1477 4166 1682 4226 factum
1715 4170 1962 4225 residere.

622 4237 751 4314 48;.
784 4239 950 4312 Reg.,
979 4239 1124 4314 Ipse,
1157 4243 1300 4313 quod
1357 4237 1591 4299 fortasse
1626 4260 1655 4297 a
1687 4258 1771 4314 pr.
1826 4258 1901 4297 m.
1944 4241 2045 4297 fuit
2091 4241 2143 4295 in

553 4307 665 4363 Ott.
693 4307 966 4382 Plerique,
988 4307 1114 4368 Ille.

625 4382 753 4456 484.
788 4383 989 4456 ARom.,
1042 4384 1374 4456 Zebetleoque
1430 4385 1586 4440 simul
1640 4385 1808 4441 noctis
1854 4400 1945 4453 per
1996 4385 2145 4438 devia

553 4452 735 4529 tendit.
785 4454 930 4529 bege
959 4452 1371 4529 exLEvangelio
1414 4456 1734 4529 Zebedeique
1782 4455 1938 4510 simul
1980 4456 2137 4523 natis,

553 4522 696 4594 quod
722 4522 914 4594 reliqui
944 4526 1161 4580 codices
1180 4522 1514 4594 exprimunt.

624 4589 752 4651 485.
1010 4596 1212 4670 Barthii
1242 4589 1386 4670 apud
1414 4598 1710 4670 Omeisium
1742 4599 1817 4652 sic
1842 4614 1932 4653 ore
1956 4602 2139 4670 profa-

556 4670 659 4738 tur,
672 4676 846 4738 prout
876 4664 1135 4738 Virgilius
1156 4664 1300 4738 saepe
1319 4669 1579 4738 loquitur.

624 4731 751 4789 486.
786 4736 915 4794 Mss.
941 4731 1111 4795 nostri
1135 4731 1327 4796 omnes
1367 4731 1662 4795 Tristitiam
1709 4740 1935 4796 volvens.
1971 4739 2140 4806 Editi,

2083 4940 2311 4999 .

628 5080 755 5134 475.
783 5078 1109 5138 Prudentius
1135 5081 1323 5153 hymn.
1357 5080 1559 5138 tCath.
1594 5095 1717 5137 vers
1758 5081 1849 5149 15,
1887 5080 2008 5136 Voa:
2032 5081 2153 5149 ista,
2186 5090 2238 5150 )
2337 5078 2464 5137 492.
2491 5080 2727 5137 Mutatur
2755 5096 3016 5137 numerus
3047 5096 3149 5142 me.
3177 5089 3234 5137 et
3266 5094 3395 5153 mox
3440 5081 3585 5137 nobis
3616 5098 3632 5133 :
3657 5077 3719 5153 de
3735 5086 3816 5153 qu}

558 5167 662 5226 qua
685 5160 1071 5226 strepuntares,
1096 5144 1396 5226 _'Stantes
1438 5153 1532 5208 sub
1561 5154 1677 5226 ipso
1704 5144 1949 5226 culmine.
1980 5144 2159 5226 Virgi;
2263 5154 2563 5209 mutatione
2608 5153 2728 5226 vide
2773 5165 2887 5209 not.
2920 5153 2988 5209 ad
3018 5153 3279 5208 Dracont.
3317 5152 3498 5225 Eleg.,
3529 5155 3643 5209 sive
3661 5144 3814 5207 Satisl.

564 5222 669 5276 lius
700 5224 736 5275 I.
768 5238 886 5290 vut,
919 5241 1059 5279 vers.
1084 5224 1191 5280 456
1221 5242 1234 5278 :
1267 5223 1333 5279 Et
1362 5222 1596 5279 matutini
1628 5225 1893 5279 volucrum
1917 5223 2012 5278 sub
2040 5222 2156 5277 cul-
2262 5240 2404 5281 vers.
2437 5226 2505 5280 19
2532 5234 2587 5280 et
2609 5224 2737 5281 209.

563 5295 929 5371 utinefantus.
1462 5368 1471 5371 _
1499 5367 1509 5371 _
1798 5310 1803 5315 '
1987 5366 1999 5371 _
2027 5365 2038 5371 _
2489 5295 3037 5371 dduenmtteveniat.
3066 5295 3182 5371 fiat.
3221 5364 3244 5371 _
3583 5367 3593 5371 _

2331 5368 2459 5445 495.
2491 5368 2720 5445 CAPUT
2754 5359 2918 5422 .
2959 5365 3149 5445 _._Iudas
3206 5364 3391 5445 Iesum
3440 5367 3629 5445 _osculo
3672 5359 3815 5445 tradit.

2261 5439 2451 5495 Matth.
2481 5456 2629 5504 xxvr,
2652 5440 2743 5505 40,
2766 5448 2876 5494 etc.
2900 5455 2915 5504 ;
2957 5437 3126 5494 Marc.
3152 5454 3270 5509 XIV,
3439 5441 3570 5495 Luc.
3591 5451 3714 5502 xxu,
3737 5432 3817 5493 2

2262 5510 2463 5568 Joaun.
2487 5527 2638 5579 xvm,
2670 5512 2724 5567 9.

2333 5582 2460 5638 498.
2495 5583 2675 5638 Tantis
2700 5581 2792 5638 sub
2821 5579 3023 5637 casibus
3042 5596 3062 5634 :
3096 5580 3356 5652 Virgilius
3382 5582 3421 5638 l.
3451 5598 3525 5648 tv,
3558 5580 3680 5638 En.
3705 5586 3815 5652 vers:

2264 5656 2407 5729 560:
2443 5656 2722 5729 Na_1e_dea,
2768 5661 2910 5729 potes
2953 5641 3357 5729 hoc_subvcasu
3402 5641 3819 5729 duceresomnos.

2509 5724 2788 5778 Lubricum
2813 5724 3139 5780 substantivi
3173 5739 3327 5780 more
3358 5726 3513 5782 multi
3560 5724 3721 5779 idonei
3743 5729 3817 5772 att-

2265 5809 2447 5853 ctores
2484 5796 2673 5852 dicunt
2696 5795 2837 5867 apud
2867 5795 3187 5865 Cellariutn,
3217 5804 3276 5852 et
3313 5794 3730 5870 lexicographos.

629 5364 759 5421 476.
821 5365 1043 5422 Sumere
1088 5377 1304 5422 mortem
1352 5383 1368 5419 .'

564 5452 709 5492 vers.
746 5437 869 5493 195.

632 5509 759 5565 479.
794 5508 1021 5567 CAPUT
1066 5508 1205 5566 Xlll.
1236 5509 1390 5565 Jesus
1413 5512 1603 5566 secedit
1651 5512 1705 5566 in
1736 5510 1917 5567 villam
1940 5508 2157 5567 Getltse-

563 5583 725 5647 mani,
776 5589 823 5634 et
870 5582 927 5637 in
970 5583 1119 5636 horto
1159 5594 1276 5638 orat
1333 5581 1564 5638 Patrem.
1611 5582 1800 5639 Matth.
1856 5599 2016 5649 xxvt,
2050 5585 2153 5649 56;

562 5650 731 5724 Marc.
766 5668 879 5724 ,
902 5652 1010 5719 42;
1060 5655 1190 5709 Luc.
1220 5671 1350 5720 xm,
1382 5656 1483 5720 40;
1515 5653 1714 5710 Joann.
1747 5671 1897 5724 xvut,
1927 5657 1982 5711 1.

633 5720 761 5776 487.
818 5723 1003 5797 Marte
1036 5738 1213 5791 tenus,
1267 5742 1437 5797 usque
1491 5726 1561 5781 ad
1613 5720 2155 5784 mortem.'Consule

559 5804 856 5850 comment.
883 5797 950 5852 ad
984 5796 1241 5855 Prudent.
1269 5799 1454 5871 hytnn.
1497 5798 1564 5855 l0
1590 5797 1793 5855 Perist.
1829 5816 1879 5854 v.
1910 5799 2005 5855 45.

1424 5367 1548 5424 vide
1588 5369 1713 5424 lcet.
1774 5383 1891 5425 var.
1934 5365 2060 5421 ndl.
2094 5381 2155 5431 tt,
