3994 6314
315 1158 328 1166 .
381 1117 468 1166 Eo»

145 1182 165 1216 ἵ.
226 1185 272 1216 κς.
311 1168 358 1194 ω
388 1172 399 1178 ν

415 1207 442 1231 (Α
447 1200 479 1222 /‘

303 1231 332 1279 ί
355 1221 394 1248 ⁵⁸
415 1194 495 1231 (Μ
519 1231 622 1290 165
661 1233 934 1308 Torpidus
963 1247 1022 1293 ut
1053 1239 1216 1296 multo
1263 1242 1514 1300 collidens
1537 1245 1768 1303 membra

519 276 620 338 551
1594 287 1948 348 APPENDIX
1985 290 2079 348 AD
2117 289 2355 352 OPEBA
2391 295 2700 356 JUVENCI.

651 395 935 470 Disquirit,
963 414 1190 472 quonam
1221 408 1477 456 terrarum
1504 401 1662 476 degat
1689 404 1902 462 Abelus.

661 487 766 546 Ille
795 501 968 565 negat,
1001 493 1224 565 positum
1247 495 1514 552 custodem
1543 513 1599 552 se
1625 500 1740 568 [ore
1765 499 1968 570 fratris.

665 581 762 639 Cui
787 583 927 640 Deus
955 584 1145 654 eﬂ'atur
1167 603 1186 642 :
1212 585 1403 644 Nonne
1427 605 1528 644 eoa:
1541 593 1811 663 sanguinis
1837 596 1948 667 ejus

519 673 625 733 160
660 677 742 733 Ad
769 695 852 734 me
875 680 1037 736 missa
1064 689 1238 750 sonat,
1262 681 1559 755 celsumque
1588 686 1819 742 ascendit
1837 687 1907 741 ad
1924 693 2114 745 axem?

663 767 842 825 Nosce
866 771 1033 846 igitur
1063 790 1316 829 mansura
1343 776 1436 831 tibi
1467 794 1562 848 pro
1591 780 1806 836 crimine
1829 791 2008 850 tanto;

665 861 808 918 Nam
829 867 987 920 modo
1013 884 1130 938 quae
1149 869 1351 923 maduit
1374 873 1609 942 germani
1637 875 1894 948 sanguine
1919 886 2079 944 terra,

663 953 845 1011 Invisa
875 959 1154 1014 maledicta
1184 961 1276 1016 tibi
1298 964 1572 1018 commissa
1591 967 1795 1038 negabit

665 1048 881 1105 Semina
906 1095 920 1119 ,
978 1061 1026 1106 et
1088 1052 1377 1126 absumptis
1440 1057 1666 1127 fructum
1721 1078 1824 1116 non
1885 1065 2112 1136 proferet

1787 1152 2001 1228 [herbis.

1795 1262 2034 1320 tremore,

457 1342 512 1348 ν
532 1335 573 1342 ”
659 1329 875 1388 Funere
902 1349 996 1389 ceu
1025 1337 1207 1407 iuncto
1228 1354 1432 1412 semper
1447 1343 1677 1411 suspiria
1708 1345 1888 1401 ducas.

659 1424 893 1484 Territus
917 1427 1008 1484 ille
1037 1432 1218 1502 gemit,
1245 1443 1562 1507 mortemque
1588 1453 1622 1492 a
1658 1441 1870 1496 numine
1894 1445 2061 1514 poscit
2087 1463 2104 1500 :

657 1517 790 1586 Quae
815 1531 986 1578 tamen
1013 1525 1222 1596 infenso
1253 1544 1356 1582 non
1385 1538 1460 1584 est
1483 1546 1727 1587 concessa
1752 1531 1990 1592 Tonante
2013 1554 2033 1603 ;

655 1611 801 1668 Nam
829 1614 970 1670 malo
1001 1622 1317 1688 promeritus
1346 1621 1497 1693 signo
1519 1623 1576 1690 fit
1607 1635 1760 1680 notus
1798 1629 1994 1698 inusta,

513 1703 620 1760 170
659 1708 904 1764 Sternere
926 1727 991 1766 ne
1016 1713 1157 1783 ferro
1179 1713 1330 1768 liceat
1355 1717 1664 1789 cuicumque
1687 1733 1974 1792 nocentem,

654 1797 740 1854 Ne
766 1807 938 1875 majus
966 1807 1176 1880 septina
1204 1819 1390 1881 parent
1421 1810 1729 1866 discrimina
1751 1815 1932 1886 funus.

653 1891 806 1950 Ilicet
832 1911 865 1949 a
890 1898 1024 1968 facie
1054 1898 1292 1970 Domini,
1327 1918 1418 1958 ceu
1449 1905 1701 1974 perditus,
1725 1909 1850 1962 exit.

651 1984 884 2042 ﬁdibus
905 1989 1130 2046 obversis
1155 1989 1350 2049 Naida:
1378 1994 1432 2048 in
1455 1998 1648 2062 cespite
1668 2005 1821 2053 teme
1845 2043 1860 2068 ,

653 2076 768 2133 Nec
790 2081 962 2136 minus
987 2099 1051 2138 ea;
1080 2086 1240 2154 natis,
1271 2087 1504 2157 genitrix
1525 2104 1655 2161 quos
1684 2091 1795 2161 ﬁda
1815 2095 2027 2160 creavit,

511 2168 617 2226 175
659 2167 888 2226 Nomine
914 2174 1172 2244 primoeuis
1199 2177 1472 2234 sublimem
1498 2183 1730 2238 condidit
1759 2185 1955 2241 urbem.

593 2248 896 2320 ‘3Enochus
925 2265 1108 2322 Naida
1133 2281 1294 2336 creat,
1317 2289 1379 2327 ac
1408 2273 1596 2331 deinde
1632 2274 1952 2348 Malechum,

651 2355 770 2424 Quo
799 2356 1182 2418 Matusalamus
1208 2366 1398 2419 sensim
1427 2368 1658 2438 genitore
1681 2370 1777 2424 sub
1799 2387 1956 2427 auras

646 2446 812 2518 Exiit,
843 2460 889 2505 et
926 2453 1101 2527 longa:
1128 2456 1376 2525 produxit
1417 2467 1651 2530 tempora
1678 2463 1816 2517 vitae.

646 2546 741 2599 Ast
770 2546 1042 2618 Amalech,
1065 2551 1242 2605 dirum
1262 2554 1354 2624 qui
1381 2556 1605 2627 percutit
1624 2572 1744 2612 ense
1763 2557 2002 2628 Cainem,

504 2633 612 2694 180
651 2634 953 2709 Perpetitur
984 2657 1114 2697 cceso
1141 2646 1362 2699 multum
1389 2649 1631 2720 grauiora
1652 2659 1885 2706 nocente.

641 2726 880 2786 Crimina
903 2748 1025 2786 nam
1053 2736 1294 2790 meritum
1323 2739 1489 2793 decies
1518 2742 1721 2813 septina
1745 2753 2004 2800 coercent.

641 2821 965 2896 Conjugibus
988 2827 1075 2880 hic
1095 2829 1235 2899 facta
1254 2848 1466 2904 gemens
1486 2850 1598 2889 sese
1623 2823 1860 2908 increpat
1891 2838 2053 2910 ultro,

642 2915 883 2985 Quarum
910 2920 1080 2990 prima
1104 2925 1205 2994 fuit
1233 2925 1372 2995 Ada,
1403 2938 1555 3000 atque
1577 2928 1744 2986 altera
1774 2931 1943 2988 Sella.

640 3011 820 3066 Aelum
843 3014 934 3069 sed
956 3017 1128 3085 prima
1155 3029 1320 3086 creat,
1348 3021 1442 3092 qui
1467 3032 1650 3095 pastor
1679 3025 1732 3079 in
1753 3027 1892 3081 arvis

497 3099 602 3159 185
639 3101 1084 3165 Gramineis-lima
1102 3114 1322 3184 pecudes
1343 3115 1587 3187 pascebat
1609 3118 1664 3171 in
1695 3118 1876 3176 herba.

632 3195 852 3256 Jobalus
876 3219 1028 3274 quem
1048 3203 1240 3262 deinde
1268 3209 1424 3274 subit,
1459 3211 1550 3280 qui
1568 3212 1767 3266 musica
1787 3213 1982 3286 plectra

632 3291 904 3363 Repperit,
935 3305 982 3350 et
1013 3299 1156 3352 uario
1177 3302 1458 3356 concordes
1483 3319 1744 3358 murmure
1764 3305 2008 3366 chordas.

631 3385 901 3442 Tobellum
927 3406 1050 3445 mox
1071 3392 1218 3448 Sella
1246 3398 1406 3464 parit,
1431 3399 1518 3451 cui
1543 3400 1762 3470 [undere
1786 3404 1922 3460 riros

636 3478 786 3534 /Eris
807 3493 921 3537 erat
941 3485 1123 3553 moris,
1150 3489 1448 3561 ferrumque
1470 3491 1658 3546 incude
1681 3496 1948 3554 subactum

493 3567 602 3627 190
637 3569 870 3628 Diversis
896 3574 1126 3642 formare
1157 3578 1347 3646 modis,
1379 3583 1626 3637 stridente
1655 3588 1896 3642 camino:

638 3667 800 3732 Quem
829 3665 1036 3725 Noema
1073 3687 1292 3742 sequens
1318 3691 1423 3730 uno
1441 3679 1673 3747 genitore
1703 3691 1894 3738 creata.

635 3755 765 3812 Hac
787 3759 924 3814 inter
943 3764 1130 3834 regetis
1154 3765 1324 3820 Adam
1343 3783 1448 3821 non
1469 3770 1752 3842 languidus
1772 3775 1948 3842 annis,

637 3847 858 3906 Sethum
881 3865 1187 3928 progenerat
1209 3868 1323 3928 post
1353 3871 1568 3916 mortem
1606 3864 1748 3920 mitis
1774 3865 1966 3938 Abelis,

613 3939 908 3998 'Enochum
937 3947 983 4001 is
1003 3947 1188 4003 deinde
1213 3961 1374 4020 creat,
1403 3954 1490 4008 cui
1510 3956 1733 4012 candida
1757 3961 1918 4014 corda

3674 313 3762 370 553

2137 411 2186 472 Α
2217 407 2324 468 195
2359 410 2610 486 Largitus
2642 412 2925 485 Dominus,
2961 409 3058 471 hoc
3083 433 3136 472 se
3155 426 3397 490 poscente
3415 425 3578 496 rogari

2361 508 2584 574 Annuit,
2604 515 2654 562 et
2679 507 2903 580 placida:
2924 511 3150 584 suscepit
3175 528 3387 568 munera
3414 517 3604 572 mentis.

2215 596 2373 655 CAP.
2396 598 2462 655 γ.
2499 597 2803 674 Nongentos
2833 601 2997 674 igitur
3033 614 3310 677 postquam
3350 607 3614 678 complerat
3643 610 3762 668 Ada-

3526 699 3677 774 lum,

2361 786 2464 844 Ter
2499 789 2758 862 denosque
2776 807 2966 861 annos,
2996 793 3198 866 sopitus
3218 801 3383 849 morte
3406 796 3604 866 quierit.

2352 879 2740 956 Longa’rusque
2760 883 2946 940 dehinc
2984 897 3272 962 nongentos
3287 888 3510 962 quinque
3522 907 3606 960 per
3627 909 3769 950 annos

2213 973 2320 1031 200
2359 974 2602 1032 Enochus
2630 979 2780 1045 vixit,
2809 997 2957 1052 quem
2985 978 3255 1037 Cainanus
3293 983 3568 1055 adwquans

2360 1067 2596 1140 Quinque
2619 1071 2720 1142 fuit
2746 1079 2947 1126 tantum
2974 1074 3224 1146 protentis
3247 1074 3456 1148 longior
3483 1077 3643 1132 annis.

2353 1160 2548 1216 Junior
2567 1161 2664 1217 hoc
2688 1164 2875 1218 iterum
2897 1173 2974 1220 ter
2995 1165 3142 1221 denis
3171 1167 3391 1222 decubat
3417 1169 3582 1223 annis.

2355 1253 2640 1310 Malaleela
2657 1272 2816 1312 senex
2837 1266 2913 1313 ter
2939 1257 3113 1326 denis,
3139 1259 3330 1315 deinde
3351 1258 3561 1315 Jaretus

2354 1348 2520 1419 Atque
2540 1349 2706 1406 tribus
2735 1351 2861 1406 vixit
2887 1351 3044 1425 longo
3061 1354 3398 1408 conslrictior
3430 1371 3552 1409 atro.

2207 1443 2316 1500 205
2358 1443 2620 1510 Ιίηοειηιε,
2651 1447 2733 1500 cui
2761 1461 2888 1501 cura
2915 1446 3014 1517 fuit
3043 1447 3232 1503 servire
3257 1446 3490 1513 Potenti,

2355 1537 2422 1592 Et
2452 1547 2668 1594 mentem
2697 1539 2898 1595 sociare
2931 1538 3060 1605 Deo,
3089 1539 3326 1608 saiunior
3345 1539 3459 1595 istis

2350 1631 2452 1688 Ter
2481 1643 2682 1689 centum
2712 1634 2988 1706 explicitis,
3015 1635 3063 1690 si
3085 1635 3314 1707 quinque
3335 1637 3610 1709 adjungere
3631 1653 3772 1708 cures,

2357 1725 2537 1782 Sexies
2562 1737 2608 1782 et
2640 1729 2820 1796 denos,
2863 1729 3034 1784 subita
3063 1729 3284 1803 caligine
3310 1741 3470 1795 tectus

2353 1821 2594 1886 Abditur,
2627 1832 2675 1876 et
2702 1822 2924 1878 Domino
2949 1824 3172 1879 multum
3205 1825 3480 1881 miserante
3503 1836 3726 1894 remotus,

2205 1911 2314 1968 210
2337 1911 2578 1969 'Felicem
2601 1916 2808 1986 placido
2834 1917 2958 1972 vivit
2983 1935 3102 1973 cum
3131 1929 3362 1988 tempore
3389 1920 3561 1974 vitam.

2349 2007 2416 2062 At
2444 2007 2822 2066 Hatusalamus
2849 2021 3132 2087 nongentos
3163 2014 3385 2086 porrigit
3405 2013 3572 2081 orbes,

2352 2099 2552 2174 Septies
2580 2111 2627 2157 et
2647 2104 2830 2173 denos,
2864 2121 3025 2160 unum
3052 2106 3170 2177 quis
3189 2110 3418 2180 jungere
3434 2111 3526 2181 jus
3545 2117 3631 2162 est.

2353 2197 2638 2254 Lmnechus
2668 2201 2762 2255 hoc
2792 2209 2936 2272 patre
2965 2212 3129 2271 satus,
3171 2201 3340 2257 Noele
3369 2213 3555 2272 creato,

2351 2290 2500 2346 Talia
2527 2294 2790 2360 disseruit,
2823 2296 2947 2350 dum
2971 2305 3150 2350 uatum
3179 2311 3324 2350 more
3343 2297 3521 2366 futura

2200 2380 2308 2440 215
2345 2381 2622 2452 Prteridet,
2654 2394 2701 2440 et
2727 2403 2906 2441 sensus
2933 2396 3204 2442 venturum
3227 2387 3384 2442 mittit
3402 2387 3458 2442 in
3483 2403 3636 2442 rerum
3665 2405 3681 2453 ;

2345 2475 2450 2532 Hic
2469 2495 2650 2533 secura
2679 2479 2824 2535 dabit
2850 2480 2997 2536 nobis
3024 2481 3336 2535 commercia
3361 2480 3498 2550 vim,

2341 2569 2410 2625 Et
2439 2571 2625 2627 durum
2658 2574 2932 2630 removebit
2961 2591 3115 2643 onus,
3145 2591 3430 2646 pacemque
3461 2577 3678 2641 reducet,

2345 2663 2476 2730 Qum
2503 2666 2754 2737 factisest
2783 2669 2932 2737 pulsa
2959 2669 3132 2738 malis,
3167 2679 3444 2742 nostroque
3469 2679 3632 2737 reatu,

2343 2755 2595 2814 Tristibus
2616 2769 2662 2814 et
2688 2761 2902 2828 dextris,
2939 2779 3159 2833 quarum
3183 2764 3386 2818 sulcata
3415 2761 3584 2817 labore

2195 2846 2303 2905 220
2326 2847 2484 2904 Terra
2513 2861 2665 2924 negat
2705 2855 2950 2924 fructum,
2992 2852 3212 2908 Domino
3240 2853 3514 2908 maledicta
3537 2852 3760 2923 loquente.

2339 2943 2542 3013 Septies
2571 2945 2656 2998 hic
2685 2956 2885 3001 centum
2913 2947 3060 3013 uixit,
3094 2957 3387 3019 septemque
3409 2963 3502 3016 per
3525 2963 3693 3012 annos,

2340 3037 2683 3110 Septuaginta
2711 3054 2863 3112 super
2884 3040 3084 3112 positis,
3113 3049 3168 3094 ut
3191 3039 3448 3094 summula
3467 3038 3642 3112 poscit.

2341 3126 2454 3182 Hoc
2477 3141 2770 3202 generante,
2797 3131 2967 3202 probis
3000 3128 3200 3186 Noelus
3227 3131 3416 3188 nobilis
3441 3133 3569 3188 actis

2337 3219 2546 3288 Editur,
2578 3223 2800 3278 innocuo
2825 3223 3042 3278 daturus
3069 3225 3264 3279 semina
3293 3226 3470 3294 steclo,

2191 3309 2300 3367 225
2339 3311 2561 3384 Tresque
2584 3324 2722 3369 creat
2745 3324 2913 3384 natos,
2947 3313 3183 3382 Sethum,
3235 3313 3604 3390 Chamumque,
3631 3315 3760 3388 Infe-

3445 3410 3466 3484 [
3487 3421 3697 3482 tumque,

2333 3499 2674 3558 lnnunterum
2700 3501 2880 3557 solitos
2899 3501 3154 3558 mollitum
3183 3503 3398 3559 tundere
3425 3507 3634 3576 ferrum,

2331 3593 2402 3648 Et
2428 3595 2766 3651 scintillantes
2783 3597 3062 3668 promptim
3090 3597 3376 3667 procudere
3406 3615 3616 3652 massas.

2188 3684 2344 3742 CAP.
2397 3684 2486 3742 Vl.
2566 3687 2746 3744 Series
2803 3687 2888 3742 hic
2961 3699 3096 3744 vates
3158 3700 3362 3744 centum
3420 3692 3534 3762 jam
3587 3691 3758 3746 uixerat

3493 3781 3514 3858 [
3535 3786 3693 3851 annis,

2331 3869 2461 3926 Cum
2484 3869 2737 3929 Dominus
2761 3873 2864 3929 diri
2889 3885 3135 3946 pertaesus
3161 3875 3380 3931 crimina
3399 3880 3599 3946 mundi,

2185 3964 2294 4020 250
2332 3965 2389 4020 Μ
2394 3967 2770 4040 ultimodosque
2795 3967 3061 4024 hominum
3087 3969 3240 4044 longa
3267 3971 3361 4024 sub
3386 3971 3503 4028 luce
3527 3981 3704 4037 reatus,

2133 1819 2182 1880 B

2119 3217 2165 3282 C

706 4147 784 4234 lta_
806 4151 974 4208 etiam
1003 4152 1175 4210 edidit
1200 4156 1481 4234 Morelius.
1503 4159 1649 4216 Edit.
1670 4175 1736 4217 ex
1759 4161 2078 4234 conjectura

487 4224 786 4278 restituunt
809 4239 1059 4280 numnam
1083 4243 1204 4283 uox.
1231 4230 1410 4286 MART.

553 4313 680 4386 160.
711 4314 886 4382 Edit.,
919 4319 1224 4378 descendit:
1255 4325 1450 4381 melius
1475 4327 1649 4384 codex
1678 4337 1870 4384 noster
1890 4345 2074 4386 ascen-

477 4386 576 4472 .
599 4385 856 4442 bluam—-
871 4389 1162 4449 Fabricius
1176 4395 1230 4464 ja
1240 4411 1292 4450 m
1305 4397 1556 4454 ediderat
1580 4399 1879 4472 celsumque
1892 4385 2074 4457 ascen-

481 4459 676 4586 duim.
703 4531 892 4596 Fabr.,
921 4536 1223 4607 assumptis,
1259 4553 1358 4608 pro
1383 4542 1694 4612 absumptis.
1759 4567 1778 4585 κ

551 4620 678 4708 tos.
704 4621 924 4708 Junius,
955 4636 1012 4681 ut
1053 4642 1277 4708 carmen
1309 4633 1688 4708 concluderet,
1721 4635 1986 4708 Torpidus

477 4691 640 4772 multo
670 4695 884 4772 collides
911 4699 1138 4753 membra
1178 4709 1414 4757 tremore.
1463 4703 1596 4772 Alii,
1645 4691 1701 4760 u't
1727 4691 2076 4766 multowcolli;

475 4763 752 4851 deps,_gui
776 4768 940 4850 etiam
969 4777 1250 4851 ιῃιιειπιιιιη1
1270 4777 1464 4830 deesse
1494 4763 1684 4832 linem.
1716 4763 2072 4851 Belidae—ex

479 4835 600 4891 solo
628 4835 880 4893 Mai-lenii
904 4841 1094 4896 codice
1123 4835 1498 4912 proferuntur.

553 4927 678 4984 167.
696 4929 833 5013 llaec
858 4933 1196 5013 proc_ul_son_t
1218 4953 1246 4990 a
1272 4937 1501 5010 Vulgata
1528 4941 1804 5013 versione,
1821 4947 1915 5002 ubi
1935 4944 2067 5004 Cain

481 5012 588 5086 Ill?"
621 5001 869 5084 petiisse,
903 5005 998 5086 sed
1031 5004 1286 5086 timuisse
1317 5001 1558 5086 mortem
1603 5001 2065 5086 reprtescnteturi

483 5068 667 5124 Omnis
693 5068 874 5145 igitur,
931 5076 1126 5146 inquit,
1169 5081 1260 5150 qui
1309 5068 2064 5154 inueneritmei-occiderint
2253 5141 2348 5159 ,Μ
2407 5141 2470 5159 ..η
2527 5144 2540 5159 .
2589 5146 2620 5159 ,.
2792 5146 2826 5159 _.
2956 5145 2968 5159 .
3047 5147 3078 5159 .,
3136 5146 3168 5159 η
3239 5147 3252 5159 .
3424 5077 3614 5159 ,91⁸³1³

1735 5141 1918 5218 MAR-,3;
2204 5213 2217 5226 .
2247 5141 2369 5230 l§8.
2407 5141 2714 5230 Thobelluni
2754 5145 3195 5230 εξιίςξιῐιιιεξείιωδἶ
3227 5147 3582 5230 Augustinus,
3632 5149 3744 5205 loco

551 5211 864 5304 175.}uxta
903 5217 1209 5304 vulgatum1
1245 5221 1398 5304 Cain.
1423 5229 1674 5304 profugus
2009 5237 2065 5292 δη
2169 5213 2344 5304 cil‘il‘to.
2362 5233 2376 5269 :
2409 5231 2646 5304 proqtto
2672 5217 2898 5304 .Vttlguta
2924 5211 3057 5304 legit
3083 5211 3409 5304 Iubalca'in.
3440 5211 3612 5278 Mser.

481 5291 624 5339 terra
643 5285 1046 5378 adorielntalem
1071 5285 1278 5375 plagam
1312 5285 1490 5378 Edent
1515 5285 1603 5378 Άξ
1619 5285 2066 5378 ]ιιχξςίίῂέίιδι,ςζ
2212 5285 2364 5342 ’206⁸
2407 5285 2574 5346 Forte
2596 5288 2686 5344 sed
2704 5285 2891 5362 junior
2917 5285 3046 5345 istis.
3081 5289 3260 5345 MART.

1386 5358 2062 5460 1lli-Abruic'.,‘habitauitﬂin
2204 5380 2364 5460 _212.
2395 5382 2675 5460 Scriptura
2704 5358 2893 5460 Velinos
2932 5384 3218 5460 dumtaxat
3249 5400 3554 5460 nongentos
3594 5403 3739 5445 sexa-

485 5427 823 5520 terraﬂttfaid.
856 5427 1035 5520 Atque
1065 5437 1137 5489 ita
1166 5440 1331 5492 etiam
1385 5427 2061 5520 seminus“ista”;
2163 5427 3218 5520 ganié'hii’éili'Fia'buii'iiitiiiii;Eia";
3249 5427 3570 5518 E'iii'é";ii.".;s
3594 5427 3740 5516 :d‘dit

486 5471 624 5480 --ηπ
657 5471 823 5486 ..π-υ..
856 5471 1035 5502 ..μευ-υ
1065 5471 1137 5489 nu
1166 5471 1331 5492 Guaul
1385 5471 1744 5516 ουμιυειιςιιιιὶι
1791 5471 2061 5520 inuenire-

477 5499 889 5629 itlesbggr.—
921 5503 1252 5580 Hieronymo
1273 5514 1520 5570 concinit
1551 5515 1858 5578 Eucherius
1883 5520 2058 5594 Lugd.

2185 5471 2314 5524 {tnta
2354 5471 2546 5512 novem
2579 5471 2773 5513 ll‘lDllIl
2817 5471 3214 5512 Mutltusatumo
3255 5477 3268 5512 :
3303 5471 3390 5516 lus
3433 5471 3570 5518 duos
3605 5471 3736 5516 addit

2185 5527 2467 5582 Iuvencus.
2499 5529 2682 5584 Msn'r.
2708 5558 2780 5570 —
2808 5526 2974 5584 Forte
3015 5528 3300 5600 legendum
3340 5548 3503 5586 unum
3523 5535 3633 5604 quis
3658 5532 3736 5585 de-

2185 5612 2302 5652 nere
2318 5601 2412 5670 jus
2439 5611 2536 5654 est.

545 5661 672 5768 εἶξε.
697 5665 992 5768 AS:
1021 5673 1379 5768 angustin‘us,
1495 5680 1622 5768 libr:
1647 5683 1858 5768 Qumst.
1884 5687 1938 5744 in
1957 5687 2058 5746 Ge-
2235 5661 2362 5746 220.
2393 5690 2524 5757 Qum
2550 5691 2640 5768 [lic
2667 5691 2735 5746 de
2766 5691 2892 5768 tilii_s
2919 5692 3034 5768 No_e
3079 5703 3396 5764 narrantur,
3445 5697 3500 5753 in
3533 5696 3732 5768 Vulgata

463 5735 993 5841 pfzinzﬁgp‘ompdo
1039 5735 2050 5841 Cuia-potueritcon—tle'tfe‘ciritiiie‘ni,
2161 5735 2534 5817 non—exsEnvtv.
2561 5763 2830 5818 Munu—
2851 5763 2956 5820 Pro
2980 5763 3341 5838 Innumeram,
3370 5738 3541 5841 l’egam
3566 5735 3734 5823 lnam:-

457 5817 575 5858 cum
609 5809 792 5864 civitas
836 5811 993 5868 alicui
1021 5809 1364 5878 constituatur
1404 5809 1675 5884 hominum
1695 5809 2050 5901 multitudini:
2158 5845 2378 5885 merum.

2185 4167 2446 4238 solosque
2467 4170 2605 4226 duos
2621 4176 2873 4238 parentes
2887 4177 2940 4225 et
2954 4169 3092 4226 duos
3112 4184 3302 4226 eorum
3317 4180 3478 4228 natos
3493 4172 3753 4239 Scriptura

2186 4252 2613 4313 commemoret:
2637 4241 3061 4312 respondetque,
3087 4241 3224 4297 duos
3257 4244 3382 4298 illos
3410 4259 3572 4300 natos
3587 4247 3754 4313 plures

2186 4312 2328 4388 alios
2368 4321 2426 4370 et
2474 4315 2761 4388 genuisse,
2791 4327 3095 4384 eorumque
3124 4313 3264 4388 ﬁlios
3303 4315 3470 4388 etiam
3516 4312 3754 4388 genuisse

2182 4383 2357 4452 ﬁlios,
2397 4395 2454 4442 et
2478 4385 2660 4451 ﬁlias,
2717 4399 2952 4457 quorum
3007 4383 3235 4441 nomina
3298 4383 3587 4457 Scriptura
3658 4400 3752 4442 non

2100 4492 2156 4554 Β
2179 4459 2452 4514 enuntiat.
2491 4459 2673 4542 bis“.
3086 4527 3088 4529 ,
3181 4528 3192 4541 δ
3277 4528 3290 4542 _

2251 4527 2375 4584 170.
2402 4527 2634 4586 Unicum
2667 4527 2892 4585 Enocho
2918 4536 3106 4584 natum
3129 4529 3320 4585 tribuit
3342 4529 3596 4598 Vulgata,
3621 4543 3750 4584 nem-

2182 4612 2252 4668 pe
2282 4599 2423 4670 lrud,
2456 4601 2618 4656 lradu
2647 4601 2898 4660 Maviael.
2930 4601 3176 4656 Maviueli
3213 4601 3539 4658 Mathusael.
3582 4601 3744 4656 Mur.

2027 4649 2076 4743 ξι
2176 4649 2248 4710 Ζ
2271 4649 2762 4743 Αἰὶᾶᾈιῖ’‹ὲῖιιῖηῖἱιῖέ
2775 4649 3749 4743 ferrati;'ga;i'ssi;:'e;.3}7n.iam

2175 4751 2341 4806 creat,
2375 4741 2508 4798 lrad
2540 4743 2765 4800 Maviael
2786 4743 2874 4798 vel
2904 4741 3206 4800 Maviclum.

2248 4835 2370 4892 179.
2401 4836 2648 4892 Amalech
2676 4837 2764 4892 hic
2791 4837 3012 4907 ponitur
3035 4852 3135 4908 pro
3160 4837 3408 4894 Lamech.
3438 4839 3618 4896 Mser.

2247 4926 2374 5004 181.
2402 4929 2506 4984 Pro
2524 4931 2651 4984 Aelo
2675 4929 2903 5004 vulgata
2930 4929 3093 5004 habet
3113 4929 3266 5004 {obel
3281 4949 3302 4998 ;
3323 4943 3488 5004 atque
3507 4935 3576 4988 ita
3599 4931 3746 5004 etiam

2173 4998 2304 5070 legit
2326 5003 2684 5072 Augu~tinus,
2710 5003 2764 5057 in
2787 4998 2912 5058 libr.
2941 5017 3008 5056 xv
3032 5003 3100 5059 de
3119 5000 3355 5059 Civitate
3383 4998 3500 5068 Dei,
3523 5021 3643 5075 cup.
3668 5003 3745 5056 li.
