3994 6314
168 298 255 359 36!

165 513 179 579 ',
289 506 435 566 CAP.
461 508 615 566 XIX.
658 509 813 567 Ilicet
837 511 906 566 ad
931 510 1208 568 Sodomam
1239 511 1453 566 veniunt
1482 509 1613 576 duo,
1642 509 1752 564 Na-

1008 664 1020 673 ,
1120 598 1125 599 ί
1262 607 1393 682 [tus,
1419 617 1467 662 et
1488 606 1633 661 Alter
1659 651 1672 673 ,

169 696 261 755 580
296 695 532 767 Hespero
562 697 800 754 submitti
828 716 942 757 cum
988 700 1093 770 iam
1125 708 1489 772 prorumperet
1520 699 1655 770 igni.

294 786 410 844 Illic
430 806 528 862 pro
557 790 762 861 foribus
790 791 967 849 Lodus
996 794 1060 849 de
1082 809 1224 848 more
1254 792 1488 850 sedebat.

293 881 518 952 Cumque
542 884 686 939 viros
706 885 866 940 simili
888 886 1160 942 lustrasset
1186 902 1406 961 corpore
1436 885 1608 942 claros
1633 926 1649 952 ,

299 974 502 1032 Pronus
532 978 791 1035 adoratas
819 990 1063 1035 consueta
1090 979 1158 1035 ad
1185 981 1373 1036 limina
1395 979 1546 1035 duxit
1569 1019 1585 1047 ,

297 1070 549 1142 Optantes
580 1073 756 1128 media
785 1074 958 1144 potius
985 1072 1219 1129 habitare
1248 1073 1424 1147 platea
1447 1115 1464 1143 ,

171 1164 261 1225 585
292 1167 453 1240 Azym
481 1184 622 1240 quos
651 1152 794 1224 tenui
830 1170 893 1225 de
920 1169 1116 1243 polline
1142 1170 1369 1225 candida
1398 1168 1608 1244 pascit;

296 1260 585 1334 Sopitaque
616 1261 805 1317 dehinc
832 1273 1147 1335 componunt
1175 1262 1402 1319 membra
1438 1263 1617 1318 cubili.

296 1353 426 1410 Ecce
453 1360 644 1428 furens
667 1366 778 1413 tota
802 1360 1060 1430 procurrit
1087 1358 1237 1413 turba
1266 1357 1573 1415 Comorrhcc
1599 1400 1612 1424 ,

298 1447 575 1505 Seditione
600 1451 735 1506 truci
758 1450 1089 1507 circumdans
1110 1452 1246 1506 atria
1273 1451 1393 1507 Leti
1419 1495 1433 1517 ,

298 1532 457 1613 Atque
497 1542 645 1599 viros
675 1559 894 1614 poscens
918 1544 1115 1600 tumido
1141 1544 1366 1618 dilitigat
1395 1560 1504 1602 ore.

175 1632 265 1691 590
296 1633 393 1689 Ille
412 1651 617 1691 memor
639 1637 785 1707 pacis
812 1645 974 1691 tentat
1004 1637 1208 1693 mollire
1233 1641 1507 1711 frementes
1532 1679 1548 1705 ,

297 1726 457 1799 Atque
488 1727 650 1783 etiam
677 1739 830 1785 natas
857 1728 1048 1802 cupide
1074 1729 1393 1785 dementibus
1410 1720 1568 1800 offert
1596 1773 1609 1799 ,
1660 1728 1663 1731 ’

301 1818 364 1875 Ut
382 1819 524 1875 licito
545 1820 726 1892 potius
749 1821 877 1877 luxu
906 1839 1145 1895 perversa
1164 1820 1404 1896 volupta's

299 1911 545 1979 zEstuet,
579 1930 616 1967 a
646 1915 807 1969 simili
827 1914 1133 1991 disjungens
1157 1917 1332 1989 turpia
1354 1933 1506 1973 sexu.

302 2006 403 2063 Sed
427 2006 508 2062 nil
538 2006 689 2063 dicta
736 2020 938 2065 movent
966 2051 980 2076 ,
1016 2010 1334 2083 franguntur
1361 2010 1546 2065 limina
1575 2009 1717 2081 ferro
1749 2050 1765 2077 ,

179 2107 278 2167 595
316 2107 388 2163 Ac
408 2108 539 2162 dum
590 2122 648 2161 se
689 2105 1016 2177 glomerant,
1052 2103 1178 2159 dum
1206 2104 1367 2177 fortia
1405 2104 1635 2160 claustra
1684 2120 1766 2160 re-

1428 2195 1649 2270 [vellunt
1678 2237 1693 2261 ,

305 2295 529 2351 Lumina
574 2301 727 2367 septa
754 2292 856 2347 sibi
885 2293 1046 2361 piceis
1073 2306 1318 2365 gemuere
1345 2289 1586 2366 tenebris.

303 2390 352 2446 Η
357 2393 398 2446 is
423 2391 557 2446 actis
580 2431 596 2456 ,
630 2386 843 2461 auferre
872 2388 1055 2462 procul
1076 2403 1175 2443 sua
1198 2388 1421 2462 pignora
1432 2390 1620 2460 jussus
1644 2428 1663 2461 ι

303 2484 495 2541 Invitat
518 2499 745 2559 generos
770 2500 927 2541 sensu
957 2492 1190 2556 torpente
1215 2492 1481 2556 negantes.

306 2580 455 2647 Quod
485 2589 663 2634 tamen
691 2577 906 2634 assiduo
935 2578 1106 2649 potuit
1144 2594 1288 2633 mens
1318 2575 1515 2632 blanda
1540 2591 1731 2651 rogare
1753 2621 1768 2646 ,

187 2672 278 2730 600
317 2672 513 2729 Eduxit
540 2681 698 2726 natas
720 2672 882 2725 chara
908 2670 1159 2743 genitrice
1182 2677 1444 2741 sequentes
1468 2711 1484 2735 ,

310 2769 378 2825 Ac
399 2769 526 2824 dum
556 2765 900 2841 progreditur
926 2812 939 2837 ,
978 2765 1104 2821 dum
1146 2767 1353 2822 scandit
1372 2765 1601 2821 culmina
1625 2763 1775 2819 collis

310 2863 555 2937 Oppositi
581 2907 598 2932 ,
632 2877 912 2934 secumque
940 2868 1117 2932 putat,
1143 2860 1272 2933 quid
1299 2860 1487 2916 deinde
1511 2867 1773 2933 sequatur,

309 2955 532 3012 Femina
563 2964 684 3026 post
714 2963 919 3025 tergum
945 2954 1144 3025 positas
1174 2954 1297 3008 dum
1324 2954 1537 3027 respicit
1583 2968 1730 3009 arces
1754 2992 1775 3023 ,

310 3049 573 3124 Diriguit,
607 3050 932 3123 speciemque
958 3049 1085 3105 salis
1113 3066 1210 3121 pro
1266 3064 1483 3120 corpore
1528 3048 1773 3121 sumpsit.

186 3140 277 3202 605
309 3143 408 3200 Ille
432 3143 575 3201 subit
601 3142 756 3199 celsa:
772 3157 987 3198 securus
1015 3149 1152 3199 tecta
1180 3140 1448 3216 Segorraa.

312 3238 440 3295 Mox
487 3239 673 3310 fragor
729 3237 1004 3293 horrisono
1055 3235 1121 3292 de
1166 3211 1338 3292 sidere
1393 3235 1618 3308 fulmina
1668 3242 1779 3290 tor-
1800 3211 1848 3277 (1

1484 3327 1667 3403 [quem
1683 3369 1700 3398 .

312 3425 737 3501 Sulphureazque
761 3435 923 3482 ruunt
971 3424 1113 3482 olido
1132 3441 1252 3481 cum
1274 3424 1478 3481 turbine
1506 3425 1732 3496 ﬂamma:
1759 3464 1778 3494 ,

316 3523 447 3593 ρω
477 3522 678 3595 pariter
715 3538 924 3592 muros,
967 3530 1122 3593 atque
1162 3521 1333 3577 ardua
1378 3521 1608 3576 culmina
1650 3520 1782 3576 lam-

1536 3614 1708 3689 [bunt.

316 3707 569 3767 Omnibus
592 3711 649 3767 in
678 3710 902 3767 cinerem
934 3711 1088 3768 celeri
1109 3726 1225 3767 cum
1256 3710 1369 3765 labe
1382 3709 1600 3766 revulsis
1618 3750 1634 3777 ,

189 3798 281 3858 610
314 3802 572 3861 Cernebat
593 3803 757 3860 rutilo
785 3812 1026 3877 surgente
1047 3804 1231 3860 vertice
1250 3805 1494 3875 ﬂammas

316 3897 543 3957 Eminus
571 3899 832 3955 Abramus
850 3940 867 3967 ,
889 3899 1107 3955 memori
1128 3915 1248 3954 cum
1273 3910 1480 3971 pectore
1508 3906 1738 3955 tractans
1763 3938 1780 3968 ,

316 3993 386 4049 In
409 3994 576 4051 verbis
606 3993 821 4051 Domini
864 4009 1150 4066 numquam
1198 4009 1255 4050 se
1299 3995 1589 4068 adjungere
1635 4010 1780 4050 men-

1542 4087 1713 4162 [dum.

319 4187 430 4244 Nec
456 4187 630 4244 minus
660 4194 708 4243 et
734 4185 911 4243 Lodus
962 4194 1074 4242 tuta
1099 4195 1397 4261 compostus
1423 4185 1481 4242 in
1506 4185 1633 4243 aula
1656 4227 1673 4255 ,

320 4282 566 4340 Solamen
596 4292 771 4338 tenero
799 4281 938 4337 natis
965 4281 1244 4353 priestabat
1273 4297 1450 4337 amore
1474 4322 1491 4348 ,

194 4374 289 4434 6l5
327 4378 453 4446 Quae
493 4378 609 4435 sine
632 4376 941 4450 conjugibus
970 4376 1251 4447 nequibant
1276 4375 1426 4433 edere
1453 4376 1672 4449 prolem.

324 4470 451 4540 Har,
479 4487 595 4526 cum
622 4469 964 4543 perspicerent
991 4470 1259 4526 sublatum
1306 4468 1557 4542 germinis
1586 4482 1742 4523 usum
1765 4507 1780 4534 ,

323 4562 714 4636 Haternumque
738 4562 925 4630 decus,
956 4563 1070 4618 solo
1099 4564 1335 4637 genitore
1377 4560 1563 4615 relicto
1582 4599 1600 4628 ,

324 4656 653 4729 Componunt
678 4656 894 4727 epulas,
942 4670 1004 4709 ac
1030 4664 1279 4729 promunt
1305 4652 1429 4707 vina
1459 4652 1665 4722 parenti
1695 4692 1711 4719 ,

330 4750 542 4811 Nescius
576 4758 629 4805 ut
659 4750 869 4804 vetitum
895 4757 1142 4803 natarum
1170 4752 1404 4804 nosceret
1428 4760 1603 4799 usum.

199 4838 294 4899 620
331 4843 436 4900 Nec
466 4861 643 4912 mora,
673 4842 907 4914 femineis
952 4841 1235 4896 concrescit
1262 4836 1471 4895 sarcina
1492 4836 1637 4907 ﬁbris
1659 4878 1674 4905 ,

330 4934 392 4992 Et
416 4936 577 5011 parili
606 4935 886 4991 ambarum
905 4934 1091 4989 vitalia
1111 4933 1308 4989 semine
1338 4937 1568 5003 turgent.

200 5143 525 5201 vitaverunt:
557 5142 653 5200 sed
677 5153 913 5215 quatuor
941 5150 1153 5200 tantum
1183 5184 1200 5209 ,
1230 5137 1408 5208 Loth,
1430 5137 1552 5211 ejus
1598 5153 1737 5197 uxor
1758 5179 1778 5209 ,

203 5226 253 5272 et
273 5216 386 5273 dua:
416 5216 561 5273 tiliae.
593 5216 779 5271 Mur.
804 5215 1074 5272 Existimo
1094 5214 1308 5285 potius,
1337 5219 1620 5269 auctorem
1652 5225 1784 5283 poe-

204 5288 351 5344 matis
373 5288 664 5356 scripsisse
693 5286 738 5342 A
773 5286 849 5343 bis
872 5287 1103 5357 quinque
1131 5286 1279 5343 viris.

267 5357 386 5415 585.
421 5357 741 5432 Legendum
770 5358 985 5415 videtur
1016 5358 1235 5486 Anima.

267 5430 382 5486 589.
426 5432 682 5486 Horatius
706 5430 814 5486 ait.
847 5444 994 5486 vers.
1044 5432 1078 5486 9
1163 5431 1287 5486 Art.
1327 5438 1520 5486 Doet.:
1568 5426 1719 5485 Tumi

266 5430 382 5489 589.
426 5426 682 5488 Horatius
706 5430 814 5500 ait,
847 5444 994 5487 vers.
1044 5426 1117 5488 94
1163 5431 1287 5488 Art.
1327 5438 1520 5500 poet.:
1568 5426 1821 5485 Tumido‘

206 5501 420 5560 delitiaat
450 5519 558 5560 ore.

269 5523 632 5704 2233:3530:
653 5574 893 5631 fortasse
922 5572 1143 5647 scripsit
1168 5575 1311 5644 lusu,
1338 5588 1451 5631 non
1482 5574 1631 5647 luxu.
1656 5571 1798 5630 Vide

269 5661 344 5702 ιη.
484 5686 498 5701 .

208 5659 344 5703 vers.
375 5659 498 5703 ΤΠ).

273 5718 391 5775 504.
434 5718 660 5802 vulgata
686 5733 796 5802 n.0n
840 5717 1013 5802 dicit,
1046 5717 1250 5802 fractas
1282 5716 1458 5802 fuisse
1484 5717 1636 5802 fores
1651 5762 1677 5802 ‘,
1704 5714 1804 5774 sed

212 5762 660 5918 amri”;
669 5762 1013 5863 ἑὴῖἓηῇὲῖὲῖιὶ
1042 5762 1802 5865 ξὶἕξΐείῥὲἷῷἱὲἕᾶῖίοῖἱὶ

304 5877 389 5919 ιιτ.

474 5958 750 6022 Panos.
798 5958 971 6022 XIX.

1395 287 1402 297 ’
1473 295 1682 356 LIBER
1720 293 1791 356 IN
1831 292 2151 357 CENESIN.

293 414 608 487 Oppressum
633 387 770 474 vitiis
791 416 1039 491 papulum
1061 417 1222 473 vitare
1257 417 1492 471 ruinam.
1766 418 1774 443 "

293 506 435 566 CAP.
461 508 615 566 XIX.
658 509 813 567 Ilicet
837 511 906 566 ad
931 510 1208 599 Sodomam
1239 511 1453 566 veniunt
1482 509 1613 576 duo,
1642 418 1828 675 Nm)A

1008 664 1020 673 ,
1262 607 1393 675 [tus,
1419 617 1467 662 et
1488 606 1633 661 Alter
1659 651 1672 673 ,

3344 304 3455 362 362

1928 490 1931 493 _
1994 416 2185 472 'Prima
2208 424 2346 474 creat
2368 432 2588 492 puerum
2614 418 2788 491 patrio
2819 433 3059 475 sermone
3086 418 3362 491 Moabum,

2000 510 2179 595 Altera
2205 512 2501 584 disparibus
2525 514 2834 570 Ahunanum
2857 525 3129 587 nuncupat
3148 518 3310 574 orsis.

2000 605 2107 661 Hic
2144 616 2301 691 pater
2347 608 2690 677 Ammonum,
2736 610 2941 681 genitor
2991 609 3313 667 Moabitibus
3366 611 3457 669 ille

2779 708 2787 712 ·
3226 703 3345 778 [εει.

1858 789 1965 848 625
2003 791 2159 850 CAP.
2202 790 2325 848 XX.
2379 789 2592 849 Interea
2638 797 2838 852 excedit
2891 798 3078 869 positis
3126 798 3190 853 de
3246 798 3455 855 sedibus

3134 890 3325 946 Abram

3134 890 3325 946 Abram

2001 974 2072 1031 Et
2094 974 2347 1033 Gererum
2373 979 2444 1033 ad
2475 987 2640 1035 terras
2666 981 2823 1051 socia,
2848 998 2965 1036 cum
2988 888 3211 1057 conjEtge
3239 932 3455 1039 transit.

2004 1066 2107 1123 Hic
2136 1070 2497 1128 Abimelechus
2520 1073 2737 1143 cupiens
2766 1075 3033 1130 consortia
3063 1074 3243 1131 Sarrw
3264 1121 3279 1145 ,

2006 1163 2272 1240 Principis
2298 1168 2541 1233 arbitrio,
2576 1185 2879 1241 germanam
2919 1186 3041 1224 nam
3072 1171 3185 1241 fore
3211 1180 3353 1227 vates

2001 1255 2219 1313 Dixerat
2250 1259 2500 1326 eximius,
2534 1260 2773 1330 fraudem
2802 1277 2866 1316 ne
2894 1261 3065 1331 forma
3088 1274 3317 1335 pararet.

1860 1351 1967 1408 630
2006 1340 2261 1426 Conjugis
2290 1352 2542 1419 innocuo,
2574 1354 2763 1410 rivales
2785 1355 2911 1410 dum
2934 1366 3077 1411 cavet
3106 1357 3237 1421 iras,

2007 1443 2120 1499 Nec
2144 1453 2316 1501 tamen
2345 1444 2533 1514 valuit,
2556 1448 2745 1502 validis
2766 1448 3048 1503 terroribus
3075 1460 3244 1518 actus,

2006 1541 2111 1608 Qui
2140 1532 2365 1598 mentem
2387 1541 2655 1613 afﬁciunt,
2684 1543 2888 1614 quoties
2905 1560 3146 1615 perversa
3170 1543 3332 1601 libido
3358 1554 3474 1602 est:

2008 1633 2153 1688 Nam
2182 1625 2767 1697 Deusimmisso'torsit
2792 1635 2978 1693 lictore
3010 1645 3315 1710 tyrannum,

2012 1726 2366 1801 Prosequitur.
2379 1729 2617 1800 trepidus
2640 1739 2810 1785 vatem
2828 1732 2914 1787 via:
2935 1742 3105 1788 mente
3130 1749 3360 1789 reversa.

1794 1820 1843 1881 B
1868 1823 1976 1882 635
2010 1822 2125 1889 Cur
2147 1821 2318 1880 Sarra
2339 1824 2405 1878 sit
2428 1823 2568 1880 dicta
2596 1840 2766 1894 soror,
2792 1842 2885 1882 ceu
2915 1826 3063 1882 nulla
3102 1828 3294 1883 marito

2018 1916 2211 1973 Vincla
2261 1916 2425 1992 ligent
2469 1928 2723 1991 nuptam,
2770 1936 2887 1975 cum
2916 1921 2984 1976 sit
3022 1924 3305 1995 conjuncta
3344 1938 3477 1993 pro-

3149 2015 3362 2090 [phetan

2009 2108 2115 2163 Ille
2141 2109 2293 2165 docet
2324 2127 2534 2181 causas,
2559 2127 2836 2185 sesequea
2859 2112 3074 2168 crimine
3098 2121 3324 2186 purgat,

2013 2203 2267 2260 Mentitus
2293 2205 2541 2274 nihilum,
2570 2208 2752 2279 fratris
2774 2224 2902 2263 nam
2928 2208 3161 2279 germine
3181 2213 3327 2261 creta

2014 2297 2184 2354 Sarra
2212 2301 2333 2372 fuit,
2353 2304 2547 2375 juncta
2569 2302 2819 2358 diducens
2849 2302 2991 2359 linea
3011 2319 3289 2376 sanguem.

1871 2390 1977 2448 660
2014 2390 2150 2449 Htec
2170 2392 2255 2447 ubi
2276 2396 2637 2463 constiterant,
2662 2404 2833 2450 rector
2860 2399 2949 2450 dat
2974 2396 3117 2451 mille
3147 2394 3368 2464 talenta,

2017 2485 2089 2541 Et
2112 2487 2361 2558 famulos,
2393 2487 2474 2543 his
2497 2488 2655 2543 molle
2681 2505 2862 2560 pecus,
2886 2497 3224 2561 armentaque
3242 2492 3449 2565 jungit.

1891 2653 1899 2660 _
2016 2581 2220 2653 Iugera
2241 2580 2368 2652 quin
2395 2581 2553 2635 etiam
2576 2579 2711 2636 latos
2742 2580 2939 2649 diffusa
2968 2597 3058 2653 per
3085 2597 3265 2652 agros,

2022 2671 2316 2729 Dummodo
2347 2674 2689 2744 promeritum
2722 2674 2950 2730 lenirent
2980 2675 3120 2729 dona
3145 2682 3366 2729 reatum.

2018 2762 2263 2836 Namque
2287 2765 2471 2821 domus
2497 2766 2637 2839 regis
2667 2765 2897 2822 admissa
2925 2765 3137 2839 piacula
3166 2766 3419 2840 pendens,

1876 2853 1984 2913 645
2026 2857 2130 2926 Qui
2152 2872 2269 2912 cum
2297 2856 2527 2929 terrifico
2555 2859 2785 2930 rupisset
2816 2859 3019 2914 somnia
3048 2860 3187 2929 visu,

2019 2951 2241 3023 Agmine
2260 2952 2561 3008 morborum
2590 2952 2789 3023 pariter
2810 2963 3082 3027 grassante
3108 2970 3200 3027 per
3225 2970 3403 3010 omnes
3422 2995 3438 3023 ,

2018 3044 2269 3102 Germina
2295 3046 2529 3118 femineis
2550 3046 2751 3101 dudum
2780 3047 3079 3103 decusserat
3109 3046 3262 3105 ulvis.

2029 3137 2226 3194 Verum
2253 3137 2340 3193 ubi
2364 3137 2617 3213 paciﬁcus
2645 3148 2784 3195 vates
2814 3157 2909 3212 pro
2935 3156 3057 3214 rege
3083 3140 3322 3213 poposcit

2029 3230 2300 3288 Procubus
2346 3242 2470 3287 ante
2511 3228 2716 3301 Deum,
2771 3233 3053 3304 promptim
3104 3248 3160 3288 se
3210 3234 3333 3289 lwta
3383 3249 3479 3304 per

3173 3325 3375 3400 [omnes

1880 3420 1989 3479 650
2025 3420 2277 3478 Reddidit
2302 3419 2532 3488 ubertas,
2560 3420 2810 3492 alvosque
2829 3419 3065 3492 implevit
3086 3421 3309 3495 opimas.

2022 3513 2180 3572 CAP.
2216 3511 2362 3570 XXI.
2397 3512 2520 3588 Ipse
2539 3514 2695 3570 etiam
2712 3513 2933 3569 insuetis
2957 3522 3219 3586 postrema
3258 3515 3315 3569 in
3344 3523 3474 3572 tem-

3064 3604 3219 3679 [pora
3245 3609 3376 3665 votis

2026 3696 2118 3754 Fit
2146 3707 2314 3774 pater,
2342 3708 2393 3756 et
2415 3699 2522 3755 lteti
2542 3708 2791 3771 reputans
2820 3697 3014 3755 solatia
3034 3700 3194 3766 risus,

2028 3790 2320 3863 Nuucupat
2346 3789 2617 3860 Isaacum,
2647 3790 2900 3847 mandata
2927 3800 2977 3847 et
3005 3792 3234 3850 numinis
3254 3793 3351 3848 alti

2032 3882 2234 3956 Efﬁcit,
2266 3894 2444 3940 octavo
2471 3884 2747 3958 decerpens
2770 3883 2969 3941 lumine
2994 3894 3198 3958 tegmen
3398 3878 3403 3883 ’

1885 3979 1994 4039 655
2031 3978 2080 4035 Ε
2099 3988 2331 4049 veretro,
2359 3980 2673 4045 stabilesque
2713 3979 2894 4035 videns
2914 3984 3036 4051 jam
3062 3996 3300 4052 promere
3329 3996 3481 4054 gres-

3239 4069 3374 4143 [ειη.

2028 4166 2353 4241 Conjunctus
2379 4167 2517 4222 inter
2539 4165 2758 4239 propria
2773 4165 2839 4221 de
2855 4166 3016 4238 stirpe
3042 4166 3361 4239 propinquos

2038 4260 2302 4326 Vescitur,
2326 4268 2374 4315 et
2394 4258 2585 4315 mensis
2604 4258 2807 4330 genitor
2833 4266 3073 4329 gratatur
3096 4259 3309 4332 apimis.

2032 4354 2173 4410 Nam
2198 4352 2486 4424 desperatis
2514 4353 2686 4425 major
2714 4350 2775 4421 ﬁt
2804 4350 2980 4425 gratia
3010 4353 3164 4407 votis.

2029 4449 2255 4523 Jamque
2273 4464 2403 4524 puer
2434 4463 2598 4522 puero
2618 4448 2841 4520 junctus
2867 4446 2993 4502 dum
3021 4446 3156 4503 ludit
3178 4448 3394 4505 alumno
3415 4491 3430 4516 ,

1892 4546 1999 4605 660
2034 4544 2298 4618 Compulit
2321 4544 2489 4617 ignito
2519 4551 2738 4599 matrem
2774 4551 3065 4616 turgescere
3096 4541 3243 4614 felle.

2034 4639 2102 4696 Et
2132 4648 2307 4695 tamen
2352 4637 2545 4693 invitus
2586 4636 2761 4692 senior
2780 4636 2904 4691 dum
2936 4638 3169 4693 maxima
3183 4641 3341 4711 jussu

2039 4733 2291 4791 Observat
2311 4729 2551 4802 Domini,
2576 4730 2773 4804 pariter
2796 4730 3020 4786 detrusit
3046 4740 3343 4804 utrumque.

2037 4830 2103 4886 At
2126 4829 2313 4885 mulier
2339 4836 2618 4900 postquam
2640 4824 2841 4881 domini
2863 4824 2930 4882 de
2958 4825 3079 4881 sede
3100 4835 3299 4883 remota
3317 4838 3417 4897 est,

2037 4923 2166 4979 Avia
2197 4923 2399 4977 dimoto
2424 4920 2615 4976 lustrat
2646 4927 2843 4989 secreta
2858 4935 3116 4994 regressu.

1891 5140 1900 5183 ε
1965 5135 2344 5221 610.Α.8ειιειιε
2383 5134 2628 5206 postulat
2652 5145 2922 5208 surgentes
2947 5149 3048 5207 pro
3066 5143 3313 5208 surgente
3340 5180 3356 5205 ,
3401 5144 3499 5196 aut

1891 5217 2374 5368 funggftéonjicio
2402 5279 2642 5353 conjugis
2685 5278 2901 5335 innocui
2942 5276 3132 5334 rivales
3183 5278 3309 5333 dum
3356 5288 3500 5336 cavet

1893 5368 2098 5482 "abigi.
2140 5420 2329 5488 Forte,
2363 5420 2477 5478 Nec
2502 5431 2673 5479 tamen
2696 5423 2907 5479 evaluit.

1976 5496 2103 5582 659.
2153 5494 2427 5554 Videlicet
2469 5511 2701 5570 sanguen
2743 5503 2945 5551 neutro
2974 5505 3198 5566 genere,
3244 5501 3299 5548 et
3339 5506 3497 5551 more

1896 5577 2316 5722 angggf’torte,
2345 5639 2545 5722 pendit.
2907 5708 2923 5722 ο

1971 5712 2100 5771 658.
2131 5712 2214 5768 Ex
2258 5705 2453 5769 nostro
2504 5713 2775 5777 Juvenco,
2831 5708 2923 5778 qui
2969 5705 3284 5778 elegantius
3331 5705 3426 5778 lib.
3459 5721 3505 5775 ι,

1904 5800 2053 5914 vers‘.
2124 5784 2243 5842 ιιι
2293 5782 2508 5841 Gratius
2580 5792 2638 5839 ut
2698 5776 2900 5837 donum
2929 5782 3045 5855 jam
3070 5776 3506 5848 desperantibus

1906 5874 2019 5916 esse
2047 5895 2062 5912 .

2864 5945 2944 6006 12
