3994 6314
536 278 644 339 367
1056 288 1067 303 '
1573 278 1922 338 APPENDIX
1960 278 2054 338 AD
2089 275 2326 341 OPERA
2363 280 2671 342 JUVENCI.
3708 282 3789 347 368

545 395 655 454 845
692 396 833 452 Dum
857 398 1141 471 tranquilla
1167 406 1381 468 docens,
1405 404 1584 454 natum
1602 400 1939 455 communiter
1956 408 2141 455 orant:
2166 399 2223 461 Α
2247 400 2359 461 895
2397 401 2609 476 Proque
2637 398 2810 458 labore
2833 401 2932 457 viri
2957 410 3137 457 natam
3162 402 3449 476 despondet
3478 402 3680 458 amanti.

692 487 779 544 Ne
797 500 912 560 pete
936 490 1275 560 connubium,
1295 490 1526 565 juvenis,
1561 489 1626 546 de
1647 499 1801 563 gente
1831 489 2139 559 Chananna,
2388 492 2532 570 Ergo
2552 495 2640 551 ubi
2652 498 2772 570 jam
2796 511 3016 550 mercem
3042 496 3267 566 septenis
3289 504 3523 551 traxerat
3542 495 3708 564 annis,

689 582 797 638 Sed
814 600 1006 639 memor
1030 585 1250 658 eloquiis
1280 585 1428 641 chari
1455 585 1702 660 genitoris
1728 584 1955 641 adhaere.
2386 590 2710 665 Desponsam
2732 590 2952 647 thalami
2975 591 3203 665 deposcit
3226 593 3601 668 faederejungi,

687 676 784 731 list
810 676 954 733 locus
984 677 1210 750 Assyriis
1239 719 1255 746 ,
1280 678 1487 749 gemino
1514 677 1604 748 qui
1630 677 1882 751 mergitur
1906 693 2057 732 amne
2078 719 2092 745 ,
2389 683 2503 740 Nec
2532 700 2679 739 mora
2703 729 2718 753 ,
2748 684 2961 740 mentito
2983 685 3207 740 donatur
3231 701 3446 740 munere
3467 683 3581 752 Lia,

685 772 787 827 Hic
823 783 975 846 pater
1002 783 1078 830 est
1096 772 1300 839 matris,
1326 772 1476 829 nobis
1503 771 1755 828 Batuelus
1780 772 2000 827 amicus.
2389 775 2695 834 Luminibus
2714 777 2965 850 gravidis,
2983 778 3151 851 primo
3170 778 3261 835 sed
3284 787 3500 850 prosata
3521 786 3681 851 partu.

536 867 646 928 850
682 866 1029 938 Labanusque
1051 884 1228 942 gener,
1260 867 1382 923 totis
1407 868 1496 939 qui
1526 867 1729 938 praedia
1753 865 1949 936 campis
2241 869 2348 928 900
2388 869 2498 927 Sed
2519 870 2725 943 fraudis
2748 880 3037 927 commenta
3060 871 3241 928 dolens
3263 879 3511 943 concepta
3533 870 3746 943 Iacobus,

678 960 827 1018 Laeta
848 971 1003 1029 tenet,
1026 971 1278 1035 natasque
1307 962 1443 1032 fovet
1472 960 1776 1032 pubentibus
1798 959 1971 1014 annis.
2402 962 2569 1017 Verba
2597 962 2737 1019 cauit
2765 963 2977 1035 soceris,
3009 963 3290 1034 frustratus
3318 965 3517 1038 virgine
3542 976 3695 1036 pacta.

680 1056 791 1112 Illa
812 1057 905 1113 tibi
926 1058 1139 1130 conjux,
1167 1072 1373 1125 moneo,
1397 1056 1461 1111 de
1488 1056 1647 1128 stirpe
1685 1063 1910 1126 petatur,
2381 1056 2583 1113 Rursus
2605 1058 2659 1112 in
2681 1055 2896 1113 alterius
2918 1058 3141 1129 pretium
3172 1058 3406 1114 mercede
3428 1074 3606 1114 seorsa

678 1148 809 1217 Quae
836 1167 999 1222 genus
1029 1151 1291 1224 egregium
1320 1156 1497 1204 nostra
1525 1147 1591 1203 de
1614 1147 1867 1221 sanguine
1898 1146 2061 1202 ducit.
2386 1148 2686 1224 Perpetitur
2713 1151 2883 1225 longae
2900 1149 3130 1206 Iacobus
3159 1152 3336 1207 munia
3361 1153 3481 1207 vita:
3503 1194 3519 1218 ,

678 1244 746 1300 At
762 1246 971 1320 juvenis
993 1246 1200 1301 monitis
1230 1243 1463 1317 gaudens
1482 1242 1675 1298 servire
1697 1241 1949 1315 paternis.
2380 1243 2683 1315 Percipiens
2703 1246 2937 1301 meritam
2958 1246 3108 1317 pulsa
3125 1247 3241 1318 jam
3266 1246 3460 1317 fraude
3485 1245 3751 1304 Rachelem.

533 1337 647 1396 855
674 1336 957 1410 Egreditur
980 1339 1217 1410 linquens
1246 1338 1493 1410 patriam,
1525 1334 1792 1406 multoque
1820 1334 1998 1391 labore
2236 1336 2344 1395 905
2384 1337 2490 1396 Sed
2518 1337 2661 1394 Deus
2686 1340 2913 1395 aetherias
2940 1349 3185 1412 regnator
3207 1340 3471 1397 maximus
3491 1341 3628 1397 aula
3646 1382 3660 1410 ,

681 1432 954 1504 Defessus,
986 1431 1129 1487 dulci
1157 1431 1384 1488 declinat
1414 1431 1618 1487 lumina
1640 1445 1842 1486 somno.
2380 1430 2610 1506 Pignore
2635 1432 2919 1503 multiplici
2939 1432 3160 1505 demmit
3182 1433 3460 1505 dispendia
3482 1433 3675 1505 forma.

677 1529 748 1584 Et
775 1529 899 1585 dum
927 1529 1211 1603 prwgelido
1237 1529 1524 1585 consternit
1553 1544 1684 1585 saxa
1704 1526 1886 1594 cubili,
2380 1525 2654 1582 Rubenum
2670 1542 2795 1581 nam
2821 1526 2919 1581 Lia
2945 1536 3105 1594 creat,
3130 1535 3241 1581 tum
3262 1527 3451 1583 deinde
3471 1526 3733 1596 Simonem,

679 1622 993 1680 Prteduram
1024 1628 1163 1696 fesso
1195 1623 1444 1697 supponit
1463 1622 1653 1678 vertice
1680 1629 1906 1686 cautem,
2377 1620 2585 1678 Tertius
2611 1622 2817 1697 egregio
2845 1620 3038 1679 Levitis
3064 1631 3270 1695 pectore
3289 1631 3467 1678 natus.

674 1718 750 1771 Ac
773 1704 1103 1772 dum‘ecuro
1128 1706 1428 1787 refoventur
1453 1714 1682 1770 membra
1702 1728 1907 1787 sapore,
2381 1713 2625 1771 Possidet
2656 1716 2741 1770 hic
2764 1712 2983 1771 Domini
3010 1724 3219 1771 sacrata
3247 1716 3439 1771 altaria
3468 1715 3646 1772 nostri.

546 1811 655 1869 860
689 1810 890 1885 Aspicit
918 1810 1214 1884 intrepidus
1239 1818 1347 1866 toto
1372 1810 1440 1865 de
1466 1809 1661 1864 lumine
1683 1808 1869 1863 mentis
2160 1806 2209 1867 B
2232 1808 2340 1867 910
2380 1807 2537 1863 Nunc
2557 1808 2789 1879 sequitur
2806 1806 2970 1877 Iuda,
2995 1810 3154 1864 tribui
3173 1825 3295 1865 mox
3317 1808 3520 1865 inditus
3538 1817 3720 1866 auctor.

671 1903 977 1961 Haerentem
1003 1903 1204 1961 scalam
1235 1920 1363 1978 pure
1394 1911 1539 1958 trans
1570 1901 1753 1957 nubila
1783 1899 1932 1966 ctelo,
2377 1900 2534 1959 CAP.
2566 1900 2737 1957 XXX.
2765 1903 2860 1957 Ast
2899 1900 3033 1958 alios
3066 1911 3250 1975 partus
3272 1945 3288 1972 ,
3332 1913 3481 1960 utero
3519 1920 3641 1976 quos
3665 1902 3787 1959 Bella

668 1996 719 2052 E
748 1998 998 2072 gradibus
1024 2001 1176 2072 cujus
1202 1995 1439 2053 sublimis
1473 1994 1625 2051 turba
1646 1991 1845 2048 ruebat.
3527 1998 3733 2072 [cnam

667 2094 762 2148 Ast
781 2093 891 2149 alia
914 2108 943 2147 e
967 2092 1117 2149 terris
1137 2107 1350 2165 superas
1378 2087 1660 2145 scandebat
1690 2086 1760 2141 ad
1784 2101 1947 2141 arces.
2378 2088 2528 2146 Scire
2554 2089 2703 2160 licet,
2733 2089 2904 2147 claros
2930 2107 3067 2147 nunc
3075 2096 3171 2167 jus
3191 2102 3267 2147 est
3297 2091 3474 2148 dicere
3498 2102 3659 2149 natos.

667 2188 745 2243 Ac
772 2187 899 2243 dum
925 2187 1183 2261 praecipiti
1211 2184 1488 2242 volvuntur
1516 2198 1735 2256 corpora
1764 2198 1910 2249 casu,
2180 2260 2183 2263 _
2371 2181 2503 2240 Post
2522 2184 2617 2241 hos
2643 2183 2951 2242 Issacharus
2972 2187 3176 2258 paritur
3195 2187 3303 2254 iam
3324 2188 3553 2258 germine
3571 2188 3746 2259 quinto.

522 2282 634 2343 865
674 2282 1016 2354 Omnipotens
1042 2299 1211 2357 prona
1238 2280 1504 2353 spectabat
1528 2283 1699 2353 fronte
1718 2284 1945 2342 ruentes,
2378 2277 2551 2335 Sexta
2573 2278 2712 2335 subit
2740 2280 2911 2352 proles
2936 2325 2950 2350 ,
2981 2296 3165 2335 nomen
3192 2279 3482 2335 Zabulonis
3510 2281 3706 2353 adepta,

664 2376 795 2433 Haec
806 2393 962 2447 super
973 2373 1407 2449 adjungens:Ego
1428 2389 1542 2429 sum
1555 2388 1646 2427 rex
1661 2386 1877 2443 magnus
1892 2366 2124 2440 Olympi,
2228 2371 2337 2430 915
2374 2371 2630 2429 Nascitur
2653 2384 2701 2431 et
2727 2376 2870 2447 virgo
2891 2376 3150 2449 germanis
3176 2393 3410 2449 congrua
3432 2373 3595 2432 Dina.

662 2471 993 2546 Iampridem
1042 2468 1405 2541 Dominusque
1447 2477 1586 2535 tuus,
1623 2463 1982 2537 Dominusque
2028 2477 2125 2533 pa-
2369 2465 2606 2523 Tandem
2631 2483 2748 2523 sera
2772 2467 2909 2524 Deus
2930 2468 3152 2543 largitur
3180 2469 3321 2523 dona
3345 2467 3613 2524 Rachelte.

1782 2556 1815 2630 ‘[
1839 2555 2004 2612 rentis
2033 2572 2050 2608 :
2370 2557 2647 2615 Ethereas
2678 2568 2910 2616 tenerum
2937 2558 3225 2635 Josephum
3248 2562 3418 2635 gignit
3447 2562 3518 2617 ad
3544 2577 3709 2617 auras.

664 2658 816 2715 Pelle
841 2666 1031 2728 metus,
1064 2664 1298 2729 praestes,
1328 2656 1504 2722 tellus,
1531 2654 1617 2708 cui
1643 2649 1870 2707 membra
1897 2648 2121 2714 dedisti,
2374 2652 2516 2728 Ergo
2541 2657 2630 2711 ubi
2646 2658 2760 2729 jam
2779 2656 2950 2727 proles
2970 2665 3189 2728 utraque
3205 2673 3271 2713 ex
3286 2658 3509 2731 conjuge
3532 2667 3673 2730 parta
3685 2664 3762 2726 est,

659 2752 819 2809 Certa
852 2750 943 2806 ιὶὺί
974 2750 1143 2819 sedes,
1167 2758 1216 2805 et
1238 2747 1440 2803 cunctis
1471 2755 1520 2801 te
1546 2745 1676 2800 duce
1701 2742 1859 2808 natis,
2370 2748 2665 2804 Discessus);
2691 2767 2724 2804 α
2753 2751 2945 2805 soceris
2967 2792 2983 2819 ,
3008 2760 3055 2806 ει
3077 2766 3195 2823 qua
3214 2751 3547 2823 muniuerat,
3570 2759 3709 2807 amt:

513 2847 621 2908 870
656 2846 739 2903 Tu
756 2863 895 2902 nunc
907 2862 1061 2920 perge
1071 2837 1900 2914 memor,cmplumqueauld€88fe
1913 2850 2117 2890 ιηιιηωο
2223 2840 2329 2900 920
2371 2842 2474 2910 Qui
2493 2858 2609 2898 cum
2635 2859 2729 2914 pro
2748 2843 2941 2899 meritis
2962 2843 3251 2898 mercedem
3270 2844 3470 2900 solvere
3492 2843 3687 2911 vellent,

658 2940 746 2997 Me
774 2941 929 3011 duce,
956 2941 1197 2996 dimissus
1224 2941 1413 2995 iterum
1435 2935 1688 2992 remeabis
1717 2933 1787 2989 ad
1808 2931 1982 2989 urbes.
2366 2939 2646 3011 Deponunt
2673 2939 2876 2995 animos
2896 2982 2912 3007 ,
2943 2954 3131 3013 genero
3159 2949 3408 3013 poscente
3433 2981 3448 3005 ,
3478 2939 3676 3013 rogati:

656 3032 752 3089 Illi
781 3050 1021 3089 somnum
1047 3034 1233 3107 ingens
1252 3030 1450 3104 rumpit
1477 3045 1657 3103 pavor,
1691 3044 1910 3100 ossaque
1940 3034 2047 3082 tota
2364 3032 2468 3102 Qui
2497 3033 2631 3088 nihil
2655 3041 2930 3089 externum
2950 3034 3187 3103 cupiens,
3218 3033 3474 3089 ditescere
3498 3048 3607 3089 sese

652 3129 895 3187 Concutit
925 3129 1161 3185 humenti
1184 3126 1505 3199 perfundens
1534 3126 1761 3180 membra
1783 3125 1972 3194 ﬂuore.
2375 3123 2679 3181 Muneribus
2708 3124 2925 3180 Domini
2952 3123 3079 3181 solis
3110 3133 3360 3192 testatus,
3388 3124 3551 3180 obivit
3569 3164 3585 3192 ,

656 3224 726 3281 Et
772 3241 928 3298 super
957 3224 1065 3280 lucc
1094 3229 1343 3278 memorat
1389 3236 1408 3274 :
1454 3218 1653 3274 Dornus
1700 3225 1773 3273 est
1822 3217 1908 3270 hic
1934 3228 2125 3287 magna
2151 3203 2198 3269 C
2373 3217 2605 3294 Coniuge
2629 3228 2868 3293 percepta
2888 3228 3088 3275 tantum
3118 3228 3391 3275 contentus
3412 3230 3639 3290 utraque.

1724 3309 1745 3380 [
1772 3306 2049 3375 Tonantis,
2228 3310 2335 3370 925
2372 3310 2592 3369 Enitens
2609 3354 2624 3379 ,
2657 3322 2715 3368 ut
2743 3313 2903 3388 longa
2929 3312 3026 3367 sibi
3057 3321 3318 3368 momenta
3341 3321 3585 3382 pararet,

509 3412 617 3470 875
658 3410 945 3482 Portaque,
974 3422 1090 3479 qua:
1125 3406 1328 3480 gemino
1366 3413 1561 3459 reserat
1586 3402 1652 3457 de
1679 3400 1895 3456 cardine
1918 3399 2120 3456 caelum.
2375 3404 2614 3461 Decernit
2639 3406 2809 3478 virgas
2831 3414 2983 3477 rupto
3006 3405 3073 3459 de
3102 3421 3323 3478 corpore
3343 3415 3592 3461 matrum.

665 3503 794 3560 Mox
814 3501 1064 3574 lapidem,
1099 3500 1261 3572 capiti
1285 3500 1457 3568 fuerat
1484 3498 1575 3569 qui
1593 3495 1849 3563 subditus,
1874 3497 2082 3570 unguit,
2370 3499 2575 3572 Mysten
2596 3501 2765 3573 prima
2785 3500 2917 3571 fuit,
2940 3500 3133 3556 storaci
3169 3516 3293 3556 mea:
3310 3501 3476 3556 altera
3500 3500 3690 3572 dempta
3704 3502 3788 3552 est.

660 3597 832 3671 Atque
857 3595 1088 3651 Domum
1115 3594 1329 3650 Domini
1350 3591 1693 3667 compellans,
1716 3591 1888 3648 indice
1914 3584 2042 3648 saxo
2366 3590 2545 3649 Tertia
2568 3594 2717 3649 vulsa
2744 3595 2864 3649 nuci
2880 3636 2895 3661 ,
2922 3610 3025 3665 quo
3053 3594 3245 3649 sensim
3270 3593 3392 3649 lana
3415 3583 3609 3648 colores

658 3690 963 3756 Promittit,
991 3689 1220 3744 decimos
1246 3687 1495 3743 daturum
1523 3703 1578 3744 se
1600 3691 1712 3760 fore
1733 3690 1958 3758 fructus.
2371 3684 2623 3741 Dividuos
2652 3694 2857 3759 raperet
2886 3687 3151 3760 virgarum
3181 3685 3376 3758 perlita
3404 3702 3575 3742 succo.

657 3784 816 3842 CAP.
868 3780 1066 3840 XXIX.
1113 3779 1335 3848 Iamque
1377 3783 1476 3837 iter
1522 3781 1803 3851 incaptum
1845 3781 2109 3847 celerans,
2222 3777 2330 3836 950
2367 3777 2508 3834 Nam
2521 3790 2806 3854 perstagna
2819 3796 2972 3851 pecus
2987 3797 3274 3852 properans
3295 3778 3787 3845 mersarebalantum,

1498 3873 1637 3947 [quo
1661 3874 1843 3929 semita
1876 3872 2043 3942 duxit,
2366 3871 2606 3947 Signavit
2634 3876 2780 3929 vario
2810 3873 3360 3956 tinctumodiscrimine
3393 3875 3572 3941 succi,

521 3974 630 4034 880
670 3972 917 4030 Pervenit
935 3972 1007 4027 ad
1037 3980 1266 4044 puteum,
1289 3972 1381 4044 qui
1408 3978 1554 4025 vasta
1587 3970 1643 4025 in
1665 3969 1812 4025 devia
1835 3970 1976 4025 solus
2362 3966 2630 4024 Invidiam
2673 3978 2886 4042 propter
2907 3969 3130 4037 variam,
3158 3970 3284 4041 quia
3311 3970 3516 4027 dixerat
3539 3972 3646 4043 eius

661 4067 827 4124 Molle
853 4083 1007 4138 pecus
1027 4067 1197 4141 riguis
1222 4081 1420 4139 semper
1446 4064 1747 4138 palpaverat
1773 4062 1950 4118 undis.
2366 4059 2496 4117 Esse
2515 4078 2658 4119 socer
2678 4078 2918 4131 mercem,
2937 4063 3116 4118 multis
3133 4079 3293 4135 quam
3315 4072 3586 4137 tempserat
3607 4057 3760 4115 annis.

658 4163 783 4219 Hie
801 4163 1039 4237 gregibus
1062 4162 1210 4218 trinis
1239 4169 1469 4235 pastores
1491 4160 1599 4217 sole
1629 4157 1819 4214 calenti
2365 4154 2470 4210 Hic
2498 4172 2616 4211 cum
2644 4157 2840 4213 divitiis
2860 4158 3016 4213 alitos
3048 4165 3320 4228 praestaret
3342 4158 3579 4233 inemptis
3600 4199 3614 4224 ,

656 4258 916 4313 Libabant
940 4264 1116 4311 tenues
1146 4252 1353 4321 latices,
1388 4261 1670 4323 astumque
1692 4248 1949 4314 levabant,
2222 4245 2333 4307 935
2366 4246 2633 4305 Invidiam
2655 4250 2785 4307 laevo
2816 4252 2972 4306 movit
2995 4251 3158 4306 livore
3183 4252 3476 4309 dolentum.

658 4351 863 4422 Hisque
886 4349 1156 4416 salutatis,
1186 4348 1429 4420 disquirit
1458 4346 1666 4419 singula
1691 4344 1845 4413 vatis,
2361 4340 2520 4399 CAP.
2541 4343 2742 4401 XXXI.
2766 4343 3007 4417 Dumque
3025 4360 3173 4400 socer
3194 4344 3343 4402 dirus
3363 4347 3600 4402 lanarum
3623 4341 3793 4398 vellera
3872 4384 3875 4389 .

438 4496 451 4501 -
510 4445 622 4502 885
656 4442 1054 4513 Incolumesque
1077 4442 1214 4497 videt
1242 4449 1474 4507 cunctos,
1496 4454 1626 4511 quos
1651 4447 1820 4492 mente
1832 4434 2111 4509 quwrebat.
3533 4435 3729 4512 [tondit,

656 4533 713 4591 Η
716 4550 789 4591 ωε
812 4535 950 4589 inter
972 4534 1118 4589 nivea
1143 4533 1385 4605 gradiens
1414 4530 1647 4586 Rachela
1668 4531 1861 4604 ﬁgura,
2146 4595 2188 4605 __
2362 4528 2601 4588 Libertas
2625 4533 2884 4604 permissa
2906 4534 3016 4589 viro
3041 4574 3057 4603 ,
3089 4549 3199 4604 qua
3221 4533 3498 4590 commoda
3522 4536 3671 4605 ferret

667 4625 890 4699 Urgebat
918 4627 1118 4696 patrias
1143 4595 1214 4680 ad
1242 4624 1431 4698 pocula
1454 4631 1579 4678 nota
1598 4595 1853 4677 bidentes.
2146 4595 2196 4658 D
2369 4623 2560 4681 Omnia
2581 4668 2598 4695 ,
2625 4595 2680 4682 et
2708 4628 2937 4682 incoctas
2959 4595 3114 4683 tosta.
3122 4631 3335 4700 fornace
3357 4595 3567 4698 penates
3590 4666 3606 4694 ,

665 4720 836 4791 Quam
860 4721 1140 4794 promptim
1156 4719 1368 4794 juvenis
1395 4721 1629 4790 fraterno
1667 4732 1695 4771 e
1740 4715 1936 4770 lumine
1955 4714 2119 4770 visam
2368 4716 2510 4784 Quos
2533 4719 2701 4792 Syrus
2722 4721 2779 4775 in
2800 4720 2982 4790 patriis
3003 4719 3243 4776 credebat
3266 4720 3485 4775 numina
3505 4716 3695 4774 Curris.

661 4812 845 4869 Custos
872 4813 930 4866 in
951 4812 1220 4883 amplexus
1252 4819 1474 4886 cognata
1500 4809 1570 4864 ad
1598 4814 1809 4880 pectora
1824 4807 2026 4880 jungit,
2221 4807 2330 4867 940
2368 4810 2499 4868 Hcce
2524 4821 2694 4869 tamen
2720 4813 3000 4870 involucris
3025 4812 3294 4869 cohibebat
3316 4821 3473 4869 cauta
3490 4804 3728 4871 Rachela,

515 4906 624 4965 890
664 4904 944 4961 Desolvens
972 4904 1225 4975 lapidem,
1258 4906 1402 4976 putei
1430 4902 1519 4973 qui
1543 4909 1740 4955 texerat
1769 4916 1883 4967 ora,
2369 4903 2454 4961 Ne
2479 4915 2630 4979 pater
2653 4908 2861 4964 inventa
2882 4910 3091 4983 puniret
3116 4909 3339 4965 crimina
3363 4923 3531 4966 nam.

659 5000 828 5071 Seque
852 4998 1008 5053 simul
1017 5001 1209 5072 juncto
1229 5013 1531 5073 germanum
1551 4996 1803 5070 sanguine
1820 4994 2023 5067 pandit.
2366 4995 2645 5071 Digressus
2672 5001 2804 5056 victo
2830 5000 3130 5056 conscendit
3159 5001 3376 5072 ﬂumine
3400 5000 3579 5055 collem
3596 5036 3609 5062 ,

661 5068 825 5159 Quem
846 5068 1031 5164 procul
1054 5068 1277 5145 intuitus
1303 5068 1456 5147 sens‘u
1479 5068 1736 5164 gaudente
1756 5087 2022 5156 Labanus,
2370 5068 2537 5156 Quem
2550 5068 3252 5168 Galatumindigenwpatrio
3263 5108 3499 5149 sermone
3514 5087 3786 5158 loquuntur-

659 5186 902 5257 Advolat,
930 5194 978 5242 et
995 5194 1144 5241 sueta
1153 5188 1399 5258 juvenem
1424 5185 1681 5259 componit
1711 5185 1765 5239 in
1793 5184 1937 5241 aula.
2361 5184 2540 5243 Tertia
2556 5192 2777 5262 jamque
2800 5190 2885 5244 die
2909 5190 3076 5245 soceri
3103 5188 3333 5262 pervenit
3355 5188 3425 5242 ad
3452 5200 3594 5242 aures

656 5278 771 5334 Nec
798 5279 1015 5349 patitur,
1039 5277 1201 5350 gratis
1231 5288 1397 5332 vatem
1422 5278 1613 5334 servire
1636 5278 2008 5350 propinquum,
2219 5277 2329 5338 945
2364 5277 2639 5338 Discessus
2658 5281 2837 5355 generi
2855 5282 3078 5355 pariter,
3103 5281 3401 5356 pariterque
3419 5287 3674 5357 natarum.

576 5415 706 5498 .
731 5416 922 5498 Eoi-te,
949 5434 1084 5490 puro
1113 5430 1267 5498 trans
1280 5419 1462 5498 nubila
1490 5421 1637 5480 creto.
2208 5419 2395 5498 “910.
2438 5421 2546 5481 Pro
2565 5423 2727 5482 Nunc
2749 5425 2854 5498 legi
2879 5434 3065 5498 potest
3087 5422 3245 5481 Hunc
3267 5438 3289 5479 :
3310 5422 3408 5482 sed
3429 5435 3533 5479 non
3559 5414 3694 5477 male
3712 5412 3789 5468 es!

577 5487 705 5562 868.
735 5487 1169 5562 Malimi'prazsens
1200 5491 1371 5548 tellus.
2198 5490 2380 5550 Nunc.

576 5560 705 5640 879.
730 5560 976 5640 @mepdh
1001 5579 1017 5617 :
1041 5574 1363 5640 coeptumque
1391 5564 1535 5620 haud
1573 5566 1766 5623 desere.
2267 5564 2591 5640 9!}.‘Eorte
2612 5611 2629 5638 ,
2662 5569 2820 5625 alias.
3549 5636 3560 5640 _

572 5630 699 5715 ξξᾷ.
730 5632 961 5715 Cors-iga
987 5651 1000 5690 :
1031 5627 1135 5690 Hic
1159 5627 1422 5712 gregibus.
2268 5636 2393 5695 927.
2429 5627 2633 5715 Forte;
2668 5640 2875 5715 Myrtea
2897 5641 3216 5715 primafuit.
3250 5640 3479 5713 Vulgata
3509 5636 3585 5715 sit
3612 5649 3628 5688 :
3664 5627 3788 5715 γίν-

726 5704 881 5789 latis
899 5702 1008 5789 ᾗ)ςο
1035 5702 1219 5789 vates._
1251 5702 1273 5712 ’
1314 5782 1327 5789 _
2193 5712 2558 5789 gaspgpuleas
2582 5702 2771 5789 viridis
2788 5753 2803 5779 ,
2828 5721 2877 5768 et
2895 5702 3258 5789 amygdalinas
3279 5758 3293 5783 ,
3322 5702 3457 5769 cies:
3474 5703 3717 5783 platanis-

566 5773 693 5857 §§§.
724 5773 1173 5857 ξοςιθξῖζαιενῃο
1200 5782 1411 5838 lumine.
2193 5773 2216 5781 ⁷
2267 5773 2395 5841 932ζ
2427 5782 2606 5841 Locus
2626 5773 2894 5842 obscurus
2918 5825 2936 5856 ,
2966 5773 3056 5844 ὅέι
3073 5773 3385 5857 corruptus.

568 5844 694 5904 890.
721 5844 1347 5927 Melius.'Devolvens,ex
1368 5870 1531 5914 sacro
1553 5864 1726 5915 textu.
