3994 6314
212 339 301 399 569
521 380 534 391 .
1457 356 1463 393 ε
1479 331 1686 391 LIBER
1724 330 1765 388 II

1885 327 2157 389 ENESIN.
3375 294 3488 395 aro

327 457 469 515 Ilicet
497 457 753 512 auxilium
783 458 1010 528 fraterno
1035 473 1098 513 ex
1119 455 1330 531 agmine
1350 454 1518 527 poscit
1532 496 1550 523 ,

211 630 218 644 .
327 551 702 623 Quaesitumque
729 549 819 605 diu
841 559 986 606 sexto
1000 553 1122 624 jam
1145 550 1344 606 lumine
1368 548 1591 623 Nangus
1615 588 1631 615 ,

322 648 400 704 Ne
423 655 620 715 noceat,
650 655 825 702 sancto
841 644 1057 702 Domini
1083 655 1284 701 terrore
1308 652 1532 712 velatur,

324 742 670 813 IIiti/icusque
690 758 784 798 sua
803 742 868 807 is,
893 758 1008 812 quce
1035 741 1203 797 credit
1227 741 1470 806 numina,
1500 730 1692 811 poscit,

200 838 288 896 950
321 836 383 892 Et
402 837 595 891 cunctis
616 837 834 907 quasita
864 835 994 890 locis
1023 852 1126 891 non
1153 836 1362 907 cognita
1388 843 1585 891 maeret.

319 929 596 1000 Postquam
622 929 875 1000 depositis
902 929 1056 984 rediit
1078 946 1187 1001 pas:
1205 937 1347 984 certa
1366 928 1617 1000 querelis,

317 1022 583 1097 Congeries
609 1024 832 1079 struitur
857 1021 1000 1079 saxis
1029 1022 1376 1079 crescentibus
1402 1022 1536 1088 alta,

325 1118 389 1176 Ut
416 1120 559 1176 locus
585 1126 849 1175 exstructo
873 1128 1077 1174 maneat
1105 1118 1392 1174 munimine
1420 1118 1583 1185 testis,

319 1212 387 1267 Ac
410 1200 609 1284 ptisitus
630 1210 782 1267 limes
810 1211 969 1267 limen
999 1211 1314 1267 discerneret
1335 1211 1501 1283 agris.

199 1303 287 1363 955
316 1303 461 1361 CAP.
494 1302 714 1360 XXXII.
764 1301 900 1360 Ecce
927 1305 1023 1361 vite
1051 1305 1221 1360 medio
1264 1312 1399 1359 vates
1427 1302 1555 1358 vidit
1599 1304 1765 1359 ardua

1472 1397 1689 1471 [castra,

317 1492 439 1563 Quas
457 1490 601 1548 Deus
627 1492 881 1564 astrigero
897 1491 1074 1546 ductat
1101 1491 1456 1547 moderamine
1483 1499 1673 1560 rector,

313 1586 507 1643 Indidit
525 1595 575 1642 et
603 1603 794 1644 nomen
821 1595 1037 1642 testatus
1060 1603 1080 1642 :
1102 1585 1233 1642 Haec
1263 1584 1405 1642 Deus
1423 1585 1626 1658 implet.

316 1680 511 1739 Interea
538 1683 737 1738 electos
749 1686 969 1755 juvenes
997 1698 1316 1754 prtecurrere
1341 1683 1521 1755 iussit,

315 1773 715 1848 Muneribusque
744 1791 956 1849 graves,
994 1791 1300 1848 germanum
1326 1792 1443 1846 qua:
1471 1776 1614 1843 iubet
1634 1785 1692 1831 ut
1717 1777 1763 1831 is

197 1868 285 1928 960
320 1868 381 1926 Ut
405 1870 629 1925 reditum
652 1868 895 1942 placidus
921 1869 1153 1936 tribuat’;
1175 1885 1454 1940 pacemque
1480 1869 1674 1941 petenti

311 1962 497 2017 Annuit
519 1961 611 2017 ille
642 1961 847 2029 libens;
873 1961 1050 2029 sociis,
1083 1969 1238 2033 atque
1265 1961 1472 2035 agmine
1489 1961 1654 2016 multo

313 2054 561 2128 Stipatus,
593 2055 812 2126 fratrem
834 2064 1013 2109 contra
1039 2052 1114 2108 nil
1137 2053 1374 2109 turbidus
1400 2053 1526 2120 exit,

311 2148 527 2222 Cumque
553 2158 743 2222 quater
766 2158 972 2204 centum
993 2156 1219 2204 terretur
1238 2148 1388 2203 turba
1407 2148 1659 2217 virorum,

311 2240 431 2297 Plus
443 2243 662 2315 species,
678 2258 837 2314 quam
857 2241 963 2297 tela
983 2250 1167 2296 nocent
1184 2241 1560 2314 famulantibus
1577 2242 1757 2298 armis.

194 2334 278 2392 965
310 2335 549 2392 Discretis
569 2337 740 2409 igitur
759 2337 1021 2411 gregibus,
1047 2338 1157 2393 hac
1176 2339 1346 2408 prima
1371 2336 1579 2405 locavit,

309 2429 430 2499 Quae
449 2431 645 2491 donata
670 2430 769 2486 sibi
796 2429 1040 2503 dignetur
1069 2445 1275 2484 sumere
1304 2430 1491 2500 frater,

308 2524 461 2594 Atque
478 2525 640 2582 simul
666 2525 807 2596 ﬂexa
835 2523 1119 2581 Dominum
1143 2525 1337 2581 cervice
1355 2527 1630 2599 poposcit:

309 2616 350 2672 0
377 2617 536 2686 Deus,
558 2618 807 2674 immensi
825 2634 965 2688 spes,
988 2628 1037 2674 et
1056 2618 1345 2689 substantia
1372 2621 1538 2691 regni,

307 2710 401 2778 Qui
428 2711 569 2767 Deus
600 2728 658 2767 es
687 2728 889 2783 semper
909 2712 1154 2784 genitoris
1182 2711 1345 2779 solus,
1368 2712 1575 2784 avique,

192 2802 276 2862 970
306 2802 459 2880 Cujus
486 2807 551 2862 ab
580 2805 774 2862 exsilio
796 2807 993 2879 faciunt
1019 2824 1100 2861 me
1114 2808 1269 2879 jussa
1294 2807 1475 2863 reverti
1501 2848 1517 2875 ,

305 2898 529 2956 Grandia
558 2901 733 2956 dilato
755 2901 979 2973 largitus
1003 2901 1275 2956 commoda
1302 2917 1469 2970 servo,

305 2994 513 3051 Iussisti
541 2997 691 3051 lenta
715 2997 932 3068 ﬂuvium
955 2998 1301 3052 transmittere
1324 2997 1468 3069 virga
1490 3039 1505 3065 ,

299 3085 683 3162 Iordanemque
706 3096 854 3143 tuum
877 3088 1018 3144 illico
1043 3090 1390 3144 transmittere
1410 3104 1608 3160 gressu.

306 3181 370 3239 Et
388 3202 524 3241 nunc
552 3184 786 3240 dividuis
815 3185 986 3241 cernis
1007 3201 1088 3242 me
1110 3185 1294 3259 degere
1314 3185 1517 3254 castris,

190 3275 273 3335 975
308 3278 371 3337 Ut
386 3281 554 3337 varios
576 3297 735 3337 casus
755 3280 961 3352 gemino
978 3282 1264 3337 munimine
1283 3297 1454 3337 casus.

300 3370 448 3442 Eripe
464 3389 546 3428 me
563 3352 675 3440 his,
698 3371 909 3442 invicte,
932 3373 1102 3439 malis,
1131 3382 1182 3429 et
1212 3374 1418 3447 spicula
1443 3375 1620 3447 fratris

303 3462 528 3537 Infracto
554 3464 805 3538 placidus
824 3482 980 3537 quam
1006 3466 1231 3537 primum
1258 3468 1438 3522 decute
1458 3468 1617 3539 ferro,

302 3555 377 3613 Ne
397 3558 610 3632 rapidus
635 3558 773 3613 duro
793 3558 945 3629 feriat
967 3575 1081 3614 mea
1102 3568 1313 3633 pectora
1336 3560 1461 3615 telo.

301 3651 429 3728 Ergo
449 3656 537 3712 ubi
551 3654 848 3728 composuit
866 3655 1057 3724 socios,
1076 3672 1384 3727 somnosque
1404 3658 1605 3724 petivit,

184 3740 269 3802 980
298 3746 594 3806 Luctantem
619 3765 871 3820 superare
902 3748 1063 3804 Deum
1092 3749 1188 3805 sub
1218 3760 1366 3815 nocte
1394 3751 1615 3807 laborat.

306 3840 352 3897 F
352 3848 511 3899 emine
531 3861 657 3900 nam
688 3859 886 3914 presso,
914 3844 1115 3912 stupuit
1144 3860 1268 3911 pars
1292 3844 1525 3915 corporis
1554 3843 1671 3899 illa.

301 3933 520 4009 Cumque
544 3938 644 3992 diu
668 3936 817 3991 vellet
837 3936 1185 3990 membrorum
1210 3935 1407 3990 solvere
1426 3952 1610 4003 nexus,

299 4026 371 4093 Is,
400 4031 487 4101 qui
516 4029 756 4102 pulsarat
782 4029 956 4083 valido
986 4020 1266 4084 certamine
1288 4037 1474 4096 vatem,

302 4119 538 4177 Prtestita
557 4121 832 4177 dimissum
863 4120 1121 4176 Dominus
1140 4130 1254 4193 post
1283 4120 1423 4176 dona
1457 4121 1674 4179 remisit.

183 4209 270 4269 985
308 4213 517 4271 Nomine
545 4222 765 4279 mutato,
792 4212 1019 4268 Iacobus
1041 4214 1234 4270 desinit
1254 4230 1377 4282 esse,

298 4305 365 4361 Ac
384 4306 665 4363 Dominum
686 4304 910 4361 Cernens
935 4315 1244 4361 cunctorum
1268 4306 1458 4361 dicitur
1480 4324 1602 4373 ore;

297 4399 458 4456 Ausus
478 4399 767 4473 quinetiam
794 4396 1008 4453 Domini
1032 4398 1328 4456 condiscere
1356 4415 1565 4468 nomen,

1799 450 1857 513 Α

1793 1858 1843 1919 Β

2027 447 2152 504 Νοη
2179 450 2369 519 potuit,
2400 451 2501 507 soli
2527 452 2663 525 quod
2675 456 2768 525 jus
2794 459 2869 509 est
2896 467 3053 508 nosce
3077 449 3327 509 Tonanti.

2019 539 2146 614 Ipse
2166 541 2338 597 locum
2368 541 2583 599 Domini
2604 545 2883 616 compellat
2906 545 3116 602 nomine
3139 542 3259 615 visi,

1873 635 1983 696 990
2020 634 2320 721 Contigerat
2343 642 2496 711 cujus
2520 638 2765 695 sublimes
2791 657 3000 697 cernere
3019 641 3212 698 vultus.

2016 736 2182 805 Atque
2204 733 2292 788 ubi
2314 751 2368 789 se
2397 733 2655 792 Dominus
2685 737 2835 807 pulsa
2854 739 2973 809 jam
2993 744 3144 794 nocte
3167 737 3403 806 removit,

2015 826 2302 898 Egreditur
2320 827 2476 900 longa
2494 837 2792 885 sustentans
2816 830 3027 902 cuspide
3054 847 3279 903 gressus.

2014 919 2157 976 Hinc
2180 919 2369 977 Iudtea
2391 938 2587 978 memor
2608 923 2801 980 devitat
2820 924 3068 980 mandere
3087 941 3320 994 nervum,

2017 1013 2121 1080 Qui
2144 1014 2316 1085 femur
2345 1016 2621 1071 astrictum
2645 1016 2818 1087 rigido
2839 1018 3127 1073 munimine
3148 1018 3313 1089 fulsit.

1870 1108 1976 1168 995
2012 1108 2169 1166 CAP.
2200 1108 2447 1167 XXXIII.
2495 1109 2725 1184 Jamque
2759 1111 2937 1167 videns
2967 1116 3184 1185 fratrem
3226 1115 3485 1175 vallatum

2870 1205 3009 1280 [cum
3039 1224 3193 1281 grege
3213 1219 3405 1280 turma,

2011 1299 2314 1357 Procurvus
2341 1317 2511 1375 prona
2529 1300 2811 1358 Dominum
2833 1302 3030 1358 cervice
3056 1303 3276 1361 salutat.

2013 1390 2291 1468 Congressi
2317 1392 2481 1449 multo
2504 1398 2831 1469 conjungunt
2858 1405 3068 1469 pectora
3087 1399 3239 1468 fletu.

2015 1484 2084 1541 Et
2101 1490 2220 1561 jam
2246 1490 2461 1561 jamque
2481 1489 2644 1563 magis
2664 1490 2809 1544 vario
2831 1505 3068 1545 sermone
3086 1492 3323 1561 requirit,

2015 1578 2119 1647 Qui
2144 1579 2352 1634 veniant
2374 1580 2657 1636 comitante
2678 1597 2856 1649 manu,
2882 1597 2995 1652 qua:
3018 1583 3171 1638 turba
3194 1592 3469 1655 sequatur.

1871 1669 2121 1729 IOOOIlle
2152 1671 2324 1741 docet,
2350 1680 2530 1743 nupta:
2556 1688 2659 1744 quo
2688 1673 2791 1729 sint
2820 1674 3050 1745 genitore
3073 1683 3263 1731 creatae
3280 1718 3297 1745 ,

2010 1763 2319 1838 Diversique
2347 1781 2527 1839 greges
2555 1782 2660 1838 qua
2690 1767 2796 1821 sint
2826 1767 3060 1824 mercede
3088 1770 3284 1839 parati,

2013 1859 2400 1931 Confestimque
2423 1874 2585 1914 nurus
2614 1875 2767 1914 curvo
2797 1876 2914 1915 cum
2938 1859 3137 1933 poplite
3166 1864 3299 1934 fuste

2012 1953 2307 2009 Admorunt
2338 1962 2542 2009 teneros
2568 1962 2789 2026 cognata
2817 1954 2887 2009 ad
2911 1954 3056 2011 basia
3083 1964 3260 2012 natos.

2013 2049 2082 2104 At
2110 2050 2285 2104 senior
2310 2049 2519 2120 prolata
2549 2050 2632 2120 pie
2660 2048 2789 2104 dum
2818 2066 3036 2105 munera
3058 2051 3209 2118 vitat,

1870 2141 2271 2214 I005Mitificus
2293 2143 2481 2198 mulcet
2509 2144 2782 2198 concordis
2812 2145 3036 2216 pignora
3062 2145 3217 2215 vatis,

2010 2237 2176 2308 Atque
2201 2235 2363 2293 libens
2393 2242 2561 2309 fratre
2587 2239 2783 2311 pariter
2812 2239 3091 2295 comitante
3116 2240 3360 2305 recurrit,

2012 2334 2081 2391 Ut
2112 2335 2220 2389 vice
2246 2351 2543 2391 sermonum
2573 2336 2766 2392 sensim
2793 2352 2892 2390 sua
2918 2344 3061 2408 gesta
3087 2336 3359 2407 referrent.

1966 2493 1972 2503 ,
2011 2429 2119 2485 Sed
2145 2429 2271 2500 quia
2300 2429 2594 2503 lentigrado
2619 2431 2897 2501 serpebant
2924 2431 3132 2502 agmine
3159 2432 3317 2503 fmtte,

2011 2520 2261 2577 Subsedit
2286 2531 2447 2589 vates,
2476 2523 2740 2595 gregibus,
2771 2522 3088 2595 famulisque
3114 2522 3384 2598 regendis,

1864 2611 2282 2686 IOIOParvaque
2310 2614 2560 2685 frondoso
2587 2617 2760 2685 posuit
2789 2616 3019 2689 mapalia
3047 2626 3206 2685 tecto,

2009 2706 2242 2762 Nomine
2263 2723 2378 2778 qum
2403 2707 2509 2777 ﬁxo
2538 2707 2738 2779 placuit
2765 2709 2989 2763 vocitare
3019 2706 3314 2765 Tabernas.

1984 2803 2222 2857 ~Devenit
2244 2803 2315 2856 ad
2346 2802 2594 2869 Sicimas,
2622 2819 2741 2871 qute
2765 2813 2884 2859 sunt
2911 2804 3121 2878 regione
3146 2802 3468 2879 Chananna,

2007 2898 2272 2954 Μετοίκια
2298 2900 2465 2970 pretio
2495 2898 2719 2968 confinis
2745 2898 2947 2971 praedia
2975 2907 3149 2968 terrae,

2004 2992 2169 3064 Atque
2196 2991 2363 3047 Deum
2392 2992 2601 3051 structis
2626 2987 2915 3063 properans
2940 2991 3198 3048 altaribus
3228 3004 3363 3050 orat.

1860 3040 2169 3144 mea;
2196 3040 3197 3157 “iis;755.".;.:,;;.;;;.;'3;n:.;
3229 3040 3466 3145 ἓιῖἑὲριι.

3135 3178 3389 3251 [amatam

1998 3272 2225 3344 Polluit,
2256 3280 2303 3327 et
2330 3281 2519 3328 tenerte
2543 3272 2845 3345 pratcerpsit
2873 3273 3095 3345 virginis
3120 3288 3295 3343 usum,

2003 3369 2368 3444 Conjungique
2390 3367 2567 3424 volens
2594 3367 2807 3436 soceris,
2833 3367 3110 3439 prwpudia
3135 3367 3383 3439 dempsit,

2000 3462 2238 3519 Grandia
2266 3462 2405 3517 dona
2432 3462 2603 3533 ferens
2630 3470 2785 3534 rapta
2810 3478 2908 3535 pro
2933 3466 3160 3539 conjuge
3188 3464 3319 3533 vati,

2003 3559 2303 3632 Oppressus
2332 3566 2442 3614 tota
2469 3559 2665 3630 pariter
2694 3575 2809 3613 cum
2836 3558 2971 3632 pube
2999 3570 3232 3616 necatur.

1859 3650 2268 3710 IO’ZONatorum
2295 3656 2434 3723 ferro
2463 3651 2631 3706 doluit
2655 3651 2768 3706 lucc
2792 3660 2935 3724 gesta
2952 3650 3206 3724 Iacobus,

2007 3744 2299 3817 lnfractum
2332 3743 2498 3815 foedus
2520 3745 2663 3800 socia
2684 3760 2803 3799 cum
2826 3753 2979 3817 gente
3002 3746 3228 3803 locutus.

1998 3836 2156 3893 CAP.
2180 3834 2403 3892 XXXV.
2429 3834 2583 3891 Ilicet
2609 3836 2950 3906 Omnipotens
2979 3840 3178 3895 monuit
3199 3840 3461 3899 discedere

3197 3943 3362 3990 vatem

3197 3943 3279 3988 vat

1996 4026 2070 4077 Ac
2100 4023 2311 4078 dom‘um
2341 4023 2505 4093 ﬁdam
2530 4023 2735 4080 Betheli
2758 4025 2817 4079 in
2840 4026 2964 4080 sede
2991 3932 3195 4097 locare,[
3281 3952 3384 4006 em,

1999 4118 2260 4188 Festinat,
2294 4129 2542 4192 paretque
2580 4117 2712 4189 Deo,
2746 4130 2997 4192 natosque
3021 4131 3290 4192 precatur,

1853 4213 2073 4273 102508
2102 4213 2322 4269 delubra
2354 4212 2524 4267 Deum
2548 4212 2721 4282 rigido
2752 4212 2965 4283 firmata
2997 4213 3215 4270 metallo

1996 4304 2386 4372 Comminuant,
2417 4304 2664 4375 niveoque
2688 4311 2835 4375 togas
2857 4304 2951 4359 sub
2978 4306 3204 4378 tegmine
3224 4319 3456 4366 sumant.

1996 4397 2121 4471 Ipse
2150 4398 2274 4452 deos
2304 4394 2481 4452 nullos
2515 4394 2817 4452 Terebintbi
2846 4396 3122 4453 abscondit
3147 4399 3205 4454 in
3237 4409 3415 4469 antro,

236 4534 350 4613 94?.
380 4537 433 4592 In
462 4536 699 4610 Vulgata
729 4535 932 4593 Laban.
971 4545 1272 4611 persecutus
1300 4545 1375 4590 est
1406 4536 1594 4594 diebus
1624 4555 1742 4612 sep-
1770 4542 1827 4604 D
1922 4539 2063 4613 988.
2082 4540 2233 4613 Lege,
2254 4557 2423 4613 nosse.

180 4606 474 4688 ιδῃ-μλλερ.
575 4606 634 4688 Ἀ
971 4606 1012 4688 '_
1303 4680 1325 4688 _
1376 4680 1387 4688 _
1510 4681 1522 4688 _
1597 4681 1628 4688 _
1680 4606 1711 4688 '_
1929 4612 2091 4688 IOIS.
2132 4606 2192 4688 In
2223 4612 2450 4688 V_ulgata
2482 4611 2681 4688 legitur
2710 4612 2941 4684 Sic/tem,
2984 4629 3085 4686 pro
3113 4631 3224 4688 quo
3252 4615 3458 4675 Iuven-

391 4682 562 4768 quare
608 4686 817 4768 furatus
870 4699 922 4768 es
976 4683 1103 4768 deos
1148 4680 1346 4768 meost
1373 4680 1749 4768 inqui-[Sagi-
1854 4699 1953 4768 eus
1979 4685 2200 4768 scripsit
2239 4678 2495 4768 Correus,
2524 4678 2676 4768 tiqu
2715 4678 3459 4768 n_omen'ge_ntis'e_sse_yide-

179 4758 343 4819 ptura:
375 4755 460 4808 ubi
488 4750 752 4810 observat
784 4754 842 4810 S.
873 4755 1214 4820 Augustinus
1237 4761 1439 4823 quaest.
1464 4750 1536 4807 94
1560 4752 1613 4806 in
1644 4752 1752 4809 Ge-
1858 4766 1965 4813 tur.
2017 4750 2152 4812 Nam
2204 4750 2502 4813 occurrunt
2544 4750 2597 4811 in
2644 4750 3221 4825 Scripturis'Cborari.
3268 4761 3452 4819 Mur.
3565 4788 3573 4796 ~

180 4836 301 4902 nesf,
320 4826 452 4902 quod
479 4844 511 4880 a
533 4828 790 4902 principio
812 4826 927 4902 libri
956 4825 1217 4883 Geneseos
1245 4839 1388 4879 nunc
1415 4825 1642 4896 primum
1667 4826 1751 4880 in-
1859 4830 2197 4902 Augustinus
2244 4839 2439 4902 quaest.
2482 4828 2534 4883 in
2565 4829 2704 4902 Gen.
2751 4829 2876 4895 107,
2905 4830 3044 4902 405λ
3062 4831 3210 4902 legit,
3242 4832 3453 4902 Sicltem

179 4896 374 4971 venimus
395 4898 515 4971 deos
533 4896 792 4970 gentium.
823 4900 1000 4955 ltlsnr.
1279 4968 1290 4971 _
1660 4968 1674 4971 Α
1694 4967 1743 4971 μ
1857 4896 1998 4971 ﬁlius
2028 4899 2247 4956 Emmor
2277 4897 2471 4963 Evasi,
2500 4901 2597 4956 sed
2634 4902 2686 4955 in
2714 4909 2839 4955 octo
2866 4917 2998 4958 mss.
3019 4896 3205 4958 habet
3237 4896 3452 4960 Enimor

178 5032 190 5046 .
234 4965 345 5046 955.
376 4965 744 5046 Castrauhaec,
768 4971 946 5046 inquit
968 4973 1026 5027 S.
1054 4968 1403 5046 Augustinus
1426 4977 1621 5046 quaest.
1643 4967 1748 5046 _IOI
1857 4965 2246 5046 'Cltorrwusuln
2275 4980 2429 5027 textu
2457 4987 2641 5046 graeco
2671 4973 3098 5046 legiturquvaus;
3115 4974 3211 5030 sed
3235 4975 3291 5030 in
3310 4990 3445 5032 mss.

178 5036 220 5111 in
239 5036 448 5104 Genes.,
484 5042 633 5098 nulla
655 5036 927 5098 dubitatio
949 5055 1056 5109 est,
1098 5036 1253 5111 quod
1277 5036 1603 5110 angelbrum
1638 5039 1757 5097 Iue-
1860 5044 2043 5109 Alex.,
2075 5054 2131 5100 et
2157 5042 2304 5111 Sar.,
2333 5036 2539 5099 necuim
2571 5045 2625 5098 in
2655 5036 2788 5100 edit.
2815 5043 2965 5111 Aldi,
2995 5036 3256 5102 Coi-ratus.

179 5108 238 5188 rit
256 5112 566 5188 multitudo:
591 5131 652 5168 ea
678 5116 872 5188 (Luich
897 5115 952 5168 in
977 5108 1274 5186 scripturis
1300 5108 1504 5168 militia:
1528 5113 1757 5188 ctelino-
1934 5108 2096 5188 101⁷7.
2137 5108 2362 5188 βοηῖςςθ
2387 5117 2662 5188 prteputia.

178 5181 427 5261 minantur.
473 5185 649 5261 bium.
688 5181 861 5242 Facili
892 5181 1203 5242 mutatione
1233 5198 1427 5240 versus
1456 5184 1754 5252 constabit,
1878 5186 2095 5261 A1918.
2138 5186 2271 5261 Ifost
2306 5181 2450 5241 hunc
2492 5181 2710 5243 uersum
2756 5186 3111 5261 collocandus
3139 5197 3224 5245 est
3252 5203 3448 5245 versus

178 5252 420 5330 ﬁdet‘prn
436 5258 584 5314 vidit.
1272 5329 1280 5330 ί
1495 5328 1503 5330 Α
1863 5258 2024 5330 1037,
2058 5270 2118 5313 ut
2148 5256 2311 5330 facile
2343 5274 2406 5312 ex
2437 5271 2596 5313 sacro
2628 5268 2775 5315 textu
2805 5258 3105 5330 intelliges.

205 5323 349 5404 ⁸959.
378 5327 577 5386 Versus
605 5339 1021 5404 corruptusknt
1044 5330 1201 5404 multi
1233 5329 1326 5384 alii
1362 5328 1588 5404 passim,
1617 5342 1758 5400 quos
1933 5323 2096 5404 ςοξξξ.
2138 5329 2293 5404 Fort.
2327 5331 2491 5400 Atque
2512 5330 2725 5384 domum
2758 5332 2885 5404 ﬁda.

179 5400 283 5451 sine
305 5414 534 5472 censura
580 5409 868 5472 praetereo.
927 5400 1268 5468 Coniectura
1317 5400 1616 5472 probabilis
1644 5408 1755 5467 est,
1935 5400 2100 5458 1025.
2145 5400 2359 5472 Melius,
2394 5404 2617 5472 formata
2646 5402 2877 5457 metallo.

1936 5472 2096 5529 I027.
2138 5471 2367 5542 Vulgata
2396 5471 2577 5529 Versio
2601 5491 2615 5527 :
2658 5475 2725 5529 At
2754 5473 2843 5527 ille
2865 5474 3057 5544 infodit
3083 5489 3146 5528 ea
3174 5472 3346 5544 subter
3374 5481 3453 5527 te-

1864 5545 2179 5601 rebinlltum.
2224 5544 2299 5599 At
2334 5544 2517 5600 versio
2559 5544 2779 5611 Italica,
2811 5543 2971 5614 quam
3003 5545 3137 5614 citat
3162 5544 3218 5599 S.
3254 5543 3452 5597 Hiero-

1865 5632 2060 5690 nymus
2090 5624 2279 5671 contra
2310 5615 2619 5672 Helvidium
2642 5661 2657 5684 ,
2690 5613 2970 5699 Abscondit
2994 5632 3054 5668 ea
3078 5613 3243 5670 Iacob
3278 5616 3453 5670 subter

1865 5686 2226 5744 terebinthum.
2254 5689 2434 5743 Mur.
2459 5689 2802 5752 Ambrosms,
2829 5686 3173 5754 eptst.66,ad
3198 5686 3451 5741 Romnl.:

1886 5703 2226 5744 ereotntnum.
2254 5703 2434 5743 MART.
2459 5703 2802 5752 Ale‘OSlllS,
2829 5703 3173 5752 eptsr.oo,aa
3198 5703 3413 5741 nomul.
3436 5703 3451 5740 :

180 5470 432 5547 qugjubet
447 5474 541 5539 uti,
569 5470 650 5530 uel
672 5475 818 5544 queis
840 5473 991 5547 jubet
1011 5474 1111 5529 uti.

239 5538 356 5598 9T5.
386 5541 639 5601 ﬂendum
670 5538 953 5602 etiam'hic
983 5548 1193 5601 subest.

380 5613 561 5689 Forte,
584 5618 654 5675 Ut
675 5620 848 5673 varios
870 5633 1077 5672 caveam
1104 5617 1327 5689 gemino.

390 5687 555 5763 Lingis
587 5692 837 5758 placeret
868 5706 985 5763 mea
1018 5684 1258 5763 pignora.

242 5752 362 5827 986.
394 5752 671 5818 Dominum
692 5763 939 5827 Cernens,
973 5752 1028 5817 id
1052 5752 1154 5822 est.
1190 5760 1390 5817 Israel:
1438 5777 1562 5818 nam
1590 5761 1759 5818 Israel
1862 5758 2028 5816 Iacob
2054 5758 2325 5814 abscondit
2365 5762 2574 5814 inaures
2605 5774 2722 5811 cum
2751 5752 3047 5811 simulacris
3071 5757 3305 5827 gentium
3332 5773 3345 5810 :
3397 5766 3455 5816 et

183 5823 535 5907 '51m_Deum
563 5823 963 5907 interpretatur
987 5850 1056 5889 ex
1088 5831 1345 5904 Origene.
1380 5833 1760 5907 Basilio,Gre-
1865 5832 1992 5907 libr.
2039 5832 2192 5907 lude
2234 5830 2417 5907 Iacob
2442 5833 2588 5907 c._7:
2636 5827 2720 5884 Ibi
2747 5829 2870 5883 deos
2913 5823 3112 5898 accepit
3150 5829 3369 5896 alienos,
3401 5838 3455 5883 et

186 5899 320 5966 gorio
338 5899 1130 5978 Nazianzeno[Chrysostomo
1151 5899 1210 5963 et
1225 5906 1549 5975 Augustino.
1577 5906 1755 5961 Mnn'r.
1864 5903 2131 5961 abscondit
2162 5919 2247 5959 eos
2277 5903 2371 5957 sub
2400 5901 2634 5957 lentisco.
2724 5964 2728 5970 λ
